3952 6162
283 367 360 422 68]
1136 370 1252 424 EX?
1275 370 1499 428 OSITIO
1537 370 1601 426 IN
1642 367 1822 426 PSAL'

1931 371 2100 428 llUM'.
2142 369 2336 428 PSAL.
2377 371 2576 427 XCVII.

3403 368 3503 426 090

281 483 358 536 mei
386 481 601 538 salutare
645 496 786 544 tuum
839 482 990 549 (Luc.
1033 499 1092 550 ιι,
1119 485 1236 555 29).
1285 484 1366 540 Ad
1415 484 1818 554 exprimendam
1849 487 1900 548 Α
1924 487 2157 543 adventu
2185 485 2396 542 Domini
2432 501 2581 554 spem
2608 499 2757 540 suam
2790 485 2994 556 integra
3026 483 3309 539 devotione
3336 497 3497 552 repo-

278 588 446 642 quoque
467 576 542 628 rei
565 573 915 630 clarissimam
944 576 1246 641 veritatem,
1276 577 1537 645 sequitur,
1555 585 1670 630 ante
1695 592 1816 630 con-

275 674 460 736 spectum
505 667 728 737 gentium
748 684 768 732 ;
795 667 932 722 sicut
961 676 1015 722 et
1052 667 1313 723 Jeremias
1341 667 1470 722 dicit
1499 685 1510 720 :
1543 667 1670 721 Post
1708 667 1818 722 lucc

273 757 314 806 in
348 757 474 809 terris
502 756 634 809 visus
673 765 771 822 est,
804 764 852 808 et
900 773 1014 810 cum
1053 756 1341 813 hominibus
1379 769 1702 813 conversatus
1742 769 1818 814 est

271 844 458 912 (Baruch
496 861 575 914 ιιι,
632 847 747 919 58).
779 850 1019 916 Addidit,
1067 852 1306 905 reuelauit
1324 853 1583 920 justitiam
1629 867 1818 904 suam:

271 941 371 1009 quia
407 941 555 1008 prius
592 941 693 995 sub
721 943 954 1012 quodam
986 943 1250 998 velamine
1283 944 1603 1013 prazdicatns
1647 943 1819 998 fuerat

269 1050 350 1104 per
367 1035 668 1103 prephetas,
702 1050 808 1100 quo
831 1036 1094 1091 subducto
1118 1037 1173 1090 in
1198 1036 1427 1092 adventu
1458 1034 1574 1106 ejus
1595 1036 1709 1106 ipsa
1743 1035 1824 1090 la-

266 1127 359 1182 cies
384 1128 621 1181 veritatis
669 1129 933 1198 apparuit.
984 1129 1048 1183 Et
1085 1139 1208 1183 nota
1240 1130 1380 1200 quod
1431 1130 1547 1198 ipse
1590 1129 1817 1196 dextera,

264 1216 363 1283 ipse
387 1215 667 1280 brachium,
701 1216 814 1285 ipse
836 1219 1083 1282 salutare,
1115 1219 1232 1288 ipse
1261 1219 1436 1274 Patris
1465 1219 1672 1274 dicatur
1701 1234 1822 1274 esse

258 1305 475 1376 justitia;
507 1314 566 1358 ut
603 1321 762 1360 unam
796 1307 904 1362 illic
943 1309 1315 1374 substantiam,
1359 1325 1517 1364 unam
1559 1309 1822 1378 intelligas

263 1412 364 1451 esse
389 1398 701 1466 potentiam.
718 1398 772 1452 In
798 1414 900 1470 qua
922 1399 1063 1454 enim
1093 1411 1240 1469 parte
1262 1408 1434 1468 potest
1451 1415 1570 1455 esse
1590 1400 1820 1465 divisus,

264 1490 338 1561 qui
362 1507 460 1546 non
495 1491 689 1545 similia
721 1489 841 1562 [τηε.
862 1492 954 1557 Α.,
983 1491 1305 1564 dissimilia],
1331 1492 1424 1547 sed
1449 1491 1624 1545 omnia
1658 1492 1824 1561 ipsius

267 1581 435 1636 habere
458 1579 736 1635 ﬁrmatur?
781 1581 918 1635 sicut
951 1582 1141 1652 ipsein
1176 1582 1466 1651 Evangelia
1493 1581 1660 1636 dicit:
1695 1581 1823 1636 0m-

54 1673 58 1728 ῖ
265 1677 336 1730 nia
366 1676 530 1730 Patris
569 1692 680 1729 mea
706 1683 847 1744 sunt,
877 1685 924 1730 et
957 1677 1128 1730 onmia
1159 1690 1266 1731 mea
1298 1675 1470 1729 Patris
1495 1685 1614 1730 sunt
1646 1673 1824 1748 (Joan.

58 1787 66 1836 ι
263 1783 372 1832 xvu,
407 1767 516 1835 to).

322 1859 464 1914 γει-ε.
490 1859 546 1913 4.
583 1857 785 1912 Memor
815 1859 913 1929 fuit
945 1859 1309 1914 misericordia:
1335 1875 1442 1914 suae
1465 1859 1646 1927 Jacob,
1669 1870 1714 1914 et
1744 1876 1825 1913 ve-

263 1950 404 2002 ritatis
445 1965 552 2003 sua:
589 1949 768 2003 domui
801 1948 998 2013 Israel;
1041 1951 1275 2005 viderunt
1316 1968 1484 2005 omnes
1511 1952 1637 2020 ﬁnes
1679 1961 1827 2007 terra:

64 2045 70 2112 ᾖ
262 2038 463 2092 salutare
495 2038 589 2092 Dei
620 2040 798 2092 nostri.
837 2038 1034 2094 Mentor
1053 2041 1150 2111 fuit
1181 2040 1379 2095 dictum
1411 2051 1510 2106 est,
1551 2041 1668 2112 quia
1705 2058 1825 2112 pro-

64 2127 78 2150 "’
265 2130 401 2182 Inissa
416 2128 723 2197 complevit.
747 2128 870 2183 Haec
886 2139 963 2184 est
982 2139 1159 2184 autem
1181 2131 1466 2198 promissio
1485 2145 1638 2201 quam
1661 2131 1825 2189 Isaias

263 2219 599 2288 prophetavit,
641 2219 826 2274 dicens
852 2237 866 2275 :
900 2220 1100 2275 Videbit
1130 2223 1292 2276 omnis
1327 2239 1445 2276 caro
1474 2223 1702 2276 salutare
1733 2222 1827 2279 Dei

261 2311 397 2382 (lsai.
426 2329 516 2378 LII,
543 2313 657 2383 10).
687 2312 819 2368 Huic
837 2324 1015 2368 autem
1047 2316 1384 2383 promissioni
1418 2326 1597 2384 aptum
1627 2333 1821 2374 nomen

261 2404 553 2474 impositum
603 2413 705 2472 est,
757 2406 1122 2461 misericordia:
1165 2423 1302 2472 ante;
1333 2416 1390 2462 ut
1431 2409 1654 2463 Creator
1701 2409 1824 2465 cmli

257 2507 505 2567 terrmque
530 2499 692 2554 homo
721 2497 834 2554 ﬁeri
872 2499 1201 2570 dignaretur,
1230 2509 1284 2556 et
1323 2500 1614 2556 humanum
1655 2517 1823 2572 genus

254 2599 580 2654 peccatorum
604 2589 830 2643 vinculis
855 2589 1145 2658 obligatum
1176 2590 1434 2646 adventus
1457 2591 1534 2645 sui
1563 2591 1824 2647 beneﬁcio

254 2675 516 2734 liberaret.
545 2678 706 2734 Iacob
745 2678 905 2751 (sicut
934 2694 1077 2749 sa-pe
1118 2680 1372 2750 diximus)
1407 2682 1658 2752 populum
1691 2682 1824 2738 Novi

250 2769 568 2827 Testamenti
609 2788 716 2826 non
767 2772 1055 2844 incongrue
1099 2773 1344 2829 videmur
1383 2775 1628 2845 accipere
1659 2792 1673 2829 :
1703 2765 1824 2847 quia

245 2863 382 2917 sicut
410 2863 575 2918 Iacob
606 2865 759 2918 fratri
784 2865 1155 2920 benedictione
1187 2868 1425 2923 anterior
1447 2869 1671 2936 exstitit,
1703 2884 1824 2924 cum

242 2967 420 3024 postea
456 2969 610 3013 natus
657 2960 829 3024 fuerit,
864 2959 936 3013 ita
976 2968 1030 3013 et
1073 2959 1375 3015 Christiana
1411 2961 1559 3030 plebs
1589 2963 1823 3032 priorem

236 3051 490 3119 pupulum
529 3051 821 3122 Syuagogm
857 3051 978 3105 ﬁdei
1004 3053 1272 3120 gre'sihus
1312 3054 1623 3109 antecessit.
1658 3055 1725 3109 Et
1755 3071 1824 3111 ne

1855 1826 1902 1885 B

1928 580 2057 636 suit.
2091 563 2364 646 Sequitur,
2399 587 2616 642 cantate,
2643 586 2688 629 et
2710 575 2976 641 exsultate,
3006 585 3051 630 et
3083 574 3302 642 psallite.
3328 573 3500 628 Verba

1925 671 2066 726 enim
2103 670 2216 725 haec
2243 671 2488 739 quamvis
2519 668 2799 723 videantur
2827 682 2948 722 esse
2976 667 3194 730 similia,
3221 665 3392 730 aliqua
3417 673 3500 720 ta-

1928 773 2049 814 men
2093 757 2416 814 discretione
2454 766 2792 826 separautur.
2826 757 3044 811 Canta"
3073 766 3156 811 est
3197 754 3497 825 gravissimi

1926 851 2218 928 Christiani
2266 850 2376 906 oris
2423 850 2599 905 ofﬁcio
2648 847 2831 904 laudes
2880 848 3106 902 Domino
3157 861 3495 916 personare;

1926 941 2206 1007 exsultare,
2239 956 2358 996 cum
2383 955 2572 1010 magna
2599 939 2882 994 affectione
2908 937 3071 992 animi
3103 947 3222 992 vota
3259 935 3500 991 declara-

1926 1050 2020 1100 re;
2073 1035 2314 1103 psallere,
2354 1033 2509 1088 bonis
2543 1032 2794 1100 operibus
2831 1030 3040 1085 Domini
3075 1030 3319 1084 mandata
3350 1044 3502 1083 com-

1930 1127 2095 1195 plere.
2127 1125 2278 1191 Quod
2317 1125 2438 1179 ideo
2466 1131 2773 1178 commonet
2815 1121 3184 1190 multipliciter
3211 1119 3345 1185 ﬁeri,
3378 1120 3504 1188 quia

1929 1215 2139 1271 diversa
2171 1216 2240 1269 ibi
2276 1213 2612 1283 gaudendum
2638 1220 2720 1266 est
2763 1211 3020 1265 varietate
3048 1210 3326 1265 virtutum.
3376 1209 3505 1274 Qua:

1932 1308 2101 1379 ﬁgura
2154 1307 2352 1362 dicitur
2402 1306 2774 1374 homoptoton,
2828 1304 2953 1374 quia
3000 1302 3053 1358 in
3096 1303 3300 1357 similes
3346 1317 3506 1356 sonos

1927 1399 2174 1454 exierunt
2211 1397 2374 1453 verba
2419 1397 2663 1465 diversa,
2710 1395 2763 1450 id
2799 1403 2902 1460 est,
2935 1393 3177 1466 jubilate,
3231 1392 3504 1456 exsultare,

1925 1499 2143 1555 cantate,
2175 1497 2222 1542 et
2243 1488 2463 1560 psallite.

1998 1580 2154 1636 Vers.
2185 1581 2237 1636 6.
2272 1578 2490 1633 Psallite
2535 1576 2757 1632 Domino
2788 1578 2841 1632 in
2869 1576 3090 1644 cithara,
3136 1577 3191 1632 in
3237 1576 3435 1631 cithara
3465 1586 3508 1630 et

1928 1688 2044 1727 voce
2071 1670 2274 1743 psalmi.
2308 1668 2668 1724 Pulcherrima
2699 1666 2800 1722 sibi
2821 1666 3160 1735 capulatione
3199 1666 3359 1722 verba
3405 1666 3503 1720 ista

1929 1762 2129 1817 sociata
2168 1768 2313 1825 sunt,
2346 1767 2400 1814 ut
2441 1756 2724 1828 quamdam
2754 1755 3086 1810 harmoniam
3127 1764 3180 1810 et
3211 1755 3321 1826 ipsa
3353 1756 3419 1810 de
3445 1770 3504 1810 se

1930 1860 2105 1914 lacere
2133 1857 2434 1912 videantur.
2468 1855 2802 1910 Adhibentur
2825 1855 2967 1909 enim
2997 1855 3346 1909 instrumenta
3371 1854 3504 1909 artis

1930 1953 2150 2006 musica:
2170 1950 2235 2006 ad
2261 1950 2616 2006 exercendum
2639 1964 2771 2017 Opus
2800 1950 3049 2014 caeleste;
3081 1947 3222 2018 quod
3251 1963 3502 2002 necessa-

1930 2044 2008 2099 rie
2029 2043 2243 2108 dicitur,
2285 2051 2344 2098 ut
2372 2043 2460 2098 illa
2493 2041 2749 2112 perfectio
2788 2056 2881 2110 per
2910 2040 3169 2111 quasdam
3201 2038 3504 2095 similitudio

1928 2151 2026 2190 nes
2048 2135 2328 2190 iudicetur.
2361 2133 2547 2188 Psallit
2569 2133 2711 2188 enim
2739 2131 2958 2186 Domino
2977 2133 3026 2186 in
3054 2131 3273 2198 cithara,
3298 2131 3386 2201 qui
3408 2148 3504 2201 per

1930 2237 2106 2284 actum
2157 2227 2428 2282 carnalem
2479 2225 2729 2280 mandata
2763 2225 3060 2279 Divinitatis
3087 2234 3362 2294 operatur,
3411 2225 3501 2293 qui

1929 2321 2185 2379 esurienti
2211 2335 2400 2392 panem
2423 2320 2602 2389 fregit,
2635 2319 2832 2374 nudum
2860 2319 3098 2383 vestivit,
3146 2318 3391 2388 prastitit
3418 2333 3506 2372 so-

1927 2413 2112 2468 latium
2134 2413 2414 2481 destituto,
2448 2421 2504 2470 et
2523 2424 2712 2468 cmtera
2741 2429 2861 2482 quae
2885 2419 3108 2482 possunt.
3136 2411 3383 2480 supernis
3401 2410 3508 2481 jus-

1927 2505 2167 2561 sionihus
2188 2505 2466 2575 applicari.
2490 2504 2762 2574 S'equitur,
2786 2506 2838 2560 in
2860 2504 3059 2558 cithara
3088 2513 3135 2557 et
3158 2519 3274 2557 voce
3295 2503 3500 2574 psalmi.

1929 2595 2126 2651 Eadem
2179 2604 2561 2666 prmposterata
2610 2597 2775 2650 verba
2825 2595 3142 2665 subiunxit,
3174 2603 3233 2650 ut
3278 2594 3504 2664 quodvis

1928 2689 2074 2759 prius
2099 2703 2287 2744 eorum
2321 2689 2502 2754 facias,
2535 2698 2700 2744 totum
2733 2698 2908 2745 tamen
2936 2689 3004 2745 ad
3032 2689 3240 2745 Domini
3277 2690 3502 2760 gratiam

1927 2781 2195 2850 pertinere
2224 2795 2534 2849 cognoscas.

2001 2871 2154 2927 Vers.
2185 2872 2239 2924 7.
2289 2870 2355 2925 In
2387 2873 2518 2926 tubis
2548 2871 2823 2926 dttctilibus
2853 2882 2899 2926 et
2925 2889 3042 2928 voce
3084 2872 3218 2926 tuba:
3261 2886 3502 2934 cornear;

1919 2962 2140 3035 jubilate
2167 2963 2220 3017 in
2244 2973 2512 3029 conspectu
2541 2963 2692 3033 Regis
2719 2962 2946 3016 Domini.
2985 2962 3361 3031 ReSpiciamus
3388 2975 3503 3014 om-

1928 3054 2012 3109 nia
2040 3053 2154 3108 haec
2178 3054 2336 3109 verba
2363 3053 2556 3108 divinis
2583 3053 2854 3124 mysteriis
2881 3068 3003 3109 esse
3034 3053 3364 3122 plenissima.
3390 3051 3502 3104 Duo

235 3140 570 3197 intellectum
615 3149 854 3195 nostrum
883 3141 1091 3196 diversa
1125 3144 1400 3197 nominum
1434 3143 1818 3202 dissimilitudo
1844 3158 1889 3220 ο
1925 3160 2121 3215 genera
2148 3145 2310 3200 fuisse
2338 3145 2580 3200 tubarum
2619 3145 2685 3200 ad
2711 3145 2968 3216 quasdam
2997 3143 3374 3199 similitudines
3407 3158 3502 3198 ex-

231 3231 548 3297 conl’undat,
576 3241 970 3301 perscrutemur
995 3247 1160 3302 quare
1181 3232 1417 3287 additum
1450 3234 1536 3300 sit,
1573 3245 1618 3288 et
1641 3236 1824 3288 verita-

228 3323 291 3374 ιὶς
321 3337 434 3376 sua:
461 3322 635 3375 domui
661 3320 859 3386 Israel;
892 3330 946 3375 ut
977 3337 1083 3377 non
1115 3323 1284 3377 solum
1323 3323 1422 3378 hoc
1451 3323 1632 3379 datum
1658 3326 1819 3381 intel-

228 3411 524 3478 ligeremus
561 3413 756 3481 populo
808 3413 895 3480 qui
937 3421 1053 3482 post
1096 3412 1378 3467 adventum
1410 3414 1615 3469 Domini
1647 3415 1823 3472 dictus

229 3512 306 3556 est
341 3505 720 3572 Christianus,
761 3504 856 3559 sed
900 3506 1058 3559 etiam
1109 3504 1181 3558 illi
1221 3506 1308 3573 qui
1350 3520 1471 3561 eum
1507 3506 1574 3562 de
1607 3507 1824 3579 Virgine

229 3597 564 3651 nasciturum
586 3612 707 3653 esse
722 3597 1094 3653 crediderunt.
1118 3596 1288 3652 Israel
1316 3599 1457 3653 enim
1490 3601 1824 3670 signiﬁcatur

231 3691 406 3744 omnis
431 3691 608 3746 ﬁdelis
635 3691 723 3761 qui
749 3692 915 3746 Deum
949 3708 1078 3760 pura
1113 3702 1288 3768 mente
1318 3696 1680 3763 conspexerit.
1721 3697 1819 3750 Mi-

231 3780 582 3836 sericordiam
635 3783 816 3852 posuit
846 3782 897 3836 in
925 3782 1111 3849 Jacob,
1158 3792 1213 3837 et
1242 3785 1516 3839 veritatem
1552 3787 1603 3840 in
1635 3786 1818 3842 Israel.

233 3865 603 3925 Misericordia
625 3873 822 3942 quippe
846 3873 964 3937 luit,
983 3874 1197 3943 quando
1214 3874 1480 3931 hominem
1503 3877 1822 3934 liberaturus

233 3958 483 4020 advenit:
517 3964 722 4029 ueritas,
758 3963 970 4034 quando
991 3965 1162 4019 sancti
1193 3966 1326 4021 facie
1348 3967 1634 4031 adtaciem
1669 3968 1821 4024 vide-

234 4047 390 4116 bunt,
437 4069 597 4119 quem
637 4055 732 4108 ‘hic
765 4053 925 4125 (sicut
955 4055 1084 4110 dicit
1127 4058 1438 4127 Apostolus)
1469 4060 1521 4112 in
1555 4060 1822 4129 a‘nigmate

236 4156 324 4207 per
359 4145 626 4209 speculum
667 4145 718 4217 (Ι
765 4146 885 4200 Cor.
918 4163 1035 4215 xm,
1072 4147 1159 4209 12)
1198 4159 1538 4208 continentur.
1583 4153 1817 4220 Addidit,

238 4233 470 4286 ﬁdem»:
515 4252 691 4289 omnes
719 4237 847 4306 fines
887 4247 1036 4293 terra!
1081 4240 1304 4294 salutare
1348 4239 1447 4295 Dei
1474 4244 1657 4297 nostri.
1705 4245 1820 4312 Quo

239 4322 382 4378 dicto
431 4327 807 4384 haereticorum
852 4333 1088 4397 pravitas
1120 4334 1293 4387 omnis
1323 4336 1541 4388 exclusa
1585 4345 1688 4401 est,
1730 4338 1820 4406 qui

241 4428 430 4482 putant
472 4424 680 4478 Domini
713 4425 1006 4482 Salvatoris
1053 4428 1274 4484 localem
1305 4445 1614 4486 concessam
1663 4432 1822 4487 terris

1925 3236 2236 3306 primendas
2275 3237 2418 3307 apud
2466 3237 2739 3303 llebrreos,
2789 3237 3142 3291 Numerorum
3187 3236 3340 3290 nobis
3371 3235 3504 3286 liber

1925 3329 2159 3382 insinuat
2199 3327 2386 3399 (Num.
2429 3344 2484 3395 ι,
2525 3327 2604 3396 2).
2641 3328 2814 3384 Unum
2861 3329 3002 3399 quod
3045 3336 3266 3399 argento
3310 3326 3505 3383 duetili

1927 3417 2298 3484 formabatur;
2341 3422 2442 3474 hoc
2463 3419 2530 3473 ad
2557 3419 2810 3489 Spiritum
2844 3430 3111 3484 sanctum,
3143 3419 3235 3489 qui
3267 3434 3357 3488 per
3384 3434 3506 3486 pro-

1929 3511 2119 3580 phetas
2150 3511 2357 3568 locutus
2397 3519 2501 3576 est,
2547 3522 2914 3582 competenter
2943 3520 3173 3580 aptatur.
3206 3513 3505 3580 Argeuteus

1932 3605 2072 3657 enim
2103 3617 2133 3657 a
2161 3603 2420 3660 munditia
2459 3604 2654 3660 dicitur
2680 3615 2730 3660 et
2759 3605 2992 3661 candore
3022 3607 3339 3668 verborum;
3369 3604 3508 3658 sicut

1929 3693 2053 3748 alibi
2082 3694 2194 3763 ipse
2221 3695 2383 3750 dicit:
2420 3694 2637 3764 Eloquia
2666 3697 2875 3751 Domini
2903 3697 3105 3768 eloquia
3129 3706 3291 3760 casta,
3318 3713 3506 3767 argen-

1928 3793 2034 3839 tum
2058 3787 2175 3856 igne
2197 3788 2562 3855 examinatum,
2594 3797 2741 3842 teme
2778 3797 3048 3858 purgatum
3075 3789 3364 3856 septuplum
3388 3784 3502 3855 (Ps.

1931 3890 2009 3942 ιιι,
2034 3874 2112 3946 7).
2143 3873 2431 3930 Ductilibus
2454 3885 2630 3931 autem
2671 3877 2938 3946 signiﬁcat
2965 3877 3088 3945 quia
3119 3875 3302 3930 ﬁdeles
3331 3875 3508 3930 diver-

1927 3967 2002 4022 sis
2030 3966 2368 4037 passionibus
2389 3969 2551 4038 328
2577 3969 2716 4023 tttnsi
2749 3969 2999 4037 (Domino
3027 3969 3304 4038 largiente)
3337 3969 3501 4035 proﬁ-

1929 4059 2111 4125 ciunt,
2141 4067 2198 4113 et
2225 4067 2371 4111 tanto
2413 4059 2529 4126 plus
2567 4067 2838 4124 crescunt,
2881 4068 3080 4128 quanto
3117 4057 3344 4127 amplius
3385 4057 3502 4110 duri

1929 4147 2104 4202 mallei
2138 4146 2333 4202 iuerint
2369 4146 2652 4203 iteratione
2689 4151 2946 4215 percussi.
2983 4147 3202 4203 Malleus
3241 4146 3381 4201 enim
3423 4155 3511 4202 est

1931 4241 2205 4307 diabolus,
2240 4242 2305 4295 de
2323 4256 2426 4311 quo
2454 4240 2712 4310 propheta
2733 4239 3167 4295 dicit:Contritus
3196 4247 3268 4294 est
3294 4238 3508 4293 malleus

1930 4334 2174 4386 universa:
2201 4341 2346 4385 terra:
2378 4330 2508 4400 (Jer.
2545 4348 2594 4395 ι,
2624 4331 2742 4401 25).
2776 4330 2890 4386 Vox
2921 4339 3003 4387 est
3030 4338 3207 4387 autem
3239 4331 3372 4385 tubae
3398 4347 3512 4385 cor-

1931 4439 2039 4478 neae
2068 4423 2332 4491 patientiae
2359 4422 2467 4496 ﬁxa
2497 4424 2798 4491 tolerantia,
2829 4439 2949 4494 qua:
2977 4423 3122 4478 velut
3153 4438 3347 4480 cornea
3377 4425 3508 4479 sub-

244 4505 403 4566 tuisse
420 4514 706 4573 culturam.
735 4515 1008 4586 Viderunt,
1033 4518 1182 4588 dicit,
1203 4529 1383 4576 mente
1407 4535 1822 4592 conspexerunt,
1853 4498 1905 4564 Ῑ)
1930 4517 2122 4572 stantia
2157 4517 2208 4571 in
2242 4517 2368 4571 viris
2413 4516 2657 4572 ﬁdelibus
2696 4532 2882 4572 amore
2928 4516 3139 4570 Domini
3181 4525 3511 4586 perseverat.

245 4602 379 4664 quod
427 4619 522 4672 per
552 4613 722 4661 totum
768 4609 1024 4664 mundum
1071 4619 1283 4665 constat
1310 4611 1581 4667 ell‘ectum.
1631 4613 1826 4682 Quanti

246 4703 364 4748 sunt
389 4698 532 4751 enim
565 4700 654 4768 qui
686 4714 807 4755 eum
837 4702 1145 4757 carnalibus
1173 4705 1340 4759 oculis
1373 4705 1422 4758 in
1455 4705 1634 4760 Judaea
1667 4715 1827 4777 gente

249 4783 426 4841 videre
455 4792 782 4857 potuerunt?
808 4790 911 4847 Sed
934 4809 1054 4846 cum
1082 4793 1168 4847 hic
1189 4794 1350 4863 dicat,
1379 4812 1556 4850 oneres
1574 4797 1700 4864 lines
1727 4807 1830 4852 ter-

244 4889 328 4942 rc,
363 4880 587 4935 dubium
629 4897 736 4936 non
779 4893 860 4938 est
901 4884 966 4937 ad
1009 4884 1165 4938 ﬁdem
1209 4901 1329 4940 csse
1366 4885 1727 4954 referendum,
1771 4896 1830 4942 ut

244 4972 391 5025 nubis
416 4976 582 5042 possit
616 4977 813 5032 veritas
845 4990 1096 5033 ceustare
1123 4978 1430 5032 verborum.

314 5061 466 5118 Vers.
508 5067 560 5120 5.
611 5067 841 5122 Jubilate
891 5066 1024 5133 Deo,
1076 5070 1237 5123 omnis
1291 5080 1464 5133 terra;
1513 5078 1736 5134 cantate,
1781 5079 1827 5124 et

191 5156 502 5220 «nntiate,
537 5168 584 5212 et
625 5160 851 5229 psallite.
899 5159 1055 5214 Venit
1089 5159 1156 5215 ad
1186 5161 1477 5216 secundam
1508 5170 1735 5229 partem,
1772 5162 1825 5216 in

211 5246 336 5296 ‘ttta
364 5263 670 5305 commonet
695 5251 921 5306 diversis
948 5253 1120 5308 modis
1147 5267 1174 5306 a
1207 5252 1413 5306 devotis
1441 5267 1564 5308 esse
1590 5254 1827 5321 gauden-

227 5322 381 5413 ξένη).
415 5344 522 5397 Sed
559 5344 625 5397 ad
659 5343 916 5413 judicium
954 5345 1161 5400 Domini
1203 5355 1574 5411 competenter
1605 5346 1704 5398 ista
1734 5361 1826 5400 re-

215 5406 500 5505 ξενιιηιιιιν,
535 5435 588 5488 in
619 5449 726 5505 quo
747 5447 800 5489 et
826 5435 1062 5503 psalmus
1089 5436 1188 5490 iste
1217 5437 1455 5491 noscitur
1481 5436 1817 5490 terminatus.

200 5496 462 5579 λυιιιιιε
491 5527 692 5581 dictum
715 5537 818 5595 est,
841 5542 963 5582 cum
991 5543 1178 5597 magna
1209 5528 1567 5584 delectatione
1595 5528 1645 5582 in
1670 5530 1820 5584 vocis

181 5603 484 5673 r’ﬂdium
514 5620 757 5690 prosilite
779 5663 794 5687 ,
829 5630 886 5676 ut
909 5621 1050 5692 quod
1084 5638 1185 5675 non
1214 5631 1388 5690 potest
1415 5623 1686 5691 explicare
1711 5637 1825 5677 ser-

167 5693 290 5784 To
349 5711 782 5777 confusmvocis,
817 5714 1281 5781 declareteruptio
1309 5714 1494 5770 devota
1517 5713 1821 5784 gaudentis.

157 5770 292 5838 0'"
311 5803 410 5857 his
435 5813 594 5867 terra,
632 5805 992 5861 ttnivcrsalcnt
1017 5806 1256 5876 designat
1283 5803 1597 5874 Ecclesium,
1627 5821 1744 5876 qua:
1771 5806 1822 5860 in

1930 4611 2025 4668 llis
2055 4623 2184 4682 ergo
2217 4609 2355 4664 tubis
2389 4609 2566 4679 psallit
2593 4609 2840 4673 Domino,
2861 4608 2948 4678 qui
2975 4608 3213 4677 utrisqtte
3232 4608 3517 4664 virtutibus

1931 4701 2156 4757 devotus
2183 4700 2436 4764 exsulzat,
2469 4700 2554 4768 qui
2584 4707 2640 4755 et
2670 4699 2950 4756 Dominum
2978 4697 3178 4753 mundo
3207 4699 3369 4754 corde
3391 4715 3521 4768 pra:-

1929 4792 2146 4857 dicavit,
2177 4801 2231 4845 et
2251 4791 2369 4859 ejus
2399 4789 2818 4844 misericordiam
2843 4789 3114 4858 patientia:
3139 4788 3334 4842 virtute
3355 4791 3516 4843 susti-

1934 4884 2069 4938 nuit.
2119 4881 2392 4952 Sequitur,
2435 4879 2664 4934 Jubilate
2693 4879 2746 4933 iu
2787 4887 3060 4951 conspectu
3095 4877 3245 4950 Regis
3287 4877 3514 4933 Domini.

1931 4974 2211 5044 Completa
2245 4985 2325 5028 est
2361 4974 2412 5026 in
2453 4971 2554 5027 hoc
2585 4982 2872 5038 commate,
2911 4987 3030 5039 quae
3063 4969 3116 5024 in
3148 4971 3518 5040 superioribus

1933 5065 2174 5135 partibus
2199 5077 2455 5133 suspensa
2488 5063 2766 5117 videbatur
2795 5077 2916 5118 esse
2937 5061 3221 5117 sententia.
3255 5062 3349 5118 llic
3372 5062 3514 5118 enim

1935 5156 2065 5210 dicit
2091 5155 2184 5214 ubi
2212 5157 2282 5210 sit
2320 5154 2673 5224 jubilandutn,
2705 5153 2792 5208 ubi
2825 5155 3172 5221 cantandum,
3209 5155 3296 5210 ubi
3337 5155 3519 5210 exsul-

1935 5251 2174 5314 tandum,
2223 5250 2310 5305 ubi
2344 5249 2700 5319 psallendum,
2736 5248 2823 5303 ubi
2871 5249 2925 5303 in
2966 5249 3169 5318 psalmo
3199 5248 3518 5302 citharizau-

1934 5345 2080 5408 dum,
2115 5344 2202 5397 ubi
2245 5345 2297 5396 in
2329 5343 2531 5397 cithara
2577 5340 3020 5410 psalmizandum,
3069 5341 3156 5394 ubi
3186 5340 3515 5410 jubilandum

1929 5436 1980 5489 in
2017 5436 2157 5490 tubis
2211 5434 2498 5488 ductilibus
2529 5443 2582 5489 et
2611 5436 2852 5500 corneis;
2906 5433 3111 5486 scilicet
3155 5435 3206 5485 in
3247 5442 3518 5500 conspectu

1931 5528 2088 5597 ηρ(μέ
2123 5525 2349 5592 Domini,
2370 5526 2584 5595 quando
2609 5528 2661 5579 in
2691 5527 2781 5580 illa
2801 5523 3272 5595 judicatioueju-ti
3301 5525 3518 5592 prmmia

1928 5619 2196 5690 promissa
2236 5618 2510 5688 recipient.
2546 5619 2647 5674 Per
2693 5620 2787 5674 has
2816 5619 2959 5673 enim
3008 5620 3292 5672 varietates
3318 5616 3519 5688 signiﬁ-

1929 5721 2081 5767 catur
2099 5710 2327 5764 diversis
2350 5709 2548 5765 sanctis
2578 5711 2852 5781 operibus,
2881 5708 3112 5764 divcrsis
3134 5708 3290 5764 donis
3312 5709 3364 5762 iu
3392 5723 3522 5762 con-

1929 5812 2115 5874 spectu
2163 5800 2373 5862 Domini
2406 5816 2524 5857 esse
2573 5803 2932 5871 gaudendum.
2987 5801 3113 5859 Sive
3161 5803 3262 5859 I318
3291 5803 3365 5858 sic
3395 5797 3520 5857 dicit
