3952 6162
249 316 332 375 695
1118 316 1476 374 EXPOSITIO
1515 316 1579 373 IN
1621 317 2078 375 PSALTERIUM.
2120 319 2315 375 PSAL.
2359 319 2585 375 CXVI”.

3403 324 3503 381 bili

248 429 574 486 surrectionis
622 429 892 497 ostendit;
923 443 1030 485 non
1063 437 1120 484 ut
1150 438 1274 484 ante
1318 430 1555 486 creditus
1578 440 1662 488 est
1700 446 1806 485 non
1836 433 1889 493 Α
1912 431 2111 487 dictum
2140 441 2221 488 cst
2250 448 2433 487 nomen
2477 431 2630 503 ejus,
2673 433 2795 505 quia
2829 434 3025 505 ubique
3070 436 3354 494 dilatatem
3394 455 3509 507 est;

250 535 383 591 posse
402 537 653 593 regnare,
684 537 842 591 quem
879 521 1049 576 Iudaei
1083 520 1401 577 videbantur
1429 522 1810 592 exstinguere;

246 615 324 669 sed
346 615 431 671 hic
460 616 595 671 illud
622 627 829 686 tempus
860 617 1164 673 ostenditur
1195 618 1409 687 quando
1440 617 1553 686 ipse
1581 630 1697 687 post
1728 633 1813 673 re-

244 706 613 762 surrectionem
642 723 795 763 suain
838 707 968 765 dicit
998 727 1011 761 :
1048 708 1182 762 Data
1206 717 1278 762 est
1308 709 1435 764 mihi
1462 711 1629 764 omnis
1669 718 1813 777 pote-

242 799 399 853 stasin
428 799 554 854 celo
574 809 622 853 et
650 800 702 853 in
738 808 871 855 terra
915 800 1131 873 (Matth.
1160 817 1354 867 xxvut,
1387 803 1498 871 18).
1531 802 1809 871 Sequitur,

240 890 509 943 irascantur
548 894 764 962 populi,
804 891 940 948 nihil
989 892 1129 949 ultra
1156 894 1410 950 nocituri.
1445 895 1634 964 Magno
1664 897 1807 951 enim

238 980 497 1051 gravitatis
550 981 789 1047 pondere
834 983 1189 1051 deridentur,
1220 1001 1449 1054 quorum
1498 985 1609 1041 doli
1651 995 1811 1056 atque

238 1073 474 1129 versutia:
524 1073 659 1128 nihil
707 1074 920 1143 penitus
965 1078 1221 1132 nocuisse
1258 1076 1620 1133 declarantur.
1677 1078 1811 1133 Nam

237 1162 364 1231 quod
393 1163 552 1229 dixit,
582 1164 893 1230 irascantur,
929 1180 1036 1220 non
1063 1167 1306 1236 praecipit
1330 1167 1589 1236 pr0pheta
1621 1168 1687 1222 ad
1716 1168 1813 1223 ali-

237 1253 363 1324 quod
396 1253 607 1310 facinus
633 1255 858 1325 pepulos
882 1257 1212 1311 commoveri
1245 1272 1260 1323 ;
1293 1256 1387 1312 sed
1418 1267 1474 1313 ιιι
1501 1258 1601 1312 sibi
1635 1257 1813 1325 potius

237 1347 559 1414 irascantur,
588 1348 678 1416 qui
718 1362 833 1402 rem
876 1347 1087 1416 probati
1134 1356 1257 1404 sunt
1290 1348 1482 1404 fecisse
1522 1349 1811 1415 nefariam;

239 1449 288 1495 ut
307 1439 409 1495 cito
432 1440 500 1495 ad
532 1440 907 1502 conversionis
936 1441 1165 1496 salutem
1189 1442 1428 1508 veniant,
1447 1456 1570 1497 cum
1600 1440 1814 1512 propria

241 1530 499 1587 voluntate
540 1546 636 1586 sua
681 1532 946 1601 coeperint
978 1533 1114 1588 facta
1162 1533 1441 1589 damnare.
1491 1534 1643 1601 Quod
1673 1535 1717 1589 si
1748 1534 1814 1591 ad

245 1623 460 1679 litteram
489 1622 626 1679 velis
670 1624 951 1694 accipere,
992 1624 1235 1693 quaedam
1269 1625 1478 1683 videtur
1505 1626 1813 1681 urbanitas:

241 1715 362 1770 sicut
410 1723 464 1771 et
514 1715 569 1769 in
617 1714 841 1770 Actibus
895 1716 1261 1785 apostolorum
1323 1716 1519 1788 legitur
1574 1716 1815 1787 pontifici

1920 522 2162 585 terribile,
2210 524 2331 592 quia
2379 524 2495 591 ipse
2542 533 2797 579 venturus
2838 534 2923 581 est
2969 527 3213 596 judicare
3264 530 3408 584 vivos
3452 538 3507 583 ιιι

1923 620 2198 676 mortuos;
2238 622 2467 666 sanctum
2490 653 2505 678 ,
2537 612 2656 683 quia
2688 615 3025 671 immaculata
3055 626 3109 672 et
3139 618 3348 674 cmlesti
3378 634 3503 674 con-

1922 705 2222 759 versntione
2252 706 2546 775 permansit
2572 723 2585 758 :
2610 707 2750 761 sicut
2779 716 2833 763 et
2864 709 2992 763 alibi
3023 710 3218 766 dicitur
3247 711 3314 766 dc
3345 712 3462 781 ipso
3489 731 3503 766 :

1924 792 2175 860 Quoniam
2196 799 2365 866 magni
2371 795 2537 863 [icavit
2559 795 2807 851 Dominus
2823 808 3053 853 sanctum
3072 818 3221 855 suum
3238 800 3411 871 (Psal.
3429 818 3506 871 tv,

1920 885 2007 955 b):
2038 885 2177 939 sicut
2202 896 2253 940 et
2284 885 2462 942 Marias
2486 887 2684 943 dictum
2720 896 2803 945 est
2839 889 2907 943 ab
2954 892 3147 961 angelo
3178 910 3190 945 :
3224 894 3507 965 l’rOpterea

1920 976 2057 1047 quod
2086 986 2318 1033 nascetur
2337 995 2399 1033 ea:
2425 990 2472 1033 te
2498 990 2729 1035 sanctum
2747 982 3007 1037 vocabitur
3034 982 3203 1041 Filius
3228 982 3321 1040 Dei
3353 984 3507 1055 (Luc.

1922 1084 1961 1135 ι,
1991 1068 2109 1137 55).

1993 1160 2145 1216 Vers.
2175 1160 2228 1216 4.
2255 1160 2320 1215 Et
2348 1162 2512 1218 honor
2537 1163 2693 1237 Regis
2708 1166 2966 1237 judicium
2997 1166 3165 1239 diligit
3192 1184 3211 1222 :
3236 1178 3288 1224 tu
3313 1172 3512 1240 parasti

1924 1258 2236 1327 tequitatem.
2289 1258 2550 1328 Superius
2599 1260 2810 1315 dixerat
2856 1278 2869 1317 :
2914 1260 3272 1329 Conﬁteantur
3322 1265 3506 1335 pepuli

1920 1351 2114 1405 nomini
2145 1360 2232 1404 tuo
2263 1365 2283 1406 :
2316 1353 2475 1408 modo
2507 1348 2960 1421 quemadmodum
3001 1357 3249 1411 confiteri
3276 1357 3509 1423 debeaut

1922 1444 2201 1500 evidenter
2231 1444 2469 1513 exponit.
2508 1444 2693 1500 Honor
2722 1448 2866 1502 enim
2902 1448 3055 1520 Regis
3090 1457 3175 1504 est
3201 1450 3513 1518 prmdiczttio

1921 1535 2179 1604 gloriosa,
2212 1550 2369 1603 quam
2394 1534 2467 1589 illi
2499 1550 2714 1605 semper
2741 1535 3017 1590 offerimus
3048 1537 3376 1594 confitendo.
3408 1535 3511 1591 Iu-

1924 1625 2115 1679 dicium
2138 1625 2327 1693 diligit,
2348 1624 2450 1678 hoc
2471 1632 2575 1691 est,
2601 1632 2656 1679 ut
2678 1625 3026 1680 deliberando
3046 1634 3210 1697 atque
3234 1627 3514 1683 tractando

1922 1717 2213 1773 debeamus
2249 1716 2473 1787 diligere
2501 1715 2835 1774 Creatorem.
2868 1719 2986 1773 Non
3017 1721 3159 1776 enim
3181 1721 3281 1776 .ille
3313 1728 3404 1775 aut
3433 1721 3510 1775 la-

244 1806 443 1861 Paulum
473 1806 687 1862 dixisse
726 1822 1043 1877 percussum
1077 1826 1092 1862 :
1122 1808 1301 1863 Fcriat
1332 1821 1378 1863 te
1417 1809 1553 1866 Deus
1574 1851 1589 1877 ,
1638 1812 1811 1881 paries
1842 1808 1890 1867 B
1918 1809 2010 1863 bili
2040 1810 2349 1875 voluntate,
2398 1817 2491 1863 aut
2533 1810 2734 1864 caduca
2770 1818 2951 1865 mente
2978 1811 3238 1866 colendus
3264 1820 3381 1877 est;
3413 1812 3507 1867 sed

244 1898 478 1951 dealbate.
516 1897 583 1952 Et
608 1898 767 1967 paulo
796 1906 917 1969 post
941 1900 1249 1970 increpatus
1278 1900 1449 1956 dixit:
1482 1900 1814 1969 Nesciebam,

244 1991 430 2060 fratres,
457 1993 599 2061 quod
619 1994 853 2063 princeps
879 1994 1056 2064 populi
1078 2003 1227 2049 esset.
1253 1994 1520 2064 Scriptum
1543 2007 1618 2050 est
1641 1995 1777 2050 enim
1796 2011 1818 2051 :

243 2082 512 2149 Principem
534 2085 713 2156 populi
734 2085 809 2139 tui
837 2101 899 2140 ne
920 2086 1253 2142 maledixeris
1277 2088 1415 2158 (Act.
1433 2103 1588 2154 χχιιι,
1610 2088 1644 2142 3
1663 2096 1710 2143 et
1744 2089 1812 2155 5;

244 2173 400 2231 Exod.
432 2192 566 2242 xxii,
594 2175 719 2248 ‘28);
750 2191 859 2233 non
898 2179 1025 2249 quia
1056 2180 1371 2247 nesciebat,
1398 2182 1492 2235 sed
1524 2181 1647 2249 quia
1671 2182 1822 2251 prin-

242 2266 401 2335 cipem
432 2283 555 2323 eum
587 2268 771 2339 populi
798 2269 900 2325 sub
929 2271 1157 2341 quadam
1186 2272 1487 2345 urbanitate
1512 2272 1817 2343 denegavit.

246 2356 315 2412 lla
344 2370 393 2414 et
420 2361 507 2415 hic
536 2360 737 2417 dictum
777 2372 860 2418 est
907 2382 921 2417 :
953 2362 1210 2420 Dominus
1236 2366 1498 2436 regnavit,
1531 2366 1821 2422 irascantur

244 2453 425 2523 populi,
451 2453 503 2509 id
539 2463 645 2521 est,
675 2454 812 2511 nihil
840 2456 977 2511 ultra
1006 2456 1273 2523 nocituri;
1305 2458 1450 2528 quod
1481 2472 1590 2515 non
1618 2458 1685 2513 ad
1717 2474 1816 2513 ex-

243 2540 590 2601 hortationem
612 2586 629 2612 ,
659 2545 753 2601 sed
781 2546 848 2602 ad
881 2547 1206 2605 derisionem
1250 2548 1463 2605 videtur
1490 2550 1668 2619 potius
1696 2565 1819 2618 per-

238 2634 421 2691 tinere.
469 2639 599 2705 Qum
630 2640 800 2709 ﬁgura
828 2640 1027 2695 dicitur
1067 2641 1341 2707 astismos,
1391 2641 1581 2697 Latino
1610 2642 1814 2697 urbana

230 2723 413 2791 dictio,
441 2730 740 2786 venustatis
767 2741 821 2786 et
846 2730 1057 2788 facetiae
1085 2746 1249 2789 causa
1274 2733 1593 2803 composita.
1625 2734 1814 2804 Seqni~

230 2828 341 2887 tur,
368 2824 455 2893 qui
486 2824 631 2878 sedes
653 2840 809 2896 super
836 2826 1118 2893 cherubim,
1143 2837 1407 2881 moveatur
1434 2836 1591 2881 terra.
1620 2827 1699 2882 Tu
1726 2828 1815 2895 qui

223 2914 396 2982 sedes,
425 2917 746 2973 indicativus
778 2918 968 2977 modus
1004 2927 1088 2975 est
1132 2920 1384 2976 secunda:
1429 2934 1712 2991 personae;
1744 2919 1811 2977 ad

222 3005 396 3076 ipsum
423 3009 569 3064 enim
617 3008 905 3065 Dominum
936 3012 1098 3067 verba
1130 3022 1451 3069 convertens
1499 3011 1639 3067 hanc
1687 3027 1814 3069 sen—

221 3102 444 3156 tentiam
475 3102 612 3155 linit.
643 3100 924 3156 Cherubim
954 3102 1239 3158 Hebrmum
1289 3118 1484 3159 nomen
1524 3114 1609 3160 est
1648 3103 1815 3172 signi-

1924 1899 2027 1953 tixa
2076 1908 2132 1955 et
2179 1899 2518 1971 perspicabili
2571 1900 2958 1977 deliberatione
3010 1903 3331 1969 sententiae,
3378 1904 3512 1958 sicut

1922 1990 2064 2047 solet
2092 2005 2305 2061 semper
2342 1992 2488 2059 puris
2515 1992 2768 2048 cordibus
2799 2008 3081 2063 apparere.
3130 1994 3385 2067 Sequitur
3409 2035 3424 2059 ,
3461 2003 3513 2048 tu

1925 2083 2121 2154 parasti
2162 2082 2453 2152 (equitatem
2482 2124 2496 2149 ,
2528 2095 2585 2138 ut
2614 2092 2972 2154 agnoscerent
3018 2085 3262 2141 homines
3302 2086 3368 2140 ab
3396 2085 3513 2155 ipso

1926 2174 2030 2231 hoc
2054 2189 2245 2229 munus
2272 2175 2513 2242 attribui,
2540 2192 2646 2247 quo
2676 2178 2884 2247 possint
2914 2180 3049 2233 hanc
3076 2178 3399 2248 intelligere,
3429 2180 3513 2234 vel

1927 2265 2105 2322 facere
2133 2275 2447 2322 constanter
2470 2269 2784 2340 aequitatem.
2818 2270 3057 2341 Denique
3093 2283 3311 2325 sensum
3354 2272 3514 2326 istum

1923 2360 2223 2417 evidentius
2252 2374 2484 2431 sequens
2514 2376 2701 2416 versus
2734 2361 2992 2417 ostendit.
3024 2361 3150 2418 Sive
3183 2362 3266 2433 (ut
3295 2363 3513 2432 quibus-

1924 2455 2047 2511 dam
2094 2454 2290 2524 placet)
2322 2454 2486 2509 honor
2518 2452 2670 2527 Regis
2697 2462 2782 2511 est
2818 2454 3093 2511 damnatio
3121 2456 3263 2525 justa
3314 2469 3513 2511 nocen-

1926 2548 2056 2602 tium
2076 2588 2091 2611 ,
2124 2546 2373 2616 quoniam
2405 2547 2685 2617 iniquitate
2725 2548 2911 2619 punita
2933 2548 3101 2620 gloria
3132 2548 3273 2621 regis
3302 2562 3514 2619 semper

1924 2651 2169 2711 augetur.

2000 2731 2153 2787 Vers.
2188 2730 2242 2784 5.
2274 2728 2539 2785 Iudicium
2584 2740 2632 2786 et
2665 2732 2931 2801 justitiam
2956 2734 3010 2787 in
3038 2729 3201 2787 Iacob
3240 2740 3297 2785 tu
3326 2732 3512 2803 fecisti.

1922 2822 2190 2879 Iudicium
2218 2824 2337 2895 fecit
2360 2824 2413 2879 in
2439 2825 2635 2895 populo
2661 2824 2822 2890 ﬁdeli,
2851 2827 3066 2895 quando
3092 2827 3141 2882 ei
3164 2824 3385 2881 donavit
3415 2826 3510 2881 bo-

1926 2932 2052 2970 num
2084 2916 2387 2985 malumque
2427 2915 2764 2983 discernere;
2790 2918 3054 2986 justitiam
3084 2932 3211 2972 vero
3232 2956 3247 2981 ,
3277 2932 3397 2972 cum
3424 2934 3513 2972 re-

1927 3009 2067 3065 lictis
2090 3008 2244 3065 idolis
2270 3008 2508 3064 Creatori
2531 3023 2631 3064 suo
2656 3011 2848 3065 meruit
2873 3008 3058 3063 humili
3086 3010 3371 3065 devotione
3398 3024 3512 3064 ser-

1927 3102 2060 3157 vire.
2094 3101 2163 3157 In
2217 3100 2383 3156 Iacob
2428 3108 2604 3157 autem
2631 3140 2648 3168 ,
2691 3100 2744 3155 in
2789 3115 3110 3171 unoquoque
3159 3100 3299 3155 fideli
3358 3100 3508 3166 dicit,

218 3193 392 3249 ﬁeans
442 3195 835 3265 plenitudinem
887 3196 1129 3253 scientia:
1156 3214 1170 3262 ;
1220 3198 1310 3254 ubi
1354 3198 1506 3269 quasi
1539 3200 1589 3253 in
1625 3199 1819 3255 throno
1846 3190 1894 3253 C
1926 3194 2048 3265 quia
2072 3192 2303 3250 nominis
2321 3192 2474 3250 istius
2496 3192 3010 3250 commemoratione
3032 3193 3257 3263 populus
3280 3192 3511 3248 devotus

215 3296 324 3339 suo
356 3286 640 3341 Dominum
671 3286 909 3342 insidere
936 3288 1262 3344 manifestat.
1306 3289 1439 3344 Nam
1469 3300 1521 3346 et
1567 3290 1818 3347 homines

217 3374 421 3432 insidet
458 3378 587 3453 [ed.,
628 3378 922 3453 insident],
968 3380 1061 3451 qui
1131 3381 1440 3452 plenissima
1504 3382 1608 3440 ﬁde
1654 3394 1818 3455 atque

220 3482 447 3538 operum
496 3472 763 3541 probitate
796 3474 1158 3543 complentur.
1204 3475 1497 3545 Adjunxit,
1549 3486 1813 3534 moveatur

220 3571 376 3617 terra.
408 3564 543 3621 Sive
573 3564 703 3619 illud
738 3566 1008 3636 significat
1043 3568 1186 3635 quod
1219 3571 1466 3639 superius
1498 3570 1672 3637 dixit,
1704 3572 1814 3626 ira-

221 3668 429 3709 scantur
458 3658 671 3725 populi,
706 3659 821 3713 sive
844 3660 1013 3729 magis
1034 3660 1101 3714 ad
1128 3662 1532 3717 conversionem
1570 3672 1817 3732 peccato-

226 3760 318 3800 res
348 3748 586 3817 postulat
613 3751 980 3816 commoveri,
1011 3752 1103 3822 qui
1144 3751 1308 3824 (sicut
1331 3753 1443 3823 jam
1475 3753 1676 3809 dictum
1708 3755 1813 3825 est)

226 3848 363 3893 terra
389 3843 584 3898 merito
613 3852 1011 3913 nuncupantur,
1051 3845 1178 3915 quia
1204 3853 1419 3901 terrena
1460 3846 1587 3901 vitia
1617 3860 1817 3902 concu-

229 3934 457 4002 piscunt.

300 4025 448 4082 νει-ς.
472 4029 530 4084 2.
560 4028 809 4082 Dominus
839 4029 892 4081 in
921 4028 1051 4083 Sion
1079 4045 1317 4098 magnus,
1343 4038 1389 4083 et
1410 4030 1644 4084 excelsus
1666 4046 1821 4099 super

231 4134 401 4175 omnes
433 4124 671 4193 populos.
708 4121 778 4177 Ut
808 4121 974 4177 Deum
1004 4122 1151 4176 illum
1174 4137 1331 4192 quem
1357 4122 1500 4177 dixit
1528 4123 1702 4176 sedere
1730 4138 1818 4177 su-

231 4226 321 4275 per
351 4211 634 4277 cherubim,
668 4212 956 4267 Dominum
988 4212 1264 4268 Christum
1295 4213 1575 4268 evidenter
1617 4213 1817 4268 adver-

234 4310 372 4356 teres
394 4345 409 4368 ,
438 4302 707 4373 expressit
732 4344 747 4369 ,
792 4300 1047 4358 Dominus
1078 4305 1133 4358 in
1162 4303 1296 4360 Sion
1343 4320 1559 4375 magnus
1583 4348 1598 4370 ,
1633 4305 1723 4374 qui
1763 4305 1816 4360 in

237 4393 694 4468 lerosolymitanis
714 4398 959 4467 partibus
978 4398 1141 4453 homo
1162 4413 1425 4467 apparere
1445 4398 1692 4469 dignatus
1713 4408 1813 4454 est.

1922 3288 2244 3343 ostenditur.
2289 3287 2369 3340 'l'u
2412 3287 2599 3357 fecisti,
2642 3286 2764 3356 quia
2821 3301 2977 3341 nemo
3007 3296 3089 3341 est
3132 3286 3269 3341 alius
3318 3295 3511 3354 prmter

1922 3381 2099 3450 ipsum
2125 3379 2215 3450 qui
2247 3379 2475 3437 instituit
2503 3388 2557 3434 et
2582 3378 2811 3434 firmavit
2834 3378 2956 3452 [ms.
2982 3379 3075 3446 A.,
3100 3376 3367 3449 formavit]
3406 3377 3512 3431 Ec-

1922 3470 2171 3535 clcsiam;
2208 3471 2347 3526 sicut
2385 3471 2511 3525 dicit
2544 3470 2833 3539 Apostolus
2879 3488 2891 3524 :
2926 3468 3347 3523 Fundamentum
3377 3470 3510 3523 enim

1921 3562 2069 3615 aliud
2098 3577 2245 3616 nemo
2271 3571 2433 3633 potest
2454 3578 2663 3633 ponere,
2697 3571 2884 3631 pra’ter
2914 3561 2967 3615 id
2995 3561 3130 3631 quod
3157 3562 3379 3630 positum
3409 3572 3513 3631 est,

1925 3652 2066 3721 quod
2087 3661 2159 3706 est
2191 3650 2423 3706 Christus
2449 3651 2604 3705 Iesus
2638 3649 2721 3721 (II
2754 3650 2875 3705 Cor.
2909 3667 2985 3717 ιιι,
3020 3650 3128 3721 il).

1997 3742 2156 3799 Vere.
2196 3744 2247 3797 6.
2283 3742 2523 3797 Exaltate
2553 3742 2825 3798 Dominum
2857 3744 3018 3797 Deum
3038 3755 3287 3811 nostrum,
3316 3754 3362 3799 et
3390 3744 3513 3798 ado-

1921 3844 2031 3888 rate
2052 3834 2327 3889 scabellum
2350 3835 2541 3904 pedum
2568 3837 2697 3906 ejus,
2722 3837 2965 3904 quoniam
2986 3844 3220 3889 sanctum
3244 3845 3339 3889 est.
3360 3834 3514 3889 Venit

1925 3926 1993 3981 ad
2034 3925 2328 3981 secundam
2359 3926 2652 3981 sectionem
2695 3926 2991 3995 propheta,
3045 3927 3097 3980 in
3142 3941 3245 3995 qua
3293 3927 3514 3996 populos

1926 4018 2150 4074 devotos
2171 4030 2482 4075 commouet
2503 4029 2564 4073 ut
2585 4032 2779 4074 nomen
2800 4019 3011 4073 Domini
3039 4021 3382 4091 magnificare
3407 4036 3511 4075 non

1929 4109 2209 4176 desinant;
2252 4118 2519 4181 quatenus
2565 4110 2716 4164 illum
2761 4110 3138 4179 praedicando,
3185 4111 3285 4181 ipsi
3336 4113 3513 4181 potius

1927 4201 2155 4257 exaltari
2188 4216 2348 4271 posse
2391 4201 2693 4256 videantur.
2737 4202 3003 4256 Caeterum
3038 4202 3127 4256 ille
3157 4202 3296 4256 hum.
3320 4203 3405 4259 nis
3435 4205 3514 4258 vi-

1927 4292 2076 4347 ribus
2103 4293 2266 4363 (sicut
2297 4308 2443 4363 smpe
2472 4293 2674 4349 dictum
2703 4296 2807 4363 est)
2837 4310 2944 4348 non
2988 4294 3191 4363 indiget
3232 4295 3473 4365 adjuvari
3497 4339 3513 4362 ,

1925 4385 2017 4456 qui
2046 4395 2128 4441 est
2155 4399 2361 4440 summa
2394 4387 2586 4454 virtus,
2623 4394 2676 4440 et
2706 4385 2870 4440 totius
2911 4386 3206 4455 Maiestatis
3245 4388 3514 4443 adoranda

240 4484 297 4539 Et
328 4487 539 4545 intende
565 4489 732 4545 verba
756 4505 874 4560 quae
898 4490 1050 4555 dicit,
1070 4488 1325 4545 Dominus
1352 4506 1586 4561 magnus,
1614 4506 1680 4546 ne
1698 4492 1815 4560 quis

1929 4478 2203 4547 perfectio.
2232 4480 2505 4550 Sequitur,
2534 4491 2580 4535 et
2614 4481 2830 4537 adorato
2857 4482 3140 4536 scabellum
3172 4484 3357 4553 pedum
3383 4489 3513 4556 ejus,

239 4593 351 4633 eum
378 4597 475 4652 pro
500 4582 771 4651 passionis
819 4582 1119 4638 humilitate
1148 4591 1360 4653 putaret
1400 4596 1519 4639 esse
1560 4582 1813 4637 temnibi-

242 4672 357 4728 lem.
386 4677 623 4745 Addidit,
649 4687 695 4732 et
715 4678 942 4733 excelsus
978 4693 1131 4749 super
1152 4693 1326 4732 omnes
1369 4676 1585 4746 populos
1619 4692 1637 4732 :
1682 4690 1818 4746 quo-

242 4766 368 4821 niam
399 4770 489 4826 ille
509 4785 668 4840 quem
688 4770 987 4842 irreligiosa
1020 4780 1203 4826 mente
1221 4778 1677 4840 contempserant,
1702 4768 1815 4823 Rex

242 4863 453 4916 excelsus
480 4880 636 4933 super
680 4880 855 4918 omnes
884 4863 1104 4934 papulas
1132 4862 1426 4918 eminebat.
1462 4862 1592 4917 Sion
1636 4870 1817 4916 autem

244 4948 614 5022 interpretatur
641 4954 942 5024 speculatio
965 4996 979 5021 ,
1008 4954 1150 5025 quod
1192 4963 1275 5010 est
1306 4954 1546 5009 Ecclesia
1570 4995 1586 5019 ,
1631 4955 1683 5006 in
1712 4968 1817 5022 qua

247 5038 486 5100 Dominus
512 5046 870 5115 Spiritualiter
910 5048 1088 5101 inesse
1118 5043 1414 5101 reverenda
1444 5057 1659 5112 semper
1688 5058 1821 5097 con-

245 5135 581 5207 templatione
608 5146 960 5193 monstratur.

308 5224 457 5283 Vere.
486 5229 542 5283 5.
570 5226 927 5298 Conﬁteantur
954 5227 1150 5282 nomini
1176 5237 1265 5281 tuo
1293 5242 1480 5299 magno
1503 5234 1552 5280 et
1580 5225 1821 5292 terribili,

234 5318 469 5374 quantm
500 5330 735 5373 sanctum
766 5327 861 5374 est.
898 5318 1028 5374 Post
1055 5319 1449 5388 apparitionem
1495 5318 1674 5373 carnis
1702 5333 1821 5386 quae

225 5391 369 5480 facta
396 5420 479 5466 est
507 5413 559 5466 in
593 5412 723 5469 Sion
746 5456 759 5479 ,
792 5409 1155 5467 confitendum
1186 5408 1316 5464 dicit
1346 5408 1558 5480 populis
1588 5409 1817 5463 Domino

211 5478 514 5566 Silvatori,
539 5501 607 5556 de
634 5478 829 5571 quibus
872 5501 1116 5570 superius
1146 5478 1455 5554 dictum'cst
1474 5540 1488 5565 ,
1522 5500 1817 5552 irascantur

202 5583 434 5656 "puli.
459 5594 552 5648 Sic
580 5595 722 5649 enim
753 5594 808 5649 in
843 5593 1084 5649 Ecclesia
1127 5593 1387 5647 catholica
1420 5592 1656 5663 quotidie
1702 5591 1818 5647 fieri

191 5665 506 5763 ridemus,
540 5693 598 5739 ut
620 5686 706 5753 qui
734 5686 884 5755 prius
908 5683 1124 5739 fuerunt
1155 5686 1475 5754 blasphemi,
1508 5685 1666 5753 paulo
1696 5693 1821 5755 post

172 5765 339 5833 διιιι
370 5780 635 5849 (Domino
679 5775 1005 5850 pra-stante)
1038 5778 1287 5836 correcti.
1342 5777 1590 5853 Magnum
1636 5786 1814 5837 autem

1925 4572 2167 4641 quoniam
2209 4583 2448 4627 sanctum
2489 4582 2581 4627 est.
2625 4572 2887 4640 Quoniam
2936 4574 3126 4630 beatus
3164 4577 3510 4646 Augustinus.

1926 4664 2370 4734 diligentissimus
2402 4667 2700 4735 exquisitor
2724 4708 2737 4727 .
2770 4682 2965 4735 corpus
3006 4667 3217 4723 Domini
3258 4670 3399 4739 quod
3444 4669 3511 4724 de

1928 4761 2090 4816 Maria
2123 4761 2339 4833 Virgine
2361 4766 2606 4833 sumpsit,
2632 4766 2907 4820 scabellum
2947 4767 3244 4822 divinitatis
3278 4769 3393 4837 l‘jlli
3422 4785 3512 4823 as-

1927 4854 2093 4908 seruit
2115 4852 2301 4924 (Enar.
2338 4856 2391 4909 in
2426 4857 2560 4927 psal.
2601 4872 2785 4921 xcvm,
2809 4868 2926 4913 ante
2946 4860 3107 4931 med.)
3130 4859 3293 4930 330
3314 4861 3513 4917 debere

1928 4946 2151 5010 sentire,
2180 4956 2398 5016 propter
2428 4957 2677 5003 naturam
2708 4951 3056 5005 humanitatis
3080 4994 3096 5019 ,
3130 4967 3286 5021 quam
3320 4961 3404 5006 est
3429 4952 3514 5007 di-

1928 5043 2119 5106 gnatus
2158 5038 2579 5094 assumerezilli
2624 5042 2766 5095 enim
2814 5042 2997 5098 virtuti
3041 5057 3162 5098 esse
3212 5044 3509 5111 subjectum

1926 5139 2085 5197 atque
2116 5128 2321 5183 unitum
2342 5170 2358 5195 ,
2388 5131 2639 5185 omnibus
2668 5134 2933 5191 creaturis
2963 5144 3173 5190 constat
3206 5140 3504 5205 excelsius,

1926 5222 2064 5277 sicut
2091 5220 2220 5276 dicit
2246 5223 2574 5288 Apostolus:
2607 5225 2757 5289 Quod
2786 5227 3053 5294 infirmum
3083 5238 3157 5284 est
3196 5230 3288 5285 Dei
3321 5233 3510 5301 fortius

1927 5325 2001 5370 est
2022 5314 2310 5371 hominibus
2329 5314 2380 5386 (Ι
2396 5316 2513 5371 Cor.
2538 5317 2704 5387 t,25);
2721 5328 2776 5374 et
2791 5320 2914 5375 alibi
2929 5322 2997 5376 de
3016 5323 3201 5378 eodem
3222 5325 3513 5384 Mediatore

1930 5407 2023 5462 Dei
2046 5418 2099 5462 et
2115 5407 2390 5463 hominum
2416 5409 2630 5464 homine
2652 5411 2868 5466 Christo
2888 5413 3016 5468 Iesu
3039 5417 3327 5483 Apostolus
3345 5419 3507 5477 dicit:

1932 5496 2150 5564 Propter
2180 5498 2316 5565 quod
2345 5498 2479 5551 Deus
2508 5501 2747 5554 exultavit
2778 5503 2945 5569 illum,
2993 5512 3043 5557 et
3081 5506 3288 5559 donavit
3312 5509 3391 5562 illi
3421 5529 3510 5566 no-

1929 5607 2044 5645 men
2082 5589 2218 5656 quod
2245 5598 2319 5642 est
2348 5606 2500 5658 super
2531 5608 2681 5647 omne
2725 5611 2906 5649 nomen
2946 5610 2963 5648 :
2996 5605 3050 5648 ut
3080 5596 3132 5648 in
3157 5599 3356 5653 nomine
3383 5600 3510 5657 Iesu

1932 5694 2080 5736 onme
2109 5695 2241 5749 genu
2269 5681 2506 5747 ﬂectatur
2536 5682 2827 5750 coelestium,
2891 5689 3211 5742 terrestrium
3254 5700 3300 5743 et
3353 5691 3518 5759 infer-

1934 5790 2111 5832 norum
2141 5771 2369 5847 (Philip.
2401 5788 2458 5842 lt,
2487 5774 2577 5846 9):
2612 5794 2747 5834 nunc
2778 5779 3059 5838 dicendum
3088 5786 3242 5843 nobis
3268 5796 3348 5844 est
3380 5787 3506 5856 quid
