3952 6162
505 296 607 353 895

1729 289 1794 343 Μ.
1846 287 2124 343 ΛΕΒΕῌΙ
2161 287 2566 346 ΟΑΒΞῖΟΒὉῘίῐ
3603 299 3684 357 696

500 413 556 471 in
587 413 690 470 isto
709 429 866 469 versu
894 415 1046 484 pedes
1067 413 1182 484 ejus
1213 414 1514 483 significare
1538 412 1842 478 videantur,
1873 413 2078 467 scitich
2108 415 2156 471 A
2186 408 2272 462 ille
2295 409 2586 464 seabellum
2607 407 2818 475 dicitur,
2845 407 2934 478 qui
2958 424 3017 464 se
3039 409 3227 472 venui,
3254 412 3511 477 scarabao,
3539 413 3684 471 herba

503 505 844 561 stabilitatem
886 505 1206 571 Divinitatis,
1245 519 1364 574 qua:
1396 519 1612 572 semper
1642 505 1694 559 in
1726 514 1930 558 natura:
1953 514 2080 559 “sum

502 596 851 664 tnnnipotenti
881 595 1045 666 gloria
1077 605 1328 668 tanquam
1370 597 1566 668 pedum
1611 595 1876 650 indefecta
1911 594 2078 648 stabi-

503 687 623 741 litas
663 697 994 756 perseverat.
1029 689 1198 758 llujus
1230 705 1356 759 ergo
1389 688 1545 746 Verbi
1594 697 1927 756 assumptum
1959 701 2079 740 cor-

500 791 621 842 pus,
655 779 899 845 quamvis
922 778 1237 847 gloriosum,
1270 778 1513 848 quamvis
1541 776 2080 848 magnum,qnamvis

500 871 570 922 sit
599 855 905 936 adorabile;
936 879 1113 926 tamen
1143 879 1364 940 prepter
1395 869 1746 924 humilitatem
1780 867 2079 923 humanita—

496 963 599 1027 tis,
641 963 920 1016 scabeflum
959 962 1148 1033 pedum
1176 970 1545 1033 competenter
1590 960 1902 1029 accipimus.
1942 958 2074 1013 Nam

493 1069 613 1107 cum
645 1056 759 1123 ipse
787 1055 931 1110 dicat
964 1074 975 1108 :
1011 1053 1206 1110 Caelum
1249 1057 1377 1109 milii
1415 1057 1558 1110 sedes
1602 1065 1704 1120 est;
1739 1065 1877 1108 terra
1905 1063 2078 1106 autem

495 1147 774 1200 scabellum
805 1148 991 1216 pedum
1019 1164 1248 1200 meorum
1279 1147 1435 1217 (lsai.
1464 1163 1610 1212 vat,
1639 1145 1724 1216 1);
1749 1162 1942 1215 corpus
1975 1157 2078 1200 ter-

499 1255 687 1294 renum
721 1241 859 1307 quod
885 1241 951 1296 de
977 1241 1139 1296 Maria
1169 1241 1386 1309 Virgine
1413 1239 1660 1310 sumpsit,
1692 1241 1825 1294 bene
1852 1241 1934 1305 (ut
1961 1239 2079 1308 opi-

493 1329 828 1400 n0r)eadem
879 1331 1225 1387 similitudine
1273 1331 1549 1385 scabellum
1596 1332 1782 1399 pedum
1815 1331 1926 1399 ejus
1955 1343 2080 1398 prc-

493 1420 651 1474 batur
679 1421 927 1491 intelligi.
979 1421 1047 1476 Et
1077 1433 1200 1476 uota
1247 1423 1366 1491 quia
1415 1436 1522 1474 non
1568 1418 1706 1473 dixit
1750 1438 1762 1471 :
1813 1419 2074 1485 Quoniam

494 1521 712 1566 sanctus
737 1521 848 1576 est;
892 1512 1008 1583 sed,
1039 1513 1280 1582 quoniam
1328 1522 1562 1566 sanctum
1608 1519 1717 1576 est;
1767 1508 1974 1565 scilicet
2019 1517 2078 1564 ut

495 1617 692 1672 corpus
721 1619 749 1657 a
782 1603 978 1658 deitate
1006 1603 1203 1657 mentis
1231 1602 1687 1669 contemplatione
1715 1600 2071 1664 discerneres,

497 1695 590 1750 sed
619 1697 684 1752 ad
717 1712 872 1751 unam
927 1711 1212 1766 personam
1255 1697 1509 1761 referres,
1547 1695 1598 1749 id
1626 1703 1709 1750 est
1739 1693 1800 1748 ad
1851 1692 2072 1747 Verbum

488 1785 629 1854 quod
658 1803 779 1840 caro
806 1788 996 1857 factum
1025 1797 1101 1842 est
1127 1829 1140 1852 ,
1173 1795 1221 1841 et
1251 1787 1496 1840 habitavit
1525 1786 1578 1839 in
1606 1784 1750 1838 nobis
1793 1783 1980 1855 (Joan.
2020 1799 2069 1848 t,

490 1876 603 1947 Η).
641 1875 808 1933 Pedes
846 1880 1006 1934 etiam
1052 1879 1349 1934 Divinitatis
1391 1893 1483 1948 per
1516 1877 1868 1946 tropologiam
1899 1875 2064 1940 dicit,

487 1969 625 2023 sicut
659 1978 712 2024 et
737 1969 1015 2024 scobe-llum
1040 1970 1238 2027 dictum
1271 1980 1372 2025 est.
1406 1969 1579 2024 Etiam
1614 1970 1692 2024 sic
1719 1967 1943 2022 forsitan
1973 1966 2070 2022 de-

491 2062 679 2117 bemus
738 2065 1024 2132 accipere,
1073 2073 1130 2118 ut
1183 2073 1424 2119 extrema
1484 2064 1740 2134 temporis
1784 2062 2068 2132 designet,

489 2153 701 2218 quando
748 2153 1006 2210 Dominus
1057 2156 1326 2210 incarnari
1376 2155 1624 2227 dignatus
1665 2164 1767 2209 est.
1818 2153 1974 2209 Unde
2017 2162 2074 2209 et

489 2245 720 2300 Joannes
761 2249 1090 2319 evangelista
1141 2249 1272 2303 dicit
1305 2266 1318 2302 :
1357 2246 1572 2313 Filioli,
1621 2248 1896 2301 novissima
1944 2246 2071 2300 hora

489 2346 559 2390 est
586 2333 817 2408 (lJoan.
848 2355 906 2405 tt,
942 2340 1061 2412 13);
1094 2339 1290 2394 Paulus
1335 2355 1546 2412 quoque
1575 2339 1850 2406 apostolus
1891 2338 2022 2392 dicit
2051 2354 2067 2390 :

489 2429 616 2485 Cum
645 2432 855 2486 venisset
894 2432 1161 2502 plenitudo
1187 2444 1504 2503 temporum,
1532 2433 1666 2486 misit
1699 2431 1836 2487 Dens
1873 2429 1921 2483 F
1926 2431 2072 2484 ilium

489 2537 635 2573 suum
655 2523 846 2590 factum
870 2537 932 2576 ea:
955 2523 1184 2583 muliere.
1211 2527 1404 2592 factum
1428 2524 1518 2578 sub
1547 2522 1656 2593 lege
1680 2521 1824 2592 (Gal.
1857 2538 1926 2589 tv,
1957 2520 2031 2587 4).

567 2611 714 2668 Vers.
748 2614 802 2669 7.
848 2614 1050 2686 Moyses
1088 2624 1134 2668 et
1172 2616 1342 2669 Aaron
1383 2615 1434 2668 in
1472 2615 1820 2668 sacerdotibus
1862 2615 1992 2684 ejus,
2024 2624 2074 2667 et

492 2705 706 2759 Samuel
734 2706 863 2759 inter
889 2723 972 2760 eos
999 2708 1086 2778 qui
1118 2709 1356 2762 invocant
1382 2724 1564 2761 nomen
1594 2709 1700 2778 ejus
1723 2725 1739 2771 ;
1773 2707 2073 2761 invocabant

494 2795 791 2862 Dominum,
825 2807 872 2851 et
909 2797 1019 2869 ipse
1048 2798 1350 2852 exaudiebat
1379 2814 1484 2852 eos.
1519 2797 1640 2853 Ideo
1669 2797 1858 2867 priscae
1889 2806 2074 2851 aucto-

491 2889 664 2942 ritatis
697 2903 919 2958 magnos
950 2890 1096 2945 viros
1125 2891 1342 2960 posuit,
1373 2891 1561 2960 eisque
1589 2890 1814 2958 gratiam
1861 2889 2070 2944 Domini

491 2981 684 3035 asserit
707 2981 872 3037 fuisse
902 2996 1237 3045 concessam,
1272 2992 1330 3037 ut
1375 2983 1438 3036 ad
1472 2982 1703 3038 similem
1729 2983 2069 3038 devotionem

492 3071 674 3126 tidelcs
727 3073 948 3142 populos
997 3073 1264 3128 incitaret.
1316 3074 1381 3128 Et
1411 3081 1535 3127 nota
1579 3074 1706 3142 quia
1741 3073 1826 3127 hic
1855 3073 2068 3143 Moysen

489 3163 804 3217 sacerdotem
835 3165 986 3230 dicit,
1019 3167 1144 3219 dum
1179 3167 1258 3220 sic
1287 3164 1338 3218 in
1373 3165 1744 3234 licptateucbo
1772 3180 1875 3219 non
1920 3166 2066 3236 lega-

490 3267 606 3324 tur;
640 3261 729 3329 qui
758 3261 858 3313 etsi
881 3261 1081 3314 hostias
1111 3275 1214 3314 non
1240 3259 1521 3326 offerebat,
1545 3260 1683 3314 sicut
1703 3261 1878 3313 Aaron
1905 3259 2070 3314 frater

489 3350 693 3418 ipsius,
724 3360 848 3405 vota
895 3361 1072 3406 tamen
1114 3351 1429 3422 populorum
1473 3365 1653 3405 coram
1702 3349 1815 3405 Deo
1855 3365 2070 3420 semper

489 3440 758 3507 exhibuit,
790 3442 930 3512 quod
960 3442 1254 3498 sacerdotis
1281 3441 1517 3496 officium
1559 3456 1681 3496 esse
1713 3449 2066 3498 monstratur.

489 3535 825 3603 Quapropter
849 3535 1042 3589 merito
1064 3543 1118 3590 et
1145 3533 1229 3589 hic
1250 3535 1491 3588 sacerdos
1513 3533 1724 3596 dicitur,
1751 3533 1839 3602 qui
1865 3533 2071 3602 magnis

490 3625 760 3691 precibus,
790 3627 1054 3682 irascente
1083 3627 1332 3692 Domino,
1367 3642 1464 3696 pro
1497 3627 1692 3695 populo
1727 3624 2066 3693 supplicavit.

488 3715 704 3768 Samuel
734 3725 910 3770 autem
945 3716 996 3770 in
1025 3716 1226 3787 templo
1259 3716 1469 3770 Domini
1505 3715 1834 3785 prasdicabili
1867 3717 2069 3770 sancti-

492 3816 601 3862 tate
628 3817 979 3864 conversatus
1010 3817 1110 3874 est,
1147 3809 1232 3878 qui
1265 3807 1429 3862 David
1457 3810 1607 3861 unxit
1631 3808 1680 3860 in
1715 3821 1916 3874 regem.
1962 3806 2068 3862 Sed

485 3900 737 3967 quoniam
786 3900 1081 3955 sacerdotis
1127 3914 1232 3954 non
1266 3901 1470 3968 accepit
1513 3899 1744 3953 ofﬁcium
1780 3898 1922 3968 (quia
1955 3907 2072 3953 erat

489 3990 555 4045 de
581 3991 719 4045 tribu
743 3991 1016 4058 Ephraim,
1046 3990 1186 4045 unde
1211 3989 1521 4045 sarcrdotes
1554 3990 1666 4044 ﬁeri
1697 4005 1802 4044 non
1827 3989 2066 4059 licebat),

488 4083 694 4139 addidit
733 4085 800 4139 tle
845 4085 962 4156 ipso
983 4131 996 4155 ,
1031 4086 1162 4140 inter
1190 4101 1277 4140 eos
1318 4089 1404 4155 qui
1440 4086 1674 4139 invocant
1701 4101 1884 4139 nomen
1912 4087 2022 4156 ejus
2053 4099 2072 4138 .'

486 4183 606 4250 quia
641 4183 954 4237 nominatim
985 4199 1302 4252 percurrere
1333 4200 1440 4237 non
1479 4191 1718 4252 poterat,
1762 4199 1894 4253 quos
1928 4183 2068 4238 mul-

485 4272 660 4327 titudo
686 4271 892 4327 infinita
935 4273 1217 4329 dilatabat.
1264 4274 1476 4344 Adjccit
1500 4317 1514 4339 ,
1544 4277 1850 4328 invocabant
1883 4274 2067 4328 Domi-

484 4380 626 4428 nam,
661 4374 709 4418 et
733 4366 842 4435 ipse
882 4367 1183 4421 exaudiebat
1212 4384 1314 4422 eos.
1341 4369 1609 4432 Quantum
1634 4368 1811 4422 valeat
1843 4368 2067 4424 sinceri-

2191 499 2472 565 fullouum,
2505 511 2560 554 et
2585 500 2822 571 angulari
2847 499 3004 570 lapidi
3029 504 3368 570 comparavit,
3391 519 3484 557 non
3509 507 3692 560 vilitatis

2191 596 2320 668 [ed.,
2349 593 2614 666 utilitatis]
2648 594 2864 659 intuitu,
2889 594 2982 648 sed
3016 594 3324 649 humilitatis
3343 595 3538 663 allecto;
3561 614 3687 668 quam

2189 686 2452 740 sumendo
2494 695 2700 739 tantum
2735 685 2860 740 fecit
2888 685 3174 751 excelsam,
3205 697 3440 756 quantum
3467 689 3590 755 prius
3611 688 3695 743 fuit

2185 779 2240 833 in
2274 779 2373 834 hoc
2403 779 2602 834 mundo
2629 779 2985 849 parvissima?
3030 779 3298 848 Sequitur,
3346 780 3452 848 quia
3487 781 3695 834 custodie-

2184 870 2303 923 bant
2330 871 2617 924 testimonia
2645 872 2777 940 ejus,
2811 881 2855 922 et
2886 879 3138 940 prmeepta
3165 871 3273 940 ejus
3294 911 3307 935 ,
3329 885 3433 936 qua
3458 870 3574 924 dedit
3598 872 3695 925 illis.

2184 960 2382 1014 Reddit
2422 975 2614 1014 causas
2663 975 2829 1030 quare
2859 973 2953 1014 eos
2995 958 3254 1012 exaudire
3286 959 3518 1013 Dominus
3549 959 3702 1028 digna-

2183 1062 2329 1106 retur
2356 1072 2367 1106 :
2401 1053 2522 1122 quia
2555 1053 2668 1121 ipse
2696 1053 2846 1106 illum
2875 1067 3004 1104 vere
3033 1049 3226 1118 diligit,
3254 1049 3339 1118 qui
3366 1047 3471 1116 ejus
3499 1051 3703 1105 mandata

2181 1145 2446 1214 custodit,
2478 1147 2616 1200 sicut
2663 1145 2778 1214 ipse
2808 1142 3086 1212 discipulis
3115 1142 3247 1197 dicit
3278 1159 3290 1193 :
3325 1141 3382 1196 Si
3410 1159 3480 1196 me
3514 1142 3704 1211 diligitis,

2182 1241 2426 1293 mandata
2477 1255 2588 1292 mea
2637 1248 2832 1293 servate
2875 1236 3064 1307 (Joan.
3107 1253 3219 1302 xrv,
3254 1235 3368 1306 15).
3399 1236 3708 1290 Testimonium

2189 1340 2273 1386 est
2321 1347 2413 1400 per
2453 1331 2602 1400 signa
2631 1332 2803 1400 aliqua
2856 1330 3206 1399 praecedentis
3245 1330 3316 1383 rei
3351 1331 3508 1399 posita
3550 1329 3718 1397 signiti-

2185 1423 2359 1488 catio,
2393 1423 2532 1477 sicut
2563 1423 2616 1476 in
2665 1421 3032 1492 lleptateuclto
3056 1421 3186 1476 dicit
3223 1438 3240 1476 :
3271 1420 3382 1474 Hoc
3410 1421 3500 1474 erit
3534 1422 3649 1474 vobis
3672 1422 3714 1475 in

2183 1515 2547 1571 testimonium.
2565 1514 2836 1584 Przecepta
2860 1515 3004 1569 enim
3033 1500 3306 1582 pertinent
3329 1511 3391 1565 ad
3411 1512 3567 1582 legem
3589 1527 3716 1581 quam

2182 1622 2277 1677 per
2305 1607 2523 1678 Moysen
2556 1606 2654 1660 visi
2685 1614 2810 1660 sunt
2836 1605 3130 1675 accepisse.
3159 1604 3315 1659 Unde
3336 1605 3608 1659 ostenditur
3624 1605 3716 1658 elli-

2182 1699 2462 1754 caeissime
2490 1699 2703 1769 placere
2724 1697 2853 1768 Deo,
2879 1697 3092 1767 quando
3113 1712 3142 1751 a
3168 1694 3326 1751 nobis
3341 1695 3452 1765 ejus
3472 1695 3722 1764 completur

2182 1792 2488 1861 imperium.

2189 1917 2196 1926 -
2258 1885 2408 1940 νει-ε.
2449 1885 2502 1940 9.
2546 1883 2769 1938 Domine
2807 1884 2941 1936 Deus
2972 1891 3176 1948 noster,
3238 1892 3293 1933 tu
3316 1879 3602 1934 exaudiebas
3631 1893 3719 1939 eos;

2181 1975 2337 2042 Deus,
2367 1987 2420 2029 tu
2447 1975 2700 2045 prapitius
2724 1975 2864 2046 fuisti
2886 1973 3011 2039 illis,
3037 1983 3084 2026 et
3107 1973 3380 2026 vindicans
3401 1972 3451 2024 in
3474 1971 3624 2024 omnia
3640 1977 3726 2020 stu-

2180 2068 2268 2122 dia
2287 2084 2485 2122 eorum.
2517 2068 2770 2137 Dicendo,
2800 2075 2856 2120 tu
2877 2065 3214 2132 exaudiebas,
3239 2075 3296 2120 et
3319 2075 3372 2118 tu
3400 2065 3498 2118 illis
3519 2063 3726 2133 propitias

2181 2161 2350 2232 fuisti,
2375 2159 2609 2214 ostendit
2631 2159 2842 2229 quidem
2871 2157 3138 2214 desideria
3180 2167 3488 2212 sanctorum
3529 2155 3576 2208 in
3606 2154 3728 2206 bonis

2182 2250 2532 2320 petitionibus
2564 2250 2728 2305 fuisse
2752 2249 3042 2318 completa,
3067 2255 3281 2319 eosque
3313 2247 3555 2302 beneﬁcia
3581 2259 3731 2299 susce-

2182 2342 2344 2412 pisse,
2380 2356 2499 2410 quae
2531 2340 2853 2396 videbantur
2884 2340 3204 2395 necessario
3236 2339 3506 2409 postulari.
3536 2337 3629 2393 Sed
3653 2337 3730 2389 ad-

2183 2430 2349 2497 didit,
2378 2442 2424 2486 et
2454 2431 2718 2485 vindicans
2761 2431 2814 2484 in
2856 2431 3030 2485 omnia
3057 2430 3246 2483 studia
3269 2445 3460 2484 eorum.
3505 2427 3606 2482 lloc
3629 2438 3727 2495 pro-

2185 2533 2370 2593 pterea
2391 2525 2621 2593 positum
2655 2533 2758 2592 est,
2789 2538 2856 2578 ne
2889 2537 3105 2593 semper
3143 2536 3256 2576 nos
3299 2533 3638 2592 quaereremus
3661 2529 3735 2571 sa-

2187 2616 2322 2682 diri,
2355 2614 2567 2684 quando
2613 2623 2896 2684 utrumque
2947 2616 2998 2667 in
3047 2613 3191 2682 ipsis
3243 2615 3451 2669 videtur
3479 2613 3733 2681 impletum.

2183 2709 2570 2778 cognoscimus
2592 2709 2734 2764 enim
2765 2723 2881 2771 eos.
2910 2717 2961 2762 et
2990 2706 3276 2762 interdum
3305 2705 3578 2762 exauditos
3604 2702 3739 2757 fuisse

2183 2815 2304 2852 cum
2353 2809 2596 2870 peterent
2644 2814 2929 2870 prospera,
2957 2807 3013 2854 et
3044 2800 3252 2853 iterum
3294 2800 3349 2852 in
3389 2798 3554 2852 studia
3595 2810 3738 2849 eorum

2183 2893 2496 2945 vindicatum
2517 2934 2531 2957 ,
2565 2907 2632 2946 ne
2659 2891 2887 2945 humana
2934 2890 3041 2944 illis
3073 2891 3252 2946 elatio
3282 2890 3553 2959 surripere
3575 2887 3744 2958 potuis-

2182 2990 2284 3036 sct.
2318 2982 2448 3037 Nam
2481 2983 2721 3052 quamvis
2747 2982 2906 3051 aliqui
2937 2980 3122 3035 fideles
3152 2982 3293 3047 sint,
3326 2991 3382 3036 et
3411 2994 3589 3048 magna
3613 2977 3744 3030 deto-

2185 3075 2331 3130 tionc
2365 3076 2677 3142 venerandi,
2707 3085 2920 3144 oportet
2971 3074 3024 3127 in
3071 3088 3178 3128 eos
3213 3091 3314 3143 pro
3357 3083 3591 3140 tempore
3615 3067 3749 3124 uindi-

2181 3167 2286 3219 cari
2317 3182 2336 3220 :
2368 3183 2432 3221 ne
2462 3181 2556 3220 cur
2596 3181 2782 3221 eorum
2833 3165 2896 3220 ad
2951 3164 3281 3233 superbiam
3337 3165 3574 3219 videatur
3619 3172 3749 3229 posse

2179 3255 2400 3322 deduci,
2440 3258 2580 3312 sicut
2627 3267 2680 3312 et
2719 3259 3008 3328 Apostolus
3050 3258 3198 3312 dicit
3232 3275 3248 3314 :
3280 3257 3353 3312 Et
3398 3274 3462 3310 ne
3491 3250 3753 3327 magnitudo

2180 3355 2542 3406 reuelationum
2565 3351 2775 3406 extollat
2795 3369 2896 3418 me,
2914 3354 3064 3407 datus
3087 3365 3177 3408 est
3198 3353 3332 3407 mihi
3353 3349 3586 3405 stimulus
3608 3343 3752 3399 carui:

2181 3463 2306 3501 mete
2334 3447 2545 3516 angelus
2579 3447 2810 3510 Satanaz,
2835 3446 2920 3514 qui
2950 3461 3027 3497 me
3052 3447 3390 3512 colaphiset.
3414 3443 3624 3512 Propter
3648 3433 3756 3506 quod

2183 3547 2257 3592 ter
2279 3537 2555 3591 Dominum
2579 3538 2750 3608 rogavi
2778 3547 2830 3592 ut
2853 3537 3142 3591 discederet
3165 3557 3200 3592 a
3228 3555 3311 3591 me
3337 3554 3357 3597 :
3388 3547 3436 3589 et
3465 3533 3591 3588 diuit
3617 3527 3754 3584 mihi:

2183 3627 2383 3698 Sufﬁcit
2426 3628 2513 3681 tibi
2536 3629 2700 3698 gratia
2725 3645 2835 3681 mea
2859 3643 2880 3681 .'
2913 3644 3027 3680 nam
3049 3630 3224 3684 uirtus
3263 3631 3315 3682 in
3335 3613 3636 3697 inﬁrmitate
3661 3635 3752 3690 per—

2181 3720 2355 3789 ﬁcitur
2382 3720 2470 3792 (II
2499 3721 2618 3774 Cor.
2650 3737 2745 3782 xtl,
2771 3721 2826 3786 7,
2857 3722 2889 3776 8
2910 3763 2923 3781 .
2955 3721 3040 3790 9).
3091 3721 3454 3791 Quapropter
3495 3719 3757 3774 audivimus

2181 3811 2482 3875 exauditos,
2516 3821 2569 3866 et
2602 3813 2653 3866 in
2677 3811 2755 3866 cis
2784 3811 3154 3880 intelligamus
3201 3812 3376 3867 etiam
3425 3810 3758 3865 vindicatum;

2183 3911 2242 3956 ut
2280 3918 2666 3974 cognoscamus
2714 3903 3122 3958 misericordem
3172 3905 3466 3959 Christum
3515 3909 3762 3966 utrumqae

2185 3994 2377 4050 fecisse
2410 3997 2721 4065 pmpitium.

2257 4086 2409 4140 Vers.
2436 4087 2520 4142 10.
2548 4087 2789 4142 Exallate
2816 4087 3091 4142 Dominum
3123 4089 3300 4144 Deum
3327 4099 3578 4152 nostrum,
3602 4094 3646 4139 et
3665 4081 3766 4134 ador

2181 4189 2290 4234 rate
2319 4181 2369 4232 in
2395 4191 2566 4234 monte
2591 4191 2766 4235 sancto
2797 4185 2909 4250 ejus
2935 4196 2951 4234 :
2979 4184 3240 4252 quoniam
3280 4191 3497 4236 sanctus
3523 4187 3594 4234 est
3620 4171 3768 4230 Bomi-

2179 4287 2276 4324 nus
2329 4269 2466 4324 Deus
2513 4282 2707 4325 noster.
2763 4271 2828 4325 Et
2867 4271 3120 4342 superius
3175 4274 3416 4343 quidem
3443 4285 3570 4342 pars
3614 4275 3771 4321 versus

2178 4361 2332 4416 istius
2360 4361 2575 4431 legitur,
2614 4362 2701 4415 ubi
2733 4361 2870 4417 facta
2915 4363 3113 4418 divisio
3148 4373 3245 4419 est
3277 4382 3293 4432 ;
3332 4364 3434 4420 sed
3479 4362 3553 4417 ibi
3581 4357 3772 4425 subjun-

485 4463 570 4507 tas
596 4456 851 4509 orationis
881 4457 932 4510 in
975 4457 1236 4513 brevitate
1265 4459 1594 4513 declaratum
1645 4467 1748 4526 est,
1783 4461 1905 4530 quia
1937 4461 2066 4515 lide-
2093 4458 2145 4518 D
2175 4462 2317 4506 Clum
2349 4461 2449 4520 εει»
2483 4462 2528 4507 εἰ
2552 4454 2764 4529 adorata
2785 4453 3060 4508 scabellum
3083 4456 3294 4523 pedum
3323 4459 3479 4528 ejus;
3508 4453 3594 4507 hic
3618 4457 3772 4503 3mm

488 4544 610 4599 liter
632 4547 996 4615 supplicantes
1028 4547 1319 4605 efficaciter
1351 4550 1623 4605 audiebat.

554 4635 710 4693 Vers.
747 4638 799 4694 8.
832 4637 898 4692 In
926 4641 1161 4694 columna
1190 4641 1337 4695 nubis
1367 4641 1664 4710 loquebatur
1689 4645 1756 4698 ad
1784 4661 1869 4699 eos
1895 4663 1914 4699 :
1941 4647 2066 4717 quia

482 4723 836 4786 custodiebant
887 4732 1175 4789 testimonia
1223 4737 1335 4806 ejus
1363 4777 1376 4800 ,
1411 4746 1456 4790 et
1487 4749 1746 4808 praecepta
1792 4743 1905 4812 ejus
1951 4757 2069 4812 quae

485 4823 625 4875 dedit
667 4824 789 4879 illis.
842 4823 957 4879 Non
991 4835 1145 4881 vacat
1173 4827 1314 4896 quod
1347 4826 1551 4883 dictum
1583 4842 1695 4896 est,
1744 4833 1799 4886 in
1826 4833 2067 4887 columna

481 4913 668 4979 nabis,
707 4915 828 4984 quia
859 4930 1073 4987 semper
1102 4917 1199 4972 ista
1251 4919 1301 4972 in
1349 4919 1706 4978 aadilicatione
1735 4924 1926 4980 domus
1968 4941 2064 4993 pro

484 5003 506 5055 ἱ
541 5002 794 5060 rtitudine
824 5009 1038 5072 ponitur
1067 5016 1122 5062 et
1150 5009 1365 5065 decore.
1393 5010 1448 5065 ln
1482 5011 1581 5067 hac
1611 5028 1742 5083 ergo
1771 5017 1955 5085 specie
1985 5017 2068 5071 lo-

483 5095 746 5162 quebatur
775 5097 878 5152 illis
907 5098 1186 5164 Dominus,
1215 5117 1332 5169 qua:
1357 5111 1636 5158 venturam
1669 5104 1925 5160 fabricam
1962 5107 2067 5164 Ec—

479 5189 983 5246 clesiaznuntiabat.
1011 5192 1115 5247 Sed
1143 5194 1263 5262 quia
1291 5195 1396 5249 illis
1421 5205 1548 5252 tunc
1571 5211 1666 5265 per
1693 5199 1875 5252 nubent
1899 5200 2064 5256 verba

482 5279 625 5345 iecit,
657 5281 808 5336 nobis
840 5298 932 5350 per
958 5295 1198 5338 sanctum
1231 5285 1524 5341 seabellum
1564 5303 1743 5354 suum,
1777 5290 1828 5345 id
1861 5302 1944 5346 est
1971 5306 2065 5360 per

483 5373 906 5428 incarnationem
935 5383 990 5428 et
1022 5375 1162 5443 loqui
1205 5376 1542 5443 evidentius,
1595 5388 1650 5434 et
1679 5395 1942 5449 apparere
1987 5383 2067 5438 di-

476 5457 667 5529 gn'atus
696 5473 800 5517 est.
835 5463 880 5518 0
908 5465 1199 5519 scabellum
1234 5467 1487 5522 omnibus
1513 5471 1732 5539 templis
1761 5472 2059 5539 excelsius,

479 5554 731 5607 omnibus
758 5554 1122 5622 Spiritualibus
1157 5561 1425 5614 creaturis
1455 5560 1624 5614 multo
1669 5566 2016 5628 prmstantius
2045 5567 2057 5619 !

480 5648 619 5695 sicut
667 5646 796 5699 dicit
826 5647 1118 5715 Apostolus
1169 5667 1180 5700 :
1224 5650 1318 5702 (fui
1359 5663 1527 5703 autem
1559 5653 1687 5705 dixit
1718 5658 2017 5723 angelorum
2047 5674 2063 5709 :

484 5734 616 5787 Sede
637 5756 664 5789 a
699 5743 890 5794 dsxtris
922 5743 1039 5797 utris
1071 5743 1256 5814 (litbr.
1293 5761 1328 5811 ι,
1364 5745 1454 5814 5)?
1479 5746 1582 5802 Sed
1607 5749 1733 5818 quid
1768 5752 1986 5821 mirum,
2018 5752 2064 5808 si

2175 4561 2282 4600 non
2315 4555 2572 4610 montem,
2604 4546 2698 4601 sed
2730 4547 2782 4600 in
2810 4556 2977 4600 monte
3005 4558 3199 4601 saneto
3228 4547 3526 4602 Dominum
3547 4537 3778 4616 pracepit

2175 4636 2404 4692 adorari.
2460 4635 2612 4704 Quod
2642 4635 2708 4691 ad
2753 4647 2988 4692 montem
3035 4637 3180 4693 Sion
3217 4639 3237 4710 (
3253 4641 3352 4708 qui
3398 4647 3484 4694 est
3526 4629 3780 4697 Ecclesia)

2171 4725 2361 4782 referri
2407 4739 2566 4796 posse
2610 4741 2714 4780 non
2757 4726 2980 4781 dubium
3032 4735 3124 4781 est
3152 4767 3170 4794 ,
3225 4744 3358 4798 qua:
3403 4739 3490 4783 est
3539 4722 3775 4781 montium

2175 4833 2348 4886 mons,
2379 4829 2435 4875 et
2462 4828 2646 4875 sancta
2675 4832 3006 4886 sanaturum,
3039 4820 3215 4889 cujus
3250 4822 3378 4892 ipse
3410 4822 3678 4876 habitator
3713 4820 3784 4870 est

2179 4909 2448 4967 Chrisws.
2479 4910 2569 4967 Sic
2597 4923 2880 4982 utrumque
2903 4913 2955 4967 in
2979 4922 3182 4968 sancta
3217 4913 3488 4970 Ecclesia
3527 4911 3657 4966 dicit.
3677 4918 3782 4962 esse

2179 5003 2501 5058 faciendum.
2534 5003 2835 5058 Notandum
2867 5013 2950 5058 est
2997 5014 3195 5059 autem
3227 5006 3384 5075 quod
3420 5017 3665 5069 sanctum
3692 4999 3782 5053 Do-

2177 5099 2380 5152 minum
2413 5098 2465 5151 in
2496 5105 2680 5153 sancto
2711 5105 2892 5152 monte
2921 5098 3198 5166 prmccpit
3232 5099 3611 5159 adorandum,
3664 5103 3783 5161 quo-

2181 5190 2322 5244 niam
2353 5189 2491 5244 sicut
2521 5189 2634 5244 laus
2663 5189 2782 5259 ejus
2813 5203 2919 5242 non
2946 5190 3222 5244 convenit
3251 5193 3341 5246 ori
3373 5207 3568 5261 pravo,
3602 5188 3670 5243 ita
3700 5193 3787 5237 nec

2178 5282 2296 5352 ejus
2326 5283 2550 5338 culturae
2574 5283 2674 5338 loci
2702 5291 2877 5353 potest
2901 5297 3224 5350 congruere
3260 5285 3574 5356 turpitudo.

2707 5422 2976 5478 Conclusio
3015 5426 3254 5492 psalmi.

2242 5565 2656 5622 Considarcmus
2683 5565 2871 5620 faciem
2903 5565 3068 5635 hujus
3118 5569 3377 5636 psalmi,
3413 5567 3568 5638 quasi
3599 5561 3790 5620 duobus

2169 5658 2461 5712 luminibus
2487 5658 2770 5726 splendere
2797 5657 3218 5728 pulcherrimis.
3259 5661 3583 5716 lncredulos
3610 5658 3791 5710 terret.

2168 5760 2228 5807 vt
2253 5750 2315 5806 ad
2345 5751 2788 5822 supplicationem
2828 5751 3270 5810 devotis:imam
3307 5756 3472 5826 331
3511 5752 3793 5824 perducan-
