3952 6162
303 285 390 338 697

1209 292 1568 351 EXPOSI'HO
1610 295 1673 351 IN
1715 295 2171 355 PSALTERIUM.
2217 300 2407 356 PSAL.
2451 303 2637 360 XCIX.

3461 316 3570 375 888

301 411 402 467 tur;
436 399 683 456 fidelibus
713 401 986 459 Christum
1019 405 1302 461 Dominum
1334 408 1565 464 adorare
1609 410 1835 478 praecipit

1944 441 1956 470 ι
1984 409 2271 478 allegorice
2295 421 2506 466 constat
2529 414 2772 486 intelligi.
2805 416 3072 487 Allegoria
3108 429 3192 475 est
3222 423 3364 477 enim
3398 425 3570 496 ﬁgura

299 494 406 560 quia
445 494 560 562 ipse
593 497 738 550 novit
784 498 1044 553 exaudire
1092 515 1227 569 quos
1271 501 1463 570 diligit.
1509 503 1670 558 Beata
1723 505 1872 572 plebs

297 591 404 647 qua:
438 584 506 643 de
559 585 648 640 tali
679 587 875 655 gaudet
908 589 1136 657 imperio
1169 609 1181 643 :
1214 593 1375 646 vitale
1425 594 1621 663 quippe
1651 593 1869 650 deside-

294 679 424 733 rium
454 688 536 733 est
563 693 859 747 agnoscere
889 691 944 736 et
969 697 1151 738 amare
1171 685 1506 740 Creatorem.
1533 687 1872 757 Quapropter

288 773 696 829 exsultationem
731 776 886 832 nobis
911 787 1126 833 moveat
1151 781 1367 835 auditus
1411 781 1671 838 Dominus
1705 784 1866 839 Chri-

287 876 412 918 stus.
443 863 645 921 Fidelis
671 869 812 922 servi
844 877 929 923 est
952 870 1176 940 diligere
1201 871 1590 930 dominantem.
1617 876 1747 930 Nam
1773 879 1864 949 qui

283 969 378 1008 non
409 955 573 1010 habet
601 958 977 1014 cliarissimum
1004 961 1417 1030 gubernatorem
1455 981 1634 1034 suum,
1661 969 1777 1037 ipse
1805 984 1865 1024 se

283 1047 556 1115 profitetur
584 1050 937 1107 horrendum.
988 1055 1188 1109 Natura
1215 1058 1412 1127 quippe
1441 1074 1620 1114 rerum
1650 1071 1734 1117 est
1757 1101 1771 1128 ,
1804 1072 1864 1117 ut

280 1138 338 1194 ab
369 1154 445 1193 eo
494 1149 550 1195 te
595 1142 742 1210 diligi
784 1157 944 1212 posse
993 1145 1302 1201 nullatenus
1335 1148 1654 1214 arbitreris,
1699 1168 1859 1220 quem

278 1230 424 1283 chara
451 1240 632 1286 mente
661 1247 764 1286 non
796 1234 1027 1302 appetis.
1084 1237 1377 1307 Diligamus
1404 1240 1588 1312 igitur,
1619 1253 1682 1298 ut
1710 1260 1861 1301 ame-

277 1336 421 1387 ntur;
454 1336 766 1392 qrteramus
787 1365 802 1390 ,
845 1336 902 1379 ut
933 1327 1300 1397 inveniamus;
1335 1335 1613 1401 pulsemus
1641 1376 1657 1402 ,
1707 1347 1764 1392 ut
1789 1339 1857 1393 ad

275 1428 381 1468 eum
409 1418 682 1472 accedere
709 1419 1000 1476 valeamus.
1033 1422 1229 1476 Contra
1259 1440 1450 1481 omnes
1479 1431 1744 1485 amentias
1771 1440 1858 1487 est

275 1518 380 1558 eum
412 1507 594 1576 tepide
615 1523 879 1579 quaerere,
908 1526 1066 1581 quem
1099 1514 1192 1570 tibi
1225 1519 1510 1588 cognoscis
1537 1529 1737 1577 aeterna
1761 1522 1858 1579 be-

276 1598 452 1653 neficia
486 1614 648 1668 posse
679 1611 958 1671 praestare.

521 1741 886 1800 EXPOSITIO
922 1745 986 1801 IN
1027 1749 1350 1808 PSALMUM
1391 1753 1574 1810 XCIX.

708 1860 949 1918 Psalmus
975 1865 1029 1919 in
1057 1868 1397 1937 confessione.

329 1967 459 2024 Cum
500 1970 813 2042 frequenter
842 1976 896 2031 in
936 1979 1157 2047 psalmis
1196 1984 1367 2052 posita
1413 1987 1482 2041 sit
1523 2003 1619 2057 pro
1662 2006 1843 2048 rerum

272 2065 655 2131 opportunitate
683 2070 970 2138 confessio,
1003 2072 1092 2128 hic
1123 2083 1300 2130 tamen
1330 2077 1383 2130 in
1416 2079 1570 2136 titulo
1601 2082 1840 2152 singula-

276 2153 389 2208 riter
409 2156 664 2222 probatur
677 2160 906 2229 ascripta
929 2179 942 2214 :
971 2178 1184 2232 revera,
1206 2168 1326 2237 quia
1353 2178 1494 2224 totus
1512 2173 1596 2227 hic
1606 2176 1844 2243 psalmus

273 2245 330 2300 ad
367 2258 618 2319 utrasque
653 2253 883 2320 pertinet
919 2255 1308 2316 confessiones.
1359 2263 1469 2318 Una
1515 2279 1597 2322 est
1628 2271 1844 2339 quando

277 2349 471 2404 peccata
503 2352 686 2396 nostra
718 2344 1062 2414 deplorantes
1103 2349 1234 2423 [ed.,
1270 2352 1693 2432 depromentes],
1731 2364 1842 2417 cul-

276 2429 460 2496 pabiles
499 2448 597 2488 nos
642 2449 871 2507 reosque
920 2441 1261 2512 profitemur,
1309 2459 1364 2501 et
1417 2429 1842 2511 misericprdiam

276 2521 465 2578 Domini
508 2528 908 2584 concedendam
942 2532 1094 2588 nobis
1131 2527 1230 2604 piis
1277 2537 1492 2595 fletibus
1535 2557 1840 2602 exoramus.

270 2616 461 2682 Altera,
495 2635 618 2674 cum
647 2621 762 2676 sive
804 2623 958 2680 nobis
989 2627 1248 2684 beneficia
1289 2632 1481 2686 collata
1526 2635 1840 2706 laudamus,

265 2708 366 2762 sive
391 2710 512 2764 aliis
553 2715 785 2780 praestita
822 2731 944 2771 cum
987 2733 1174 2790 magna
1224 2724 1578 2782 exsultatione
1618 2745 1839 2785 venera-

259 2815 391 2856 mur.
419 2802 700 2860 Confessio
727 2807 868 2862 enim
893 2812 1042 2878 quasi
1065 2812 1302 2869 conlatio
1335 2817 1545 2886 dicitur,
1577 2822 1691 2876 sive
1723 2839 1838 2892 pa:-

257 2896 495 2962 m'tenria,
529 2898 644 2953 sive
675 2899 793 2955 laus
821 2903 1108 2959 multorum
1135 2921 1229 2962 ore
1253 2910 1550 2978 celebrata;
1576 2931 1694 2982 quae
1715 2917 1833 2974 ideo

249 2988 322 3042 sic
351 2988 567 3057 dicitur,
591 3000 666 3046 -ιιι
708 2993 775 3048 ad
807 2994 1066 3064 plurimos
1097 3001 1369 3067 pertinere
1409 3017 1754 3064 monstretur.

825 3135 1022 3193 Diuisio
1045 3141 1250 3211 psalmi.

312 3270 369 3325 ln
402 3273 572 3342 prima
599 3284 749 3344 parte
779 3279 969 3347 psalmi
999 3284 1252 3352 pmpheta
1283 3300 1590 3346 commonet
1619 3293 1834 3349 univer—

241 3362 455 3419 sitatem
476 3407 492 3429 ,
522 3377 582 3420 ut
624 3368 902 3424 Dominum
930 3372 1125 3430 debeat
1150 3377 1252 3431 sub
1281 3395 1468 3449 magna
1493 3383 1831 3452 jucunditate

242 3454 482 3522 laudare,
507 3460 630 3527 quia
658 3463 788 3516 tanti
809 3462 1018 3519 Domini
1044 3468 1194 3521 triste
1217 3485 1320 3525 non
1346 3473 1501 3528 decet
1525 3479 1824 3533 servitium.

243 3548 302 3601 Et
337 3567 404 3605 ne
431 3566 652 3621 semper
681 3555 781 3608 hoc
811 3573 1009 3626 genere
1037 3563 1392 3620 confessionis
1421 3571 1676 3624 utendum
1709 3588 1828 3628 cre-

239 3644 389 3696 deret
437 3643 795 3717 Christianus,
827 3653 1059 3706 secunda
1095 3665 1244 3723 parte
1273 3659 1429 3724 dicit,
1479 3672 1534 3716 ut
1562 3666 1822 3721 malorum

241 3741 542 3788 nostrorum
588 3738 783 3794 delicta
837 3746 1202 3812 paenitentes,
1262 3751 1603 3822 indulgentia:
1660 3750 1824 3827 ipsius

241 3831 422 3888 portas
473 3828 676 3883 intrare
729 3847 1067 3904 mereamur,
1115 3841 1239 3910 quia
1299 3843 1664 3903 misericordia
1705 3851 1822 3920 ejus

243 3930 514 3983 permanet
553 3921 606 3975 in
638 3933 922 3982 aeternum.

774 4064 1040 4140 Expositio
1075 4075 1280 4143 psalmi.

313 4199 464 4258 Vers.
503 4205 552 4258 l.
581 4204 812 4262 Jubilate
851 4208 981 4280 Deo,
1011 4217 1174 4269 omnis
1205 4228 1358 4273 terra.
1391 4219 1597 4279 Sollicit
1620 4238 1660 4278 .s
1697 4241 1820 4297 pro-

241 4294 397 4360 pheta
419 4297 486 4352 de
508 4301 704 4367 populo
725 4301 888 4366 fideli,
917 4321 984 4360 ne
1005 4321 1063 4362 se
1084 4318 1293 4376 putaret
1309 4314 1408 4368 sub
1426 4294 1710 4373 anxietate-
1725 4321 1821 4373 tri—

241 4387 399 4441 stiti.‘e
436 4391 652 4446 Christo
679 4393 908 4451 Domino
928 4403 1248 4458 serviturum
1266 4446 1282 4470 ,
1303 4409 1532 4476 primum
1573 4427 1602 4465 a
1626 4413 1821 4480 jubila-

234 4477 378 4532 tione
389 4485 572 4550 copit,
595 4486 714 4549 quia
743 4487 852 4555 ipsa
871 4498 954 4543 est
965 4489 1096 4560 justi
1119 4496 1348 4562 perfecta
1363 4499 1577 4556 devotio
1596 4477 1821 4562 Domino
1849 4523 1903 4583 ι)

229 4570 330 4622 sub
360 4576 559 4629 utentis
585 4575 919 4644 jucunditate
952 4582 1234 4652 famulari,
1277 4589 1415 4645 sicut
1442 4599 1498 4646 et
1530 4595 1820 4663 Apostolus

225 4673 412 4719 monet
447 4684 459 4719 :
491 4666 707 4738 Semper
733 4677 979 4742 gaudete,
1019 4679 1130 4732 sine
1155 4681 1531 4740 in'ermisrione
1558 4700 1733 4757 orate,
1767 4692 1823 4746 in

221 4758 463 4812 omnibus
483 4762 681 4830 gratias
713 4765 851 4833 agite
881 4765 934 4835 (Ι
966 4767 1141 4824 Tltess.
1177 4787 1232 4840 ν,
1263 4775 1346 4840 16,
1392 4778 1478 4842 i7,
1514 4781 1624 4850 18).
1660 4783 1724 4838 Et
1754 4799 1822 4840 ne

216 4851 341 4910 quis
366 4864 433 4904 se
473 4851 694 4908 minime
729 4857 976 4912 crederet
1023 4872 1334 4930 evocatum,
1371 4867 1608 4935 addidit,
1657 4877 1823 4930 omnis

231 4940 400 5003 terra;
435 4951 493 4994 ut
524 4943 637 5012 ipse
679 4946 821 5002 inter
849 4949 1093 5006 homines
1123 4969 1227 5010 non
1261 4957 1507 5014 videatur
1549 4964 1818 5032 existere,

233 5027 308 5085 qui
340 5031 483 5086 hanc
513 5049 698 5090 vocem
733 5038 996 5096 detrectat
1031 5047 1239 5102 audire.
1269 5049 1524 5106 Jubilatio
1562 5065 1646 5111 est
1675 5027 1818 5115 enim

229 5115 386 5176 (Sicut
434 5139 578 5194 saepe
607 5129 866 5202 diximus)
906 5149 1099 5206 magno
1127 5143 1326 5197 mentis
1359 5146 1554 5213 gaudio
1576 5164 1819 5208 cnmmo-

223 5210 359 5280 ‘eri,
386 5233 495 5271 non
519 5227 697 5275 tamen
723 5223 773 5276 in
796 5225 1079 5284 articulate
1102 5233 1262 5287 verba
1283 5250 1655 5308 prorumpere.
1684 5243 1814 5300 Nam

213 5302 355 5358 ςυοι
402 5307 570 5372 divit,
595 5311 846 5380 jnbilate,
879 5327 932 5370 et
974 5302 1293 5390 subjunxit,
1320 5331 1483 5381 onmis
1509 5302 1670 5397 terra,
1705 5336 1817 5391 fre-

199 5393 453 5474 fluenter
481 5411 533 5455 et
566 5418 658 5471 per
688 5421 843 5460 casus
871 5414 1142 5468 nominum
1174 5420 1560 5491 discrepantes,
1595 5442 1815 5496 magnos

199 5477 249 5496 ,_
281 5485 319 5496 __
741 5495 773 5496 η

215 5485 426 5580 ξιαὶαιι
468 5505 685 5548 sensus.
733 5495 864 5552 Nam
913 5517 1033 5557 cum
1093 5515 1229 5560 terra
1277 5510 1532 5580 singulari
1592 5532 1814 5574 numero

190 5477 210 5516 Ι

179 5557 592 5674 fanaticum
617 5589 837 5656 jubilute
864 5593 1022 5658 dicit,
1059 5601 1199 5668 quod
1232 5603 1297 5657 ad
1333 5557 1591 5674 pluralem
1627 5630 1814 5670 nume-

167 5659 330 5774 Τῇ)
347 5687 566 5728 certum
587 5688 668 5733 est
686 5687 982 5751 pertinere;
1012 5701 1067 5746 ut
1087 5692 1220 5746 hanc
1244 5706 1430 5755 terram
1453 5706 1516 5759 ad
1543 5707 1808 5774 homines.

157 5750 320 5820 “Qu
351 5764 425 5820 ad
471 5768 718 5828 tellurem
760 5779 1054 5838 a'stimarcs
1102 5802 1218 5844 esse
1263 5793 1632 5868 referendam,
1666 5807 1808 5872 quod

1975 499 2123 552 aliud
2154 499 2364 562 dicens,
2393 511 2450 556 et
2479 503 2623 558 aliud
2653 505 3010 574 significans..

2043 587 2199 642 Vers.
2229 590 2283 642 εὶ.
2319 591 2520 646 Servite
2555 593 2775 649 Domino
2806 597 2858 650 in
2890 600 3104 666 lte:itia;
3145 603 3328 657 intrate
3354 606 3405 658 in
3435 622 3566 659 cono

1969 688 2138 747 sprctu
2157 682 2270 750 ejus
2295 682 2344 734 in
2371 684 2735 740 exsultatione.
2761 687 3139 744 Licetservitia
3162 693 3564 751 Dominidiver-

1969 770 2044 824 sis
2073 770 2352 826 videantur
2382 773 2575 829 officiis
2602 777 2879 846 expediri,
2913 791 2970 834 ut
2993 792 3116 836 sunt
3144 785 3365 841 ordines
3384 790 3562 844 ectle-r

1968 860 2194 925 siastici,
2240 865 2560 919 monasteria
2589 866 2848 936 fldelium,
2873 875 3115 928 eremitte
3145 877 3402 941 solitarii,
3437 879 3555 936 laici

1966 951 2176 1019 devoti;
2203 957 2378 1008 omnia
2416 965 2590 1012 tamen
2619 960 2685 1012 ad
2721 962 2818 1016 ista
2852 965 2950 1018 tria
2975 968 3133 1020 verba
3173 971 3385 1040 proprie
3411 975 3551 1027 refe-

1946 1053 2179 1108 ,runtur,
2205 1055 2263 1098 ut
2287 1045 2513 1102 Domino
2535 1051 2634 1105 sub
2661 1051 2844 1106 [milia
2875 1057 3164 1122 serviatur,
3191 1076 3294 1115 non
3324 1062 3376 1115 in
3409 1079 3553 1118 mur-

1965 1138 2272 1193 muratinne
2307 1149 2397 1192 aut
2428 1142 2788 1201 amaritudine
2817 1151 3042 1214 mentis,
3069 1152 3206 1208 sicut
3239 1154 3433 1211 factum
3465 1170 3555 1216 est

1964 1222 2016 1278 in
2038 1225 2274 1294 deserto,
2299 1231 2514 1300 quando
2536 1242 2722 1288 contra
2750 1237 3030 1293 Dominum
3051 1242 3304 1300 Judaicus
3327 1251 3553 1316 populus

1961 1322 2336 1374 murmuravit.
2369 1322 2476 1376 Sed
2502 1324 2602 1378 ista
2626 1326 2806 1381 [milia
2829 1329 3011 1400 utique
3033 1335 3267 1390 charitas
3297 1347 3402 1403 est,
3435 1356 3551 1407 quin

1961 1409 2124 1474 (sicut
2147 1410 2278 1466 dicit
2298 1413 2609 1488 Apostolus)
2636 1437 2736 1473 non
2756 1422 2988 1491 inflatur,
3015 1441 3116 1480 non
3137 1430 3239 1496 agit
3258 1447 3549 1500 perperam,

1959 1515 2059 1554 non
2086 1510 2158 1555 est
2179 1504 2447 1559 antbitiosa
2479 1508 2528 1578 (Ι
2559 1507 2676 1563 Cor.
2705 1527 2818 1578 xm,
2853 1513 2931 1586 5),
2963 1524 3018 1570 et
3041 1519 3243 1588 reliqua
3267 1537 3386 1590 qua:
3411 1524 3550 1578 hanc

1957 1591 2207 1648 virtutem
2254 1600 2523 1667 egregiam
2575 1602 2805 1658 mirabili
2853 1611 3162 1666 narratione
3211 1612 3542 1671 describunt.

1955 1685 2291 1757 Quapropter
2324 1691 2398 1745 illi
2425 1693 2527 1747 sub
2555 1694 2739 1750 laetitia
2777 1697 3002 1755 Domino
3028 1705 3274 1760 serviunt
3297 1709 3386 1778 qui
3418 1725 3541 1764 eum

1881 1797 1930 1856 Β
1956 1790 2116 1846 supra
2154 1791 2343 1834 cuncta
2384 1782 2636 1854 diligunt,
2668 1799 2724 1843 et
2753 1790 2978 1846 invicem
3009 1810 3067 1848 se
3099 1795 3334 1854 fraterna
3367 1803 3544 1856 chari-

1961 1877 2073 1924 tate
2099 1873 2408 1939 respiciunt.
2443 1877 2486 1930 υ
2533 1877 2698 1934 libera
2729 1882 2986 1938 servitus!
3023 1901 3054 1939 ο
3083 1891 3358 1943 servitium
3383 1907 3542 1960 supra

1951 1971 2169 2016 cunctas
2207 1963 2596 2022 dominationes
2643 1971 2895 2028 eximium
2922 2016 2937 2041 ,
2968 1979 3159 2045 quibus
3192 1981 3312 2035 talis
3356 1983 3538 2038 lwtitia

1952 2053 2238 2124 tribuitur,
2284 2059 2459 2127 qualis
2509 2061 2559 2116 in
2612 2079 2896 2132 regnorum
2926 2070 3091 2138 gloria
3140 2089 3243 2128 non
3280 2075 3532 2133 habetur!

1951 2143 2057 2200 Sed
2097 2148 2254 2202 istam
2301 2152 2543 2207 laetitiam
2576 2172 2696 2225 quae
2724 2161 2776 2213 in
2817 2160 2919 2216 hoc
2960 2165 3162 2220 mundo
3199 2170 3535 2239 prtecipitur,

1952 2238 2074 2293 vide
2091 2241 2247 2308 quale
2267 2245 2546 2312 praemium
2566 2249 2946 2320 subsequatur.
2969 2255 3106 2311 Dicit
3131 2262 3272 2314 enim
3300 2279 3314 2315 :
3340 2238 3540 2318 Intrate

1953 2329 2007 2383 in
2050 2344 2321 2404 conspectu
2361 2340 2474 2406 ejus
2516 2340 2570 2394 in
2613 2344 2971 2400 exsultatione.
3021 2349 3185 2406 Multo
3233 2352 3536 2424 difficilius,

1950 2426 2120 2480 multo
2147 2434 2490 2494 prtestantius
2509 2441 2594 2489 est
2618 2445 2744 2492 ante
2762 2443 2892 2495 tanti
2917 2441 3110 2509 judicis
3137 2447 3373 2516 gaudere
3402 2464 3532 2504 con-

1949 2527 2216 2590 spectum,
2251 2523 2338 2578 ubi
2368 2527 2447 2581 sic
2467 2529 2758 2586 convenire
2779 2535 3107 2592 conscientia
3132 2553 3528 2611 commonetur,

1952 2619 2009 2664 ut
2045 2614 2235 2682 gaudia
2284 2625 2408 2672 tunc
2451 2630 2627 2676 sumat
2655 2623 2990 2694 humilitatis,
3033 2633 3244 2700 quando
3278 2637 3525 2705 superbis

1950 2704 2201 2758 omnibus
2233 2708 2486 2774 probatur
2509 2726 2626 2766 esse
2654 2715 2926 2772 terribilis.

2021 2792 2171 2846 Vcrs.
2215 2797 2267 2849 3.
2303 2796 2498 2852 Scitote
2525 2805 2660 2869 quod
2691 2802 2817 2874 [ms.
2851 2811 2941 2874 A.,
2966 2808 3232 2881 quoniam]
3277 2811 3530 2870 Dominus

1941 2880 2047 2950 ipse
2075 2895 2148 2937 est
2175 2885 2341 2952 Deus;
2371 2889 2478 2958 ipse
2495 2893 2613 2958 fecit
2641 2909 2751 2961 nos,
2777 2905 2940 2950 etnon
2966 2902 3064 2968 ipsi
3082 2918 3172 2954 nos
3200 2919 3220 2956 .'
3243 2921 3334 2958 nos
3355 2915 3527 2961 autem

1941 2975 2163 3044 papulus
2195 2981 2339 3050 ejus,
2387 2993 2432 3036 et
2463 3001 2574 3038 oves
2618 3003 2823 3054 pascua:
2853 2994 2980 3062 ejus.
3027 2994 3079 3046 In
3125 2997 3303 3065 capite
3342 3015 3529 3055 versus

1943 3064 2098 3135 hujus
2125 3080 2312 3125 contra
2343 3075 2618 3142 perfidiam
2651 3080 2886 3149 loquitur
2915 3064 3246 3153 Judrorum,
3290 3092 3378 3158 qui
3415 3092 3522 3148 Do-

1857 3171 1906 3232 ο
1942 3157 2144 3211 minum
2171 3159 2502 3218 Salvatorem
2528 3181 2632 3220 nun
2659 3169 2891 3237 putando
2921 3172 3108 3242 Deum,
3139 3177 3190 3230 in
3213 3157 3522 3237 Creatorem

1938 3270 2091 3312 suum
2126 3274 2316 3313 manus
2347 3261 2570 3331 injicere
2601 3279 3078 3339 prtesumpserunt.
3112 3275 3330 3339 Scitote,
3359 3278 3522 3345 dixit,

1937 3348 2249 3420 inte-lligite,
2281 3355 2418 3424 quod
2452 3357 2550 3412 iste
2584 3357 2828 3414 Dominus
2859 3379 3017 3433 quem
3055 3367 3143 3421 Dei
3191 3369 3379 3425 Filium
3425 3374 3526 3429 mi-

1938 3441 2082 3496 nime
2128 3443 2464 3510 credidistis,
2504 3449 2611 3515 ipse
2655 3461 2726 3505 est
2768 3450 2906 3508 Deus
2949 3458 3037 3527 qui
3075 3458 3198 3512 fecit
3230 3463 3424 3517 coelum
3469 3473 3526 3520 et

1937 3542 2165 3600 terram,
2216 3539 2302 3605 qui
2332 3553 2430 3592 nos
2467 3556 2679 3611 quoque
2709 3546 2782 3599 ead
2819 3562 2966 3602 suam
3001 3552 3287 3622 imaginem
3332 3558 3525 3612 simili-

1934 3624 2285 3697 tudinemque
2339 3630 2641 3699 plasmavit.
2693 3633 2761 3688 Et
2815 3653 2883 3692 ne
2931 3649 3178 3708 putarent
3234 3645 3520 3702 humanam

1935 3717 2262 3773 creationem
2292 3731 2498 3788 patrum
2528 3727 2720 3780 semini
2747 3744 2867 3786 esse
2888 3733 3244 3802 deputandum
3263 3779 3278 3803 ,
3306 3740 3524 3810 adjecit,

1930 3816 2109 3863 etnon
2151 3811 2250 3878 ipsi
2289 3828 2402 3867 nos.
2447 3813 2578 3870 Nam
2611 3821 2854 3886 quamvis
2886 3825 3152 3880 nativitati
3184 3839 3382 3883 nostrae
3419 3831 3522 3884 tui-

1933 3897 2211 3954 nistcrium
2260 3903 2498 3968 praebeat
2528 3911 2762 3964 carnalis
2791 3917 3068 3984 operatio,
3103 3927 3282 3976 tamen
3327 3921 3414 3977 ille
3465 3923 3519 3977 in

1932 3989 2072 4043 hunc
2118 3991 2376 4048 mundum
2432 4011 2534 4050 nos
2578 3999 2836 4067 probatur
2865 4005 3130 4062 adducere
3155 4050 3171 4076 ,
3209 4011 3299 4080 qui
3327 4025 3515 4068 cuncta

1931 4080 2059 4136 facit
2086 4081 2152 4137 ad
2193 4083 2530 4143 existentiam
2561 4096 2864 4160 pervenire.
2903 4096 3185 4167 Sequitur,
3224 4120 3314 4157 nos
3343 4117 3514 4160 autem

1928 4174 2149 4242 populus
2177 4177 2310 4246 ejus,
2344 4189 2389 4231 et
2418 4195 2530 4234 oves
2562 4199 2766 4249 pascua:
2794 4191 2923 4259 ejus.
2962 4191 3117 4246 Venit
3147 4193 3210 4247 ad
3255 4198 3508 4265 populum

1927 4263 2139 4317 ﬁdelem
2183 4281 2275 4334 per
2315 4275 2749 4339 comparationes
2795 4281 3224 4353 pulcherrimas,
3259 4263 3392 4358 quid
3443 4293 3514 4348 sit

1925 4353 2238 4408 ostendens.
2273 4355 2423 4426 Ores,
2471 4362 2591 4430 quia
2623 4366 2895 4436 simplices
2926 4381 3070 4439 sunt,
3104 4385 3159 4430 et
3184 4377 3295 4446 ipse
3325 4395 3508 4438 earum

1924 4451 2106 4510 pastor
2160 4456 2240 4499 est
2296 4463 2475 4504 verus.
2524 4452 2725 4510 Pascua
2776 4461 2914 4529 ejus,
2969 4463 3020 4519 id
3075 4477 3158 4522 est
3205 4471 3509 4532 divinarum

1928 4535 2324 4604 Scripturarum
2371 4543 2586 4612 copiosa
2637 4556 2693 4603 et
2717 4549 2890 4608 dulcis
2930 4558 3188 4624 epulatio.
3235 4564 3347 4634 Ipsa
3386 4578 3512 4623 sunt

1927 4643 2121 4694 pascua
2148 4630 2343 4698 quibus
2385 4632 2558 4690 fidelis
2589 4639 2764 4694 anima
2796 4645 3106 4716 saginatur,
3139 4659 3194 4706 et
3228 4630 3292 4706 ad
3321 4655 3512 4713 futurae

1927 4719 2275 4780 beatitudinis
2306 4739 2518 4784 ammna
2547 4733 2882 4800 perducitur.
2927 4740 3016 4795 Sic
3045 4741 3164 4798 istis
3192 4746 3360 4802 tribus
3391 4765 3512 4806 ver-

1929 4810 2078 4864 sibus
2107 4815 2420 4883 complexns
2453 4829 2535 4874 est
2565 4822 2688 4890 quid
2720 4839 2900 4898 agere,
2933 4833 3058 4900 quid
3090 4836 3314 4893 credere
3335 4880 3349 4906 ,
3379 4842 3508 4911 quid

1924 4898 2224 4972 intelligere
2252 4905 2446 4962 debeat
2478 4909 2832 4973 Christianus.

1995 4992 2148 5048 Vers.
2181 4994 2236 5052 4.
2266 4997 2468 5054 Intrate
2498 5012 2672 5070 portas
2701 5011 2814 5080 ejus
2842 5013 2894 5068 in
2931 5021 3339 5090 confessionem,
3373 5032 3507 5084 atria

1923 5086 2032 5154 ejus
2078 5086 2132 5139 in
2180 5090 2382 5158 hymnis
2431 5099 2826 5164 confessionum.
2873 5105 3106 5164 Laudare
3147 5132 3327 5170 nomen
3371 5123 3501 5192 ejus.

1922 5174 2079 5230 Venit
2102 5177 2167 5232 ad
2198 5183 2488 5240 secundam
2522 5198 2727 5256 partem
2748 5233 2762 5256 ,
2796 5207 2855 5249 ut
2881 5200 3002 5267 quia
3030 5207 3274 5274 superius
3295 5174 3506 5267 dixerat

1923 5268 1975 5322 in
2010 5269 2217 5326 Domini
2267 5275 2513 5334 laudibus
2543 5298 2664 5338 esse
2698 5283 3040 5355 jubilandum
3065 5338 3079 5362 ,
3115 5315 3256 5354 nunc
3288 5305 3503 5363 doceret

1921 5362 2370 5426 quemadmodum
2433 5369 2511 5424 illi
2568 5372 2934 5451 unusquisque
2987 5385 3180 5443 debeat
3233 5394 3498 5455 confiteri.

1921 5448 2098 5505 Porta:
2147 5455 2353 5510 Domini
2396 5471 2522 5514 sunt
2553 5465 2768 5523 humilis
2805 5448 3144 5545 pfnnitentia,
3179 5482 3498 5552 baptismum

1897 5557 2129 5612 Isacrum
2148 5585 2161 5606 ,
2188 5545 2424 5602 charitas
2453 5565 2669 5620 sancta,
2697 5558 3078 5635 eleemosynae,
3110 5571 3496 5647 misericordia,

1919 5643 2220 5705 caeteraque
2253 5641 2522 5706 mandata,
2558 5660 2652 5712 per
2681 5665 2796 5729 qum
2826 5653 2890 5705 ad
2925 5654 3040 5724 ejus
3065 5675 3348 5728 possumus
3380 5686 3498 5737 per-

1918 5724 2100 5778 venire
2140 5739 2507 5796 cullSpCCIum.
2570 5726 2821 5794 Ποιῑέιῑὺτ
2859 5761 2984 5812 (ἳΓΒΟ
3038 5724 3295 5822 Ρ-Γυνὴθίδ

1919 5825 1968 5865 ut
2002 5830 2094 5884 per
2126 5817 2263 5876 hanc
2297 5820 2609 5883 humilitatis
2651 5832 3072 5913 cunfessimcm,
3107 5848 3279 5916 primo
