3952 6162
376 310 479 369 699

374 420 754 480 misericordia:
807 415 1012 473 Domini
1063 415 1264 469 intrare
1320 410 1611 465 debeamus
1663 427 1677 464 :

375 523 529 568 extra
558 512 714 566 ovilia
745 504 1015 563 saevientis
1043 503 1150 573 lupi
1184 501 1352 571 possit
1384 500 1652 568 rapacitas
1684 499 1954 553 invenire.

375 600 606 671 Adjecit,
634 602 764 654 atria
788 601 899 669 ejus
922 598 973 651 in
997 595 1197 665 hymnis
1223 592 1623 663 confessionum.
1650 591 1795 643 Atria
1820 595 1955 660 ejus,

373 705 430 751 et
457 694 542 747 hic
570 693 853 757 subaudis,
887 692 1097 743 intrate.
1142 688 1421 756 Signiﬁcat
1455 685 1597 740 enim
1635 684 1957 753 prophetas,

375 785 757 853 evangelistas,
807 791 861 837 et
904 781 1207 851 quicunque
1245 779 1495 850 (Domino
1537 775 1831 845 aspirante)
1859 774 1959 827 do-

376 884 623 930 cuerunt.
673 874 818 928 Dicta
869 872 1014 926 enim
1057 871 1265 923 illorum
1324 869 1532 922 Domini
1577 874 1789 921 constat
1835 880 1957 920 esse

378 965 598 1034 palatia,
618 963 830 1033 quando
859 963 974 1029 ipse
996 963 1045 1014 in
1074 961 1153 1015 eis
1177 959 1466 1024 invenitur,
1486 959 1530 1013 si
1561 959 1751 1012 devota
1780 965 1960 1011 mente

377 1057 723 1125 perquiritur.
770 1055 875 1110 Sed
919 1063 976 1108 ut
1018 1054 1153 1107 hanc
1193 1052 1585 1107 confessionem
1614 1051 1888 1104 divideres
1928 1065 1958 1103 a

376 1149 575 1217 priore,
632 1147 841 1215 posuit,
894 1148 946 1200 in
988 1146 1222 1215 hymnis,
1269 1144 1443 1214 qualis
1486 1143 1587 1197 fuit
1614 1143 1702 1196 illa
1753 1140 1960 1196 Domini

380 1239 673 1295 Salvatoris
702 1254 824 1292 eum
870 1237 1005 1291 dixit
1037 1255 1049 1289 :
1085 1236 1376 1301 Conﬁtebor
1405 1236 1524 1300 tibi,
1557 1234 1715 1287 Pater
1744 1234 1961 1288 Domine

378 1332 490 1385 eali
520 1340 565 1382 et
593 1340 739 1382 terrm
762 1328 973 1397 (Matth.
1009 1344 1083 1391 xt,
1109 1326 1224 1398 25).
1252 1327 1365 1380 Non
1398 1328 1539 1380 enim
1577 1342 1671 1394 pro
1702 1327 1814 1380 suis
1841 1340 1967 1395 pec-

379 1420 515 1471 catis
540 1418 743 1486 aliquid
783 1417 1062 1471 confessus
1089 1425 1190 1478 est,
1224 1416 1316 1469 sed
1348 1416 1531 1469 laudes
1573 1416 1715 1470 Patri
1757 1419 1965 1470 sincera

380 1509 665 1562 dilectione
706 1508 986 1576 persolvit.
1038 1506 1318 1576 Cougruus
1366 1508 1508 1560 enim
1560 1507 1691 1560 ordo
1723 1518 1969 1560 servatus

380 1606 506 1663 est,
558 1598 681 1666 quia
713 1599 839 1652 dum
886 1600 970 1651 illa
1004 1599 1151 1666 prius
1190 1597 1433 1660 offertur,
1479 1599 1575 1651 ista
1618 1598 1728 1666 jam
1779 1612 1967 1652 secura

381 1692 742 1760 subsequitur.
774 1692 1021 1755 Addidit,
1066 1690 1277 1743 laudate
1321 1707 1501 1743 nomen
1554 1691 1701 1759 ejus;
1742 1690 1826 1745 ubi
1874 1704 1969 1759 po-

1594 296 1661 350 Μ.
1708 292 1982 350 All-liii."
2022 283 2424 348 CASSIODORI

1735 425 1802 463 ne
1854 422 1956 462 nos
1988 410 2035 467 Α
2060 404 2163 460 Sed
2190 404 2309 458 ideo
2332 401 2491 457 verba
2515 398 2752 456 noscitur
2774 397 3101 469 prtemisisse
3125 396 3421 463 notissima.
3446 407 3504 454 ut
3520 401 3637 468 ejus

3540 285 3643 340 700

2069 497 2236 551 virtus
2278 494 2503 563 simplex
2548 503 2707 562 atque
2740 494 3012 562 perspicua
3055 506 3247 546 sensus
3289 491 3641 547 lucidissimos

2069 604 2133 644 ac
2166 588 2323 643 nimis
2356 586 2695 642 honorabiles
2728 586 3004 639 indicaret.
3050 582 3289 636 Psalmis
3338 584 3478 636 enim
3520 598 3641 637 san-

2069 693 2207 737 ctam
2240 680 2505 751 s'gniﬁcat
2534 681 2925 749 Operatiuuem.
2957 677 3065 747 Ipsi
3096 676 3261 729 David
3291 676 3378 731 ubi
3411 676 3638 744 ponitur,

2072 782 2240 828 totum
2270 772 2469 827 Christi
2499 771 2785 826 virtutibus
2835 770 3161 839 applicatur,
3187 778 3245 823 ut
3274 768 3402 823 nihil
3434 768 3502 823 de
3541 768 3640 823 isto

2072 873 2288 917 terreno
2316 877 2439 930 rege
2472 861 2773 929 intelligas,
2826 859 2921 915 sed
2973 860 3152 915 omnia
3195 858 3263 915 de
3320 858 3412 914 illo
3439 859 3641 916 ctelesti

2066 953 2206 1009 dicta
2252 951 2421 1007 fuisse
2453 965 2769 1021 cognoscas.

2640 1041 2836 1094 Divisio
2863 1039 3072 1112 psalmi.

2138 1130 2495 1202 Congregatio
2527 1131 2613 1185 illa
2643 1140 2952 1185 sanctorum
2990 1145 3147 1200 quam
3199 1145 3294 1200 per
3342 1131 3643 1184 universum

2074 1225 2327 1280 mundum
2358 1224 2622 1278 catholica
2647 1224 2786 1292 parit
2810 1234 2862 1278 et
2883 1224 3199 1291 multiplicat
3222 1238 3436 1292 semper
3467 1224 3647 1278 Eccle-

2069 1317 2167 1370 sia.
2203 1316 2256 1369 ln
2305 1302 2477 1384 prima
2514 1326 2662 1382 parte
2706 1314 2895 1383 psalmi
2929 1325 3133 1368 cantare
3168 1330 3225 1371 se
3260 1315 3389 1368 dicit
3432 1314 3647 1367 Domino

2070 1408 2472 1463 misericordiam
2503 1417 2550 1461 et
2566 1407 2843 1478 judicium,
2867 1408 3241 1475 consortiaque
3264 1408 3507 1476 refugere
3534 1419 3650 1471 pes-

2070 1500 2350 1552 simorum.
2383 1498 2625 1551 Secunda
2666 1505 2816 1565 parte
2864 1496 3049 1551 ﬁdeles
3091 1511 3151 1551 se
3179 1497 3373 1550 asserit
3401 1498 3649 1564 diligere,

2074 1598 2129 1645 et
2157 1604 2279 1643 cum
2312 1588 2392 1642 eis
2420 1589 2721 1658 gratissima
2751 1589 3085 1643 habitatione
3119 1590 3353 1655 versari;
3387 1589 3653 1644 daemones

2075 1694 2258 1736 autem
2281 1695 2401 1735 cum
2420 1682 2530 1734 suis
2547 1681 2967 1735 immissionibus
2985 1681 3051 1736 de
3072 1698 3169 1736 suo
3188 1682 3351 1736 corde
3368 1682 3649 1753 repellere,

385 1786 557 1839 izenda
583 1786 957 1839 subdistinctio
988 1793 1094 1851 est,
1124 1784 1245 1854 quia
1270 1785 1515 1853 sequenti
1546 1785 1722 1838 versui
1753 1792 1963 1838 constat

2080 1788 2213 1842 quos
2264 1771 2414 1827 novit
2454 1786 2575 1827 cum
2625 1772 2719 1826 Dei
2761 1772 2974 1827 famulis
3007 1788 3109 1826 non
3161 1773 3358 1827 habere
3392 1774 3655 1830 ullatenus

381 1892 501 1931 esse
535 1876 886 1943 jungendum.

452 1966 607 2021 Vers.
636 1967 689 2020 5.
723 1966 979 2031 Quoniam
1015 1967 1184 2020 suavis
1212 1977 1284 2021 est
1319 1966 1603 2031 Dominus,
1637 1966 1689 2019 in
1717 1974 1963 2020 teternum

383 2061 733 2115 misericordia
772 2066 882 2130 eius
901 2104 916 2127 ,
947 2072 994 2115 et
1026 2080 1187 2133 usque
1229 2065 1280 2118 in
1309 2068 1553 2118 swculum
1577 2064 1756 2118 seculi
1782 2066 1967 2121 veritas

383 2155 511 2221 ejus.
538 2150 613 2207 Ne
638 2154 756 2220 qu's
787 2168 846 2207 se
871 2146 1082 2221 putaret
1110 2154 1374 2209 laudando
1404 2155 1608 2225 fatigari
1626 2196 1641 2221 ,
1667 2164 1760 2210 aut
1786 2157 1971 2210 eunti-

385 2259 489 2298 nuo
526 2246 706 2300 labore
736 2246 1080 2309 ﬁaccescere,
1116 2261 1330 2301 causam
1363 2248 1594 2302 reddidit
1621 2262 1789 2316 quare
1830 2262 1967 2314 pra:-

384 2334 667 2388 dicandum
695 2343 777 2389 est
800 2350 994 2390 nomen
1019 2336 1167 2405 ejus;
1203 2336 1252 2390 id
1277 2344 1390 2401 est,
1423 2338 1663 2406 quoniam
1691 2340 1861 2392 suavis
1890 2347 1965 2393 est

388 2421 658 2478 Dominus.
682 2424 906 2490 Quando
926 2426 1067 2480 enim
1089 2428 1331 2495 provenit
1349 2428 1399 2481 in
1417 2428 1680 2483 suavitate
1703 2428 1970 2497 delectus,

380 2523 477 2568 aut
505 2522 681 2581 potest
706 2514 916 2568 animus
941 2516 1180 2584 expleri,
1215 2516 1303 2570 ubi
1332 2530 1547 2587 semper
1570 2516 1779 2585 prolicit
1810 2532 1974 2587 appe-

384 2604 549 2685 titus?
574 2606 863 2661 Delectatio
893 2607 994 2662 ista
1026 2609 1197 2663 nescit
1222 2609 1421 2664 habere
1448 2609 1746 2674 fastidium,
1776 2610 1865 2665 ubi
1894 2611 1974 2666 sic

381 2712 541 2753 mens
588 2699 863 2753 consolata
913 2698 1183 2767 reﬁcitur,
1229 2707 1288 2753 ut
1318 2700 1617 2755 nullatenus
1651 2709 1825 2754 tamen
1857 2701 1973 2771 ejus

382 2788 657 2843 desideria
686 2788 1041 2858 deponantur.
1076 2790 1143 2843 Et
1172 2805 1237 2845 ne
1266 2792 1607 2856 suavitatem,
1631 2805 1789 2860 quam
1815 2792 1968 2859 dixit,

383 2876 642 2931 crederes
684 2892 807 2933 esse
865 2880 1251 2949 temporalem,
1306 2882 1358 2934 in
1398 2891 1645 2935 (Blemttm
1688 2882 1817 2936 dicit
1861 2887 1971 2955 ejus

388 2968 798 3022 misericordiam
830 2985 1144 3040 permanere
1168 3010 1184 3037 ,
1215 2972 1338 3042 quia
1365 2988 1483 3027 cum
1514 2974 1681 3029 semel
1709 2977 1971 3043 praestite-

392 3062 467 3114 rit
502 3059 687 3133 (futura
715 3060 887 3127 bona,
919 3062 986 3116 ab
1030 3062 1147 3132 ipso
1182 3071 1356 3117 tamen
1396 3074 1651 3135 perpetuo
1692 3074 1973 3120 serVantur

2069 1864 2400 1934 portionem;
2444 1872 2503 1918 ut
2530 1863 2620 1918 tali
2657 1864 2988 1919 institutione
3019 1864 3263 1933 formati,
3295 1875 3351 1921 et
3384 1875 3635 1936 appetere

2071 1960 2231 2024 bona,
2262 1966 2317 2015 et
2347 1957 2486 2014 mala
2512 1973 2739 2013 renuere
2769 1958 3079 2013 debeamus.

2619 2051 2892 2120 Expositio
2923 2054 3129 2123 psalmi.

2142 2147 2297 2203 Vers.
2331 2146 2380 2202 1.
2422 2145 2824 2201 Misericordiam
2858 2156 2904 2201 et
2934 2148 3187 2217 judicium
3212 2148 3427 2203 cantabo
3474 2164 3494 2202 :
3532 2148 3653 2215 tibi,

2076 2237 2312 2303 Domine,
2344 2238 2578 2306 psallam.
2613 2236 2863 2294 Caelestis
2892 2239 2944 2293 in
2977 2246 3117 2293 terra
3159 2240 3443 2295 multitudo
3470 2240 3657 2295 beato-

2077 2346 2194 2384 rum
2227 2330 2445 2399 protulit
2472 2329 2705 2395 initium,
2729 2329 2869 2398 quod
2897 2330 3129 2386 breviter
3159 2340 3347 2386 cuncta
3372 2331 3661 2387 conclude-

2078 2431 2179 2477 ret.
2212 2423 2455 2477 Polestas
2511 2421 2651 2475 enim
2701 2420 2913 2476 Domini
2952 2436 3167 2490 semper
3215 2432 3307 2477 aut
3353 2422 3664 2488 miseretur,

2079 2514 2405 2583 autjudicat.
2426 2512 2532 2569 Sed
2556 2528 2729 2581 neque
2750 2514 3101 2566 misericordia
3121 2513 3289 2582 ipsius
3309 2515 3425 2569 sine
3447 2516 3662 2581 iudicio,

2081 2619 2251 2674 neque
2269 2604 2526 2675 judicium
2566 2603 2685 2658 sine
2714 2605 3067 2659 misericordia
3090 2606 3387 2673 reperitur;
3436 2612 3667 2673 utraque

2080 2697 2219 2751 enim
2268 2710 2327 2750 se
2377 2705 2557 2749 mutua
2606 2695 2861 2751 societate
2902 2696 3264 2767 coniungunt;
3308 2711 3407 2751 nec
3470 2696 3671 2751 tactum

2079 2787 2194 2858 ejus
2219 2787 2428 2856 aliquod
2463 2789 2734 2856 provenit,
2765 2788 2904 2859 quod
2931 2804 3037 2843 non
3068 2789 3279 2857 plenum
3305 2789 3514 2842 cunctis
3543 2802 3671 2841 esse

2080 2880 2362 2934 virtutibus
2408 2882 2687 2935 sentiatur.
2728 2881 2858 2935 Nam
2891 2882 3031 2936 sicut
3057 2881 3143 2936 hic
3170 2882 3335 2949 dixit,
3368 2882 3667 2935 misericor-

2080 2973 2217 3025 diam
2248 2983 2293 3025 et
2329 2973 2620 3042 judicium,
2653 2973 2777 3028 alibi
2806 2974 2936 3029 dicit
2962 2989 3059 3044 pro
3084 2973 3166 3029 liis
3192 2974 3397 3029 duobus
3422 2975 3669 3029 nomini-

2081 3064 2198 3121 bus.
2216 3066 2421 3136 justitia
2453 3074 2500 3118 et
2531 3081 2664 3132 pax;
2687 3074 2741 3120 et
2763 3066 2975 3131 iterum,
3014 3067 3361 3119 misericordia
3383 3076 3427 3119 et
3452 3066 3667 3127 veritas;

390 3150 580 3204 illaasa.
607 3152 836 3219 Adjecit,
858 3161 903 3206 et
925 3169 1080 3223 usque
1099 3154 1151 3206 in
1173 3154 1415 3207 saeculum
1436 3155 1612 3208 swculi
1632 3156 1816 3209 veritas
1838 3160 1970 3228 ejus.
2001 3172 2046 3233 ρ
2081 3157 2185 3221 vel,
2212 3157 2415 3226 justitia
2438 3166 2481 3208 et
2496 3157 2751 3228 judicium
2775 3158 3082 3226 praeparatio
3098 3159 3233 3212 sedis
3254 3167 3371 3221 tum;
3392 3158 3667 3227 utubique

392 3239 651 3296 Steculum
673 3244 871 3307 saeculi,
902 3249 959 3297 et
987 3243 1127 3298 istud
1151 3244 1416 3313 signiﬁcat
1442 3245 1585 3315 quod
1612 3262 1751 3301 nunc
1773 3248 1967 3317 agitur,

392 3338 449 3385 et
473 3330 605 3385 illud
641 3332 781 3399 quod
812 3332 1081 3389 credimus
1117 3347 1235 3388 esse
1261 3342 1546 3389 venturum
1580 3353 1593 3388 :
1627 3337 1877 3405 quoniam
1918 3346 1973 3391 et

386 3422 479 3476 ltic
502 3431 592 3477 est
612 3424 791 3476 veritas
821 3423 1061 3491 Domini,
1092 3426 1231 3480 sicut
1256 3426 1450 3496 legitur
1480 3443 1495 3481 :
1527 3426 1725 3481 Veritas
1746 3428 1808 3481 de
1838 3437 1973 3483 terra

388 3523 505 3565 om
550 3522 623 3566 est
674 3511 845 3584 (Psal.
884 3530 1106 3577 Lxxxtv,
1150 3514 1260 3584 12),
1296 3524 1352 3570 et
1380 3516 1432 3570 in
1474 3516 1567 3572 illo
1606 3519 1836 3585 saeculo,
1884 3517 1971 3572 ubi

388 3604 803 3671 promissionum
845 3604 961 3675 ejus
1007 3607 1151 3664 dona
1172 3608 1541 3676 complentur,
1593 3618 1646 3663 et
1684 3608 1802 3679 ipse
1849 3623 1971 3664 cum

388 3700 593 3754 sanctis
620 3696 734 3755 'suis
768 3700 999 3770 gloriosa
1032 3703 1366 3771 perennitate
1396 3704 1657 3775 regnabit.

924 3813 1193 3869 Conclusio
1231 3815 1438 3886 psalmi.

470 3929 783 3985 Mirabiliter
811 3930 897 3986 hic
927 3931 1165 4001 psalmus
1194 3941 1449 4003 utrasque
1482 3948 1579 3988 nos
1607 3934 1975 3990 confessiones

397 4022 643 4089 edocuit,
668 4031 727 4077 ut
755 4032 810 4078 et
837 4024 1041 4078 alacres
1072 4022 1293 4078 Domino
1315 4025 1625 4095 jubilemus,
1655 4035 1709 4082 et
1733 4036 1978 4097 peccato-

395 4126 514 4168 rum
564 4122 870 4167 nostrorum
913 4113 1133 4168 vulnera
1163 4114 1279 4168 sine
1319 4115 1721 4172 intermissione
1766 4118 1981 4187 planga-

397 4219 538 4259 mus.
569 4204 626 4259 ln
654 4204 754 4259 hoc
783 4206 921 4259 enim
946 4205 1144 4259 mundo
1170 4217 1451 4277 utrumque
1479 4210 1841 4264 necessarium
1872 4216 1975 4276 est,

398 4304 460 4350 ut
490 4311 589 4350 nec
618 4298 671 4349 in
709 4296 921 4350 tristitia
951 4298 1203 4365 desperet
1248 4298 1339 4353 Dei
1371 4313 1562 4359 servus
1584 4342 1598 4366 ,
1645 4315 1744 4356 nec
1785 4302 1976 4357 iterum

400 4385 610 4439 animus
659 4384 774 4454 ejus
819 4387 1088 4453 prosperis
1129 4386 1375 4441 reddatur
1417 4390 1608 4446 elatus.
1654 4389 1786 4444 Nam
1838 4393 1978 4446 sicut

397 4476 596 4528 sanitas
627 4475 856 4528 hominis
897 4476 1178 4531 humorum
1210 4492 1337 4546 pace
1360 4480 1628 4546 consistit,
1672 4482 1743 4535 ita
1797 4484 1975 4551 perfe-

398 4575 515 4627 ctus
564 4572 649 4619 est
699 4565 1027 4621 Christianus
1064 4571 1151 4637 qui
1184 4571 1340 4624 fuerit
1380 4571 1517 4625 inter
1561 4572 1752 4626 harum
1795 4590 1971 4629 rerum

398 4654 812 4710 vicissitudinem
840 4655 1181 4715 immobiliter
1212 4670 1556 4727 temperatus.
1599 4662 1972 4734 Suscipiamus

398 4764 526 4819 ergo
552 4750 711 4803 alacri
737 4760 913 4805 mente
935 4767 1053 4821 quae
1078 4753 1218 4807 dicta
1241 4765 1381 4808 sunt.
1407 4754 1589 4821 Qualis
1610 4757 1751 4810 enim
1776 4758 1845 4811 sit
1873 4759 1975 4813 ista

400 4841 692 4908 deploratio
722 4857 784 4895 ex
818 4841 917 4895 hoc
940 4843 1357 4913 daturintelligi,
1388 4854 1444 4899 ut
1474 4847 1524 4899 in
1549 4861 1610 4899 ea
1643 4848 1978 4917 prmcipiatur

403 4932 651 4987 Dominus
675 4950 795 4989 esse
820 4936 1142 5001 laudandus;
1167 4938 1377 5003 merito,
1399 4940 1520 5009 quia
1547 4940 1667 4994 inde
1692 4954 1978 5009 provectus

398 5022 597 5084 evenit,
632 5038 735 5076 non
785 5034 1003 5089 reatus;
1053 5040 1157 5078 non
1204 5041 1382 5095 pinna,
1432 5030 1523 5082 sed
1573 5031 1820 5099 j'ti‘il‘miil;
1867 5049 1977 5087 non

400 5111 654 5176 deformis
680 5117 929 5179 servitus,
958 5117 1051 5169 sed
1083 5116 1298 5184 pulchra
1328 5120 1568 5177 libertas.

710 5225 1072 5283 EXI‘OSITIO
1110 5226 1175 5283 IN
1215 5228 1545 5288 PSALMUM
1588 5233 1650 5289 C.

897 5317 1137 5373 Psalmus
1167 5321 1267 5389 ipsi
1300 5322 1486 5378 David.

470 5433 724 5500 Quamvis
756 5434 894 5488 tituli
932 5435 998 5488 ab
1028 5436 1262 5489 historiis
1293 5440 1443 5492 tracti
1474 5439 1722 5496 virtutem
1758 5444 1977 5499 videan-

405 5534 491 5580 tur
533 5521 766 5575 indicare
816 5522 1175 5591 psalmorum,
1225 5533 1400 5580 tamen
1437 5536 1491 5582 et
1520 5530 1792 5598 SilnpilCCS
1836 5534 1975 5588 idem

402 5612 679 5669 continere
709 5623 1017 5669 noscuntur.
1048 5615 1139 5670 Est
1170 5617 1429 5686 siquidem
1460 5630 1634 5675 textus
1674 5624 1773 5678 iste
1819 5626 1980 5678 mira-

403 5708 527 5762 bilis
549 5748 562 5769 ,
610 5716 662 5758 et
691 5706 742 5758 in
778 5704 944 5760 forma
979 5709 1225 5776 periectas
1252 5712 1549 5766 sant-litatis
1581 5715 1849 5780 inclusus,
1886 5716 1976 5785 qui

404 5794 763 5855 centenarium
796 5795 1020 5856 fructum
1046 5800 1236 5860 debeat
1264 5815 1573 5873 exspectare
1605 5809 1971 5875 praemiorum.

2078 3245 2244 3300 Deum
2289 3246 2431 3315 pium
2478 3246 2811 3301 demonstret
2859 3257 2912 3300 et
2938 3246 3159 3314 justum.
3186 3246 3335 3315 Quod
3379 3261 3547 3315 genus
3583 3248 3659 3301 lo-

2077 3333 2307 3388 cutionis
2334 3335 2474 3390 inter
2504 3337 2719 3405 pr0pria
2748 3334 3039 3405 Scriptura:
3066 3335 3258 3390 divinae
3280 3337 3664 3391 connumerari

2080 3441 2238 3495 posse
2270 3442 2375 3481 non
2423 3426 2643 3481 dubium
2687 3436 2790 3483 est.
2838 3428 2969 3482 Nam
2997 3438 3051 3483 et
3082 3429 3135 3484 in
3165 3430 3255 3483 illo
3281 3430 3543 3483 adventus
3585 3429 3668 3483 sui

2082 3527 2324 3587 tempore
2382 3518 2649 3590 glorioso,
2704 3522 2877 3589 primo
2912 3520 3028 3575 loco
3074 3523 3474 3575 miscricordiam
3506 3522 3665 3587 facit,

2081 3608 2292 3677 quando
2335 3608 2465 3663 dicit
2519 3626 2531 3661 :
2568 3608 2776 3679 Venite,
2829 3610 3076 3664 benedicti
3103 3611 3276 3667 Patris
3318 3615 3416 3666 mei
3453 3612 3666 3681 (Matth.

2080 3717 2207 3766 xxv,
2240 3700 2368 3771 .34),
2424 3711 2477 3756 et
2527 3710 2748 3767 caetera;
2792 3703 2885 3756 sed
2924 3720 3028 3757 non
3070 3704 3187 3759 sine
3217 3706 3502 3772 aequitate,
3543 3709 3667 3772 quia

2081 3792 2322 3846 ﬁdelibus
2343 3793 2452 3847 suis
2474 3793 2734 3863 promissa
2764 3793 3012 3847 restituit.
3038 3794 3227 3848 Postea
3255 3809 3385 3849 vero
3404 3795 3666 3864 judicium

2079 3885 2344 3953 sequitur,
2368 3899 2488 3939 cum
2513 3883 2708 3938 dixerit
2738 3882 2917 3953 impiis
2950 3899 2964 3935 :
3004 3882 3262 3939 Discedite
3282 3902 3313 3937 α
3357 3901 3432 3938 me
3452 3926 3466 3949 ,
3498 3888 3654 3936 male-

2077 3974 2227 4037 dicii,
2280 3974 2332 4026 in
2361 3975 2530 4043 ignem
2558 3983 2801 4027 aeternum
2849 3971 3103 4045 (Ibidem,
3134 3973 3249 4045 di);
3302 3974 3445 4043 quod
3486 3984 3664 4029 tamen

2083 4081 2190 4121 non
2236 4074 2318 4121 est
2347 4067 2462 4120 sine
2492 4068 2713 4136 pietate,
2742 4067 2989 4136 quoniam
3035 4076 3155 4135 post
3198 4067 3417 4122 multam
3451 4069 3659 4137 patien-

2086 4158 2212 4213 tiam
2249 4159 2488 4212 noscitur
2521 4158 2761 4227 proferre
2811 4160 3121 4214 vindictam.
3169 4161 3330 4216 Vides
3379 4178 3507 4232 ergo
3553 4162 3665 4214 haec

2081 4250 2187 4305 duo
2216 4259 2271 4306 et
2292 4258 2654 4305 consentanea
2678 4251 2779 4306 sibi
2802 4266 2940 4316 esse,
2968 4260 3021 4306 et
3042 4255 3152 4307 suis
3179 4252 3456 4307 ordinibus
3494 4253 3660 4306 collo-

2080 4354 2197 4398 cata
2224 4343 2452 4399 radiare.
2488 4346 2720 4400 Audiant
2745 4344 2923 4412 itaque
2944 4344 3347 4399 misericordem
3383 4344 3658 4398 Dominum

2080 4446 2416 4505 peccatores,
2446 4436 2536 4506 qui
2569 4436 2635 4489 de
2665 4451 2760 4489 sua
2788 4435 2946 4505 333
2980 4435 3224 4504 nequiter
3253 4436 3425 4489 salute
3458 4434 3647 4500 despe-

2008 4505 2058 4565 D
2083 4534 2231 4590 rant;
2266 4505 2561 4595 intelligant
2593 4525 2808 4595 superbi
2842 4526 3083 4580 iudicem
3108 4566 3122 4592 ,
3153 4525 3243 4595 qui
3271 4528 3466 4579 malum
3506 4538 3648 4576 suum

2081 4632 2186 4671 non
2210 4618 2481 4672 asstimant
2502 4631 2619 4671 esse
2639 4615 2986 4687 puniendum.
3012 4616 3088 4670 lta
3114 4617 3198 4670 hic
3223 4626 3391 4671 totum
3413 4628 3651 4683 compen-

2079 4710 2229 4764 diose
2258 4709 2676 4778 plenissimeque
2726 4716 2997 4762 cantatum
3042 4717 3155 4773 est,
3203 4710 3453 4777 quoniam
3495 4706 3542 4758 in
3574 4704 3649 4756 his

2080 4802 2285 4855 duobus
2306 4804 2662 4865 sermonibus,
2690 4811 2743 4855 et
2764 4812 2953 4854 cuneta
2977 4816 3138 4869 opera
3162 4800 3393 4866 Domini,
3422 4807 3474 4854 et
3503 4797 3651 4850 totius

2086 4890 2336 4945 Ecclesia
2365 4892 2646 4945 aediﬁcatio
2680 4893 2931 4959 probatur
2959 4906 3079 4946 esse
3112 4899 3352 4945 narrata.
3416 4890 3643 4957 Adjecit:

2082 4984 2189 5047 tibi,
2225 4982 2458 5046 Domine,
2490 4983 2723 5054 psallam.
2762 4983 2980 5035 Domino
3003 4985 3177 5051 psallit
3201 4984 3289 5053 qui
3325 4984 3480 5037 bonis
3506 4981 3647 5034 factis

2081 5074 2192 5128 Suis
2223 5090 2341 5127 eum
2375 5075 2585 5141 placare
2608 5073 2902 5128 contendit.
2936 5074 3050 5143 Ipsa
3071 5084 3151 5129 est
3179 5075 3320 5128 enim
3347 5072 3646 5129 suavissima

2083 5165 2248 5217 virtus
2286 5164 2607 5229 harmonitc,
2641 5164 2858 5232 quando
2886 5179 2991 5219 vox
3031 5167 3374 5234 cognoscitur
3412 5164 3649 5234 operibus

2082 5271 2398 5311 consultare.
2454 5256 2582 5309 Nam
2613 5257 2656 5309 si
2684 5260 2764 5310 ha:
2795 5258 2914 5312 diue
2944 5274 3029 5313 res
3060 5260 3404 5327 discrepabili
3444 5260 3538 5315 sibi
3566 5272 3652 5310 va-

2083 5348 2273 5402 rietate
2316 5349 2665 5414 dissentiant,
2719 5364 3048 5419 nequaquam
3096 5361 3320 5419 possunt
3352 5350 3646 5422 pSRimndiiE

2086 5453 2431 5511 temperatam
2454 5442 2668 5497 efﬁcere
2684 5444 3028 5511 cantilenam,
3055 5461 3151 5500 nec
3182 5447 3245 5501 ad
3276 5462 3430 5501 aures
3450 5440 3656 5501 Domini

2082 5534 2248 5599 venit,
2280 5534 2419 5602 quod
2452 5549 2512 5588 se
2543 5545 2724 5587 mutua
2747 5537 3127 5592 contrarietate
3158 5537 3457 5593 confundit.

2158 5626 2308 5679 Vers.
2342 5627 2396 5681 2.
2433 5625 2497 5679 Et
2527 5628 2809 5699 intelligant
2850 5631 2901 5683 in
2931 5630 3009 5683 ria
3051 5630 3412 5696 immaculata,
3458 5626 3659 5698 quando

2080 5718 2245 5771 rcuies
2262 5719 2329 5771 ad
2354 5736 2448 5773 me.
2480 5720 2571 5773 [lic
2594 5736 2780 5775 versus
2803 5722 2869 5777 de
2898 5724 3260 5791 superioribus
3285 5723 3501 5792 pendet.
3530 5721 3658 5775 Nam

2081 5808 2127 5867 si
2152 5807 2557 5881 disciplinabilis
2577 5812 2663 5866 illa
2696 5812 2987 5884 psalmodia
3014 5825 3378 5886 competenter
3403 5814 3665 5885 dirigatur
