3952 6162
255 344 326 403 70!
1182 334 1543 392 EXPOSITIO
1583 334 1647 391 IN
1691 336 2155 393 PSALTERIUM.
2197 336 2389 394 PSAL.
2433 337 2491 389 (1.

3382 336 3485 393 702

256 462 306 518 ad
326 455 628 519 Dominum,
658 452 778 509 vide
808 451 931 523 quid
969 459 1223 523 praestat;
1257 459 1317 506 ut
1353 451 1602 524 intelligat
1634 452 1686 504 in
1723 451 1803 502 via
1835 453 1881 511 Α
1905 449 2204 518 judicatur;
2250 464 2372 502 nam
2406 445 2650 517 quamvis
2698 454 2821 503 ante
2867 446 3056 503 faciem
3103 455 3341 502 nostram
3390 461 3485 500 ve-

254 549 575 613 immaculata,
607 544 821 615 quando
853 544 917 599 ad
946 558 1005 599 se
1035 540 1295 597 Dominus
1325 543 1510 596 venire
1530 541 1801 610 dignetur,

256 659 383 716 quem
415 652 738 711 magnopere
769 635 1087 691 sustinebat.
1123 632 1416 703 Intelligam
1448 632 1609 697 dicit,
1641 630 1690 684 id
1722 639 1805 685 est

253 738 437 795 credam
483 747 618 804 puro
647 730 826 785 cordis
856 728 1077 791 allecto;
1112 732 1169 780 ut
1197 725 1337 796 quod
1368 725 1537 779 oculis
1568 723 1805 778 carnali-

253 835 328 888 bus
353 845 455 884 non
477 826 716 888 videbat,
741 823 998 878 vivaciter
1017 821 1351 890 conspiceret
1378 820 1568 872 animae
1593 817 1804 872 deside-

251 923 393 979 rantis
422 917 638 974 adnisu.
672 914 738 969 Et
767 914 1015 984 quoniam
1050 912 1155 966 tale
1184 910 1509 965 desiderium
1551 909 1808 977 spiritua-

251 1016 348 1074 liter
392 1010 502 1080 jam
533 1006 766 1062 videntis
798 1013 944 1069 erat,
975 1003 1105 1071 dicit
1143 999 1589 1070 quemadmodum
1621 1000 1807 1052 venire

250 1106 505 1172 disponat;
555 1101 611 1153 in
655 1100 737 1152 via
767 1095 973 1151 scilicet
1010 1094 1370 1159 immaculata,
1413 1092 1532 1161 quia
1565 1090 1807 1145 Christus

249 1195 481 1247 Dominus
509 1196 729 1260 peccata
757 1201 862 1240 non
904 1185 1115 1247 habuit,
1142 1183 1229 1253 qui
1260 1192 1315 1240 et
1346 1200 1438 1251 per
1467 1183 1608 1236 hunc
1649 1194 1809 1235 mun-

247 1285 347 1339 dum
378 1280 733 1338 immaculatis
760 1278 1031 1349 gressibus
1063 1276 1372 1330 ambulavit.
1400 1276 1511 1329 Hoc
1541 1282 1626 1330 est
1661 1273 1805 1327 enim

246 1377 362 1446 quod
393 1374 549 1435 dicit,
582 1371 648 1424 Et
676 1369 963 1438 intelligam
988 1370 1043 1422 in
1087 1369 1169 1421 via
1193 1368 1552 1432 immaculata,
1601 1365 1809 1436 quando

245 1469 383 1521 venies
414 1466 483 1519 ad
510 1481 610 1518 me.

305 1559 449 1614 \‘ers.
486 1556 539 1609 5.
575 1553 1001 1609 Perambulabam
1044 1552 1093 1605 in
1141 1552 1431 1605 innocentia
1460 1552 1632 1606 cardis
1671 1552 1771 1606 mei
1792 1592 1807 1616 ,

246 1653 288 1705 in
323 1650 483 1704 medio
515 1652 696 1701 domus
724 1662 867 1702 mete.
909 1646 1296 1714 livpotheticns
1341 1645 1519 1700 denuo
1557 1646 1807 1715 syllogis-

247 1759 346 1798 mus
372 1742 614 1812 aperitur
657 1757 669 1792 :
707 1740 763 1793 Si
806 1740 982 1806 justus
1026 1739 1363 1807 peramhu'at
1404 1738 1455 1791 in
1505 1738 1808 1792 innocentia

1909 541 2089 608 niant,
2116 548 2294 594 tamen
2330 540 2380 593 in
2416 546 2707 606 conspectu
2740 539 2937 593 mentis
2966 548 3163 621 nosth
3193 552 3297 593 non
3330 550 3482 601 sunt,

1908 643 2027 699 quas
2075 629 2419 683 abominabili
2469 628 2840 684 exsecratione
2880 628 3190 700 refugimus.
3236 628 3482 692 Addid't,

1908 739 2010 776 non
2056 722 2271 775 adlttcsit
2315 721 2462 775 mihi.
2501 722 2610 776 Hoc
2652 736 2862 775 comma
2903 723 3121 776 omnino
3167 736 3483 790 suspensum

1910 824 2023 880 est;
2074 814 2345 869 desiderat
2373 814 2512 868 enim
2546 824 2707 882 caput
2740 828 2934 868 .versus
2965 815 3261 883 sequentis,
3292 814 3342 867 id
3372 824 3483 877 est,

1910 922 1998 959 cor
2022 920 2268 974 prauum;
2296 907 2435 975 quod
2463 903 2771 974 frequenter
2812 906 3004 957 iactum
3046 905 3335 960 secundum
3378 904 3485 957 lico

1909 994 2085 1049 breeos
2147 995 2200 1049 iu
2246 995 2490 1050 Psalterii
2532 994 2772 1049 versibus
2822 993 3144 1047 invenimus.
3197 993 3295 1047 Cor
3343 994 3482 1046 enim

1909 1100 2121 1155 pravum
2152 1086 2413 1140 adluerere
2438 1099 2543 1140 non
2579 1093 2770 1154 potest,
2799 1086 2897 1139 nisi
2926 1097 3263 1155 peccatorum
3297 1085 3488 1152 iniqui-

1912 1187 2020 1233 tate
2053 1176 2314 1232 distertis.
2341 1177 2572 1231 Invicem
2606 1177 2802 1247 quippe
2832 1178 2931 1229 sibi
2965 1177 3186 1244 mquaiia
3226 1186 3345 1228 vota
3370 1175 3485 1243 glu-

1912 1270 2171 1333 tinantur,
2200 1278 2252 1323 et
2276 1283 2306 1323 e
2327 1267 2543 1322 diverso
2573 1267 2883 1320 dividuntur
2910 1280 3241 1334 qna-cunque
3270 1276 3485 1318 contra-

1910 1362 1989 1417 ria
2020 1369 2173 1426 sunt;
2223 1375 2322 1414 nec
2352 1375 2570 1429 pravum
2602 1368 2750 1413 recto
2781 1360 3065 1423 convenit,
3114 1359 3233 1426 quia
3279 1370 3485 1409 morum

1912 1453 2169 1507 varietate
2201 1452 2472 1506 dissentit.
2523 1450 2621 1504 llic
2651 1459 2827 1504 autem
2860 1458 3031 1504 status
3078 1448 3258 1503 incidit
3309 1448 3491 1515 cenjc-

1911 1543 2151 1608 cturalis,
2186 1543 2274 1596 ubi
2313 1542 2569 1612 quaeritur
2597 1548 2689 1595 aut
2718 1556 2839 1595 cum
2868 1540 3066 1610 quibus
3101 1541 3367 1607 convivat,
3400 1546 3493 1592 aut

1912 1635 2181 1707 quomodo
2211 1635 2374 1688 vivat.

1985 1745 2139 1801 Vers.
2172 1745 2221 1800 ὅ.
2251 1744 2351 1800 Cor
2370 1759 2581 1815 pravum
2597 1760 2614 1810 ;
2632 1742 2946 1828 declinantes
2966 1760 2999 1797 a
3021 1760 3096 1797 me
3118 1741 3366 1813 malignos
3389 1758 3491 1795 non

246 1836 401 1889 cordis
439 1834 492 1887 in
535 1832 712 1886 medio
750 1831 940 1885 domus
973 1829 1212 1894 Domini,
1254 1844 1359 1883 non
1393 1829 1641 1898 proponit
1681 1838 1804 1883 ante
1836 1836 1880 1896 Β
1907 1836 2260 1906 agnoscebam.
2320 1836 2558 1889 Diximus
2600 1851 2686 1887 cor
2724 1850 2933 1905 pravum
2975 1835 3339 1904 superioribus
3372 1849 3492 1888 esse

248 1928 409 1981 oculos
435 1940 565 1979 suos
599 1939 710 1977 rem
744 1923 969 1986 malam;
1003 1930 1239 1976 attamen
1271 1923 1444 1991 justus
1476 1921 1809 1989 perambulat

252 2024 293 2073 in
329 2016 629 2072 innocentia
660 2015 842 2069 cordis
872 2015 922 2068 in
965 2014 1140 2068 medio
1171 2014 1361 2085 domus
1412 2014 1627 2067 Domini
1655 2030 1668 2066 :
1702 2028 1809 2067 non

253 2109 476 2178 proponit
510 2109 672 2178 igitur
710 2116 836 2159 ante
864 2105 1051 2159 oculos
1090 2120 1215 2159 suos
1252 2120 1367 2159 rem
1410 2106 1625 2159 malam.
1660 2104 1812 2161 Nunc

182 2242 189 2249 .
254 2200 504 2269 sequentia
537 2198 836 2252 videamus.
866 2197 1122 2264 Dicendu,
1166 2197 1602 2267 pet-ambulabam,
1632 2207 1814 2250 esten.

256 2290 318 2344 dit
342 2291 496 2344 vitam
527 2289 710 2343 mundi
748 2289 903 2343 istius
930 2302 1035 2341 non
1070 2303 1130 2343 se
1166 2287 1561 2342 studiosissime
1591 2286 1812 2356 perqui-

257 2386 408 2450 s'isse,
432 2384 523 2437 sed
550 2393 802 2451 tanquam
826 2382 1187 2436 transitoriam
1214 2381 1378 2436 fuisse
1398 2380 1700 2435 decursm.
1736 2382 1814 2434 Ac

257 2473 454 2538 deinde,
485 2472 611 2542 quid
646 2472 813 2541 possit
840 2472 1129 2526 innocentia
1159 2472 1343 2541 paucis
1372 2471 1550 2526 verbis
1582 2470 1815 2526 absolvi-

257 2577 354 2630 tur;
406 2577 461 2620 ut
507 2568 560 2620 in
609 2565 778 2619 medio
822 2567 1003 2619 domus
1053 2565 1147 2621 Dei
1194 2566 1431 2620 habitare
1479 2573 1810 2630 mereretur;

254 2670 496 2727 quatenus
544 2666 599 2712 et
636 2657 856 2728 reliquis
899 2658 1097 2712 bonum
1130 2656 1432 2726 exemplum
1465 2656 1728 2725 praebeat,
1760 2663 1817 2711 et

250 2754 351 2820 ipsa
374 2750 670 2805 honorabili
691 2750 1102 2805 conversatione
1123 2749 1381 2804 reluceat.
1402 2747 1537 2803 Nam
1558 2757 1811 2816 quantum

246 2845 408 2898 valeat
438 2843 729 2897 innocentia
760 2842 884 2896 hinc
905 2842 1060 2896 datur
1081 2841 1337 2910 intelligi,
1369 2850 1427 2895 ut
1454 2850 1670 2909 propter
1696 2850 1816 2908 gra-

244 2936 494 2989 tissimam
539 2933 941 3003 simplicitatem
969 2934 1021 2987 in
1055 2933 1318 2987 columbae
1358 2931 1540 3000 specie
1585 2930 1816 2997 Spiritus

239 3041 452 3083 Sanctus
481 3037 787 3098 appareret,
813 3034 867 3081 ct
887 3036 1101 3094 propter
1121 3026 1588 3080 mansuetudinem
1608 3024 1814 3079 beatam

236 3127 441 3194 Agnum
473 3138 532 3177 se
580 3135 775 3177 vocare
816 3121 911 3175 Dei
955 3121 1122 3175 Filius
1167 3120 1419 3189 elegisset
1463 3135 1479 3174 :
1530 3116 1817 3185 designans

1908 1923 2287 1995 jungendum,
2349 1933 2406 1977 ut
2467 1923 2708 1978 absoluta
2768 1925 3031 1978 sententia
3102 1916 3479 1991 Subsetuatur.

1912 2014 2244 2071 Declinantes
2288 2032 2319 2070 a
2359 2032 2437 2071 me
2476 2015 2728 2086 malignos
2772 2032 2874 2069 non
2911 2017 3262 2087 agnoscebam.
3318 2016 3489 2070 Decli-

1912 2120 2092 2165 nantes
2122 2129 2153 2164 a
2206 2126 2286 2165 me
2312 2111 2599 2180 malignos,
2651 2107 2934 2164 hmreticos
2993 2108 3145 2176 dicit,
3192 2111 3279 2179 qui
3313 2110 3491 2179 pravis

1913 2201 2248 2271 dogmatibus
2276 2216 2303 2255 a
2335 2201 2591 2255 Catholica
2624 2199 3009 2269 praedicatione
3032 2200 3359 2255 dissentiunt
3386 2243 3402 2269 ,
3439 2211 3495 2256 ct

1914 2293 2229 2346 declinantes
2259 2292 2479 2346 semitas
2507 2299 2702 2356 rectas,
2743 2304 2838 2361 per
2866 2292 2979 2345 vias
3012 2292 3272 2361 pessimos
3301 2308 3359 2347 se
3402 2308 3497 2347 au-

1914 2383 2227 2452 ditoresque
2252 2382 2541 2437 deducunt.
2570 2381 2692 2436 Non
2711 2382 3044 2455 agnoscebant
3066 2382 3220 2451 dixit,
3245 2384 3493 2454 quoniam

1915 2490 2035 2531 cum
2069 2490 2128 2529 se
2152 2476 2448 2540 baptizatos
2471 2486 2628 2543 atque
2653 2474 2889 2544 signatos
2913 2482 3177 2544 asserunt,
3208 2489 3313 2528 non
3344 2476 3394 2529 in
3419 2478 3497 2531 eis

1918 2566 2228 2634 agnoscitur
2256 2565 2436 2619 divina
2480 2564 2720 2629 dilectio,
2750 2566 2838 2636 qui
2870 2565 3169 2634 blasphemi
3207 2565 3500 2635 probantur

1920 2659 1973 2712 in
2008 2656 2257 2712 Domino.
2300 2657 2384 2711 liii
2416 2658 2558 2712 enim
2604 2656 2892 2713 Christiani
2933 2658 3198 2713 veraciter
3245 2674 3493 2730 recognoo

1916 2757 2166 2814 scuntur,
2199 2750 2291 2819 qui
2314 2763 2371 2803 se
2399 2748 2521 2803 tidei
2555 2750 2811 2817 pravitate
2839 2763 2944 2803 non
2977 2749 3239 2818 poiiuunt.

1989 2862 2147 2918 Vers.
2178 2860 2230 2915 6.
2263 2860 2621 2915 Deira/tentem
2647 2861 2886 2914 adversus
2917 2863 3203 2931 proximum
3234 2876 3384 2914 suum
3414 2876 3501 2913 oc-

1920 2957 2079 3023 culte,
2104 2954 2238 3008 Imnc
2264 2956 2618 3025 persequebar.
2640 2953 2879 3008 Detrahit
2906 2952 3186 3007 hereticus
3213 2952 3502 3013 catholico,

1926 3049 2139 3116 quando
2169 3047 2445 3102 absentem
2477 3045 2652 3114 aliqua
2691 3044 3035 3100 oblocutione
3077 3044 3361 3107 dilacerat;
3403 3060 3499 3099 nec

1923 3140 2086 3195 audet
2135 3140 2303 3209 palam
2340 3137 2700 3202 contendere,
2733 3138 2822 3207 qui
2854 3152 2912 3193 se
2939 3138 3084 3191 novit
3112 3135 3500 3191 irrationabilia

236 3221 487 3286 quoniam
513 3217 602 3271 illa
634 3216 872 3272 caelestis
895 3224 949 3268 et
983 3229 1108 3268 vera
1139 3213 1395 3281 sapientia
1427 3211 1479 3265 in
1511 3209 1817 3281 pectoribus
1845 3216 1891 3279 ο
1925 3232 2217 3289 vindicare.
2271 3230 2381 3285 Hos
2431 3230 2560 3285 dicit
2605 3229 3039 3299 persequendos,
3074 3237 3130 3282 ut
3155 3227 3221 3283 ad
3262 3228 3507 3283 vernans

236 3310 463 3378 placidis
494 3323 656 3381 atque
690 3309 980 3363 humilibus
1004 3307 1369 3377 conquiescat.

308 3401 463 3457 Vers.
500 3403 555 3457 4.
604 3400 727 3455 Non
777 3401 1121 3471 proponebant
1146 3408 1268 3453 ante
1311 3399 1486 3451 oculos
1534 3414 1669 3452 meo:
1713 3410 1821 3451 rem

235 3495 455 3555 mittam;
488 3494 734 3563 facientes
777 3492 1217 3559 prwvaricationes
1256 3491 1410 3543 adiri.
1448 3489 1568 3542 Non
1602 3488 1821 3543 adluesit

236 3586 379 3638 mihi.
413 3584 681 3651 Quoniam
709 3584 954 3649 superius
992 3581 1135 3635 dixit
1162 3581 1452 3635 ambulasse
1480 3596 1533 3633 se
1564 3582 1614 3633 in
1655 3580 1822 3633 medio

236 3672 496 3727 Ecclesia:
538 3677 589 3726 in
618 3674 907 3726 innocentia
943 3672 1115 3725 cordis
1146 3674 1258 3737 sui,
1294 3686 1435 3726 nunc
1474 3684 1566 3738 per
1602 3671 1821 3740 ligurum

240 3763 560 3831 trtiologiam
582 3804 597 3829 ,
636 3779 754 3831 qua:
793 3763 983 3816 Latine
1012 3762 1310 3833 appellatur
1340 3776 1517 3817 causae
1566 3762 1820 3828 redditio,

243 3853 343 3909 hoc
375 3856 581 3923 duobus
620 3858 798 3912 modis
828 3858 1048 3926 exponit
1081 3875 1095 3909 :
1139 3858 1311 3925 primo
1342 3856 1525 3912 dicens
1557 3871 1722 3925 usque
1756 3855 1823 3909 ad

244 3950 468 4011 positam
526 3950 846 4006 divisionem
893 3966 1013 4006 cum
1060 3952 1264 4005 vitiosis
1311 3966 1372 4006 se
1424 3965 1528 4004 non
1573 3949 1824 4003 habuisse

244 4044 612 4108 consortium;
653 4043 849 4099 deinde
879 4060 1049 4115 usque
1079 4044 1144 4098 ad
1186 4042 1345 4097 tinem
1381 4043 1603 4112 psalmi,
1635 4042 1829 4095 asserit

246 4145 365 4185 cum
396 4134 644 4190 ﬁdelibus
676 4150 828 4191 suam
860 4152 917 4191 se
961 4137 1203 4203 posuisse
1245 4135 1595 4191 nihilominus
1627 4135 1826 4204 portio-

248 4236 368 4275 nem
388 4265 402 4290 ,
444 4234 499 4279 et
528 4226 594 4279 de
624 4228 789 4281 corde
817 4242 916 4282 suo
946 4227 1143 4281 diaboli
1178 4227 1386 4296 fugasse
1418 4227 1702 4281 versutias.
1738 4226 1827 4281 Sic

247 4322 531 4370 maximam
570 4331 773 4385 partem
806 4318 962 4386 huius
991 4319 1179 4386 psalmi
1212 4321 1324 4373 haec
1353 4318 1517 4388 ﬁgura
1548 4317 1828 4388 cognosci-

248 4410 335 4457 tur
361 4423 477 4462 esse
504 4409 810 4476 complexa.
842 4409 993 4463 Nunc
1023 4409 1087 4463 ad
1111 4410 1424 4476 exponenda
1451 4409 1609 4464 verba
1635 4410 1826 4464 redea-

243 4508 383 4548 mus.
424 4497 523 4564 Qui
574 4499 739 4551 Deum
770 4499 945 4553 credit
995 4501 1257 4566 ultorem,
1293 4515 1405 4555 rem
1458 4502 1650 4554 malam
1704 4512 1829 4556 ante

1925 3325 2099 3382 studia
2148 3324 2517 3391 concitentur,
2550 3322 2637 3394 qui
2667 3320 2877 3393 decepti
2911 3324 3071 3377 variis
3114 3321 3505 3392 quaestionibus

1925 3419 2235 3475 cluduntur.
2273 3416 2575 3471 Proximum
2604 3418 2746 3471 enim
2788 3415 3017 3470 dicimus
3046 3423 3101 3469 et
3148 3415 3323 3468 carnis
3356 3413 3507 3467 nobis

1926 3514 2189 3566 societate
2222 3510 2565 3579 conjunclum
2587 3551 2601 3574 ,
2630 3517 2684 3563 et
2732 3507 2909 3577 aliqua
2950 3506 3083 3576 legis
3120 3506 3395 3559 vicinitate
3426 3521 3506 3559 so-

1927 3605 2148 3656 ciatum.
2179 3600 2309 3655 Nam
2340 3600 2466 3655 dum
2495 3600 2710 3668 quidam
2736 3614 2921 3654 eorum
2953 3598 3226 3652 nobiseum
3254 3596 3417 3651 Vetus
3447 3613 3508 3651 ac

1928 3697 2134 3751 Novum
2175 3692 2583 3748 Testamentum
2618 3691 2893 3761 suscipere
2922 3690 3221 3756 videantur,
3258 3702 3402 3744 reCIe
3434 3699 3507 3741 ta-

1930 3804 2052 3841 men
2096 3784 2394 3855 intelligere
2423 3785 2726 3855 Scripturas
2764 3785 2971 3838 divinas
3000 3782 3299 3838 detestabili
3326 3778 3509 3835 volun-

1930 3888 2039 3934 tate
2071 3885 2445 3931 contemnunt.

2004 3964 2241 4022 \"ers..7.
2276 3964 2506 4035 Superbo
2529 3963 2675 4018 oculo
2702 3971 2751 4016 et
2778 3962 3056 4017 insatiabili
3077 3963 3250 4029 corde,
3279 3979 3392 4015 cum
3415 3963 3509 4016 ltoc

1929 4059 2082 4113 simul
2112 4074 2214 4111 non
2243 4054 2468 4109 edebam.
2506 4055 2617 4108 Duo
2639 4067 2759 4108 esse
2780 4052 2908 4107 dicit
2934 4067 3127 4122 genera
3160 4052 3507 4121 perﬁdorum.

1932 4151 2104 4206 Unum
2129 4146 2554 4217 (sicutsuperius
2577 4145 2776 4214 posuit)
2804 4146 2941 4213 quod
2969 4143 3224 4213 proximis
3251 4144 3504 4207 detrahit;

1932 4242 2022 4296 sed
2050 4240 2178 4295 illud
2198 4241 2326 4309 jam,
2356 4236 2808 4309 quemadmodum
2832 4236 3010 4290 curari
3039 4236 3223 4304 possit,
3252 4233 3505 4289 ostendit.

1932 4331 2090 4388 Aliud
2116 4347 2243 4386 vero
2274 4330 2415 4399 quod
2442 4327 2658 4396 superbo
2682 4327 2851 4393 oculo,
2878 4326 2927 4379 id
2960 4338 3041 4381 est
3074 4327 3341 4379 voluntate
3377 4341 3511 4393 przc-

1931 4423 2130 4479 tumida
2161 4431 2206 4475 et
2256 4420 2535 4474 insatiabili
2577 4416 2727 4471 corde
2755 4432 2785 4472 a
2820 4417 3165 4487 blaSphemiis
3206 4433 3312 4472 non
3350 4414 3512 4487 335.

1933 4516 2174 4580 recedit,
2201 4515 2282 4569 sic
2311 4513 2443 4568 dicit
2472 4527 2591 4567 esse
2618 4510 2891 4565 vitandum
2913 4552 2926 4577 ,
2959 4523 3013 4565 ut
3040 4510 3150 4582 jam
3199 4526 3295 4566 nec
3341 4513 3511 4581 ipsum

235 4587 419 4641 wrdis
448 4590 531 4642 sui
564 4591 761 4645 lumina
791 4607 898 4645 non
932 4593 1180 4660 pr0ponit
1208 4607 1222 4647 :
1253 4592 1379 4660 quia
1402 4608 1626 4647 necesse
1659 4602 1741 4647 est
1769 4602 1817 4646 ut

1931 4623 2050 4663 eum
2104 4607 2292 4662 eodem
2341 4605 2634 4660 debeamus
2687 4603 2824 4657 inire
2873 4604 3206 4667 convivium,
3250 4618 3318 4657 ne
3357 4618 3514 4658 aures

234 4676 504 4746 dapiciat
529 4693 740 4735 terrena
782 4684 874 4752 qui
910 4683 1148 4736 noscitur
1182 4684 1528 4737 considerare
1557 4684 1823 4738 etulestia.

229 4767 338 4823 Sed
369 4773 461 4840 qui
496 4774 551 4826 in
582 4775 782 4827 mundo
816 4784 964 4840 erat,
998 4791 1105 4828 rem
1135 4776 1323 4828 malam
1354 4786 1472 4828 ante
1499 4777 1673 4829 oculos
1701 4791 1831 4830 suos

227 4865 510 4929 quomodo
536 4876 745 4934 poterat
777 4880 882 4920 non
927 4866 1146 4931 habere,
1181 4866 1281 4920 nisi
1309 4869 1431 4936 quia
1465 4866 1538 4920 illi
1564 4868 1687 4920 talia
1715 4867 1826 4921 dis-

235 4951 547 5020 i'iicebant,
594 4971 693 5010 nec
726 4972 913 5011 eorum
958 4957 1147 5011 vitiosa
1189 4959 1548 5012 delectatione
1579 4959 1829 5028 capieba-

246 5045 355 5099 ιιιτῖ
385 5049 543 5105 .Iuste
570 5066 701 5120 ergo
722 5051 861 5107 dixit
881 5062 1063 5106 sancta
1087 5051 1455 5121 congregatio,
1490 5062 1614 5105 ante
1636 5053 1826 5105 oculos

243 5138 416 5194 cOt‘dis
446 5142 532 5195 sui
563 5155 623 5196 se
664 5158 770 5195 non
808 5144 1053 5212 posuisse
1086 5144 1371 5211 nequitias,
1402 5157 1533 5212 quas
1562 5145 1629 5198 de
1656 5158 1822 5212 pene-

241 5223 473 5286 "slibus
504 5248 616 5287 suae
646 5237 843 5289 mentis
865 5236 1189 5290 excluserat.
1217 5236 1382 5289 Recte
1410 5234 1675 5305 siquidem
1710 5236 1828 5289 illas

218 5318 313 5406 fe!
356 5326 556 5380 videre
601 5342 708 5382 non
736 5326 984 5393 dicimur,
1018 5343 1151 5398 quas
1186 5327 1350 5381 nullis
1378 5326 1827 5384 delectationibus

214 5413 531 5492 imitemur.
576 5422 851 5491 Sequitur,
900 5424 1141 5492 facientes
1185 5422 1622 5492 prtcvaricationes
1666 5422 1824 5475 odim“.

193 5484 501 5591 Flposuit
531 5514 988 5584 quemadmodum
1018 5518 1156 5570 mala
1189 5515 1251 5569 ad
1276 5516 1390 5585 ejus
1413 5531 1518 5569 non
1552 5516 1827 5585 patuerint

186 5595 477 5661 "uentos
508 5609 699 5662 oculos
730 5611 1013 5678 pervenire
1047 5630 1060 5663 ;
1098 5611 1217 5679 quia
1255 5610 1694 5679 praevaricationes
1728 5610 1823 5662 lto-

173 5683 431 5785 mifxum
460 5702 669 5772 iugiter
713 5702 897 5756 habuit
931 5703 1167 5757 odiosas.
1217 5702 1337 5757 Illas
1366 5704 1505 5759 cnim
1546 5719 1630 5757 res
1655 5719 1819 5756 unus-

162 5780 455 5863 ‘7uisque
504 5791 774 5862 respicere
824 5793 1049 5863 dicitur,
1104 5809 1237 5865 quas
1290 5804 1341 5852 et
1386 5795 1609 5869 diligere
1661 5809 1820 5865 posse

1930 4698 2359 4754 Christianorum
2423 4695 2799 4749 abominandis
2839 4695 3181 4749 sermonibus
3235 4694 3516 4765 inquinen-

1935 4800 2035 4845 tur.
2069 4790 2174 4844 Sed
2204 4799 2256 4843 et
2287 4788 2406 4853 hoc,
2434 4788 2614 4842 acrius
2643 4786 2857 4856 quidem
2886 4795 3061 4840 tamen
3088 4800 3254 4854 genus
3284 4786 3514 4838 curatio-

1934 4882 2019 4935 nis
2048 4880 2311 4934 iudultum
2348 4889 2462 4945 est,
2489 4888 2543 4933 ut
2565 4893 2684 4933 cum
2709 4894 2767 4932 se
2792 4892 2942 4931 mens
2970 4878 3127 4945 impia
3155 4878 3353 4929 sanctis
3384 4877 3514 4931 viris

1936 4972 2328 5025 exsecrabilem
2353 4970 2547 5023 viderit
2578 4970 2644 5022 fat
2664 4979 2793 5034 tam,
2824 4983 3062 5022 errorem
3093 4982 3246 5020 suum
3278 4966 3515 5021 adhibita

1935 5062 2295 5116 satisfactione
2348 5062 2658 5128 recorrigat.
2707 5058 2836 5113 Nam
2878 5060 2921 5113 si
2956 5059 3244 5127 Apostolus
3280 5058 3409 5112 dicit
3449 5059 3516 5112 de

1934 5153 2255 5209 Christianis
2295 5154 2431 5208 male
2466 5154 2797 5218 viventibus,
2846 5166 2965 5206 cum
2996 5153 3076 5206 his
3107 5168 3195 5206 nec
3223 5151 3382 5204 cibum
3430 5168 3515 5204 su-

1934 5246 2130 5316 mere(l
2162 5246 2283 5300 Cor.
2308 5262 2362 5311 v,
2386 5245 2495 5316 il),
2520 5257 2720 5315 quanto
2743 5249 2908 5317 magis
2931 5246 3030 5299 hoc
3051 5243 3163 5297 fieri
3185 5245 3434 5297 convenit
3453 5244 3517 5297 de

1933 5340 2249 5395 truculentis
2278 5348 2437 5409 atque
2458 5339 2741 5393 obstinatis
2778 5339 3076 5394 hazrcticis!
3109 5338 3237 5392 Sive
3270 5337 3370 5390 hoc
3404 5335 3517 5401 Spi-

1934 5429 2195 5483 ritualiter
2224 5429 2628 5498 intelligendum
2658 5439 2742 5484 est
2762 5429 2827 5483 de
2857 5442 3080 5497 corpore
3108 5426 3313 5480 Domini
3337 5423 3516 5479 Salva-

1933 5521 2083 5583 t0ris,
2109 5530 2164 5572 ut
2185 5536 2302 5574 cum
2328 5521 2429 5575 illis
2458 5523 2875 5576 communicatio
2904 5537 3006 5573 uon
3032 5519 3241 5581 edatur,
3267 5533 3294 5568 a
3325 5517 3517 5584 quibus

1934 5611 2066 5665 ﬁdes
2088 5609 2390 5663 Christiana
2423 5610 2764 5681 discerpitur.
2797 5612 2862 5665 Et
2892 5611 3108 5665 intende
3137 5608 3257 5680 quia
3294 5609 3405 5661 sive
3427 5622 3517 5661 su-

1933 5703 2142 5772 periora
2195 5718 2313 5769 qua:
2363 5702 2503 5756 dicta
2535 5714 2680 5769 sunt,
2709 5704 2821 5757 sive
2850 5717 2968 5773 qua:
3018 5702 3069 5755 in
3103 5702 3333 5757 secunda
3381 5697 3515 5752 divi-

1930 5797 2082 5851 sione
2117 5792 2339 5850 dicenda
2371 5803 2511 5860 sunt,
2546 5799 2727 5851 omna
2756 5796 3024 5867 pertinent
3054 5795 3118 5851 ad
3159 5807 3354 5856 statum
3384 5807 3510 5849 con-
