3952 6162
505 279 610 336 705

1729 275 1798 331 Μ.
1845 274 2083 331 Αυῐιη

2189 275 2558 334 Ὰςδῐοῦοῐὶῐ
3626 287 3727 344 ’τοι

506 402 853 472 iecturalem,
884 399 935 452 in
977 410 1082 467 quo
1114 394 1346 450 maxime
1380 394 1888 450 disertaeratorum
1936 410 2091 451 exero
2122 400 2171 457 Α
2197 400 2461 467 coeperint
2491 413 2749 468 apparere
2774 441 2788 464 ,
2832 406 2954 452 tunc.
2976 397 3218 452 oratione
3251 399 3436 456 debent
3457 402 3579 470 ejici,
3607 414 3708 457 tum:

507 506 701 551 ceutur
728 493 960 563 ingenia.

581 587 735 639 Vers.
768 586 821 637 8.
866 583 1019 637 Oculi
1060 584 1161 637 mei
1190 598 1342 651 super
1372 581 1551 649 ﬁdeles
1581 593 1755 649 ten-tv,
1792 594 1847 636 ut
1887 584 2092 637 sedeant

507 678 561 730 hi
586 692 811 739 mecum;
857 675 1125 729 ambulans
1154 676 1205 728 in
1234 676 1311 728 via
1335 675 1664 728 immaculata
1683 720 1697 741 ,
1732 678 1813 728 hic
1840 676 1963 728 mihi
1991 677 2089 729 mi-

508 768 774 820 nistrabut.
808 768 1001 822 Sancta
1035 769 1121 820 illa
1145 768 1487 835 congregatio
1520 768 1669 821 venit
1698 768 1762 821 ad
1798 769 2087 822 secundam

508 868 711 927 partem
732 902 745 925 ,
778 871 831 914 et
862 862 997 914 sicut
1027 860 1271 929 superius
1302 860 1692 913 abominahiYes
1721 859 1821 914 sibi
1856 859 2090 913 reddidit

508 950 776 1013 infideles,
808 951 874 1003 ita
907 965 1048 1004 nunc
1078 958 1223 1003 recte
1246 949 1577 1003 credentium
1612 950 1849 1003 virorum
1878 950 2089 1003 deside-

506 1051 590 1092 rat
615 1041 810 1095 habere
836 1042 1188 1094 consortium.
1221 1041 1342 1093 Illos
1364 1041 1506 1093 enim
1539 1041 1720 1095 cordis
1746 1040 1932 1095 oculos
1955 1058 2089 1111 quos

505 1133 777 1184 aveztehat
798 1147 825 1183 a
869 1131 1137 1195 pessimis,
1169 1146 1309 1184 nunc
1345 1146 1403 1185 se
1429 1131 1710 1197 profitetur
1730 1132 1937 1186 sociare
1965 1147 2087 1186 cum

507 1224 727 1275 sanctis.
778 1220 989 1275 Fideles
1017 1232 1166 1274 terrw
1193 1222 1356 1286 dicit,
1389 1223 1476 1290 qui
1512 1236 1607 1290 per
1637 1231 1804 1275 totum
1832 1222 2087 1276 mundum

510 1317 747 1371 habitant
770 1318 1081 1370 Christiani.
1111 1317 1332 1370 Sedeant
1358 1326 1534 1369 autem
1568 1332 1783 1377 mecum,
1819 1316 1868 1368 id
1900 1325 2002 1383 est,
2037 1316 2091 1370 in

506 1409 625 1463 fidei
681 1408 883 1464 unitate
911 1418 1279 1476 permaneint.
1317 1409 1417 1462 Per
1467 1406 1607 1461 hunc
1648 1407 1791 1461 enim
1838 1408 2000 1460 situm
2036 1417 2091 1463 et

506 1502 717 1567 requies
740 1500 1065 1567 designatur,
1092 1510 1146 1552 ct
1170 1499 1514 1552 imtnohilitas
1544 1499 1738 1551 mentis
1761 1498 2085 1552 ostenditur.

506 1589 701 1642 Volunt
748 1590 847 1643 hoc
875 1592 1033 1657 aliqui
1067 1599 1286 1658 propter
1313 1588 1687 1643 excellentiam
1733 1588 2001 1641 dictorum
2033 1598 2090 1643 et

502 1680 719 1733 Christo
770 1680 996 1733 Dom’no
1038 1681 1315 1733 evidenter
1354 1688 1569 1747 aptare;
1616 1677 1709 1732 sed
1756 1678 1934 1731 subito
1979 1693 2084 1731 non

502 1782 584 1827 est
613 1774 928 1841 permutatio
962 1772 1230 1839 facienda,
1271 1772 1362 1826 tibi
1401 1788 1459 1826 se
1484 1780 1685 1825 tantum
1716 1769 1846 1842 [ed.,
1878 1772 2078 1845 tamen]

502 1866 802 1918 introducta
837 1872 1010 1932 potest
1048 1864 1319 1933 explicare
1368 1880 1619 1935 persona.
1666 1862 1941 1933 Sequitur,
1972 1883 2087 1919 am-

500 1959 681 2013 bulans
711 1960 762 2013 in
791 1965 872 2012 via
899 1961 1251 2027 immaculata,
1286 1961 1366 2012 hic
1393 1958 1520 2013 mihi
1562 1959 1902 2013 ministrabat.
1959 1961 2086 2017 "sic

500 2064 583 2109 est
613 2070 799 2108 revera
831 2053 1068 2107 ﬁdelium
1094 2052 1522 2107 Christianorum
1560 2054 1839 2107 manifesta
1888 2054 2083 2123 proha-

499 2146 595 2209 tio,
630 2155 682 2198 et
710 2159 803 2198 sua
835 2146 938 2199 vita
963 2144 1291 2209 clarescere,
1314 2152 1369 2198 et
1393 2144 1761 2198 ministrorum
1793 2158 2083 2199 cenversa-

500 2237 650 2289 tioiie
683 2235 953 2301 relucere,
987 2241 1127 2290 sicut
1153 2235 1261 2303 jam
1290 2234 1342 2288 in
1375 2234 1587 2289 decimo
1616 2236 1846 2301 septimo
1874 2234 2084 2303 psalmo

498 2327 695 2380 dictum
713 2337 792 2381 est
811 2344 821 2376 :
840 2326 965 2380 Cum
978 2338 1149 2379 sancto
1161 2336 1367 2379 sanctus
1380 2326 1501 2389 cris,
1518 2336 1562 2378 et
1576 2341 1688 2377 cum
1701 2326 1807 2379 viro
1820 2326 2085 2379 innocente

498 2418 735 2471 innocens
760 2419 878 2481 eris,
904 2428 949 2471 et
977 2435 1092 2471 cum
1113 2420 1269 2472 electo
1296 2420 1481 2472 elec'us
1498 2418 1620 2484 eris,
1645 2427 1694 2471 et
1716 2434 1827 2470 cum
1851 2433 2083 2489 perverso

497 2513 801 2565 subveneris
832 2510 1002 2579 (Psal.
1037 2527 1169 2577 xvn,
1200 2512 1316 2581 98).
1349 2511 1453 2568 Sed
1483 2512 1727 2583 quamvis
1769 2510 1871 2564 hoc
1902 2525 2001 2564 nec
2049 2527 2079 2566 a

498 2603 647 2658 iaicis
672 2604 914 2657 videatur
942 2613 1249 2673 exceptum,
1282 2612 1461 2659 tamen
1495 2603 1801 2673 Spezialiter
1826 2602 2080 2659 sacerdo-

498 2694 641 2748 tibus
685 2700 940 2763 probatur
988 2696 1325 2762 itnpositum,
1387 2702 1447 2748 ut
1474 2696 1608 2749 tales
1664 2694 1939 2747 ministros
1986 2692 2081 2747 ha-

498 2786 690 2849 beant,
724 2787 809 2856 qui
841 2787 1034 2839 divinis
1066 2787 1266 2857 regulis
1298 2802 1401 2839 non
1436 2796 1754 2855 repugnent.

516 2952 517 2955 η
567 2880 723 2933 \‘ers.
757 2879 808 2933 9.
848 2878 968 2932 Non
1015 2878 1261 2932 habitabit
1316 2879 1367 2931 in
1400 2880 1563 2931 medio
1603 2880 1783 2931 domus
1830 2896 1951 2934 mea?
1999 2881 2088 2951 qui

497 2975 624 3042 facit
651 2960 957 3045 superbiam.
990 2972 1179 3028 Adhuc
1209 2974 1262 3027 in
1313 2973 1467 3029 dictis
1501 2973 1867 3044 superioribus
1900 2991 2083 3045 perse-

2196 491 2538 543 ahominabili
2570 490 2939 545 exsecratione
2962 490 3169 543 detrudi
3198 506 3209 541 :
3239 507 3303 545 ne
3332 494 3555 559 paulatim
3580 498 3712 549 noxie

2195 593 2505 637 crescentes
2533 623 2548 646 ,
2602 582 2748 635 velut
2789 582 2906 636 dies
2936 596 3032 634 nos
3074 581 3465 637 nebulosissima
3508 600 3712 653 compre-

2195 674 2413 727 hendat.
2466 673 2765 727 Peccatores
2808 683 2982 727 autem
3020 682 3169 725 terra:
3196 682 3315 727 sunt
3339 674 3709 746 d:emnnes,qui

2196 767 2501 819 universam
2526 782 2739 820 carnem
2764 766 3033 820 deducunt
3060 767 3234 834 pravis
3258 768 3637 827 immissionihus
3657 774 3710 825 ad

2194 870 2424 913 reatum.
2482 859 2779 913 Peccalorcs
2829 860 2969 914 enim
3000 860 3141 928 iuste
3185 860 3448 923 dicuntur,
3494 864 3712 929 quoniam

2198 962 2512 1022 peccatores
2544 953 2763 1007 faciunt.
2817 953 2919 1021 Ipsi
2948 968 3074 1021 ergo
3104 967 3223 1005 cum
3263 953 3370 1005 suis
3401 956 3626 1021 operibus
3648 955 3714 1008 in-

2195 1046 2549 1112 terﬁciuntur,
2602 1046 2797 1099 anima:
2825 1046 3099 1097 hominum
3137 1044 3253 1097 sine
3290 1044 3595 1099 dubitatione
3626 1045 3715 1097 sal-

2194 1147 2407 1191 vantur.
2459 1136 2570 1191 Hoc
2624 1146 2799 1191 autem
2852 1138 2966 1191 ﬁeri
3011 1136 3348 1191 manifestum
3402 1144 3508 1196 est,
3544 1135 3722 1203 quando

2196 1229 2348 1282 nobis
2388 1229 2731 1297 compunctio
2767 1229 3121 1298 lacrymarum
3173 1227 3337 1281 divini
3370 1227 3501 1280 roris
3531 1227 3721 1277 misera-

2202 1322 2342 1375 tione
2375 1322 2665 1375 confertur.
2716 1321 2899 1389 Neque
2928 1322 3071 1375 enim
3100 1336 3219 1375 eam
3238 1361 3252 1383 ,
3284 1318 3491 1387 quando
3518 1317 3726 1370 voluntas

2197 1415 2390 1469 olierre
2410 1455 2423 1476 ,
2482 1414 2860 1481 prmvalemus;
2894 1412 2988 1466 sed
3015 1421 3141 1465 tunc
3180 1410 3519 1479 impenditur,
3547 1406 3724 1476 quando

2198 1504 2370 1572 ipsius
2402 1505 2645 1573 largitate
2674 1512 2974 1573 praestatur.

2268 1596 2420 1651 Vers.
2447 1597 2532 1651 ΙΞ.
2562 1595 2628 1651 Ut
2652 1596 2941 1666 disperdam
2960 1595 3022 1647 de
3044 1594 3249 1647 civ'tate
3272 1590 3476 1644 Domini
3497 1604 3647 1642 omnes
3662 1588 3731 1654 qui

2192 1698 2468 1757 apsrantur
2490 1688 2825 1755 iniquitatem.
2852 1684 3128 1738 Civitatem
3156 1683 3370 1735 Domini
3390 1680 3729 1745 animampiam

2190 1777 2377 1832 Patres
2419 1791 2536 1830 esse
2582 1777 2828 1829 dixerunt
2872 1793 2885 1826 :
2930 1774 3068 1828 unde
3116 1773 3371 1827 diabolus
3410 1770 3729 1840 disperditur.

2188 1868 2401 1937 quando
2432 1882 2460 1919 a
2512 1882 2604 1919 sua
2636 1866 2931 1920 intentione
2976 1872 3311 1919 removetur.
3354 1862 3395 1916 Ο
3425 1861 3668 1921 crudeiis,
3708 1874 3734 1911 o

2188 1958 2479 2028 tyrannicae
2507 1955 2795 2010 voluntatis
2826 1955 3107 2024 iniquitas!
3141 1954 3269 2009 Non
3301 1954 3491 2008 sufﬁcit
3520 1954 3629 2023 quia
3656 1950 3735 2005 ho-

2189 2048 2361 2104 mines
2391 2047 2525 2101 mori
2579 2048 2729 2111 fecit,
2778 2046 2871 2102 sed
2903 2047 3078 2101 adhuc
3109 2063 3177 2102 ne
3227 2049 3520 2118 recuperati
3562 2047 3737 2114 possint

2187 2148 2366 2200 vivrre
2390 2185 2405 2209 ,
2459 2143 2809 2199 vehementer
2844 2143 3063 2197 insistit.
3101 2144 3217 2198 Sed
3261 2153 3350 2211 tu,
3382 2143 3619 2205 Domine,
3660 2142 3734 2205 qui

2192 2239 2341 2291 vides
2370 2235 2887 2306 impudentissimam
2916 2237 3145 2303 hostem,
3182 2247 3389 2305 prmsta
3420 2235 3629 2289 validam
3661 2232 3737 2286 dc-

2196 2329 2520 2393 fensionem,
2569 2345 2635 2383 ne
2679 2328 2769 2383 ille
2791 2328 2856 2381 ad
2884 2336 3063 2381 votum
3089 2342 3256 2382 suum
3288 2329 3581 2398 perveniat,
3605 2326 3678 2393 qui
3698 2332 3739 2378 te

2194 2424 2350 2477 nobis
2374 2422 2639 2477 infensum
2673 2421 2849 2475 facere
2881 2420 3167 2474 insatiabili
3222 2421 3510 2475 calliditate
3538 2418 3736 2471 festinat.

2193 2516 2321 2571 Tuis
2368 2525 2420 2569 te
2451 2515 2663 2577 verbis,
2708 2512 2815 2567 tuis
2865 2512 3387 2567 comtuonitionibus
3435 2521 3691 2565 exoramus
3727 2520 3739 2555 :

2189 2606 2398 2672 Indica,
2424 2605 2656 2668 Domine,
2678 2610 2914 2655 norentes
2928 2618 3023 2665 me,
3047 2618 3299 2671 expugna
3314 2603 3644 2669 impugnantes
3661 2611 3736 2647 nte.

2189 2697 2527 2765 Apprchende
2551 2710 2695 2748 arma
2718 2704 2765 2747 et
2795 2702 2991 2747 scutum
3010 2734 3025 2759 ,
3058 2704 3103 2745 ct
3133 2688 3367 2763 exsurge
3395 2694 3443 2744 in
3471 2689 3747 2760 adjutoriam

2189 2790 2335 2842 mihi.

2731 2949 2997 3004 Conclusio
3022 2947 3245 3018 psalmi.

497 3074 684 3163 Vera};
723 3075 877 3134 "033i
909 3065 1049 3120 enim
1078 3082 1197 3163 ﬁlim
1228 3066 1477 3135 δυρυτδῖδ
1509 3068 1606 3163 sibi
1643 3069 1807 3124 Γυίεδθ
1854 3071 2082 3141 alillum"
2113 3066 2161 3129 ο
2265 3090 2621 3163 Cognovimus
2651 3091 2824 3163 qualis
2855 3089 3014 3146 fuerit
3048 3090 3147 3144 iste
3189 3087 3564 3145 sanctissimus
3599 3085 3677 3155 qui
3703 3083 3747 3136 in

497 3158 803 3229 portionem
838 3177 849 3212 ε
888 3174 952 3212 ne
977 3160 1288 3213 crederetur
1316 3174 1408 3213 eos
1443 3161 1723 3227 probasse,
1750 3179 1976 3231 quorum
2009 3165 2087 3219 fa-

501 3250 867 3304 miliaritatem
900 3250 1005 3304 sibi
1051 3249 1333 3304 videbatur
1362 3252 1673 3320 adjungere.
1722 3255 1862 3309 [Stud
1905 3266 2082 3312 autent

499 3343 641 3411 quod
676 3343 869 3411 posuit,
902 3344 953 3395 iu
983 3345 1148 3396 medio
1177 3346 1355 3395 domas
1380 3360 1523 3411 mete,
1559 3346 1657 3400 hoc
1683 3348 1789 3400 vult
1821 3348 2040 3418 intelligi
2070 3369 2080 3404 :

498 3434 623 3503 quia
676 3434 803 3487 nihil
853 3435 1199 3489 cummi-sum
1249 3436 1365 3488 talis
1410 3436 1630 3501 habuit,
1686 3439 1829 3492 nullo
1882 3440 2085 3495 honore

498 3526 837 3594 prteminuit,
866 3526 1009 3578 nulla
1040 3533 1303 3595 potestate
1328 3526 1535 3579 laetatus
1573 3538 1683 3592 est;
1739 3536 1796 3582 ut
1836 3532 1989 3599 quasi
2032 3533 2085 3585 in

500 3619 667 3671 medio
695 3618 874 3670 domus
897 3632 1016 3670 esse
1049 3616 1341 3683 videretur,
1380 3618 1463 3670 cui
1498 3618 1893 3686 patrisfamilias
1933 3638 2081 3679 sere-
2108 3652 2113 3655 -

507 3724 609 3763 nus
640 3710 849 3762 animus
899 3707 1190 3763 arridebat.
1235 3708 1385 3764 Unde
1416 3712 1785 3779 cognoscimus
1816 3714 1940 3768 talia
1984 3730 2083 3769 nos

497 3800 695 3854 habere
744 3799 939 3853 debere
990 3800 1040 3853 in
1075 3800 1338 3866 susceptis
1381 3799 1615 3869 judicia,
1670 3810 1726 3855 ut
1778 3803 2082 3859 nullatenus

496 3893 743 3963 pessimis
791 3891 1100 3947 hominibus
1152 3891 1453 3959 faveamus;
1506 3906 1605 3947 nec
1652 3894 1805 3947 nobis
1837 3896 1971 3963 grati
2002 3898 2081 3951 vi-

498 3985 725 4039 deantur
758 3997 899 4047 esse,
933 3982 1020 4052 qui
1056 3997 1263 4035 morum
1298 3982 1562 4051 pravitate
1593 3982 1796 4037 vitandi
1825 3992 1968 4038 sunt.

570 4076 721 4129 Vers.
750 4076 836 4129 i0.
874 4074 971 4140 Qui
1002 4074 1225 4142 loquitur
1252 4074 1424 4140 iniqua
1445 4114 1458 4137 ,
1511 4090 1611 4126 non
1643 4074 1827 4128 direxit
1880 4077 1933 4129 in
1962 4093 2083 4130 can—

496 4176 671 4236 spectu
712 4165 977 4219 oculorum
1028 4180 1277 4216 meorum.
1315 4163 1379 4215 Et
1427 4163 1511 4217 hic
1542 4178 1754 4232 quoque
1792 4180 1976 4219 versus
2016 4165 2083 4219 ad

501 4262 780 4331 superiora
823 4260 1134 4329 respondet.
1166 4258 1303 4311 Dicit
1333 4258 1475 4311 enim
1502 4259 1600 4313 sibi
1632 4275 1738 4312 non
1777 4259 2041 4329 placuisse
2069 4301 2083 4325 ,

500 4354 589 4422 qui
616 4362 706 4408 aut
736 4350 930 4418 iniquis
952 4349 1398 4415 detractionibus,
1432 4361 1521 4402 aut
1552 4352 1735 4419 pravis
1764 4350 2087 4406 noscebatur

498 4444 713 4500 studere
760 4442 1063 4511 colloquiis.
1098 4442 1345 4511 Iniquum
1372 4444 1513 4497 enim
1549 4446 1613 4497 ad
1648 4454 1816 4499 totum
1854 4448 2082 4515 pertinet

495 4534 635 4605 quod
658 4533 835 4588 divina
863 4532 1030 4601 pietas
1057 4542 1388 4586 exsecratur.
1418 4532 1537 4586 Non
1563 4534 1767 4601 direxit,
1794 4537 2079 4605 signiﬁcat,

498 4648 601 4685 nun
633 4629 877 4699 profecit.
900 4628 1022 4683 lllos
1043 4630 1184 4683 enim
1209 4627 1362 4697 dirigi
1388 4629 1635 4695 dicimus,
1661 4633 1749 4698 qui
1773 4634 2080 4688 accedendi)

494 4721 798 4791 proﬁciunt,
827 4728 920 4774 aut
943 4718 1115 4787 aliqua
1140 4719 1497 4787 prosperitate
1522 4719 1902 4788 meliorantur;
1936 4724 2079 4793 quod

496 4816 675 4882 utique
707 4830 810 4868 non
841 4812 976 4868 solet
998 4810 1075 4867 eis
1108 4812 1419 4883 contingere
1452 4812 1543 4881 qui
1576 4816 1835 4869 tortuosis
1862 4818 2081 4874 student

496 4914 703 4969 semitis
733 4911 1032 4967 ambulare.

566 5005 716 5059 V’ers.
756 5005 840 5057 ll.
878 5001 937 5055 In
983 5002 1242 5056 rratutinis
1283 5001 1649 5068 intcrﬁciebam
1698 5017 1869 5054 omnes
1902 5018 2077 5069 pecca-

494 5110 623 5153 tores
651 5107 816 5149 ten-rc.
861 5094 1145 5162 POStquam
1172 5094 1306 5146 dixit
1338 5095 1597 5147 malorum
1629 5107 1687 5146 se
1716 5092 1911 5161 fugisse
1942 5107 2075 5145 con-

492 5193 654 5247 sortia
682 5232 697 5255 ,
753 5187 891 5241 unde
932 5188 1243 5255 plerumque
1294 5194 1515 5252 possunt
1550 5185 1768 5239 evenire
1828 5195 2069 5251 peccata,

491 5299 631 5341 nunc
657 5281 723 5336 ad
750 5279 943 5333 mentis
972 5292 1084 5332 suae
1116 5277 1369 5331 interiora
1403 5289 1714 5339 cenversus,
1762 5276 1902 5327 illam
1955 5290 2073 5343 pcs~

490 5387 594 5430 tem
629 5371 983 5441 tyrannicam,
1012 5365 1352 5421 vastatricem
1385 5366 1599 5433 generis
1631 5364 1880 5429 humani,
1911 5364 1959 5418 id
1994 5376 2079 5419 est

491 5476 705 5528 pravam
731 5461 1034 5514 daemonum
1067 5456 1489 5526 suggestionem,
1525 5454 1974 5524 quemadmodum
2006 5456 2074 5510 de

490 5556 851 5624 pen'tralibus
900 5553 1011 5607 suis
1063 5550 1367 5621 expulerit,
1421 5549 1680 5604 decenter
1717 5552 1957 5619 exponit.
2004 5548 2073 5604 In

490 5648 779 5713 m.ttutittis,
827 5647 881 5701 iu
926 5645 1057 5715 ipsis
1086 5645 1333 5699 videlicet
1384 5643 1548 5697 initiis
1573 5643 1733 5706 dicit,
1764 5645 1982 5712 quando
2018 5646 2070 5698 in

493 5738 643 5791 nobis
671 5736 1036 5805 suggestiones
1066 5735 1341 5791 diabolica:
1374 5735 1518 5792 velut
1563 5734 1721 5790 dubia
1755 5735 2068 5804 crepuscula

2194 3184 2368 3237 medio
2428 3184 2619 3237 domus
2667 3184 2862 3237 divina:
2922 3181 3369 3235 misericordiam
3428 3189 3481 3235 et
3524 3177 3747 3247 judicium

2193 3275 2398 3328 Domini
2432 3290 2559 3344 pura
2600 3282 2779 3328 mente
2805 3272 3082 3334 cantavit;
3114 3270 3581 3339 quemadmodum
3612 3265 3753 3318 malas

2190 3367 2436 3420 absolute
2466 3366 2734 3430 vitaverit,
2767 3365 2921 3419 bonis
2956 3371 3131 3418 autem
3180 3364 3346 3417 fuerit
3372 3360 3656 3431 gratissima
3684 3369 3750 3406 so.

2190 3458 2388 3511 cietate
2415 3457 2764 3525 conjunctus;
2797 3456 3278 3523 concupiscentias
3306 3453 3489 3507 cordis
3517 3451 3591 3505 sui
3639 3447 3754 3501 salu-

2191 3548 2425 3603 berrima
2452 3549 2503 3603 dt
2523 3550 2837 3603 liberatione
2864 3548 3180 3616 proiecerit,
3205 3558 3264 3601 ut
3290 3551 3489 3600 merito
3515 3546 3643 3596 htmc
3673 3555 3751 3591 nu-

2190 3652 2396 3691 merum
2456 3638 2752 3692 obtinuisse
2792 3637 3056 3700 videatur,
3099 3637 3201 3703 qui
3247 3635 3487 3704 speciem
3519 3633 3760 3687 desidera-

2188 3727 2314 3781 bilis
2359 3742 2573 3781 coronze
2616 3728 2934 3797 digitorum,
2980 3726 3234 3779 dextera:
3276 3742 3470 3779 manus
3504 3723 3758 3778 inflexione

2186 3820 2449 3891 designat.
2488 3822 2600 3875 Hoc
2640 3822 2836 3875 donum
2887 3829 3188 3890 martyrum
3214 3858 3229 3883 ,
3266 3820 3372 3875 hoc
3417 3830 3499 3875 est
3529 3819 3759 3885 virginum

2186 3929 2411 3978 munus,
2459 3921 2513 3966 et
2555 3912 2812 3983 quidquid
2868 3922 2951 3967 est
2993 3914 3259 3967 eximium
3297 3914 3352 3967 in
3387 3911 3649 3971 Ecclesia,
3686 3907 3757 3959 tali

2190 4005 2365 4059 fructu
2416 4005 2692 4071 pervenire
2736 4004 3137 4059 demonstratur
3182 4004 3252 4057 ad
3290 4005 3601 4074 praemium;
3650 4000 3764 4051 sicut

2187 4093 2317 4149 dicit
2360 4095 2647 4165 Apostolus
2687 4112 2699 4147 :
2742 4093 2815 4148 De
2847 4096 3041 4164 reliquo
3068 4098 3307 4163 reposita
3340 4105 3417 4149 est
3448 4094 3569 4146 mihi
3599 4104 3761 4143 corona

2179 4186 2418 4258 justitiw,
2450 4202 2602 4255 quam
2628 4186 2803 4238 reddet
2830 4187 2953 4239 mihi
2996 4184 3259 4240 Dominus
3291 4189 3347 4240 in
3388 4188 3479 4240 illa
3512 4185 3591 4237 die
3613 4185 3763 4253 justus

2185 4277 2348 4347 iudex
2401 4276 2485 4346 (Il
2541 4276 2674 4330 Tim.
2722 4294 2806 4344 tv,
2859 4278 2935 4347 8).
2991 4278 3150 4331 (trabis
3200 4280 3326 4348 ipse
3379 4288 3638 4332 terrarum
3682 4273 3764 4324 hoc

2190 4368 2462 4422 schemate
2495 4366 2663 4421 fertur
2692 4368 2903 4421 ambiri.
2924 4368 3084 4439 335
3110 4369 3337 4423 Caelum
3365 4366 3657 4422 innumeris
3679 4376 3760 4416 au-

2188 4458 2427 4512 ctoribus
2484 4457 2708 4528 legimus
2757 4472 2876 4512 esse
2917 4472 3251 4514 convexum.
3304 4460 3510 4515 Stellas
3553 4456 3767 4509 videmus

2183 4549 2450 4618 sphzerica
2488 4548 2817 4604 rotunditate
2847 4549 3144 4618 fulgentes;
3185 4550 3372 4605 solem
3404 4551 3579 4620 ipsum
3606 4541 3767 4600 circuli

2188 4641 2588 4711 pulchritudine
2620 4642 2859 4707 radiare;
2904 4643 3080 4696 lunam
3107 4659 3343 4713 quoque
3390 4654 3595 4699 certum
3626 4649 3699 4691 est
3728 4638 3770 4689 in

2185 4734 2323 4789 hanc
2349 4734 2537 4789 venire
2565 4734 2791 4788 formam
2812 4777 2827 4800 ,
2861 4734 3077 4804 quando
3101 4735 3365 4790 noscitur
3393 4749 3516 4791 esse
3540 4732 3770 4803 perfecta.

2184 4825 2253 4880 Et
2277 4826 2401 4881 ideo
2431 4826 2840 4880 consideremus
2863 4825 3014 4893 cuius
3036 4825 3153 4879 hate
3189 4841 3436 4894 persona
3488 4828 3559 4881 sit
3585 4822 3768 4886 meriti,

2186 4917 2339 4986 enjus
2371 4916 2653 4986 elegantia:
2696 4915 3109 4985 eomprohetur;
3173 4918 3318 4970 utin
3372 4918 3584 4971 calculo
3622 4913 3771 4983 posita

2185 5024 2304 5063 esse
2336 5008 2602 5074 videatur,
2634 5007 2725 5077 qui
2754 5017 2806 5061 et
2838 5006 3185 5076 prtcmiorom
3222 5009 3535 5077 ingentium
3561 5004 3775 5061 continet

2183 5100 2516 5170 dignitatem,
2551 5107 2605 5152 et
2626 5108 2993 5152 creaturarum
3027 5097 3359 5152 cmlestium
3397 5106 3578 5167 portat
3609 5090 3774 5159 imagi-

2184 5207 2327 5245 nem.
2360 5190 2528 5244 Pudet
2550 5192 2692 5244 enim
2724 5189 2906 5243 dicere
2935 5190 3511 5257 peecatisobnoxium
3544 5196 3777 5243 centena-

2183 5284 2251 5337 rii
2282 5284 2489 5338 numeri
2518 5280 2843 5336 fecunditate
2861 5288 3200 5349 provectum;
3225 5290 3288 5336 et
3312 5282 3462 5351 quod
3487 5289 3772 5335 sanctorum

2182 5374 2411 5427 diximus
2439 5372 2643 5427 meritis
2671 5372 3019 5441 applicatum,
3046 5371 3285 5440 indigno
3321 5374 3456 5427 mihi
3489 5372 3647 5425 fuisse
3675 5365 3775 5422 colo

2178 5465 2366 5518 latum.
2395 5462 2498 5517 Sed
2530 5470 2747 5531 pratstet
2776 5462 2952 5516 divina
2990 5463 3239 5532 potentia
3272 5504 3291 5530 ,
3327 5474 3390 5518 ut
3414 5465 3481 5517 ad
3505 5458 3774 5531 jttdicatioo

2186 5568 2308 5607 nem
2354 5568 2504 5607 suam
2527 5552 2761 5621 gaudere
2801 5566 2900 5606 nos
2924 5550 3079 5606 faciat
3113 5553 3464 5612 remissione
3494 5550 3672 5623 procul
3691 5548 3776 5601 du-

2183 5643 2269 5696 bio
2319 5653 2687 5711 peccatorum,
2716 5654 2768 5697 et
2800 5657 2902 5696 non
2929 5657 3024 5710 pro
3055 5644 3282 5698 meritis
3308 5648 3513 5701 uestris
3543 5644 3770 5699 damnet.

2182 5735 2271 5803 qni
2306 5734 2536 5791 liberare
2565 5735 2708 5790 solus
2741 5736 2993 5805 prazvalet
3016 5738 3374 5797 conliteutes.
