4046 6174
339 280 446 336 70$

1339 285 1699 340 EXPUSITIU
1743 285 1804 339 lN
1847 283 2305 340 PSALTEI‘tlUii.
2351 283 2543 338 PSAL.
2579 283 2665 339 Ci.

3523 289 3627 344 766

1594 519 1884 603 PARS
1961 517 2424 600 TERTIA.

679 743 841 814 336
875 743 1174 801 TITULUS
1211 744 1457 800 PSALMI
1495 742 1582 798 Cl.

335 835 519 890 Oratio
549 838 810 906 pauperis,
849 854 967 890 cum
993 839 1182 893 anxius
1212 839 1389 907 fuerit.
1421 847 1468 893 et
1497 853 1669 892 coram
1708 837 1932 892 Domino

805 907 1046 976 e/I'uderit
1078 925 1273 979 precem
1297 925 1468 964 suant.

407 1024 662 1092 Quamvis
694 1024 854 1092 aliqui
881 1034 1200 1093 prasentem
1225 1026 1484 1095 psalmum
1512 1027 1720 1083 Domini
1751 1029 1936 1085 Salva-

333 1115 444 1168 tori
485 1118 776 1182 aptandum
823 1115 946 1169 esse
996 1117 1323 1182 putaverint,
1380 1122 1706 1175 conveniens
1757 1129 1934 1176 tamen

329 1208 554 1261 videtur
580 1207 762 1260 afﬂicti
791 1210 962 1277 magis
990 1217 1044 1261 et
1089 1210 1350 1279 gemtntis
1401 1212 1670 1281 pauperis,
1701 1214 1838 1269 sicut
1882 1221 1939 1268 et

331 1297 529 1353 titulus
579 1299 696 1367 ipse
723 1300 981 1363 continet,
1034 1300 1378 1356 introducere
1423 1303 1478 1358 in
1534 1304 1633 1358 hac
1676 1305 1936 1362 relatione

326 1406 649 1461 personam,
679 1391 802 1461 quia
829 1393 991 1446 multa
1021 1401 1149 1447 sunt
1176 1409 1295 1463 quae
1325 1395 1400 1449 illi
1433 1397 1788 1452 immaculatae
1809 1413 1936 1452 san-

331 1495 440 1539 eta:
490 1485 847 1539 incarnationi
898 1498 1172 1556 nequeunt
1219 1490 1530 1546 convenire.
1567 1492 1632 1545 Et
1678 1491 1930 1561 primum,

330 1576 481 1646 quod
512 1579 695 1630 anxius
725 1593 984 1646 nusquam
1035 1579 1202 1635 fuisse
1237 1580 1431 1648 legitur
1473 1583 1732 1638 Dominus
1777 1585 1934 1640 Citri-

330 1677 472 1721 stus.
510 1670 704 1721 Anxius
731 1679 802 1722 est
831 1671 974 1724 enim
1008 1671 1096 1740 qui
1127 1671 1179 1726 in
1212 1674 1356 1739 gravi
1387 1674 1697 1731 discrimine
1727 1679 1931 1733 consti-

335 1768 511 1822 tutus,
545 1759 743 1814 nullam
777 1769 1006 1829 partem,
1034 1777 1194 1832 quam
1226 1767 1377 1834 sequi
1407 1765 1620 1831 debeat,
1653 1770 1800 1824 novit
1840 1771 1960 1830 eli-.

336 1867 494 1920 gere.
545 1853 748 1908 Deinde
776 1854 918 1924 quod
968 1856 1021 1910 in
1037 1864 1225 1912 'textu
1275 1861 1462 1928 psalmi
1494 1863 1697 1918 habet:
1736 1867 1935 1920 Oblitus

332 1960 457 1997 sum
483 1949 790 1999 manducare
819 1964 1001 2016 panem
1027 1966 1231 2016 meum;
1258 1960 1312 2007 et
1336 1953 1467 2007 illud
1503 1973 1516 2008 :
1551 1955 1685 2022 Quia
1713 1958 1934 2012 cinerem

330 2035 473 2088 sicut
510 2034 642 2107 [ed.,
687 2037 948 2109 tauquam]
1001 2056 1182 2106 panem
1227 2046 1617 2108 manducabam,
1663 2057 1708 2101 et
1759 2058 1935 2118 potum
1975 2058 2013 2113 Β

329 2142 510 2179 meum
537 2143 654 2180 cum
677 2130 800 2198 ﬂetu
829 2133 1194 2196 temperabant.
1250 2133 1290 2186 Α
1341 2135 1472 2201 facie
1502 2137 1595 2189 inc
1615 2146 1660 2190 et
1691 2138 1931 2209 indigna-

330 2216 499 2268 tionis
522 2226 622 2270 tua:
646 2233 665 2269 :
704 2221 820 2283 quia
849 2223 1047 2274 e’evans
1069 2222 1276 2276 allisisti
1303 2241 1400 2278 me.
1451 2227 1514 2279 lit
1535 2228 1634 2280 alia
1660 2244 1781 2298 qua:
1807 2245 1928 2285 euut

329 2308 524 2362 labore
554 2308 786 2362 maxime
811 2309 1171 2376 vindicantur,
1202 2317 1247 2368 si
1290 2315 1388 2383 ipsi
1422 2316 1650 2372 Domino
1695 2333 1927 2374 consen-

332 2402 532 2454 tiamus
563 2402 756 2469 aptari.
791 2403 897 2457 Sed
929 2406 1183 2474 quoniam
1217 2408 1453 2477 graviter
1485 2411 1844 2479 vulnsratum,
1879 2424 1932 2468 et

333 2493 490 2546 duris
513 2494 906 2550 calamitatibus
950 2500 1190 2568 plenum,
1226 2503 1508 2555 orationem
1554 2505 1776 2562 httulcre
1803 2523 1933 2562 cou-

331 2584 589 2640 veniebat
615 2588 904 2653 assiduam,
937 2593 1082 2644 anxii
1111 2596 1349 2661 paugcris
1374 2611 1598 2662 pe'sona
1629 2613 1931 2668 congruen-

331 2687 422 2732 ter
460 2681 702 2749 apposita
747 2692 858 2746 est;
902 2683 1054 2751 cujus
1084 2700 1270 2741 vocem
1316 2704 1414 2741 nec
1458 2690 1781 2745 verecundia
1824 2693 1930 2746 uila

325 2775 742 2843 cotnprimeret,
777 2791 876 2830 nec
925 2776 1234 2848 indigentia:
1276 2783 1575 2836 necessitas
1614 2783 1930 2838 abstineret.

331 2861 475 2917 Nam
520 2881 639 2918 eum
691 2867 842 2933 tlic't,
897 2884 1069 2921 coram
1118 2869 1359 2936 Domino,
1419 2872 1579 2925 talem
1632 2873 1971 2945 orationetu

331 2955 454 3007 vult
483 2954 728 3025 intelligi,
765 2972 882 3020 qua:
927 2957 994 3011 de
1020 2959 1250 3014 Sat-culis
1278 2960 1470 3015 anima:
1501 2971 1626 3016 ante
1655 2964 1818 3027 pech
1852 2981 1935 3019 re-

336 3047 459 3115 gios
489 3051 638 3118 quasi
669 3049 818 3103 aurei
847 3050 1048 3105 metalli
1081 3055 1233 3120 capia
1278 3051 1470 3106 decora
1515 3053 1782 3108 fundatur.
1833 3055 1931 3109 Vix

336 3139 483 3192 enim
508 3141 746 3206 reperies
778 3142 940 3200 (sicut
967 3143 1182 3213 quidam
1211 3143 1369 3210 dixit)
1403 3156 1458 3198 ut
1484 3148 1656 3200 oranti
1687 3149 1936 3217 cuiquam

337 3244 449 3283 non
477 3231 675 3301 aliquid
711 3233 868 3288 inane
893 3244 945 3288 et
973 3234 1166 3289 alienat
1195 3237 1538 3304 cogitationis
1569 3237 1812 3294 incurrat
1839 3242 1939 3294 ob-

337 3321 631 3388 staculum,
664 3334 717 3378 et
748 3325 1100 3380 intentionem
1141 3342 1244 3396 qua
1275 3329 1325 3382 in
1354 3328 1521 3382 Deum
1556 3345 1708 3384 mens
1747 3331 1936 3402 dirigi-

1958 751 2008 809 Α
2036 743 2256 808 habuit;
2289 743 2382 798 sed
2412 742 2698 798 humanam
2728 752 2971 799 naturam
2995 745 3062 800 ab
3087 745 3504 801 adversitatibus
3526 747 3626 802 htt-

2039 835 2127 906 jus
2157 833 2338 889 satculi
2372 835 2606 903 postulat
2637 836 2872 903 liberari,
2898 851 3056 906 quam
3087 844 3171 892 est
3201 837 3448 907 dignatus
3477 853 3631 894 assu-

2045 940 2221 993 mere,
2256 925 2395 980 sicut
2421 925 2472 979 in
2490 935 2646 980 sexto
2672 926 2881 980 decimo
2905 927 3130 996 psalmo,
3157 936 3211 982 et
3231 929 3281 982 in
3305 933 3631 999 octogesimo

2045 1019 2232 1089 quinto
2261 1025 2475 1073 constat
2503 1019 2771 1073 effectum.
2827 1019 2980 1074 Aliud
3013 1036 3137 1075 vero
3169 1036 3286 1076 cum
3329 1025 3382 1076 in
3427 1024 3632 1092 psalmo

2044 1111 2376 1180 octogesimo
2405 1126 2546 1165 nono
2577 1111 2929 1166 introducitur
2968 1111 3163 1184 Moysis
3215 1129 3442 1181 persona
3473 1132 3627 1171 reve-

2039 1203 2203 1256 renda
2235 1202 2288 1256 in
2320 1211 2450 1272 typo
2477 1202 2819 1268 sacerdotali,
2854 1203 2940 1272 qui
2974 1217 3068 1270 pro
3096 1206 3330 1273 peccatis
3379 1214 3485 1260 tam
3515 1209 3627 1264 suis

2039 1309 2196 1362 quam
2232 1293 2577 1363 generalibus
2621 1294 2969 1362 deprecatur;
3018 1309 3116 1348 nec
3143 1311 3248 1349 non
3281 1297 3332 1350 in
3379 1301 3630 1365 praesenti

2042 1387 2252 1456 psalmo
2301 1400 2529 1455 persona
2579 1387 2828 1455 pauperis
2873 1388 3180 1457 adhibetur,
3213 1390 3300 1458 qui
3333 1391 3433 1444 sub
3461 1394 3635 1459 pinni-

2043 1478 2226 1533 tentia:
2255 1477 2555 1533 humilitate
2576 1479 2765 1532 anxius
2782 1479 2978 1533 clamat
2997 1480 3062 1533 ad
3091 1481 3394 1534 Dominum.
3428 1482 3491 1534 Et
3514 1481 3634 1535 ideo

2041 1572 2216 1624 omnis
2244 1570 2556 1639 poenitentia
2583 1580 2666 1625 est
2693 1571 2888 1631 oratio.
2923 1586 3027 1625 non
3059 1581 3234 1627 autem
3264 1573 3436 1627 omnis
3459 1574 3631 1631 oratiu

2043 1662 2355 1730 pmnitentia
2387 1671 2490 1726 est,
2521 1660 2734 1730 quando
2760 1668 2812 1715 et
2843 1661 2930 1714 ille
2967 1661 3140 1714 oravit
3169 1664 3256 1730 qui
3289 1663 3420 1716 nihil
3453 1664 3629 1718 adrni-

2043 1756 2113 1810 sit
2140 1755 2277 1824 quod
2309 1755 2465 1824 337
2499 1754 2665 1808 reatui
2693 1753 2952 1822 potuisset
2973 1753 3186 1807 ascribi.
3215 1752 3303 1808 Sic
3327 1754 3412 1808 isti
3442 1757 3634 1823 psalmi

2044 1848 2132 1916 qui
2163 1845 2423 1900 orationis
2455 1843 2611 1898 titulo
2635 1853 3025 1913 prtenotantur,
3055 1859 3173 1897 cum
3201 1845 3312 1899 suis
3341 1847 3636 1916 preprieta-

2045 1940 2185 1994 tibus
2216 1939 2512 2008 probantur
2540 1937 2794 2006 expliciti.

2617 2029 2813 2084 Diuisio
2847 2029 3050 2095 psalmi.

2117 2125 2326 2195 Pauper
2358 2123 2460 2178 iste
2501 2121 2784 2177 mundanis
2813 2123 3012 2177 divitiis
3042 2138 3226 2194 egens,
3260 2125 3352 2180 sed
3383 2125 3633 2194 supernis

2043 2222 2326 2278 virtutibus
2351 2221 2559 2275 abunde
2591 2219 2906 2283 ditissimus,
2941 2219 2992 2273 in
3022 2220 3245 2274 exordio
3275 2219 3465 2289 psalmi
3497 2219 3634 2273 mul-

2043 2315 2296 2382 tipliciter
2330 2313 2613 2367 Dominum
2647 2320 2817 2381 rogat,
2867 2320 2926 2364 ut
2971 2312 3088 2380 ejus
3120 2312 3325 2366 clamor
3362 2313 3425 2366 ad
3459 2313 3630 2381 ipsum

2042 2406 2324 2474 pervenire
2361 2413 2632 2459 mereatur
2659 2421 2673 2456 :
2705 2404 2957 2473 quoniam
2986 2402 3097 2473 iugi
3120 2403 3408 2459 afflictione
3435 2405 3635 2459 enutri-

2042 2511 2150 2562 tus,
2184 2513 2302 2550 ossa
2333 2513 2427 2550 sua
2460 2499 2598 2551 sient
2624 2497 2674 2551 in
2701 2497 2924 2550 frixorio
2953 2497 3080 2549 dicit
3109 2511 3228 2550 esse
3255 2495 3515 2550 confrixa.
3541 2495 3635 2551 Se-

2039 2590 2218 2657 quitttr
2261 2588 2456 2642 ﬂebilis
2489 2588 2646 2641 nimis
2695 2596 2750 2641 ct
2797 2587 3025 2641 dolenda
3083 2588 3338 2652 narratio,
3387 2605 3505 2657 qua:
3553 2597 3636 2644 est

2042 2679 2404 2733 manifestatio
2433 2679 2815 2732 necessitatum
2848 2687 2902 2731 ct
2926 2679 3277 2749 probabilium
3312 2681 3486 2749 lingua
3511 2695 3635 2735 cau-

2043 2787 2246 2827 sarum.
2270 2772 2352 2835 ,Ει
2381 2788 2446 2826 nc
2480 2781 2597 2840 post
2646 2782 2721 2824 tot
2748 2785 2966 2837 asiieras
3007 2772 3340 2826 calamitates
3371 2773 3436 2826 de
3474 2774 3634 2828 casti-

2042 2867 2256 2936 gationc
2298 2881 2392 2920 sua
2426 2865 2703 2918 videretur
2745 2864 3006 2931 ingratus,
3041 2863 3193 2916 tertia
3237 2873 3386 2931 parte
3418 2863 3634 2917 Domini

2045 2960 2230 3014 laudes
2253 2959 2556 3012 dulcissima
2586 2957 2743 3012 nimis
2776 2957 3070 3010 intentione
3092 2958 3451 3026 prosequitur,
3471 2957 3626 3024 cujus

2045 3053 2276 3105 adventu
2304 3050 2718 3105 construendum
2750 3048 2878 3102 dicit
2923 3047 3213 3102 Ecclesium
3241 3063 3254 3110 ;
3296 3058 3346 3102 et
3376 3063 3494 3102 cum
3523 3047 3633 3102 sint

2045 3145 2222 3197 omnia
2267 3141 2641 3212 permutanda,
2675 3141 2788 3210 ipse
2817 3151 2994 3195 tamen
3031 3151 3342 3209 permaneat
3387 3141 3438 3193 in
3471 3149 3633 3195 a-ter-

2045 3251 2195 3289 num.
2241 3235 2474 3290 infertur
2499 3235 2660 3287 etiam
2691 3233 2790 3287 sub
2820 3233 3088 3288 hilaritate
3118 3234 3276 3288 nimis
3308 3235 3480 3289 votiva
3508 3249 3634 3289 con-

2048 3327 2237 3392 clusio,
2279 3336 2590 3382 sanctorqu
2635 3341 2820 3381 semen
2867 3325 2940 3380 ibi
2973 3339 3092 3380 esse
3137 3325 3498 3397 dirigenduut,
3546 3328 3634 3382 ubi

339 3424 450 3479 tur,
484 3415 721 3470 declinet
745 3431 808 3471 ac
840 3416 1066 3487 frangat.
1103 3419 1171 3473 Et
1211 3419 1333 3474 ideo
1374 3429 1650 3476 certamen
1682 3438 1933 3494 magnum
1967 3419 2010 3479 C
2049 3417 2251 3472 habitat
2299 3418 2561 3472 Dominus
2608 3417 2660 3472 in
2703 3417 2871 3486 gloria
2905 3417 3251 3488 sempiterna.
3299 3418 3388 3476 Sic
3433 3421 3514 3475 lex
3547 3422 3634 3476 illa

338 3520 505 3578 atque
527 3509 936 3564 saluberrimum
966 3519 1052 3566 est
1071 3511 1300 3566 orationi
1326 3525 1520 3582 σαιρεω
1541 3512 1740 3582 jugiter
1762 3514 1928 3568 inuni-

340 3613 494 3661 nere,
527 3611 579 3654 et
607 3616 727 3654 cum
770 3601 1041 3671 adjutorio
1075 3604 1166 3658 Dei
1199 3603 1468 3660 obsistere
1499 3606 1754 3661 vivaciter
1799 3621 1927 3676 sug-

341 3694 676 3760 gestionibus
726 3695 950 3763 in’mici,
981 3707 1240 3766 quatenus
1271 3697 1374 3753 fixa
1403 3713 1620 3770 semper
1663 3700 1729 3753 ad
1764 3700 1927 3753 Deum

343 3797 500 3837 mens
526 3785 703 3840 stabili
735 3786 1042 3850 intentione
1082 3788 1406 3852 contendat;
1441 3799 1501 3843 ut
1542 3791 1736 3845 merito
1767 3795 1936 3860 possit

343 3876 530 3932 dicere
559 3878 698 3948 quod
723 3880 799 3932 ait
838 3880 1130 3949 Apostolus
1157 3899 1169 3934 ε
1201 3880 1464 3934 Certamen
1509 3881 1691 3934 bonum
1723 3885 1932 3947 certavi,

344 3985 553 4023 cursum
580 3972 950 4036 consummari,
999 3972 1152 4038 fdem
1197 3974 1385 4025 servavi
1434 3970 1521 4042 (ΙΙ
1559 3972 1697 4026 Tim.
1738 3989 1811 4038 tv,
1857 3977 1934 4040 7).

343 4061 505 4116 Tales
537 4071 663 4116 sunt
692 4079 940 4132 pauperes
968 4063 1188 4128 Christi,
1221 4064 1308 4133 qui
1339 4079 1442 4119 non
1474 4065 1647 4119 solum
1687 4080 1783 4132 pro
1823 4067 1932 4120 suis

342 4152 524 4216 malis,
557 4167 739 4208 verum
768 4155 930 4209 etiam
965 4169 1062 4225 pro
1103 4154 1264 4209 totius
1313 4156 1495 4210 mundi
1542 4155 1932 4211 calamitatibus

343 4245 681 4300 intercedere
709 4246 1154 4317 comprobantur.
1185 4252 1352 4319 rigent
1375 4249 1427 4303 in
1458 4249 1560 4304 hoc
1588 4251 1808 4315 smculo,
1839 4251 1931 4303 sed

339 4345 469 4390 sunt
524 4337 820 4408 locup'eles
869 4340 1011 4406 Deo;
1061 4342 1209 4397 vitiis
1263 4344 1445 4408 vacui,
1500 4344 1592 4398 sed
1644 4343 1932 4398 virtutibus

345 4427 521 4496 pleni;
570 4431 808 4498 desriccti
843 4431 1168 4499 hominibus,
1203 4434 1296 4487 sed
1330 4435 1686 4504 acceptabiles
1715 4434 1932 4489 Cluisto

343 4519 465 4591 ints.
500 4520 586 4584 Α.,
624 4518 772 4591 Deo].
807 4521 937 4575 Nam
989 4523 1090 4576 iste
1137 4525 1226 4593 qui
1259 4539 1316 4577 se
1347 4525 1572 4592 primum
1607 4525 1930 4579 lamentabili

341 4610 638 4668 afﬂictione
665 4614 972 4682 discruciat,
1008 4627 1149 4672 tanta
1182 4617 1348 4686 gloria
1397 4617 1688 4686 prophetia:
1718 4619 1770 4671 in
1803 4619 1932 4672 sub-

343 4704 695 4772 sequentibus
724 4707 968 4775 refulget,
998 4715 1057 4761 ut
1086 4709 1361 4761 evidenter
1390 4709 1557 4776 po~sit
1585 4711 1799 4778 agnosci
1830 4723 1934 4778 quo

2040 3511 2408 3580 ptenitcntium
2425 3511 2681 3582 regularis
2707 3511 3014 3581 plenissime
3039 3513 3277 3567 noscitur
3300 3511 3462 3566 fuisse
3487 3528 3633 3567 com-

2041 3603 2213 3672 pleta;
2247 3601 2520 3657 inchoavit
2547 3602 2687 3657 enim
2717 3618 2744 3658 a
2776 3602 3047 3674 lacrymis,
3084 3603 3254 3658 finivit
3283 3604 3334 3658 in
3367 3603 3583 3675 gaudio.

2571 3692 2846 3763 Expositio
2882 3696 3087 3764 psalmi.

2119 3786 2268 3839 Vt-rs.
2302 3785 2352 3838 i.
2389 3784 2625 3852 Domine,
2665 3787 2851 3839 exaudi
2895 3788 3181 3842 oratioaem
3211 3805 3394 3854 meam,
3441 3801 3487 3843 ct
3525 3793 3632 3846 cla-

2038 3892 2152 3929 mor
2174 3893 2312 3930 uicus
2341 3876 2410 3929 ad
2436 3885 2483 3930 te
2506 3878 2784 3944 perveniat.
2825 3877 3021 3933 Videns
3071 3881 3327 3950 propheta
3359 3891 3486 3936 ante
3525 3883 3628 3935 ad-

2043 3981 2259 4022 ventum
2291 3968 2499 4024 Domini
2547 3968 2810 4023 humanos
2857 3983 3100 4025 crescere
3144 3971 3513 4029 indesinenter
3543 3991 3630 4030 er-

2045 4075 2218 4122 rores,
2251 4074 2536 4127 personam
2589 4059 2838 4127 pauperis
2887 4063 3270 4117 convenienter
3313 4069 3627 4135 assumpsit,

2044 4153 2133 4222 qui
2165 4151 2499 4206 calamitates
2528 4151 2712 4206 mundi
2761 4151 3087 4219 poenitentia:
3120 4154 3416 4210 humilitate
3468 4159 3630 4213 deﬂe-

2045 4257 2156 4309 ret;
2188 4255 2243 4299 ut
2265 4245 2374 4298 cito
2397 4244 2470 4298 illi
2505 4243 2812 4299 misericors
2840 4243 3173 4313 subveniret,
3197 4262 3355 4316 quem
3387 4257 3462 4303 tot
3486 4251 3626 4306 mala

2042 4339 2275 4392 adunato
2331 4338 2474 4392 fasce
2533 4338 2926 4407 deprimebant.
2981 4338 3124 4394 Dicit
3170 4339 3625 4408 eniszomine,

2042 4429 2231 4484 exaudi
2256 4431 2537 4482 orationem
2569 4445 2752 4491 meam,
2777 4429 2980 4483 scilicet
3009 4443 3125 4484 eam
3159 4445 3320 4499 quam
3353 4432 3466 4500 pius
3495 4434 3627 4488 alle-

2039 4529 2191 4590 gatnr
2222 4535 2316 4589 pro
2347 4520 2510 4574 totius
2537 4519 2720 4574 mundi
2750 4519 3067 4575 liberatione
3090 4521 3365 4578 fundebat.
3397 4523 3627 4580 Sancto-

2043 4629 2158 4667 rum
2192 4616 2332 4667 enim
2367 4613 2698 4668 consuetudo
2727 4623 2810 4668 est
2836 4615 2916 4668 sic
2937 4614 3119 4671 dolere
3139 4617 3469 4672 calamitates
3498 4616 3628 4674 alie-

2039 4721 2134 4758 nas
2166 4715 2217 4758 ttt
2250 4706 2512 4774 proprias,
2543 4704 2682 4759 sicut
2709 4705 2996 4772 Apostolus
3025 4707 3130 4759 ait:
3158 4709 3282 4772 Quis
3312 4709 3625 4778 inﬁrmatur,

343 4793 496 4870 lum.
518 4799 606 4866 Α.,
637 4797 726 4862 F.,
755 4797 842 4863 B.,
865 4797 1120 4869 quodlibi
1147 4815 1368 4856 munere
1391 4809 1700 4866 coronetur,
1723 4801 1935 4871 quando
1967 4795 2014 4852 D
2040 4806 2090 4852 et
2115 4815 2206 4867 ego
2245 4815 2348 4850 non
2397 4798 2666 4862 inﬁrmor?
2712 4797 2837 4862 Quis
2882 4798 3283 4864 scandalizatur,
3316 4807 3363 4850 et
3387 4814 3478 4869 ego
3520 4817 3624 4855 non

338 4889 456 4962 iam
483 4890 571 4946 hic
600 4907 695 4961 spe
724 4901 872 4947 tanta
898 4893 1156 4948 relicitur.

418 4985 487 5041 Et
509 4995 634 5041 nota
661 4987 784 5055 quia
812 4987 937 5041 dum
964 4987 1160 5058 ubique
1188 4989 1239 5042 in
1270 4989 1440 5044 titulis
1468 4990 1680 5043 nomina
1710 4989 1816 5044 sint
1842 5004 1938 5058 po-

340 5079 469 5147 sita,
496 5079 582 5134 hit:
614 5096 810 5150 pauper
839 5080 956 5136 sine
986 5083 1199 5136 nomine
1233 5082 1590 5137 introducitur
1617 5083 1679 5135 at]
1713 5083 1932 5152 loquen-

340 5176 498 5237 dum;
531 5175 738 5229 scilicet
767 5183 823 5230 ut
844 5190 966 5230 cum
997 5177 1086 5230 uni
1118 5175 1296 5243 datur,
1329 5191 1515 5231 omnes
1539 5177 1636 5231 sibi
1671 5191 1930 5245 pauperes

342 5264 541 5322 Christi
587 5277 978 5337 cognoscerent
1023 5270 1358 5324 attributum.
1431 5269 1622 5324 Animo
1673 5277 1928 5340 praetcrea

343 5357 686 5412 condendam
736 5367 820 5413 est
860 5357 1006 5413 hunc
1031 5359 1295 5429 psalmum
1324 5367 1569 5427 quartum
1601 5374 1722 5413 esse
1750 5373 1806 5412 εκ
1846 5361 1931 5412 his

343 5449 434 5516 qui
485 5457 739 5502 notantur
770 5448 971 5516 Oratio,
1019 5450 1260 5517 quamvis
1291 5447 1662 5517 pmnitentiutn
1713 5447 1931 5516 quintus

343 5552 466 5596 esse
504 5540 768 5595 videatur.
833 5541 1120 5596 Sciendum
1169 5551 1254 5595 est
1307 5540 1464 5611 plane
1490 5541 1792 5594 orationum
1825 5540 1930 5593 duo

343 5645 466 5690 esse
504 5643 724 5703 genera.
772 5633 944 5690 Unum
993 5634 1205 5704 quando
1240 5633 1496 5689 Dominus
1522 5628 1767 5688 Christus
1813 5643 1930 5687 orat

347 5728 412 5784 ad
440 5727 678 5796 Patrem,
712 5743 816 5784 non
848 5743 944 5799 pro
974 5731 1206 5800 peccatis
1237 5730 1366 5796 suis,
1414 5744 1530 5800 qur
1559 5729 1777 5784 omnino
1820 5742 1852 5780 η
1892 5741 1926 5783 ιι

2041 4906 2161 4943 uror
2189 4887 2276 4960 (11
2309 4887 2429 4943 Cor.
2460 4905 2572 4953 χλι,
2605 4888 2733 4958 29)?
2763 4889 3032 4958 Sequitur,
3065 4899 3110 4943 et
3153 4891 3344 4944 clamor
3384 4908 3525 4945 meus
3555 4896 3623 4948 ad

2041 4995 2087 5039 te
2115 4984 2392 5055 perveniat.
2423 4983 2651 5036 Noverat
2683 4982 2768 5036 hic
2797 4997 2996 5051 pauper
3024 4981 3220 5036 doctus
3260 4983 3376 5052 lege
3419 4983 3622 5053 divina,

2040 5075 2290 5146 precibus
2342 5081 2681 5143 peccatorum
2729 5071 2924 5126 nubem
2973 5071 3256 5141 quamdam
3312 5072 3619 5142 frequentet

2041 5168 2270 5238 trp-cui;
2304 5165 2370 5221 de
2399 5179 2500 5235 qua
2528 5165 2790 5221 Jeretuias
2821 5164 2984 5218 dicit:
3017 5165 3310 5234 Opposuisti
3343 5166 3620 5230 nubem,u¢

2041 5270 2264 5336 transeat
2296 5261 2461 5314 oratio
2487 5267 2660 5313 nostra
2695 5257 2906 5329 ('l‘ltren.
2945 5274 3020 5324 ιιι,
3051 5258 3166 5328 Μ).
3200 5258 3447 5314 llabacuc
3485 5273 3622 5330 quo-

2038 5373 2142 5426 que
2167 5356 2423 5424 prepheta
2447 5355 2585 5407 idem
2609 5353 2764 5407 dicit:
2789 5350 3082 5424 Usquequo,
3103 5351 3338 5417 Domine,
3368 5351 3626 5419 clamato,

2040 5459 2086 5502 et
2127 5465 2226 5499 non
2265 5447 2522 5509 exaudies,
2557 5445 2866 5515 t-ocifcrabor
2897 5449 2963 5498 ad
2991 5456 3038 5498 te
3067 5446 3310 5517 injuriam
3340 5448 3622 5517 accipiens,

2039 5551 2084 5593 et
2111 5556 2212 5592 non
2255 5539 2482 5591 intendes
2529 5537 2749 5607 (llabac.
2794 5555 2832 5606 ι,
2877 5537 2932 5607 2;
2971 5538 2993 5592 ?
3033 5539 3368 5608 Quapropter
3415 5555 3620 5598 memor

2041 5635 2260 5688 istarum
2308 5645 2484 5685 rerum
2516 5630 2704 5684 anxius
2733 5644 2884 5684 suum
2915 5628 3187 5683 clamorem
3237 5628 3522 5688 festinabat
3550 5632 3616 5688 ad

2041 5723 2320 5780 Dominum
2352 5722 2632 5794 pervenire,
2667 5737 2732 5778 ne
2762 5720 2970 5778 delictis
2999 5721 3412 5794 impedientibus
3442 5740 3618 5781 reme-
