3952 6162
524 262 621 317 707

1745 256 1812 311 Μ.
1859 254 2130 313 AURELII

2237 256 2573 324 tSSlODORl
3627 261 3714 319 708

526 377 670 430 dium
700 387 728 427 a
761 372 984 427 Domino
1018 371 1253 425 tardaret
1280 368 1545 439 accipere,
1584 370 1669 440 qui
1699 370 1881 425 multis
1912 370 2106 439 proha-
2135 375 2181 432 Α
2210 371 2336 423 audi
2377 387 2473 423 me.
2516 371 2781 436 Quantum
2827 384 2885 429 se
2931 371 2981 424 in
3032 368 3333 431 humilitate
3370 373 3597 441 ptenitens
3640 378 3718 431 ἰδία

528 468 684 519 batur
700 463 1100 519 calamitatibus
1119 461 1418 530 subiacere.
1443 462 1621 515 Primo
1637 462 1778 516 enim
1798 462 2106 532 posuitora-

528 558 735 619 tionem,
766 569 904 608 nunc
932 552 1462 621 adjecitclamorem;
1490 560 1548 606 ut
1574 552 1750 607 studia
1770 552 2112 621 supplicatio.

530 648 610 700 nis
626 645 863 700 crevisse
877 658 1254 713 cognosceres,
1276 643 1430 711 cujus
1443 644 1739 699 orationem
1755 646 1805 698 in
1819 644 2109 699 clamorem

530 736 819 791 maximum
849 736 1156 805 prorupisse
1195 737 1446 792 sentires.
1496 736 1647 791 llunc
1685 745 1865 792 autem
1896 737 2110 792 modum

527 838 725 882 sancta:
749 828 1006 882 orationis
1034 828 1353 882 servandum
1376 828 1757 884 devotissimus
1775 826 2112 884 Christianus

530 921 812 988 intelligat,
844 930 901 974 ut
944 919 1170 990 idipsum
1203 921 1404 988 cogitet
1452 920 1594 991 quod
1643 929 1782 985 orat,
1816 921 1987 986 ipsum
2023 936 2111 975 re-

526 1012 716 1076 spiciat
746 1021 923 1065 mente
948 1013 1030 1065 cui
1078 1011 1367 1080 supplicat,
1400 1026 1588 1067 omnes
1632 1012 1929 1079 superﬂuas
1969 1012 2117 1083 cogi-

529 1104 758 1157 tationes
786 1103 1215 1165 escludat,aliud
1246 1119 1351 1156 non
1389 1104 1637 1157 admittat
1664 1112 2016 1158 extraneum:
2049 1117 2115 1157 ne

530 1196 614 1263 (ut
638 1195 713 1247 nit
740 1194 980 1263 quidam)
1033 1194 1332 1263 purissimis
1364 1193 1600 1249 fontibus
1629 1208 1789 1262 apros
1827 1194 2116 1248 innnittere

530 1285 775 1339 videatur
804 1286 1153 1353 improvidos.
1186 1285 1319 1339 llinc
1344 1284 1707 1356 etiam_sancti
1738 1284 2009 1339 Ambrosii
2033 1300 2116 1340 se-

530 1377 762 1429 cundum
796 1377 1109 1444 Apostolum
1142 1376 1190 1447 (Ι
1217 1374 1336 1430 Cor.
1366 1392 1476 1440 λιν,
1508 1374 1622 1445 15),
1657 1375 1802 1429 hora:
1831 1384 1997 1429 sexta:
2027 1390 2115 1429 ro-

531 1480 655 1520 seus
684 1466 914 1538 hymnus
946 1467 1033 1520 ille
1060 1472 1075 1489 ⁹
1101 1467 1366 1531 redolnit;
1399 1467 1472 1519 ait
1494 1466 1668 1520 enim:
1700 1486 1718 1517 ι
1742 1466 1918 1521 Orabo
1941 1474 2119 1520 mente

533 1556 841 1622 Dnninum,
867 1560 1032 1611 crabo
1059 1558 1216 1611 simul
1248 1558 1438 1626 spiritu
1463 1575 1476 1611 :
1504 1574 1571 1612 ne
1600 1574 1699 1613 vox
1742 1558 1852 1613 sola
1889 1559 1998 1614 Deo
2023 1573 2117 1613 ca-

533 1659 646 1714 nat,
677 1666 972 1721 sensusque
1000 1659 1183 1706 noster
1214 1650 1340 1705 alibi
1368 1654 1563 1706 ductus
1590 1652 1804 1706 aberret
1832 1650 2117 1717 ﬂuctuans,

532 1744 684 1798 vanis
734 1752 1036 1811 praeventus
1072 1744 1307 1798 casibus.
1340 1763 1359 1796 ι
1404 1744 1555 1799 Tunc
1594 1744 1736 1797 enim
1769 1743 1877 1797 Deo
1902 1753 2121 1813 accepta

533 1845 618 1891 est
642 1836 815 1890 oratio
838 1837 1169 1905 canentium,
1200 1836 1242 1891 si
1273 1852 1406 1907 pura
1449 1851 1601 1892 mens
1628 1835 1769 1892 idem
1793 1842 1944 1906 gerat
1978 1826 2161 1905 quod'

533 1928 762 1998 explicat
791 1942 890 1981 vox
924 1928 1139 1981 cantici.

612 2019 761 2073 Vers.
788 2018 843 2072 2.
881 2018 961 2072 Ne
982 2031 1176 2073 avertas
1204 2021 1545 2090 facicmtuam
1570 2037 1600 2073 a
1621 2037 1717 2086 me,
1746 2021 1800 2073 in
1825 2034 2125 2091 quacunque

536 2113 619 2165 die
657 2112 892 2166 tributor.
946 2112 1232 2168 Recolebat
1264 2129 1464 2183 pauper
1506 2115 1606 2168 iste
1644 2114 2007 2181 beatissimus,
2038 2127 2125 2167 re-

536 2206 718 2260 nuisse
756 2204 1039 2260 Dominum
1069 2221 1164 2277 per
1191 2206 1378 2261 Isaiam
1408 2207 1724 2276 prephetam
1774 2207 2124 2276 pertinacium

538 2316 758 2354 munera
792 2311 1151 2370 peccatorum,
1178 2316 1299 2357 cum
1327 2302 1451 2356 dicit
1476 2320 1487 2355 :
1515 2302 1833 2373 Sanguinem
1853 2303 2131 2356 vitulorum

537 2402 583 2444 et
608 2410 855 2463 agnorum
885 2407 931 2449 et
961 2397 1216 2449 hircorum
1244 2396 1382 2451 nolo.
1412 2394 1539 2449 Cum
1582 2396 1816 2449 veneritis
1844 2408 1962 2449 ante
2004 2410 2129 2448 con-

537 2497 759 2548 spectum
805 2504 989 2555 meum,
1021 2490 1135 2558 quis
1174 2489 1401 2557 quaesivit
1432 2490 1539 2541 lia'c
1569 2486 1633 2541 de
1671 2488 1906 2541 matribus
1946 2488 2127 2540 vestris

542 2575 696 2645 (lsui.
731 2593 767 2642 ι,
799 2577 891 2644 11,
928 2578 1058 2649 id)?
1098 2579 1242 2633 Talia
1295 2588 1541 2635 metuens
1572 2580 1675 2635 iste
1718 2587 1879 2649 atque
1920 2576 2130 2648 recogi-

545 2679 684 2736 tans,
718 2672 853 2739 petit
876 2688 941 2726 ne
970 2672 1287 2726 sacriﬁcium
1312 2673 1450 2740 quod
1478 2673 1807 2736 immolabat,
1831 2671 1885 2727 id
1907 2682 1987 2727 est
2014 2687 2128 2742 pa:-

544 2763 821 2819 niteutiam
862 2782 1010 2820 suam
1062 2766 1133 2821 ita
1178 2766 1498 2835 despiceret,
1528 2765 1665 2821 sicut
1693 2782 1854 2834 supra
1886 2764 2131 2820 meminit

545 2856 611 2909 de
641 2855 1097 2909 immolationibns
1131 2857 1507 2926 pessimorum.
1560 2856 1649 2912 Sic
1674 2866 1730 2911 et
1753 2837 2131 2927 quinquagesi-

546 2961 664 3001 mus
695 2948 932 3017 psalmus
962 2950 1075 3003 ait:
1108 2949 1210 3004 Cor
1233 2952 1509 3004 contritum
1544 2958 1588 3003 et
1630 2948 1955 3003 humilialum
1994 2948 2131 3004 Deus

2218 478 2381 529 prona
2408 473 2587 516 mente
2615 470 2991 531 prostraverat,
3024 472 3230 516 tantum
3275 463 3322 517 in
3356 464 3459 533 ipsa
3495 468 3717 533 supplica-

2215 556 2427 610 catione
2453 555 2748 609 crescebat.
2783 554 2912 607 Nam
2956 554 3079 608 dum
3129 554 3274 623 prius
3300 555 3525 620 dixisset,
3557 557 3722 612 Ini-lina

2215 646 2283 698 ad
2307 660 2387 697 me
2415 660 2592 697 aurem
2623 654 2779 709 tuam,
2809 643 2920 713 jam
2948 643 3295 698 coxiﬁdentius
3316 647 3438 714 petit
3466 653 3517 699 ut
3532 646 3725 702 celerius

2216 746 2490 792 mereatur
2526 736 2730 800 audiri;
2769 751 2889 789 nam
2920 735 3008 803 qui
3059 733 3381 793 velocitatem
3413 739 3638 806 postulat,
3673 741 3726 793 de

2218 832 2596 901 impetratione
2623 845 2842 885 securus
2866 839 2970 884 est.

2296 925 2449 979 Vers.
2476 925 2529 978 4.
2581 924 2713 989 Quia
2755 923 3047 992 defecerunt
3090 921 3214 974 sicut
3247 924 3408 990 fumus
3446 921 3542 973 dies
3564 922 3663 985 ιιιεί,
3694 932 3732 976 et

2219 1032 2335 1071 ossa
2376 1032 2484 1069 mea
2515 1015 2647 1067 sicut
2692 1014 2746 1067 in
2791 1014 3007 1083 [rixario
3046 1012 3278 1079 confrixa
3318 1020 3450 1068 sunt.
3497 1011 3733 1081 Sulijunxit

2216 1122 2431 1162 causam
2480 1104 2874 1174 deprecationis
2904 1120 3015 1158 sua:
3035 1145 3049 1167 ,
3101 1112 3157 1156 ut
3190 1102 3315 1156 illud
3346 1103 3622 1156 orationum
3649 1112 3734 1155 tam

2222 1200 2413 1268 ingens
2444 1198 2770 1253 desiderium
2803 1196 3137 1251 miseriarum
3180 1201 3571 1263 cognosceretur
3609 1193 3739 1248 fuisse

2224 1292 2509 1345 multarum
2530 1331 2546 1354 ,
2575 1299 2629 1343 et
2660 1289 2867 1348 facilius
2896 1286 3319 1341 benevolentiam
3361 1286 3428 1353 pii
3462 1284 3633 1353 judicis
3665 1284 3741 1339 ob-

2224 1384 2419 1437 tineret
2462 1396 2773 1450 magnarum
2822 1379 3184 1433 calamitatum
3237 1376 3454 1447 allegata
3486 1376 3742 1431 nectissitas.

2227 1476 2451 1531 Fumum
2485 1475 2726 1531 videmus
2764 1473 2831 1528 de
2876 1472 3092 1527 ﬂamma
3134 1470 3353 1540 quidem
3383 1468 3573 1537 egredi,
3598 1466 3678 1522 scd
3707 1469 3747 1520 in

2226 1582 2384 1621 auras
2433 1565 2663 1635 liquidas
2704 1563 3018 1620 tenuissime
3044 1561 3335 1627 dissipari;
3377 1573 3472 1615 nec
3504 1558 3749 1612 substantia

2227 1658 2345 1728 ejus
2376 1664 2579 1719 manet,
2609 1656 2853 1725 quamvis
2901 1667 2966 1706 ex
3003 1652 3273 1721 corporali
3307 1649 3542 1704 incendio
3576 1664 3754 1715 genera-

2229 1759 2461 1805 tus-esse
2486 1748 2750 1804 videatur.
2781 1746 2968 1801 Merito
2998 1760 3125 1816 ergo
3148 1744 3260 1798 dies
3282 1752 3602 1813 peccatorum
3622 1739 3755 1809 globis

2229 1841 2493 1898 lumileris
2523 1848 2897 1910 exaequantur,
2924 1854 3059 1909 quos
3089 1836 3349 1892 involutis
3376 1851 3435 1891 ac
3464 1835 3602 1889 tetris
3625 1836 3756 1889 actio-

2232 1936 2388 1991 nibus
2420 1932 2629 2003 decepti
2659 1932 2905 1985 homines
2924 1928 3299 2001 perdiderunt.
3324 1928 3469 1994 Quod
3498 1926 3695 1981 maxime
3710 1924 3759 1978 ad

2232 2028 2539 2099 superbiam
2568 2025 2755 2081 mundi
2787 2024 3025 2093 respicit,
3075 2037 3205 2091 qua:
3230 2029 3426 2091 quanto
3454 2019 3559 2088 plus
3589 2015 3759 2070 extolli-

2236 2130 2344 2189 tur,
2376 2128 2527 2177 tanto
2552 2116 2780 2187 amplius
2810 2113 3105 2171 evanescit.
3137 2111 3253 2167 lsze
3279 2108 3591 2182 338-com
3606 2120 3764 2177 pauper

2236 2213 2304 2267 ad
2345 2209 2699 2265 humilitatem
2744 2206 3076 2261 salutiferam
3113 2203 3327 2258 Christi
3354 2204 3670 2257 vehementer
3705 2196 3766 2249 ἰιι-

2234 2312 2411 2359 tentus
2440 2310 2554 2356 erat
2586 2301 2729 2374 [mss.
2760 2298 2850 2364 Α..
2882 2295 2975 2363 F.,
3020 2292 3367 2365 inhaeserat],
3398 2292 3483 2361 qui
3507 2288 3766 2347 diaboliwn

2233 2394 2593 2463 arrogantiam
2626 2390 3045 2461 superbiamque
3084 2387 3403 2445 damnabat.
3458 2381 3693 2452 Sequitur.
3718 2375 3767 2429 Et

2235 2504 2351 2542 ossa
2380 2502 2490 2540 mea
2515 2486 2645 2539 sicut
2665 2486 2717 2538 in
2744 2484 2957 2553 frixorio
2977 2482 3229 2551 confrixa
3251 2490 3386 2535 sunt.
3408 2478 3549 2534 Sicut
3569 2474 3769 2545 opinione

2236 2594 2492 2651 prospera
2517 2578 2655 2632 bene
2693 2576 3010 2633 meritorum
3057 2589 3217 2643 ossa,
3253 2572 3305 2627 id
3336 2582 3419 2625 est
3464 2564 3613 2623 animi
3652 2562 3769 2617 forti-

2238 2674 2365 2727 tudo
2398 2671 2720 2741 pinguescit,
2752 2667 2965 2737 quando
2993 2683 3195 2723 coruus
3227 2663 3547 2721 conscientia
3577 2658 3771 2717 felicite-

2234 2763 2545 2823 Curdatiune
2573 2764 2801 2817 laetatur.
2834 2762 2973 2817 sicut
3016 2759 3147 2814 dicit
3180 2760 3440 2817 Salomon
3468 2774 3480 2809 :
3505 2754 3653 2807 Fama
3676 2750 3773 2803 bona

2235 2856 2522 2925 impinguat
2553 2870 2667 2906 ossa
2696 2851 2877 2921 (Prov.
2916 2866 3003 2919 xv,
3027 2849 3142 2920 50),
3203 2849 3277 2904 ita
3307 2844 3657 2903 recordatione
3673 2855 3775 2895 con-

2237 2950 2396 3003 traria
2448 2958 2811 3015 peccatorum,
2846 2944 3015 2997 πως
3062 2952 3331 3012 tanquam
3385 2940 3513 2994 {rixa
3558 2933 3776 2991 contrahi-

546 3058 650 3094 non
700 3043 893 3114 spernit
944 3040 1115 3113 (Psal.
1168 3059 1220 3106 ι,
1270 3040 1381 3111 19).
1432 3042 1707 3111 Supplicat
1758 3042 1935 3109 itaque
1987 3056 2053 3097 ne
2101 3056 2130 3094 a
2162 3081 2206 3141 C
2240 3048 2343 3103 tur,
2375 3038 2502 3093 dum
2533 3036 2904 3093 oblocutiones
2934 3032 3249 3101 horninum,
3273 3040 3329 3086 et
3358 3027 3777 3085 conscientimsuze

545 3143 836 3203 conspectu
864 3132 1075 3188 Domini
1109 3133 1361 3188 reddatur
1385 3134 1611 3188 alienus.
1644 3132 1749 3186 lsta
1774 3134 1917 3187 enim
1948 3136 2131 3201 regu'a

548 3232 707 3277 recta:
742 3224 1012 3291 petitionis
1043 3232 1146 3287 est,
1195 3232 1246 3275 nt
1290 3238 1389 3277 nos
1428 3224 1743 3291 respiciens,
1775 3231 1991 3291 peccata
2039 3237 2133 3275 no-

549 3322 658 3367 stra
687 3313 989 3381 despiciat:
1027 3314 1148 3382 quia
1194 3315 1274 3369 sic
1315 3329 1413 3368 nos
1463 3313 1751 3367 miseratus
1804 3312 2053 3378 absolvit,
2090 3312 2134 3367 si

549 3406 635 3459 illa
665 3420 770 3460 non
793 3406 1077 3476 conspicit,
1111 3406 1374 3473 sicutjam
1400 3407 1451 3460 in
1470 3407 1907 3476 quinquagesimo
1930 3405 2135 3474 psalmo

548 3496 749 3552 dictum
776 3507 857 3552 est
888 3515 901 3552 :
932 3498 1112 3553 Averte
1140 3500 1324 3565 {aciem
1353 3509 1493 3553 tuam
1542 3516 1573 3552 a
1600 3500 1818 3569 peccatis
1856 3500 1982 3553 meis
2008 3498 2139 3569 (Ibi-

551 3593 687 3658 dem,
719 3591 826 3661 il).
856 3595 1189 3662 Quapropter
1219 3608 1324 3647 non
1360 3594 1651 3663 incongrue
1680 3593 1749 3650 de
1778 3594 1986 3663 psalmo
2024 3610 2138 3663 pm-

560 3683 797 3736 nitentize
854 3684 1162 3750 ptenitentis
1214 3694 1522 3740 mutuamur
1581 3686 1862 3754 exempla,
1916 3701 2037 3741 cum
2084 3696 2139 3742 et

556 3788 744 3827 sensus
773 3789 866 3843 par
895 3776 1172 3843 probetur,
1221 3786 1277 3831 et
1322 3791 1482 3831 causa
1528 3776 1851 3833 consimilis.
1893 3778 2133 3845 Addidit,

550 3866 603 3917 in
634 3882 933 3935 quacunque
960 3868 1043 3920 die
1066 3868 1305 3922 tribulor.
1338 3869 1666 3936 Quacunque
1690 3869 1795 3934 die,
1831 3883 1933 3922 non
1964 3871 2136 3925 conti-

559 3959 864 4011 nuationem
914 3959 1199 4027 signiﬁcat,
1229 3959 1324 4013 sed
1358 3960 1634 4015 intervalla
1676 3960 1930 4027 temporis
1971 3959 2135 4014 fuisse

556 4047 816 4116 declarat,
848 4050 1060 4118 quando
1089 4051 1376 4120 urgebatur
1406 4050 1655 4104 maximis
1682 4049 1991 4106 vulneribus
2015 4064 2136 4119 pec-

558 4148 824 4207 catorum,
848 4140 1061 4209 quando
1077 4156 1196 4195 eum
1218 4141 1544 4196 detestabilis
1567 4139 1839 4211 premebat
1860 4139 2133 4204 inimicus;

558 4241 613 4285 ut
644 4235 790 4302 quasi
824 4233 922 4287 sub
950 4233 1153 4287 crudeli
1184 4233 1295 4287 fera
1344 4234 1518 4303 posito
1564 4233 1841 4288 Liberator
1871 4234 2137 4303 piissimus

556 4322 886 4376 subveniret.

2238 3130 2439 3201 judi.ia
2466 3130 2703 3200 graviter
2733 3125 3060 3196 expavescit.
3090 3124 3230 3180 Sive
3263 3125 3357 3180 hic
3382 3120 3661 3190 conﬂigitur
3687 3128 3782 3183 pec-

2244 3232 2415 3288 cator,
2457 3221 2708 3290 quoaium
2742 3220 2946 3273 futuros
2972 3216 3125 3286 ignes
3158 3215 3523 3283 incendiaque
3550 3206 3782 3266 formidat;

2247 3330 2369 3369 nam
2400 3312 2489 3384 qui
2516 3326 2573 3367 se
2598 3310 2836 3381 pavescit
2863 3323 3134 3373 arsurum,
3176 3309 3351 3377 ipsus
3376 3303 3596 3361 incendii
3622 3310 3785 3355 terrore

2242 3407 2350 3477 jam
2381 3404 2608 3476 frigitur.
2640 3402 2819 3469 Quaeri
2846 3402 2986 3457 solet
3007 3401 3131 3470 quid
3157 3402 3276 3459 sibi
3298 3400 3449 3469 velit,
3470 3396 3600 3469 quod
3623 3393 3728 3450 talia
3743 3402 3787 3443 se

2246 3499 2428 3554 dicant
2473 3497 2794 3568 penitentes
2843 3494 3082 3566 perpeti,
3128 3494 3324 3564 qualia
3381 3495 3600 3549 humana
3643 3496 3787 3541 natura

2249 3606 2354 3646 non
2386 3590 2640 3660 praevalet
2662 3588 2943 3645 sustinere.
2982 3586 3234 3643 Primum
3263 3596 3373 3653 est,
3398 3584 3536 3657 quod
3564 3598 3649 3656 per
3669 3592 3791 3645 eng-

2243 3682 2571 3753 gerazionem
2622 3680 2850 3752 positam
2897 3680 3224 3749 magnitudo
3255 3678 3442 3734 delicti
3484 3678 3615 3733 bene
3656 3672 3793 3741 potest

2245 3776 2487 3847 intelligi,
2520 3776 2604 3830 cui
2633 3783 2777 3829 tanta
2800 3774 3094 3829 satisfactio
3120 3775 3349 3829 videtur
3378 3770 3555 3827 oﬁerri
3577 3786 3591 3831 ;
3616 3762 3791 3823 deinde.

2243 3869 2386 3940 quod
2413 3869 2477 3922 ad
2511 3883 2644 3922 nova
2670 3866 2796 3927 vitia
2827 3882 2931 3921 non
2964 3866 3282 3933 trahuntur,
3300 3864 3391 3936 qui
3423 3879 3483 3920 se
3508 3864 3571 3920 de
3599 3853 3795 3931 premi:

2243 3962 2311 4014 tis
2339 3960 2569 4029 plurima
2602 3957 2801 4013 debere
2827 3966 3184 4027 cognoscunt.

2318 4052 2473 4106 \‘ers.
2505 4052 2558 4107 5.
2590 4049 2877 4105 Percussus
2922 4068 3034 4103 sum
3078 4051 3213 4104 sicut
3259 4052 3464 4120 fenum,
3506 4058 3550 4101 et
3588 4044 3709 4098 aruit
3732 4053 3798 4095 cor

2242 4162 2433 4205 nicum,
2465 4144 2583 4213 quia
2613 4142 2798 4197 oblitus
2827 4159 2939 4197 sum
2967 4142 3292 4197 manducare
3316 4157 3503 4212 partem
3523 4153 3691 4193 meum.
3720 4130 3798 4184 Per

2242 4236 2581 4303 operatioues
2631 4232 2958 4288 humillimas
3003 4232 3396 4291 benevolentia
3456 4231 3649 4288 Iudicis
3684 4238 3801 4281 οοω·

2244 4340 2449 4398 parata,
2482 4328 2628 4381 venit
2670 4328 2735 4381 ad
2769 4328 3103 4383 miseriarum
3137 4341 3371 4384 suarum
3405 4327 3629 4382 ﬂebilem
3656 4330 3801 4375 narra-

634 4411 787 4466 Vcrs.
812 4412 863 4466 5.
898 4410 1101 4467 Iuclina
1138 4416 1205 4467 ad
1236 4431 1314 4468 me
1350 4432 1524 4469 aurem
1556 4426 1723 4481 tuam,-
1756 4417 1807 4469 in
1838 4432 2139 4486 quacunque
2166 4432 2217 4493 ι)
2247 4422 2475 4483 tionem;
2509 4428 2568 4472 ut
2615 4418 2724 4472 cito
2772 4418 3069 4473 remedium
3127 4430 3406 4485 sumeret,
3447 4420 3494 4474 si
3543 4415 3804 4487 passionem

560 4503 640 4556 die
668 4503 963 4557 invocavero
993 4514 1061 4571 te,
1096 4506 1329 4559 velociter
1359 4507 1544 4560 exaudi
1577 4523 1674 4560 me.
1705 4507 1883 4563 Multis
1924 4508 2138 4575 quidem

561 4594 755 4661 niodis,
788 4594 880 4649 sed
912 4610 1012 4648 una
1052 4596 1241 4666 petitio
1267 4605 1372 4661 est,
1429 4606 1487 4651 ut
1542 4598 1841 4653 orationem
1890 4599 2140 4668 pauperis

565 4685 820 4741 Dominus
849 4688 1101 4742 exaudire
1136 4690 1404 4758 dignetur.
1448 4691 1576 4757 Quae
1608 4692 1771 4763 ﬁgura
1802 4692 1987 4748 Gra'ce
2012 4693 2143 4748 dici—

560 4785 645 4832 tur
672 4779 939 4848 epimone,
976 4780 1160 4834 Latine
1191 4784 1464 4851 repetitio,
1492 4783 1701 4852 qumies
1720 4783 1944 4839 diversis
1966 4785 2144 4841 verbis

559 4871 745 4925 eadem
774 4872 971 4927 dicitur
999 4873 1097 4925 sub
1132 4873 1413 4927 iteratione
1437 4875 1729 4939 sententia;
1758 4876 1899 4945 quod
1930 4890 2023 4945 per
2043 4876 2140 4931 hos

564 4972 675 5019 tres
706 4979 894 5019 versus
923 4977 952 5017 a
985 4965 1246 5034 principio
1280 4965 1474 5019 factum
1505 4981 1625 5021 esse
1663 4966 1989 5021 declaratur.
2051 4966 2143 5021 In-

560 5054 701 5109 clina
744 5071 938 5119 aurem,
990 5054 1189 5121 praebe,
1232 5056 1381 5122 dicit,
1432 5056 1703 5122 auditum;
1736 5058 1873 5113 nnle
1904 5066 1956 5113 et
1998 5059 2143 5114 auris

563 5146 677 5213 ipsa
711 5144 775 5199 ιιι)
797 5145 978 5199 auditu
1010 5146 1147 5201 dicta
1172 5156 1284 5213 est;
1321 5149 1439 5216 quia
1465 5163 1570 5202 non
1599 5157 1751 5203 erant
1783 5148 1993 5215 merita,
2026 5166 2144 5219 qua:

563 5252 622 5292 se
650 5235 714 5290 ad
755 5236 923 5304 ipsum
966 5236 1175 5306 erigere
1217 5239 1533 5307 potuissent.
1569 5238 1719 5292 Auris
1762 5254 1890 5293 vero
1934 5239 2142 5293 Domini

565 5340 662 5393 pro
703 5326 988 5385 clementia
1024 5326 1258 5394 ponitur,
1289 5342 1389 5397 qua
1424 5341 1608 5397 preces
1648 5328 1945 5397 supplicum
1996 5329 2145 5384 beni-

564 5432 698 5483 gnus
732 5418 967 5472 exaudit.
1020 5417 1148 5471 Nam
1181 5433 1303 5473 cum
1357 5428 1494 5474 totos
1525 5419 1726 5486 audiat,
1760 5430 1899 5475 totos
1942 5422 2141 5489 videat,

566 5510 710 5563 solus
736 5508 851 5564 illos
881 5510 1066 5565 audire
1100 5510 1316 5577 dicitur,
1350 5511 1545 5581 quibus
1594 5520 1848 5582 przestare
1878 5513 2143 5583 dignatur.

566 5598 835 5668 Sequitur,
867 5602 919 5654 in
944 5619 1237 5671 quacunque
1264 5605 1344 5658 die
1366 5605 1662 5661 invocavcro
1694 5614 1761 5673 te,
1790 5606 2025 5661 uelociter
2059 5623 2147 5661 cx—

638 5690 668 5723 *
700 5690 936 5761 Hymnus
966 5695 1065 5750 iste
1091 5697 1357 5751 Ambrosii
1383 5696 1741 5754 desideratur.
2024 5701 2029 5707 ’

2245 4524 2394 4564 suam
2430 4508 2516 4578 pio
2543 4507 2750 4563 medico
2782 4524 2886 4563 non
2917 4518 3134 4563 taceret.
3164 4509 3319 4567 Bene
3343 4494 3709 4579 autem-genus
3732 4504 3806 4554 hu-

2246 4618 2460 4658 manum
2494 4604 2607 4672 {eno
2656 4602 2964 4655 transitoria
2995 4613 3379 4672 comparatur,
3414 4604 3556 4675 quod
3584 4610 3635 4657 et
3661 4592 3811 4651 viridi-

2246 4697 2369 4749 tatis
2397 4694 2557 4747 habet
2579 4691 2817 4747 laatitiam
2850 4696 3235 4763 temporalem,
3268 4706 3328 4751 et
3354 4706 3660 4765 percussu)
3685 4685 3811 4743 facile

2246 4787 2411 4843 sentit
2439 4785 2720 4856 injuriam;
2758 4786 2837 4840 sic
2864 4786 3097 4854 quandiu
3130 4788 3185 4842 in
3220 4789 3347 4858 lege
3379 4786 3593 4843 Domini
3631 4778 3814 4839 inaudit-

2248 4882 2421 4949 tisqne
2446 4879 2813 4944 consistimus,
2845 4886 3096 4946 tanquam
3123 4879 3325 4932 viridia
3362 4879 3484 4934 lena
3512 4883 3810 4945 vegetum“;

2247 4971 2344 5026 sed
2392 4985 2513 5026 mox
2545 4978 2605 5024 ut
2649 4968 2719 5023 ab
2748 4971 2866 5037 ejus
2924 4971 3216 5039 praeceptis
3267 4970 3535 5025 fuerimus
3587 4961 3817 5023 dialrolica

2247 5064 2382 5118 falce
2412 5061 2629 5127 succisi,
2660 5060 2839 5117 statim
2866 5063 3187 5125 areseirnus,
3221 5070 3281 5116 et
3320 5078 3419 5117 cor
3461 5069 3691 5116 nostrum
3714 5063 3819 5123 poc-

2248 5156 2351 5209 cati
2381 5154 2663 5209 sterilitate
2693 5157 2946 5210 siccatur.
2979 5155 3095 5211 Non
3127 5156 3284 5211 enim
3318 5155 3574 5212 beneﬁcii
3616 5150 3723 5221 ejus
3746 5159 3819 5215 νει·

2249 5246 2436 5302 bulum
2470 5246 2670 5302 habere
2711 5256 2891 5317 potest
2918 5249 3114 5311 anima,
3149 5263 3182 5302 a
3232 5264 3347 5318 quo
3374 5247 3584 5304 delictis
3615 5236 3820 5298 facienti:

2255 5340 2354 5394 bus
2387 5341 2641 5409 probatur
2671 5354 2792 5396 esse
2822 5340 3008 5395 divisa.
3062 5341 3135 5394 Illi
3167 5350 3362 5397 autem
3392 5354 3605 5411 semper
3628 5336 3819 5392 hilares.

2256 5444 2470 5500 semper
2497 5431 2696 5486 animai
2724 5441 2869 5499 sunt,
2904 5432 2992 5501 qui
3034 5448 3063 5484 a
3088 5430 3265 5501 jussis
3298 5431 3519 5486 Domini
3564 5443 3663 5484 non
3698 5433 3823 5476 rece-

2253 5519 2405 5574 dunt.
2441 5520 2712 5590 Sequitur,
2736 5521 2858 5591 quia
2900 5518 3085 5576 oblitus
3122 5536 3251 5574 sum
3307 5522 3627 5578 manducare
3667 5523 3823 5585 ρωεηι

2253 5631 2437 5673 meum.
2469 5614 2661 5669 Reddit
2683 5630 2899 5671 causam
2924 5630 3019 5671 cur
3034 5628 3343 5686 permissum
3367 5631 3459 5670 cor
3486 5612 3601 5682 ejus
3624 5606 3820 5661 eruerit:
