3952 6162
242 313 346 371 τοι)

1235 314 1588 368 EXPOSITIO
1630 313 1691 366 IN
1736 311 2195 367 I’SALTERlU“.
2242 311 2431 367 PS.\L.
2479 312 2560 367 CI.

3421 318 3529 373 7l0

237 431 359 501 quia
381 428 572 483 oblitus
600 432 766 497 fuerat
800 445 982 496 pauent
1028 444 1181 483 suum
1230 416 1561 491 nmndnmre,
1596 428 1734 482 unde
1774 444 1832 480 se
1863 435 1905 486 Α
1939 427 2041 481 diei
2076 426 2251 495 fulgor
2281 427 2589 496 abscondit,
2627 427 2696 482 ita
2744 428 3010 486 adventus
3041 432 3213 487 noctis
3243 432 3523 503 producit;

244 530 471 574 noverat
495 518 846 587 spiritualiter
874 534 1031 587 posse
1053 521 1260 574 satiari.
1298 523 1372 575 De
1401 523 1503 575 isto
1534 522 1675 575 enim
1711 535 1841 590 pane

246 610 511 664 Dominus
543 611 671 664 dicit
700 628 711 662 :
748 609 858 681 Ego
881 628 989 665 sum
1026 613 1171 681 panis
1202 613 1334 677 viae,
1368 616 1454 684 qui
1487 616 1549 667 de
1594 616 1718 667 creto
1758 614 1847 666 de-

236 703 416 756 scendi
457 701 638 768 (Joan.
684 718 758 765 vr,
793 703 905 770 51).
965 703 1095 758 Nam
1141 707 1595 774 quemadmodum
1630 716 1844 776 poterat

240 797 312 849 de
344 795 641 849 amissione
670 795 821 864 panis
845 798 1099 866 conqueri
1138 800 1462 867 corporalis,
1494 801 1581 869 qui
1613 816 1673 854 se
1698 800 1839 870 ieiu-

237 888 349 940 niis
377 884 648 955 gaudebat
672 884 837 957 afﬂigi
861 888 884 939 ‘t
906 888 1002 942 llic
1032 888 1163 959 ied.,
1194 887 1338 959 hinc]
1362 890 1502 943 enim
1526 891 1841 959 exprimitur

238 988 437 1031 natura
489 978 822 1046 peccantium
852 1018 866 1043 ,
915 979 1036 1048 quia
1075 980 1201 1034 dum
1242 980 1495 1035 delictum
1549 982 1835 1051 appetitur,

236 1074 632 1144 Contemplatio
664 1075 873 1128 Domini
907 1092 1010 1129 non
1044 1076 1293 1131 habetur.

314 1164 477 1217 Vers.
512 1164 566 1218 6.
602 1166 643 1217 A
680 1180 797 1218 voce
823 1167 1041 1235 gemitus
1070 1168 1165 1219 mei
1209 1167 1533 1222 adha'serunt
1565 1184 1679 1222 ossa
1729 1188 1838 1224 mea

234 1258 389 1310 carni
420 1271 563 1309 mm.
612 1256 1058 1312 Perscrutandum
1095 1268 1180 1313 est
1224 1258 1347 1328 quid
1378 1260 1505 1314 velit
1535 1260 1777 1330 intelligi,
1811 1278 1842 1314 a

233 1363 361 1399 rore
390 1348 609 1417 gemitus
640 1349 760 1402 nni.
793 1348 888 1401 Est
917 1352 1060 1403 enim
1092 1365 1191 1403 vox
1224 1350 1453 1419 gemitus
1482 1351 1531 1405 ei
1552 1352 1641 1420 qui
1666 1351 1831 1407 tilium

237 1438 449 1507 perdit,
504 1439 588 1491 cui
621 1446 714 1491 aut
758 1440 1025 1505 possessio
1058 1441 1350 1506 invaditur,
1392 1452 1483 1495 aut
1527 1444 1611 1495 cui
1656 1443 1835 1496 steculi

238 1532 404 1586 istius
432 1532 479 1587 ιι.
506 1532 722 1587 lectalio
753 1545 899 1603 grata
929 1538 1284 1591 subtrahitur.
1317 1538 1422 1592 Sed
1462 1554 1564 1593 vox
1597 1540 1696 1592 ista
1729 1555 1834 1593 non

236 1635 322 1680 est
352 1628 591 1694 gemitus
610 1626 883 1681 beatorum
910 1644 926 1693 ;
955 1628 1028 1683 illi
1060 1630 1201 1683 enim
1224 1640 1445 1699 gemunt
1470 1640 1687 1700 propter
1714 1634 1835 1686 talia

236 1719 443 1785 quibus
478 1720 732 1773 sa‘culum
766 1720 939 1788 placet
961 1762 976 1786 ,
1010 1724 1130 1790 quia
1168 1725 1397 1790 peritura
1427 1724 1753 1797 deSIderant,
1785 1735 1839 1779 et

1949 527 2004 571 et
2032 527 2215 570 contra
2242 518 2656 573 consuetudines
2702 520 2902 585 avium,
2945 529 3070 575 tunc
3096 523 3266 591 magis
3309 523 3529 597 vigilare

1949 620 1996 663 et
2031 623 2182 663 escas
2206 624 2450 677 quaerere
2479 610 2680 677 incipit,
2714 612 2926 680 quando
2956 628 3015 667 se
3042 613 3095 666 in
3126 629 3374 682 soporem
3406 615 3521 669 ani-
3552 684 3559 687 _

1949 704 2148 757 mantia
2195 713 2386 758 cuncta
2424 712 2772 773 componunt.
2805 705 2877 758 Ita
2907 714 2963 760 et
3004 708 3266 775 pmoitens
3297 708 3396 761 iste
3433 721 3534 762 no-

1946 805 2133 849 cturno
2164 804 2404 859 tempore
2424 810 2576 849 escas
2604 797 2799 849 anima)
2826 796 3048 850 sollicita
3071 798 3382 853 curiositate
3410 814 3525 867 per-

1946 887 2110 958 quirit
2139 905 2151 940 :
2179 887 2336 941 modo
2364 887 2673 956 psalmodite
2705 904 2921 957 operam
2953 890 3130 944 dando
3151 932 3165 955 ,
3198 891 3356 946 modo
3384 894 3527 949 elee-

1944 994 2197 1051 mosynas
2242 977 2512 1045 faciendo,
2543 982 2700 1034 modo
2723 996 2965 1035 carceres
3006 985 3211 1037 occulte
3241 986 3524 1052 visitando,

1944 1071 2119 1125 solum
2165 1072 2330 1126 Deum
2354 1072 2466 1123 vult
2495 1072 2689 1126 habere
2720 1083 2931 1137 testem,
2961 1074 3044 1126 cui
3094 1077 3263 1143 caligo
3294 1079 3527 1133 noctium

1945 1178 2051 1216 non
2086 1164 2223 1217 tollit
2247 1171 2544 1231 aspectum.
2580 1165 2642 1216 Et
2672 1174 2795 1218 nota
2821 1167 2945 1232 quia
2975 1167 3115 1219 sicut
3140 1167 3398 1233 pelicunus
3436 1168 3529 1222 de-

1944 1255 2123 1323 signat
2176 1256 2454 1309 eremitam
2516 1264 2676 1324 atque
2722 1258 3061 1323 solitarium,
3116 1257 3187 1311 ita
3236 1261 3531 1328 nycticorax

1942 1345 2092 1399 illum
2140 1345 2381 1400 declarat
2419 1347 2507 1415 qui
2540 1362 2599 1400 se
2639 1347 2911 1401 domicilio
2948 1364 3047 1403 suo
3087 1349 3326 1404 retinens
3364 1366 3393 1404 a
3436 1366 3532 1419 pu-

1942 1436 2079 1491 blica
2110 1438 2317 1491 visione
2361 1447 2599 1492 remotus
2625 1449 2723 1491 est.

2016 1528 2163 1582 Vers.
2193 1528 2244 1582 8.
2286 1528 2526 1598 Vigilavi,
2550 1539 2593 1582 et
2621 1532 2788 1599 factus
2809 1542 2925 1584 sum
2966 1532 3099 1585 sicut
3142 1549 3319 1600 passer
3349 1535 3533 1588 unicus

1941 1622 1995 1674 in
2022 1622 2263 1689 a‘diﬁcio.
2290 1620 2447 1675 Venit
2473 1623 2538 1675 ad
2571 1624 2787 1676 tertium
2815 1638 3003 1692 genus,
3038 1625 3178 1693 quod
3213 1627 3350 1681 idem
3384 1627 3537 1681 simi-

1945 1715 2172 1768 litudiue
2205 1716 2434 1781 passeris
2478 1713 2772 1781 indicatur;
2807 1723 2862 1769 ut
2886 1717 2976 1785 qui
2998 1718 3178 1771 mundi
3202 1718 3422 1772 crimina
3452 1719 3522 1773 lu-

237 1784 303 1862 .i
352 1811 568 1865 Domini
626 1812 847 1867 minime
888 1815 1148 1880 promissa
1193 1813 1470 1869 festinant.
1528 1794 1623 1872 Illo
1662 1800 1845 1870 autem
1879 1784 1916 1839 Β
1945 1805 2126 1875 gebat.
2154 1820 2249 1873 per
2279 1806 2516 1859 omnium
2550 1806 2976 1861 satisfactionum
3010 1810 3198 1863 modos
3227 1810 3531 1865 discurrere

236 1906 452 1973 gemitu
493 1905 831 1975 atﬂigebatur
861 1907 961 1961 iste
1008 1909 1400 1973 sanctissimus,
1445 1925 1605 1980 quem
1657 1910 1842 1964 mundi

236 2007 523 2051 amatores
562 1998 737 2066 potius
782 1997 1093 2054 irriderént.
1136 2000 1260 2055 Ideo
1286 2001 1429 2055 enim
1460 2001 1685 2067 addidit,
1722 2003 1840 2067 mei,

238 2096 295 2139 ιιι
328 2102 397 2143 se
434 2103 463 2141 a
522 2088 807 2143 mundanis
844 2089 1127 2145 desideriis
1176 2101 1502 2147 monstraret
1542 2099 1843 2161 exceptum.

1944 1898 2233 1952 videretur.
2257 1896 2442 1952 Passer
2460 1905 2545 1953 est
2568 1898 2685 1952 avis
2709 1914 2890 1967 parva,
2922 1899 3016 1954 sed
3048 1901 3210 1954 nimia
3240 1902 3530 1970 sagacitate

1946 1989 2197 2054 sollicita,
2222 2005 2341 2058 quze
2370 2004 2469 2044 nec
2497 1989 2652 2045 facile
2680 1989 2882 2060 laqueis
2908 1990 3165 2056 irretitur,
3201 2006 3300 2047 nec
3327 2007 3423 2061 per
3451 1993 3529 2046 in-

1948 2082 2177 2151 gluviem
2227 2083 2428 2137 ventris
2459 2096 2704 2137 escarum
2754 2083 3043 2139 ambitione
3072 2084 3355 2154 decipitur.
3404 2088 3528 2143 llaec

1953 2183 2171 2243 propter
2186 2172 2545 2228 inﬁrmitatem
2562 2190 2731 2239 suam,
2754 2191 2819 2230 ne
2834 2188 2922 2229 aut
2939 2176 3051 2243 ipsa
3073 2192 3104 2230 a
3120 2176 3416 2245 praeditore
3436 2194 3528 2235 ca-

1954 2268 2148 2333 p‘atur,
2178 2272 2271 2317 aut
2301 2264 2437 2320 fetus
2461 2264 2575 2334 ejus
2607 2266 2927 2336 serpentinis
2946 2267 3274 2323 devorentur
3295 2270 3525 2339 insidiis,

1954 2357 2091 2409 inter
2118 2371 2250 2411 aves
2278 2356 2428 2412 unica
2457 2360 2704 2414 cautione
2729 2363 2953 2428 munita,
2984 2363 3049 2417 ad
3080 2364 3359 2419 domorum
3391 2368 3537 2424 fasti-

1952 2449 2036 2517 gia
2067 2450 2210 2502 celsa
2241 2452 2543 2518 concurrit,
2578 2464 2630 2505 ut
2662 2469 2691 2506 a
2737 2457 2999 2523 suspectis
3026 2456 3241 2512 casibus
3282 2460 3536 2516 reddatur

1953 2540 2153 2603 aliena,
2188 2557 2306 2610 qua:
2336 2544 2514 2597 multis
2546 2546 2795 2613 periculis
2839 2546 3089 2615 probatur
3115 2548 3364 2605 obnoxia.
3403 2548 3538 2609 Huic

1955 2633 2146 2685 merito
2173 2642 2530 2701 comparatur,
2583 2637 2673 2704 qui
2722 2636 2916 2691 diaboli
2962 2638 3218 2695 insidiosa
3250 2639 3394 2712 [ηιδσ.
3443 2644 3532 2709 Α.,

1957 2721 2051 2789 F.,
2081 2722 2321 2797 insidias]
2346 2725 2657 2792 formidans,
2678 2730 2984 2797 specialiter
3007 2732 3073 2784 ad
3104 2732 3357 2787 Ecclesia:
3380 2745 3534 2803 septa

1955 2832 2015 2871 se
2043 2817 2352 2882 conferens,
2379 2819 2430 2872 in
2457 2819 2574 2887 ejus
2602 2819 2810 2889 fastigio
2853 2821 3073 2892 vigilans
3114 2824 3378 2879 tutissime
3410 2840 3535 2893 per-

235 2181 538 2248 chnitur,
588 2182 911 2236 adha'serunt
965 2199 1080 2237 ossa
1128 2200 1240 2237 mea
1294 2185 1438 2237 carni
1491 2201 1631 2237 mete.
1704 2183 1844 2238 Istud

239 2274 306 2337 (si
376 2273 446 2325 ad
504 2273 734 2327 litteram
800 2273 929 2328 velis
979 2274 1293 2345 advertere)
1361 2274 1573 2329 afﬂictis
1626 2274 1846 2328 nimium

238 2382 350 2417 non
414 2374 591 2432 potest
661 2366 994 2431 convenire,
1042 2367 1164 2434 quia
1214 2374 1269 2421 et
1327 2366 1610 2436 pinguibus
1657 2376 1709 2420 et
1758 2367 1851 2421 de-

240 2456 456 2509 liciosis
509 2455 611 2509 hoc
658 2457 874 2525 accidit,
910 2465 967 2511 ut
1014 2474 1134 2511 caro
1193 2460 1431 2528 ipsorum
1498 2468 1851 2528 eognoseatur

236 2550 447 2601 ossibus
497 2549 777 2604 adlnrrere.
831 2550 934 2604 Sed
983 2567 1187 2603 carnem
1242 2550 1327 2606 hic
1369 2560 1545 2607 cutem
1591 2568 1695 2605 non
1742 2552 1851 2605 im-

241 2642 425 2709 probe
457 2641 703 2696 videmur
749 2643 1017 2713 accipere,
1065 2644 1191 2714 quia
1222 2654 1277 2699 et
1314 2644 1431 2715 ipsa
1466 2660 1592 2698 caro
1617 2656 1739 2709 est;
1794 2655 1850 2698 ut

240 2748 452 2789 revera
475 2742 795 2804 exaggerata
840 2736 1041 2792 macies
1083 2736 1253 2806 possit
1279 2737 1513 2803 ostendi,
1560 2736 1683 2790 dum
1714 2736 1852 2791 cutis

236 2824 469 2879 ossibus
517 2824 807 2881 adltzesisse
838 2834 1109 2881 narratur.
1162 2826 1251 2880 Sic
1281 2826 1410 2899 [ed.,
1438 2825 1565 2897 Sed]
1606 2833 1663 2881 et
1704 2825 1854 2880 Jere-

237 2917 389 2970 mins
425 2915 687 2983 propheta
717 2916 845 2971 dicit
876 2933 888 2967 ε
922 2915 1137 2985 Con/im
1165 2927 1238 2971 eu
1268 2918 1395 2971 culis
1427 2934 1601 2971 eorum
1634 2935 1664 2970 a
1696 2919 1850 2972 dorso
1958 2918 2191 2963 severat.
2228 2909 2449 2963 Unicum
2491 2910 2649 2976 dixit,
2700 2920 2915 2980 propter
2956 2913 3268 2968 cbaritatem
3300 2932 3419 2986 qua:
3465 2931 3533 2971 ex

237 3011 524 3077 ipsorum;
555 3018 819 3075 aruerunt,
847 3008 973 3077 facti
996 3022 1111 3063 sunt
1139 3020 1191 3063 ut
1220 3012 1415 3082 lignum
1437 3010 1650 3077 ('I'Itren.
1677 3027 1742 3071 tv,
1772 3016 1847 3071 ὅ).
1957 3001 2139 3052 "illius
2168 3000 2331 3071 339
2360 3016 2522 3053 “"“m
2555 3000 2699 3055 ίθείῐ·
2741 2999 2806 3054 Ῑη
2842 3003 3080 3069 ωάίβείοι
3117 3016 3332 3073 propter
3357 3006 3538 3061 πάνυ

239 3099 359 3151 Sed
389 3105 450 3149 υι
478 3097 645 3166 magis
671 3098 736 3151 ad
758 3098 1088 3166 spiritualem
1114 3099 1514 3170 intelligentiam
1540 3104 1846 3167 subeamus,
1882 3121 1924 3182 C
1958 3091 2135 3146 dinem
2166 3093 2285 3146 lidei
2319 3099 2373 3146 et
2408 3091 2766 3147 fortitudinem
2816 3094 3030 3148 mentis.
3072 3093 3533 3151 Considerandum

242 3206 372 3243 ossa
409 3204 506 3243 sua
535 3189 662 3243 dicit
696 3190 814 3245 lidei
844 3192 1169 3257 ﬁrmitatem,
1202 3207 1305 3260 qua
1352 3192 1717 3257 consistimus,
1749 3207 1849 3262 qua
1954 3192 2036 3236 εει
2063 3183 2222 3236 etiam
2252 3183 2703 3257 quemadmodum
2736 3184 2835 3239 iste
2855 3186 3158 3255 supplicans
3180 3201 3208 3239 3
3239 3187 3382 3257 ωαὶο
3416 3189 3533 3243 ibus

236 3282 711 3347 valemus;quam
745 3283 938 3335 merito
969 3283 1112 3335 carni
1142 3283 1273 3336 dicit
1307 3283 1583 3337 adltwsisse
1631 3292 1852 3353 propter
1953 3274 2138 3330 aVibils
2192 3276 2433 3344 pelicano
2486 3286 2541 3331 et
2587 3276 2919 3347 nycticorace
2969 3279 3153 3346 carpit,
3196 3287 3250 3333 et
3295 3284 3540 3348 pervenit

235 3374 486 3425 fratrum
520 3372 966 3439 mediocritatem,
1000 3390 1118 3442 qua:
1150 3374 1375 3429 necdum
1410 3374 1617 3429 ﬂrmata
1650 3376 1703 3428 in
1736 3374 1851 3428 Do-
1954 3379 2121 3435 usque
2150 3366 2218 3419 ad
2262 3367 2496 3435 Passeris
2540 3367 2953 3421 ιηίηυιίεείηκιηι
3003 3369 3317 3438 Ρπνῑωιείη
3350 3389 3363 3424 ε
3406 3386 3539 3439 quo-

238 3468 383 3521 mini
421 3464 622 3520 Christi
650 3467 970 3522 conﬁdentia
1003 3467 1373 3536 permanebat.
1428 3467 1523 3521 llis
1554 3468 1734 3538 itaque
1755 3468 1842 3520 ad-

1954 3456 2096 3511 niam
2147 3457 2408 3527 gradatim
2456 3457 2735 3527 pmtiitudo
2782 3459 3139 3524 descendens,
3191 3465 3363 3529 primo
3414 3464 3535 3517 loco

234 3559 506 3622 hmrebat.
537 3558 749 3626 quando
800 3575 895 3627 pro
936 3561 1061 3628 ipsis
1106 3560 1367 3615 sollicitus
1410 3559 1609 3631 iugiter
1654 3568 1850 3616 anxius
1952 3550 2172 3619 grandis
2199 3558 2303 3618 est,
2346 3551 2586 3606 secundo
2618 3552 2922 3616 mediocris,
2958 3553 3113 3607 tertio
3148 3554 3540 3611 consuetudine

232 3664 390 3717 erat,
431 3668 497 3705 ne
530 3666 560 3705 a
581 3668 745 3721 regno
777 3653 987 3707 Domini
1008 3652 1361 3709 redderentur
1384 3654 1565 3709 alieni.

1955 3641 2070 3709 ipsa
2102 3641 2321 3695 omnino
2354 3640 2672 3696 tolerabilis.
2706 3641 2800 3695 Ha:
2825 3650 3001 3699 autem
3034 3656 3160 3698 aves
3197 3660 3290 3712 per
3319 3644 3539 3713 figuram

326 3745 500 3799 νοτε.
535 3744 588 3797 7.
622 3745 822 3799 suam.
852 3745 1017 3813 {actus
1048 3747 1275 3816 pelicano
1304 3748 1597 3802 solitudinis
1636 3745 1768 3820 [ed.,
1800 3748 1852 3802 in
1957 3734 2243 3803 pambolen
2292 3734 2601 3789 hominibus
2640 3746 3053 3802 comparamur.
3098 3752 3295 3807 genere
3340 3738 3545 3793 discre-

233 3835 606 3904 solitudine]:
640 3838 805 3906 factus
838 3853 950 3889 sum
988 3839 1119 3892 sicut
1159 3840 1453 3909 nycticorax
1482 3840 1535 3892 in
1572 3840 1842 3893 domicilio.

1958 3834 2186 3893 pantes,
2242 3824 2338 3879 sed
2388 3825 2837 3879 consuetudinum
2894 3828 3149 3896 qualitate
3212 3830 3541 3885 consimiles.

236 3930 359 3982 l'er
395 3927 516 3981 [nec
546 3929 763 3981 nomina
786 3929 1056 3983 volucrum
1076 3930 1154 3997 (ut
1181 3930 1432 3999 arbitror)
1461 3933 1670 3986 diversa
1699 3931 1842 3985 nobis

1957 3916 2110 3983 Quod
2161 3924 2534 3986 argumentum
2589 3921 3006 3987 comparationis
3053 3921 3248 3977 dicitur
3301 3938 3366 3978 ex
3419 3939 3544 3977 ma-

234 4021 642 4090 pmnitentium
672 4037 865 4091 genera
891 4022 1248 4077 declarantur.
1272 4021 1551 4077 Pelicanur
1574 4026 1715 4076 enim
1739 4024 1842 4079 avis

1956 4008 2076 4077 jore
2117 4008 2184 4062 ad
2226 4008 2435 4074 minus;
2482 4008 2649 4062 multo
2679 4009 2820 4063 enim
2854 4012 3025 4079 major
3071 4022 3151 4067 est
3181 4013 3342 4069 homo
3385 4030 3543 4085 quam

230 4111 513 4184 zEgyptia
541 4120 645 4173 est.
688 4112 910 4167 ciconiis
940 4114 1178 4184 corporis
1209 4116 1506 4184 granditate
1535 4115 1850 4181 consimilis,
1962 4118 2167 4173 Passer-

228 4219 377 4274 qure
441 4204 665 4255 naturali
730 4203 899 4258 macie
944 4218 1159 4275 semper
1207 4204 1394 4259 aﬂ‘ecta
1439 4214 1561 4271 est,
1598 4205 1842 4275 quoniam

2035 4195 2185 4250 Vcrs.
2215 4195 2267 4249 9.
2291 4194 2421 4249 Tala
2460 4196 2543 4250 die
2582 4195 3013 4264 exprobrauerunt
3055 4214 3138 4251 me
3168 4199 3360 4253 inimici
3410 4202 3546 4267 mei,-

226 4298 429 4352 tsicut
459 4295 752 4366 pbysiologi
798 4298 1004 4369 volunt)
1047 4308 1203 4355 tenso
1232 4301 1490 4356 intestino
1525 4316 1618 4369 per
1647 4302 1842 4356 viscera

1960 4294 2008 4341 et
2033 4287 2116 4358 qui
2143 4285 2425 4340 laudabant
2454 4302 2532 4339 me
2558 4286 2829 4340 adversam
2859 4303 2937 4341 me
2953 4289 3218 4358 jurabant.
3259 4289 3545 4347 Diabolica:

223 4389 521 4460 quidquid
577 4403 819 4444 escarum
879 4393 1095 4460 accipit,
1154 4394 1272 4447 sine
1319 4392 1495 4463 aliqua
1540 4393 1842 4449 decoctionc

1959 4387 2169 4433 constat
2204 4393 2325 4434 esse
2364 4380 2603 4445 malitiae,
2646 4386 2705 4432 ut
2746 4394 2930 4436 servos
2966 4380 3058 4437 Dei
3097 4397 3233 4451 quos
3270 4386 3547 4454 tyrannica

224 4483 600 4536 transmittit.
625 4482 757 4537 llinc
782 4482 915 4537 titul
937 4484 1090 4553 adipe
1108 4484 1562 4554 propriominime
1580 4485 1849 4551 farciatur,
1882 4468 2065 4529 D50"
2118 4480 2294 4541 Ροιθει
2346 4473 2763 4543 praesumptione
2812 4474 3197 4545 comprimere,
3256 4480 3544 4534 πῑίθοίοδθ

222 4577 381 4646 quia
423 4576 744 4641 parvissima
790 4578 1030 4632 ciborum
1081 4593 1243 4634 succo
1284 4579 1557 4645 reﬁcitur;
1598 4594 1719 4650 qua:
1749 4594 1842 4634 nor

1962 4567 2137 4636 potius
2165 4567 2415 4622 illusione
2452 4566 2718 4637 decipiat;
2766 4576 2826 4622 ut
2875 4570 2964 4638 qui
3008 4569 3205 4637 apertis
3246 4572 3543 4625 terroribus

216 4668 526 4739 gregatim
547 4677 601 4721 ut
622 4676 833 4723 cratera:
856 4683 981 4724 aves
997 4672 1158 4737 volat,
1174 4670 1264 4724 sed
1288 4670 1640 4725 delectatione
1656 4685 1715 4726 se
1732 4671 1842 4725 soli~

1959 4672 2066 4713 non
2096 4658 2318 4722 cedunt,
2349 4657 2609 4713 derisoria
2639 4659 2805 4728 magis
2835 4659 3201 4727 increpatione
3240 4659 3544 4715 ﬂectantur.

217 4761 398 4815 saria
424 4760 753 4814 consolatur.
776 4754 974 4815 Eorum
994 4778 1152 4816 unum
1175 4776 1346 4833 genus
1360 4761 1556 4817 dicitur
1576 4777 1694 4817 esse
1716 4762 1855 4830 quod
1959 4751 2089 4817 Qua?
2120 4750 2287 4820 “sum
2316 4749 2513 4804 (Ποίων
2554 4749 2745 4813 ironia,
2789 4750 2839 4803 id
2880 4758 2962 4803 οδε
3002 4751 3208 4814 irrisio,
3254 4766 3373 4819 ειυίε
3401 4752 3544 4805 aliud

214 4849 471 4920 stagnis
503 4848 805 4916 inhabitat,
855 4851 999 4906 aliud
1039 4851 1199 4923 (sicut
1244 4852 1443 4907 dictum
1475 4855 1577 4921 est)
1616 4852 1755 4920 quod
1803 4852 1842 4905 ir

1961 4855 2121 4910 quam
2148 4849 2375 4894 conatur
2397 4840 2650 4893 ostendit.
2680 4841 3013 4908 Quapropter
3042 4840 3198 4894 istum
3221 4839 3547 4910 afﬂigentcm

213 4940 495 4998 desertis
528 4941 660 4995 locis
709 4942 1039 5011 secretisque
1083 4951 1352 4997 versatur.
1413 4942 1515 4997 Per
1554 4940 1656 4996 hoc
1698 4941 1859 5011 igitur
1960 4947 2020 4988 se
2052 4940 2108 4986 et
2152 4933 2297 4987 velut
2337 4930 2565 4987 inaniter
2604 4932 2934 4987 laborantem
2976 4942 3283 5002 peccatores
3316 4936 3549 5003 graviter

212 5040 444 5090 avium
473 5046 644 5101 genus
671 5032 1032 5101 pulcherrime
1068 5032 1441 5103 signiﬁcantur
1469 5032 1732 5098 eremitr,
1768 5030 1857 5102 qui
1963 5024 2276 5080 irridebant.
2328 5024 2397 5079 Et
2434 5032 2492 5078 ut
2535 5033 2804 5081 cresceret
2843 5025 3005 5093 ipsius
3035 5027 3310 5094 opprobrii
3343 5027 3547 5096 magni-

214 5125 549 5182 hominum
581 5124 855 5177 consortio
884 5123 1166 5193 derelicto,
1195 5126 1385 5179 timore
1412 5122 1622 5177 Domini
1652 5132 1859 5177 remota
1964 5116 2114 5183 tudo,
2138 5116 2267 5170 dicit
2287 5130 2381 5171 eos
2412 5116 2463 5169 in
2500 5116 2612 5185 ipsa
2635 5114 2999 5171 detestatione
3030 5116 3257 5186 iurasse.
3288 5116 3379 5172 Sic
3405 5118 3547 5171 enim

210 5234 297 5275 se
349 5215 657 5271 afﬂictione
680 5216 1025 5273 discruciant.
1075 5219 1349 5288 Sequitur,
1396 5216 1561 5286 {artus
1590 5234 1701 5271 sum
1728 5218 1859 5271 sicut
1962 5208 2292 5264 θοηευθιιιάθ
2339 5217 2421 5264 εει
2471 5210 2736 5276 Ρετνθηί³
2777 5208 2958 5265 dicere
3009 5227 3021 5262 ³
3070 5210 3123 5264 Si
3177 5210 3335 5264 me"!
3384 5210 3547 5263 Vim“

206 5308 568 5381 κςειὶεονακ
593 5308 647 5360 in
678 5309 959 5362 domizilio.
990 5310 1144 5364 Aliud
1170 5323 1338 5378 genus
1361 5307 1718 5363 introducitur
1748 5323 1862 5377 ρω-
1965 5316 2070 5355 non
2102 5301 2325 5356 habeam
2357 5299 2567 5369 qualem
2611 5300 2713 5355 istc
2740 5302 2987 5367 sustinet,
3022 5301 3108 5369 qui
3135 5300 3244 5371 iam
3276 5317 3382 5355 non
3414 5300 3550 5354 vivis

206 5397 493 5455 nitentis
525 5393 656 5466 [ed.,
685 5395 1099 5469 patuitrntium].
1136 5396 1452 5467 Nycticoraa:
1477 5396 1666 5452 Cra-to
1700 5413 1858 5452 vnca-
1926 5426 1927 5429 η
1966 5394 2295 5457 hominibus,
2329 5390 2423 5446 sed
2454 5392 2804 5446 cadaveribus
2838 5391 3014 5459 potius
3040 5391 3250 5446 videtur
3276 5405 3396 5445 esse
3424 5406 3550 5446 con-

200 5492 391 5550 buto
423 5486 618 5540 dicitur
639 5486 809 5541 noctis
839 5501 1054 5548 corvus,
1093 5504 1251 5557 quem
1301 5488 1517 5556 quidam
1567 5488 1855 5556 bubonem,
1964 5484 2177 5538 similis.
2222 5482 2595 5537 Laudaverant
2623 5484 2767 5537 enim
2800 5482 2964 5551 prius,
3008 5497 3128 5535 cum
3171 5482 3413 5537 siculari
3442 5486 3549 5537 vita

200 5580 484 5656 quidam
542 5588 792 5633 noctuam
846 5594 967 5633 esse
1014 5579 1426 5633 dixeruntzalii
1481 5578 1649 5647 magis
1696 5594 1859 5634 corvo
1965 5577 2267 5638 lrueretur;
2324 5582 2507 5643 postea
2577 5574 2676 5628 sub
2715 5574 3066 5644 jurejurando
3111 5574 3363 5630 detestati
3403 5585 3549 5642 sunt,

196 5671 639 5745 magnitudine
666 5680 722 5725 et
751 5671 931 5726 colore
973 5672 1332 5736 consimilem,
1357 5686 1515 5741 quem
1549 5670 1852 5740 specialiter
1966 5666 2177 5738 quando
2205 5681 2327 5721 eum
2358 5666 2588 5721 similem
2618 5667 2845 5723 mortuis
2874 5664 3298 5722 aestimaverunt.

196 5772 280 5826 in
314 5759 489 5819 Asiae
512 5760 749 5830 partibus
780 5762 1009 5817 inveniri
1039 5775 1196 5831 posse
1229 5772 1505 5819 testantur.
1536 5760 1694 5817 istum
1717 5760 1857 5817 sicut
2039 5757 2193 5816 Vera.
2237 5756 2322 5817 10.
2376 5755 2506 5825 Quia
2551 5760 2770 5815 cinerem
2816 5767 3060 5830 tanquam
3102 5774 3283 5830 panem
3332 5758 3551 5811 manda
