3952 6162
437 268 526 320 ill
1644 257 1712 310 Μ.
1759 253 2034 309 “illm.”
2076 252 2482 310 C.\SSl0DORl

3583 242 3688 296 ἨΞ

426 390 692 446 concinnet
724 376 1356 448 potumineuntcum/letu
1382 372 1740 430 tentttcrnlmnt.
1788 368 2010 422 Causam
2040 373 2090 430 Α
2118 384 2249 422 sana
2300 367 2600 422 introducta
2648 364 2906 427 videatur,
2951 371 3125 417 tamen
3168 361 3327 430 (sicut
3369 372 3510 427 smpe
3554 356 3692 410 disi-

427 476 603 532 retldit
651 489 748 527 cur
793 470 862 523 ab
906 467 1155 530 inimicis,
1211 467 1293 519 vel
1345 480 1374 518 a
1423 463 1563 518 notis
1612 463 1662 516 in
1711 461 1829 530 ejus
1874 458 2007 513 faeie

427 565 857 627 malediceretur,
904 559 1042 612 sicut
1089 567 1141 610 et
1182 555 1282 610 .lob
1330 554 1614 624 pertulisse
1665 550 2008 604 manifestum

427 668 530 720 est,
561 654 712 722 cujus
743 651 846 704 vita
876 648 1135 718 proximis
1166 645 1248 700 vel
1285 645 1470 698 amicis
1499 642 1816 713 gravissimo
1854 653 2011 708 squa-

429 749 538 800 lore
564 742 832 798 sordebat.
856 738 1142 794 εοΙΙίοἱιῑυς
1165 745 1340 790 autem
1365 747 1553 788 versus
1574 733 1676 787 iste
1700 731 2014 786 tractandus

427 847 545 905 est,
615 849 684 891 ne
737 842 922 889 contra
971 831 1252 884 humanam
1313 825 1754 882 consuetudinem
1806 821 2010 876 favillas

428 929 690 998 lignorum
719 939 897 982 escam
927 933 1175 992 putemus
1203 932 1322 973 esse
1350 915 1748 987 pmnitentium.
1779 909 2011 967 Cinerem

429 1022 673 1075 novimus
713 1022 1022 1070 exustorum
1065 1009 1318 1079 reliquias
1361 1021 1482 1061 esse
1524 1005 1846 1067 carbonum,
1878 1015 2012 1072 quas

432 1111 624 1166 merito
655 1106 885 1176 peccatis
925 1103 1154 1156 dicimus
1179 1097 1514 1166 comparari;
1551 1102 1607 1148 ut
1633 1094 1772 1159 ipsa
1803 1106 2014 1161 quoque

430 1204 664 1256 tenuitas
702 1197 1021 1251 delictorum
1061 1190 1411 1245 aiﬂictionum
1458 1185 1732 1240 doloribus
1772 1183 2016 1236 absuma-

435 1307 537 1350 tur.
589 1293 718 1347 Nam
768 1290 1009 1359 quamvis
1056 1285 1304 1354 exiguum
1352 1281 1418 1335 de
1460 1287 1677 1348 peccato
1721 1283 2014 1338 remaneat,

400 1403 538 1442 'non
573 1383 815 1453 perducit
844 1379 910 1434 ad
954 1380 1152 1442 vitam;
1200 1375 1340 1428 unde
1379 1382 1433 1428 et
1480 1372 1532 1425 in
1579 1367 2020 1440 quinquagesimo

435 1477 640 1547 psalmo
674 1473 929 1542 prOpheta
961 1470 1194 1523 clamat:
1224 1465 1593 1536 Usquequaque
1619 1461 1752 1536 [ed.,
1771 1455 2022 1529 Amplius]

433 1571 548 1622 lava
579 1582 659 1618 me
689 1565 751 1618 ab
791 1563 1043 1635 injustitia
1079 1575 1222 1622 mea,
1254 1567 1300 1610 et
1335 1573 1366 1607 a
1386 1556 1568 1608 delicto
1596 1568 1705 1606 meo
1725 1551 1917 1605 munda
1948 1566 2025 1604 me

436 1657 609 1728 (Psal.
643 1673 695 1722 ι,
727 1656 806 1725 ll).
859 1654 1045 1707 Merito
1089 1665 1216 1718 ergo
1259 1658 1313 1702 et
1349 1647 1495 1716 ipsos
1538 1645 1748 1699 eineres
1778 1649 2026 1711 peccato-

2111 459 2254 530 tnus)
2287 461 2423 514 bona
2467 458 2714 526 malaque
2745 454 2952 525 generis
2993 454 3206 507 humani
3247 448 3692 521 prudentissimus

2112 562 2458 605 enunterator
2488 549 2739 602 insinuat.
2800 546 2972 599 Elevat
3003 545 3140 599 enim
3173 542 3428 596 Dominus
3457 539 3567 594 suis
3596 537 3695 592 be-

2116 643 2320 696 neticiis
2350 641 2677 696 creberrime
2708 644 3042 706 peccatores,
3070 635 3264 704 quibus
3302 647 3431 702 opes
3465 629 3695 694 confert,

2115 733 2274 786 vitam
2301 731 2564 796 concedit,
2597 729 2777 784 saeculi
2807 727 3029 799 gloriam
3083 724 3209 798 [ed.,
3235 719 3487 792 gloriosa]
3534 720 3696 792 largi-

2120 833 2226 888 tur,
2259 833 2312 878 et
2339 823 2391 877 in
2424 824 2661 876 omnium
2695 821 2821 876 facit
2848 818 3156 874 celebritate
3187 818 3411 870 versari.
3445 813 3550 870 Sed
3575 813 3698 868 dum

2117 917 2174 971 in
2201 914 2502 985 superbiam
2529 912 2729 968 tumida
2756 900 3059 966 mortalium
3083 906 3244 963 corda
3268 906 3697 971 conscenderint,

2113 1018 2376 1078 tanquam
2408 1007 2715 1062 moderator
2745 1003 2972 1059 eximius
3019 1018 3050 1056 a
3077 1001 3268 1055 collata
3303 999 3544 1068 largitate
3573 997 3700 1051 sub-

2120 1101 2379 1167 trahitur;
2430 1107 2489 1155 ut
2515 1100 2586 1154 illi
2612 1098 2837 1153 solerter
2862 1095 3142 1150 advertant
3172 1108 3274 1146 non
3305 1091 3465 1146 fuisse
3488 1089 3702 1160 propria

2122 1191 2281 1255 bona,
2316 1207 2433 1260 quae
2460 1191 2637 1245 subito
2666 1188 2955 1258 probantur
2981 1193 3184 1251 erepta.
3227 1182 3332 1239 Sed
3363 1183 3497 1236 hanc
3526 1181 3707 1234 elisio-

2123 1297 2244 1336 nem
2278 1281 2488 1336 felicem
2520 1295 2643 1336 esse
2673 1294 2776 1334 non
2806 1277 3021 1331 dulium
3051 1283 3152 1338 est,
3185 1273 3324 1328 sicut
3352 1271 3474 1326 alibi
3504 1272 3708 1326 dictum

2124 1383 2206 1428 est
2236 1392 2248 1426 :
2283 1371 2483 1426 Bonum
2513 1371 2636 1424 mihi
2667 1370 2800 1439 quod
2825 1366 3110 1421 Itumiliasti
3136 1381 3231 1430 me,
3262 1372 3313 1417 ut
3343 1364 3586 1416 discerem
3611 1364 3706 1432 ju-

2125 1463 2456 1529 sti/icationes
2491 1473 2604 1517 tuas
2635 1460 2805 1533 (Psal.
2839 1474 3020 1525 cxvttt,
3054 1455 3164 1527 7t).
3207 1455 3333 1510 lnde
3372 1456 3513 1508 enim
3559 1469 3710 1507 cntu-

2130 1557 2345 1626 pnnctio
2389 1556 2647 1620 nascitur,
2691 1553 2814 1607 inde
2858 1553 3154 1606 animarum
3185 1549 3445 1603 medicina
3486 1557 3717 1616 prmsta-

2129 1660 2231 1704 tur.
2267 1629 2419 1717 Quod
2456 1656 2509 1703 et
2548 1648 2648 1701 iste
2678 1647 2941 1716 paenitens
2977 1659 3079 1698 non
3117 1642 3373 1713 ingratus,
3406 1641 3498 1694 sed
3534 1641 3718 1710 potius

435 1769 551 1807 rum
600 1752 970 1805 sanctissimus
1017 1749 1284 1815 pictiEtens
1331 1756 1648 1798 consumere
1695 1739 2018 1801 festinabat,
2052 1731 2100 1790 B
2127 1743 2457 1807 emendatus,
2486 1747 2787 1796 enumerat.

435 1862 503 1902 ne
547 1844 671 1914 quid
701 1851 843 1898 esset
881 1841 1174 1905 residuum,
1215 1836 1359 1908 quod
1408 1851 1530 1891 eum
1570 1832 1868 1904 promereri
1917 1845 2020 1886 non

434 1939 634 1992 sineret
671 1951 830 2004 regna
872 1933 1150 1988 caelorum.
1216 1929 1486 1999 Sequitur,
1532 1935 1579 1980 et
1634 1935 1808 1995 potum
1856 1938 2022 1975 mcum

435 2045 549 2081 runt
575 2030 696 2097 ﬂetu
723 2026 1085 2095 temperabam.
1112 2021 1250 2075 Istud
1287 2018 1530 2088 quamvis
1554 2015 1814 2070 interdum
1844 2014 2028 2069 videa-

439 2131 526 2174 tur
552 2134 710 2189 posse
749 2119 1080 2186 contingere,
1111 2124 1286 2168 tamen
1319 2120 1374 2166 et
1401 2112 1502 2165 ltoe
1537 2123 1746 2178 quoque
1777 2107 2026 2175 spiritua.

441 2214 563 2266 liter
605 2213 812 2265 arstimo
845 2206 1245 2276 requirendum.
1297 2203 1459 2258 Pctus
1487 2212 1570 2257 est
1595 2202 1890 2254 animarum
1937 2198 2024 2252 illa

439 2304 658 2359 satietas
707 2319 847 2369 qua),
879 2302 1018 2356 sicut
1050 2301 1100 2352 in
1147 2299 1537 2367 septuagesimo
1586 2303 1776 2364 quarto
1821 2293 2024 2362 psalmo

439 2395 604 2449 dicit:
631 2393 782 2446 Catia:
813 2394 865 2444 in
901 2408 1056 2444 manu
1089 2390 1290 2443 Dom’ni
1327 2389 1430 2441 riui
1466 2388 1588 2440 meri
1622 2385 1801 2455 plenus
1841 2384 2022 2446 mixto,

441 2494 489 2537 et
517 2484 774 2536 inclinavit
801 2498 864 2535 ea:
889 2483 983 2534 hoc
1008 2481 1057 2532 in
1092 2481 1184 2532 hoc
1213 2477 1383 2547 (Psal.
1418 2492 1596 2538 Lxxw,
1623 2473 1702 2546 9).
1745 2474 1863 2544 Ipse
1898 2487 2026 2543 ergo

442 2582 600 2642 potus
647 2583 750 2640 est,
791 2588 947 2641 quem
998 2571 1134 2625 bene
1183 2569 1393 2622 ﬂetibus
1459 2577 1852 2636 temperamus;
1911 2569 2026 2633 ipse

442 2665 622 2729 calix,
681 2679 844 2731 quem
899 2665 1146 2734 lacrytnte
1197 2671 1393 2717 nostra:
1458 2660 1657 2714 faciunt
1712 2659 2025 2713 dulciorem.

442 2751 592 2808 Tunc
633 2753 778 2807 enim
809 2753 1003 2806 animae
1045 2751 1336 2820 penetralia
1367 2750 1603 2804 caelestis
1631 2748 1722 2803 ille
1751 2759 1906 2816 potus
1943 2747 2023 2800 in-

442 2845 699 2913 greditur,
744 2843 954 2912 quando
1001 2844 1102 2912 piis
1151 2843 1362 2896 ﬂetibus
1413 2841 1686 2911 irrigatur.
1750 2839 1862 2894 Hoc
1913 2847 2031 2893 erat

445 2935 694 3001 poculum
736 2935 878 3003 quod
921 2934 1228 2988 irrisoribus
1263 2933 1541 2987 videbatur
1584 2931 1891 3000 indignum;
1944 2929 2031 2983 liic

442 3026 595 3081 cibus
625 3027 714 3095 qui
744 3026 1016 3082 deliciosis
1053 3026 1392 3095 judicabatur
1421 3024 1743 3078 horrendus.
1792 3022 1895 3076 Sed
1927 3021 2029 3077 hoc

446 3119 617 3186 magis
653 3118 824 3171 bonus
851 3117 1190 3170 Christianus
1231 3116 1393 3171 debet
1437 3129 1639 3179 amare,
1683 3113 1824 3166 unde
1862 3111 2033 3182 possit

443 3208 511 3262 ad
538 3209 626 3261 illa
656 3208 890 3264 cmlcstis
914 3206 1074 3276 Regis
1103 3207 1348 3261 convivia
1380 3205 1682 3274 pervenire.
1718 3205 1783 3258 Et
1813 3203 2033 3258 intende

445 3301 567 3370 quia
611 3309 750 3354 totus
793 3301 879 3355 hic
923 3314 1112 3355 versus
1157 3314 1250 3368 per
1297 3299 1514 3369 figuram
1558 3300 1731 3354 dictus
1771 3307 1854 3354 est
1899 3300 2034 3369 tapi-

447 3393 622 3458 nosin,
660 3407 780 3461 quae
817 3392 952 3446 hanc
993 3393 1231 3449 noscitur
1271 3391 1469 3446 habere
1505 3390 1787 3458 virtutem,
1829 3401 1888 3446 ut
1929 3393 2030 3446 litt-

449 3484 690 3538 militatis
719 3481 911 3537 aﬂ‘ectu
939 3497 1185 3552 mgnam
1207 3496 1319 3537 rem
1350 3482 1563 3553 drjieiat
1597 3498 1762 3552 usque
1789 3484 1853 3538 ad
1882 3484 2030 3540 vilis-

447 3576 637 3632 simam
669 3575 1006 3645 parvitatem.
1050 3573 1180 3640 Quae
1211 3575 1372 3644 tigura
1426 3575 1476 3628 in
1505 3575 1795 3642 Scripturis
1832 3576 2032 3631 Sanctis

450 3669 880 3737 frequentissime
911 3667 1190 3736 reperitur,
1219 3665 1349 3720 sicut
1372 3666 1500 3720 dicit
1521 3665 1837 3735 Apostolus:
1868 3665 2034 3736 Elegit

451 3761 588 3815 Dius
613 3760 822 3830 inﬁrma
851 3759 1002 3831 hujus
1031 3759 1232 3824 mundi,
1257 3769 1310 3811 ut
1342 3760 1620 3828 confundat
1650 3762 1805 3830 fortia
1837 3759 1887 3831 (1
1911 3760 2026 3814 Cor.

447 3867 486 3913 ι,
525 3851 638 3919 27}.

519 3940 671 3995 Vers.
727 3939 814 3994 ll.
859 3940 901 3993 Α
938 3941 1068 4012 facie
1105 3940 1195 3994 ira!
1228 3951 1275 3994 et
1309 3940 1676 4010 indignationis
1715 3951 1816 3994 tute
1851 3955 1871 3994 :
1909 3942 2029 4009 quia

444 4041 641 4087 elevans
670 4034 846 4087 elisisti
873 4032 1026 4104 [mss.
1051 4035 1142 4095 A.,
1168 4032 1251 4098 B.,
1283 4031 1509 4104 allisisti]
1532 4048 1632 4086 me.
1652 4031 1870 4087 Comma
1890 4031 2030 4086 istud

445 4127 509 4179 ad
542 4126 813 4193 superiora
844 4126 1197 4194 connectitur,
1239 4133 1297 4179 ut
1334 4126 1551 4193 grandis
1589 4125 1675 4180 illa
1708 4125 2033 4195 pcenitentite

449 4218 759 4287 magnitudo
785 4234 849 4272 ex
879 4219 953 4272 ira
984 4227 1040 4272 et
1069 4218 1430 4286 indignatione
1453 4217 1661 4271 Domini
1701 4227 2029 4272 nasceretur.

447 4310 586 4364 Dicit
624 4310 805 4363 enim:
847 4309 888 4361 Δ
921 4309 1052 4377 {acie
1085 4309 1176 4362 ἕνα
1215 4317 1261 4362 et
1297 4308 1664 4376 indignationis
1700 4317 1820 4362 tute.
1863 4307 1952 4360 Ira
1988 4318 2034 4361 et

2195 1833 2349 1888 Vers.
2384 1833 2470 1886 12.
2516 1829 2637 1883 Dies
2681 1830 2779 1884 mei
2819 1829 2950 1882 sicut
2994 1827 3171 1880 umbra
3221 1825 3621 1887 declinaverunt,
3672 1834 3721 1877 et

2125 1943 2218 1996 ego
2253 1926 2382 1978 sicut
2427 1923 2599 1992 fenum
2636 1921 2771 1974 arui.
2817 1917 3183 1975 Pulcherrima
3222 1916 3359 1972 dixit
3393 1918 3555 1971 homo
3594 1926 3723 1984 post

2129 2017 2623 2087 praevaricationem
2657 2014 2807 2078 Λάαν,
2839 2014 2944 2067 dies
2978 2026 3106 2066 suos
3136 2012 3265 2064 sicut
3296 2011 3525 2062 umbram
3555 2009 3725 2061 decli-

2130 2125 2296 2175 nasse,
2342 2107 2460 2177 quia
2505 2121 2597 2161 eos
2626 2107 2715 2161 Sul
2754 2121 2910 2161 verus
2944 2105 3196 2159 Dominus
3237 2103 3528 2172 reliquerat
3556 2101 3725 2155 Chri-

2129 2219 2267 2274 stus,
2299 2211 2416 2262 sine
2454 2222 2560 2277 quo
2595 2208 2701 2261 vita
2734 2208 2908 2260 omnis
2940 2205 3189 2260 umbrosa
3222 2213 3324 2269 est,
3371 2214 3423 2258 et
3461 2213 3727 2268 tanquam

2131 2303 2217 2356 illa
2256 2317 2356 2356 non
2397 2301 2599 2354 habens
2639 2298 3019 2360 substantiam,
3065 2298 3136 2349 ita
3170 2297 3285 2351 dies
3323 2296 3491 2348 nostri
3539 2292 3730 2345 inutili

2130 2393 2539 2449 cunversationc
2600 2392 2930 2460 dispereunt.
2983 2389 3374 2443 Dcclinarernnt
3419 2401 3547 2456 ergo
3617 2386 3731 2437 dies

2130 2484 2268 2555 ejus,
2319 2485 2440 2554 quia
2489 2485 2604 2552 ipse
2651 2481 2940 2538 declinavit
2983 2497 3010 2534 a
3055 2480 3303 2534 Domino.
3352 2479 3524 2533 Tanto
3571 2479 3732 2532 enim

2129 2579 2248 2648 quis
2296 2578 2644 2637 imminuitur,
2687 2583 2886 2644 quanto
2924 2574 2992 2627 ab
3033 2573 3119 2626 illa
3166 2569 3494 2641 plenitudine
3534 2583 3732 2637 segre-

2133 2677 2306 2738 gatur.
2353 2668 2623 2737 Sequitur,
2655 2677 2700 2720 et
2732 2683 2821 2736 ego
2845 2666 2972 2720 sicut
3000 2666 3170 2735 fcmtm
3199 2663 3330 2716 arui.
3369 2662 3732 2730 Consequens

2136 2760 2269 2825 fuit,
2315 2768 2374 2812 ut
2413 2757 2565 2830 cujus
2603 2757 2716 2812 dies
2747 2755 3172 2820 declinaverunt,
3215 2745 3353 2808 sicut
3382 2752 3562 2806 fenum
3614 2766 3732 2805 axe-

2133 2865 2286 2905 scere
2315 2848 2606 2904 debuisset.
2641 2849 2909 2904 Beneficio
2935 2848 3076 2902 enim
3107 2847 3252 2901 vitali
3277 2845 3560 2910 subducto,
3582 2844 3731 2914 quod

2137 2959 2235 3000 nos
2264 2953 2503 3015 vegetat,
2537 2951 2590 2995 et
2617 2941 2851 2996 virentes
2891 2954 2952 2994 ac
2989 2939 3206 2994 ﬂoridos
3245 2937 3432 3000 reddit,
3467 2936 3518 2988 in
3550 2937 3730 2989 aridi-

2137 3047 2296 3090 tatent
2325 3034 2529 3105 peccati
2573 3033 2817 3087 absolute
2846 3029 3206 3102 perdueitnnr,
3240 3029 3340 3084 nisi
3371 3028 3563 3083 iterum
3606 3041 3730 3081 rore

2137 3127 2334 3182 divma:
2386 3124 2767 3180 misericordiae
2813 3125 2864 3178 in
2899 3119 3086 3177 nova'm
3118 3122 3339 3193 gratiam
3373 3120 3726 3189 pullulemus.

2136 3217 2411 3288 Cntnpleta
2443 3225 2527 3272 est
2556 3215 2848 3285 ingentium
2880 3213 3230 3268 afﬂictionum
3263 3213 3603 3267 enumeratio
3655 3211 3724 3264 lu-

2136 3319 2321 3365 etuosa
2353 3327 2366 3362 :
2400 3324 2540 3364 nunc
2583 3308 2860 3364 videamus
2891 3305 3015 3376 quid
3047 3305 3199 3360 nobis
3243 3304 3396 3362 tertia
3429 3318 3554 3374 pars
3589 3301 3723 3358 indi-

2137 3419 2264 3459 care
2291 3401 2560 3457 videatur.

2209 3491 2362 3548 Vers.
2390 3492 2472 3547 l3.
2501 3491 2578 3545 Tu
2605 3500 2792 3558 autem,
2814 3487 3048 3554 Domine,
3079 3490 3130 3541 in
3157 3495 3399 3541 a'ternttm
3423 3502 3691 3553 permancs
3712 3503 3730 3550 ;

2135 3595 2182 3640 et
2212 3584 2506 3638 memoriale
2537 3592 2680 3636 tuum
2709 3583 2762 3635 in
2792 3581 3034 3636 sreculunt
3063 3579 3256 3634 seaculi.
3316 3579 3442 3632 Post
3470 3578 3727 3648 dignissi-

2136 3691 2276 3730 mam
2307 3671 2743 3736 satisfactionem.
2775 3682 2827 3728 et
2855 3671 3194 3740 generalibus
3223 3669 3372 3724 malis
3400 3679 3715 3736 competen-

2137 3779 2217 3823 tcr
2259 3767 2487 3830 delictis,
2523 3765 2789 3835 ptenitens
2833 3765 2921 3820 ille
2956 3763 3068 3835 jam
3100 3764 3250 3832 quasi
3292 3773 3451 3833 caput
3480 3763 3707 3825 elevans,

2134 3868 2189 3912 et
2217 3858 2390 3927 aliqua
2430 3856 2676 3911 libertate
2716 3858 3021 3924 respirans,
3057 3855 3264 3910 tertiam
3299 3863 3500 3924 partem
3538 3853 3702 3907 suble-

2139 3957 2288 4002 vatus
2327 3959 2390 4001 ac
2431 3955 2706 4002 recreatus
2749 3946 3074 4017 ingreditur,
3121 3955 3175 4001 et
3204 3929 3458 4014 quantum
3497 3960 3551 4000 sc
3584 3959 3695 3998 con-

2139 4037 2404 4092 demnatis
2419 4035 2810 4104 humiliaverat,
2839 4037 2999 4107 3&0
3014 4046 3216 4091 tantum
3237 4052 3378 4091 nunc
3402 4037 3454 4091 in
3481 4037 3694 4089 laudibus

2144 4128 2352 4182 Domini
2394 4128 2729 4184 confidenter
2771 4129 3024 4184 exsultat.
3056 4129 3390 4199 Quapropter
3429 4129 3615 4198 optime
3636 4126 3694 4178 ab

2141 4219 2370 4275 adventu
2401 4220 2609 4274 Domini
2645 4219 2813 4274 laudis
2843 4219 2966 4276 fecit
2993 4219 3232 4284 initium,
3261 4237 3357 4289 per
3382 4237 3532 4292 quem
3561 4233 3697 4272 inun-

2143 4309 2266 4363 dum
2301 4318 2518 4364 noverat
2545 4325 2664 4365 esse
2693 4311 3026 4366 salvandum.
3060 4309 3331 4381 Sequitur,
3359 4321 3407 4365 et
3433 4309 3699 4365 inemoricle

446 4401 734 4470 indignatio
784 4398 970 4453 faciem
1025 4413 1130 4452 non
1173 4398 1370 4453 habent
1415 4398 1774 4467 corporalem,
1823 4399 1915 4452 sed
1964 4399 2028 4452 ti-
2063 4408 2112 4466 1)
2139 4413 2281 4454 tuum
2310 4402 2360 4454 in
2390 4402 2633 4455 arculum
2661 4403 2856 4456 statuti.
2907 4402 3207 4458 Memoriale
3235 4403 3432 4459 dictum
3471 4409 3546 4457 est
3573 4401 3698 4454 salu-

447 4491 713 4545 meutibus
748 4491 848 4544 sub
884 4489 1260 4558 imaginatione
1297 4505 1512 4558 semper
1549 4500 1827 4559 apparent.
1878 4490 2032 4546 Unde

450 4583 536 4636 hic
575 4591 816 4651 potenter
855 4581 967 4650 ipsa
1003 4581 1216 4652 energia
1258 4581 1592 4635 formidantis
1619 4595 1874 4651 expressa
1907 4591 2025 4637 est:

447 4675 566 4740 quia
609 4688 729 4727 cum
775 4672 1141 4742 peccatoribus
1185 4684 1402 4728 noverat
1447 4675 1791 4740 comminari,
1820 4673 2032 4729 dicente

446 4765 679 4818 Jet‘emia
713 4781 726 4816 :
767 4763 972 4818 Voravit
997 4779 1078 4817 eos
1109 4765 1188 4818 leo
1216 4764 1278 4818 de
1318 4765 1466 4826 silva,
1495 4771 1542 4816 et
1575 4763 1725 4832 lupus
1761 4764 1830 4816 ad
1858 4779 2030 4832 vespe-

445 4871 553 4908 ram
581 4857 794 4909 rastavit
817 4871 901 4908 eos
931 4853 1062 4927 (λεν.
1085 4871 1137 4919 v,
1163 4855 1240 4926 6).
1277 4855 1344 4908 Et
1369 4856 1639 4924 apostolus
1665 4855 1854 4910 Petrus
1881 4871 2030 4910 eom-

448 4955 632 5001 monct
675 4964 690 5003 :
741 4947 960 5019 Vigilate
1002 4946 1218 5018 (inquit)
1257 4957 1306 5000 et
1344 4957 1512 5014 orate,
1553 4948 1672 5015 quia
1712 4947 2033 5001 adversarius

449 5047 605 5109 vester
631 5038 864 5092 diabolus
899 5049 951 5092 ut
997 5037 1131 5110 [ed.,
1166 5027 1430 5108 tanquam]
1479 5040 1556 5092 leo
1583 5039 1786 5109 rugiens
1830 5039 2029 5103 circuit,

447 5144 677 5198 quarens
729 5145 875 5195 quem
917 5131 1112 5183 devoret
1163 5128 1212 5200 (1
1256 5127 1401 5183 Petr.
1454 5145 1507 5192 v,
1551 5130 1625 5196 8).
1676 5129 1860 5183 Merito
1905 5145 2033 5199 ergo

448 5219 568 5273 irati
600 5220 804 5274 Domini
848 5220 1030 5276 faciem
1069 5221 1388 5285 formidavit,
1419 5236 1576 5290 quem
1618 5236 1711 5290 per
1745 5221 2032 5289 prophetas

448 5326 574 5364 suos
598 5312 719 5364 talia
745 5313 1108 5380 peccatoribus
1135 5312 1443 5380 prmdisiSse
1471 5314 1737 5381 cognovit.
1766 5310 1860 5366 Ira
1887 5315 2027 5367 enim

448 5401 516 5455 ad
561 5402 816 5457 ultionem
867 5404 1128 5471 pertinet,
1175 5404 1459 5475 indignatio
1508 5403 1571 5456 ad
1620 5412 1818 5458 motum
1868 5408 2029 5461 animi

449 5495 792 5548 mediocrem.
829 5495 1166 5564 Indignamur
1194 5495 1452 5563 siquidem
1483 5506 1534 5548 et
1560 5496 1701 5559 liliis,
1754 5499 2029 5551 irascimur

449 5593 623 5635 autem
681 5585 879 5653 impetu
928 5585 1211 5654 grandiore
1252 5586 1372 5654 jure
1430 5588 1729 5654 puniendis.
1790 5591 2025 5654 Addidit,

455 5674 568 5743 quia
601 5676 797 5728 elevans
827 5678 1003 5732 elisisti
1035 5693 1134 5732 ηιιτ.
1161 5677 1412 5744 Quamvis
1445 5677 1602 5732 unius
1632 5680 1874 5748 pauperis
1907 5696 2026 5750 pcr-

2136 4501 2250 4547 tare
2290 4494 2610 4563 promissum
2650 4494 2719 4548 de
2750 4493 2962 4548 Domini
3005 4494 3374 4550 incarnatione
3415 4503 3697 4554 venturum,

2135 4587 2277 4657 quod
2321 4586 2464 4640 nulla
2508 4587 2723 4651 stccula,
2773 4586 2916 4642 nulla
2960 4586 3240 4642 immutare
3287 4589 3450 4656 possit
3485 4586 3696 4647 oblivio,

2134 4678 2229 4732 sed
2272 4679 2324 4732 in
2356 4679 2626 4734 memorite
2658 4678 2778 4732 sinu
2811 4679 3139 4734 reconditum
3160 4721 3174 4744 ,
3210 4679 3480 4735 immobile
3505 4690 3701 4746 semper

2138 4785 2232 4839 per
2260 4769 2464 4823 infinita
2497 4770 2692 4824 szrcnla
2726 4779 3051 4838 perseverat.

2209 4862 2364 4918 Vers.
2399 4863 2487 4916 Η.
2519 4860 2594 4915 Tu
2620 4878 2898 4932 exsurgens
2929 4863 3240 4916 misereberis
3264 4863 3411 4926 Sion,
3447 4863 3560 4932 quia
3582 4857 3700 4912 ren't

2139 4966 2336 5025 tempus
2382 4954 2656 5009 miscrendi
2700 4958 2828 5025 ejus.
2877 4954 3197 5009 Commonet
3239 4969 3339 5008 nos
3385 4969 3574 5023 panper
3609 4952 3698 5004 iste

2137 5049 2507 5104 sanctissimus
2549 5057 2803 5119 quantum
2841 5049 3104 5117 simplicis
3141 5063 3203 5102 ac
3245 5048 3416 5104 fidelis
3447 5049 3536 5101 viri
3576 5059 3697 5113 pne-

2138 5143 2314 5196 valcre
2357 5141 2524 5210 possit
2553 5143 2761 5206 oratio;
2795 5149 2852 5195 ut
2879 5141 2974 5194 ille
3003 5139 3090 5209 qui
3132 5140 3277 5208 prius
3307 5155 3406 5194 nec
3446 5139 3692 5192 hominum

2137 5249 2195 5286 se
2235 5233 2453 5301 dignum
2490 5231 2797 5299 aspectibus
2837 5231 3164 5298 trstimahat,
3199 5246 3265 5284 ne
3297 5231 3379 5284 vel
3411 5231 3513 5285 diei
3551 5229 3694 5299 ipsius

2137 5323 2380 5376 libertate
2418 5322 2705 5391 gauderet,
2753 5321 2839 5390 qui
2881 5323 3118 5375 cinerem
3165 5320 3302 5374 sicut
3341 5335 3526 5390 panem
3565 5334 3697 5372 man-

2135 5413 2392 5474 tlneabat,
2450 5419 2506 5466 et
2555 5421 2736 5481 potum
2791 5427 2942 5466 suum
3001 5427 3122 5466 cum
3177 5413 3304 5465 fietu
3367 5412 3696 5479 temperabat.

2137 5503 2286 5557 Nune
2328 5504 2393 5572 (si
2435 5504 2510 5556 fas
2543 5513 2625 5558 est
2662 5503 2872 5572 dicere)
2917 5505 3066 5573 quasi
3110 5505 3282 5572 ipsum
3325 5503 3600 5558 Dominum
3646 5503 3706 5557 ad

2138 5596 2395 5662 prmissa
2442 5583 2754 5664 compellit‘,
2805 5604 2862 5647 ut
2910 5594 3166 5647 laboranti
3215 5595 3414 5648 mundo
3460 5597 3716 5651 adventus

2137 5685 2215 5739 sui
2255 5685 2447 5756 pietate
2481 5685 2791 5756 prospiciat.
2852 5684 3150 5759 Exsurgens
3181 5687 3372 5742 dicitur
3403 5689 3557 5758 quasi
3603 5696 3726 5748 dor‘
