3952 6162
204 259 297 315 7l3

1183 257 1540 316 EXPOSITIO
1581 256 1645 312 ΙΝ
1690 253 2147 312 PSALTERIUM.
2190 252 2382 309 PSAL.
2424 251 2513 307 Cl.

3378 254 3480 310 7H

203 374 401 438 micnti,
432 372 522 441 qui
555 372 749 427 diutius
780 372 1063 429 subvenire
1093 372 1395 427 distulerat.
1429 372 1493 426 Et
1524 379 1579 424 ttt
1607 368 1787 423 omnia
1823 371 1870 428 Α
1969 367 2121 422 Vers.
2163 366 2249 421 18.
2294 365 2538 433 Respexit
2567 365 2617 416 in
2646 364 2843 417 oration
2879 380 2927 416 m
2963 381 3264 431 pauperum,
3294 376 3345 420 et
3380 383 3483 422 non

202 465 458 521 Dominus
503 464 791 518 voluntatis
850 479 960 518 sua:
1008 464 1197 520 ordine
1248 463 1425 520 facere
1472 462 1786 525 sentiretur,

200 558 344 622 dicit,
390 557 524 609 venit
572 566 770 626 trmpus
820 557 1092 609 miserandi
1135 558 1284 627 ejus;
1328 571 1433 609 noti
1473 554 1594 625 quia
1638 553 1787 608 illum

202 660 412 712 tempus
443 648 756 715 admoneat,
799 648 891 701 sed
923 649 1045 717 quia
1090 648 1204 717 ipse
1241 658 1479 717 tempora
1512 645 1788 715 aptissima

198 742 591 797 deliberatione
643 741 913 809 disponat.
991 738 1134 796 Istud
1187 750 1379 810 tempus
1428 739 1527 793 fuit
1571 739 1638 793 de
1685 754 1790 808 quo

200 835 490 903 Apostolus
518 834 647 887 dicit
679 850 693 887 :
727 833 852 886 Cum
882 842 1047 887 autem
1072 834 1207 887 venit
1237 834 1500 905 plenitudo
1527 833 1789 902 temporis,

200 927 333 980 misit
362 925 500 979 Deus
524 924 718 978 Filium
744 942 893 979 suum
917 930 1110 995 factum
1140 942 1203 980 ex
1225 926 1451 992 muliere,
1480 930 1676 996 factum
1700 924 1790 980 sub

201 1017 323 1087 lege,
356 1026 413 1068 ut
443 1032 528 1067 eos
553 1017 640 1084 qui
666 1018 759 1068 sub
789 1017 896 1087 lege
921 1026 1064 1070 erant
1090 1017 1358 1071 redimeret
1387 1015 1581 1086 (Galat.
1612 1030 1687 1079 tv,
1710 1015 1788 1084 4).

203 1107 261 1159 Et
289 1106 422 1159 alibi
451 1123 463 1157 :
491 1105 621 1158 Ecce
649 1122 784 1159 nunc
813 1116 1012 1173 tempus
1039 1106 1363 1176 acceptabile,
1394 1122 1506 1161 ecce
1530 1123 1664 1160 nunc
1685 1107 1792 1160 dies

200 1196 383 1249 salutis
430 1195 519 1269 (ll
565 1197 683 1249 Cor.
732 1212 804 1261 vt,
853 1196 933 1265 2).
996 1197 1150 1263 Quod
1196 1207 1564 1269 argumentum
1594 1197 1794 1252 dicitur

200 1303 226 1339 a
258 1297 542 1356 tempore;
578 1287 678 1342 hoc
706 1289 1136 1343 efﬁcacissimum
1171 1290 1310 1344 inter
1338 1298 1577 1344 oratores
1609 1290 1791 1343 haberi

202 1386 356 1434 solet.
392 1379 532 1445 Quid
563 1382 702 1435 enim
735 1380 1007 1449 impediat,
1029 1381 1240 1450 quando
1260 1396 1553 1453 congruum
1583 1389 1794 1449 tempus

204 1471 431 1524 invitat?
463 1471 596 1525 Sion
627 1488 754 1527 vero
786 1487 940 1527 mons
966 1480 1049 1527 est
1071 1472 1418 1545 .lerosolymis
1449 1473 1792 1535 constitutus,

207 1578 292 1630 per
323 1575 489 1631 quem
523 1563 691 1633 (sicut
716 1580 858 1633 stupe
883 1565 1083 1619 dictum
1114 1562 1219 1637 est)
1247 1565 1577 1635 signiﬁcatur
1607 1565 1794 1620 Ecc2e~

205 1654 303 1719 sia;
362 1656 451 1708 cui
505 1670 692 1710 revera
745 1656 993 1712 misertus
1040 1666 1151 1720 est,
1203 1657 1416 1728 quando
1462 1660 1603 1713 eam’
1627 1664 1681 1712 et
1728 1657 1796 1712 de

1894 459 2079 528 sprevit
2106 473 2278 528 preces
2299 473 2496 511 eorum.
2523 453 2781 525 Pauperes
2801 455 3034 524 appellat
3057 456 3239 512 ﬁdeles
3262 458 3481 522 Christi,

1894 551 1983 622 qui
2014 552 2173 620 (sicut
2212 566 2357 619 saepe
2391 549 2589 605 dictum
2621 548 2725 618 est)
2772 549 2968 604 mundo
2997 550 3171 619 egeni,
3217 552 3332 620 ipso
3367 552 3485 607 solo

1895 652 2022 698 sunt
2062 642 2273 698 divites.
2320 642 2408 695 Isti
2454 657 2581 711 ergo
2621 640 2819 709 Spiritu
2860 654 3045 695 sanc:o
3085 642 3273 710 repleti
3322 642 3487 713 (sicut

1897 739 1999 793 iste
2022 737 2111 806 qui
2138 751 2277 791 nunc
2303 736 2554 805 loquitur)
2585 737 2881 789 orationem
2909 734 3135 791 Domino
3157 740 3485 809 fundebant,

1896 840 1953 883 ut
1976 828 2085 898 jam
2114 828 2299 882 venire
2331 827 2670 897 praeciperet,
2705 841 2771 881 ne
2801 826 2999 883 diutius
3027 837 3331 890 sanctorum
3363 842 3486 887 vota

1900 920 2156 976 tardaret.
2210 920 2346 973 Dicit
2372 920 2514 973 enim
2543 928 2821 988 respectum
2851 938 2959 975 esse
2989 925 3267 979 orationem
3295 943 3489 996 paupe-

1896 1032 2034 1080 rum,
2081 1015 2204 1083 quia
2243 1014 2420 1067 omnia
2466 1013 2554 1067 ille
2596 1015 2955 1082 incorporalia
3000 1026 3301 1081 contuetur,
3335 1020 3489 1091 cujus

1898 1109 2068 1163 oculis
2112 1107 2185 1162 nil
2229 1108 2482 1175 probatur
2526 1108 2819 1162 occultum.
2862 1108 2972 1163 Hoc
3015 1120 3097 1171 est
3134 1111 3279 1165 enim
3325 1114 3490 1181 ipsius

1900 1202 2196 1271 respicere,
2230 1200 2373 1271 quod
2406 1215 2510 1254 non
2543 1216 2816 1271 spernere.

1973 1295 2122 1349 Vers.
2166 1294 2249 1348 l9.
2294 1292 2600 1347 Scribuntur
2633 1293 2741 1347 licet:
2784 1295 2834 1347 in
2862 1295 3183 1365 generatione
3221 1296 3400 1362 altera,
3443 1306 3491 1351 et

1901 1386 2121 1454 populus
2151 1385 2237 1454 qui
2269 1385 2522 1437 creabitur
2552 1385 2783 1439 laudabit
2817 1385 3111 1442 Dominum.
3167 1387 3374 1456 Pauper
3404 1387 3492 1443 ille

1900 1487 2240 1549 peccatorum
2272 1478 2651 1533 recordatione
2679 1481 2970 1541 contritus,
3006 1480 3196 1549 vigiliis
3227 1492 3279 1535 et
3310 1480 3492 1538 anxie-

1902 1579 2010 1624 tate
2038 1569 2334 1635 confectus,
2361 1568 2470 1638 jam
2516 1570 2667 1637 quasi
2699 1570 2994 1639 prophetali
3038 1574 3241 1629 honore
3269 1573 3492 1630 decora-

1902 1668 2010 1725 tus,
2054 1659 2296 1731 pratcipit
2345 1668 2402 1713 ut
2438 1660 2728 1729 Scriptura:
2782 1660 3090 1717 testimonio
3141 1674 3273 1719 anas
3318 1664 3492 1722 futura

204 1748 456 1817 gentibus
502 1749 740 1820 collegit,
786 1758 840 1805 et
883 1750 1246 1806 sacratissima
1294 1750 1628 1806 institutione
1673 1748 1796 1803 fun-
1831 1758 1876 1816 Β
1906 1750 2078 1805 discat
2121 1750 2263 1820 quod
2303 1750 2354 1804 in
2398 1752 2645 1819 praesenti
2677 1765 2737 1806 se
2770 1751 3090 1820 prtcdicasse
3130 1765 3491 1823 cognoverat;

204 1838 369 1892 davit.

270 1931 438 1987 Vers.
470 1933 561 1989 15.
606 1932 860 1998 Quoniam
894 1933 1232 2003 beneplacitos
1260 1934 1544 1988 habuerunt
1569 1933 1701 1989 servi
1727 1934 1803 1986 tui

206 2025 410 2094 lapides
454 2028 590 2097 ejus,
641 2035 690 2079 et
738 2035 884 2080 terrw
932 2028 1042 2097 ejus
1085 2028 1477 2081 miserebantur.
1526 2024 1805 2081 Subtiliter

206 2134 399 2173 versus
444 2118 547 2173 iste
589 2119 899 2173 tractandus
944 2127 1045 2187 est,
1096 2127 1153 2173 ut
1194 2118 1363 2188 possit
1405 2118 1623 2188 agnosci
1670 2132 1805 2189 quos

204 2228 401 2277 servos,
455 2225 591 2280 quos
638 2212 858 2280 lapides,
906 2224 1041 2281 quos
1088 2219 1304 2274 terram,
1355 2224 1452 2280 per
1495 2208 1803 2279 allegoriam

205 2304 337 2356 velit
379 2302 628 2372 intelligi.
674 2302 861 2358 Servos
894 2301 1107 2358 Domini
1139 2302 1271 2357 dicit
1298 2301 1571 2372 apostolos
1600 2310 1653 2357 et
1684 2314 1808 2370 pro-

208 2395 427 2464 phetas,
466 2395 558 2464 qui
601 2394 809 2449 devotis
850 2396 1116 2449 mentibus
1156 2397 1273 2464 ejus
1311 2394 1603 2463 implevere
1642 2394 1809 2449 servi-

205 2487 362 2541 tium.
422 2486 516 2541 lsti
560 2487 782 2557 lapides,
809 2487 860 2540 id
889 2496 972 2541 est
998 2485 1357 2553 Christianos,
1389 2488 1478 2557 qui
1510 2486 1689 2541 divina
1719 2484 1808 2541 ﬁr-

205 2581 399 2635 mitate
438 2580 741 2647 viguerunt,
774 2578 1115 2649 beneplacitos
1156 2579 1463 2645 habuerunt,
1494 2578 1708 2648 quando
1754 2578 1809 2632 in

202 2672 286 2727 eis
318 2672 765 2742 praedicationem
807 2687 957 2727 suam
1001 2673 1295 2742 proﬁcuam
1336 2685 1457 2727 esse
1495 2671 1805 2726 cernebant.

206 2765 425 2821 Hiserti
454 2775 571 2819 sunt
617 2766 773 2821 etiam
807 2775 859 2820 et
891 2775 1060 2831 teme,
1094 2764 1147 2820 id
1176 2772 1259 2819 est
1295 2763 1686 2832 peccatoribus,
1720 2762 1809 2833 qui

201 2870 372 2913 erant
404 2858 459 2913 in
493 2860 620 2915 Sion
650 2858 718 2914 de
744 2859 993 2929 gentibus
1019 2857 1411 2928 congregandi;
1454 2868 1602 2910 terrae
1631 2856 1812 2925 utique

202 2953 452 3013 similes.
487 2952 737 3022 quoniam
766 2951 1000 3006 carnalia
1049 2950 1350 3019 sapiebant.
1409 2948 1477 3004 Et
1508 2948 1627 3003 vide
1656 2964 1813 3019 quam

201 3047 442 3115 proprie
486 3044 619 3116 [ed.,
650 3042 888 3114 propria]
928 3043 1092 3098 verba
1123 3044 1282 3097 rebus
1311 3049 1491 3110 aptata
1522 3049 1663 3095 sunt.
1712 3039 1816 3093 ια-

1906 1851 1968 1896 ut
2000 1840 2303 1910 ambiguum
2344 1857 2453 1895 non
2480 1850 2624 1897 esset
2661 1841 2983 1907 videntibus,
3014 1844 3227 1911 quando
3266 1853 3391 1900 ante
3418 1857 3493 1901 tat

1906 1932 2102 1987 saecula
2141 1942 2526 2003 cognoscerent
2569 1947 2691 1987 esse
2740 1933 3072 2001 praedictum.
3123 1934 3305 1991 Altera
3350 1939 3494 1993 enim

1908 2023 2185 2094 generatio
2238 2023 2569 2093 signiﬁcatur
2620 2026 2847 2095 populus
2904 2025 3085 2095 utique
3129 2027 3493 2095 Christianus,

1907 2116 1998 2185 qui
2028 2114 2097 2171 ab
2132 2115 2226 2170 illo
2267 2116 2445 2184 priore
2472 2117 2751 2171 secundus
2789 2127 2890 2171 cst.
2937 2116 3067 2173 Nam
3110 2118 3230 2174 vide
3258 2121 3383 2190 quid
3411 2137 3495 2177 se-

1908 2209 2107 2278 quitur,
2150 2219 2197 2263 et
2225 2210 2444 2283 populus
2489 2211 2578 2282 qui
2623 2212 2877 2265 creabitur
2927 2214 3159 2268 laudabit
3194 2213 3494 2271 Dominum.

1908 2298 2196 2368 Creabitur,
2228 2301 2294 2357 de
2323 2300 2501 2355 futuro
2530 2302 2681 2367 dixit,
2712 2302 2764 2357 id
2792 2312 2895 2369 est,
2928 2320 3023 2374 per
3049 2306 3272 2376 gratiam
3301 2307 3498 2378 baptis-

1910 2394 2068 2449 matis
2102 2394 2525 2463 regenerabitur.
2578 2394 2684 2449 Iste
2712 2397 2829 2450 sine
2854 2396 3017 2451 dubio
3047 2399 3277 2453 laudabit
3320 2399 3498 2454 Denti-

1909 2504 2054 2553 num,
2085 2487 2151 2541 ad
2178 2486 2332 2556 cujus
2358 2488 2583 2543 salutem
2607 2489 2779 2554 venit,
2810 2504 2904 2557 pro
2928 2505 3034 2560 quo
3059 2491 3276 2560 pertulit
3302 2493 3498 2560 occidi,

1912 2581 1978 2636 ad
2004 2580 2156 2652 cujus
2191 2595 2340 2649 spem
2375 2580 2531 2634 tertio
2562 2580 2651 2636 die
2690 2584 2985 2638 resurrexit
3026 2598 3055 2638 a
3101 2586 3347 2641 mortuis.
3403 2586 3499 2641 Hie

1912 2674 2142 2727 laudabit
2166 2672 2463 2741 Dominum,
2492 2687 2630 2727 novo
2660 2675 2868 2730 scilicet
2889 2676 3120 2741 cantico,
3146 2678 3283 2732 sicut
3312 2678 3363 2732 in
3393 2678 3499 2732 alio

1913 2766 2122 2834 psalmo
2146 2764 2347 2819 dictum
2379 2773 2460 2819 est
2492 2782 2503 2816 :
2538 2763 2754 2820 Cantate
2782 2765 3004 2821 Domino
3035 2769 3288 2821 canticum
3319 2784 3499 2823 nouunt

1916 2854 2091 2925 (Psal.
2124 2871 2284 2921 xcvtt,
2318 2856 2396 2926 1).

1987 2946 2143 3002 Vers.
2174 2946 2262 3003 20.
2297 2946 2551 3013 Quoniam
2580 2949 2839 3017 prospexit
2866 2947 2929 3002 de
2953 2948 3152 3003 exc'elw
3174 2959 3349 3004 sancto
3378 2967 3497 3005 suo.

1921 3037 2171 3093 Dominus
2207 3040 2270 3093 de
2308 3040 2433 3094 calo
2472 3040 2525 3093 in
2559 3049 2744 3094 terram
2776 3043 3055 3111 prospexit.
3102 3042 3216 3099 Hoc
3253 3051 3335 3099 est
3361 3048 3500 3114 quod

203 3140 365 3209 pides
399 3139 536 3192 dicit
564 3138 922 3207 beneplaritos,
956 3133 1076 3206 quia
1105 3136 1171 3190 de
1210 3134 1446 3202 ipsorum
1487 3141 1640 3187 erant
1679 3131 1810 3186 soli-
1839 3126 1885 3190 Ο
1915 3131 2126 3188 dicebat
2184 3134 2429 3203 superius
2496 3134 2864 3190 scribendum.
2933 3134 3064 3189 Nam
3134 3146 3192 3190 ut
3250 3137 3499 3193 virtutem

202 3232 386 3287 ditate
429 3230 682 3302 (Domino
706 3226 1014 3299 praestante)
1044 3228 1238 3283 securi.
1272 3225 1508 3289 Addidit,
1535 3233 1685 3279 teme
1713 3224 1816 3278 mi-

198 3326 546 3388 serebantur,
573 3323 694 3393 quia
726 3336 822 3391 per
849 3321 1268 3376 misericordiam
1295 3316 1494 3374 Christi
1524 3317 1819 3374 mandandi

199 3430 397 3484 erant,
431 3418 519 3486 qui
550 3426 762 3471 terrena
786 3415 903 3469 labe
932 3413 1240 3467 sordebant.

280 3510 463 3563 \‘ers.
490 3507 579 3559 16.
615 3505 680 3558 Et
706 3505 946 3558 timebunt
979 3515 1151 3572 gentes
1179 3519 1359 3557 nomen
1387 3513 1551 3567 tuum,
1581 3502 1817 3567 Domine,

197 3614 248 3655 ct
283 3615 479 3655 omnes
510 3615 650 3668 reges
694 3608 842 3651 terra:
870 3597 1088 3667 gloriam
1120 3606 1279 3650 tuam.
1328 3596 1450 3651 [iam
1491 3605 1676 3651 contra
1721 3611 1823 3650 sa:-

194 3695 317 3749 (illi
360 3695 526 3748 istius
554 3692 961 3759 superstitiones
990 3690 1220 3744 nefarias
1249 3689 1672 3758 depromuntur:
1699 3687 1819 3758 quia

196 3801 343 3843 tunc
396 3803 507 3841 non
542 3788 825 3840 timebatur
852 3799 1008 3840 verus
1039 3784 1316 3850 Dominus,
1347 3782 1561 3853 quando
1591 3781 1823 3836 mundus

189 3884 462 3937 devotus
516 3879 672 3933 idolis
716 3878 1017 3943 serviebat;
1071 3886 1349 3947 postquam
1395 3890 1523 3930 vero
1563 3874 1823 3928 adventus

188 3976 329 4044 ejus
384 3972 646 4027 salutaris
680 3970 906 4035 inlulsit,
939 3979 1126 4041 gentes
1164 3983 1439 4023 conversa:
1480 3976 1601 4021 sunt
1634 3981 1730 4033 per
1759 3966 1820 4019 ti-

184 4080 439 4121 morem
477 4079 492 4116 :
524 4062 592 4117 de
621 4061 814 4129 quibus
855 4059 1100 4129 superius
1144 4058 1236 4125 ait,
1268 4069 1315 4112 et
1347 4069 1496 4112 terra:
1527 4059 1637 4127 ejus
1666 4057 1822 4108 mise-

1922 3224 2095 3295 ipsius
2124 3226 2363 3280 veritatis
2392 3239 2733 3294 agnosceres,
2765 3227 2905 3297 quod
2936 3239 3052 3282 erat
3080 3227 3267 3283 futuris
3288 3232 3505 3285 saeculis

1920 3316 2267 3381 actitandutn,
2287 3314 2396 3386 jam
2427 3316 2561 3371 dixit
2584 3331 2704 3372 esse
2726 3318 3034 3387 perlectum.
3062 3319 3333 3387 Prospexit
3360 3323 3505 3376 enim

1923 3408 2253 3478 praeteritum
2295 3410 2562 3480 signiﬁcat
2603 3420 2834 3480 tempus.
2887 3410 2991 3466 Sed
3034 3427 3335 3482 qutﬁt'atnlls
3366 3415 3507 3471 unde

1924 3502 2233 3571 prospexit?
2280 3501 2356 3556 De
2392 3502 2591 3557 excelso
2627 3514 2802 3557 sancto
2840 3520 2953 3567 suo,
3002 3504 3052 3558 id
3102 3514 3185 3561 est
3232 3506 3299 3561 de
3343 3510 3505 3563 ςωιυ.

1925 3593 2200 3664 Prospexit
2238 3594 2380 3649 enim
2428 3595 2605 3662 nobis,
2647 3596 2774 3651 dum
2807 3578 3145 3667 fragilitatem
3177 3610 3376 3654 nostra:
3408 3599 3511 3655 ltu-

1924 3688 2197 3742 manitatis
2247 3690 2581 3759 assumpsit:
2628 3693 2746 3760 quia
2795 3708 2892 3761 per
2937 3693 3109 3759 ipsum
3153 3691 3277 3746 lacti
3327 3708 3512 3748 sumus

1924 3779 2104 3848 liberi,
2137 3778 2259 3834 lacti
2290 3782 2655 3847 immortales,
2684 3791 2740 3837 et
2770 3783 2823 3837 in
2852 3799 2948 3852 spe
2978 3785 3209 3837 maxima
3240 3786 3511 3852 collocati,

1924 3870 1970 3925 si
1997 3871 2062 3924 ad
2095 3886 2220 3924 eum
2259 3885 2563 3925 mereamur
2603 3886 2771 3940 prona
2816 3882 2995 3927 mente
3040 3874 3301 3928 converti.
3350 3874 3416 3928 Et
3454 3890 3513 3929 ut

1925 3976 2116 4017 sensus
2167 3963 2281 4030 ipse
2323 3963 2477 4015 nobis
2523 3961 2824 4017 evidentius
2871 3972 3195 4031 appareret,
3243 3965 3509 4034 sequitur,

1927 4051 2178 4106 Dominus
2207 4052 2270 4105 de
2298 4054 2420 4106 caelo
2450 4054 2502 4106 in
2542 4061 2729 4107 terram
2757 4055 3039 4122 prospexit.
3092 4053 3309 4124 Legitur
3338 4056 3509 4123 enim,

1932 4144 2176 4198 Dominus
2209 4146 2262 4197 in
2291 4145 2415 4199 caelo
2443 4144 2585 4199 sedes
2625 4148 2737 4217 ejus
2766 4144 2938 4216 (Psal.
2976 4160 3034 4212 ι,
3063 4146 3144 4214 5).
3189 4146 3316 4201 lude
3353 4148 3514 4215 igitur

1926 4242 2187 4304 prospexit
2214 4237 2266 4291 in
2296 4246 2503 4302 terram,
2537 4237 2588 4291 id
2619 4245 2702 4292 est
2730 4238 2794 4291 ad
2823 4238 2990 4292 nostri
3019 4237 3262 4307 corporis
3305 4238 3512 4310 fragili-

180 4159 496 4211 rebuntur.
550 4152 710 4223 Reges
739 4166 949 4222 quoque
980 4158 1243 4205 terrarum
1296 4150 1413 4219 ejus
1445 4150 1624 4221 gloria!
1651 4147 1824 4204 credi-

178 4250 455 4311 derunt,
486 4244 538 4298 id
568 4255 649 4299 est
697 4244 786 4313 qui
818 4257 1045 4310 corpora
1079 4256 1172 4295 sua
1205 4241 1400 4295 divinis
1431 4240 1629 4310 regulis
1661 4239 1825 4295 infre-

178 4348 460 4397 nantes,
509 4334 591 4389 sui
639 4334 988 4403 imperatores
1052 4347 1171 4387 esse
1217 4333 1465 4404 (Domino
1510 4332 1822 4401 praestante)
1926 4335 2112 4395 tatem,
2145 4342 2266 4397 quae
2294 4326 2479 4382 mundi
2508 4327 2651 4381 vitiis
2696 4327 2980 4383 tenebatur
3020 4328 3273 4383 obnoxia.
3335 4328 3401 4385 Et
3431 4348 3516 4387 rc-

174 4432 543 4486 valuerunt.
574 4427 639 4481 Et
668 4426 720 4480 hi
747 4433 871 4480 sunt
899 4425 967 4480 de
996 4424 1189 4495 quibus
1220 4424 1466 4495 superius
1493 4424 1649 4489 dixit,
1682 4424 1822 4489 Quo-
1925 4418 2073 4487 spice
2106 4418 2248 4487 quod
2288 4420 2338 4473 in
2376 4427 2602 4489 utroque
2627 4421 2910 4489 prospexit,
2944 4422 3151 4489 posuit,
3186 4435 3240 4475 ut
3272 4423 3518 4479 similitu-

168 4526 349 4575 κίστη
426 4518 767 4587 beneplacitos
810 4515 1093 4570 habuerunt
1151 4517 1280 4569 servi
1327 4516 1402 4568 tui
1448 4516 1643 4583 lapides
1689 4518 1822 4585 ejus.
1859 4504 2055 4568 Ddine
2102 4514 2215 4583 ipsa
2268 4512 2555 4568 verborum
2596 4528 2753 4568 unam
2800 4515 3123 4570 sententiam
3172 4532 3295 4573 esse
3335 4518 3517 4574 decla-

166 4614 296 4681 lpsi
338 4610 512 4668 enim
540 4609 648 4679 jam
677 4610 898 4679 gloriam
929 4607 1140 4663 Domini
1171 4608 1444 4664 verissime
1470 4615 1819 4678 cognOscunt,
1932 4615 2097 4661 raret.

160 4707 273 4777 qui
316 4708 391 4758 in
436 4710 710 4770 assumpla
743 4700 864 4755 ﬁdei
897 4700 1149 4755 ﬁrmilatc
1178 4700 1496 4756 COIISiSlﬂﬂl-
2006 4708 2157 4764 γεω.
2188 4708 2279 4763 21.
2320 4707 2389 4762 Ut
2434 4709 2634 4761 audiret
2677 4709 2921 4777 gemitum
2951 4709 3323 4763 uinculatorum
3364 4711 3517 4784 [mss.

255 4799 459 4853 νει-Ξ.
497 4795 582 4848 17.
616 4794 752 4860 Quia
780 4795 1051 4863 (ediﬁcavit
1081 4794 1332 4850 Dominus
1364 4794 1513 4859 Sion,
1556 4802 1603 4849 et
1635 4795 1822 4849 videbi-
1933 4805 2025 4866 A.,
2054 4802 2137 4866 8.,
2174 4800 2621 4870 compeditorum],
2653 4810 2705 4853 ut
2734 4801 2896 4853 solvat
2921 4802 3057 4869 ﬁlios
3081 4802 3520 4871 interemptorum.

152 4908 259 4949 ειν
320 4895 397 4945 in
464 4891 729 4956 majestate
786 4907 899 4943 sua.
954 4889 1153 4945 Versus
1202 4891 1301 4944 iste
1342 4889 1409 4945 de
1454 4888 1822 4960 superioribus
1927 4893 2152 4947 Causam
2184 4892 2361 4947 reddit
2393 4908 2488 4947 cur
2525 4891 2683 4964 341
2720 4892 2967 4947 Dominus
2996 4896 3059 4945 de
3090 4895 3214 4948 caelo
3244 4896 3295 4947 in
3328 4905 3517 4950 terram

150 4987 423 5061 pendet
448 5002 461 5045 ς
492 4985 742 5053 quoniam
770 4998 957 5039 omnes
983 4995 1170 5054 gentes
1203 4984 1322 5037 ideo
1353 4984 1619 5038 timebunt
1645 4982 1824 5036 Domi-
1929 4984 2209 5052 prospexit,
2254 4984 2478 5047 scilicet,
2529 4993 2584 5035 ut
2613 4983 2815 5037 audiret
2843 4986 3084 5054 gemitum
3112 4986 3515 5041 vinculatorum.

146 5098 351 5141 num,
402 5084 470 5128 ct
501 5090 655 5145 reges
686 5079 802 5143 ejus
832 5076 1053 5144 gloriam
1098 5075 1462 5129 formidabant
1494 5094 1506 5127 :
1542 5075 1661 5145 quia
1694 5074 1823 5128 mdi-
1942 5074 2232 5130 Vinculatos
2274 5076 2360 5130 hic
2406 5090 2509 5129 non
2554 5074 2817 5145 signiﬁcat
2850 5078 3094 5131 humanis
3151 5078 3375 5133 nexibus
3417 5078 3519 5133 illi-

142 5176 352 5228 ἥσει-ι
401 5174 501 5219 est
545 5167 699 5231 Sion,
741 5166 841 5220 hoc
870 5176 952 5221 cst
983 5175 1151 5221 mater
1186 5167 1444 5230 Ecclesia,
1476 5166 1543 5221 de
1574 5168 1708 5221 vivis
1750 5167 1824 5219 la-
1928 5176 2102 5238 gates,
2139 5167 2234 5223 sed
2268 5166 2412 5221 viros
2449 5176 2661 5221 sanctos
2698 5169 2784 5236 qui
2821 5168 3081 5236 legalibus
3112 5166 3335 5223 vinculis
3362 5172 3522 5224 astri-

138 5266 440 5337 pidibus
493 5256 777 5322 fabricata,
820 5258 870 5311 iu
914 5274 1012 5327 qua
1048 5258 1251 5312 Domini
1294 5259 1500 5313 cultura
1544 5272 1715 5328 usque
1756 5257 1822 5311 ad
1930 5260 2023 5322 cti,
2072 5258 2337 5313 libertatis
2379 5257 2559 5313 noxite
2605 5257 2909 5327 relinquere
2953 5260 3243 5326 probantur
3283 5275 3518 5315 errores.

134 5364 359 5419 tinens
409 5352 609 5407 mundi
642 5351 755 5405 sine
783 5352 1176 5407 intermissione
1209 5353 1466 5419 proﬁciet.
1502 5352 1608 5407 Iste
1639 5360 1815 5406 autem
1929 5351 2002 5406 De
2043 5353 2234 5419 quibus
2275 5354 2348 5404 ait
2380 5351 2632 5405 Salomon
2666 5368 2678 5402 :
2714 5352 2870 5417 Audi,
2904 5352 3002 5419 ﬁli,
3034 5360 3080 5405 et
3111 5352 3288 5423 excipe
3325 5362 3527 5409 senten-

130 5456 397 5513 wmin
412 5461 491 5497 us
515 5444 602 5513 qui
629 5445 899 5511 wdiﬁcavit
934 5444 1082 5509 Sion,
1115 5445 1254 5500 idem
1284 5446 1548 5514 assumpti
1576 5444 1821 5514 corporis
1928 5444 2070 5507 tium,
2110 5453 2157 5496 et
2197 5460 2257 5495 ne
2293 5442 2508 5512 abjicias
2546 5443 2819 5497 consilium
2862 5460 3048 5511 meum,
3082 5455 3131 5498 et
3168 5445 3303 5514 infer
3344 5447 3522 5514 pedem

126 5549 453 5606 veritate
509 5539 753 5592 videbitur
794 5539 846 5590 in
893 5540 1157 5607 majestate
1204 5556 1331 5603 sua,
1379 5539 1593 5609 quando
1638 5538 1822 5593 Itredns
1931 5547 2074 5590 tuum
2106 5536 2160 5587 in
2200 5536 2463 5600 compeles
2494 5533 2654 5602 illius,
2686 5545 2733 5587 et
2768 5535 2821 5587 in
2862 5544 3094 5601 torquem
3133 5537 3275 5590 illius
3324 5538 3521 5590 collum

125 5640 541 5712 .cquestrat
570 5630 635 5684 ab
665 5629 848 5699 agnis,
897 5629 950 5683 in
991 5629 1291 5700 gehennam
1335 5630 1529 5701 impios
1578 5631 1818 5694 mittens,
1933 5642 2079 5684 tuum
2108 5628 2298 5698 subjice
2339 5623 2527 5695 (Eccli.
2557 5643 2639 5691 Vl,
2669 5628 2771 5693 2i,
2794 5628 2896 5696 25,
2928 5627 3045 5695 26).
3100 5628 3168 5684 Ει
3199 5631 3355 5700 paulo
3404 5643 3526 5700 post

121 5742 339 5817 imas
380 5734 623 5787 donans
646 5728 1026 5784 beatitudinem
1064 5730 1465 5800 sempiternam.
1934 5722 2196 5793 sequitur,
2230 5718 2288 5774 Et
2320 5728 2465 5773 erunt
2493 5718 2580 5771 tibi
2607 5718 2871 5787 compedes
2899 5719 2952 5772 in
2984 5725 3343 5787 prO'ectionem
3374 5726 3527 5795 [orti-

535 5824 801 5883 l'nnon.
843 5823 1017 5883 LXX
2884 5812 2962 5871 23
