4046 6174
500 246 603 301 7i”)

1754 238 1819 294 Μ.
1860 236 2136 295 AURELH
2175 236 2570 295 CASSIODORI

3660 230 3760 287 7f6

500 360 711 423 tudinis,
762 364 807 409 et
854 366 1051 418 ιυωηθε
1100 353 1236 406 illius
1286 354 1338 406 in
1385 352 1564 407 stolam
1612 354 1789 425 gloria:
1829 353 2074 421 (Ibidem,
2109 356 2156 413 Α
2182 353 2501 410 fossionibus
2545 368 2913 423 perseverans,
2956 352 3023 408 ad
3066 353 3306 424 requiem
3358 351 3499 407 illam
3530 350 3763 408 caelestis

500 451 629 516 '50),
671 458 775 504 etc.
830 446 931 515 ipsi
977 453 1103 499 sunt
1144 456 1269 514 ergo
1318 445 1580 509 vinculati,
1624 459 1761 515 quos
1805 453 2081 513 gementes

500 550 663 609 atque
691 538 755 590 ad
787 551 846 591 se
874 535 1170 591 clamantes
1191 535 1447 590 Dominus
1476 536 1665 591 audire
1692 536 1939 606 dignatus
1968 546 2080 603 est;

499 643 558 687 ut
585 627 837 683 mundum
871 626 1104 695 peccatis
1131 626 1357 697 propriis
1390 625 1653 683 irretitum
1687 626 1945 683 beneﬁcio
1970 642 2084 683 suae

497 718 859 773 miserationis
904 715 1230 780 absolveret,
1259 724 1307 769 et
1336 716 1474 785 ﬁlios
1518 718 1960 785 interemptorum,
1991 717 2082 787 qui

498 808 764 862 diabolica
796 806 982 861 fraude
1013 807 1272 876 perempti
1303 814 1450 872 sunt,
1482 820 1511 860 a
1544 806 1782 877 paternis
1812 806 2084 863 erroribus

500 899 677 954 divina
711 897 1021 953 fortitudine
1050 898 1335 965 liberaret;
1380 898 1520 967 quod
1552 898 1605 953 in
1635 897 1870 953 Ecclesia
1902 898 2082 968 quoti-

497 992 585 1046 die
617 991 730 1045 ﬁeri
762 1006 856 1060 per
883 990 1206 1044 charismata
1234 989 1493 1049 solemnia
1522 990 1845 1046 declaratur.

575 1083 727 1139 Vers.
763 1084 853 1136 22.
886 1081 964 1137 Ut
1010 1083 1341 1136 annuntietur
1376 1083 1429 1137 in
1464 1083 1593 1137 Sion
1621 1100 1816 1137 nomen
1857 1084 2081 1151 Domini,

500 1184 549 1229 et
581 1174 693 1229 laus
722 1175 834 1244 ejus
864 1175 913 1227 in
939 1172 1242 1228 Jerusalem.
1286 1173 1438 1240 Quod
1470 1182 1749 1229 venturum
1780 1183 1896 1229 erat
1924 1177 2086 1229 mira-

486 1268 595 1322 .bili
644 1266 905 1321 brevitate
949 1264 1252 1334 descripsit.
1319 1266 1691 1319 Annuntiatum
1730 1274 1805 1320 est
1841 1267 1983 1321 enim
2029 1268 2083 1320 in

500 1360 633 1414 Sion
660 1374 839 1411 nomen
868 1357 1077 1411 Domini
1105 1356 1321 1423 Christi,
1350 1357 1473 1411 dum
1506 1356 1578 1412 ibi
1602 1357 1828 1427 primum
1859 1357 2085 1414 diversis

499 1449 695 1519 linguis
725 1447 988 1516 magnalia
1020 1448 1111 1503 Dei
1144 1447 1303 1502 loculi
1335 1447 1627 1516 probantur
1656 1449 1908 1518 apostoli.
1950 1450 2084 1505 llinc

503 1543 701 1597 factum
743 1548 827 1595 est
871 1548 931 1594 ut
964 1554 996 1593 a
1033 1537 1188 1593 locali
1219 1537 1507 1592 Jerusalem
1537 1538 1684 1593 velut
1731 1554 1761 1593 a
1796 1540 2084 1609 purissimo

500 1637 647 1691 fonte
678 1649 774 1704 per
802 1632 1095 1688 Ecclesiam
1122 1632 1426 1702 generalem
1453 1632 1545 1702 pia
1577 1631 1785 1686 Domini
1819 1642 2083 1703 praecepta

2186 447 2336 515 regni
2364 446 2621 501 velociter
2652 446 2974 515 perveniret.
3026 444 3348 499 Paucitatem
3394 459 3523 513 ergo
3565 443 3767 497 dierum

2185 536 2358 602 dixit,
2424 537 2548 606 quia
2600 536 2921 607 quandoque
2978 536 3239 591 ﬁniendos
3290 550 3414 590 esse
3466 534 3768 591 constabat.

2186 626 2498 683 IEternitati
2546 628 2686 681 enim
2730 634 3037 696 comparata
3080 627 3165 681 vel
3209 626 3372 680 totius
3416 624 3599 678 mundi
3637 632 3771 677 aetas

2186 718 2346 774 nimis
2382 719 2595 773 videtur
2641 718 2853 787 exigua,
2905 718 3024 787 quia
3074 716 3430 786 quodcunque
3478 714 3768 770 ﬁniendum

2186 820 2288 872 εει,
2331 810 2548 878 longum
2576 808 2754 863 dicere
2783 823 2887 862 non
2919 807 3201 861 debemus.

2260 916 2409 972 Vers.
2439 917 2531 970 26.
2560 915 2641 970 Ne
2660 932 2856 971 revoces
2878 932 2957 968 me
2985 916 3039 969 in
3060 915 3276 968 dimidio
3300 914 3499 968 dierum
3522 930 3767 979 meorum,

2186 1007 2237 1061 in
2262 1008 2502 1061 sceculum
2525 1006 2699 1060 oraculi
2720 1005 2844 1058 anni
2872 1005 2966 1059 tui.
2997 1004 3196 1058 Prioris
3225 1003 3496 1071 petitionis
3521 1004 3773 1057 voluntas

2186 1103 2373 1165 aperta
2416 1105 2496 1151 est
2526 1112 2541 1150 :
2570 1095 2695 1165 quia
2741 1110 2847 1148 non
2897 1110 2993 1164 pro
3036 1094 3157 1148 vita:
3196 1094 3399 1148 ambitu
3440 1094 3775 1163 supplicabat

2186 1187 2277 1257 qui
2310 1187 2460 1256 petiit
2502 1202 2571 1241 ne
2599 1185 2665 1240 ad
2686 1185 2964 1239 dimidium
3002 1185 3200 1238 dierum
3239 1199 3476 1252 suorum,
3511 1184 3561 1238 id
3594 1193 3676 1239 cst
3705 1186 3774 1238 ad

2189 1285 2509 1331 transactam
2538 1283 2751 1329 natalem
2781 1284 3056 1329 revocetur.
3093 1273 3381 1327 "evocatur
3406 1274 3550 1328 enim
3588 1275 3640 1327 in
3684 1276 3775 1328 di-

2187 1367 2346 1420 midio
2376 1367 2574 1420 dierum
2600 1380 2819 1421 suorum
2850 1367 2937 1435 qui
2971 1365 3035 1419 ad
3064 1365 3279 1435 antiqua
3325 1366 3514 1420 delicta
3548 1368 3778 1421 reverti-

2189 1464 2295 1510 tur.
2329 1454 2604 1524 Signiﬁcat
2632 1454 2774 1510 enim
2801 1454 3136 1524 iuventutem
3156 1500 3168 1522 ,
3218 1458 3269 1507 in
3302 1470 3405 1523 qua
3433 1455 3636 1508 lubrica
3670 1457 3779 1525 ple-

2190 1560 2415 1615 rumque
2440 1544 2686 1600 voluntas
2712 1546 3003 1615 appetitur,
3034 1554 3086 1599 et
3112 1545 3287 1599 aetatis
3319 1545 3526 1601 fervore
3551 1546 3778 1600 crimina

2194 1637 2310 1706 plus
2337 1648 2601 1690 amantur.
2648 1635 2755 1690 Sed
2789 1636 2890 1690 hoc
2915 1635 3005 1704 qui
3032 1645 3171 1702 orat,
3204 1648 3395 1704 magno
3436 1650 3495 1690 se
3530 1635 3641 1705 iam
3690 1635 3780 1687 in-

501 1728 871 1784 decurrerent.
926 1724 1052 1780 ldco
1096 1724 1240 1777 cnim
1286 1722 1525 1779 auditum
1571 1732 1783 1779 constat
1825 1725 2083 1794 gemitum
2118 1723 2163 1783 Β
2192 1727 2381 1798 telligit
2424 1726 2684 1782 beneﬁcio
2727 1725 3051 1791 liberatum;
3107 1732 3164 1779 et
3207 1739 3315 1779 non
3362 1725 3475 1779 vult
3520 1727 3778 1779 amittere

501 1820 925 1877 vinculatorum.
976 1823 1036 1870 ut
1081 1814 1329 1871 sdutaris
1377 1815 1634 1869 Dominus
1680 1814 1983 1881 adveniret,
2031 1828 2085 1870 et

503 1911 794 1969 Ecclesiam
837 1923 988 1965 suam
1027 1907 1361 1963 sanctissima
1404 1907 1660 1976 religione
1700 1907 1956 1962 ﬁrmaret.

572 2003 727 2058 Vers.
750 2002 839 2057 2'5.
873 2000 938 2055 In
960 1999 1303 2055 convcniendo
1332 2000 1552 2067 papulas
1580 1999 1633 2052 in
1662 2014 1822 2053 unum
1849 2006 1898 2052 et
1928 2014 2085 2070 regna

496 2097 664 2168 [ωδε.
684 2099 772 2161 A.,
799 2093 886 2161 B.,
912 2089 1097 2163 reges],
1122 2098 1175 2145 ut
1199 2092 1413 2146 serviant
1431 2090 1670 2145 Domino.
1700 2089 2089 2145 Causasadhuc

503 2192 789 2242 enumerat
834 2199 932 2240 cur
978 2184 1208 2254 gemitus
1265 2182 1657 2237 vinculatorum
1712 2181 1932 2237 auditus
1979 2189 2083 2247 est,

478 2278 706 2333 scilicet
735 2286 789 2330 ut
819 2276 1119 2330 conveniens
1153 2272 1372 2345 populus
1400 2274 1452 2327 in
1482 2289 1637 2327 unum
1665 2273 1850 2329 laudes
1878 2274 2088 2329 Domini

506 2375 841 2435 personaret.
870 2365 1103 2420 Dicendo
1132 2365 1297 2431 enim,
1327 2365 1381 2419 in
1403 2380 1587 2433 unum,
1614 2364 1782 2419 virtus
1809 2364 2088 2421 catholicae

506 2460 726 2516 unitatis
770 2459 1098 2525 ostenditur;
1147 2472 1269 2512 nam
1316 2457 1561 2526 quamvis
1605 2460 1828 2528 populus
1873 2460 1973 2515 iste
2020 2459 2088 2514 de

470 2590 477 2593 .
504 2552 732 2609 diversis
759 2551 941 2607 mundi
973 2550 1215 2620 partibus
1240 2558 1574 2620 aggregetur,
1606 2549 1672 2604 ad
1715 2565 1879 2605 unum
1910 2560 2087 2605 tamen

504 2646 827 2711 conveniunt,
871 2643 997 2697 dum
1046 2656 1148 2697 una
1192 2641 1311 2696 ﬁdei
1361 2640 1541 2710 regula
1585 2643 1946 2697 continentur.
2001 2643 2091 2698 Sic

506 2736 753 2794 Ezechiel
777 2739 1033 2806 propheta
1056 2741 1320 2790 testatur:
1351 2732 1474 2787 Hcce
1501 2734 1623 2787 dicit
1648 2733 1897 2788 Dominus
1922 2733 2091 2789 Deus:

507 2828 639 2884 Ecce
665 2844 756 2898 ego
783 2827 976 2899 accipio
1005 2840 1205 2879 omnem
1233 2826 1440 2879 domum
1471 2823 1639 2879 Israel
1671 2826 1735 2879 de
1774 2826 1939 2879 medio
1967 2842 2092 2899 gen-

505 2924 654 2989 tium,
701 2925 754 2977 in
798 2939 924 2993 quas
965 2922 1276 2976 intraverunt
1322 2920 1413 2987 ibi,
1456 2930 1503 2974 et
1549 2921 1867 2992 congregabo
1913 2938 1995 2976 eos
2027 2922 2092 2975 ab

464 3048 474 3061 ι
503 3018 738 3074 omnibus
768 3018 855 3087 qui
883 3017 935 3070 in
960 3016 1178 3070 circuitu
1206 3023 1323 3069 sunt
1352 3030 1544 3082 eorum,
1573 3025 1622 3069 et
1651 3015 1889 3069 inducam
1920 3032 2005 3070 eos
2036 3016 2089 3069 in

2187 1818 2331 1889 quod
2360 1817 2541 1872 divino
2573 1831 2797 1872 munere
2838 1816 3180 1887 cognoscitur
3224 1816 3553 1886 acquisiisse.
3586 1814 3779 1884 Sequi«

2189 1917 2294 1973 tur,
2314 1909 2367 1963 in
2388 1908 2634 1963 steculum
2652 1908 2826 1963 διερειιὶ
2846 1908 2970 1961 αηηὶ
2996 1908 3091 1962 tui.
3117 1907 3308 1962 Merito
3328 1922 3386 1962 se
3413 1907 3778 1977 postulaverat

2184 1999 2251 2055 ad
2276 2000 2528 2055 dimidios
2552 2000 2666 2056 dies
2689 2015 2815 2055 suos
2840 2000 3059 2055 minime
3084 2000 3353 2066 revocari,
3376 2002 3462 2070 qui
3491 2001 3777 2070 pervenire

2196 2091 2263 2146 ad
2292 2093 2645 2147 aeternitatem
2676 2092 2883 2146 Domini
2928 2106 3116 2161 magna
3158 2090 3408 2161 cupidine
3450 2091 3772 2155 festinabat;

2198 2183 2270 2238 ibi
2317 2185 2458 2238 enim
2504 2184 2674 2238 sancti
2718 2193 2967 2252 perpetua
3013 2197 3132 2237 cum
3166 2183 3393 2237 Domino
3436 2183 3773 2251 iucunditate

2187 2275 2513 2345 gaudebunt,
2544 2275 2756 2344 quando
2787 2274 2951 2343 (sicut
2979 2273 3107 2327 dicit
3131 2272 3444 2343 Apostolus)
3479 2269 3594 2326 Erit
3632 2273 3775 2326 Deus

2189 2370 2359 2423 omnia
2388 2368 2440 2421 in
2466 2367 2696 2422 omnibus
2723 2365 2772 2439 (Ι
2800 2366 2920 2422 Cor.
2949 2382 3037 2432 xv,
3067 2365 3184 2434 28).
3232 2366 3370 2420 Auni
3396 2380 3523 2420 vero
3553 2366 3627 2419 tui
3668 2365 3778 2420 Dn-

2191 2460 2337 2513 mino
2369 2473 2464 2527 per
2496 2459 2848 2529 tropologiam
2876 2458 3069 2513 dicitur
3096 2476 3111 2513 :
3140 2458 3390 2529 quoniam
3416 2460 3537 2511 anni
3561 2461 3779 2528 proprie

2193 2550 2404 2605 illorum
2443 2557 2569 2604 sunt
2609 2549 2803 2619 quibus
2831 2558 2885 2605 et
2915 2560 3153 2619 tempora
3197 2558 3611 2604 commutantur.
3663 2549 3777 2605 Sed

2193 2642 2346 2697 istam
2374 2640 2585 2695 Domini
2615 2642 2969 2696 aeternitatem
2997 2640 3168 2696 tribus
3189 2641 3434 2697 versibus
3462 2644 3645 2695 subter
3675 2656 3776 2695 ex-

2194 2733 2361 2803 ponit,
2389 2746 2522 2801 quos
2545 2732 2664 2787 ideo
2687 2732 2845 2787 simul
2871 2734 3136 2802 ponimus,
3161 2741 3219 2786 ut
3262 2732 3534 2787 mternitas
3564 2732 3777 2785 Domini

2193 2833 2247 2879 et
2276 2823 2519 2894 operatio
2554 2821 2696 2878 illius
2734 2824 2915 2878 saeculi
2952 2824 3054 2878 sub
3092 2837 3193 2877 una
3230 2824 3564 2892 expasitioue
3592 2822 3781 2878 decla-

2193 2923 2397 2969 rentur.

2202 3023 2215 3035 ’
2270 3014 2423 3069 Vers.
2461 3013 2550 3067 27.
2603 3012 2761 3067 Initio
2806 3023 2994 3068 terram
3037 3022 3091 3067 tu
3139 3014 3387 3085 fundasti,
3436 3012 3683 3079 Domine;
3731 3023 3783 3069 et

508 3122 693 3166 terram
740 3126 885 3164 suum
910 3149 927 3175 ,
976 3117 1023 3165 et
1073 3108 1204 3162 dabo
1247 3125 1330 3162 eos
1382 3109 1434 3161 in
1480 3111 1687 3163 natione
1731 3125 1835 3162 una
1877 3107 2088 3175 (Ezech.
2120 3095 2167 3164 α
2198 3119 2353 3174 Opera
2380 3119 2628 3157 manuum
2657 3112 2861 3156 tuarum
2888 3110 3004 3157 sunt
3033 3106 3163 3159 caeli.

469 3242 473 3245 ι
511 3202 827 3268 xxxvu,2i,
853 3194 968 3272 2-2).
1017 3201 1083 3256 Et
1128 3201 1417 3268 Apostolus
1459 3201 1535 3255 ait
1576 3218 1590 3253 :
1640 3200 1783 3255 Unus
1812 3200 2091 3269 Dominus,

490 3312 616 3349 suna
660 3294 809 3364 ﬁdes,
853 3309 1013 3346 unum
1057 3292 1328 3361 baptisma,
1375 3308 1508 3345 unus
1542 3290 1681 3346 Deus
1718 3300 1767 3344 et
1793 3291 1947 3346 Pater
1993 3308 2097 3345 om-

486 3388 671 3453 -nium,
706 3386 794 3454 qui
831 3401 983 3454 super
1019 3400 1213 3448 omnes,
1249 3392 1296 3438 et
1336 3399 1426 3454 per
1463 3384 1656 3449 omnia,
1698 3394 1745 3438 et
1775 3385 1827 3437 in
1866 3383 2096 3440 omnibus

511 3477 655 3531 nobis
683 3475 898 3548 (Ephes.
933 3490 1007 3541 iv,
1039 3475 1093 3540 5,
1126 3475 1203 3542 6).
1247 3473 1584 3543 Quapropter
1623 3475 1699 3529 illi
1730 3488 1856 3529 vere
1882 3473 2095 3529 dicendi

509 3578 636 3624 sunt
669 3568 936 3623 convenire
974 3568 1026 3620 in
1064 3583 1253 3630 unum,
1316 3566 1406 3636 qui
1447 3565 1788 3635 insvparabili
1825 3565 2089 3629 Trinitati,

510 3661 564 3717 i-d
594 3670 677 3717 est
700 3665 789 3715 uni
822 3661 930 3715 Deo
968 3659 1189 3713 credere
1228 3659 1418 3713 devota
1458 3667 1636 3713 mente
1672 3657 1947 3713 festinant.
1998 3658 2095 3712 Se-

510 3752 691 3823 quitur
728 3751 889 3805 etiam
937 3749 1057 3804 felix
1100 3748 1474 3815 commutatio,
1528 3756 1586 3801 ut
1630 3764 1786 3819 regna
1830 3755 2093 3801 terrarum

478 3842 870 3911 ‘cmlorumque
919 3840 1139 3894 serviant
1192 3838 1448 3901 Domino;
1507 3846 1634 3893 tunc
1683 3837 1852 3906 magis
1900 3837 2090 3907 libera,

484 3935 718 4006 .quando
746 3933 949 3989 auctori
987 3948 1085 3987 suo
1116 3930 1314 3985 fuerint
1354 3929 1496 3985 ﬁdeli
1536 3930 1792 3984 servitute
1824 3930 2091 3985 devincta.

575 4026 729 4081 Vers.
761 4025 852 4081 24.
884 4022 954 4077 Et
983 4024 1240 4093 respondit
1270 4024 1319 4077 ei
1348 4022 1400 4076 in
1427 4022 1505 4075 via
1534 4022 1730 4075 virtutis
1756 4037 1882 4075 sua’.
1925 4022 2092 4086 Quam

463 4162 467 4167 .
503 4119 641 4173 bene
687 4115 897 4171 duobus
939 4116 1119 4171 verbis
1146 4128 1459 4184 expressum
1506 4122 1591 4168 est
1629 4112 1756 4183 quid
1786 4114 1858 4168 sit
1902 4114 2093 4183 religio

496 4208 851 4265 Christiana!
897 4206 949 4261 id
994 4214 1097 4273 est,
1138 4206 1218 4259 via
1260 4205 1482 4272 virtutis,
1514 4220 1672 4274 quam
1722 4206 1773 4258 in
1820 4204 2094 4260 doloribus

504 4301 717 4370 quidem
763 4300 1056 4370 gradiatur,
1102 4297 1155 4353 in
1204 4297 1636 4353 tribulationibus
1685 4313 2087 4367 commeamus;

504 4394 598 4448 sed
631 4393 743 4446 haec
781 4394 960 4447 omnia
1000 4391 1053 4445 in
1079 4391 1279 4446 Christi
1314 4389 1531 4446 nomine
1566 4405 1688 4444 cum
1724 4406 1821 4459 sne
1858 4393 2089 4446 maxima

2270 3196 2423 3252 Vers.
2452 3195 2543 3252 28.
2591 3194 2702 3268 Ipsi
2752 3198 3009 3267 peribunt,
3058 3206 3114 3252 tu
3162 3209 3328 3253 autem
3379 3213 3674 3267 permeans;
3730 3206 3782 3251 et

2196 3292 2369 3347 omnia
2405 3292 2534 3346 sicut
2566 3292 2917 3346 vestimentum
2946 3300 3269 3347 veterascent.

2271 3391 2421 3447 Vers.
2442 3391 2533 3446 29.
2564 3390 2630 3445 Et
2649 3392 2779 3446 sicut
2811 3392 3116 3461 apertorium
3138 3394 3356 3448 mactabis
3398 3410 3478 3461 ea,
3519 3403 3564 3447 et
3608 3400 3785 3447 muta-

2198 3490 2382 3543 buntur
2410 3502 2428 3543 :
2460 3503 2509 3543 tu
2542 3498 2708 3546 autem
2746 3490 2878 3544 idem
2917 3490 3025 3559 ipse
3079 3506 3155 3553 es,
3196 3497 3241 3541 et
3275 3488 3398 3540 anni
3422 3488 3495 3540 tui
3527 3503 3628 3540 non
3649 3487 3784 3551 Λεβ-

2196 3581 2348 3634 cient.
2395 3581 2527 3635 Cum
2558 3579 2706 3646 dicit,
2746 3580 2905 3634 Initio
2947 3591 3132 3634 terram
3162 3588 3215 3633 tu
3251 3579 3502 3648 fundasti,
3538 3577 3785 3637 Domine.

2197 3672 2431 3727 ostendit
2455 3671 2596 3743 quod
2627 3688 2652 3723 a
2682 3673 2828 3726 sanis
2857 3671 3125 3725 montibus
3153 3686 3258 3725 non
3291 3679 3466 3738 potest
3496 3669 3782 3736 abncgnri,

2197 3765 2318 3834 quia
2350 3765 2572 3820 Creator
2610 3773 2733 3818 ante
2773 3774 3044 3818 creaturas
3082 3778 3204 3817 snas
3246 3762 3363 3817 sine
3403 3762 3579 3831 atquo
3624 3762 3784 3814 initio

2197 3857 2536 3926 cognoscitur
2558 3856 2851 3910 exstitisse.
2903 3856 2966 3910 Et
2992 3856 3209 3910 intende
3233 3859 3358 3924 quia
3384 3855 3469 3909 hic
3497 3854 3785 3924 Opiniones

2198 3949 2636 4019 philosophorum
2667 3949 2893 4003 mirabili
2927 3947 3187 4002 brevitate
3216 3946 3516 4010 destruxit;
3549 3959 3782 4014 quarum

2198 4039 2364 4109 prima
2396 4047 2497 4105 est,
2532 4039 2786 4093 mundum
2817 4054 2847 4092 a
2879 4038 3024 4093 nullo
3054 4053 3174 4092 esse
3211 4046 3485 4101 creatum;
3517 4036 3782 4100 secunda,

2194 4132 2310 4186 sine
2334 4134 2437 4187 fine
2458 4146 2788 4186 mansurum.
2820 4131 2922 4186 Sed
2945 4146 3062 4185 cum
3086 4131 3302 4193 dicitur,
3329 4129 3487 4184 Initio
3510 4138 3699 4184 terram
3724 4140 3784 4183 tu

2195 4222 2443 4292 fundasti,
2467 4220 2715 4284 Domine;
2739 4232 2783 4274 et
2811 4238 2965 4288 opera
2986 4236 3238 4273 manuum
3259 4230 3465 4273 tuarum
3494 4229 3611 4273 sunt
3640 4221 3781 4283 ccli,

2198 4312 2367 4379 prima
2397 4310 2486 4364 illa
2514 4312 2795 4380 persuasio
2838 4310 3063 4365 nefanda
3105 4310 3463 4375 convincitur;
3496 4326 3616 4364 cum
3647 4324 3783 4364 vero

2198 4401 2590 4470 pronuntiatur,
2633 4402 2732 4473 ipsi
2772 4402 3030 4471 peribunt,
3064 4401 3221 4456 ﬁnem
3253 4416 3347 4456 eos
3374 4402 3569 4457 habere
3594 4402 3787 4457 decla-

505 4484 851 4539 sustinemus.
902 4482 1036 4536 lluic
1077 4481 1236 4551 igitur
1278 4482 1471 4547 virtuti,
1519 4496 1676 4550 quam
1708 4480 1954 4537 Christus
1986 4480 2079 4536 Do-

2192 4493 2358 4560 ravit;
2408 4502 2467 4549 ut
2505 4470 2682 4548 nullus
2721 4470 2781 4548 in
2817 4494 2987 4549 stellis
3012 4495 3197 4566 gentili
3239 4508 3423 4549 errore
3452 4493 3782 4560 confideret,

507 4577 683 4632 minus
734 4576 1035 4645 praadicarit
1068 4619 1083 4643 ,
1143 4584 1447 4629 sanctorum
1505 4576 1845 4643 congregatio
1897 4574 2087 4630 devota

503 4669 794 4737 respondet.
831 4667 963 4721 Nam
992 4680 1109 4721 cum
1141 4666 1227 4719 ille
1256 4674 1413 4720 vocet
1438 4664 1503 4719 ad
1540 4665 1731 4718 bonam
1761 4668 1945 4732 vitam,
1976 4667 2088 4736 ipse

504 4759 584 4816 illi
623 4759 929 4830 respondere
969 4758 1326 4828 cognoscitur,
1360 4757 1450 4825 qui
1494 4756 1730 4826 imperiis
1769 4757 1887 4825 ejus
1925 4757 2084 4810 obse-

502 4867 674 4923 quens
702 4866 824 4907 esse
854 4859 1201 4905 monstratur.
1234 4850 1571 4919 Quapmpter
1610 4851 1966 4919 respondetur
2007 4848 2083 4902 illi

506 4964 611 5003 non
644 4949 843 5018 lingua,
884 4945 977 5001 sed
1012 4947 1154 5010 vita;
1199 4961 1302 5000 non
1334 4959 1484 5009 voce,
1519 4943 1611 4998 sed
1646 4944 1777 5008 ﬁde;
1828 4959 1931 4997 non
1978 4944 2089 4997 cla-

504 5055 676 5109 more,
709 5039 802 5095 sed
832 5039 1016 5096 corde.
1066 5040 1194 5105 Qun
1222 5039 1399 5092 omnia
1431 5037 1497 5091 ad
1527 5037 1818 5091 Ecclesium
1851 5036 2087 5091 catholi-

502 5145 621 5185 cam
648 5130 915 5198 pertinerc
946 5129 1286 5184 manifeStum
1316 5139 1417 5184 est.

575 5227 729 5283 Vers.
759 5228 848 5283 25.
878 5226 1197 5282 Pattcitatent
1219 5228 1419 5281 dierum
1450 5241 1672 5279 meorum
1701 5225 1905 5278 enuntio
1934 5226 2079 5278 milii.

507 5318 649 5373 lnter
693 5317 880 5373 laudes
936 5316 1147 5371 Domini
1202 5316 1482 5384 multiplici
1533 5315 1788 5370 varietate
1829 5314 2085 5369 decursas

503 5425 647 5467 nunc
675 5425 879 5481 pauper
917 5410 1017 5465 iste
1052 5410 1198 5477 cupit
1239 5423 1528 5477 agnoscere
1568 5408 1727 5463 ﬁnem
1770 5409 1982 5473 saeculi;
2029 5417 2088 5464 ut

504 5508 613 5555 ctto
655 5501 720 5556 ad
770 5500 913 5554 illam
957 5497 1343 5554 beatitudinem
1391 5513 1548 5568 quam
1596 5499 1798 5552 sanctis
1842 5498 2088 5567 promisit

510 5593 781 5661 Dominus,
814 5593 1071 5648 accedere
1099 5600 1388 5648 mereatur.
1430 5592 1544 5646 Non
1573 5592 1716 5648 enim
1750 5605 1931 5646 amore
1966 5590 2086 5646 Viue

510 5686 643 5739 lucis
672 5702 779 5742 sine
810 5687 1077 5743 desiderat
1106 5688 1243 5744 scire
1274 5686 1465 5754 ﬁnem;
1499 5686 1592 5743 sed
1625 5694 1683 5742 ut
1712 5686 1762 5741 in
1795 5686 1923 5756 ipsis
1950 5699 2085 5741 con-

2196 4600 2316 4640 cum
2370 4600 2462 4640 eas
2514 4584 2870 4639 immutandas
2922 4600 3044 4640 esse
3093 4586 3337 4640 sentiret.
3412 4584 3541 4638 Illud
3595 4593 3787 4640 autem

2196 4677 2403 4731 a‘stimo
2433 4676 2716 4731 sollicitius
2747 4677 3084 4739 intuendum,
3129 4691 3293 4746 quare
3336 4691 3453 4728 etim
3484 4674 3658 4731 Verbo
3702 4673 3781 4729 Ia-

2192 4777 2276 4821 cta
2315 4768 2423 4821 sint
2463 4767 2664 4832 omnia,
2695 4782 2856 4836 opera
2886 4783 3135 4821 manuum
3159 4768 3324 4822 cwlos
3350 4768 3477 4821 dixit
3506 4780 3625 4821 esse
3649 4768 3789 4820 tun-

2195 4859 2388 4914 datos?
2428 4860 2530 4914 Sed
2563 4858 2649 4912 hic
2676 4876 2903 4924 manum,
2933 4860 3181 4913 virtutem
3218 4859 3474 4928 iussionis
3518 4858 3786 4913 debemus

2194 4951 2458 5020 accipere.
2508 4951 2627 5006 Alio
2669 4951 2807 5006 enim
2850 4952 2964 5006 loco
2995 4952 3124 5007 dicit
3154 4970 3166 5007 :
3199 4954 3452 5017 Quoniam
3480 4953 3585 5023 ipse
3614 4953 3784 5020 dixit,

2192 5055 2241 5097 et
2278 5047 2417 5112 facta
2458 5054 2614 5109 sunt;
2664 5047 2772 5114 ipse
2817 5046 3097 5109 mandavit,
3145 5056 3190 5101 ct
3236 5057 3409 5101 creata
3448 5056 3565 5100 sunt
3600 5044 3782 5116 (Psal.

2196 5152 2420 5203 chvut,
2451 5136 2527 5204 5).
2560 5136 2648 5193 Sic
2678 5137 2820 5192 enim
2856 5139 3121 5205 provenit,
3150 5148 3207 5191 ut
3233 5139 3507 5207 Scriptura
3538 5138 3635 5191 sibi
3668 5154 3784 5191 non

2191 5230 2456 5281 sentiatur
2500 5243 2622 5283 esse
2667 5232 2934 5282 contraria
2962 5270 2976 5293 ,
3027 5230 3240 5299 quando
3285 5231 3445 5284 verba
3491 5230 3620 5284 locis
3661 5232 3789 5284 suis

2190 5323 2469 5392 aptissima
2505 5324 2846 5394 expositione
2888 5324 3203 5380 redduntur.
3246 5324 3477 5395 Adiecit,
3513 5333 3568 5377 tu
3603 5334 3789 5377 autem

2192 5430 2492 5484 permanes;
2516 5424 2577 5470 ut
2603 5417 2740 5471 sicut
2770 5416 3123 5471 aeternitatem
3154 5416 3360 5471 Domini
3392 5415 3623 5470 ostendit
3645 5416 3785 5469 dum

2193 5516 2403 5563 crearet
2433 5509 2637 5575 omnia,
2661 5510 2738 5564 sic
2765 5518 2885 5579 post
2914 5510 3081 5566 cmlos
3106 5518 3340 5565 mutatos
3368 5509 3541 5578 ipsum
3568 5507 3791 5564 diceret

2193 5597 2245 5652 in
2289 5598 2582 5668 maiestatis
2622 5613 2733 5655 sua:
2774 5600 2939 5671 gloria
2972 5615 3306 5672 permanere.
3338 5598 3571 5654 Dicendo
3602 5600 3789 5666 enim,

2195 5691 2364 5745 omnia
2393 5691 2475 5763 (ut
2497 5691 2777 5763 arbitror),
2806 5707 2913 5748 non
2942 5691 3011 5747 ibi
3043 5690 3204 5764 3&2
3232 5691 3467 5761 angelos,
3514 5706 3615 5745 non
3660 5690 3789 5760 spi-
