  <div class='ocr_page' id='page_1' title='image "/cluster/home/n/w/nwhite01/storage/ocr_20150623/70/hvd.32044054758735/364.png"; bbox 0 0 4046 6174; ppageno 0'>
   <div class='ocr_carea' id='block_1_1' title="bbox 286 264 391 317">
    <p class='ocr_par' dir='ltr' id='par_1_1' title="bbox 286 264 391 317">
     <span class='ocr_line' id='line_1_1' title="bbox 286 264 391 317; baseline -0.019 0"><span class='ocrx_word' id='word_1_1' title='bbox 286 264 391 317; x_wconf 63' lang='grc'><strong>717</strong></span> 
     </span>
    </p>
   </div>
   <div class='ocr_carea' id='block_1_2' title="bbox 1269 266 2611 327">
    <p class='ocr_par' dir='ltr' id='par_1_2' title="bbox 1269 266 2611 327">
     <span class='ocr_line' id='line_1_2' title="bbox 1269 266 2611 327; baseline -0.001 -2"><span class='ocrx_word' id='word_1_2' title='bbox 1269 268 1627 327; x_wconf 74' lang='lat' dir='ltr'><strong>EXPOSITIO</strong></span> <span class='ocrx_word' id='word_1_3' title='bbox 1667 267 1731 324; x_wconf 85' lang='lat' dir='ltr'><strong>IN</strong></span> <span class='ocrx_word' id='word_1_4' title='bbox 1773 266 2228 324; x_wconf 81' lang='lat' dir='ltr'><strong>PSALTERIUM.</strong></span> <span class='ocrx_word' id='word_1_5' title='bbox 2274 269 2461 325; x_wconf 71' lang='lat' dir='ltr'><strong>FSAL.</strong></span> <span class='ocrx_word' id='word_1_6' title='bbox 2504 269 2611 327; x_wconf 86' lang='lat' dir='ltr'><strong>Cll.</strong></span> 
     </span>
    </p>
   </div>
   <div class='ocr_carea' id='block_1_3' title="bbox 3468 275 3570 334">
    <p class='ocr_par' dir='ltr' id='par_1_3' title="bbox 3468 275 3570 334">
     <span class='ocr_line' id='line_1_3' title="bbox 3468 275 3570 334; baseline 0.02 -9"><span class='ocrx_word' id='word_1_7' title='bbox 3468 275 3570 334; x_wconf 76' lang='lat' dir='ltr'><strong>7l8</strong></span> 
     </span>
    </p>
   </div>
   <div class='ocr_carea' id='block_1_4' title="bbox 285 378 3578 452">
    <p class='ocr_par' dir='ltr' id='par_1_4' title="bbox 285 378 3578 452">
     <span class='ocr_line' id='line_1_4' title="bbox 285 378 3578 452; baseline 0.003 -22"><span class='ocrx_word' id='word_1_8' title='bbox 285 379 507 434; x_wconf 76' lang='lat' dir='ltr'><strong>rituales</strong></span> <span class='ocrx_word' id='word_1_9' title='bbox 553 390 829 433; x_wconf 79' lang='lat' dir='ltr'><strong>creatmas</strong></span> <span class='ocrx_word' id='word_1_10' title='bbox 873 380 1149 449; x_wconf 79' lang='lat' dir='ltr'><strong>designat,</strong></span> <span class='ocrx_word' id='word_1_11' title='bbox 1203 396 1321 450; x_wconf 77' lang='lat' dir='ltr'><strong>qua:</strong></span> <span class='ocrx_word' id='word_1_12' title='bbox 1367 398 1419 438; x_wconf 85' lang='lat' dir='ltr'><strong>tn</strong></span> <span class='ocrx_word' id='word_1_13' title='bbox 1468 396 1563 437; x_wconf 85' lang='lat' dir='ltr'><strong>sua</strong></span> <span class='ocrx_word' id='word_1_14' title='bbox 1611 381 1869 452; x_wconf 72' lang='lat' dir='ltr'><strong>dignitate</strong></span> <span class='ocrx_word' id='word_1_15' title='bbox 1904 384 1954 441; x_wconf 77' lang='grc' dir='ltr'><strong>Α</strong></span> <span class='ocrx_word' id='word_1_16' title='bbox 1981 388 2185 431; x_wconf 89' lang='lat' dir='ltr'><strong>rentur.</strong></span> <span class='ocrx_word' id='word_1_17' title='bbox 2234 378 2506 449; x_wconf 81' lang='lat' dir='ltr'><strong>Seqn’itur,</strong></span> <span class='ocrx_word' id='word_1_18' title='bbox 2534 391 2581 433; x_wconf 91' lang='lat' dir='ltr'><strong>et</strong></span> <span class='ocrx_word' id='word_1_19' title='bbox 2608 396 2778 434; x_wconf 85' lang='lat' dir='ltr'><strong>semen</strong></span> <span class='ocrx_word' id='word_1_20' title='bbox 2816 398 2990 437; x_wconf 86' lang='lat' dir='ltr'><strong>eorum</strong></span> <span class='ocrx_word' id='word_1_21' title='bbox 3028 385 3081 438; x_wconf 88' lang='lat' dir='ltr'><strong>in</strong></span> <span class='ocrx_word' id='word_1_22' title='bbox 3109 389 3351 439; x_wconf 64' lang='lat' dir='ltr'><strong>arculum</strong></span> <span class='ocrx_word' id='word_1_23' title='bbox 3398 392 3578 444; x_wconf 65' lang='lat' dir='ltr'><strong>seaculi</strong></span> 
     </span>
    </p>
   </div>
   <div class='ocr_carea' id='block_1_5' title="bbox 279 471 1876 544">
    <p class='ocr_par' dir='ltr' id='par_1_5' title="bbox 279 471 1876 544">
     <span class='ocr_line' id='line_1_5' title="bbox 279 471 1876 544; baseline 0.002 -21"><span class='ocrx_word' id='word_1_24' title='bbox 279 485 555 525; x_wconf 85' lang='lat' dir='ltr'><strong>mansurae</strong></span> <span class='ocrx_word' id='word_1_25' title='bbox 581 480 725 535; x_wconf 85' lang='lat' dir='ltr'><strong>sunt,</strong></span> <span class='ocrx_word' id='word_1_26' title='bbox 752 471 845 526; x_wconf 88' lang='lat' dir='ltr'><strong>sed</strong></span> <span class='ocrx_word' id='word_1_27' title='bbox 876 472 964 525; x_wconf 86' lang='lat' dir='ltr'><strong>illa</strong></span> <span class='ocrx_word' id='word_1_28' title='bbox 995 488 1115 542; x_wconf 76' lang='lat' dir='ltr'><strong>qua:</strong></span> <span class='ocrx_word' id='word_1_29' title='bbox 1142 475 1549 529; x_wconf 89' lang='lat' dir='ltr'><strong>commutationi</strong></span> <span class='ocrx_word' id='word_1_30' title='bbox 1579 474 1876 544; x_wconf 77' lang='lat' dir='ltr'><strong>probantur</strong></span> 
     </span>
    </p>
   </div>
   <div class='ocr_carea' id='block_1_6' title="bbox 279 562 1876 635">
    <p class='ocr_par' dir='ltr' id='par_1_6' title="bbox 279 562 1876 635">
     <span class='ocr_line' id='line_1_6' title="bbox 279 562 1876 635; baseline 0.001 -17"><span class='ocrx_word' id='word_1_31' title='bbox 279 562 538 618; x_wconf 76' lang='lat' dir='ltr'><strong>obnoxia.</strong></span> <span class='ocrx_word' id='word_1_32' title='bbox 596 563 709 617; x_wconf 83' lang='lat' dir='ltr'><strong>lloc</strong></span> <span class='ocrx_word' id='word_1_33' title='bbox 751 564 969 617; x_wconf 88' lang='lat' dir='ltr'><strong>schema</strong></span> <span class='ocrx_word' id='word_1_34' title='bbox 1021 564 1219 619; x_wconf 86' lang='lat' dir='ltr'><strong>dicitur</strong></span> <span class='ocrx_word' id='word_1_35' title='bbox 1266 565 1637 635; x_wconf 84' lang='lat' dir='ltr'><strong>synecdoche,</strong></span> <span class='ocrx_word' id='word_1_36' title='bbox 1688 564 1740 619; x_wconf 88' lang='lat' dir='ltr'><strong>id</strong></span> <span class='ocrx_word' id='word_1_37' title='bbox 1792 573 1876 619; x_wconf 83' lang='lat' dir='ltr'><strong>est</strong></span> 
     </span>
    </p>
   </div>
   <div class='ocr_carea' id='block_1_7' title="bbox 276 653 1875 723">
    <p class='ocr_par' dir='ltr' id='par_1_7' title="bbox 276 653 1875 723">
     <span class='ocr_line' id='line_1_7' title="bbox 276 653 1875 723; baseline 0.003 -16"><span class='ocrx_word' id='word_1_38' title='bbox 276 668 309 707; x_wconf 67' lang='grc' dir='ltr'>θ</span> <span class='ocrx_word' id='word_1_39' title='bbox 339 664 457 706; x_wconf 83' lang='grc' dir='ltr'>ιιιιο</span> <span class='ocrx_word' id='word_1_40' title='bbox 489 667 646 719; x_wconf 81' lang='lat' dir='ltr'><strong>pars,</strong></span> <span class='ocrx_word' id='word_1_41' title='bbox 699 653 841 722; x_wconf 89' lang='lat' dir='ltr'><strong>quod</strong></span> <span class='ocrx_word' id='word_1_42' title='bbox 888 654 939 707; x_wconf 90' lang='lat' dir='ltr'><strong>in</strong></span> <span class='ocrx_word' id='word_1_43' title='bbox 981 654 1275 723; x_wconf 84' lang='lat' dir='ltr'><strong>Scripturis</strong></span> <span class='ocrx_word' id='word_1_44' title='bbox 1317 656 1514 710; x_wconf 83' lang='lat' dir='ltr'><strong>divinis</strong></span> <span class='ocrx_word' id='word_1_45' title='bbox 1549 656 1875 711; x_wconf 83' lang='lat' dir='ltr'><strong>creberrime</strong></span> 
     </span>
    </p>
   </div>
   <div class='ocr_carea' id='block_1_8' title="bbox 275 743 1879 811">
    <p class='ocr_par' dir='ltr' id='par_1_8' title="bbox 275 743 1879 811">
     <span class='ocr_line' id='line_1_8' title="bbox 275 743 1879 811; baseline 0.002 -13"><span class='ocrx_word' id='word_1_46' title='bbox 275 745 575 811; x_wconf 85' lang='lat' dir='ltr'><strong>reperitur.</strong></span> <span class='ocrx_word' id='word_1_47' title='bbox 617 744 769 809; x_wconf 83' lang='lat' dir='ltr'><strong>Quod</strong></span> <span class='ocrx_word' id='word_1_48' title='bbox 802 753 980 798; x_wconf 85' lang='lat' dir='ltr'><strong>autem</strong></span> <span class='ocrx_word' id='word_1_49' title='bbox 1012 743 1163 811; x_wconf 90' lang='lat' dir='ltr'><strong>dicit,</strong></span> <span class='ocrx_word' id='word_1_50' title='bbox 1196 747 1327 799; x_wconf 86' lang='lat' dir='ltr'><strong>sicut</strong></span> <span class='ocrx_word' id='word_1_51' title='bbox 1360 748 1708 800; x_wconf 79' lang='lat' dir='ltr'><strong>vestimentum</strong></span> <span class='ocrx_word' id='word_1_52' title='bbox 1736 756 1879 802; x_wconf 73' lang='lat' dir='ltr'><strong>vete-</strong></span> 
     </span>
    </p>
   </div>
   <div class='ocr_carea' id='block_1_9' title="bbox 274 835 1868 909">
    <p class='ocr_par' dir='ltr' id='par_1_9' title="bbox 274 835 1868 909">
     <span class='ocr_line' id='line_1_9' title="bbox 274 835 1868 909; baseline 0.005 -22"><span class='ocrx_word' id='word_1_53' title='bbox 274 846 506 901; x_wconf 83' lang='lat' dir='ltr'><strong>mscent,</strong></span> <span class='ocrx_word' id='word_1_54' title='bbox 533 836 632 890; x_wconf 85' lang='lat' dir='ltr'><strong>hoc</strong></span> <span class='ocrx_word' id='word_1_55' title='bbox 659 835 723 889; x_wconf 86' lang='lat' dir='ltr'><strong>ad</strong></span> <span class='ocrx_word' id='word_1_56' title='bbox 747 837 925 891; x_wconf 88' lang='lat' dir='ltr'><strong>carnis</strong></span> <span class='ocrx_word' id='word_1_57' title='bbox 956 837 1294 906; x_wconf 87' lang='lat' dir='ltr'><strong>fragilitatem</strong></span> <span class='ocrx_word' id='word_1_58' title='bbox 1323 840 1531 894; x_wconf 86' lang='lat' dir='ltr'><strong>videtur</strong></span> <span class='ocrx_word' id='word_1_59' title='bbox 1555 839 1868 909; x_wconf 88' lang='lat' dir='ltr'><strong>aptandum,</strong></span> 
     </span>
    </p>
   </div>
   <div class='ocr_carea' id='block_1_10' title="bbox 276 925 1873 999">
    <p class='ocr_par' dir='ltr' id='par_1_10' title="bbox 276 925 1873 999">
     <span class='ocr_line' id='line_1_10' title="bbox 276 925 1873 999; baseline 0.005 -23"><span class='ocrx_word' id='word_1_60' title='bbox 276 927 426 994; x_wconf 80' lang='lat' dir='ltr'><strong>quod</strong></span> <span class='ocrx_word' id='word_1_61' title='bbox 465 926 627 980; x_wconf 91' lang='lat' dir='ltr'><strong>etiam</strong></span> <span class='ocrx_word' id='word_1_62' title='bbox 673 927 722 979; x_wconf 92' lang='lat' dir='ltr'><strong>in</strong></span> <span class='ocrx_word' id='word_1_63' title='bbox 758 925 1047 995; x_wconf 83' lang='lat' dir='ltr'><strong>Evangelio</strong></span> <span class='ocrx_word' id='word_1_64' title='bbox 1090 929 1328 982; x_wconf 90' lang='lat' dir='ltr'><strong>noscitur</strong></span> <span class='ocrx_word' id='word_1_65' title='bbox 1365 938 1752 999; x_wconf 90' lang='lat' dir='ltr'><strong>comparatum,</strong></span> <span class='ocrx_word' id='word_1_66' title='bbox 1786 929 1873 984; x_wconf 87' lang='lat' dir='ltr'><strong>ubi</strong></span> 
     </span>
    </p>
   </div>
   <div class='ocr_carea' id='block_1_11' title="bbox 276 1016 1873 1093">
    <p class='ocr_par' dir='ltr' id='par_1_11' title="bbox 276 1016 1873 1093">
     <span class='ocr_line' id='line_1_11' title="bbox 276 1016 1873 1093; baseline 0.004 -24"><span class='ocrx_word' id='word_1_67' title='bbox 276 1018 355 1071; x_wconf 88' lang='lat' dir='ltr'><strong>ait</strong></span> <span class='ocrx_word' id='word_1_68' title='bbox 384 1035 399 1072; x_wconf 90' lang='lat'><strong>:</strong></span> <span class='ocrx_word' id='word_1_69' title='bbox 426 1016 613 1070; x_wconf 84' lang='lat' dir='ltr'><strong>Nonne</strong></span> <span class='ocrx_word' id='word_1_70' title='bbox 640 1019 809 1071; x_wconf 80' lang='lat' dir='ltr'><strong>anima</strong></span> <span class='ocrx_word' id='word_1_71' title='bbox 832 1020 949 1087; x_wconf 84' lang='lat' dir='ltr'><strong>plus</strong></span> <span class='ocrx_word' id='word_1_72' title='bbox 979 1030 1049 1074; x_wconf 87' lang='lat' dir='ltr'><strong>est</strong></span> <span class='ocrx_word' id='word_1_73' title='bbox 1077 1036 1230 1089; x_wconf 83' lang='lat' dir='ltr'><strong>quant</strong></span> <span class='ocrx_word' id='word_1_74' title='bbox 1271 1037 1405 1088; x_wconf 84' lang='lat' dir='ltr'><strong>esca,</strong></span> <span class='ocrx_word' id='word_1_75' title='bbox 1435 1030 1483 1075; x_wconf 89' lang='lat' dir='ltr'><strong>et</strong></span> <span class='ocrx_word' id='word_1_76' title='bbox 1506 1038 1692 1093; x_wconf 79' lang='lat' dir='ltr'><strong>corpus</strong></span> <span class='ocrx_word' id='word_1_77' title='bbox 1720 1038 1873 1093; x_wconf 84' lang='lat' dir='ltr'><strong>quam</strong></span> 
     </span>
    </p>
   </div>
   <div class='ocr_carea' id='block_1_12' title="bbox 274 1109 1870 1182">
    <p class='ocr_par' dir='ltr' id='par_1_12' title="bbox 274 1109 1870 1182">
     <span class='ocr_line' id='line_1_12' title="bbox 274 1109 1870 1182; baseline 0.007 -22"><span class='ocrx_word' id='word_1_78' title='bbox 274 1109 890 1179; x_wconf 56' lang='lat' dir='ltr'><strong>vestimentunutuattlt.</strong></span> <span class='ocrx_word' id='word_1_79' title='bbox 920 1126 973 1176; x_wconf 88' lang='lat' dir='ltr'><strong>v,</strong></span> <span class='ocrx_word' id='word_1_80' title='bbox 1014 1111 1149 1182; x_wconf 75' lang='lat'><strong>26)?</strong></span> <span class='ocrx_word' id='word_1_81' title='bbox 1197 1113 1371 1181; x_wconf 87' lang='lat' dir='ltr'><strong>Ipsum</strong></span> <span class='ocrx_word' id='word_1_82' title='bbox 1412 1114 1552 1169; x_wconf 87' lang='lat' dir='ltr'><strong>enim</strong></span> <span class='ocrx_word' id='word_1_83' title='bbox 1589 1117 1870 1182; x_wconf 85' lang='lat' dir='ltr'><strong>veterascit,</strong></span> 
     </span>
    </p>
   </div>
   <div class='ocr_carea' id='block_1_13' title="bbox 273 1200 1871 1272">
    <p class='ocr_par' dir='ltr' id='par_1_13' title="bbox 273 1200 1871 1272">
     <span class='ocr_line' id='line_1_13' title="bbox 273 1200 1871 1272; baseline 0.006 -21"><span class='ocrx_word' id='word_1_84' title='bbox 273 1200 422 1268; x_wconf 84' lang='lat' dir='ltr'><strong>quod</strong></span> <span class='ocrx_word' id='word_1_85' title='bbox 446 1214 599 1253; x_wconf 88' lang='lat' dir='ltr'><strong>more</strong></span> <span class='ocrx_word' id='word_1_86' title='bbox 624 1200 788 1261; x_wconf 76' lang='lat' dir='ltr'><strong>vestis</strong></span> <span class='ocrx_word' id='word_1_87' title='bbox 811 1208 985 1255; x_wconf 82' lang='lat' dir='ltr'><strong>morte</strong></span> <span class='ocrx_word' id='word_1_88' title='bbox 1014 1204 1368 1257; x_wconf 84' lang='lat' dir='ltr'><strong>consumitur.</strong></span> <span class='ocrx_word' id='word_1_89' title='bbox 1404 1202 1637 1272; x_wconf 79' lang='lat' dir='ltr'><strong>Addidit,</strong></span> <span class='ocrx_word' id='word_1_90' title='bbox 1670 1216 1715 1259; x_wconf 91' lang='lat' dir='ltr'><strong>et</strong></span> <span class='ocrx_word' id='word_1_91' title='bbox 1738 1207 1871 1260; x_wconf 89' lang='lat' dir='ltr'><strong>sicut</strong></span> 
     </span>
    </p>
   </div>
   <div class='ocr_carea' id='block_1_14' title="bbox 275 1294 1871 1365">
    <p class='ocr_par' dir='ltr' id='par_1_14' title="bbox 275 1294 1871 1365">
     <span class='ocr_line' id='line_1_14' title="bbox 275 1294 1871 1365; baseline 0.005 -21"><span class='ocrx_word' id='word_1_92' title='bbox 275 1294 600 1362; x_wconf 72' lang='lat' dir='ltr'><strong>opertorium</strong></span> <span class='ocrx_word' id='word_1_93' title='bbox 644 1295 865 1347; x_wconf 87' lang='lat' dir='ltr'><strong>mutabis</strong></span> <span class='ocrx_word' id='word_1_94' title='bbox 913 1313 999 1361; x_wconf 87' lang='lat' dir='ltr'><strong>ea,</strong></span> <span class='ocrx_word' id='word_1_95' title='bbox 1049 1306 1094 1351; x_wconf 89' lang='lat' dir='ltr'><strong>et</strong></span> <span class='ocrx_word' id='word_1_96' title='bbox 1138 1297 1486 1351; x_wconf 85' lang='lat' dir='ltr'><strong>mutabuntur.</strong></span> <span class='ocrx_word' id='word_1_97' title='bbox 1543 1298 1871 1365; x_wconf 84' lang='lat' dir='ltr'><strong>Opertorium</strong></span> 
     </span>
    </p>
   </div>
   <div class='ocr_carea' id='block_1_15' title="bbox 273 1384 1868 1458">
    <p class='ocr_par' dir='ltr' id='par_1_15' title="bbox 273 1384 1868 1458">
     <span class='ocr_line' id='line_1_15' title="bbox 273 1384 1868 1458; baseline 0.004 -18"><span class='ocrx_word' id='word_1_98' title='bbox 273 1387 449 1440; x_wconf 73' lang='lat' dir='ltr'><strong>ccelos</strong></span> <span class='ocrx_word' id='word_1_99' title='bbox 496 1384 721 1439; x_wconf 72' lang='lat' dir='ltr'><strong>forsitan</strong></span> <span class='ocrx_word' id='word_1_100' title='bbox 778 1387 1038 1442; x_wconf 84' lang='lat' dir='ltr'><strong>debemus</strong></span> <span class='ocrx_word' id='word_1_101' title='bbox 1091 1389 1398 1455; x_wconf 63' lang='lat' dir='ltr'><strong>advertere,</strong></span> <span class='ocrx_word' id='word_1_102' title='bbox 1450 1392 1539 1458; x_wconf 88' lang='lat' dir='ltr'><strong>qui</strong></span> <span class='ocrx_word' id='word_1_103' title='bbox 1584 1391 1648 1444; x_wconf 86' lang='lat' dir='ltr'><strong>ad</strong></span> <span class='ocrx_word' id='word_1_104' title='bbox 1698 1392 1868 1447; x_wconf 86' lang='lat' dir='ltr'><strong>vicem</strong></span> 
     </span>
    </p>
   </div>
   <div class='ocr_carea' id='block_1_16' title="bbox 275 1479 1867 1550">
    <p class='ocr_par' dir='ltr' id='par_1_16' title="bbox 275 1479 1867 1550">
     <span class='ocr_line' id='line_1_16' title="bbox 275 1479 1867 1550; baseline 0.004 -19"><span class='ocrx_word' id='word_1_105' title='bbox 275 1479 569 1533; x_wconf 87' lang='lat' dir='ltr'><strong>velaminis</strong></span> <span class='ocrx_word' id='word_1_106' title='bbox 601 1488 770 1533; x_wconf 88' lang='lat' dir='ltr'><strong>terras</strong></span> <span class='ocrx_word' id='word_1_107' title='bbox 797 1480 1069 1548; x_wconf 90' lang='lat' dir='ltr'><strong>operiunt,</strong></span> <span class='ocrx_word' id='word_1_108' title='bbox 1101 1481 1193 1550; x_wconf 88' lang='lat' dir='ltr'><strong>qui</strong></span> <span class='ocrx_word' id='word_1_109' title='bbox 1222 1481 1472 1537; x_wconf 80' lang='lat' dir='ltr'><strong>similiter</strong></span> <span class='ocrx_word' id='word_1_110' title='bbox 1501 1492 1555 1537; x_wconf 91' lang='lat' dir='ltr'><strong>ut</strong></span> <span class='ocrx_word' id='word_1_111' title='bbox 1586 1484 1691 1537; x_wconf 88' lang='lat' dir='ltr'><strong>alia</strong></span> <span class='ocrx_word' id='word_1_112' title='bbox 1722 1498 1867 1538; x_wconf 87' lang='lat' dir='ltr'><strong>com-</strong></span> 
     </span>
    </p>
   </div>
   <div class='ocr_carea' id='block_1_17' title="bbox 273 1570 1869 1646">
    <p class='ocr_par' dir='ltr' id='par_1_17' title="bbox 273 1570 1869 1646">
     <span class='ocr_line' id='line_1_17' title="bbox 273 1570 1869 1646; baseline 0.005 -23"><span class='ocrx_word' id='word_1_113' title='bbox 273 1579 577 1624; x_wconf 86' lang='lat' dir='ltr'><strong>mutantur.</strong></span> <span class='ocrx_word' id='word_1_114' title='bbox 625 1570 692 1624; x_wconf 86' lang='lat' dir='ltr'><strong>Et</strong></span> <span class='ocrx_word' id='word_1_115' title='bbox 735 1578 792 1624; x_wconf 91' lang='lat' dir='ltr'><strong>ut</strong></span> <span class='ocrx_word' id='word_1_116' title='bbox 837 1570 974 1626; x_wconf 88' lang='lat' dir='ltr'><strong>facta</strong></span> <span class='ocrx_word' id='word_1_117' title='bbox 1006 1572 1216 1627; x_wconf 90' lang='lat' dir='ltr'><strong>Domini</strong></span> <span class='ocrx_word' id='word_1_118' title='bbox 1262 1575 1575 1630; x_wconf 87' lang='lat' dir='ltr'><strong>ostenderet</strong></span> <span class='ocrx_word' id='word_1_119' title='bbox 1614 1575 1726 1646; x_wconf 87' lang='lat' dir='ltr'><strong>jam</strong></span> <span class='ocrx_word' id='word_1_120' title='bbox 1770 1578 1869 1632; x_wconf 89' lang='lat' dir='ltr'><strong>sub</strong></span> 
     </span>
    </p>
   </div>
   <div class='ocr_carea' id='block_1_18' title="bbox 270 1664 1865 1729">
    <p class='ocr_par' dir='ltr' id='par_1_18' title="bbox 270 1664 1865 1729">
     <span class='ocr_line' id='line_1_18' title="bbox 270 1664 1865 1729; baseline 0.006 -14"><span class='ocrx_word' id='word_1_121' title='bbox 270 1664 579 1716; x_wconf 63' lang='lat' dir='ltr'><strong>aternitate</strong></span> <span class='ocrx_word' id='word_1_122' title='bbox 610 1678 883 1729; x_wconf 88' lang='lat' dir='ltr'><strong>mansura,</strong></span> <span class='ocrx_word' id='word_1_123' title='bbox 912 1664 1062 1727; x_wconf 89' lang='lat' dir='ltr'><strong>dicit,</strong></span> <span class='ocrx_word' id='word_1_124' title='bbox 1089 1666 1311 1720; x_wconf 89' lang='lat' dir='ltr'><strong>mutabis</strong></span> <span class='ocrx_word' id='word_1_125' title='bbox 1339 1680 1472 1725; x_wconf 87' lang='lat' dir='ltr'><strong>ea.et</strong></span> <span class='ocrx_word' id='word_1_126' title='bbox 1501 1669 1865 1725; x_wconf 85' lang='lat' dir='ltr'><strong>mutabuntur:</strong></span> 
     </span>
    </p>
   </div>
   <div class='ocr_carea' id='block_1_19' title="bbox 270 1754 1946 1826">
    <p class='ocr_par' dir='ltr' id='par_1_19' title="bbox 270 1754 1946 1826">
     <span class='ocr_line' id='line_1_19' title="bbox 270 1754 1946 1826; baseline 0.005 -21"><span class='ocrx_word' id='word_1_127' title='bbox 270 1754 399 1821; x_wconf 83' lang='lat' dir='ltr'><strong>quia</strong></span> <span class='ocrx_word' id='word_1_128' title='bbox 442 1768 713 1821; x_wconf 86' lang='lat' dir='ltr'><strong>nunquam</strong></span> <span class='ocrx_word' id='word_1_129' title='bbox 760 1762 919 1807; x_wconf 87' lang='lat' dir='ltr'><strong>erunt</strong></span> <span class='ocrx_word' id='word_1_130' title='bbox 963 1755 1027 1808; x_wconf 90' lang='lat' dir='ltr'><strong>ad</strong></span> <span class='ocrx_word' id='word_1_131' title='bbox 1076 1754 1178 1810; x_wconf 91' lang='lat' dir='ltr'><strong>hoc</strong></span> <span class='ocrx_word' id='word_1_132' title='bbox 1219 1756 1566 1826; x_wconf 89' lang='lat' dir='ltr'><strong>corruptibile</strong></span> <span class='ocrx_word' id='word_1_133' title='bbox 1608 1759 1862 1814; x_wconf 84' lang='lat' dir='ltr'><strong>reditura.</strong></span> <span class='ocrx_word' id='word_1_134' title='bbox 1899 1766 1946 1825; x_wconf 86' lang='grc' dir='ltr'>Β</span> 
     </span>
    </p>
   </div>
   <div class='ocr_carea' id='block_1_20' title="bbox 269 1843 1866 1917">
    <p class='ocr_par' dir='ltr' id='par_1_20' title="bbox 269 1843 1866 1917">
     <span class='ocr_line' id='line_1_20' title="bbox 269 1843 1866 1917; baseline 0.006 -18"><span class='ocrx_word' id='word_1_135' title='bbox 269 1844 409 1899; x_wconf 79' lang='lat' dir='ltr'><strong>Nam</strong></span> <span class='ocrx_word' id='word_1_136' title='bbox 453 1843 498 1897; x_wconf 89' lang='lat' dir='ltr'><strong>si</strong></span> <span class='ocrx_word' id='word_1_137' title='bbox 539 1844 871 1911; x_wconf 84' lang='lat' dir='ltr'><strong>corruptioni</strong></span> <span class='ocrx_word' id='word_1_138' title='bbox 916 1846 1142 1902; x_wconf 86' lang='lat' dir='ltr'><strong>ulterius</strong></span> <span class='ocrx_word' id='word_1_139' title='bbox 1182 1848 1543 1917; x_wconf 72' lang='lat' dir='ltr'><strong>subiacerent,</strong></span> <span class='ocrx_word' id='word_1_140' title='bbox 1582 1866 1687 1905; x_wconf 92' lang='lat' dir='ltr'><strong>non</strong></span> <span class='ocrx_word' id='word_1_141' title='bbox 1721 1854 1866 1908; x_wconf 85' lang='lat' dir='ltr'><strong>dice-</strong></span> 
     </span>
    </p>
   </div>
   <div class='ocr_carea' id='block_1_21' title="bbox 268 1940 1859 2012">
    <p class='ocr_par' dir='ltr' id='par_1_21' title="bbox 268 1940 1859 2012">
     <span class='ocr_line' id='line_1_21' title="bbox 268 1940 1859 2012; baseline 0.006 -22"><span class='ocrx_word' id='word_1_142' title='bbox 268 1947 459 1991; x_wconf 78' lang='lat' dir='ltr'><strong>rentur</strong></span> <span class='ocrx_word' id='word_1_143' title='bbox 492 1951 613 1992; x_wconf 87' lang='lat' dir='ltr'><strong>esse</strong></span> <span class='ocrx_word' id='word_1_144' title='bbox 649 1946 873 2004; x_wconf 90' lang='lat' dir='ltr'><strong>mutata,</strong></span> <span class='ocrx_word' id='word_1_145' title='bbox 913 1940 1049 1994; x_wconf 90' lang='lat' dir='ltr'><strong>sicut</strong></span> <span class='ocrx_word' id='word_1_146' title='bbox 1078 1940 1262 1996; x_wconf 73' lang='lat' dir='ltr'><strong>Daniel</strong></span> <span class='ocrx_word' id='word_1_147' title='bbox 1306 1944 1567 2012; x_wconf 90' lang='lat' dir='ltr'><strong>propheta</strong></span> <span class='ocrx_word' id='word_1_148' title='bbox 1601 1953 1859 2000; x_wconf 83' lang='lat' dir='ltr'><strong>testatur:</strong></span> 
     </span>
    </p>
   </div>
   <div class='ocr_carea' id='block_1_22' title="bbox 271 2028 1862 2105">
    <p class='ocr_par' dir='ltr' id='par_1_22' title="bbox 271 2028 1862 2105">
     <span class='ocr_line' id='line_1_22' title="bbox 271 2028 1862 2105; baseline 0.005 -24"><span class='ocrx_word' id='word_1_149' title='bbox 271 2028 535 2095; x_wconf 78' lang='lat' dir='ltr'><strong>Quoniam</strong></span> <span class='ocrx_word' id='word_1_150' title='bbox 560 2029 808 2098; x_wconf 84' lang='lat' dir='ltr'><strong>sapientia</strong></span> <span class='ocrx_word' id='word_1_151' title='bbox 837 2038 883 2084; x_wconf 88' lang='lat' dir='ltr'><strong>et</strong></span> <span class='ocrx_word' id='word_1_152' title='bbox 917 2031 1100 2097; x_wconf 87' lang='lat' dir='ltr'><strong>virtus,</strong></span> <span class='ocrx_word' id='word_1_153' title='bbox 1133 2040 1181 2085; x_wconf 88' lang='lat' dir='ltr'><strong>et</strong></span> <span class='ocrx_word' id='word_1_154' title='bbox 1207 2034 1495 2090; x_wconf 88' lang='lat' dir='ltr'><strong>intellectus</strong></span> <span class='ocrx_word' id='word_1_155' title='bbox 1522 2036 1684 2105; x_wconf 81' lang='lat' dir='ltr'><strong>ipsius</strong></span> <span class='ocrx_word' id='word_1_156' title='bbox 1724 2048 1862 2104; x_wconf 78' lang='lat' dir='ltr'><strong>sunt,</strong></span> 
     </span>
    </p>
   </div>
   <div class='ocr_carea' id='block_1_23' title="bbox 267 2121 1859 2199">
    <p class='ocr_par' dir='ltr' id='par_1_23' title="bbox 267 2121 1859 2199">
     <span class='ocr_line' id='line_1_23' title="bbox 267 2121 1859 2199; baseline 0.007 -26"><span class='ocrx_word' id='word_1_157' title='bbox 267 2130 316 2173; x_wconf 84' lang='lat' dir='ltr'><strong>et</strong></span> <span class='ocrx_word' id='word_1_158' title='bbox 371 2121 481 2189; x_wconf 86' lang='lat' dir='ltr'><strong>ipse</strong></span> <span class='ocrx_word' id='word_1_159' title='bbox 523 2128 683 2173; x_wconf 83' lang='lat' dir='ltr'><strong>mutat</strong></span> <span class='ocrx_word' id='word_1_160' title='bbox 728 2130 959 2190; x_wconf 83' lang='lat' dir='ltr'><strong>tempora</strong></span> <span class='ocrx_word' id='word_1_161' title='bbox 999 2132 1045 2177; x_wconf 90' lang='lat' dir='ltr'><strong>et</strong></span> <span class='ocrx_word' id='word_1_162' title='bbox 1092 2125 1281 2179; x_wconf 79' lang='lat' dir='ltr'><strong>stecula</strong></span> <span class='ocrx_word' id='word_1_163' title='bbox 1332 2123 1494 2196; x_wconf 84' lang='lat' dir='ltr'><strong>(Dan.</strong></span> <span class='ocrx_word' id='word_1_164' title='bbox 1538 2142 1596 2196; x_wconf 86' lang='lat' dir='ltr'><strong>tt,</strong></span> <span class='ocrx_word' id='word_1_165' title='bbox 1628 2128 1717 2194; x_wconf 64' lang='lat'><strong>90,</strong></span> <span class='ocrx_word' id='word_1_166' title='bbox 1747 2128 1859 2199; x_wconf 77' lang='grc'><strong>21).</strong></span> 
     </span>
    </p>
   </div>
   <div class='ocr_carea' id='block_1_24' title="bbox 266 2210 1865 2291">
    <p class='ocr_par' dir='ltr' id='par_1_24' title="bbox 266 2210 1865 2291">
     <span class='ocr_line' id='line_1_24' title="bbox 266 2210 1865 2291; baseline 0.006 -26"><span class='ocrx_word' id='word_1_167' title='bbox 266 2210 534 2279; x_wconf 83' lang='lat' dir='ltr'><strong>Subjecit,</strong></span> <span class='ocrx_word' id='word_1_168' title='bbox 567 2221 623 2264; x_wconf 86' lang='lat' dir='ltr'><strong>tu</strong></span> <span class='ocrx_word' id='word_1_169' title='bbox 664 2220 831 2266; x_wconf 89' lang='lat' dir='ltr'><strong>autem</strong></span> <span class='ocrx_word' id='word_1_170' title='bbox 868 2214 1005 2267; x_wconf 77' lang='lat' dir='ltr'><strong>idem</strong></span> <span class='ocrx_word' id='word_1_171' title='bbox 1033 2215 1140 2282; x_wconf 91' lang='lat' dir='ltr'><strong>ipse</strong></span> <span class='ocrx_word' id='word_1_172' title='bbox 1168 2231 1242 2281; x_wconf 88' lang='lat' dir='ltr'><strong>es,</strong></span> <span class='ocrx_word' id='word_1_173' title='bbox 1271 2224 1319 2270; x_wconf 88' lang='lat' dir='ltr'><strong>et</strong></span> <span class='ocrx_word' id='word_1_174' title='bbox 1348 2219 1472 2272; x_wconf 82' lang='lat' dir='ltr'><strong>anni</strong></span> <span class='ocrx_word' id='word_1_175' title='bbox 1500 2220 1573 2273; x_wconf 89' lang='lat' dir='ltr'><strong>tui</strong></span> <span class='ocrx_word' id='word_1_176' title='bbox 1606 2236 1707 2274; x_wconf 89' lang='lat' dir='ltr'><strong>non</strong></span> <span class='ocrx_word' id='word_1_177' title='bbox 1736 2222 1865 2291; x_wconf 77' lang='lat' dir='ltr'><strong>deﬁ-</strong></span> 
     </span>
    </p>
   </div>
   <div class='ocr_carea' id='block_1_25' title="bbox 264 2303 1859 2382">
    <p class='ocr_par' dir='ltr' id='par_1_25' title="bbox 264 2303 1859 2382">
     <span class='ocr_line' id='line_1_25' title="bbox 264 2303 1859 2382; baseline 0.008 -27"><span class='ocrx_word' id='word_1_178' title='bbox 264 2305 421 2356; x_wconf 79' lang='lat' dir='ltr'><strong>cient.</strong></span> <span class='ocrx_word' id='word_1_179' title='bbox 458 2303 603 2357; x_wconf 81' lang='lat' dir='ltr'><strong>idem</strong></span> <span class='ocrx_word' id='word_1_180' title='bbox 642 2306 871 2374; x_wconf 86' lang='lat' dir='ltr'><strong>positum</strong></span> <span class='ocrx_word' id='word_1_181' title='bbox 909 2316 993 2362; x_wconf 90' lang='lat' dir='ltr'><strong>est</strong></span> <span class='ocrx_word' id='word_1_182' title='bbox 1020 2317 1203 2363; x_wconf 90' lang='lat' dir='ltr'><strong>contra</strong></span> <span class='ocrx_word' id='word_1_183' title='bbox 1240 2310 1325 2365; x_wconf 86' lang='lat' dir='ltr'><strong>illa</strong></span> <span class='ocrx_word' id='word_1_184' title='bbox 1362 2328 1480 2382; x_wconf 70' lang='lat' dir='ltr'><strong>quae</strong></span> <span class='ocrx_word' id='word_1_185' title='bbox 1519 2312 1656 2368; x_wconf 87' lang='lat' dir='ltr'><strong>dicta</strong></span> <span class='ocrx_word' id='word_1_186' title='bbox 1697 2324 1859 2370; x_wconf 91' lang='lat' dir='ltr'><strong>sunt:</strong></span> 
     </span>
    </p>
   </div>
   <div class='ocr_carea' id='block_1_26' title="bbox 266 2395 1863 2467">
    <p class='ocr_par' dir='ltr' id='par_1_26' title="bbox 266 2395 1863 2467">
     <span class='ocr_line' id='line_1_26' title="bbox 266 2395 1863 2467; baseline 0.008 -19"><span class='ocrx_word' id='word_1_187' title='bbox 266 2395 525 2461; x_wconf 77' lang='lat' dir='ltr'><strong>quoniam</strong></span> <span class='ocrx_word' id='word_1_188' title='bbox 558 2395 681 2449; x_wconf 88' lang='lat' dir='ltr'><strong>dum</strong></span> <span class='ocrx_word' id='word_1_189' title='bbox 711 2395 801 2450; x_wconf 88' lang='lat' dir='ltr'><strong>illa</strong></span> <span class='ocrx_word' id='word_1_190' title='bbox 832 2397 939 2451; x_wconf 89' lang='lat' dir='ltr'><strong>sint</strong></span> <span class='ocrx_word' id='word_1_191' title='bbox 970 2401 1395 2467; x_wconf 76' lang='lat' dir='ltr'><strong>commutabilis,</strong></span> <span class='ocrx_word' id='word_1_192' title='bbox 1433 2403 1691 2458; x_wconf 88' lang='lat' dir='ltr'><strong>Dominus</strong></span> <span class='ocrx_word' id='word_1_193' title='bbox 1718 2420 1863 2460; x_wconf 91' lang='lat' dir='ltr'><strong>sem-</strong></span> 
     </span>
    </p>
   </div>
   <div class='ocr_carea' id='block_1_27' title="bbox 266 2487 1862 2568">
    <p class='ocr_par' dir='ltr' id='par_1_27' title="bbox 266 2487 1862 2568">
     <span class='ocr_line' id='line_1_27' title="bbox 266 2487 1862 2568; baseline 0.011 -31"><span class='ocrx_word' id='word_1_194' title='bbox 266 2500 369 2553; x_wconf 85' lang='lat' dir='ltr'><strong>per</strong></span> <span class='ocrx_word' id='word_1_195' title='bbox 395 2487 740 2543; x_wconf 79' lang='lat' dir='ltr'><strong>immutabilis</strong></span> <span class='ocrx_word' id='word_1_196' title='bbox 770 2499 1097 2559; x_wconf 81' lang='lat' dir='ltr'><strong>perseverat.</strong></span> <span class='ocrx_word' id='word_1_197' title='bbox 1129 2490 1249 2563; x_wconf 87' lang='lat' dir='ltr'><strong>lpse</strong></span> <span class='ocrx_word' id='word_1_198' title='bbox 1273 2493 1716 2564; x_wconf 90' lang='lat' dir='ltr'><strong>omnipotentiam</strong></span> <span class='ocrx_word' id='word_1_199' title='bbox 1743 2499 1862 2568; x_wconf 78' lang='lat' dir='ltr'><strong>ejus</strong></span> 
     </span>
    </p>
   </div>
   <div class='ocr_carea' id='block_1_28' title="bbox 264 2578 1863 2661">
    <p class='ocr_par' dir='ltr' id='par_1_28' title="bbox 264 2578 1863 2661">
     <span class='ocr_line' id='line_1_28' title="bbox 264 2578 1863 2661; baseline 0.011 -30"><span class='ocrx_word' id='word_1_200' title='bbox 264 2578 535 2647; x_wconf 80' lang='lat' dir='ltr'><strong>designat,</strong></span> <span class='ocrx_word' id='word_1_201' title='bbox 582 2580 704 2649; x_wconf 84' lang='lat' dir='ltr'><strong>quia</strong></span> <span class='ocrx_word' id='word_1_202' title='bbox 737 2596 923 2637; x_wconf 78' lang='lat' dir='ltr'><strong>revera</strong></span> <span class='ocrx_word' id='word_1_203' title='bbox 953 2583 1067 2653; x_wconf 83' lang='lat' dir='ltr'><strong>ipse</strong></span> <span class='ocrx_word' id='word_1_204' title='bbox 1093 2593 1196 2652; x_wconf 90' lang='lat' dir='ltr'><strong>est,</strong></span> <span class='ocrx_word' id='word_1_205' title='bbox 1223 2602 1343 2642; x_wconf 91' lang='lat' dir='ltr'><strong>cum</strong></span> <span class='ocrx_word' id='word_1_206' title='bbox 1375 2602 1436 2644; x_wconf 90' lang='lat' dir='ltr'><strong>se</strong></span> <span class='ocrx_word' id='word_1_207' title='bbox 1461 2589 1615 2661; x_wconf 83' lang='lat' dir='ltr'><strong>digna</strong></span> <span class='ocrx_word' id='word_1_208' title='bbox 1648 2605 1863 2660; x_wconf 84' lang='lat' dir='ltr'><strong>semper</strong></span> 
     </span>
    </p>
   </div>
   <div class='ocr_carea' id='block_1_29' title="bbox 266 2673 1856 2749">
    <p class='ocr_par' dir='ltr' id='par_1_29' title="bbox 266 2673 1856 2749">
     <span class='ocr_line' id='line_1_29' title="bbox 266 2673 1856 2749; baseline 0.007 -21"><span class='ocrx_word' id='word_1_209' title='bbox 266 2683 545 2742; x_wconf 86' lang='lat' dir='ltr'><strong>operatur.</strong></span> <span class='ocrx_word' id='word_1_210' title='bbox 597 2673 670 2729; x_wconf 86' lang='lat' dir='ltr'><strong>Es</strong></span> <span class='ocrx_word' id='word_1_211' title='bbox 712 2686 956 2733; x_wconf 89' lang='lat' dir='ltr'><strong>naturam</strong></span> <span class='ocrx_word' id='word_1_212' title='bbox 986 2678 1105 2749; x_wconf 86' lang='lat' dir='ltr'><strong>ejus</strong></span> <span class='ocrx_word' id='word_1_213' title='bbox 1146 2681 1245 2736; x_wconf 92' lang='lat' dir='ltr'><strong>sub</strong></span> <span class='ocrx_word' id='word_1_214' title='bbox 1273 2682 1542 2738; x_wconf 81' lang='lat' dir='ltr'><strong>brevitate</strong></span> <span class='ocrx_word' id='word_1_215' title='bbox 1584 2685 1856 2741; x_wconf 86' lang='lat' dir='ltr'><strong>declarat:</strong></span> 
     </span>
    </p>
   </div>
   <div class='ocr_carea' id='block_1_30' title="bbox 265 2767 1858 2845">
    <p class='ocr_par' dir='ltr' id='par_1_30' title="bbox 265 2767 1858 2845">
     <span class='ocr_line' id='line_1_30' title="bbox 265 2767 1858 2845; baseline 0.009 -25"><span class='ocrx_word' id='word_1_216' title='bbox 265 2768 395 2835; x_wconf 87' lang='lat' dir='ltr'><strong>quia</strong></span> <span class='ocrx_word' id='word_1_217' title='bbox 425 2767 538 2836; x_wconf 90' lang='lat' dir='ltr'><strong>ipse</strong></span> <span class='ocrx_word' id='word_1_218' title='bbox 565 2768 712 2823; x_wconf 89' lang='lat' dir='ltr'><strong>solus</strong></span> <span class='ocrx_word' id='word_1_219' title='bbox 742 2785 835 2837; x_wconf 89' lang='lat' dir='ltr'><strong>per</strong></span> <span class='ocrx_word' id='word_1_220' title='bbox 862 2786 921 2826; x_wconf 90' lang='lat' dir='ltr'><strong>se</strong></span> <span class='ocrx_word' id='word_1_221' title='bbox 947 2773 1088 2827; x_wconf 91' lang='lat' dir='ltr'><strong>novit</strong></span> <span class='ocrx_word' id='word_1_222' title='bbox 1117 2788 1259 2840; x_wconf 84' lang='lat' dir='ltr'><strong>esse,</strong></span> <span class='ocrx_word' id='word_1_223' title='bbox 1290 2776 1380 2845; x_wconf 87' lang='lat' dir='ltr'><strong>qui</strong></span> <span class='ocrx_word' id='word_1_224' title='bbox 1412 2787 1470 2831; x_wconf 91' lang='lat' dir='ltr'><strong>ut</strong></span> <span class='ocrx_word' id='word_1_225' title='bbox 1496 2779 1585 2843; x_wconf 86' lang='lat' dir='ltr'><strong>sit,</strong></span> <span class='ocrx_word' id='word_1_226' title='bbox 1613 2779 1720 2834; x_wconf 91' lang='lat' dir='ltr'><strong>alio</strong></span> <span class='ocrx_word' id='word_1_227' title='bbox 1751 2796 1858 2836; x_wconf 89' lang='lat' dir='ltr'><strong>non</strong></span> 
     </span>
    </p>
   </div>
   <div class='ocr_carea' id='block_1_31' title="bbox 265 2859 1860 2928">
    <p class='ocr_par' dir='ltr' id='par_1_31' title="bbox 265 2859 1860 2928">
     <span class='ocr_line' id='line_1_31' title="bbox 265 2859 1860 2928; baseline 0.01 -18"><span class='ocrx_word' id='word_1_228' title='bbox 265 2868 389 2928; x_wconf 72' lang='lat' dir='ltr'><strong>eget</strong></span> <span class='ocrx_word' id='word_1_229' title='bbox 436 2859 701 2927; x_wconf 88' lang='lat' dir='ltr'><strong>adjutore.</strong></span> <span class='ocrx_word' id='word_1_230' title='bbox 745 2860 835 2918; x_wconf 90' lang='lat' dir='ltr'><strong>Sic</strong></span> <span class='ocrx_word' id='word_1_231' title='bbox 869 2863 987 2917; x_wconf 90' lang='lat' dir='ltr'><strong>istis</strong></span> <span class='ocrx_word' id='word_1_232' title='bbox 1031 2864 1202 2919; x_wconf 86' lang='lat' dir='ltr'><strong>tribus</strong></span> <span class='ocrx_word' id='word_1_233' title='bbox 1243 2866 1491 2921; x_wconf 86' lang='lat' dir='ltr'><strong>versibus</strong></span> <span class='ocrx_word' id='word_1_234' title='bbox 1531 2878 1585 2923; x_wconf 90' lang='lat' dir='ltr'><strong>et</strong></span> <span class='ocrx_word' id='word_1_235' title='bbox 1632 2872 1860 2926; x_wconf 84' lang='lat' dir='ltr'><strong>mutatio</strong></span> 
     </span>
    </p>
   </div>
   <div class='ocr_carea' id='block_1_32' title="bbox 265 2956 1860 3019">
    <p class='ocr_par' dir='ltr' id='par_1_32' title="bbox 265 2956 1860 3019">
     <span class='ocr_line' id='line_1_32' title="bbox 265 2956 1860 3019; baseline 0.009 -14"><span class='ocrx_word' id='word_1_236' title='bbox 265 2962 636 3007; x_wconf 87' lang='lat' dir='ltr'><strong>creaturarum</strong></span> <span class='ocrx_word' id='word_1_237' title='bbox 656 2992 672 3017; x_wconf 90' lang='lat'><strong>,</strong></span> <span class='ocrx_word' id='word_1_238' title='bbox 713 2965 765 3009; x_wconf 89' lang='lat' dir='ltr'><strong>et</strong></span> <span class='ocrx_word' id='word_1_239' title='bbox 793 2957 1064 3012; x_wconf 85' lang='lat' dir='ltr'><strong>aeternitas</strong></span> <span class='ocrx_word' id='word_1_240' title='bbox 1092 2956 1304 3014; x_wconf 88' lang='lat' dir='ltr'><strong>Domini</strong></span> <span class='ocrx_word' id='word_1_241' title='bbox 1334 2960 1564 3015; x_wconf 88' lang='lat' dir='ltr'><strong>mirabili</strong></span> <span class='ocrx_word' id='word_1_242' title='bbox 1594 2962 1860 3019; x_wconf 85' lang='lat' dir='ltr'><strong>brevitate</strong></span> 
     </span>
    </p>
   </div>
   <div class='ocr_carea' id='block_1_33' title="bbox 265 3042 715 3111">
    <p class='ocr_par' dir='ltr' id='par_1_33' title="bbox 265 3042 715 3111">
     <span class='ocr_line' id='line_1_33' title="bbox 265 3042 715 3111; baseline 0.007 -16"><span class='ocrx_word' id='word_1_243' title='bbox 265 3042 537 3111; x_wconf 85' lang='lat' dir='ltr'><strong>descripta</strong></span> <span class='ocrx_word' id='word_1_244' title='bbox 569 3052 715 3098; x_wconf 90' lang='lat' dir='ltr'><strong>sunt.</strong></span> 
     </span>
    </p>
   </div>
   <div class='ocr_carea' id='block_1_34' title="bbox 349 3136 1932 3215">
    <p class='ocr_par' dir='ltr' id='par_1_34' title="bbox 349 3136 1932 3215">
     <span class='ocr_line' id='line_1_34' title="bbox 349 3136 1932 3215; baseline 0.011 -25"><span class='ocrx_word' id='word_1_245' title='bbox 349 3136 501 3192; x_wconf 84' lang='lat' dir='ltr'><strong>Vers.</strong></span> <span class='ocrx_word' id='word_1_246' title='bbox 532 3138 620 3192; x_wconf 81' lang='lat'><strong>50.</strong></span> <span class='ocrx_word' id='word_1_247' title='bbox 662 3136 792 3194; x_wconf 81' lang='lat' dir='ltr'><strong>Filii</strong></span> <span class='ocrx_word' id='word_1_248' title='bbox 820 3157 1082 3196; x_wconf 78' lang='lat' dir='ltr'><strong>servorum</strong></span> <span class='ocrx_word' id='word_1_249' title='bbox 1123 3151 1330 3198; x_wconf 85' lang='lat' dir='ltr'><strong>tuorum</strong></span> <span class='ocrx_word' id='word_1_250' title='bbox 1368 3144 1722 3201; x_wconf 76' lang='lat' dir='ltr'><strong>inhabitabant</strong></span> <span class='ocrx_word' id='word_1_251' title='bbox 1764 3147 1856 3215; x_wconf 86' lang='lat' dir='ltr'><strong>ibi,</strong></span> <span class='ocrx_word' id='word_1_252' title='bbox 1883 3142 1932 3207; x_wconf 86' lang='lat' dir='ltr'>C</span> 
     </span>
    </p>
   </div>
   <div class='ocr_carea' id='block_1_35' title="bbox 265 3233 1858 3309">
    <p class='ocr_par' dir='ltr' id='par_1_35' title="bbox 265 3233 1858 3309">
     <span class='ocr_line' id='line_1_35' title="bbox 265 3233 1858 3309; baseline 0.008 -26"><span class='ocrx_word' id='word_1_253' title='bbox 265 3238 317 3283; x_wconf 83' lang='lat' dir='ltr'><strong>et</strong></span> <span class='ocrx_word' id='word_1_254' title='bbox 343 3246 513 3283; x_wconf 88' lang='lat' dir='ltr'><strong>semen</strong></span> <span class='ocrx_word' id='word_1_255' title='bbox 544 3247 719 3284; x_wconf 84' lang='lat' dir='ltr'><strong>eorum</strong></span> <span class='ocrx_word' id='word_1_256' title='bbox 748 3233 801 3284; x_wconf 88' lang='lat' dir='ltr'><strong>in</strong></span> <span class='ocrx_word' id='word_1_257' title='bbox 827 3234 1070 3288; x_wconf 76' lang='lat' dir='ltr'><strong>steculum</strong></span> <span class='ocrx_word' id='word_1_258' title='bbox 1099 3237 1277 3291; x_wconf 70' lang='grc' dir='ltr'><strong>διεσαιί</strong></span> <span class='ocrx_word' id='word_1_259' title='bbox 1305 3238 1576 3309; x_wconf 83' lang='lat' dir='ltr'><strong>dirigetur.</strong></span> <span class='ocrx_word' id='word_1_260' title='bbox 1610 3238 1858 3295; x_wconf 87' lang='lat' dir='ltr'><strong>Pruden-</strong></span> 
     </span>
    </p>
   </div>
   <div class='ocr_carea' id='block_1_36' title="bbox 266 3321 1859 3403">
    <p class='ocr_par' dir='ltr' id='par_1_36' title="bbox 266 3321 1859 3403">
     <span class='ocr_line' id='line_1_36' title="bbox 266 3321 1859 3403; baseline 0.01 -30"><span class='ocrx_word' id='word_1_261' title='bbox 266 3321 477 3377; x_wconf 88' lang='lat' dir='ltr'><strong>tissime</strong></span> <span class='ocrx_word' id='word_1_262' title='bbox 505 3323 662 3378; x_wconf 89' lang='lat' dir='ltr'><strong>nimis</strong></span> <span class='ocrx_word' id='word_1_263' title='bbox 700 3337 858 3394; x_wconf 71' lang='lat' dir='ltr'><strong>atque</strong></span> <span class='ocrx_word' id='word_1_264' title='bbox 890 3327 1097 3382; x_wconf 88' lang='lat' dir='ltr'><strong>utiliter</strong></span> <span class='ocrx_word' id='word_1_265' title='bbox 1125 3330 1368 3385; x_wconf 85' lang='lat' dir='ltr'><strong>oratione</strong></span> <span class='ocrx_word' id='word_1_266' title='bbox 1409 3332 1699 3401; x_wconf 88' lang='lat' dir='ltr'><strong>completa,</strong></span> <span class='ocrx_word' id='word_1_267' title='bbox 1731 3349 1859 3403; x_wconf 89' lang='lat' dir='ltr'><strong>pau-</strong></span> 
     </span>
    </p>
   </div>
   <div class='ocr_carea' id='block_1_37' title="bbox 265 3410 1857 3486">
    <p class='ocr_par' dir='ltr' id='par_1_37' title="bbox 265 3410 1857 3486">
     <span class='ocr_line' id='line_1_37' title="bbox 265 3410 1857 3486; baseline 0.01 -23"><span class='ocrx_word' id='word_1_268' title='bbox 265 3425 366 3480; x_wconf 84' lang='lat' dir='ltr'><strong>per</strong></span> <span class='ocrx_word' id='word_1_269' title='bbox 402 3410 492 3467; x_wconf 89' lang='lat' dir='ltr'><strong>ille</strong></span> <span class='ocrx_word' id='word_1_270' title='bbox 517 3414 908 3482; x_wconf 81' lang='lat' dir='ltr'><strong>sanctissimus,</strong></span> <span class='ocrx_word' id='word_1_271' title='bbox 950 3416 1016 3473; x_wconf 90' lang='lat' dir='ltr'><strong>de</strong></span> <span class='ocrx_word' id='word_1_272' title='bbox 1048 3428 1386 3486; x_wconf 85' lang='lat' dir='ltr'><strong>peccatorum</strong></span> <span class='ocrx_word' id='word_1_273' title='bbox 1416 3434 1634 3475; x_wconf 88' lang='lat' dir='ltr'><strong>suorum</strong></span> <span class='ocrx_word' id='word_1_274' title='bbox 1668 3424 1857 3478; x_wconf 87' lang='lat' dir='ltr'><strong>remis-</strong></span> 
     </span>
    </p>
   </div>
   <div class='ocr_carea' id='block_1_38' title="bbox 265 3499 1855 3579">
    <p class='ocr_par' dir='ltr' id='par_1_38' title="bbox 265 3499 1855 3579">
     <span class='ocr_line' id='line_1_38' title="bbox 265 3499 1855 3579; baseline 0.011 -26"><span class='ocrx_word' id='word_1_275' title='bbox 265 3500 443 3565; x_wconf 84' lang='lat' dir='ltr'><strong>sione,</strong></span> <span class='ocrx_word' id='word_1_276' title='bbox 474 3499 530 3555; x_wconf 83' lang='lat' dir='ltr'><strong>et</strong></span> <span class='ocrx_word' id='word_1_277' title='bbox 558 3502 624 3556; x_wconf 88' lang='lat' dir='ltr'><strong>de</strong></span> <span class='ocrx_word' id='word_1_278' title='bbox 653 3518 748 3571; x_wconf 89' lang='lat' dir='ltr'><strong>spe</strong></span> <span class='ocrx_word' id='word_1_279' title='bbox 780 3504 952 3559; x_wconf 86' lang='lat' dir='ltr'><strong>futura</strong></span> <span class='ocrx_word' id='word_1_280' title='bbox 984 3508 1393 3564; x_wconf 81' lang='lat' dir='ltr'><strong>resurrectionis</strong></span> <span class='ocrx_word' id='word_1_281' title='bbox 1422 3512 1723 3579; x_wconf 81' lang='lat' dir='ltr'><strong>exsultans,</strong></span> <span class='ocrx_word' id='word_1_282' title='bbox 1767 3530 1855 3570; x_wconf 87' lang='lat' dir='ltr'><strong>ve-</strong></span> 
     </span>
    </p>
   </div>
   <div class='ocr_carea' id='block_1_39' title="bbox 265 3593 1855 3665">
    <p class='ocr_par' dir='ltr' id='par_1_39' title="bbox 265 3593 1855 3665">
     <span class='ocr_line' id='line_1_39' title="bbox 265 3593 1855 3665; baseline 0.009 -18"><span class='ocrx_word' id='word_1_283' title='bbox 265 3593 347 3648; x_wconf 87' lang='lat' dir='ltr'><strong>nit</strong></span> <span class='ocrx_word' id='word_1_284' title='bbox 391 3594 457 3647; x_wconf 88' lang='lat' dir='ltr'><strong>ad</strong></span> <span class='ocrx_word' id='word_1_285' title='bbox 499 3595 781 3649; x_wconf 89' lang='lat' dir='ltr'><strong>terminum</strong></span> <span class='ocrx_word' id='word_1_286' title='bbox 826 3597 1019 3665; x_wconf 89' lang='lat' dir='ltr'><strong>psalmi</strong></span> <span class='ocrx_word' id='word_1_287' title='bbox 1053 3616 1065 3652; x_wconf 92' lang='lat'><strong>:</strong></span> <span class='ocrx_word' id='word_1_288' title='bbox 1102 3599 1188 3655; x_wconf 89' lang='lat' dir='ltr'><strong>ubi</strong></span> <span class='ocrx_word' id='word_1_289' title='bbox 1232 3600 1409 3655; x_wconf 86' lang='lat' dir='ltr'><strong>omnia</strong></span> <span class='ocrx_word' id='word_1_290' title='bbox 1452 3602 1553 3657; x_wconf 92' lang='lat' dir='ltr'><strong>sub</strong></span> <span class='ocrx_word' id='word_1_291' title='bbox 1590 3604 1855 3661; x_wconf 85' lang='lat' dir='ltr'><strong>brevitate</strong></span> 
     </span>
    </p>
   </div>
   <div class='ocr_carea' id='block_1_40' title="bbox 262 3686 1853 3763">
    <p class='ocr_par' dir='ltr' id='par_1_40' title="bbox 262 3686 1853 3763">
     <span class='ocr_line' id='line_1_40' title="bbox 262 3686 1853 3763; baseline 0.009 -23"><span class='ocrx_word' id='word_1_292' title='bbox 262 3686 625 3753; x_wconf 82' lang='lat' dir='ltr'><strong>concludens,</strong></span> <span class='ocrx_word' id='word_1_293' title='bbox 674 3703 731 3744; x_wconf 91' lang='lat' dir='ltr'><strong>se</strong></span> <span class='ocrx_word' id='word_1_294' title='bbox 767 3704 890 3745; x_wconf 92' lang='lat' dir='ltr'><strong>cum</strong></span> <span class='ocrx_word' id='word_1_295' title='bbox 939 3692 1135 3747; x_wconf 82' lang='lat' dir='ltr'><strong>sanctis</strong></span> <span class='ocrx_word' id='word_1_296' title='bbox 1175 3692 1291 3763; x_wconf 87' lang='lat' dir='ltr'><strong>ejus</strong></span> <span class='ocrx_word' id='word_1_297' title='bbox 1332 3694 1690 3751; x_wconf 87' lang='lat' dir='ltr'><strong>habitaturum</strong></span> <span class='ocrx_word' id='word_1_298' title='bbox 1734 3713 1853 3755; x_wconf 72' lang='lat' dir='ltr'><strong>esse</strong></span> 
     </span>
    </p>
   </div>
   <div class='ocr_carea' id='block_1_41' title="bbox 260 3780 1855 3860">
    <p class='ocr_par' dir='ltr' id='par_1_41' title="bbox 260 3780 1855 3860">
     <span class='ocr_line' id='line_1_41' title="bbox 260 3780 1855 3860; baseline 0.009 -27"><span class='ocrx_word' id='word_1_299' title='bbox 260 3780 585 3848; x_wconf 82' lang='lat' dir='ltr'><strong>congaudet,</strong></span> <span class='ocrx_word' id='word_1_300' title='bbox 619 3781 706 3833; x_wconf 84' lang='lat' dir='ltr'><strong>tibi</strong></span> <span class='ocrx_word' id='word_1_301' title='bbox 736 3790 819 3837; x_wconf 89' lang='lat' dir='ltr'><strong>est</strong></span> <span class='ocrx_word' id='word_1_302' title='bbox 848 3797 972 3850; x_wconf 90' lang='lat' dir='ltr'><strong>spes</strong></span> <span class='ocrx_word' id='word_1_303' title='bbox 1000 3783 1231 3852; x_wconf 87' lang='lat' dir='ltr'><strong>gloriosa</strong></span> <span class='ocrx_word' id='word_1_304' title='bbox 1264 3784 1518 3854; x_wconf 84' lang='lat' dir='ltr'><strong>fidelium,</strong></span> <span class='ocrx_word' id='word_1_305' title='bbox 1554 3797 1613 3843; x_wconf 91' lang='lat' dir='ltr'><strong>et</strong></span> <span class='ocrx_word' id='word_1_306' title='bbox 1643 3793 1855 3860; x_wconf 88' lang='lat' dir='ltr'><strong>requies</strong></span> 
     </span>
    </p>
   </div>
   <div class='ocr_carea' id='block_1_42' title="bbox 262 3870 1855 3949">
    <p class='ocr_par' dir='ltr' id='par_1_42' title="bbox 262 3870 1855 3949">
     <span class='ocr_line' id='line_1_42' title="bbox 262 3870 1855 3949; baseline 0.008 -26"><span class='ocrx_word' id='word_1_307' title='bbox 262 3880 467 3923; x_wconf 60' lang='lat' dir='ltr'><strong>alterna</strong></span> <span class='ocrx_word' id='word_1_308' title='bbox 497 3870 784 3940; x_wconf 84' lang='lat' dir='ltr'><strong>justorum.</strong></span> <span class='ocrx_word' id='word_1_309' title='bbox 822 3870 989 3927; x_wconf 84' lang='lat' dir='ltr'><strong>Filios</strong></span> <span class='ocrx_word' id='word_1_310' title='bbox 1017 3890 1276 3929; x_wconf 85' lang='lat' dir='ltr'><strong>servorum</strong></span> <span class='ocrx_word' id='word_1_311' title='bbox 1305 3885 1527 3945; x_wconf 89' lang='lat' dir='ltr'><strong>tuorum,</strong></span> <span class='ocrx_word' id='word_1_312' title='bbox 1562 3878 1855 3949; x_wconf 86' lang='lat' dir='ltr'><strong>discipulos</strong></span> 
     </span>
    </p>
   </div>
   <div class='ocr_carea' id='block_1_43' title="bbox 266 3961 1855 4038">
    <p class='ocr_par' dir='ltr' id='par_1_43' title="bbox 266 3961 1855 4038">
     <span class='ocr_line' id='line_1_43' title="bbox 266 3961 1855 4038; baseline 0.01 -25"><span class='ocrx_word' id='word_1_313' title='bbox 266 3961 650 4029; x_wconf 84' lang='lat' dir='ltr'><strong>praplietarum</strong></span> <span class='ocrx_word' id='word_1_314' title='bbox 679 3971 731 4018; x_wconf 91' lang='lat' dir='ltr'><strong>et</strong></span> <span class='ocrx_word' id='word_1_315' title='bbox 753 3966 1118 4032; x_wconf 77' lang='lat' dir='ltr'><strong>aposmlorum</strong></span> <span class='ocrx_word' id='word_1_316' title='bbox 1143 3968 1292 4036; x_wconf 89' lang='lat' dir='ltr'><strong>dicit,</strong></span> <span class='ocrx_word' id='word_1_317' title='bbox 1318 3984 1454 4038; x_wconf 90' lang='lat' dir='ltr'><strong>quos</strong></span> <span class='ocrx_word' id='word_1_318' title='bbox 1479 3986 1571 4037; x_wconf 89' lang='lat' dir='ltr'><strong>per</strong></span> <span class='ocrx_word' id='word_1_319' title='bbox 1596 3972 1717 4028; x_wconf 83' lang='lat' dir='ltr'><strong>ﬁdei</strong></span> <span class='ocrx_word' id='word_1_320' title='bbox 1741 3982 1855 4029; x_wconf 85' lang='lat' dir='ltr'><strong>ute-</strong></span> 
     </span>
    </p>
   </div>
   <div class='ocr_carea' id='block_1_44' title="bbox 262 4056 1853 4133">
    <p class='ocr_par' dir='ltr' id='par_1_44' title="bbox 262 4056 1853 4133">
     <span class='ocr_line' id='line_1_44' title="bbox 262 4056 1853 4133; baseline 0.009 -27"><span class='ocrx_word' id='word_1_321' title='bbox 262 4068 385 4106; x_wconf 90' lang='lat' dir='ltr'><strong>rum</strong></span> <span class='ocrx_word' id='word_1_322' title='bbox 417 4063 596 4109; x_wconf 87' lang='lat' dir='ltr'><strong>sancta</strong></span> <span class='ocrx_word' id='word_1_323' title='bbox 621 4056 1001 4124; x_wconf 73' lang='lat' dir='ltr'><strong>prccdicatiouc</strong></span> <span class='ocrx_word' id='word_1_324' title='bbox 1024 4070 1355 4127; x_wconf 75' lang='lat' dir='ltr'><strong>genuerunt;</strong></span> <span class='ocrx_word' id='word_1_325' title='bbox 1388 4061 1581 4130; x_wconf 87' lang='lat' dir='ltr'><strong>quibus</strong></span> <span class='ocrx_word' id='word_1_326' title='bbox 1611 4064 1686 4117; x_wconf 87' lang='lat' dir='ltr'><strong>ait</strong></span> <span class='ocrx_word' id='word_1_327' title='bbox 1711 4065 1853 4133; x_wconf 84' lang='lat' dir='ltr'><strong>Apo-</strong></span> 
     </span>
    </p>
   </div>
   <div class='ocr_carea' id='block_1_45' title="bbox 258 4143 1850 4228">
    <p class='ocr_par' dir='ltr' id='par_1_45' title="bbox 258 4143 1850 4228">
     <span class='ocr_line' id='line_1_45' title="bbox 258 4143 1850 4228; baseline 0.009 -30"><span class='ocrx_word' id='word_1_328' title='bbox 258 4145 473 4199; x_wconf 77' lang='lat' dir='ltr'><strong>stolus:</strong></span> <span class='ocrx_word' id='word_1_329' title='bbox 501 4143 680 4200; x_wconf 81' lang='lat' dir='ltr'><strong>Filioli</strong></span> <span class='ocrx_word' id='word_1_330' title='bbox 711 4149 827 4211; x_wconf 89' lang='lat' dir='ltr'><strong>mei,</strong></span> <span class='ocrx_word' id='word_1_331' title='bbox 851 4165 974 4219; x_wconf 83' lang='lat' dir='ltr'><strong>quos</strong></span> <span class='ocrx_word' id='word_1_332' title='bbox 1004 4151 1185 4204; x_wconf 86' lang='lat' dir='ltr'><strong>iterum</strong></span> <span class='ocrx_word' id='word_1_333' title='bbox 1208 4154 1437 4219; x_wconf 86' lang='lat' dir='ltr'><strong>parturio</strong></span> <span class='ocrx_word' id='word_1_334' title='bbox 1462 4154 1603 4226; x_wconf 84' lang='lat' dir='ltr'><strong>(Gal.</strong></span> <span class='ocrx_word' id='word_1_335' title='bbox 1634 4173 1702 4223; x_wconf 87' lang='lat' dir='ltr'><strong>tv,</strong></span> <span class='ocrx_word' id='word_1_336' title='bbox 1732 4158 1850 4228; x_wconf 75' lang='lat'><strong>19);</strong></span> 
     </span>
    </p>
   </div>
   <div class='ocr_carea' id='block_1_46' title="bbox 263 4234 1856 4317">
    <p class='ocr_par' dir='ltr' id='par_1_46' title="bbox 263 4234 1856 4317">
     <span class='ocr_line' id='line_1_46' title="bbox 263 4234 1856 4317; baseline 0.013 -31"><span class='ocrx_word' id='word_1_337' title='bbox 263 4234 369 4290; x_wconf 86' lang='lat' dir='ltr'><strong>hoc</strong></span> <span class='ocrx_word' id='word_1_338' title='bbox 415 4236 573 4291; x_wconf 88' lang='lat' dir='ltr'><strong>etiam</strong></span> <span class='ocrx_word' id='word_1_339' title='bbox 622 4239 687 4292; x_wconf 88' lang='lat' dir='ltr'><strong>ad</strong></span> <span class='ocrx_word' id='word_1_340' title='bbox 734 4239 1071 4293; x_wconf 83' lang='lat' dir='ltr'><strong>Timotheum</strong></span> <span class='ocrx_word' id='word_1_341' title='bbox 1113 4243 1353 4298; x_wconf 81' lang='lat' dir='ltr'><strong>scribens</strong></span> <span class='ocrx_word' id='word_1_342' title='bbox 1408 4234 1467 4300; x_wconf 75' lang='lat' dir='ltr'><strong>in</strong></span> <span class='ocrx_word' id='word_1_343' title='bbox 1499 4246 1670 4317; x_wconf 84' lang='lat' dir='ltr'><strong>capite</strong></span> <span class='ocrx_word' id='word_1_344' title='bbox 1721 4250 1856 4307; x_wconf 78' lang='lat' dir='ltr'><strong>dixit</strong></span> 
     </span>
    </p>
   </div>
   <div class='ocr_carea' id='block_1_47' title="bbox 266 4324 1855 4409">
    <p class='ocr_par' dir='ltr' id='par_1_47' title="bbox 266 4324 1855 4409">
     <span class='ocr_line' id='line_1_47' title="bbox 266 4324 1855 4409; baseline 0.013 -32"><span class='ocrx_word' id='word_1_345' title='bbox 266 4324 520 4392; x_wconf 66' lang='lat' dir='ltr'><strong>Epistolas</strong></span> <span class='ocrx_word' id='word_1_346' title='bbox 544 4345 555 4382; x_wconf 92' lang='lat'><strong>:</strong></span> <span class='ocrx_word' id='word_1_347' title='bbox 579 4325 717 4381; x_wconf 87' lang='lat' dir='ltr'><strong>Filio</strong></span> <span class='ocrx_word' id='word_1_348' title='bbox 739 4327 1037 4384; x_wconf 79' lang='lat' dir='ltr'><strong>charissima</strong></span> <span class='ocrx_word' id='word_1_349' title='bbox 1061 4330 1143 4401; x_wconf 86' lang='lat' dir='ltr'><strong>(ll</strong></span> <span class='ocrx_word' id='word_1_350' title='bbox 1165 4332 1300 4386; x_wconf 87' lang='lat' dir='ltr'><strong>’l‘im.</strong></span> <span class='ocrx_word' id='word_1_351' title='bbox 1326 4350 1363 4399; x_wconf 92' lang='lat' dir='ltr'><strong>t,</strong></span> <span class='ocrx_word' id='word_1_352' title='bbox 1386 4335 1461 4404; x_wconf 71' lang='lat'><strong>2),</strong></span> <span class='ocrx_word' id='word_1_353' title='bbox 1487 4352 1644 4405; x_wconf 86' lang='lat' dir='ltr'><strong>quem</strong></span> <span class='ocrx_word' id='word_1_354' title='bbox 1672 4338 1855 4409; x_wconf 89' lang='lat' dir='ltr'><strong>utique</strong></span> 
     </span>
    </p>
   </div>
   <div class='ocr_carea' id='block_1_48' title="bbox 262 4419 1849 4495">
    <p class='ocr_par' dir='ltr' id='par_1_48' title="bbox 262 4419 1849 4495">
     <span class='ocr_line' id='line_1_48' title="bbox 262 4419 1849 4495; baseline 0.01 -24"><span class='ocrx_word' id='word_1_355' title='bbox 262 4428 526 4486; x_wconf 77' lang='lat' dir='ltr'><strong>genuerat</strong></span> <span class='ocrx_word' id='word_1_356' title='bbox 555 4419 676 4482; x_wconf 83' lang='lat' dir='ltr'><strong>fide,</strong></span> <span class='ocrx_word' id='word_1_357' title='bbox 712 4436 819 4474; x_wconf 92' lang='lat' dir='ltr'><strong>non</strong></span> <span class='ocrx_word' id='word_1_358' title='bbox 850 4436 1097 4491; x_wconf 90' lang='lat' dir='ltr'><strong>corpore.</strong></span> <span class='ocrx_word' id='word_1_359' title='bbox 1132 4421 1499 4481; x_wconf 84' lang='lat' dir='ltr'><strong>Inhabitabunt</strong></span> <span class='ocrx_word' id='word_1_360' title='bbox 1537 4429 1625 4495; x_wconf 87' lang='lat' dir='ltr'><strong>ibi,</strong></span> <span class='ocrx_word' id='word_1_361' title='bbox 1678 4432 1849 4487; x_wconf 89' lang='lat' dir='ltr'><strong>locum</strong></span> 
     </span>
    </p>
   </div>
   <div class='ocr_carea' id='block_1_49' title="bbox 1980 474 3567 551">
    <p class='ocr_par' dir='ltr' id='par_1_49' title="bbox 1980 474 3567 551">
     <span class='ocr_line' id='line_1_49' title="bbox 1980 474 3567 551; baseline 0.009 -24"><span class='ocrx_word' id='word_1_362' title='bbox 1980 474 2247 546; x_wconf 80' lang='lat' dir='ltr'><strong>dirigetur.</strong></span> <span class='ocrx_word' id='word_1_363' title='bbox 2314 476 2501 531; x_wconf 84' lang='lat' dir='ltr'><strong>Semen</strong></span> <span class='ocrx_word' id='word_1_364' title='bbox 2553 494 2729 532; x_wconf 81' lang='lat' dir='ltr'><strong>eorum</strong></span> <span class='ocrx_word' id='word_1_365' title='bbox 2777 480 3043 549; x_wconf 79' lang='lat' dir='ltr'><strong>signiﬁcat</strong></span> <span class='ocrx_word' id='word_1_366' title='bbox 3089 496 3252 549; x_wconf 85' lang='lat' dir='ltr'><strong>Opera</strong></span> <span class='ocrx_word' id='word_1_367' title='bbox 3306 484 3567 551; x_wconf 72' lang='lat' dir='ltr'><strong>fidelium,</strong></span> 
     </span>
    </p>
   </div>
   <div class='ocr_carea' id='block_1_50' title="bbox 1977 566 3570 636">
    <p class='ocr_par' dir='ltr' id='par_1_50' title="bbox 1977 566 3570 636">
     <span class='ocr_line' id='line_1_50' title="bbox 1977 566 3570 636; baseline 0.008 -17"><span class='ocrx_word' id='word_1_368' title='bbox 1977 581 2097 635; x_wconf 72' lang='lat' dir='ltr'><strong>qua:</strong></span> <span class='ocrx_word' id='word_1_369' title='bbox 2126 566 2177 620; x_wconf 92' lang='lat' dir='ltr'><strong>in</strong></span> <span class='ocrx_word' id='word_1_370' title='bbox 2209 566 2310 622; x_wconf 91' lang='lat' dir='ltr'><strong>hoc</strong></span> <span class='ocrx_word' id='word_1_371' title='bbox 2341 568 2541 622; x_wconf 87' lang='lat' dir='ltr'><strong>mundo</strong></span> <span class='ocrx_word' id='word_1_372' title='bbox 2579 570 2929 636; x_wconf 89' lang='lat' dir='ltr'><strong>seminantur,</strong></span> <span class='ocrx_word' id='word_1_373' title='bbox 2970 582 3024 626; x_wconf 92' lang='lat' dir='ltr'><strong>ut</strong></span> <span class='ocrx_word' id='word_1_374' title='bbox 3064 573 3113 627; x_wconf 91' lang='lat' dir='ltr'><strong>in</strong></span> <span class='ocrx_word' id='word_1_375' title='bbox 3155 574 3242 627; x_wconf 91' lang='lat' dir='ltr'><strong>illa</strong></span> <span class='ocrx_word' id='word_1_376' title='bbox 3272 577 3570 632; x_wconf 77' lang='lat' dir='ltr'><strong>mternitate</strong></span> 
     </span>
    </p>
   </div>
   <div class='ocr_carea' id='block_1_51' title="bbox 1976 659 3569 736">
    <p class='ocr_par' dir='ltr' id='par_1_51' title="bbox 1976 659 3569 736">
     <span class='ocr_line' id='line_1_51' title="bbox 1976 659 3569 736; baseline 0.008 -25"><span class='ocrx_word' id='word_1_377' title='bbox 1976 672 2161 712; x_wconf 88' lang='lat' dir='ltr'><strong>eorum</strong></span> <span class='ocrx_word' id='word_1_378' title='bbox 2196 659 2480 715; x_wconf 88' lang='lat' dir='ltr'><strong>laudabilis</strong></span> <span class='ocrx_word' id='word_1_379' title='bbox 2508 660 2710 717; x_wconf 85' lang='lat' dir='ltr'><strong>fructus</strong></span> <span class='ocrx_word' id='word_1_380' title='bbox 2743 674 3020 733; x_wconf 81' lang='lat' dir='ltr'><strong>appareat.</strong></span> <span class='ocrx_word' id='word_1_381' title='bbox 3058 665 3121 719; x_wconf 89' lang='lat' dir='ltr'><strong>Et</strong></span> <span class='ocrx_word' id='word_1_382' title='bbox 3153 666 3372 721; x_wconf 79' lang='lat' dir='ltr'><strong>intende</strong></span> <span class='ocrx_word' id='word_1_383' title='bbox 3402 685 3569 736; x_wconf 86' lang='lat' dir='ltr'><strong>quare</strong></span> 
     </span>
    </p>
   </div>
   <div class='ocr_carea' id='block_1_52' title="bbox 1976 752 3573 837">
    <p class='ocr_par' dir='ltr' id='par_1_52' title="bbox 1976 752 3573 837">
     <span class='ocr_line' id='line_1_52' title="bbox 1976 752 3573 837; baseline 0.009 -33"><span class='ocrx_word' id='word_1_384' title='bbox 1976 752 2047 807; x_wconf 85' lang='lat' dir='ltr'><strong>sit</strong></span> <span class='ocrx_word' id='word_1_385' title='bbox 2077 754 2331 822; x_wconf 87' lang='lat' dir='ltr'><strong>positum,</strong></span> <span class='ocrx_word' id='word_1_386' title='bbox 2366 756 2651 826; x_wconf 85' lang='lat' dir='ltr'><strong>dirigetur;</strong></span> <span class='ocrx_word' id='word_1_387' title='bbox 2680 757 2885 813; x_wconf 88' lang='lat' dir='ltr'><strong>scilicet</strong></span> <span class='ocrx_word' id='word_1_388' title='bbox 2913 760 3164 828; x_wconf 90' lang='lat' dir='ltr'><strong>quoniam</strong></span> <span class='ocrx_word' id='word_1_389' title='bbox 3197 777 3315 832; x_wconf 71' lang='lat' dir='ltr'><strong>qum.</strong></span> <span class='ocrx_word' id='word_1_390' title='bbox 3346 762 3422 837; x_wconf 88' lang='lat' dir='ltr'><strong>ibi</strong></span> <span class='ocrx_word' id='word_1_391' title='bbox 3453 777 3573 821; x_wconf 73' lang='lat' dir='ltr'><strong>sus~</strong></span> 
     </span>
    </p>
   </div>
   <div class='ocr_carea' id='block_1_53' title="bbox 1976 847 3567 925">
    <p class='ocr_par' dir='ltr' id='par_1_53' title="bbox 1976 847 3567 925">
     <span class='ocr_line' id='line_1_53' title="bbox 1976 847 3567 925; baseline 0.008 -26"><span class='ocrx_word' id='word_1_392' title='bbox 1976 855 2128 917; x_wconf 86' lang='lat' dir='ltr'><strong>cepta</strong></span> <span class='ocrx_word' id='word_1_393' title='bbox 2178 847 2398 915; x_wconf 88' lang='lat' dir='ltr'><strong>fuerint,</strong></span> <span class='ocrx_word' id='word_1_394' title='bbox 2434 850 2486 903; x_wconf 92' lang='lat' dir='ltr'><strong>in</strong></span> <span class='ocrx_word' id='word_1_395' title='bbox 2537 861 2735 905; x_wconf 79' lang='lat' dir='ltr'><strong>aeterna</strong></span> <span class='ocrx_word' id='word_1_396' title='bbox 2780 850 3161 907; x_wconf 89' lang='lat' dir='ltr'><strong>directitudine</strong></span> <span class='ocrx_word' id='word_1_397' title='bbox 3208 854 3567 925; x_wconf 88' lang='lat' dir='ltr'><strong>collocantur,</strong></span> 
     </span>
    </p>
   </div>
   <div class='ocr_carea' id='block_1_54' title="bbox 1978 938 3567 1015">
    <p class='ocr_par' dir='ltr' id='par_1_54' title="bbox 1978 938 3567 1015">
     <span class='ocr_line' id='line_1_54' title="bbox 1978 938 3567 1015; baseline 0.011 -24"><span class='ocrx_word' id='word_1_398' title='bbox 1978 938 2065 992; x_wconf 90' lang='lat' dir='ltr'><strong>ubi</strong></span> <span class='ocrx_word' id='word_1_399' title='bbox 2114 938 2247 992; x_wconf 86' lang='lat' dir='ltr'><strong>nihil</strong></span> <span class='ocrx_word' id='word_1_400' title='bbox 2302 955 2548 1008; x_wconf 89' lang='lat' dir='ltr'><strong>pravum,</strong></span> <span class='ocrx_word' id='word_1_401' title='bbox 2593 942 2723 996; x_wconf 88' lang='lat' dir='ltr'><strong>nihil</strong></span> <span class='ocrx_word' id='word_1_402' title='bbox 2755 952 2929 1012; x_wconf 89' lang='lat' dir='ltr'><strong>potest</strong></span> <span class='ocrx_word' id='word_1_403' title='bbox 2966 960 3088 1000; x_wconf 91' lang='lat' dir='ltr'><strong>esse</strong></span> <span class='ocrx_word' id='word_1_404' title='bbox 3128 945 3433 1015; x_wconf 88' lang='lat' dir='ltr'><strong>distortum,</strong></span> <span class='ocrx_word' id='word_1_405' title='bbox 3472 951 3567 1008; x_wconf 85' lang='lat' dir='ltr'><strong>sed</strong></span> 
     </span>
    </p>
   </div>
   <div class='ocr_carea' id='block_1_55' title="bbox 1973 1030 3561 1107">
    <p class='ocr_par' dir='ltr' id='par_1_55' title="bbox 1973 1030 3561 1107">
     <span class='ocr_line' id='line_1_55' title="bbox 1973 1030 3561 1107; baseline 0.009 -25"><span class='ocrx_word' id='word_1_406' title='bbox 1973 1030 2144 1083; x_wconf 91' lang='lat' dir='ltr'><strong>sancti</strong></span> <span class='ocrx_word' id='word_1_407' title='bbox 2167 1032 2285 1099; x_wconf 91' lang='lat' dir='ltr'><strong>ejus</strong></span> <span class='ocrx_word' id='word_1_408' title='bbox 2312 1045 2432 1084; x_wconf 90' lang='lat' dir='ltr'><strong>cum</strong></span> <span class='ocrx_word' id='word_1_409' title='bbox 2466 1032 2691 1087; x_wconf 90' lang='lat' dir='ltr'><strong>Domino</strong></span> <span class='ocrx_word' id='word_1_410' title='bbox 2717 1034 2994 1091; x_wconf 88' lang='lat' dir='ltr'><strong>Salvatore</strong></span> <span class='ocrx_word' id='word_1_411' title='bbox 3026 1044 3171 1091; x_wconf 90' lang='lat' dir='ltr'><strong>recta</strong></span> <span class='ocrx_word' id='word_1_412' title='bbox 3197 1046 3355 1107; x_wconf 76' lang='lat' dir='ltr'><strong>atque</strong></span> <span class='ocrx_word' id='word_1_413' title='bbox 3385 1040 3561 1097; x_wconf 88' lang='lat' dir='ltr'><strong>stabili</strong></span> 
     </span>
    </p>
   </div>
   <div class='ocr_carea' id='block_1_56' title="bbox 1974 1120 2610 1192">
    <p class='ocr_par' dir='ltr' id='par_1_56' title="bbox 1974 1120 2610 1192">
     <span class='ocr_line' id='line_1_56' title="bbox 1974 1120 2610 1192; baseline 0.006 -19"><span class='ocrx_word' id='word_1_414' title='bbox 1974 1120 2252 1177; x_wconf 84' lang='lat' dir='ltr'><strong>voluntate</strong></span> <span class='ocrx_word' id='word_1_415' title='bbox 2277 1122 2610 1192; x_wconf 83' lang='lat' dir='ltr'><strong>gaudebunt.</strong></span> 
     </span>
    </p>
   </div>
   <div class='ocr_carea' id='block_1_57' title="bbox 2508 1221 3026 1291">
    <p class='ocr_par' dir='ltr' id='par_1_57' title="bbox 2508 1221 3026 1291">
     <span class='ocr_line' id='line_1_57' title="bbox 2508 1221 3026 1291; baseline 0.004 -14"><span class='ocrx_word' id='word_1_416' title='bbox 2508 1221 2785 1278; x_wconf 76' lang='lat' dir='ltr'><strong>Conclusio</strong></span> <span class='ocrx_word' id='word_1_417' title='bbox 2823 1226 3026 1291; x_wconf 84' lang='lat' dir='ltr'><strong>psalmi.</strong></span> 
     </span>
    </p>
   </div>
   <div class='ocr_carea' id='block_1_58' title="bbox 2044 1332 3564 1413">
    <p class='ocr_par' dir='ltr' id='par_1_58' title="bbox 2044 1332 3564 1413">
     <span class='ocr_line' id='line_1_58' title="bbox 2044 1332 3564 1413; baseline 0.011 -29"><span class='ocrx_word' id='word_1_418' title='bbox 2044 1332 2211 1399; x_wconf 86' lang='lat' dir='ltr'><strong>Quam</strong></span> <span class='ocrx_word' id='word_1_419' title='bbox 2256 1332 2483 1389; x_wconf 77' lang='lat' dir='ltr'><strong>feliciter</strong></span> <span class='ocrx_word' id='word_1_420' title='bbox 2531 1336 2723 1390; x_wconf 83' lang='lat' dir='ltr'><strong>anxius</strong></span> <span class='ocrx_word' id='word_1_421' title='bbox 2765 1336 2869 1393; x_wconf 90' lang='lat' dir='ltr'><strong>iste</strong></span> <span class='ocrx_word' id='word_1_422' title='bbox 2897 1338 3134 1407; x_wconf 81' lang='lat' dir='ltr'><strong>deflevit,</strong></span> <span class='ocrx_word' id='word_1_423' title='bbox 3180 1357 3459 1413; x_wconf 85' lang='lat' dir='ltr'><strong>quousque</strong></span> <span class='ocrx_word' id='word_1_424' title='bbox 3497 1347 3564 1401; x_wconf 87' lang='lat' dir='ltr'><strong>ad</strong></span> 
     </span>
    </p>
   </div>
   <div class='ocr_carea' id='block_1_59' title="bbox 1971 1422 3564 1507">
    <p class='ocr_par' dir='ltr' id='par_1_59' title="bbox 1971 1422 3564 1507">
     <span class='ocr_line' id='line_1_59' title="bbox 1971 1422 3564 1507; baseline 0.011 -32"><span class='ocrx_word' id='word_1_425' title='bbox 1971 1423 2163 1490; x_wconf 88' lang='lat' dir='ltr'><strong>gaudia</strong></span> <span class='ocrx_word' id='word_1_426' title='bbox 2189 1438 2248 1478; x_wconf 90' lang='lat' dir='ltr'><strong>se</strong></span> <span class='ocrx_word' id='word_1_427' title='bbox 2276 1422 2651 1480; x_wconf 87' lang='lat' dir='ltr'><strong>discruciando</strong></span> <span class='ocrx_word' id='word_1_428' title='bbox 2682 1429 2925 1496; x_wconf 86' lang='lat' dir='ltr'><strong>pervenit</strong></span> <span class='ocrx_word' id='word_1_429' title='bbox 2954 1431 2966 1484; x_wconf 86' lang='lat' dir='ltr'><strong>l</strong></span> <span class='ocrx_word' id='word_1_430' title='bbox 3004 1431 3215 1487; x_wconf 84' lang='lat' dir='ltr'><strong>Pridem</strong></span> <span class='ocrx_word' id='word_1_431' title='bbox 3248 1435 3445 1490; x_wconf 89' lang='lat' dir='ltr'><strong>similis</strong></span> <span class='ocrx_word' id='word_1_432' title='bbox 3473 1453 3564 1507; x_wconf 87' lang='lat' dir='ltr'><strong>pe-</strong></span> 
     </span>
    </p>
   </div>
   <div class='ocr_carea' id='block_1_60' title="bbox 1972 1515 3561 1598">
    <p class='ocr_par' dir='ltr' id='par_1_60' title="bbox 1972 1515 3561 1598">
     <span class='ocr_line' id='line_1_60' title="bbox 1972 1515 3561 1598; baseline 0.01 -29"><span class='ocrx_word' id='word_1_433' title='bbox 1972 1515 2146 1572; x_wconf 89' lang='lat' dir='ltr'><strong>licano</strong></span> <span class='ocrx_word' id='word_1_434' title='bbox 2175 1516 2296 1586; x_wconf 85' lang='lat' dir='ltr'><strong>fuit,</strong></span> <span class='ocrx_word' id='word_1_435' title='bbox 2324 1519 2376 1573; x_wconf 93' lang='lat' dir='ltr'><strong>in</strong></span> <span class='ocrx_word' id='word_1_436' title='bbox 2399 1519 2850 1591; x_wconf 83' lang='lat' dir='ltr'><strong>subsequentibus</strong></span> <span class='ocrx_word' id='word_1_437' title='bbox 2874 1525 3109 1591; x_wconf 73' lang='lat' dir='ltr'><strong>plimuici</strong></span> <span class='ocrx_word' id='word_1_438' title='bbox 3131 1532 3561 1598; x_wconf 87' lang='lat' dir='ltr'><strong>comparandus;</strong></span> 
     </span>
    </p>
   </div>
   <div class='ocr_carea' id='block_1_61' title="bbox 1972 1610 3564 1691">
    <p class='ocr_par' dir='ltr' id='par_1_61' title="bbox 1972 1610 3564 1691">
     <span class='ocr_line' id='line_1_61' title="bbox 1972 1610 3564 1691; baseline 0.011 -30"><span class='ocrx_word' id='word_1_439' title='bbox 1972 1610 2177 1679; x_wconf 87' lang='lat' dir='ltr'><strong>pridem</strong></span> <span class='ocrx_word' id='word_1_440' title='bbox 2227 1612 2561 1683; x_wconf 81' lang='lat' dir='ltr'><strong>nyctieorax,</strong></span> <span class='ocrx_word' id='word_1_441' title='bbox 2592 1624 2712 1683; x_wconf 92' lang='lat' dir='ltr'><strong>post</strong></span> <span class='ocrx_word' id='word_1_442' title='bbox 2760 1618 2963 1686; x_wconf 88' lang='lat' dir='ltr'><strong>aquila;</strong></span> <span class='ocrx_word' id='word_1_443' title='bbox 3013 1631 3138 1675; x_wconf 88' lang='lat' dir='ltr'><strong>ante</strong></span> <span class='ocrx_word' id='word_1_444' title='bbox 3185 1638 3392 1691; x_wconf 81' lang='lat' dir='ltr'><strong>passer,</strong></span> <span class='ocrx_word' id='word_1_445' title='bbox 3440 1625 3564 1679; x_wconf 80' lang='lat' dir='ltr'><strong>inde</strong></span> 
     </span>
    </p>
   </div>
   <div class='ocr_carea' id='block_1_62' title="bbox 1973 1698 3563 1774">
    <p class='ocr_par' dir='ltr' id='par_1_62' title="bbox 1973 1698 3563 1774">
     <span class='ocr_line' id='line_1_62' title="bbox 1973 1698 3563 1774; baseline 0.011 -20"><span class='ocrx_word' id='word_1_446' title='bbox 1973 1698 2144 1756; x_wconf 85' lang='lat' dir='ltr'><strong>factus</strong></span> <span class='ocrx_word' id='word_1_447' title='bbox 2185 1712 2270 1757; x_wconf 88' lang='lat' dir='ltr'><strong>est</strong></span> <span class='ocrx_word' id='word_1_448' title='bbox 2305 1704 2549 1758; x_wconf 92' lang='lat' dir='ltr'><strong>columba</strong></span> <span class='ocrx_word' id='word_1_449' title='bbox 2589 1707 2866 1774; x_wconf 64' lang='lat' dir='ltr'><strong>praeclara.</strong></span> <span class='ocrx_word' id='word_1_450' title='bbox 2912 1708 3069 1764; x_wconf 63' lang='lat' dir='ltr'><strong>Tales</strong></span> <span class='ocrx_word' id='word_1_451' title='bbox 3112 1714 3563 1771; x_wconf 83' lang='lat' dir='ltr'><strong>commutationes</strong></span> 
     </span>
    </p>
   </div>
   <div class='ocr_carea' id='block_1_63' title="bbox 1972 1793 3561 1880">
    <p class='ocr_par' dir='ltr' id='par_1_63' title="bbox 1972 1793 3561 1880">
     <span class='ocr_line' id='line_1_63' title="bbox 1972 1793 3561 1880; baseline 0.013 -34"><span class='ocrx_word' id='word_1_452' title='bbox 1972 1793 2171 1850; x_wconf 86' lang='lat' dir='ltr'><strong>habent</strong></span> <span class='ocrx_word' id='word_1_453' title='bbox 2201 1796 2289 1865; x_wconf 93' lang='lat' dir='ltr'><strong>qui</strong></span> <span class='ocrx_word' id='word_1_454' title='bbox 2318 1810 2377 1851; x_wconf 86' lang='lat' dir='ltr'><strong>se</strong></span> <span class='ocrx_word' id='word_1_455' title='bbox 2405 1797 2630 1853; x_wconf 92' lang='lat' dir='ltr'><strong>Domino</strong></span> <span class='ocrx_word' id='word_1_456' title='bbox 2661 1815 2790 1868; x_wconf 90' lang='lat' dir='ltr'><strong>pura</strong></span> <span class='ocrx_word' id='word_1_457' title='bbox 2822 1811 3003 1859; x_wconf 89' lang='lat' dir='ltr'><strong>mente</strong></span> <span class='ocrx_word' id='word_1_458' title='bbox 3033 1805 3343 1875; x_wconf 78' lang='lat' dir='ltr'><strong>subjiciunt.</strong></span> <span class='ocrx_word' id='word_1_459' title='bbox 3380 1808 3561 1880; x_wconf 80' lang='lat' dir='ltr'><strong>Regna</strong></span> 
     </span>
    </p>
   </div>
   <div class='ocr_carea' id='block_1_64' title="bbox 1968 1887 3561 1969">
    <p class='ocr_par' dir='ltr' id='par_1_64' title="bbox 1968 1887 3561 1969">
     <span class='ocr_line' id='line_1_64' title="bbox 1968 1887 3561 1969; baseline 0.012 -28"><span class='ocrx_word' id='word_1_460' title='bbox 1968 1887 2236 1953; x_wconf 87' lang='lat' dir='ltr'><strong>dicantur,</strong></span> <span class='ocrx_word' id='word_1_461' title='bbox 2268 1891 2454 1960; x_wconf 84' lang='lat' dir='ltr'><strong>exigua</strong></span> <span class='ocrx_word' id='word_1_462' title='bbox 2486 1902 2643 1959; x_wconf 90' lang='lat' dir='ltr'><strong>sunt;</strong></span> <span class='ocrx_word' id='word_1_463' title='bbox 2680 1910 2928 1964; x_wconf 85' lang='lat' dir='ltr'><strong>purpurae</strong></span> <span class='ocrx_word' id='word_1_464' title='bbox 2971 1897 3275 1968; x_wconf 87' lang='lat' dir='ltr'><strong>laudentur,</strong></span> <span class='ocrx_word' id='word_1_465' title='bbox 3310 1903 3561 1969; x_wconf 85' lang='lat' dir='ltr'><strong>frequen-</strong></span> 
     </span>
    </p>
   </div>
   <div class='ocr_carea' id='block_1_65' title="bbox 1972 1982 3561 2060">
    <p class='ocr_par' dir='ltr' id='par_1_65' title="bbox 1972 1982 3561 2060">
     <span class='ocr_line' id='line_1_65' title="bbox 1972 1982 3561 2060; baseline 0.011 -26"><span class='ocrx_word' id='word_1_466' title='bbox 1972 1988 2054 2035; x_wconf 88' lang='lat' dir='ltr'><strong>ter</strong></span> <span class='ocrx_word' id='word_1_467' title='bbox 2100 1982 2371 2036; x_wconf 89' lang='lat' dir='ltr'><strong>utentibus</strong></span> <span class='ocrx_word' id='word_1_468' title='bbox 2413 1984 2758 2041; x_wconf 86' lang='lat' dir='ltr'><strong>sorduerunt.</strong></span> <span class='ocrx_word' id='word_1_469' title='bbox 2804 1988 2943 2044; x_wconf 88' lang='lat' dir='ltr'><strong>Ecce</strong></span> <span class='ocrx_word' id='word_1_470' title='bbox 2989 1990 3041 2043; x_wconf 93' lang='lat' dir='ltr'><strong>in</strong></span> <span class='ocrx_word' id='word_1_471' title='bbox 3092 1994 3282 2060; x_wconf 90' lang='lat' dir='ltr'><strong>pannis</strong></span> <span class='ocrx_word' id='word_1_472' title='bbox 3333 1996 3561 2051; x_wconf 85' lang='lat' dir='ltr'><strong>vincitur</strong></span> 
     </span>
    </p>
   </div>
   <div class='ocr_carea' id='block_1_66' title="bbox 1968 2070 3559 2149">
    <p class='ocr_par' dir='ltr' id='par_1_66' title="bbox 1968 2070 3559 2149">
     <span class='ocr_line' id='line_1_66' title="bbox 1968 2070 3559 2149; baseline 0.012 -26"><span class='ocrx_word' id='word_1_473' title='bbox 1968 2070 2225 2140; x_wconf 88' lang='lat' dir='ltr'><strong>mundus,</strong></span> <span class='ocrx_word' id='word_1_474' title='bbox 2269 2071 2515 2129; x_wconf 89' lang='lat' dir='ltr'><strong>diabolus</strong></span> <span class='ocrx_word' id='word_1_475' title='bbox 2545 2074 2805 2144; x_wconf 84' lang='lat' dir='ltr'><strong>plorando</strong></span> <span class='ocrx_word' id='word_1_476' title='bbox 2832 2091 3145 2149; x_wconf 88' lang='lat' dir='ltr'><strong>superatur;</strong></span> <span class='ocrx_word' id='word_1_477' title='bbox 3197 2094 3254 2139; x_wconf 89' lang='lat' dir='ltr'><strong>et</strong></span> <span class='ocrx_word' id='word_1_478' title='bbox 3282 2085 3368 2140; x_wconf 91' lang='lat' dir='ltr'><strong>cui</strong></span> <span class='ocrx_word' id='word_1_479' title='bbox 3400 2090 3559 2143; x_wconf 69' lang='lat' dir='ltr'><strong>nulla:</strong></span> 
     </span>
    </p>
   </div>
   <div class='ocr_carea' id='block_1_67' title="bbox 1967 2163 3557 2241">
    <p class='ocr_par' dir='ltr' id='par_1_67' title="bbox 1967 2163 3557 2241">
     <span class='ocr_line' id='line_1_67' title="bbox 1967 2163 3557 2241; baseline 0.009 -24"><span class='ocrx_word' id='word_1_480' title='bbox 1967 2163 2219 2219; x_wconf 82' lang='lat' dir='ltr'><strong>cohortes</strong></span> <span class='ocrx_word' id='word_1_481' title='bbox 2245 2164 2312 2220; x_wconf 90' lang='lat' dir='ltr'><strong>ad</strong></span> <span class='ocrx_word' id='word_1_482' title='bbox 2343 2169 2749 2239; x_wconf 88' lang='lat' dir='ltr'><strong>repugnandum</strong></span> <span class='ocrx_word' id='word_1_483' title='bbox 2795 2172 3089 2241; x_wconf 86' lang='lat' dir='ltr'><strong>sufficiunt,</strong></span> <span class='ocrx_word' id='word_1_484' title='bbox 3122 2179 3366 2233; x_wconf 85' lang='lat' dir='ltr'><strong>oratione</strong></span> <span class='ocrx_word' id='word_1_485' title='bbox 3400 2182 3557 2237; x_wconf 57' lang='lat' dir='ltr'><strong>uniu:</strong></span> 
     </span>
    </p>
   </div>
   <div class='ocr_carea' id='block_1_68' title="bbox 1968 2257 3556 2333">
    <p class='ocr_par' dir='ltr' id='par_1_68' title="bbox 1968 2257 3556 2333">
     <span class='ocr_line' id='line_1_68' title="bbox 1968 2257 3556 2333; baseline 0.01 -24"><span class='ocrx_word' id='word_1_486' title='bbox 1968 2257 2219 2324; x_wconf 82' lang='lat' dir='ltr'><strong>pauperis</strong></span> <span class='ocrx_word' id='word_1_487' title='bbox 2268 2258 2573 2314; x_wconf 88' lang='lat' dir='ltr'><strong>inclinatur.</strong></span> <span class='ocrx_word' id='word_1_488' title='bbox 2610 2260 2699 2315; x_wconf 85' lang='lat' dir='ltr'><strong>Isti</strong></span> <span class='ocrx_word' id='word_1_489' title='bbox 2731 2264 3024 2333; x_wconf 86' lang='lat' dir='ltr'><strong>sapientes,</strong></span> <span class='ocrx_word' id='word_1_490' title='bbox 3076 2266 3165 2322; x_wconf 90' lang='lat' dir='ltr'><strong>isti</strong></span> <span class='ocrx_word' id='word_1_491' title='bbox 3209 2269 3418 2333; x_wconf 86' lang='lat' dir='ltr'><strong>diserti.</strong></span> <span class='ocrx_word' id='word_1_492' title='bbox 3470 2274 3556 2327; x_wconf 88' lang='lat' dir='ltr'><strong>isti</strong></span> 
     </span>
    </p>
   </div>
   <div class='ocr_carea' id='block_1_69' title="bbox 1966 2349 3557 2431">
    <p class='ocr_par' dir='ltr' id='par_1_69' title="bbox 1966 2349 3557 2431">
     <span class='ocr_line' id='line_1_69' title="bbox 1966 2349 3557 2431; baseline 0.011 -29"><span class='ocrx_word' id='word_1_493' title='bbox 1966 2363 2155 2403; x_wconf 89' lang='lat' dir='ltr'><strong>revera</strong></span> <span class='ocrx_word' id='word_1_494' title='bbox 2203 2349 2427 2418; x_wconf 84' lang='lat' dir='ltr'><strong>gloriosi</strong></span> <span class='ocrx_word' id='word_1_495' title='bbox 2479 2352 2695 2408; x_wconf 88' lang='lat' dir='ltr'><strong>dicendi</strong></span> <span class='ocrx_word' id='word_1_496' title='bbox 2744 2366 2870 2412; x_wconf 88' lang='lat' dir='ltr'><strong>sunt</strong></span> <span class='ocrx_word' id='word_1_497' title='bbox 2923 2366 3204 2427; x_wconf 88' lang='lat' dir='ltr'><strong>oratores,</strong></span> <span class='ocrx_word' id='word_1_498' title='bbox 3258 2365 3346 2431; x_wconf 88' lang='lat' dir='ltr'><strong>qui</strong></span> <span class='ocrx_word' id='word_1_499' title='bbox 3400 2366 3557 2421; x_wconf 83' lang='lat' dir='ltr'><strong>talem</strong></span> 
     </span>
    </p>
   </div>
   <div class='ocr_carea' id='block_1_70' title="bbox 1967 2441 3556 2521">
    <p class='ocr_par' dir='ltr' id='par_1_70' title="bbox 1967 2441 3556 2521">
     <span class='ocr_line' id='line_1_70' title="bbox 1967 2441 3556 2521; baseline 0.013 -27"><span class='ocrx_word' id='word_1_500' title='bbox 1967 2441 2359 2509; x_wconf 87' lang='lat' dir='ltr'><strong>possessionem</strong></span> <span class='ocrx_word' id='word_1_501' title='bbox 2394 2442 2623 2499; x_wconf 88' lang='lat' dir='ltr'><strong>victores</strong></span> <span class='ocrx_word' id='word_1_502' title='bbox 2653 2446 2961 2517; x_wconf 89' lang='lat' dir='ltr'><strong>accipiunt,</strong></span> <span class='ocrx_word' id='word_1_503' title='bbox 2993 2449 3061 2505; x_wconf 92' lang='lat' dir='ltr'><strong>de</strong></span> <span class='ocrx_word' id='word_1_504' title='bbox 3090 2467 3192 2521; x_wconf 91' lang='lat' dir='ltr'><strong>qua</strong></span> <span class='ocrx_word' id='word_1_505' title='bbox 3236 2454 3438 2511; x_wconf 89' lang='lat' dir='ltr'><strong>inimici</strong></span> <span class='ocrx_word' id='word_1_506' title='bbox 3468 2459 3556 2515; x_wconf 87' lang='lat' dir='ltr'><strong>ad-</strong></span> 
     </span>
    </p>
   </div>
   <div class='ocr_carea' id='block_1_71' title="bbox 1966 2532 3555 2613">
    <p class='ocr_par' dir='ltr' id='par_1_71' title="bbox 1966 2532 3555 2613">
     <span class='ocr_line' id='line_1_71' title="bbox 1966 2532 3555 2613; baseline 0.013 -30"><span class='ocrx_word' id='word_1_507' title='bbox 1966 2532 2221 2587; x_wconf 83' lang='lat' dir='ltr'><strong>versitate</strong></span> <span class='ocrx_word' id='word_1_508' title='bbox 2271 2535 2580 2592; x_wconf 87' lang='lat' dir='ltr'><strong>nullatenus</strong></span> <span class='ocrx_word' id='word_1_509' title='bbox 2630 2539 3006 2596; x_wconf 83' lang='lat' dir='ltr'><strong>excludantur.</strong></span> <span class='ocrx_word' id='word_1_510' title='bbox 3052 2542 3238 2598; x_wconf 87' lang='lat' dir='ltr'><strong>Talem</strong></span> <span class='ocrx_word' id='word_1_511' title='bbox 3282 2558 3555 2613; x_wconf 83' lang='lat' dir='ltr'><strong>postremo</strong></span> 
     </span>
    </p>
   </div>
   <div class='ocr_carea' id='block_1_72' title="bbox 1964 2624 3556 2709">
    <p class='ocr_par' dir='ltr' id='par_1_72' title="bbox 1964 2624 3556 2709">
     <span class='ocr_line' id='line_1_72' title="bbox 1964 2624 3556 2709; baseline 0.013 -32"><span class='ocrx_word' id='word_1_512' title='bbox 1964 2624 2329 2682; x_wconf 68' lang='lat' dir='ltr'><strong>haereditatem</strong></span> <span class='ocrx_word' id='word_1_513' title='bbox 2360 2638 2597 2695; x_wconf 87' lang='lat' dir='ltr'><strong>sumunt,</strong></span> <span class='ocrx_word' id='word_1_514' title='bbox 2629 2646 2789 2700; x_wconf 88' lang='lat' dir='ltr'><strong>quam</strong></span> <span class='ocrx_word' id='word_1_515' title='bbox 2818 2633 2935 2689; x_wconf 88' lang='lat' dir='ltr'><strong>sine</strong></span> <span class='ocrx_word' id='word_1_516' title='bbox 2962 2634 3147 2691; x_wconf 90' lang='lat' dir='ltr'><strong>labore</strong></span> <span class='ocrx_word' id='word_1_517' title='bbox 3173 2653 3391 2709; x_wconf 89' lang='lat' dir='ltr'><strong>semper</strong></span> <span class='ocrx_word' id='word_1_518' title='bbox 3419 2642 3556 2698; x_wconf 83' lang='lat' dir='ltr'><strong>obti-</strong></span> 
     </span>
    </p>
   </div>
   <div class='ocr_carea' id='block_1_73' title="bbox 1962 2719 3554 2797">
    <p class='ocr_par' dir='ltr' id='par_1_73' title="bbox 1962 2719 3554 2797">
     <span class='ocr_line' id='line_1_73' title="bbox 1962 2719 3554 2797; baseline 0.009 -26"><span class='ocrx_word' id='word_1_519' title='bbox 1962 2725 2146 2783; x_wconf 89' lang='lat' dir='ltr'><strong>neant,</strong></span> <span class='ocrx_word' id='word_1_520' title='bbox 2173 2733 2274 2774; x_wconf 90' lang='lat' dir='ltr'><strong>nec</strong></span> <span class='ocrx_word' id='word_1_521' title='bbox 2302 2719 2588 2789; x_wconf 86' lang='lat' dir='ltr'><strong>aliquando</strong></span> <span class='ocrx_word' id='word_1_522' title='bbox 2618 2731 2791 2779; x_wconf 79' lang='lat' dir='ltr'><strong>morte</strong></span> <span class='ocrx_word' id='word_1_523' title='bbox 2824 2724 3215 2797; x_wconf 88' lang='lat' dir='ltr'><strong>derelinquant.</strong></span> <span class='ocrx_word' id='word_1_524' title='bbox 3250 2728 3294 2784; x_wconf 91' lang='grc' dir='ltr'>Ο</span> <span class='ocrx_word' id='word_1_525' title='bbox 3318 2732 3554 2788; x_wconf 86' lang='lat' dir='ltr'><strong>conditio</strong></span> 
     </span>
    </p>
   </div>
   <div class='ocr_carea' id='block_1_74' title="bbox 1965 2811 3554 2892">
    <p class='ocr_par' dir='ltr' id='par_1_74' title="bbox 1965 2811 3554 2892">
     <span class='ocr_line' id='line_1_74' title="bbox 1965 2811 3554 2892; baseline 0.01 -27"><span class='ocrx_word' id='word_1_526' title='bbox 1965 2811 2118 2868; x_wconf 88' lang='lat' dir='ltr'><strong>beata</strong></span> <span class='ocrx_word' id='word_1_527' title='bbox 2160 2815 2558 2882; x_wconf 66' lang='lat' dir='ltr'><strong>paenitentiam,</strong></span> <span class='ocrx_word' id='word_1_528' title='bbox 2610 2831 2731 2887; x_wconf 63' lang='lat' dir='ltr'><strong>qua;</strong></span> <span class='ocrx_word' id='word_1_529' title='bbox 2780 2817 2847 2872; x_wconf 91' lang='lat' dir='ltr'><strong>de</strong></span> <span class='ocrx_word' id='word_1_530' title='bbox 2891 2819 2999 2874; x_wconf 89' lang='lat' dir='ltr'><strong>reis</strong></span> <span class='ocrx_word' id='word_1_531' title='bbox 3046 2820 3219 2876; x_wconf 75' lang='lat' dir='ltr'><strong>efficis</strong></span> <span class='ocrx_word' id='word_1_532' title='bbox 3244 2821 3441 2892; x_wconf 83' lang='lat' dir='ltr'><strong>justus,</strong></span> <span class='ocrx_word' id='word_1_533' title='bbox 3490 2826 3554 2882; x_wconf 89' lang='lat' dir='ltr'><strong>de</strong></span> 
     </span>
    </p>
   </div>
   <div class='ocr_carea' id='block_1_75' title="bbox 1963 2901 3552 2975">
    <p class='ocr_par' dir='ltr' id='par_1_75' title="bbox 1963 2901 3552 2975">
     <span class='ocr_line' id='line_1_75' title="bbox 1963 2901 3552 2975; baseline 0.009 -20"><span class='ocrx_word' id='word_1_534' title='bbox 1963 2901 2213 2957; x_wconf 90' lang='lat' dir='ltr'><strong>tristibus</strong></span> <span class='ocrx_word' id='word_1_535' title='bbox 2254 2905 2563 2971; x_wconf 89' lang='lat' dir='ltr'><strong>perenniter</strong></span> <span class='ocrx_word' id='word_1_536' title='bbox 2607 2905 2792 2975; x_wconf 64' lang='lat' dir='ltr'><strong>laetos,</strong></span> <span class='ocrx_word' id='word_1_537' title='bbox 2840 2906 2907 2960; x_wconf 87' lang='lat' dir='ltr'><strong>de</strong></span> <span class='ocrx_word' id='word_1_538' title='bbox 2958 2910 3275 2963; x_wconf 82' lang='lat' dir='ltr'><strong>mortalibus</strong></span> <span class='ocrx_word' id='word_1_539' title='bbox 3309 2911 3552 2969; x_wconf 81' lang='lat' dir='ltr'><strong>absolute</strong></span> 
     </span>
    </p>
   </div>
   <div class='ocr_carea' id='block_1_76' title="bbox 1963 2991 3551 3070">
    <p class='ocr_par' dir='ltr' id='par_1_76' title="bbox 1963 2991 3551 3070">
     <span class='ocr_line' id='line_1_76' title="bbox 1963 2991 3551 3070; baseline 0.009 -25"><span class='ocrx_word' id='word_1_540' title='bbox 1963 2993 2287 3061; x_wconf 87' lang='lat' dir='ltr'><strong>perpetuos!</strong></span> <span class='ocrx_word' id='word_1_541' title='bbox 2331 2991 2431 3047; x_wconf 86' lang='lat' dir='ltr'><strong>Hic</strong></span> <span class='ocrx_word' id='word_1_542' title='bbox 2470 2994 2729 3049; x_wconf 90' lang='lat' dir='ltr'><strong>malorum</strong></span> <span class='ocrx_word' id='word_1_543' title='bbox 2770 2997 3085 3052; x_wconf 89' lang='lat' dir='ltr'><strong>societatem</strong></span> <span class='ocrx_word' id='word_1_544' title='bbox 3118 3000 3185 3053; x_wconf 88' lang='lat' dir='ltr'><strong>ad</strong></span> <span class='ocrx_word' id='word_1_545' title='bbox 3217 3007 3427 3070; x_wconf 88' lang='lat' dir='ltr'><strong>tempus</strong></span> <span class='ocrx_word' id='word_1_546' title='bbox 3460 3004 3551 3059; x_wconf 85' lang='lat' dir='ltr'><strong>ha-</strong></span> 
     </span>
    </p>
   </div>
   <div class='ocr_carea' id='block_1_77' title="bbox 1964 3083 3550 3156">
    <p class='ocr_par' dir='ltr' id='par_1_77' title="bbox 1964 3083 3550 3156">
     <span class='ocr_line' id='line_1_77' title="bbox 1964 3083 3550 3156; baseline 0.009 -18"><span class='ocrx_word' id='word_1_547' title='bbox 1964 3083 2115 3152; x_wconf 90' lang='lat' dir='ltr'><strong>bent,</strong></span> <span class='ocrx_word' id='word_1_548' title='bbox 2147 3085 2217 3140; x_wconf 91' lang='lat' dir='ltr'><strong>ibi</strong></span> <span class='ocrx_word' id='word_1_549' title='bbox 2249 3087 2864 3156; x_wconf 86' lang='lat' dir='ltr'><strong>angelorumconsortia</strong></span> <span class='ocrx_word' id='word_1_550' title='bbox 2895 3098 3095 3146; x_wconf 71' lang='lat' dir='ltr'><strong>mterna</strong></span> <span class='ocrx_word' id='word_1_551' title='bbox 3150 3093 3405 3150; x_wconf 78' lang='lat' dir='ltr'><strong>felicitate</strong></span> <span class='ocrx_word' id='word_1_552' title='bbox 3434 3111 3550 3152; x_wconf 73' lang='lat' dir='ltr'><strong>sns~</strong></span> 
     </span>
    </p>
   </div>
   <div class='ocr_carea' id='block_1_78' title="bbox 1964 3176 3555 3251">
    <p class='ocr_par' dir='ltr' id='par_1_78' title="bbox 1964 3176 3555 3251">
     <span class='ocr_line' id='line_1_78' title="bbox 1964 3176 3555 3251; baseline 0.009 -19"><span class='ocrx_word' id='word_1_553' title='bbox 1964 3176 2185 3247; x_wconf 90' lang='lat' dir='ltr'><strong>cipient.</strong></span> <span class='ocrx_word' id='word_1_554' title='bbox 2210 3178 2547 3248; x_wconf 81' lang='lat' dir='ltr'><strong>Quapropter</strong></span> <span class='ocrx_word' id='word_1_555' title='bbox 2569 3182 2812 3250; x_wconf 90' lang='lat' dir='ltr'><strong>quintum</strong></span> <span class='ocrx_word' id='word_1_556' title='bbox 2838 3182 3213 3251; x_wconf 77' lang='lat' dir='ltr'><strong>pmiiitentium</strong></span> <span class='ocrx_word' id='word_1_557' title='bbox 3242 3186 3402 3242; x_wconf 88' lang='lat' dir='ltr'><strong>istum</strong></span> <span class='ocrx_word' id='word_1_558' title='bbox 3433 3205 3555 3247; x_wconf 84' lang='lat' dir='ltr'><strong>esse</strong></span> 
     </span>
    </p>
   </div>
   <div class='ocr_carea' id='block_1_79' title="bbox 1963 3272 3549 3345">
    <p class='ocr_par' dir='ltr' id='par_1_79' title="bbox 1963 3272 3549 3345">
     <span class='ocr_line' id='line_1_79' title="bbox 1963 3272 3549 3345; baseline 0.008 -20"><span class='ocrx_word' id='word_1_559' title='bbox 1963 3284 2270 3333; x_wconf 84' lang='lat' dir='ltr'><strong>noscamus.</strong></span> <span class='ocrx_word' id='word_1_560' title='bbox 2302 3272 2391 3342; x_wconf 89' lang='lat' dir='ltr'><strong>qui</strong></span> <span class='ocrx_word' id='word_1_561' title='bbox 2421 3287 2481 3327; x_wconf 91' lang='lat' dir='ltr'><strong>se</strong></span> <span class='ocrx_word' id='word_1_562' title='bbox 2510 3288 2615 3327; x_wconf 92' lang='lat' dir='ltr'><strong>non</strong></span> <span class='ocrx_word' id='word_1_563' title='bbox 2659 3273 2997 3331; x_wconf 90' lang='lat' dir='ltr'><strong>defendendo</strong></span> <span class='ocrx_word' id='word_1_564' title='bbox 3043 3277 3303 3345; x_wconf 82' lang='lat' dir='ltr'><strong>defendit,</strong></span> <span class='ocrx_word' id='word_1_565' title='bbox 3334 3297 3443 3336; x_wconf 89' lang='lat' dir='ltr'><strong>non</strong></span> <span class='ocrx_word' id='word_1_566' title='bbox 3472 3283 3549 3338; x_wconf 57' lang='lat' dir='ltr'><strong>dic</strong></span> 
     </span>
    </p>
   </div>
   <div class='ocr_carea' id='block_1_80' title="bbox 1963 3360 3549 3444">
    <p class='ocr_par' dir='ltr' id='par_1_80' title="bbox 1963 3360 3549 3444">
     <span class='ocr_line' id='line_1_80' title="bbox 1963 3360 3549 3444; baseline 0.009 -29"><span class='ocrx_word' id='word_1_567' title='bbox 1963 3360 2161 3417; x_wconf 88' lang='lat' dir='ltr'><strong>luendo</strong></span> <span class='ocrx_word' id='word_1_568' title='bbox 2187 3362 2363 3429; x_wconf 87' lang='lat' dir='ltr'><strong>diluit,</strong></span> <span class='ocrx_word' id='word_1_569' title='bbox 2400 3379 2504 3418; x_wconf 92' lang='lat' dir='ltr'><strong>non</strong></span> <span class='ocrx_word' id='word_1_570' title='bbox 2538 3366 2810 3435; x_wconf 85' lang='lat' dir='ltr'><strong>purgando</strong></span> <span class='ocrx_word' id='word_1_571' title='bbox 2839 3370 3108 3438; x_wconf 79' lang='lat' dir='ltr'><strong>purgavit;</strong></span> <span class='ocrx_word' id='word_1_572' title='bbox 3135 3370 3202 3425; x_wconf 88' lang='lat' dir='ltr'><strong>ad</strong></span> <span class='ocrx_word' id='word_1_573' title='bbox 3242 3373 3395 3442; x_wconf 89' lang='lat' dir='ltr'><strong>cujus</strong></span> <span class='ocrx_word' id='word_1_574' title='bbox 3425 3390 3549 3444; x_wconf 71' lang='lat' dir='ltr'><strong>pan.</strong></span> 
     </span>
    </p>
   </div>
   <div class='ocr_carea' id='block_1_81' title="bbox 1964 3456 3548 3539">
    <p class='ocr_par' dir='ltr' id='par_1_81' title="bbox 1964 3456 3548 3539">
     <span class='ocr_line' id='line_1_81' title="bbox 1964 3456 3548 3539; baseline 0.009 -31"><span class='ocrx_word' id='word_1_575' title='bbox 1964 3462 2227 3524; x_wconf 88' lang='lat' dir='ltr'><strong>pertatem</strong></span> <span class='ocrx_word' id='word_1_576' title='bbox 2261 3456 2307 3511; x_wconf 92' lang='lat' dir='ltr'><strong>si</strong></span> <span class='ocrx_word' id='word_1_577' title='bbox 2336 3458 2521 3512; x_wconf 88' lang='lat' dir='ltr'><strong>venire</strong></span> <span class='ocrx_word' id='word_1_578' title='bbox 2552 3459 2928 3526; x_wconf 79' lang='lat' dir='ltr'><strong>meruerimus,</strong></span> <span class='ocrx_word' id='word_1_579' title='bbox 2961 3462 3138 3517; x_wconf 85' lang='lat' dir='ltr'><strong>omnia</strong></span> <span class='ocrx_word' id='word_1_580' title='bbox 3165 3464 3348 3519; x_wconf 87' lang='lat' dir='ltr'><strong>muttdi</strong></span> <span class='ocrx_word' id='word_1_581' title='bbox 3389 3482 3548 3539; x_wconf 78' lang='lat' dir='ltr'><strong>regna</strong></span> 
     </span>
    </p>
   </div>
   <div class='ocr_carea' id='block_1_82' title="bbox 1962 3545 2798 3618">
    <p class='ocr_par' dir='ltr' id='par_1_82' title="bbox 1962 3545 2798 3618">
     <span class='ocr_line' id='line_1_82' title="bbox 1962 3545 2798 3618; baseline 0.006 -18"><span class='ocrx_word' id='word_1_582' title='bbox 1962 3545 2081 3602; x_wconf 84' lang='lat' dir='ltr'><strong>sine</strong></span> <span class='ocrx_word' id='word_1_583' title='bbox 2107 3546 2440 3603; x_wconf 84' lang='lat' dir='ltr'><strong>dubitatione</strong></span> <span class='ocrx_word' id='word_1_584' title='bbox 2467 3565 2798 3618; x_wconf 76' lang='lat' dir='ltr'><strong>superamus.</strong></span> 
     </span>
    </p>
   </div>
   <div class='ocr_carea' id='block_1_83' title="bbox 2272 3661 3239 3731">
    <p class='ocr_par' dir='ltr' id='par_1_83' title="bbox 2272 3661 3239 3731">
     <span class='ocr_line' id='line_1_83' title="bbox 2272 3661 3239 3731; baseline 0.017 -16"><span class='ocrx_word' id='word_1_585' title='bbox 2272 3661 2632 3719; x_wconf 80' lang='lat' dir='ltr'><strong>EXPOSITIO</strong></span> <span class='ocrx_word' id='word_1_586' title='bbox 2670 3665 2733 3721; x_wconf 84' lang='lat' dir='ltr'><strong>IN</strong></span> <span class='ocrx_word' id='word_1_587' title='bbox 2775 3667 3097 3727; x_wconf 80' lang='lat' dir='ltr'><strong>PSALMUM</strong></span> <span class='ocrx_word' id='word_1_588' title='bbox 3135 3672 3239 3731; x_wconf 89' lang='lat' dir='ltr'><strong>Cll.</strong></span> 
     </span>
    </p>
   </div>
   <div class='ocr_carea' id='block_1_84' title="bbox 2457 3754 3049 3828">
    <p class='ocr_par' dir='ltr' id='par_1_84' title="bbox 2457 3754 3049 3828">
     <span class='ocr_line' id='line_1_84' title="bbox 2457 3754 3049 3828; baseline 0.019 -21"><span class='ocrx_word' id='word_1_589' title='bbox 2457 3754 2699 3811; x_wconf 83' lang='lat' dir='ltr'><strong>Psalmus</strong></span> <span class='ocrx_word' id='word_1_590' title='bbox 2730 3758 2829 3828; x_wconf 84' lang='lat' dir='ltr'><strong>ipsi</strong></span> <span class='ocrx_word' id='word_1_591' title='bbox 2862 3760 3049 3818; x_wconf 81' lang='lat' dir='ltr'><strong>David.</strong></span> 
     </span>
    </p>
   </div>
   <div class='ocr_carea' id='block_1_85' title="bbox 2033 3864 3544 3946">
    <p class='ocr_par' dir='ltr' id='par_1_85' title="bbox 2033 3864 3544 3946">
     <span class='ocr_line' id='line_1_85' title="bbox 2033 3864 3544 3946; baseline 0.014 -28"><span class='ocrx_word' id='word_1_592' title='bbox 2033 3864 2159 3919; x_wconf 84' lang='lat' dir='ltr'><strong>Post</strong></span> <span class='ocrx_word' id='word_1_593' title='bbox 2189 3864 2305 3919; x_wconf 88' lang='lat' dir='ltr'><strong>illas</strong></span> <span class='ocrx_word' id='word_1_594' title='bbox 2328 3867 2466 3921; x_wconf 89' lang='lat' dir='ltr'><strong>beati</strong></span> <span class='ocrx_word' id='word_1_595' title='bbox 2494 3870 2746 3938; x_wconf 88' lang='lat' dir='ltr'><strong>pauperis</strong></span> <span class='ocrx_word' id='word_1_596' title='bbox 2776 3872 3099 3931; x_wconf 90' lang='lat' dir='ltr'><strong>humillimas</strong></span> <span class='ocrx_word' id='word_1_597' title='bbox 3141 3891 3328 3946; x_wconf 86' lang='lat' dir='ltr'><strong>preces</strong></span> <span class='ocrx_word' id='word_1_598' title='bbox 3357 3891 3408 3937; x_wconf 90' lang='lat' dir='ltr'><strong>et</strong></span> <span class='ocrx_word' id='word_1_599' title='bbox 3441 3890 3544 3939; x_wconf 84' lang='lat' dir='ltr'><strong>tant</strong></span> 
     </span>
    </p>
   </div>
   <div class='ocr_carea' id='block_1_86' title="bbox 1961 3959 3545 4034">
    <p class='ocr_par' dir='ltr' id='par_1_86' title="bbox 1961 3959 3545 4034">
     <span class='ocr_line' id='line_1_86' title="bbox 1961 3959 3545 4034; baseline 0.015 -27"><span class='ocrx_word' id='word_1_600' title='bbox 1961 3968 2166 4024; x_wconf 83' lang='lat' dir='ltr'><strong>magnae</strong></span> <span class='ocrx_word' id='word_1_601' title='bbox 2224 3959 2556 4024; x_wconf 68' lang='lat' dir='ltr'><strong>paenitentiae</strong></span> <span class='ocrx_word' id='word_1_602' title='bbox 2613 3961 2844 4029; x_wconf 78' lang='lat' dir='ltr'><strong>gemitus</strong></span> <span class='ocrx_word' id='word_1_603' title='bbox 2902 3966 3220 4034; x_wconf 84' lang='lat' dir='ltr'><strong>explicatos,</strong></span> <span class='ocrx_word' id='word_1_604' title='bbox 3269 3979 3413 4028; x_wconf 90' lang='lat' dir='ltr'><strong>totus</strong></span> <span class='ocrx_word' id='word_1_605' title='bbox 3464 3976 3545 4031; x_wconf 85' lang='lat' dir='ltr'><strong>hic</strong></span> 
     </span>
    </p>
   </div>
   <div class='ocr_carea' id='block_1_87' title="bbox 1958 4045 3549 4135">
    <p class='ocr_par' dir='ltr' id='par_1_87' title="bbox 1958 4045 3549 4135">
     <span class='ocr_line' id='line_1_87' title="bbox 1958 4045 3549 4135; baseline 0.018 -38"><span class='ocrx_word' id='word_1_606' title='bbox 1958 4045 2194 4113; x_wconf 88' lang='lat' dir='ltr'><strong>psalmus</strong></span> <span class='ocrx_word' id='word_1_607' title='bbox 2238 4046 2445 4102; x_wconf 78' lang='lat' dir='ltr'><strong>Domini</strong></span> <span class='ocrx_word' id='word_1_608' title='bbox 2492 4049 2647 4104; x_wconf 88' lang='lat' dir='ltr'><strong>laude</strong></span> <span class='ocrx_word' id='word_1_609' title='bbox 2690 4050 2833 4123; x_wconf 86' lang='lat' dir='ltr'><strong>[mss.</strong></span> <span class='ocrx_word' id='word_1_610' title='bbox 2862 4055 2951 4123; x_wconf 80' lang='lat' dir='ltr'><strong>A.,</strong></span> <span class='ocrx_word' id='word_1_611' title='bbox 2979 4056 3067 4123; x_wconf 92' lang='lat' dir='ltr'><strong>B.,</strong></span> <span class='ocrx_word' id='word_1_612' title='bbox 3102 4057 3194 4125; x_wconf 88' lang='lat' dir='ltr'><strong>F.,</strong></span> <span class='ocrx_word' id='word_1_613' title='bbox 3222 4061 3549 4135; x_wconf 67' lang='lat' dir='ltr'><strong>laudatione)</strong></span> 
     </span>
    </p>
   </div>
   <div class='ocr_carea' id='block_1_88' title="bbox 1959 4138 3548 4231">
    <p class='ocr_par' dir='ltr' id='par_1_88' title="bbox 1959 4138 3548 4231">
     <span class='ocr_line' id='line_1_88' title="bbox 1959 4138 3548 4231; baseline 0.013 -40"><span class='ocrx_word' id='word_1_614' title='bbox 1959 4138 2196 4207; x_wconf 86' lang='lat' dir='ltr'><strong>repletus</strong></span> <span class='ocrx_word' id='word_1_615' title='bbox 2227 4148 2338 4204; x_wconf 91' lang='lat' dir='ltr'><strong>est;</strong></span> <span class='ocrx_word' id='word_1_616' title='bbox 2384 4150 2441 4194; x_wconf 93' lang='lat' dir='ltr'><strong>ut</strong></span> <span class='ocrx_word' id='word_1_617' title='bbox 2472 4143 2558 4210; x_wconf 90' lang='lat' dir='ltr'><strong>pia</strong></span> <span class='ocrx_word' id='word_1_618' title='bbox 2588 4143 2938 4213; x_wconf 87' lang='lat' dir='ltr'><strong>dispositione</strong></span> <span class='ocrx_word' id='word_1_619' title='bbox 2969 4152 3336 4218; x_wconf 74' lang='lat' dir='ltr'><strong>prmcedentes</strong></span> <span class='ocrx_word' id='word_1_620' title='bbox 3367 4160 3548 4231; x_wconf 77' lang='lat' dir='ltr'><strong>lacry-</strong></span> 
     </span>
    </p>
   </div>
   <div class='ocr_carea' id='block_1_89' title="bbox 1960 4233 3542 4309">
    <p class='ocr_par' dir='ltr' id='par_1_89' title="bbox 1960 4233 3542 4309">
     <span class='ocr_line' id='line_1_89' title="bbox 1960 4233 3542 4309; baseline 0.015 -26"><span class='ocrx_word' id='word_1_621' title='bbox 1960 4244 2075 4283; x_wconf 78' lang='lat' dir='ltr'><strong>mas</strong></span> <span class='ocrx_word' id='word_1_622' title='bbox 2147 4233 2535 4299; x_wconf 84' lang='lat' dir='ltr'><strong>praeconiorum</strong></span> <span class='ocrx_word' id='word_1_623' title='bbox 2598 4236 2786 4303; x_wconf 83' lang='lat' dir='ltr'><strong>gaudia</strong></span> <span class='ocrx_word' id='word_1_624' title='bbox 2850 4253 3223 4309; x_wconf 87' lang='lat' dir='ltr'><strong>sequerentur.</strong></span> <span class='ocrx_word' id='word_1_625' title='bbox 3305 4249 3367 4302; x_wconf 76' lang='lat' dir='ltr'><strong>Et</strong></span> <span class='ocrx_word' id='word_1_626' title='bbox 3427 4251 3542 4308; x_wconf 79' lang='lat' dir='ltr'><strong>ideo</strong></span> 
     </span>
    </p>
   </div>
   <div class='ocr_carea' id='block_1_90' title="bbox 1958 4318 3541 4413">
    <p class='ocr_par' dir='ltr' id='par_1_90' title="bbox 1958 4318 3541 4413">
     <span class='ocr_line' id='line_1_90' title="bbox 1958 4318 3541 4413; baseline 0.016 -41"><span class='ocrx_word' id='word_1_627' title='bbox 1958 4318 2119 4390; x_wconf 79' lang='lat' dir='ltr'><strong>(sicut</strong></span> <span class='ocrx_word' id='word_1_628' title='bbox 2146 4336 2290 4390; x_wconf 70' lang='lat' dir='ltr'><strong>saepe</strong></span> <span class='ocrx_word' id='word_1_629' title='bbox 2325 4322 2576 4394; x_wconf 83' lang='lat' dir='ltr'><strong>diximus)</strong></span> <span class='ocrx_word' id='word_1_630' title='bbox 2605 4328 2703 4397; x_wconf 87' lang='lat' dir='ltr'><strong>ipsi</strong></span> <span class='ocrx_word' id='word_1_631' title='bbox 2731 4325 2898 4382; x_wconf 87' lang='lat' dir='ltr'><strong>David</strong></span> <span class='ocrx_word' id='word_1_632' title='bbox 2930 4333 3161 4399; x_wconf 90' lang='lat' dir='ltr'><strong>positum</strong></span> <span class='ocrx_word' id='word_1_633' title='bbox 3192 4347 3293 4407; x_wconf 82' lang='lat' dir='ltr'><strong>c5t,</strong></span> <span class='ocrx_word' id='word_1_634' title='bbox 3329 4356 3394 4395; x_wconf 89' lang='lat' dir='ltr'><strong>ne</strong></span> <span class='ocrx_word' id='word_1_635' title='bbox 3417 4344 3541 4413; x_wconf 85' lang='lat' dir='ltr'><strong>quid</strong></span> 
     </span>
    </p>
   </div>
   <div class='ocr_carea' id='block_1_91' title="bbox 1957 4412 3541 4506">
    <p class='ocr_par' dir='ltr' id='par_1_91' title="bbox 1957 4412 3541 4506">
     <span class='ocr_line' id='line_1_91' title="bbox 1957 4412 3541 4506; baseline 0.016 -41"><span class='ocrx_word' id='word_1_636' title='bbox 1957 4412 2024 4466; x_wconf 90' lang='lat' dir='ltr'><strong>ad</strong></span> <span class='ocrx_word' id='word_1_637' title='bbox 2056 4413 2212 4467; x_wconf 89' lang='lat' dir='ltr'><strong>istmn</strong></span> <span class='ocrx_word' id='word_1_638' title='bbox 2247 4426 2518 4471; x_wconf 88' lang='lat' dir='ltr'><strong>terrenum</strong></span> <span class='ocrx_word' id='word_1_639' title='bbox 2569 4435 2747 4490; x_wconf 82' lang='lat' dir='ltr'><strong>regem</strong></span> <span class='ocrx_word' id='word_1_640' title='bbox 2780 4421 2984 4480; x_wconf 83' lang='lat' dir='ltr'><strong>referre</strong></span> <span class='ocrx_word' id='word_1_641' title='bbox 3023 4426 3367 4498; x_wconf 89' lang='lat' dir='ltr'><strong>deberemus,</strong></span> <span class='ocrx_word' id='word_1_642' title='bbox 3420 4412 3541 4506; x_wconf 82' lang='lat' dir='ltr'><strong>quia</strong></span> 
     </span>
    </p>
   </div>
   <div class='ocr_carea' id='block_1_92' title="bbox 261 4507 1859 4593">
    <p class='ocr_par' dir='ltr' id='par_1_92' title="bbox 261 4508 1849 4593">
     <span class='ocr_line' id='line_1_92' title="bbox 261 4508 1849 4593; baseline 0.011 -31"><span class='ocrx_word' id='word_1_643' title='bbox 261 4508 607 4563; x_wconf 84' lang='lat' dir='ltr'><strong>beatitudinis</strong></span> <span class='ocrx_word' id='word_1_644' title='bbox 648 4510 913 4580; x_wconf 87' lang='lat' dir='ltr'><strong>significat</strong></span> <span class='ocrx_word' id='word_1_645' title='bbox 957 4530 1116 4581; x_wconf 82' lang='lat' dir='ltr'><strong>quem</strong></span> <span class='ocrx_word' id='word_1_646' title='bbox 1145 4515 1401 4573; x_wconf 91' lang='lat' dir='ltr'><strong>Dominus</strong></span> <span class='ocrx_word' id='word_1_647' title='bbox 1433 4518 1619 4587; x_wconf 84' lang='lat' dir='ltr'><strong>habet;</strong></span> <span class='ocrx_word' id='word_1_648' title='bbox 1652 4523 1718 4578; x_wconf 89' lang='lat' dir='ltr'><strong>de</strong></span> <span class='ocrx_word' id='word_1_649' title='bbox 1743 4540 1849 4593; x_wconf 91' lang='lat' dir='ltr'><strong>quo</strong></span> 
     </span>
    </p>
   </div>
   <div class='ocr_carea' id='block_1_93' title="bbox 1965 4507 3540 4593">
    <p class='ocr_par' dir='ltr' id='par_1_93' title="bbox 1965 4507 3540 4590">
     <span class='ocr_line' id='line_1_93' title="bbox 1965 4507 3540 4590; baseline 0.015 -30"><span class='ocrx_word' id='word_1_650' title='bbox 1965 4520 2187 4573; x_wconf 82' lang='lat' dir='ltr'><strong>superna</strong></span> <span class='ocrx_word' id='word_1_651' title='bbox 2233 4507 2347 4563; x_wconf 89' lang='lat' dir='ltr'><strong>laus</strong></span> <span class='ocrx_word' id='word_1_652' title='bbox 2401 4510 2696 4567; x_wconf 86' lang='lat' dir='ltr'><strong>manifestis</strong></span> <span class='ocrx_word' id='word_1_653' title='bbox 2747 4515 2996 4574; x_wconf 84' lang='lat' dir='ltr'><strong>sensibus</strong></span> <span class='ocrx_word' id='word_1_654' title='bbox 3044 4520 3384 4590; x_wconf 77' lang='lat' dir='ltr'><strong>explanatur.</strong></span> <span class='ocrx_word' id='word_1_655' title='bbox 3447 4529 3540 4583; x_wconf 83' lang='lat' dir='ltr'><strong>Est</strong></span> 
     </span>
    </p>
   </div>
   <div class='ocr_carea' id='block_1_94' title="bbox 257 4597 1850 4675">
    <p class='ocr_par' dir='ltr' id='par_1_94' title="bbox 257 4597 1850 4675">
     <span class='ocr_line' id='line_1_94' title="bbox 257 4597 1850 4675; baseline 0.011 -25"><span class='ocrx_word' id='word_1_656' title='bbox 257 4597 292 4651; x_wconf 86' lang='lat' dir='ltr'><strong>d</strong></span> <span class='ocrx_word' id='word_1_657' title='bbox 319 4598 431 4652; x_wconf 85' lang='lat' dir='ltr'><strong>cit:</strong></span> <span class='ocrx_word' id='word_1_658' title='bbox 459 4598 637 4666; x_wconf 87' lang='lat' dir='ltr'><strong>Pater,</strong></span> <span class='ocrx_word' id='word_1_659' title='bbox 662 4602 773 4655; x_wconf 85' lang='lat' dir='ltr'><strong>volo</strong></span> <span class='ocrx_word' id='word_1_660' title='bbox 799 4611 852 4655; x_wconf 90' lang='lat' dir='ltr'><strong>ut</strong></span> <span class='ocrx_word' id='word_1_661' title='bbox 876 4602 962 4655; x_wconf 88' lang='lat' dir='ltr'><strong>ubi</strong></span> <span class='ocrx_word' id='word_1_662' title='bbox 988 4619 1081 4675; x_wconf 85' lang='lat' dir='ltr'><strong>ego</strong></span> <span class='ocrx_word' id='word_1_663' title='bbox 1111 4622 1244 4671; x_wconf 88' lang='lat' dir='ltr'><strong>sum,</strong></span> <span class='ocrx_word' id='word_1_664' title='bbox 1267 4607 1339 4661; x_wconf 86' lang='lat' dir='ltr'><strong>ibi</strong></span> <span class='ocrx_word' id='word_1_665' title='bbox 1368 4608 1470 4663; x_wconf 85' lang='lat' dir='ltr'><strong>sint</strong></span> <span class='ocrx_word' id='word_1_666' title='bbox 1491 4619 1538 4664; x_wconf 88' lang='lat' dir='ltr'><strong>et</strong></span> <span class='ocrx_word' id='word_1_667' title='bbox 1567 4610 1621 4665; x_wconf 87' lang='lat' dir='ltr'><strong>lti</strong></span> <span class='ocrx_word' id='word_1_668' title='bbox 1652 4629 1850 4668; x_wconf 85' lang='lat' dir='ltr'><strong>mecum</strong></span> 
     </span>
    </p>
   </div>
   <div class='ocr_carea' id='block_1_95' title="bbox 256 4687 1851 4771">
    <p class='ocr_par' dir='ltr' id='par_1_95' title="bbox 256 4687 1851 4771">
     <span class='ocr_line' id='line_1_95' title="bbox 256 4687 1851 4771; baseline 0.014 -31"><span class='ocrx_word' id='word_1_669' title='bbox 256 4687 443 4760; x_wconf 87' lang='lat' dir='ltr'><strong>(Joan.</strong></span> <span class='ocrx_word' id='word_1_670' title='bbox 475 4705 610 4755; x_wconf 79' lang='lat' dir='ltr'><strong>mi,</strong></span> <span class='ocrx_word' id='word_1_671' title='bbox 642 4690 757 4761; x_wconf 70' lang='grc'><strong>24),</strong></span> <span class='ocrx_word' id='word_1_672' title='bbox 817 4692 870 4747; x_wconf 91' lang='lat' dir='ltr'><strong>in</strong></span> <span class='ocrx_word' id='word_1_673' title='bbox 910 4709 1075 4764; x_wconf 88' lang='lat' dir='ltr'><strong>regno</strong></span> <span class='ocrx_word' id='word_1_674' title='bbox 1101 4696 1311 4753; x_wconf 84' lang='lat' dir='ltr'><strong>scilicet</strong></span> <span class='ocrx_word' id='word_1_675' title='bbox 1349 4700 1441 4755; x_wconf 92' lang='lat' dir='ltr'><strong>illo</strong></span> <span class='ocrx_word' id='word_1_676' title='bbox 1472 4712 1731 4771; x_wconf 88' lang='lat' dir='ltr'><strong>perpetuo</strong></span> <span class='ocrx_word' id='word_1_677' title='bbox 1760 4707 1851 4762; x_wconf 90' lang='lat' dir='ltr'><strong>ubi</strong></span> 
     </span>
    </p>
   </div>
   <div class='ocr_carea' id='block_1_96' title="bbox 249 4780 1843 4860">
    <p class='ocr_par' dir='ltr' id='par_1_96' title="bbox 249 4780 1843 4860">
     <span class='ocr_line' id='line_1_96' title="bbox 249 4780 1843 4860; baseline 0.015 -30"><span class='ocrx_word' id='word_1_678' title='bbox 249 4780 508 4851; x_wconf 75' lang='lat' dir='ltr'><strong>gaudium</strong></span> <span class='ocrx_word' id='word_1_679' title='bbox 538 4791 796 4837; x_wconf 78' lang='lat' dir='ltr'><strong>:eternum</strong></span> <span class='ocrx_word' id='word_1_680' title='bbox 842 4794 945 4853; x_wconf 66' lang='lat' dir='ltr'><strong>est,</strong></span> <span class='ocrx_word' id='word_1_681' title='bbox 990 4796 1046 4842; x_wconf 91' lang='lat' dir='ltr'><strong>et</strong></span> <span class='ocrx_word' id='word_1_682' title='bbox 1092 4804 1361 4860; x_wconf 88' lang='lat' dir='ltr'><strong>nunquam</strong></span> <span class='ocrx_word' id='word_1_683' title='bbox 1411 4793 1637 4852; x_wconf 82' lang='lat' dir='ltr'><strong>finienda</strong></span> <span class='ocrx_word' id='word_1_684' title='bbox 1684 4813 1843 4855; x_wconf 83' lang='lat' dir='ltr'><strong>secn-</strong></span> 
     </span>
    </p>
   </div>
   <div class='ocr_carea' id='block_1_97' title="bbox 246 4870 1841 4946">
    <p class='ocr_par' dir='ltr' id='par_1_97' title="bbox 246 4870 1841 4946">
     <span class='ocr_line' id='line_1_97' title="bbox 246 4870 1841 4946; baseline 0.013 -21"><span class='ocrx_word' id='word_1_685' title='bbox 246 4871 410 4927; x_wconf 77' lang='lat' dir='ltr'><strong>ritas.</strong></span> <span class='ocrx_word' id='word_1_686' title='bbox 456 4870 562 4925; x_wconf 91' lang='lat' dir='ltr'><strong>Sed</strong></span> <span class='ocrx_word' id='word_1_687' title='bbox 604 4874 673 4927; x_wconf 86' lang='lat' dir='ltr'><strong>ita</strong></span> <span class='ocrx_word' id='word_1_688' title='bbox 715 4873 852 4941; x_wconf 82' lang='lat' dir='ltr'><strong>ﬁlios</strong></span> <span class='ocrx_word' id='word_1_689' title='bbox 893 4892 1149 4931; x_wconf 73' lang='lat' dir='ltr'><strong>servorum</strong></span> <span class='ocrx_word' id='word_1_690' title='bbox 1199 4881 1271 4934; x_wconf 89' lang='lat' dir='ltr'><strong>ibi</strong></span> <span class='ocrx_word' id='word_1_691' title='bbox 1299 4897 1419 4937; x_wconf 92' lang='lat' dir='ltr'><strong>cum</strong></span> <span class='ocrx_word' id='word_1_692' title='bbox 1448 4883 1677 4941; x_wconf 91' lang='lat' dir='ltr'><strong>Domino</strong></span> <span class='ocrx_word' id='word_1_693' title='bbox 1721 4904 1841 4946; x_wconf 83' lang='lat' dir='ltr'><strong>esse</strong></span> 
     </span>
    </p>
   </div>
   <div class='ocr_carea' id='block_1_98' title="bbox 250 4966 1841 5044">
    <p class='ocr_par' dir='ltr' id='par_1_98' title="bbox 250 4966 1841 5044">
     <span class='ocr_line' id='line_1_98' title="bbox 250 4966 1841 5044; baseline 0.013 -27"><span class='ocrx_word' id='word_1_694' title='bbox 250 4977 538 5032; x_wconf 75' lang='lat' dir='ltr'><strong>Cognosce,</strong></span> <span class='ocrx_word' id='word_1_695' title='bbox 588 4974 649 5017; x_wconf 90' lang='lat' dir='ltr'><strong>ut</strong></span> <span class='ocrx_word' id='word_1_696' title='bbox 696 4974 752 5019; x_wconf 92' lang='lat' dir='ltr'><strong>et</strong></span> <span class='ocrx_word' id='word_1_697' title='bbox 798 4966 942 5033; x_wconf 81' lang='lat' dir='ltr'><strong>ipsos</strong></span> <span class='ocrx_word' id='word_1_698' title='bbox 987 4983 1196 5035; x_wconf 86' lang='lat' dir='ltr'><strong>servos,</strong></span> <span class='ocrx_word' id='word_1_699' title='bbox 1245 4971 1295 5026; x_wconf 92' lang='lat' dir='ltr'><strong>id</strong></span> <span class='ocrx_word' id='word_1_700' title='bbox 1337 4982 1423 5029; x_wconf 89' lang='lat' dir='ltr'><strong>est</strong></span> <span class='ocrx_word' id='word_1_701' title='bbox 1466 4978 1739 5044; x_wconf 83' lang='lat' dir='ltr'><strong>apostolos</strong></span> <span class='ocrx_word' id='word_1_702' title='bbox 1786 4990 1841 5036; x_wconf 88' lang='lat' dir='ltr'><strong>et</strong></span> 
     </span>
    </p>
   </div>
   <div class='ocr_carea' id='block_1_99' title="bbox 252 5056 1841 5143">
    <p class='ocr_par' dir='ltr' id='par_1_99' title="bbox 252 5056 1841 5143">
     <span class='ocr_line' id='line_1_99' title="bbox 252 5056 1841 5143; baseline 0.015 -39"><span class='ocrx_word' id='word_1_703' title='bbox 252 5056 636 5122; x_wconf 58' lang='lat' dir='ltr'><strong>praedicatores</strong></span> <span class='ocrx_word' id='word_1_704' title='bbox 664 5057 778 5125; x_wconf 84' lang='lat' dir='ltr'><strong>ejus</strong></span> <span class='ocrx_word' id='word_1_705' title='bbox 808 5074 926 5114; x_wconf 88' lang='lat' dir='ltr'><strong>esse</strong></span> <span class='ocrx_word' id='word_1_706' title='bbox 956 5076 1059 5115; x_wconf 91' lang='lat' dir='ltr'><strong>non</strong></span> <span class='ocrx_word' id='word_1_707' title='bbox 1088 5062 1322 5120; x_wconf 87' lang='lat' dir='ltr'><strong>dubites.</strong></span> <span class='ocrx_word' id='word_1_708' title='bbox 1368 5067 1497 5122; x_wconf 66' lang='lat' dir='ltr'><strong>Nam</strong></span> <span class='ocrx_word' id='word_1_709' title='bbox 1530 5070 1577 5124; x_wconf 90' lang='lat' dir='ltr'><strong>si</strong></span> <span class='ocrx_word' id='word_1_710' title='bbox 1607 5070 1841 5143; x_wconf 79' lang='lat' dir='ltr'><strong>discipu-</strong></span> 
     </span>
    </p>
   </div>
   <div class='ocr_carea' id='block_1_100' title="bbox 248 5145 1840 5233">
    <p class='ocr_par' dir='ltr' id='par_1_100' title="bbox 248 5145 1840 5233">
     <span class='ocr_line' id='line_1_100' title="bbox 248 5145 1840 5233; baseline 0.013 -33"><span class='ocrx_word' id='word_1_711' title='bbox 248 5148 315 5200; x_wconf 90' lang='lat' dir='ltr'><strong>lis</strong></span> <span class='ocrx_word' id='word_1_712' title='bbox 350 5145 495 5198; x_wconf 79' lang='lat' dir='ltr'><strong>lncus</strong></span> <span class='ocrx_word' id='word_1_713' title='bbox 526 5147 870 5202; x_wconf 85' lang='lat' dir='ltr'><strong>beatitudinis</strong></span> <span class='ocrx_word' id='word_1_714' title='bbox 905 5152 1080 5218; x_wconf 89' lang='lat' dir='ltr'><strong>datur,</strong></span> <span class='ocrx_word' id='word_1_715' title='bbox 1116 5157 1353 5223; x_wconf 83' lang='lat' dir='ltr'><strong>nunquid</strong></span> <span class='ocrx_word' id='word_1_716' title='bbox 1398 5159 1529 5227; x_wconf 61' lang='lat' dir='ltr'><strong>ipsis</strong></span> <span class='ocrx_word' id='word_1_717' title='bbox 1570 5165 1840 5233; x_wconf 85' lang='lat' dir='ltr'><strong>magistris</strong></span> 
     </span>
    </p>
   </div>
   <div class='ocr_carea' id='block_1_101' title="bbox 237 5236 1841 5322">
    <p class='ocr_par' dir='ltr' id='par_1_101' title="bbox 237 5236 1841 5322">
     <span class='ocr_line' id='line_1_101' title="bbox 237 5236 1841 5322; baseline 0.014 -31"><span class='ocrx_word' id='word_1_718' title='bbox 237 5247 325 5291; x_wconf 84' lang='lat' dir='ltr'><strong>est</strong></span> <span class='ocrx_word' id='word_1_719' title='bbox 372 5236 594 5292; x_wconf 83' lang='lat' dir='ltr'><strong>forsitan</strong></span> <span class='ocrx_word' id='word_1_720' title='bbox 642 5239 1030 5311; x_wconf 85' lang='lat' dir='ltr'><strong>abnegandus?</strong></span> <span class='ocrx_word' id='word_1_721' title='bbox 1071 5246 1175 5301; x_wconf 87' lang='lat' dir='ltr'><strong>Sed</strong></span> <span class='ocrx_word' id='word_1_722' title='bbox 1236 5264 1362 5303; x_wconf 89' lang='lat' dir='ltr'><strong>usus</strong></span> <span class='ocrx_word' id='word_1_723' title='bbox 1414 5251 1708 5322; x_wconf 79' lang='lat' dir='ltr'><strong>Scriptura:</strong></span> <span class='ocrx_word' id='word_1_724' title='bbox 1756 5267 1841 5314; x_wconf 88' lang='lat' dir='ltr'><strong>est</strong></span> 
     </span>
    </p>
   </div>
   <div class='ocr_carea' id='block_1_102' title="bbox 235 5330 1828 5415">
    <p class='ocr_par' dir='ltr' id='par_1_102' title="bbox 235 5330 1828 5415">
     <span class='ocr_line' id='line_1_102' title="bbox 235 5330 1828 5415; baseline 0.014 -31"><span class='ocrx_word' id='word_1_725' title='bbox 235 5330 532 5399; x_wconf 84' lang='lat' dir='ltr'><strong>aliquando</strong></span> <span class='ocrx_word' id='word_1_726' title='bbox 598 5333 803 5390; x_wconf 89' lang='lat' dir='ltr'><strong>minora</strong></span> <span class='ocrx_word' id='word_1_727' title='bbox 866 5336 1068 5405; x_wconf 89' lang='lat' dir='ltr'><strong>dicere,</strong></span> <span class='ocrx_word' id='word_1_728' title='bbox 1140 5350 1197 5395; x_wconf 91' lang='lat' dir='ltr'><strong>ut</strong></span> <span class='ocrx_word' id='word_1_729' title='bbox 1254 5351 1309 5397; x_wconf 90' lang='lat' dir='ltr'><strong>et</strong></span> <span class='ocrx_word' id='word_1_730' title='bbox 1383 5344 1584 5415; x_wconf 88' lang='lat' dir='ltr'><strong>majora</strong></span> <span class='ocrx_word' id='word_1_731' title='bbox 1632 5350 1828 5405; x_wconf 90' lang='lat' dir='ltr'><strong>ibidem</strong></span> 
     </span>
    </p>
   </div>
   <div class='ocr_carea' id='block_1_103' title="bbox 233 5425 1825 5503">
    <p class='ocr_par' dir='ltr' id='par_1_103' title="bbox 233 5425 1825 5503">
     <span class='ocr_line' id='line_1_103' title="bbox 233 5425 1825 5503; baseline 0.013 -24"><span class='ocrx_word' id='word_1_732' title='bbox 233 5425 518 5493; x_wconf 76' lang='lat' dir='ltr'><strong>complexa</strong></span> <span class='ocrx_word' id='word_1_733' title='bbox 555 5426 864 5496; x_wconf 84' lang='lat' dir='ltr'><strong>videantur,</strong></span> <span class='ocrx_word' id='word_1_734' title='bbox 908 5440 965 5485; x_wconf 95' lang='lat' dir='ltr'><strong>ut</strong></span> <span class='ocrx_word' id='word_1_735' title='bbox 1007 5432 1059 5486; x_wconf 88' lang='lat' dir='ltr'><strong>in</strong></span> <span class='ocrx_word' id='word_1_736' title='bbox 1104 5433 1209 5488; x_wconf 88' lang='lat' dir='ltr'><strong>alio</strong></span> <span class='ocrx_word' id='word_1_737' title='bbox 1250 5436 1454 5503; x_wconf 86' lang='lat' dir='ltr'><strong>psalmo</strong></span> <span class='ocrx_word' id='word_1_738' title='bbox 1482 5439 1681 5496; x_wconf 89' lang='lat' dir='ltr'><strong>dictum</strong></span> <span class='ocrx_word' id='word_1_739' title='bbox 1711 5454 1825 5499; x_wconf 91' lang='lat' dir='ltr'><strong>est:</strong></span> 
     </span>
    </p>
   </div>
   <div class='ocr_carea' id='block_1_104' title="bbox 234 5513 1829 5590">
    <p class='ocr_par' dir='ltr' id='par_1_104' title="bbox 234 5513 1829 5590">
     <span class='ocr_line' id='line_1_104' title="bbox 234 5513 1829 5590; baseline 0.013 -22"><span class='ocrx_word' id='word_1_740' title='bbox 234 5513 301 5568; x_wconf 78' lang='lat' dir='ltr'><strong>Si</strong></span> <span class='ocrx_word' id='word_1_741' title='bbox 342 5515 546 5571; x_wconf 82' lang='lat' dir='ltr'><strong>videbas</strong></span> <span class='ocrx_word' id='word_1_742' title='bbox 587 5518 768 5587; x_wconf 79' lang='lat' dir='ltr'><strong>furem,</strong></span> <span class='ocrx_word' id='word_1_743' title='bbox 802 5520 1035 5575; x_wconf 85' lang='lat' dir='ltr'><strong>currebas</strong></span> <span class='ocrx_word' id='word_1_744' title='bbox 1076 5539 1190 5578; x_wconf 88' lang='lat' dir='ltr'><strong>cum</strong></span> <span class='ocrx_word' id='word_1_745' title='bbox 1226 5541 1305 5588; x_wconf 83' lang='lat' dir='ltr'><strong>eo,</strong></span> <span class='ocrx_word' id='word_1_746' title='bbox 1338 5537 1387 5581; x_wconf 83' lang='lat' dir='ltr'><strong>et</strong></span> <span class='ocrx_word' id='word_1_747' title='bbox 1426 5545 1542 5582; x_wconf 86' lang='lat' dir='ltr'><strong>cum</strong></span> <span class='ocrx_word' id='word_1_748' title='bbox 1582 5532 1829 5590; x_wconf 82' lang='lat' dir='ltr'><strong>adulteris</strong></span> 
     </span>
    </p>
   </div>
   <div class='ocr_carea' id='block_1_105' title="bbox 234 5611 1826 5689">
    <p class='ocr_par' dir='ltr' id='par_1_105' title="bbox 234 5611 1826 5689">
     <span class='ocr_line' id='line_1_105' title="bbox 234 5611 1826 5689; baseline 0.014 -28"><span class='ocrx_word' id='word_1_749' title='bbox 234 5611 523 5676; x_wconf 78' lang='lat' dir='ltr'><strong>partionem</strong></span> <span class='ocrx_word' id='word_1_750' title='bbox 564 5621 706 5666; x_wconf 89' lang='lat' dir='ltr'><strong>tuam</strong></span> <span class='ocrx_word' id='word_1_751' title='bbox 751 5616 971 5683; x_wconf 83' lang='lat' dir='ltr'><strong>ponebas</strong></span> <span class='ocrx_word' id='word_1_752' title='bbox 1015 5615 1192 5684; x_wconf 76' lang='lat' dir='ltr'><strong>(Psal.</strong></span> <span class='ocrx_word' id='word_1_753' title='bbox 1236 5636 1379 5689; x_wconf 75' lang='lat' dir='ltr'><strong>stis,</strong></span> <span class='ocrx_word' id='word_1_754' title='bbox 1414 5622 1527 5689; x_wconf 79' lang='grc'><strong>18).</strong></span> <span class='ocrx_word' id='word_1_755' title='bbox 1580 5624 1652 5681; x_wconf 74' lang='lat' dir='ltr'><strong>Ilii</strong></span> <span class='ocrx_word' id='word_1_756' title='bbox 1683 5630 1826 5684; x_wconf 90' lang='lat' dir='ltr'><strong>enim</strong></span> 
     </span>
    </p>
   </div>
   <div class='ocr_carea' id='block_1_106' title="bbox 233 5702 1828 5793">
    <p class='ocr_par' dir='ltr' id='par_1_106' title="bbox 233 5702 1828 5793">
     <span class='ocr_line' id='line_1_106' title="bbox 233 5702 1828 5793; baseline 0.014 -37"><span class='ocrx_word' id='word_1_757' title='bbox 233 5702 441 5757; x_wconf 77' lang='lat' dir='ltr'><strong>minora</strong></span> <span class='ocrx_word' id='word_1_758' title='bbox 468 5703 613 5759; x_wconf 86' lang='lat' dir='ltr'><strong>dicta</strong></span> <span class='ocrx_word' id='word_1_759' title='bbox 644 5716 788 5777; x_wconf 82' lang='lat' dir='ltr'><strong>sunt,</strong></span> <span class='ocrx_word' id='word_1_760' title='bbox 825 5724 876 5761; x_wconf 84' lang='lat' dir='ltr'><strong>ut</strong></span> <span class='ocrx_word' id='word_1_761' title='bbox 912 5706 1067 5764; x_wconf 88' lang='lat' dir='ltr'><strong>simul</strong></span> <span class='ocrx_word' id='word_1_762' title='bbox 1092 5720 1145 5766; x_wconf 90' lang='lat' dir='ltr'><strong>et</strong></span> <span class='ocrx_word' id='word_1_763' title='bbox 1174 5710 1376 5793; x_wconf 65' lang='lat' dir='ltr'><strong>majora</strong></span> <span class='ocrx_word' id='word_1_764' title='bbox 1411 5715 1631 5772; x_wconf 84' lang='lat' dir='ltr'><strong>crimina</strong></span> <span class='ocrx_word' id='word_1_765' title='bbox 1664 5723 1828 5777; x_wconf 88' lang='lat' dir='ltr'><strong>scuti-</strong></span> 
     </span>
    </p>
   </div>
   <div class='ocr_carea' id='block_1_107' title="bbox 1957 4598 3539 4684">
    <p class='ocr_par' dir='ltr' id='par_1_107' title="bbox 1957 4598 3539 4684">
     <span class='ocr_line' id='line_1_107' title="bbox 1957 4598 3539 4684; baseline 0.015 -32"><span class='ocrx_word' id='word_1_766' title='bbox 1957 4598 2099 4652; x_wconf 90' lang='lat' dir='ltr'><strong>enim</strong></span> <span class='ocrx_word' id='word_1_767' title='bbox 2128 4598 2333 4653; x_wconf 81' lang='lat' dir='ltr'><strong>lucidus</strong></span> <span class='ocrx_word' id='word_1_768' title='bbox 2365 4610 2418 4655; x_wconf 90' lang='lat' dir='ltr'><strong>et</strong></span> <span class='ocrx_word' id='word_1_769' title='bbox 2452 4601 2587 4658; x_wconf 89' lang='lat' dir='ltr'><strong>tituli</strong></span> <span class='ocrx_word' id='word_1_770' title='bbox 2615 4605 2695 4659; x_wconf 88' lang='lat' dir='ltr'><strong>sui</strong></span> <span class='ocrx_word' id='word_1_771' title='bbox 2723 4606 2968 4663; x_wconf 88' lang='lat' dir='ltr'><strong>claritate</strong></span> <span class='ocrx_word' id='word_1_772' title='bbox 2987 4612 3310 4684; x_wconf 91' lang='lat' dir='ltr'><strong>consimilis,</strong></span> <span class='ocrx_word' id='word_1_773' title='bbox 3344 4626 3399 4672; x_wconf 92' lang='lat' dir='ltr'><strong>ut</strong></span> <span class='ocrx_word' id='word_1_774' title='bbox 3429 4620 3539 4677; x_wconf 87' lang='lat' dir='ltr'><strong>sine</strong></span> 
     </span>
    </p>
   </div>
   <div class='ocr_carea' id='block_1_108' title="bbox 1954 4687 3538 4785">
    <p class='ocr_par' dir='ltr' id='par_1_108' title="bbox 1954 4687 3538 4785">
     <span class='ocr_line' id='line_1_108' title="bbox 1954 4687 3538 4785; baseline 0.019 -44"><span class='ocrx_word' id='word_1_775' title='bbox 1954 4687 2269 4747; x_wconf 78' lang='lat' dir='ltr'><strong>difficultate</strong></span> <span class='ocrx_word' id='word_1_776' title='bbox 2296 4692 2560 4750; x_wconf 85' lang='lat' dir='ltr'><strong>dictorum</strong></span> <span class='ocrx_word' id='word_1_777' title='bbox 2591 4698 2777 4767; x_wconf 87' lang='lat' dir='ltr'><strong>psalmi</strong></span> <span class='ocrx_word' id='word_1_778' title='bbox 2824 4701 3209 4763; x_wconf 88' lang='lat' dir='ltr'><strong>continentiam</strong></span> <span class='ocrx_word' id='word_1_779' title='bbox 3241 4708 3538 4785; x_wconf 77' lang='lat' dir='ltr'><strong>intelligere</strong></span> 
     </span>
    </p>
   </div>
   <div class='ocr_carea' id='block_1_109' title="bbox 1954 4781 2268 4839">
    <p class='ocr_par' dir='ltr' id='par_1_109' title="bbox 1954 4781 2268 4839">
     <span class='ocr_line' id='line_1_109' title="bbox 1954 4781 2268 4839; baseline 0.013 -4"><span class='ocrx_word' id='word_1_780' title='bbox 1954 4781 2268 4839; x_wconf 90' lang='lat' dir='ltr'><strong>debeamus.</strong></span> 
     </span>
    </p>
   </div>
   <div class='ocr_carea' id='block_1_110' title="bbox 2532 4882 2963 4955">
    <p class='ocr_par' dir='ltr' id='par_1_110' title="bbox 2532 4882 2963 4955">
     <span class='ocr_line' id='line_1_110' title="bbox 2532 4882 2963 4955; baseline 0.023 -20"><span class='ocrx_word' id='word_1_781' title='bbox 2532 4882 2727 4939; x_wconf 84' lang='lat' dir='ltr'><strong>Divisio</strong></span> <span class='ocrx_word' id='word_1_782' title='bbox 2757 4890 2963 4955; x_wconf 84' lang='lat' dir='ltr'><strong>psalmi.</strong></span> 
     </span>
    </p>
   </div>
   <div class='ocr_carea' id='block_1_111' title="bbox 2040 4991 3535 5082">
    <p class='ocr_par' dir='ltr' id='par_1_111' title="bbox 2040 4991 3535 5082">
     <span class='ocr_line' id='line_1_111' title="bbox 2040 4991 3535 5082; baseline 0.017 -38"><span class='ocrx_word' id='word_1_783' title='bbox 2040 4991 2139 5046; x_wconf 85' lang='lat' dir='ltr'><strong>Per</strong></span> <span class='ocrx_word' id='word_1_784' title='bbox 2186 5000 2355 5049; x_wconf 88' lang='lat' dir='ltr'><strong>totum</strong></span> <span class='ocrx_word' id='word_1_785' title='bbox 2406 4996 2618 5065; x_wconf 62' lang='lat' dir='ltr'><strong>quidem</strong></span> <span class='ocrx_word' id='word_1_786' title='bbox 2668 5001 2931 5069; x_wconf 89' lang='lat' dir='ltr'><strong>psalmum</strong></span> <span class='ocrx_word' id='word_1_787' title='bbox 2976 5006 3233 5078; x_wconf 72' lang='lat' dir='ltr'><strong>propheta</strong></span> <span class='ocrx_word' id='word_1_788' title='bbox 3280 5010 3535 5082; x_wconf 77' lang='lat' dir='ltr'><strong>loquitur.</strong></span> 
     </span>
    </p>
   </div>
   <div class='ocr_carea' id='block_1_112' title="bbox 1954 5082 3533 5168">
    <p class='ocr_par' dir='ltr' id='par_1_112' title="bbox 1954 5082 3533 5168">
     <span class='ocr_line' id='line_1_112' title="bbox 1954 5082 3533 5168; baseline 0.015 -33"><span class='ocrx_word' id='word_1_789' title='bbox 1954 5082 2131 5137; x_wconf 86' lang='lat' dir='ltr'><strong>Prima</strong></span> <span class='ocrx_word' id='word_1_790' title='bbox 2163 5087 2472 5140; x_wconf 89' lang='lat' dir='ltr'><strong>narratione</strong></span> <span class='ocrx_word' id='word_1_791' title='bbox 2512 5088 2577 5142; x_wconf 90' lang='lat' dir='ltr'><strong>ad</strong></span> <span class='ocrx_word' id='word_1_792' title='bbox 2622 5090 2852 5146; x_wconf 83' lang='lat' dir='ltr'><strong>animam</strong></span> <span class='ocrx_word' id='word_1_793' title='bbox 2894 5108 3043 5150; x_wconf 84' lang='lat' dir='ltr'><strong>suam</strong></span> <span class='ocrx_word' id='word_1_794' title='bbox 3084 5099 3243 5153; x_wconf 87' lang='lat' dir='ltr'><strong>verba</strong></span> <span class='ocrx_word' id='word_1_795' title='bbox 3293 5101 3435 5168; x_wconf 83' lang='lat' dir='ltr'><strong>facit,</strong></span> <span class='ocrx_word' id='word_1_796' title='bbox 3482 5116 3533 5159; x_wconf 91' lang='lat' dir='ltr'><strong>ut</strong></span> 
     </span>
    </p>
   </div>
   <div class='ocr_carea' id='block_1_113' title="bbox 1954 5173 3534 5259">
    <p class='ocr_par' dir='ltr' id='par_1_113' title="bbox 1954 5173 3534 5259">
     <span class='ocr_line' id='line_1_113' title="bbox 1954 5173 3534 5259; baseline 0.016 -33"><span class='ocrx_word' id='word_1_797' title='bbox 1954 5173 2235 5230; x_wconf 82' lang='lat' dir='ltr'><strong>benedicat</strong></span> <span class='ocrx_word' id='word_1_798' title='bbox 2282 5176 2606 5244; x_wconf 89' lang='lat' dir='ltr'><strong>Dominum,</strong></span> <span class='ocrx_word' id='word_1_799' title='bbox 2654 5191 2706 5235; x_wconf 90' lang='lat' dir='ltr'><strong>et</strong></span> <span class='ocrx_word' id='word_1_800' title='bbox 2756 5184 3016 5241; x_wconf 87' lang='lat' dir='ltr'><strong>beneficia</strong></span> <span class='ocrx_word' id='word_1_801' title='bbox 3068 5189 3185 5259; x_wconf 87' lang='lat' dir='ltr'><strong>ejus</strong></span> <span class='ocrx_word' id='word_1_802' title='bbox 3231 5193 3534 5252; x_wconf 77' lang='lat' dir='ltr'><strong>nullatenus</strong></span> 
     </span>
    </p>
   </div>
   <div class='ocr_carea' id='block_1_114' title="bbox 1949 5265 3533 5359">
    <p class='ocr_par' dir='ltr' id='par_1_114' title="bbox 1949 5265 3533 5359">
     <span class='ocr_line' id='line_1_114' title="bbox 1949 5265 3533 5359; baseline 0.015 -39"><span class='ocrx_word' id='word_1_803' title='bbox 1949 5265 2141 5322; x_wconf 85' lang='lat' dir='ltr'><strong>debeat</strong></span> <span class='ocrx_word' id='word_1_804' title='bbox 2198 5267 2464 5359; x_wconf 81' lang='lat' dir='ltr'><strong>oblivisci.</strong></span> <span class='ocrx_word' id='word_1_805' title='bbox 2537 5272 2781 5329; x_wconf 85' lang='lat' dir='ltr'><strong>Secunda</strong></span> <span class='ocrx_word' id='word_1_806' title='bbox 2833 5281 3137 5337; x_wconf 84' lang='lat' dir='ltr'><strong>narratione</strong></span> <span class='ocrx_word' id='word_1_807' title='bbox 3182 5283 3308 5341; x_wconf 90' lang='lat' dir='ltr'><strong>dicit</strong></span> <span class='ocrx_word' id='word_1_808' title='bbox 3360 5290 3533 5359; x_wconf 83' lang='lat' dir='ltr'><strong>qualia</strong></span> 
     </span>
    </p>
   </div>
   <div class='ocr_carea' id='block_1_115' title="bbox 1948 5356 3533 5449">
    <p class='ocr_par' dir='ltr' id='par_1_115' title="bbox 1948 5356 3533 5449">
     <span class='ocr_line' id='line_1_115' title="bbox 1948 5356 3533 5449; baseline 0.016 -39"><span class='ocrx_word' id='word_1_809' title='bbox 1948 5356 2113 5428; x_wconf 84' lang='lat' dir='ltr'><strong>Moysi</strong></span> <span class='ocrx_word' id='word_1_810' title='bbox 2152 5358 2493 5429; x_wconf 78' lang='lat' dir='ltr'><strong>prtestiterit,</strong></span> <span class='ocrx_word' id='word_1_811' title='bbox 2537 5372 2592 5417; x_wconf 91' lang='lat' dir='ltr'><strong>et</strong></span> <span class='ocrx_word' id='word_1_812' title='bbox 2635 5366 2854 5435; x_wconf 88' lang='lat' dir='ltr'><strong>reliquis</strong></span> <span class='ocrx_word' id='word_1_813' title='bbox 2886 5367 3010 5425; x_wconf 84' lang='lat' dir='ltr'><strong>fidel</strong></span> <span class='ocrx_word' id='word_1_814' title='bbox 3033 5371 3133 5427; x_wconf 91' lang='lat' dir='ltr'><strong>bus</strong></span> <span class='ocrx_word' id='word_1_815' title='bbox 3170 5376 3303 5445; x_wconf 70' lang='lat' dir='ltr'><strong>suis,</strong></span> <span class='ocrx_word' id='word_1_816' title='bbox 3333 5356 3391 5432; x_wconf 81' lang='lat' dir='ltr'><strong>ut</strong></span> <span class='ocrx_word' id='word_1_817' title='bbox 3419 5380 3533 5449; x_wconf 85' lang='lat' dir='ltr'><strong>ipse</strong></span> 
     </span>
    </p>
   </div>
   <div class='ocr_carea' id='block_1_116' title="bbox 1942 5451 3532 5528">
    <p class='ocr_par' dir='ltr' id='par_1_116' title="bbox 1942 5451 3532 5528">
     <span class='ocr_line' id='line_1_116' title="bbox 1942 5451 3532 5528; baseline 0.014 -24"><span class='ocrx_word' id='word_1_818' title='bbox 1942 5451 2272 5520; x_wconf 87' lang='lat' dir='ltr'><strong>intelligatur</strong></span> <span class='ocrx_word' id='word_1_819' title='bbox 2299 5468 2327 5506; x_wconf 90' lang='lat' dir='ltr'><strong>a</strong></span> <span class='ocrx_word' id='word_1_820' title='bbox 2354 5456 2566 5510; x_wconf 72' lang='lat' dir='ltr'><strong>saeculis</strong></span> <span class='ocrx_word' id='word_1_821' title='bbox 2588 5472 2802 5528; x_wconf 89' lang='lat' dir='ltr'><strong>semper</strong></span> <span class='ocrx_word' id='word_1_822' title='bbox 2829 5460 2993 5518; x_wconf 88' lang='lat' dir='ltr'><strong>fuisse</strong></span> <span class='ocrx_word' id='word_1_823' title='bbox 3023 5466 3324 5523; x_wconf 88' lang='lat' dir='ltr'><strong>nnmificus.</strong></span> <span class='ocrx_word' id='word_1_824' title='bbox 3350 5470 3532 5528; x_wconf 84' lang='lat' dir='ltr'><strong>Tertio</strong></span> 
     </span>
    </p>
   </div>
   <div class='ocr_carea' id='block_1_117' title="bbox 1938 5542 3531 5630">
    <p class='ocr_par' dir='ltr' id='par_1_117' title="bbox 1938 5542 3531 5630">
     <span class='ocr_line' id='line_1_117' title="bbox 1938 5542 3531 5630; baseline 0.013 -32"><span class='ocrx_word' id='word_1_825' title='bbox 1938 5542 2057 5598; x_wconf 73' lang='lat' dir='ltr'><strong>Loco</strong></span> <span class='ocrx_word' id='word_1_826' title='bbox 2095 5542 2160 5593; x_wconf 90' lang='lat' dir='ltr'><strong>ad</strong></span> <span class='ocrx_word' id='word_1_827' title='bbox 2200 5544 2422 5613; x_wconf 83' lang='lat' dir='ltr'><strong>angelos</strong></span> <span class='ocrx_word' id='word_1_828' title='bbox 2471 5547 2639 5602; x_wconf 84' lang='lat' dir='ltr'><strong>verba</strong></span> <span class='ocrx_word' id='word_1_829' title='bbox 2674 5553 2957 5619; x_wconf 86' lang='lat' dir='ltr'><strong>convertit,</strong></span> <span class='ocrx_word' id='word_1_830' title='bbox 3000 5556 3224 5614; x_wconf 82' lang='lat' dir='ltr'><strong>virtutes</strong></span> <span class='ocrx_word' id='word_1_831' title='bbox 3270 5575 3531 5630; x_wconf 73' lang='lat' dir='ltr'><strong>supernas</strong></span> 
     </span>
    </p>
   </div>
   <div class='ocr_carea' id='block_1_118' title="bbox 1938 5632 3527 5725">
    <p class='ocr_par' dir='ltr' id='par_1_118' title="bbox 1938 5632 3527 5725">
     <span class='ocr_line' id='line_1_118' title="bbox 1938 5632 3527 5725; baseline 0.017 -40"><span class='ocrx_word' id='word_1_832' title='bbox 1938 5632 2251 5701; x_wconf 89' lang='lat' dir='ltr'><strong>alloquitur,</strong></span> <span class='ocrx_word' id='word_1_833' title='bbox 2284 5642 2340 5688; x_wconf 92' lang='lat' dir='ltr'><strong>et</strong></span> <span class='ocrx_word' id='word_1_834' title='bbox 2370 5636 2604 5706; x_wconf 87' lang='lat' dir='ltr'><strong>reliquas</strong></span> <span class='ocrx_word' id='word_1_835' title='bbox 2658 5641 2948 5698; x_wconf 76' lang='lat' dir='ltr'><strong>mtionales</strong></span> <span class='ocrx_word' id='word_1_836' title='bbox 2993 5656 3266 5709; x_wconf 87' lang='lat' dir='ltr'><strong>creaturas</strong></span> <span class='ocrx_word' id='word_1_837' title='bbox 3316 5654 3527 5725; x_wconf 86' lang='lat' dir='ltr'><strong>invitat,</strong></span> 
     </span>
    </p>
   </div>
   <div class='ocr_carea' id='block_1_119' title="bbox 1940 5724 3112 5807">
    <p class='ocr_par' dir='ltr' id='par_1_119' title="bbox 1940 5724 3112 5807">
     <span class='ocr_line' id='line_1_119' title="bbox 1940 5724 3112 5807; baseline 0.014 -27"><span class='ocrx_word' id='word_1_838' title='bbox 1940 5733 1995 5780; x_wconf 86' lang='lat' dir='ltr'><strong>ut</strong></span> <span class='ocrx_word' id='word_1_839' title='bbox 2019 5724 2228 5780; x_wconf 88' lang='lat' dir='ltr'><strong>Domini</strong></span> <span class='ocrx_word' id='word_1_840' title='bbox 2256 5724 2454 5798; x_wconf 89' lang='lat' dir='ltr'><strong>jugiter</strong></span> <span class='ocrx_word' id='word_1_841' title='bbox 2485 5728 2730 5789; x_wconf 83' lang='lat' dir='ltr'><strong>laudibus</strong></span> <span class='ocrx_word' id='word_1_842' title='bbox 2761 5748 3112 5807; x_wconf 80' lang='lat' dir='ltr'><strong>oreupentur.</strong></span> 
     </span>
    </p>
   </div>
  </div>
