3966 6172
163 308 238 365 ἸἳΙ
1128 303 1485 362 ΕΧΡΟΞΙἸΊΟ
1525 301 1588 357 IN
1630 299 2088 355 i‘S.\LTERlUM.
2126 298 2317 355 PSAL.
2359 296 2464 351 Cll.

3319 300 3449 356 72‘2"

162 440 220 480 ne
256 421 369 492 quis
412 420 480 476 de
526 418 702 474 latura
754 419 1105 474 retributione
1153 418 1400 473 dubitare
1449 415 1730 486 potuisset.
1763 415 1807 472 Α
1841 411 2115 467 Sententia
2145 412 2410 481 generalis
2439 421 2542 476 est,
2597 410 2716 480 quia
2751 425 2906 466 nemo
2934 420 3016 466 est
3040 411 3127 482 qui
3157 411 3272 482 ejus
3302 429 3420 484 gra-
3451 454 3454 455 ν

163 511 252 569 Sed
277 509 493 565 intende
521 509 970 579 quemadmodum
1005 510 1210 580 Moyses
1242 518 1296 563 et
1320 507 1488 562 Israel
1521 506 1726 560 indica-

164 617 234 659 tus
267 613 345 656 est
382 600 725 656 distinctione
768 602 1073 656 v.-rborum.
1129 599 1295 653 Notas
1323 599 1442 668 fecit
1473 595 1577 650 vias
1605 611 1728 649 suas

167 695 332 764 Moysi,
359 692 573 762 quando
612 692 660 747 ei
687 691 950 762 justitiam
998 706 1110 746 suae
1142 692 1425 760 potestatis
1453 687 1586 758 [ed.,
1619 687 1730 755 pie-

164 782 288 854 tatis]
327 783 571 854 aperuit,
620 791 680 837 ut
725 783 897 852 legem
938 781 1324 848 Conscriberet,
1359 793 1538 834 mores
1569 776 1729 832 doce~

164 885 246 941 ret,
292 885 346 928 et
391 874 443 927 in
489 872 603 927 vias
653 872 784 944 [ed.,
821 872 874 927 in
906 870 1014 942 via]
1048 871 1256 926 Domini
1307 871 1557 940 perlecta:
1605 866 1727 921 ﬁdei

162 966 388 1037 gradibus
414 963 737 1019 ambularet.
778 963 1050 1033 Sequitur,
1098 962 1223 1031 ﬁliis
1248 961 1418 1016 Israel
1448 960 1730 1014 voluntates

163 1073 279 1112 suas.
335 1054 430 1110 Hic
456 1053 740 1109 voluntates
765 1054 960 1124 posuit,
987 1069 1091 1108 non
1124 1055 1254 1119 vias,
1279 1052 1399 1122 quia
1424 1067 1527 1106 non
1556 1051 1731 1104 omnis

165 1148 324 1214 lsrael,
375 1157 626 1216 suscepto
679 1146 842 1202 verbo
889 1145 1119 1213 Domini,
1154 1146 1206 1200 in
1241 1144 1356 1214 ejus
1401 1140 1730 1212 jussirmibus

163 1241 451 1295 ambulavit.
481 1240 692 1294 Scimus
722 1240 865 1292 enim
897 1252 1030 1308 quas
1059 1236 1353 1292 seditiones
1385 1233 1612 1304 populus
1644 1234 1730 1288 ille

163 1332 346 1396 iecerit,
388 1340 446 1384 ut
477 1344 608 1384 voce
642 1327 842 1398 judicis
881 1335 1180 1382 mereretur
1227 1324 1413 1379 audire
1447 1343 1460 1377 :
1495 1322 1732 1391 Papulas

162 1421 299 1494 ω
340 1422 423 1475 hic
465 1419 598 1473 dura
627 1419 816 1473 cervice
850 1426 922 1471 est
953 1415 1152 1489 (Exod.
1187 1430 1356 1481 χχχιι,
1388 1412 1469 1484 9).
1503 1412 1731 1482 ideoque

161 1530 270 1584 ergo
292 1514 398 1567 illis
421 1513 701 1567 voluntates
726 1510 958 1575 Domini,
986 1524 1091 1564 non
1117 1507 1232 1562 vias
1257 1507 1552 1562 innotuisse
1578 1505 1728 1569 dicit,

161 1605 265 1676 quia
293 1605 460 1658 multa
490 1617 612 1674 pars
651 1617 835 1657 eorum
879 1601 1018 1656 viam
1047 1599 1255 1654 Domini
1288 1598 1558 1653 declinare
1590 1612 1730 1665 prm-

162 1697 381 1764 sumpsit.
429 1696 522 1751 Sic
570 1703 750 1750 autem
803 1693 969 1765 Moysi
1019 1691 1329 1761 exemplum
1384 1689 1469 1743 hic
1499 1689 1730 1759 positum

1834 504 1958 556 tiam
1989 503 2157 570 gratis
2190 519 2294 557 non
2329 503 2542 565 haheat,
2576 502 2702 556 dum
2735 503 2818 556 lex
2848 504 2947 558 sub
2977 514 3198 573 peccato
3227 515 3416 560 cuncta

1832 594 2146 656 concludat.
2198 595 2334 650 sient
2383 605 2606 649 ieStatur
2648 596 2936 665 Apostolus
2981 611 2996 648 :
3049 594 3235 651 Omnia
3283 596 3466 652 Deus—

1832 686 2080 741 conclusit
2114 688 2165 739 in
2196 687 2574 755 incredulitate,
2603 695 2656 740 ut
2689 688 2913 741 omnium
2938 687 3262 741 misereretur
3279 684 3416 758 (Ibi-

1832 779 1968 844 dem,
1991 777 2220 849 52).-llle
2249 789 2423 832 tamen
2457 779 2811 833 communiter
2837 779 2988 833 bouis
3019 781 3278 850 malisque
3303 781 3419 850 Spi-

1833 870 1993 923 ritum
2038 869 2223 935 donat,
2272 871 2498 924 salutem
2534 870 2735 936 tribuit,
2766 871 3084 941 indigentias
3127 873 3334 940 adimit,
3368 884 3449 928 et.

1833 962 2155 1033 generaliter
2197 963 2367 1018 bonus
2399 973 2499 1018 ρει.
2547 962 2786 1030 Addidit,
2821 982 2981 1034 neque
3008 968 3289 1020 secundum
3319 968 3417 1020 iui-

1831 1052 2047 1122 quitates
2079 1063 2277 1107 nostras
2307 1055 2538 1107 retribuit
2569 1055 2742 1120 nobis;
2773 1055 2984 1111 scilicet
3010 1059 3258 1126 quoniam
3293 1073 3419 1126 sup-

1836 1146 2154 1214 plicantibus
2185 1148 2255 1202 ita
2287 1149 2405 1216 pius
2450 1159 2551 1211 est,
2587 1157 2642 1202 ut
2675 1159 2799 1202 tunc
2831 1151 2999 1219 magis
3026 1167 3144 1203 cum
3175 1151 3422 1220 dignetur

1832 1238 2138 1302 absolvere,
2165 1241 2374 1309 quando
2399 1254 2458 1294 se
2485 1239 2749 1295 studuerit
2779 1243 3164 1311 unusquisque,
3183 1241 3430 1296 adhibita-

1833 1328 2217 1395 satistactione,
2251 1330 2526 1386 damnare.

1911 1416 2062 1476 Vers.
2098 1422 2183 1474 il.
2229 1421 2360 1487 Quia
2389 1423 2670 1476 secundum
2703 1425 3035 1478 altitudinem
3063 1425 3173 1480 coeli
3203 1443 3234 1478 a
3266 1433 3442 1492 terra,

1833 1513 2150 1582 conﬁrmavit
2176 1512 2426 1568 Dominus
2455 1517 2860 1570 misericordiam
2893 1533 3039 1570 suam
3062 1534 3215 1587 super
3244 1519 3423 1572 timen-

1835 1613 1908 1656 tes
1938 1619 2073 1658 eum.
2108 1603 2422 1674 Diligentius
2451 1615 2851 1674 perserutemur
2879 1606 3004 1676 quid
3035 1608 3136 1662 sibi
3167 1609 3294 1662 velit
3323 1609 3422 1662 izta

1833 1699 2184 1764 comparatio.
2233 1696 2404 1752 Tanto
2445 1697 2704 1766 majorem
2751 1698 2883 1754 dicit
2921 1713 2952 1752 a
2991 1700 3196 1754 meritis
3236 1716 3423 1756 eorum

160 1791 403 1861 intelligo,
450 1798 508 1844 ut
546 1799 724 1843 tamen
765 1787 867 1842 hoc
912 1787 1153 1856 quotidie
1193 1787 1472 1840 Dominum
1517 1791 1574 1838 et
1601 1797 1730 1852 ope-
1764 1796 1805 1855 Β
1833 1789 2256 1845 misericordiam
2288 1791 2498 1847 Domini
2529 1808 2687 1864 quam
2719 1794 2975 1850 retribuit
3003 1794 3248 1852 ﬁdelibus
3289 1799 3423 1865 suis,

161 1893 372 1947 tantem,
408 1891 462 1938 et
497 1895 664 1950 usque
693 1879 761 1934 ad
805 1878 966 1934 ﬁnem
1005 1878 1188 1933 saeculi
1217 1877 1427 1947 operari
1459 1888 1618 1946 posse
1643 1890 1729 1930 co-

159 1989 387 2042 gnoscas.

222 2066 364 2124 Vers.
400 2065 458 2122 8.
506 2065 801 2120 Misericors
837 2073 885 2118 et
910 2064 1178 2117 miserator
1211 2060 1482 2132 Dominus,
1531 2061 1731 2131 patiens

159 2167 199 2211 et
216 2161 428 2211 multum
451 2157 758 2211 misericors.
782 2153 1076 2208 Misericors
1097 2152 1286 2223 estqui
1305 2161 1489 2206 natura
1511 2166 1606 2206 sua
1622 2150 1732 2206 cle-

161 2250 510 2304 mentissimus
538 2247 884 2318 approbatur.
943 2245 1239 2311 Miserator,
1269 2243 1482 2316 quando
1522 2241 1732 2298 miseri-

159 2338 334 2394 cordiae
361 2353 482 2394 suae
512 2337 654 2392 dona
685 2335 927 2407 largitur.
963 2335 1148 2391 Potest
1172 2335 1316 2389 enim
1347 2334 1539 2402 aliquis
1582 2334 1733 2387 mise-

159 2431 299 2484 ricors
328 2439 375 2484 et
397 2431 669 2484 miserator
692 2444 814 2485 esse
843 2429 895 2482 in
925 2443 1031 2483 una
1059 2427 1370 2498 duabusque
1398 2415 1601 2493 causis;
1632 2427 1733 2480 mi-

159 2537 352 2576 scrtcors
387 2531 572 2576 autem
602 2532 650 2576 et
680 2522 948 2576 miserator
976 2519 1292 2576 naturaliter
1322 2528 1516 2588 prteter
1546 2519 1732 2574 Domi.

161 2631 270 2669 num
300 2615 482 2670 nullus
509 2614 705 2683 potelit
735 2612 986 2669 inveniri.
1040 2611 1146 2668 Sed
1182 2612 1266 2667 hic
1297 2612 1417 2668 ideo
1446 2612 1734 2666 misericors

159 2708 484 2774 praemissum
530 2717 636 2771 εει,
685 2714 742 2759 ut
791 2705 1161 2761 miseratorem
1197 2705 1476 2760 Dominum
1525 2719 1628 2758 non
1667 2703 1733 2757 ad

159 2807 371 2865 tempus,
419 2795 518 2860 sed
546 2795 745 2866 jugiter
787 2794 1135 2866 approbares.
1190 2794 1312 2850 Haec
1344 2794 1508 2864 ﬁgura
1538 2793 1736 2848 dicitur

155 2889 546 2965 paronomasia,
576 2887 626 2942 id
669 2896 754 2943 est
794 2886 1178 2952 denominatio,
1211 2901 1328 2956 qua:
1383 2884 1735 2941 similitudine

155 2982 403 3037 sermonis
450 2982 684 3036 coacitat
723 2979 984 3035 audientis
1026 2979 1299 3034 affectum.
1353 2977 1594 3048 Adjecit,
1643 2995 1736 3046 pa-

155 3075 291 3142 tiens,
317 3073 469 3144 quod
501 3087 724 3128 necesse
746 3082 828 3128 est
857 3072 1110 3142 consequi
1143 3072 1575 3134 misericordem;
1609 3069 1732 3124 nul-

1832 1893 2087 1953 quantum
2122 1894 2296 1953 potest
2329 1901 2360 1939 a
2391 1893 2530 1942 terra
2573 1888 2697 1943 coeli
2725 1889 3006 1956 summitas
3037 1889 3257 1956 elevari.
3307 1891 3422 1958 Qua

1831 1975 2230 2043 comparatione
2280 1975 2411 2031 illud
2457 1992 2668 2048 quoque
2709 1979 3058 2048 Signiticatur,
3113 1979 3236 2050 quia
3285 1981 3423 2036 sicut

1831 2067 2027 2122 emtum
2072 2075 2242 2123 terras
2283 2068 2476 2138 operit,
2507 2079 2562 2124 et
2590 2068 2951 2138 competentia
2980 2071 3241 2127 beneﬁcia
3285 2081 3421 2128 tem-

1833 2160 2052 2230 porilsus
2081 2160 2194 2215 suis
2223 2159 2426 2216 homini
2455 2162 2661 2232 tribuit,
2708 2163 2868 2219 modo
2894 2165 3099 2235 pluvias
3129 2165 3422 2236 induendo,

1834 2251 1993 2306 modo
2025 2252 2333 2319 praestando
2361 2267 2577 2322 serena,
2606 2255 2768 2310 modo
2819 2255 2994 2325 ipsum
3033 2270 3214 2312 aerem
3246 2259 3425 2314 ventis

1833 2344 2200 2400 saluberrimis
2225 2346 2577 2415 temperando
2607 2366 2619 2399 :
2655 2348 2726 2402 ita
2748 2358 2799 2403 et
2825 2348 3190 2404 misericordia
3218 2349 3431 2406 Domini

1835 2437 2109 2508 t‘ragilitati
2140 2448 2336 2493 nostra:
2367 2439 2605 2495 noscitur
2631 2439 2840 2496 diversa
2872 2450 3163 2512 praestare;
3196 2445 3427 2500 sustinet

1835 2529 1978 2583 enim
2008 2537 2064 2582 ut
2091 2527 2348 2598 corrigat,
2380 2530 2615 2599 ﬂagellat
2647 2538 2704 2586 ut
2733 2533 2961 2598 erudiat,
2989 2536 3183 2605 probat
3208 2543 3264 2590 ut
3291 2552 3427 2606 prte-

1835 2625 1960 2683 stet,
1989 2629 2043 2673 et
2073 2632 2167 2686 per
2197 2619 2436 2673 diversas
2469 2634 2664 2689 cperas
2692 2621 3076 2680 beneﬁciorum
3106 2639 3209 2680 una
3241 2627 3426 2680 volun-

1836 2717 1918 2765 tas
1939 2716 2024 2765 est
2047 2709 2335 2765 subvenire
2359 2713 2724 2780 pem-antibus.
2750 2714 2854 2770 Sed
2879 2725 2936 2771 ut
2959 2716 3120 2772 totius
3139 2719 3427 2774 sententia:

1836 2805 2008 2860 virtus
2037 2804 2206 2875 possit
2235 2804 2483 2876 intelligi,
2519 2807 2753 2862 breviter
2781 2807 3068 2868 dicendum
3098 2823 3182 2868 est
3215 2830 3228 2867 :
3262 2813 3319 2867 Si
3341 2813 3442 2868 fas-

1837 2905 1920 2952 est
1972 2905 2030 2951 ut
2058 2896 2254 2952 coelum
2301 2910 2409 2951 non
2452 2900 2730 2967 cooperiat
2776 2906 2971 2967 terras,
3001 2910 3179 2971 potest
3224 2905 3336 2958 ﬁeri
3372 2915 3428 2959 ut

1840 2989 2100 3045 Dominus
2131 3005 2238 3044 non
2265 2997 2509 3060 protegat
2536 2990 2637 3045 sibi
2664 2991 2951 3061 purissime
2979 2995 3297 3051 servientes.

1912 3081 2062 3138 Vers.
2096 3081 2182 3137 12.
2211 3081 2467 3149 Quantum
2492 3081 2649 3137 distat
2675 3083 2840 3136 oriens
2864 3082 3016 3156 [ωδε.
3041 3085 3132 3147 Α..
3155 3085 3240 3153 8.,
3265 3086 3426 3158 ortus]

154 3165 227 3220 ius
252 3166 394 3220 enim
432 3164 749 3230 misericors,
783 3163 884 3217 nisi
914 3163 1002 3232 qui
1032 3170 1087 3217 et
1111 3164 1326 3234 patiens.
1379 3160 1473 3217 Sic
1513 3160 1652 3215 enim
1681 3168 1734 3215 et

1842 3175 1899 3230 ab
1931 3191 2134 3240 occasu,
2163 3176 2414 3248 elongavit
2445 3192 2478 3228 a
2511 3176 2656 3230 nobis
2689 3177 2982 3246 iniquitates
3021 3189 3242 3235 nostras.
3276 3180 3428 3235 Dedt

155 3257 432 3326 Apostolus
464 3256 593 3310 dicit
627 3273 640 3307 :
675 3257 754 3308 An
787 3255 985 3308 divitias
1014 3254 1253 3308 bonitatis
1283 3255 1396 3324 ejus
1425 3264 1470 3308 et
1501 3253 1736 3325 longani-

153 3351 326 3403 mitatis
348 3347 677 3403 contemnis?
701 3344 922 3418 Ignoras
938 3346 1092 3413 [mss.
1115 3344 1204 3407 G.,
1225 3343 1309 3406 Ρη
1328 3340 1590 3414 ignorans]
1604 3361 1735 3414 quo-

153 3442 274 3493 niam
301 3441 594 3512 benignitas
631 3436 727 3492 Dei
755 3439 824 3500 ad
856 3439 1200 3507 paenitentiam
1230 3445 1278 3489 te
1304 3436 1516 3490 adducit
1555 3437 1733 3507 (Rom.

152 3549 199 3597 ιι,
228 3534 324 3604 ψ
365 3535 496 3604 Ipse
526 3544 701 3588 autem
732 3531 799 3586 de
827 3546 886 3586 se
915 3531 1045 3585 dicit
1074 3548 1086 3586 :
1129 3529 1256 3584 IIaac
1283 3530 1472 3600 fecisti,
1504 3539 1550 3582 et
1578 3531 1735 3584 tacui.

153 3626 476 3684 Existimasti
520 3629 863 3704 iniquitatem,
913 3631 1050 3697 quod
1081 3641 1169 3678 ero
1217 3624 1308 3677 tibi
1351 3623 1533 3677 simili..-
1562 3621 1732 3695 (Psal.

153 3737 294 3789 sus,
320 3723 449 3794 2|).
501 3721 777 3790 Sequitur,
817 3730 864 3775 et
907 3719 1124 3771 ntultum
1156 3716 1460 3771 misericors.
1513 3713 1740 3769 Multum

150 3829 321 3870 revera
368 3814 690 3878 misericors,
733 3812 823 3883 qui
871 3809 1094 3866 audiens
1138 3810 1357 3865 omnino
1401 3808 1739 3878 blasphemas

145 3922 313 3972 voces,
344 3906 540 3963 Solent
571 3921 721 3959 suum
760 3903 884 3973 facit
914 3902 1038 3957 oriri
1077 3916 1228 3972 super
1267 3901 1422 3953 bonos
1463 3907 1511 3952 et
1550 3899 1737 3963 malos,

142 4009 183 4052 ct
209 3999 338 4069 pluit
366 4015 535 4070 super
559 3999 730 4071 justas
771 4008 816 4051 et
857 3997 1042 4066 impios
1086 3993 1224 4068 [ed.,
1253 3989 1493 4064 injustos]
1520 3990 1736 4061 (Matth.

141 4108 187 4156 τ.
218 4092 310 4164 65)
357 4113 372 4147 ;
424 4092 652 4147 vitalem
700 4089 946 4160 spiritum
1001 4102 1189 4158 magna
1242 4086 1436 4150 pietate
1483 4083 1738 4154 largitur;

142 4195 422 4255 exspectat
455 4190 730 4249 errantes,
760 4191 820 4238 ut
847 4182 1079 4238 debeant
1125 4196 1218 4236 sua
1266 4194 1546 4249 perperam
1594 4193 1741 4232 com-

139 4277 294 4332 missa
316 4279 330 4350 ξ
341 4293 474 4331 mss.
492 4277 534 4329 A
547 4315 588 4340 .,
605 4273 693 4336 Β..
713 4271 778 4327 ι’.
791 4314 807 4338 ,
821 4281 1118 4344 perpetrata
1141 4269 1446 4342 commissa]
1462 4270 1737 4326 damnare.

209 4370 364 4426 ἵει-ε.
401 4370 464 4428 9.
498 4352 626 4424 Non
656 4368 707 4421 in
735 4367 891 4437 ﬁnem
923 4366 1194 4429 irascetur,
1225 4380 1386 4434 neque
1415 4365 1467 4417 in
1495 4371 1741 4417 ceternum

135 4462 521 4536 indignabitur.
590 4459 695 4513 illis
743 4459 950 4514 scilicet
997 4457 1088 4528 qui
1137 4457 1327 4512 devota
1377 4455 1738 4511 satisfactione

1839 3268 1995 3324 aliam
2019 3266 2433 3338 pulcherrimam
2461 3268 2916 3337 comparationem
2940 3268 3200 3326 beneﬁcio
3221 3271 3426 3326 divino.

1844 3359 2024 3414 Oriens
2050 3359 2374 3415 estiuitium
2405 3358 2559 3414 bona:
2598 3358 2722 3413 vitae
2764 3369 2984 3430 nostras,
3017 3376 3223 3416 occasus
3273 3361 3428 3416 malai

1839 3451 2267 3508 conversationis
2291 3449 2534 3506 allectus.
2571 3451 2624 3505 In
2657 3466 2838 3505 occasu
2865 3450 3008 3506 enim
3041 3467 3276 3518 eramus,
3304 3468 3428 3513 cum

1842 3544 2047 3616 peccati
2077 3543 2290 3598 vinculo
2322 3542 2634 3598 tenebamur
2663 3543 2900 3608 astricti;
2943 3543 2996 3598 in
3027 3544 3221 3597 oriente
3249 3552 3429 3600 autem

1841 3650 2049 3703 sumus,
2099 3635 2311 3706 quando
2362 3633 2456 3703 p'er
2498 3648 2687 3704 aquam
2740 3635 3162 3706 regenerationis
3210 3651 3307 3690 nos
3335 3635 3428 3692 Sol

1840 3740 2000 3782 verus
2028 3726 2284 3790 invisitat,
2310 3735 2364 3780 et
2393 3726 2643 3782 tenebras
2672 3725 2792 3780 facit
2819 3736 3123 3782 nostrorum
3152 3727 3430 3784 discedere

1842 3825 2204 3887 peccatorum.
2231 3814 2460 3870 Tantum
2490 3831 2618 3885 ergo
2646 3816 2953 3885 iniquitates
2983 3825 3180 3873 nostra:
3209 3833 3238 3872 a
3273 3818 3428 3874 nobis

1843 3904 2001 3974 longe
2046 3913 2207 3970 sunt,
2255 3918 2376 3958 cum
2426 3904 2580 3959 nobis
2625 3915 2845 3974 peccata
2899 3916 3079 3961 nostra
3133 3906 3424 3974 demantur,

1842 4003 2096 4066 quantum
2128 4004 2304 4064 potest
2329 3995 2474 4050 clara
2502 3995 2616 4050 dies
2645 4011 2673 4049 a
2707 3996 2987 4050 tenebrosa
3020 4008 3176 4051 nocte
3202 3997 3424 4054 distare.

1842 4087 1966 4144 Sive
1989 4103 2086 4158 per
2107 4097 2348 4142 orientem
2378 4086 2641 4158 signiﬁcat
2672 4103 2891 4157 regnum
2920 4087 3044 4153 Dei;
3075 4103 3170 4158 per
3193 4105 3428 4143 occasum

1843 4195 1972 4235 vero
1995 4179 2314 4251 gehennam,
2345 4193 2464 4247 qua:
2499 4187 2701 4232 tantum
2734 4193 2761 4230 a
2796 4178 3069 4232 beatorum
3101 4178 3228 4233 sede
3257 4177 3429 4234 dissu-

1843 4277 1980 4330 ciata
2006 4284 2112 4337 est,
2143 4283 2399 4342 quantum
2428 4271 2557 4326 dicit
2600 4271 2688 4325 ille
2720 4285 2918 4340 pauper
2948 4271 2998 4324 in
3031 4269 3261 4325 Abrahte
3290 4271 3427 4326 sini-

1844 4369 1942 4422 bus
1971 4366 2293 4421 constitutus
2323 4381 2337 4418 :
2370 4362 2514 4418 Inter
2549 4380 2641 4419 nos
2679 4373 2726 4418 ct
2761 4380 2846 4418 vos
2882 4365 3032 4418 chaos
3062 4380 3303 4436 magnum
3333 4363 3430 4435 ﬁr-

1844 4466 2041 4511 matum
2063 4467 2135 4511 est
2159 4455 2309 4528 (Luc.
2343 4471 2450 4526 xvi,
2477 4454 2592 4525 ‘25).

135 4563 498 4624 cognoscunt,
529 4551 618 4622 qui
659 4551 724 4605 ad
756 4566 880 4606 eum
922 4549 1099 4605 redire
1144 4549 1390 4619 diligunt,
1435 4547 1525 4618 qui
1557 4547 1738 4603 illece-
1769 4555 1817 4617 υ
1915 4550 2070 4605 Vers.
2115 4551 2199 4603 15.
2247 4547 2392 4604 Sicut
2435 4547 2699 4601 miseretur
2726 4557 2870 4618 pater
2908 4547 3052 4616 ﬁliis,
3085 4547 3158 4601 ita
3197 4549 3445 4616 misertus

134 4644 250 4701 bras
268 4647 474 4701 stt-culi
496 4660 619 4698 cum
642 4659 739 4696 suo
761 4651 980 4697 auctore
1000 4649 1371 4696 contemnunt.
1390 4640 1610 4704 Contra,
1636 4639 1741 4695 illis

132 4741 178 4791 tn
202 4741 362 4808 ﬁnem
403 4742 685 4803 irascetur,
726 4736 921 4806 quibus
959 4736 1196 4790 dicturus
1224 4743 1348 4789 est:
1396 4731 1472 4786 Ite
1500 4735 1551 4786 in
1574 4733 1766 4804 ignem_

130 4844 378 4886 uernum
405 4830 628 4902 (Matth.
653 4845 777 4895 xxv,
796 4827 909 4896 Η).
933 4829 1120 4896 Magna
1144 4825 1425 4882 infelicitas
1447 4827 1621 4896 perire
1642 4825 1742 4880 sub

131 4923 212 4989 pio
235 4923 511 4985 Doctrina,
541 4930 596 4974 ut
625 4920 799 4974 tardes
830 4919 906 4973 illi
929 4918 1244 4973 satisfacere
1272 4918 1357 4972 cui
1385 4927 1436 4972 te
1460 4915 1740 4988 cognoscis

130 5027 376 5079 errasse;
434 5011 678 5066 maxime
707 5024 829 5063 cum
861 5008 1308 5079 supplicationem
1340 5016 1484 5061 tuam
1516 5020 1737 5060 vacuam

127 5120 229 5157 non
258 5106 509 5167 sentias,
536 5104 579 5157 si
615 5114 788 5157 tamen
815 5117 932 5155 eam
963 5101 1166 5171 integro
1193 5099 1370 5154 animo
1402 5107 1452 5154 te
1478 5097 1738 5153 obtulisse

123 5211 458 5268 cognoscas.
534 5194 715 5248 Potest
744 5193 848 5248 hoc
873 5204 926 5248 et
954 5193 1022 5248 de
1053 5192 1248 5262 p0pulo
1275 5189 1497 5246 Judaico
1527 5189 1735 5255 sentiri,

123 5306 281 5356 quem
325 5287 775 5344 convertendum
821 5296 1032 5340 constat
1063 5286 1114 5339 in
1158 5285 1263 5340 ﬁne
1289 5283 1504 5349 saeculi;
1539 5285 1606 5337 de
1632 5297 1740 5352 quo

119 5390 172 5433 et
197 5381 522 5452 Apostolus
548 5378 675 5433 dicit
708 5397 718 5430 :
754 5376 967 5432 chitas
1004 5395 1068 5433 ex
1104 5389 1247 5445 parte
1294 5374 1459 5430 Israel
1500 5375 1732 5446 contigit,

123 5489 172 5526 ut
198 5472 502 5544 plenitudo
527 5473 757 5540 gentium
786 5472 1040 5534 introiret,
1067 5481 1113 5524 ct
1141 5471 1214 5525 sic
1242 5471 1405 5524 onmis
1429 5467 1595 5524 Israel
1633 5467 1738 5523 sal-

121 5579 204 5618 t-us
233 5568 286 5633 fi.
307 5574 390 5616 τά
424 5561 614 5633 (Rom.
645 5579 719 5626 XI,
744 5562 814 5616 25
842 5572 888 5617 et
917 5563 1032 5634 9.6).

191 5656 350 5711 Veis.
387 5654 494 5708 IO.
527 5652 642 5707 Non
669 5654 952 5706 secundum
977 5663 1186 5724 peccata
1214 5664 1384 5708 nrrtra
1411 5654 1532 5724 fecit
1573 5653 1736 5716 nobis,

119 5761 276 5814 “tch
326 5747 630 5803 secundum
695 5745 982 5814 iniquitates
1034 5757 1232 5802 nostras
1283 5746 1512 5801 re'ribuit
1571 5746 1737 5806 nobis,

1843 4651 1916 4698 cst
1948 4641 2197 4696 Dontinus
2227 4639 2518 4694 timentibus
2543 4656 2614 4692 se.
2672 4640 2808 4695 Ecce
2852 4638 2962 4709 jam
3012 4655 3116 4694 non
3163 4642 3433 4696 extraneis

1847 4750 2021 4804 neque
2070 4733 2373 4805 longinquis
2420 4731 2911 4802 comparationibus
2965 4732 3172 4804 agitur;
3221 4733 3316 4788 sed
3363 4734 3430 4789 ad

1844 4826 1958 4897 ipsa
2007 4827 2211 4878 viscera
2255 4824 2465 4893 pietatis
2512 4823 2771 4877 vocabula
2816 4822 3111 4878 sociantur.
3155 4822 3247 4878 Sic
3286 4823 3429 4878 enim

1846 4915 2130 4969 miseretur
2175 4921 2231 4966 nt
2277 4922 2448 4981 pater,
2489 4912 2582 4968 sed
2626 4911 2820 4982 quibus
2851 4914 2964 4982 ipse
3008 4921 3156 4982 pater
3203 4922 3326 4979 est;
3355 4915 3432 4968 sic

1845 5007 2067 5078 corripit
2107 5016 2163 5061 ut
2204 5006 2360 5070 ﬁlios,
2403 5003 2500 5060 sed
2538 5005 2629 5076 qui
2672 5003 2824 5074 regni
2864 5004 2980 5075 ejus
3022 5003 3267 5060 lueredes
3309 5020 3433 5062 esse

1848 5100 2164 5157 meruerint.
2197 5099 2470 5169 Sequitur,
2503 5101 2574 5152 ita
2604 5101 2841 5154 m'sertus
2874 5107 2945 5152 est
2973 5098 3224 5154 Dominus
3251 5099 3435 5154 timen-

1848 5194 1980 5248 tibus
2013 5209 2087 5246 se.
2160 5191 2294 5246 Dum
2347 5192 2497 5256 dicit,
2548 5192 2642 5255 ita,
2695 5191 2936 5261 designat
2989 5191 3143 5246 nobis
3195 5200 3435 5262 pateram

1849 5286 2200 5341 correctionis
2241 5283 2509 5340 allectum.
2543 5283 2699 5341 Pater
2739 5285 2880 5340 enim
2923 5285 3153 5339 carnalis
3197 5286 3285 5355 qui
3324 5287 3464 5360 vult.

1847 5380 2010 5434 lilium
2045 5395 2200 5433 suum
2239 5380 2392 5433 bonis
2431 5380 2637 5434 actibus
2680 5380 2922 5444 erudire,
2965 5381 3270 5450 frequenter
3309 5398 3433 5439 eum

1845 5472 2088 5539 corripit,
2123 5469 2430 5540 frequenter
2461 5470 2712 5539 ﬂagellat,
2746 5471 2884 5525 sicut
2931 5471 3185 5526 Salomon
3229 5471 3300 5526 ait
3329 5511 3342 5526 .
3377 5477 3436 5527 Si

1847 5564 2019 5633 diligis
2049 5561 2213 5628 ﬁlium
2244 5570 2408 5627 tuum,
2433 5560 2695 5628 frequenta
2723 5563 2768 5613 ei
2791 5562 3002 5630 ﬂagella
3040 5561 3174 5634 [cd.,
3203 5563 3439 5632 frequen-

1849 5665 1924 5707 ter
1965 5669 2076 5706 eum
2107 5650 2358 5723 ﬂagella],
2389 5666 2503 5702 cum
2532 5652 2704 5706 adhuc
2734 5661 2871 5706 tener
2895 5665 2967 5704 cst
3001 5653 3186 5724 (Eccli.
3216 5671 3338 5712 xxx.
3361 5654 3438 5723 l),

1857 5755 1957 5800 etc.
2008 5742 2109 5814 Ipsi
2138 5744 2278 5800 enim
2313 5753 2563 5814 patentes
2593 5759 2716 5800 \CI'C
2747 5745 2971 5813 diligunt
3008 5749 3143 5803 ﬁlios
3187 5762 3315 5802 suos
3355 5747 3443 5816 qui
