3966 6172
541 308 650 365 7⁴Ξ3

1808 313 1876 367 Μ.
1922 313 2203 369 AURELII
2245 314 2647 373 C.1SSlODORl
3654 323 3733 377 721

538 423 620 477 eis
664 421 766 477 sub
798 422 993 490 pietate
1022 418 1250 475 districti
1280 429 1425 476 sunt.
1456 422 1545 478 Sic
1576 435 1627 478 et
1660 424 1916 479 Dominus
1948 434 2133 481 noster
2163 430 2211 489 A
2242 429 2443 485 addidit
2465 472 2479 493 ,
2525 443 2574 487 et
2620 449 2721 486 non
2754 440 3018 504 cognoscet
3049 420 3277 498 'ampllis
3304 407 3457 485 locum
3482 450 3637 504 suum,
3664 438 3741 492 hoc

539 516 769 588 flagellat
799 528 1012 568 omnem
1042 514 1211 567 filium
1240 529 1399 585 quem
1445 515 1657 585 recipit,
1703 525 1758 571 ct
1796 517 2045 573 timentes
2074 532 2133 573 se

538 612 606 665 ad
636 609 873 664 studium
904 608 1059 663 bona:
1088 609 1382 665 voluntatis
1411 611 1647 666 adducit.

628 704 784 758 Vers.
848 703 935 756 11.
1004 704 1138 768 Quia
1199 704 1309 771 ipse
1367 704 1462 757 scit
1524 704 1825 775 ﬁgmentum
1882 714 2133 759 nostrum.

545 797 824 860 Memento,
867 794 1111 864 Domine,
1159 798 1294 867 quod
1323 796 1490 867 pulvis
1517 813 1714 851 sumus.
1769 798 1879 853 [loc
1924 810 2132 852 comma

542 892 609 947 ad
642 893 925 962 superiora
973 891 1303 963 jungendum
1348 900 1451 947 est.
1494 892 1665 947 Causa
1704 893 1847 947 enim
1890 892 2135 947 redditur

538 1001 637 1040 cur
678 985 1001 1041 misereatur
1036 992 1092 1038 ut
1136 993 1286 1054 pater
1319 1002 1333 1039 :
1375 985 1581 1040 scilicet
1607 985 1858 1055 quoniam
1899 993 2136 1039 nosmet-

541 1080 685 1148 ipsos
713 1080 778 1133 ab
802 1079 889 1133 illa
915 1078 1142 1134 naturali
1170 1078 1429 1149 dignitate
1455 1077 1769 1150 dejecimus,
1796 1088 1850 1134 et
1873 1092 1903 1131 a
1930 1078 2135 1134 factura

540 1171 812 1227 Creatoris
876 1172 1125 1240 repulsi,
1190 1171 1489 1241 ﬁgmentum
1558 1186 1681 1227 esse
1748 1181 2129 1227 monstramur.

543 1265 732 1320 Merito
759 1279 886 1334 ergo
912 1264 1184 1319 subveniri
1213 1265 1311 1319 sibi
1344 1266 1599 1334 postulat,
1630 1263 1720 1333 qui
1750 1278 1898 1333 spem
1933 1265 1985 1318 in
2014 1264 2138 1317 viri-

544 1357 645 1409 bus
684 1356 913 1425 propriis
948 1371 1054 1409 non
1106 1354 1357 1409 habebat.
1392 1354 1665 1425 Sequitur,
1700 1353 1981 1418 Memento,
2027 1352 2138 1408 Do-

544 1449 702 1511 mine,
751 1446 889 1517 quod
941 1444 1107 1512 pulvis
1154 1462 1351 1501 sumus.
1388 1445 1521 1499 Dicit
1559 1446 1735 1509 enim,
1769 1444 1971 1499 Memor
1997 1456 2132 1511 esto,

546 1539 789 1600 Domine,
812 1553 917 1591 non
944 1536 1066 1606 quia
1095 1550 1191 1590 nos
1215 1551 1281 1590 ex
1308 1535 1438 1590 limo
1464 1535 1659 1590 creasti
1692 1533 1822 1607 [ed.,
1850 1533 2132 1606 formasti],

544 1646 649 1686 non
694 1631 814 1700 quia
855 1628 1187 1684 immortales
1217 1635 1302 1682 tua
1343 1628 1588 1696 largitate
1630 1626 1825 1693 fecisti,
1857 1641 1962 1680 non
1993 1626 2134 1696 quod

545 1722 611 1776 ad
644 1722 929 1791 imaginem
959 1728 1015 1777 et
1041 1718 1440 1773 similitndnem
1470 1730 1613 1772 tuam
1647 1719 1915 1785 plasmare
1946 1717 2134 1788 digna-

2240 532 2322 577 est
2348 523 2400 576 in
2431 524 2533 579 hoc
2552 526 2806 580 saeculum
2836 541 2939 579 non
2968 534 3138 595 potest
3158 524 3339 587 redire,
3363 526 3441 579 ubi
3462 540 3590 580 suain
3612 528 3742 584 vitam

2241 614 2407 681 possit
2429 615 2648 670 iterare.
2673 617 2926 672 Convicta
2958 625 3038 670 cst
3070 614 3420 670 imbecillitate
3445 632 3528 670 sua
3561 617 3743 671 humana

2243 706 2527 775 fragilitas.
2560 708 2792 775 Audisti,
2822 710 3004 777 homo,
3040 708 3165 777 quid
3194 706 3286 771 sis,
3315 709 3430 761 audi
3454 708 3564 775 quid
3589 709 3692 772 eris,
3710 711 3744 762 si

2240 797 2524 853 Dominum
2583 786 2803 855 minime
2854 801 3044 856 timere
3095 800 3414 868 despexeris.
3462 799 3574 865 Qua:
3622 802 3747 867 figura

2238 886 2435 942 dicitur
2476 889 2689 957 parison
2719 934 2733 958 ,
2780 890 2831 943 id
2863 900 2946 944 est
2990 890 3219 959 aequatio
3262 889 3553 952 sententiae,
3582 890 3748 956 quoties

2239 976 2377 1032 bona
2406 980 2488 1034 vel
2521 981 2659 1035 mala
2689 980 3013 1051 conjunctim
3045 980 3297 1035 membris
3327 979 3639 1034 dissimilibus
3660 980 3752 1033 alli.

2235 1088 2447 1144 gamus.

2311 1168 2464 1224 Vers.
2502 1170 2587 1222 17.
2625 1169 2979 1224 Misericordia
3011 1180 3181 1225 autem
3215 1170 3417 1225 Domini
3442 1188 3471 1224 a
3498 1172 3657 1226 seculo
3680 1180 3751 1233 est,

2238 1268 2285 1315 et
2316 1278 2473 1331 usque
2501 1262 2553 1314 in
2582 1264 2828 1316 sarculum
2873 1265 3052 1316 δατηιὶ
3092 1280 3244 1333 super
3293 1264 3507 1317 timentes
3546 1280 3644 1317 eum
3677 1277 3691 1316 :
3721 1273 3754 1314 et

2227 1353 2435 1423 justitia
2475 1354 2587 1423 ejus
2629 1370 2782 1423 super
2820 1354 2954 1422 ﬁlios
2998 1354 3247 1423 ﬁliorum.
3289 1354 3527 1423 Exposita
3556 1354 3758 1421 estprius

2240 1443 2505 1498 veraciter
2538 1449 2764 1498 humana
2795 1445 3036 1499 conditio
3070 1456 3289 1515 pr0pter
3319 1445 3629 1500 insolentium
3654 1458 3757 1511 prte-

2239 1536 2573 1604 sumptiones
2606 1536 2845 1600 illicitas;
2871 1552 3010 1589 nunc
3044 1538 3278 1591 insinuat
3302 1552 3468 1606 spem,
3494 1543 3599 1605 qua:
3619 1534 3760 1587 ﬁdeles

2241 1626 2430 1682 debeat
2460 1629 2725 1683 consolari
2759 1647 2772 1683 :
2806 1631 2929 1699 quia
2957 1630 3081 1685 licet
3115 1646 3212 1699 per
3265 1646 3360 1684 nos
3404 1630 3558 1685 simus
3598 1628 3762 1697 fragiles

2243 1727 2295 1773 et
2326 1719 2541 1784 caduci,
2572 1735 2667 1789 per
2691 1719 3112 1775 misericordiam
3148 1721 3356 1775 Domini
3380 1720 3628 1775 reddiinur
3649 1717 3766 1770 abso-

546 1824 631 1868 tus
660 1828 739 1881 es,
761 1813 881 1882 quia
910 1816 1009 1867 ista
1039 1814 1215 1865 omnia
1250 1810 1501 1865 invidiam
1533 1812 1700 1878 magis
1723 1812 1956 1864 excitare
1984 1818 2134 1880 potc-
2170 1807 2216 1865 B
2246 1811 2350 1865 lute
2373 1814 2645 1881 perpetui;
2671 1820 2799 1866 utet
2822 1828 2979 1881 quam
3005 1812 3215 1883 fragiles
3245 1814 3409 1866 simus
3430 1811 3683 1865 drbeamus
3699 1806 3767 1860 ad-

546 1916 669 1960 rant
698 1905 999 1972 peccatori:
1029 1903 1125 1958 sed
1174 1903 1295 1974 quia
1342 1902 1393 1957 in
1440 1903 1710 1974 pulverem
1754 1918 1896 1957 nunc
1935 1902 2136 1957 redacti

548 2012 733 2051 sumus
778 1996 1027 2052 ariditate
1069 1996 1300 2065 peccati.
1343 1994 1596 2051 Miserere
1640 1995 1719 2050 eis
1748 1996 1837 2065 qui
1869 2009 1929 2049 se
1959 1994 2135 2049 infeli-

544 2094 679 2146 citer
720 2090 1095 2161 perculerunt:
1142 2088 1365 2144 subveni
1411 2090 1499 2159 qui
1548 2090 1599 2143 in
1643 2088 1734 2143 illo
1780 2104 2006 2143 munere
2047 2099 2138 2142 tuo

547 2186 771 2240 minime
809 2183 1108 2239 consistere
1158 2183 1464 2238 voluerunt.
1523 2182 1603 2237 Tu
1646 2182 1788 2237 enim
1835 2182 1983 2236 solus
2021 2181 2140 2251 pius

544 2288 605 2329 es
643 2272 1033 2344 peccatoribus,
1065 2271 1187 2342 quia
1231 2271 1603 2339 delinquentes
1645 2285 1703 2325 se
1740 2270 1975 2341 graviter
2017 2284 2134 2340 pcr-

547 2367 813 2420 culi-rum.

617 2460 778 2531 345
813 2457 965 2514 Vers.
985 2456 1071 2512 15.
1104 2455 1276 2511 Ilomo
1307 2457 1437 2510 sicut
1468 2458 1637 2526 fenum
1669 2456 1777 2509 dies
1800 2456 1929 2526 ejus,
1961 2463 2004 2509 et
2033 2454 2137 2509 sic-

546 2563 600 2607 ut
627 2556 723 2625 ﬂos
756 2553 867 2625 agri
897 2553 969 2605 ita
998 2551 1164 2623 ﬂoriet
1194 2549 1344 2623 [mss.
1380 2552 1468 2617 A.,
1496 2551 1580 2615 8.,
1616 2549 1697 2615 F.,
1731 2546 1973 2619 ﬂorebit].
2006 2548 2141 2603 Sunt

547 2647 753 2716 species
794 2644 1161 2700 definitionum
1212 2659 1329 2713 quae
1379 2657 1476 2713 per
1528 2655 1709 2697 rerum
1762 2642 2139 2697 similitudines

548 2740 752 2810 aliquas
782 2738 1147 2808 explicantur,
1183 2746 1241 2790 ut
1267 2746 1349 2792 est
1380 2735 1512 2791 illud
1545 2754 1558 2791 :
1593 2734 1704 2809 Ego
1734 2753 1844 2789 sum
1874 2737 1974 2802 via,
2005 2738 2138 2790 veri-

549 2848 624 2887 tas
654 2844 700 2887 et
731 2833 834 2886 vita
860 2830 1037 2901 (Joan.
1072 2845 1179 2894 xlv,
1204 2828 1279 2899 6).
1336 2827 1427 2884 Sic
1457 2840 1510 2883 et
1541 2828 1596 2886 iu
1638 2829 1739 2882 hoc
1782 2838 1835 2883 et
1866 2827 1918 2882 in
1950 2827 2139 2883 subse-

547 2928 729 2996 quenti
775 2940 931 2980 versu
953 2931 1165 2979 constat
1194 2937 1313 2978 esse
1337 2922 1645 2977 formatum.
1678 2922 2136 2989 Quemadmodum

546 3021 591 3074 si
615 3018 935 3088 interroges,
963 3016 1087 3085 quid
1118 3024 1203 3071 est
1222 3014 1416 3069 homo?
1438 3012 1810 3081 rcSpondetur,
1838 3014 2007 3081 fenum
2034 3015 2139 3067 dies

546 3115 687 3182 ejus,
722 3110 861 3178 quod
903 3123 1111 3163 sumina
1144 3107 1410 3161 hilaritate
1443 3105 1686 3174 pullulat,
1732 3106 1823 3159 sed
1858 3105 2138 3160 celerrima

547 3180 832 3255 velocitate
854 3198 1172 3254 desiccatur.
1210 3195 1408 3250 Fenum
1438 3203 1521 3250 est
1549 3195 1685 3265 quod
1720 3195 1912 3264 pluviis
1942 3196 2141 3251 veloci-
2170 3180 2212 3242 C

551 3307 632 3347 ιρι·
662 3293 713 3346 ἱη
744 3304 899 3346 auras
931 3297 1092 3360 caput
1119 3289 1294 3358 erigit,
1330 3288 1422 3343 sed
1454 3289 1506 3343 in
1539 3288 1817 3343 ardoribus
1863 3289 2001 3343 colla
2048 3290 2142 3345 dc-

550 3386 719 3455 ponit.
753 3385 818 3438 Et
849 3398 915 3439 ne
957 3381 1183 3437 forsitan
1232 3379 1429 3450 aliquid
1460 3379 1743 3434 soliditatis
1768 3380 1903 3435 hanc
1925 3396 2139 3450 compa-

547 3477 811 3531 rationem
847 3482 1062 3545 putares
1087 3471 1306 3538 habere,
1330 3471 1555 3537 addidit,
1580 3481 1626 3525 et
1652 3473 1782 3527 sicut
1808 3474 1905 3544 ﬂos
1934 3475 2045 3544 agri
2071 3475 2141 3528 ita

548 3570 734 3639 ﬂoriet.
784 3564 911 3621 Flos
953 3567 1065 3639 agri
1117 3565 1284 3619 multo
1329 3564 1563 3620 celerius
1590 3565 1803 3640 .transit
1846 3582 2002 3636 quam
2035 3566 2141 3622 feni

548 3663 788 3717 viridilas
829 3674 1146 3733 permanere
1196 3668 1544 3714 monstratur.
1581 3658 1685 3714 Sed
1738 3661 1980 3730 quamvis
2020 3661 2139 3729 pul-

547 3758 871 3813 cherrimum
907 3754 1148 3810 videatur
1177 3768 1295 3809 esse
1324 3753 1450 3807 dum
1477 3753 1668 3823 pubet,
1705 3754 1928 3808 multum
1964 3754 2142 3825 fugiti-

550 3866 673 3904 vum
697 3850 933 3905 cernitur
958 3862 1078 3903 esse
1101 3848 1223 3901 dum
1259 3850 1480 3901 corruit.
1508 3847 1583 3901 lta
1611 3847 1754 3903 enim
1785 3858 1837 3903 et
1862 3848 2141 3904 imbecilli-

550 3957 632 3999 tas
661 3943 892 3998 humana
924 3940 1146 4010 pulchre
1173 3940 1400 4007 crescit,
1431 3941 1504 3994 ita
1532 3939 1715 3994 saeculi
1750 3940 1980 3996 honores
2007 3941 2114 3995 divi

550 4036 744 4103 tireque
761 4034 1076 4105 gratissima:
1094 4042 1239 4097 sunt,
1254 4032 1347 4086 sed
1371 4046 1475 4087 non
1501 4032 1565 4085 ad
1590 4033 1749 4086 linem
1774 4034 2137 4102 longissimum

555 4127 943 4196 perducuntur.
987 4125 1264 4180 Veraciter
1304 4139 1434 4194 ergo
1484 4124 1568 4179 his
1617 4125 1776 4179 rebus
1818 4127 2140 4181 transitoriis

555 4220 860 4274 humanitas
905 4228 1288 4287 comparatur,
1339 4216 1459 4286 quia
1511 4216 1745 4272 robustis
1793 4218 1993 4273 viribus
2047 4219 2140 4275 de-

551 4311 768 4379 stituta,
817 4312 868 4363 in
918 4324 1100 4364 casum
1150 4308 1338 4363 mortis
1387 4324 1553 4377 prona
1602 4324 1815 4379 semper
1863 4310 2140 4368 celeritate

550 4400 789 4455 festinat.

624 4493 776 4547 Vers.
816 4494 898 4548 16.
945 4493 1079 4559 Quia
1123 4494 1335 4560 spiritus
1381 4494 1709 4561 pertransibl
1757 4496 1806 4548 in
1839 4512 1916 4563 eo,
1952 4506 1998 4549 et
2041 4514 2138 4551 non

547 4584 684 4651 erit;
711 4594 756 4637 et
795 4601 895 4639 non
936 4594 1200 4656 cognoscet
1246 4586 1467 4653 amplius
1495 4587 1661 4638 locum
1683 4603 1852 4641 suum.
1888 4589 1965 4642 Ad
1999 4589 2137 4647 hanc

549 4675 952 4731 similitudinem
981 4678 1310 4745 comparatio
1337 4678 1632 4746 superioris
1664 4693 1852 4734 versus
1880 4694 2135 4750 expressa

547 4776 651 4823 est.
682 4768 944 4823 Describit
964 4766 1105 4822 enim
1130 4767 1254 4837 quid
1278 4768 1348 4822 sit
1370 4768 1550 4831 homo,
1573 4766 1624 4821 id
1653 4778 1755 4835 est,
1783 4770 1993 4837 spiritus
2023 4786 2137 4842 per-

547 4864 798 4918 transiens
824 4862 1101 4929 mundum,
1126 4861 1328 4916 scilicet
1354 4872 1694 4931 praesentem,
1728 4862 1778 4915 in
1809 4878 1912 4932 quo
1940 4862 2135 4918 diutis-

548 4960 684 5014 sime
716 4973 819 5012 non
854 4965 1030 5027 potest
1060 4969 1393 5025 permanere.
1424 4955 1657 5010 Audiant
1690 4954 1777 5024 qui
1818 4956 2137 5025 superbiunt

546 5061 600 5106 et
633 5065 692 5106 se
721 5050 955 5119 gaudent
985 5049 1252 5102 mundana
1286 5047 1536 5102 felicitate
1577 5047 1891 5113 subvectos,
1919 5049 1997 5102 sEc
2026 5049 2135 5118 spi-

546 5142 679 5195 ritus
709 5139 1012 5209 relinquere
1062 5146 1244 5193 nostra
1287 5128 1636 5208 corpuscula,
1686 5137 2132 5205 quemadmodum

548 5231 717 5287 solent
745 5229 964 5284 flumina
990 5228 1105 5282 loca
1130 5226 1382 5281 inundata
1409 5226 1656 5282 transire.
1682 5226 1772 5280 Illa
1793 5227 1935 5281 enim
1965 5228 2135 5295 spatia

542 5339 662 5395 qua:
695 5323 849 5391 plena
882 5321 1129 5376 videntur
1163 5332 1282 5374 esse
1314 5318 1672 5384 torrentibus,
1699 5334 1856 5389 quam
1890 5328 2014 5374 sunt
2042 5336 2133 5375 va-

543 5428 641 5468 rua
690 5429 812 5469 cum
862 5412 1138 5469 recedunt.
1184 5409 1299 5465 Non
1349 5419 1431 5465 est
1479 5425 1606 5480 ergo
1636 5410 1705 5464 de
1749 5410 1972 5481 fugitivo
2004 5411 2130 5467 flatu

544 5504 995 5575 pnes-timendum,
1029 5503 1121 5557 sed
1162 5503 1247 5557 hic
1277 5502 1451 5571 potius
1481 5502 1743 5572 agendum
1767 5542 1783 5569 ,
1815 5504 1957 5573 quod
2003 5518 2130 5572 pro-

542 5600 701 5650 desse
732 5597 974 5650 novimus
1007 5595 1059 5649 in
1092 5593 1350 5649 futurum.
1381 5594 1447 5648 Et
1475 5609 1544 5649 ne
1574 5595 1793 5649 forsitan
1820 5595 2009 5666 aliquis
2037 5612 2131 5665 per

546 5687 1052 5757 metempsycltosim
1082 5687 1330 5743 crederet
1358 5688 1424 5742 ad
1463 5686 1603 5743 hunc
1633 5688 1891 5743 mundum
1923 5689 2131 5745 animas

550 5797 668 5837 esse
688 5781 947 5835 redituras
971 5782 1127 5852 (sicut
1152 5781 1389 5839 nonnulli
1415 5791 1735 5855 putaverunt
1752 5782 2125 5856 dementium),

2242 1914 2476 1969 vertere,
2508 1915 2560 1959 et
2590 1904 2716 1974 quid
2750 1921 2847 1975 per
2892 1905 3101 1959 Domini
3148 1909 3378 1975 gratiam
3421 1912 3767 1971 consequamur,

2241 1997 2507 2065 possimus
2536 1996 2744 2052 audire.
2795 1996 2862 2052 Et
2913 2007 3035 2050 nota
3086 1997 3231 2067 quod
3285 1996 3445 2061 dixit,
3475 1991 3771 2055 aswculo,id

2240 2098 2342 2155 est,
2372 2105 2492 2143 cum
2522 2090 2880 2145 administrari
2904 2102 3111 2157 emptus
3141 2099 3228 2144 est
3258 2090 3501 2153 mundus,
3527 2098 3574 2142 et
3597 2086 3772 2140 diie'sze

2239 2194 2497 2236 creaturae
2538 2184 2774 2238 auctoris
2804 2184 2887 2238 sui
2929 2199 3152 2238 munere
3186 2192 3560 2252 proruperunt.
3591 2177 3713 2233 Unde
3734 2183 3772 2227 et

2241 2277 2369 2331 mihi
2398 2276 2609 2330 videtur
2632 2277 2717 2331 hic
2743 2276 3127 2331 convenienter
3151 2275 3389 2339 adverti,
3412 2283 3463 2327 et
3486 2272 3633 2325 Adam
3653 2267 3775 2338 (sicut

2240 2369 2390 2424 multi
2422 2368 2636 2422 Patrum
2665 2368 2946 2437 dixerunt)
2993 2383 3024 2421 a
3053 2367 3273 2421 Domini
3306 2365 3467 2421 fuisse
3507 2366 3655 2434 gratia
3687 2357 3776 2430 [ηις.

2241 2457 2333 2526 0.,
2356 2458 2461 2526 ed.,
2492 2459 2555 2513 ad
2575 2459 2782 2513 Domini
2815 2458 2976 2513 fuisse
2993 2457 3250 2529 gratiam]
3280 2464 3592 2519 revocatum,
3609 2449 3775 2521 quando

2241 2552 2357 2620 ipse
2388 2552 2589 2620 primus
2620 2550 2670 2604 in
2699 2551 2895 2605 saeculo
2927 2550 3046 2614 fuit,
3097 2550 3262 2605 sicuti
3306 2551 3465 2605 etiam
3496 2546 3641 2608 Abel,
3672 2541 3779 2601 Noe,

2240 2650 2511 2706 Abraham
2556 2658 2611 2705 et
2646 2650 2829 2705 caueri
2884 2649 3101 2717 Patres,
3136 2650 3234 2720 qui
3288 2660 3463 2704 tamen
3510 2648 3557 2700 in
3598 2642 3779 2701 saeculo,

2241 2742 2338 2798 scd
2361 2759 2465 2796 non
2496 2760 2530 2797 a
2555 2742 2743 2797 sarculo
2772 2743 3002 2797 fuerunt.
3035 2741 3166 2796 Nam
3198 2742 3351 2811 quod
3380 2742 3635 2810 sequitur,
3661 2748 3698 2788 et
3722 2748 3783 2784 us-

2242 2852 2340 2905 que
2368 2836 2419 2889 in
2446 2836 2691 2890 saeculum
2719 2834 2897 2889 saeculi
2916 2874 2928 2898 ,
2959 2834 3329 2889 aeternitatem
3363 2830 3565 2886 Domini
3591 2825 3783 2880 absolute

2242 2927 2491 2997 designat
2525 2943 2537 2979 :
2569 2926 2820 2995 quoniam
2853 2937 2907 2981 et
2937 2925 3025 2979 ille
3072 2936 3196 2980 ante
3251 2925 3529 2986 saaculuin,
3556 2930 3605 2975 et
3644 2919 3687 2971 in
3713 2927 3788 2966 sa:-

2242 3020 2383 3085 culo,
2412 3029 2464 3075 et
2488 3030 2603 3089 post
2630 3020 2768 3074 istud
2800 3021 3052 3075 saaculum
3086 3019 3405 3075 misericors
3430 3030 3545 3071 esse
3570 3018 3785 3067 monstra-

2246 3123 2349 3166 tur.
2384 3110 2679 3166 Considera
2723 3110 2881 3165 ctiam
2924 3110 3063 3181 quod
3112 3111 3372 3177 addidit,
3423 3125 3448 3163 s
3485 3124 3573 3177 per
3605 3105 3791 3157 timentes

2245 3219 2380 3270 eum,
2426 3217 2497 3258 ne
2522 3211 2575 3258 et
2602 3203 2678 3256 illi
2717 3202 2818 3257 hoc
2844 3202 2899 3257 in
2938 3217 2996 3258 se
3024 3202 3316 3257 crederent
3354 3215 3476 3255 esse
3518 3193 3789 3253 faciendun,

2244 3295 2335 3365 qui
2366 3294 2415 3350 ei
2446 3295 2726 3350 sceleratis
2754 3294 2969 3350 ausibus
2997 3294 3221 3350 obedire
3256 3297 3624 3348 codemnunt.
3647 3280 3794 3351 Sequi-

2247 3399 2350 3453 tur,
2381 3400 2426 3442 et
2445 3389 2649 3460 justitia
2676 3389 2787 3456 eius
2825 3404 2977 3459 super
3011 3387 3148 3456 ﬁlios
3177 3387 3441 3455 filiorum.
3482 3381 3636 3434 Filios
3666 3375 3794 3445 (sicut

2246 3495 2389 3548 saepe
2410 3479 2521 3549 jam
2553 3478 2757 3532 dictum
2791 3460 3380 3548 estfoniuscujusque
3411 3484 3557 3528 actus
3586 3470 3797 3525 dvbcmul

2244 3570 2555 3636 adiertere;
2584 3569 2717 3638 ﬁlios
2748 3568 2996 3637 ﬁliorum,
3025 3583 3253 3637 operum
3283 3578 3587 3622 nostrorum
3610 3554 3797 3629 jllsliSSi‘

2245 3678 2384 3717 mam
2416 3661 2839 3715 retributionem.
2872 3660 3008 3715 Nam
3038 3660 3179 3715 sicut
3227 3674 3333 3714 nos
3362 3670 3578 3727 operam
3608 3658 3800 3705 nostram

2244 3754 2635 3825 quodammodo
2665 3768 3005 3823 generamus,
3040 3754 3113 3807 ita
3153 3752 3321 3807 nobis
3353 3748 3712 3806 retribuiiones
3738 3752 3799 3791 re-

2242 3862 2361 3901 rum
2412 3855 2610 3901 nostrae
2653 3855 2911 3914 generant
2962 3846 3222 3900 actiones.
3275 3844 3432 3898 llanc
3489 3833 3801 3905 unusquiqu

2239 3939 2417 4009 jusms
2460 3939 2720 4008 recipiet,
2761 3953 2881 3993 cum
2931 3939 2983 3992 in
3042 3946 3248 3993 aeterna
3307 3937 3472 3992 fuerit
3524 3926 3803 3988 beatitudine

2243 4033 2557 4086 collocatus.
2593 4030 2741 4085 Multi
2769 4031 2911 4085 enim
2944 4029 3177 4084 fidelium
3215 4031 3365 4085 lilios
3398 4043 3504 4083 non
3529 4020 3805 4080 habuerunt,

2243 4133 2334 4179 aut
2364 4122 2661 4177 sterilitatis
2687 4133 2880 4177 eventu
2903 4163 2917 4187 ,
2951 4130 3042 4176 aut
3088 4121 3427 4190 virginitatis
3476 4116 3665 4172 studio.
3690 4103 3807 4199 Quod

2242 4216 2286 4269 si
2318 4213 2383 4267 ad
2424 4213 2656 4268 litteram
2707 4212 2835 4267 velis
2882 4212 3161 4266 advertere
3206 4210 3385 4281 (quod
3434 4196 3811 4275 absit).p!urimi

2241 4315 2549 4360 sanctorum
2594 4304 2695 4359 ista
2742 4304 3096 4374 promissione
3144 4302 3500 4357 fraudantur.
3533 4300 3656 4354 Nam
3698 4288 3813 4346 etin

2242 4396 2690 4467 subsequentibus
2732 4396 3079 4466 spiritualiter
3117 4394 3332 4449 dictum
3366 4407 3492 4449 esse
3530 4386 3811 4445 declaratur-

2318 4488 2471 4542 Vers.
2507 4489 2595 4541 18.
2625 4486 3034 4541 Custodieutibus
3073 4494 3451 4539 testamentum
3483 4484 3622 4554 ejus,
3654 4486 3696 4528 et
3731 4486 3816 4523 me-

2170 4566 2221 4625 Ῑ)
2245 4580 2405 4635 moria
2434 4580 2761 4631 retinentibus
2806 4578 3047 4654 mandata
3095 4580 3210 4647 ejus
3237 4618 3253 4641 ,
3289 4588 3347 4629 ut
3401 4577 3602 4644 faciant
3643 4583 3714 4622 ea.
3747 4558 3815 4654 Isti

2242 4678 2367 4725 sunt
2397 4668 2491 4721 filii
2521 4681 2654 4737 quos
2700 4647 2946 4735 superius
2976 4665 3151 4731 dixit,
3189 4666 3288 4736 qui
3335 4671 3606 4735 prmcepta
3642 4647 3819 4711 Domini

2243 4762 2580 4829 custodiunt,
2608 4763 2695 4830 qui
2728 4760 3099 4815 mandatorum
3127 4758 3247 4827 ejus
3290 4757 3556 4827 operibus
3587 4757 3701 4805 sunt
3730 4756 3819 4797 me-

2245 4871 2444 4923 mores,
2481 4870 2586 4908 non
2615 4853 2791 4907 studio
2819 4852 3118 4906 cantilenm.
3152 4849 3292 4903 Nam
3331 4856 3389 4902 et
3422 4847 3467 4901 si
3500 4844 3617 4915 quis
3647 4836 3822 4895 Psalte-

2238 4948 2375 5005 rium
2400 4960 2528 5002 voce
2555 4945 2759 5010 reddat,
2787 4957 2993 4997 memor
3017 4940 3133 5011 ejus
3157 4956 3270 4994 non
3301 4948 3413 5007 est,
3443 4937 3547 4992 nisi
3577 4948 3687 5002 qua:
3712 4940 3822 4997 priv-

2238 5041 2508 5109 cipiuntur
2551 5035 2808 5092 ell‘ccerit.
2856 5034 2979 5088 Ideo
3026 5033 3170 5088 enim
3217 5032 3375 5087 dicta
3412 5036 3572 5093 sunt,
3607 5030 3664 5080 ut
3699 5022 3825 5075 lianh

2238 5149 2344 5190 non
2370 5141 2425 5187 ut
2450 5131 2561 5187 sola
2592 5128 2968 5185 vociferatione
2991 5134 3302 5183 cantentur.
3331 5125 3493 5181 Unde
3516 5118 3823 5176 doctissim"§

2241 5227 2397 5282 Pater
2418 5223 2745 5294 Augustinus
2770 5223 2820 5274 in
2849 5220 2949 5274 hoc
2972 5219 3174 5289 psalmo
3192 5217 3519 5287 disputans,
3538 5205 3825 5267 Psalterium

2241 5332 2301 5373 se
2332 5332 2436 5371 non
2484 5326 2667 5370 tenere
2714 5313 2987 5383 professus
3028 5320 3131 5371 est.
3178 5324 3289 5363 nec
3337 5310 3508 5362 totius
3559 5302 3685 5366 legis
3708 5298 3827 5383 dicta

2240 5409 2516 5473 recolere;
2548 5407 2752 5461 scilicet
2782 5414 2837 5459 ut
2868 5418 2971 5457 non
3022 5403 3191 5456 solum
3239 5400 3314 5454 ad
3370 5394 3720 5456 audiendum,
3750 5382 3832 5442 Sed

2242 5502 2473 5558 maxime
2498 5501 2562 5556 ad
2596 5500 2893 5554 faciendum
2917 5509 3228 5551 cunetorum
3257 5494 3509 5547 studium
3538 5487 3829 5543 concitaret.

2242 5596 2492 5651 Memoria
2529 5603 2612 5648 est
2663 5593 2804 5648 enim
2851 5606 2945 5660 per
2989 5605 3143 5658 quam
3191 5588 3425 5642 animus
3476 5582 3692 5653 repetit,
3735 5588 3832 5647 ψιω

2239 5690 2439 5755 audita,
2468 5690 2599 5754 visa,
2632 5686 2875 5755 factuque
2905 5682 3194 5753 cognoscit.

2314 5783 2466 5839 Vers.
2506 5782 2589 5838 19.
2640 5779 2884 5834 Dominus
2925 5778 2975 5831 in
3015 5777 3139 5830 coelo
3170 5774 3383 5842 paravi!
3431 5770 3604 5825 salem
3652 5779 3783 5821 suam
3820 5774 3830 5807 ξ
