4046 6174
359 291 471 349 725

1339 290 1699 350 EXPOSlTlO
1738 289 1801 347 lli
1841 288 2297 349 PSALTERlUM.
2340 292 2530 353 PSAL
2573 295 2702 354 Clll.

3548 308 3668 361 περ
3688 302 3695 311 “

364 419 417 461 es
444 424 657 477 regnum
689 412 800 481 ejus
825 408 1054 467 omnium
1097 408 1463 464 dominabitur.
1496 408 1673 464 Venft‘
1694 408 1757 463 ad
1800 404 1963 461 futuri
1991 407 2040 465 A
2070 406 2184 463 sive
2213 408 2266 463 in
2290 408 2536 467 laudibus
2561 454 2577 476 ,
2608 413 2725 469 sive
2759 412 2812 469 in
2843 414 3323 485 vituperationihus
3352 417 3418 473 ad
3449 422 3667 473 animos.

361 500 547 568 judicii
584 499 976 555 formidabilem
1018 500 1452 569 prtedicationem
1484 518 1498 554 :
1526 516 1594 554 ne
1629 500 1961 569 peccantium

364 599 576 648 tuentes
609 592 1012 657 insolescerent,
1039 608 1162 647 cum
1199 594 1453 646 ultionem
1480 601 1761 647 venturam
1792 592 1961 647 malo-

365 698 482 735 rum
516 692 731 736 actuum
766 698 871 737 non
902 684 1172 737 timerent.
1204 683 1345 737 Dicit
1372 682 1535 744 enim,
1568 683 1761 749 paravit
1790 682 1964 736 sedem

361 793 533 829 suam.
568 776 679 829 lloc
704 776 769 828 ad
803 776 929 830 illud
958 776 1229 845 pertinet,
1263 775 1476 846 quando
1522 775 1777 829 Dominus
1806 773 1963 828 .lesus

362 866 608 920 ascendit
653 867 706 920 in
752 868 944 922 coelum
966 908 981 933 ,
1012 868 1164 922 sedet
1192 868 1257 922 ad
1289 868 1564 923 dexteram
1599 866 1805 932 Patris,
1838 866 1963 920 inde

364 972 626 1012 venturus
646 958 891 1029 judicare
917 961 1065 1013 vivos
1092 969 1146 1014 et
1175 969 1433 1013 mortuos.
1463 958 1528 1012 Et
1558 972 1623 1012 ne
1650 957 1823 1027 aliqua
1858 958 1960 1010 im-

364 1051 607 1118 potentia
642 1051 853 1104 Domini
887 1050 1213 1106 mordereris
1232 1091 1248 1115 ,
1279 1050 1451 1116 ipsum
1481 1050 1613 1103 dicit
1640 1064 1849 1117 parasse
1878 1063 1961 1101 se-

361 1142 477 1195 dem
504 1159 684 1205 suam,
717 1143 803 1211 qui
836 1141 1173 1211 judicaturus
1200 1151 1285 1196 est
1316 1140 1597 1195 mundum.
1626 1140 1874 1207 Addidit,
1914 1147 1961 1194 et

360 1252 575 1307 regnum
599 1237 710 1305 ejus
732 1235 954 1286 onmium
987 1233 1353 1286 dominabitur.
1379 1233 1454 1286 Ne
1492 1243 1736 1301 putarent
1768 1232 1957 1300 pagani

361 1326 639 1379 daemones
667 1341 793 1379 suos
820 1340 1035 1394 quoquo
1066 1325 1227 1379 modo
1262 1339 1598 1393 regnaturus,
1632 1325 1804 1392 ipsnm
1834 1325 1963 1379 dicit

362 1417 771 1481 dominaturum,
788 1418 871 1485 qui
898 1416 1092 1486 paravit
1115 1415 1283 1469 sedem
1307 1432 1473 1479 suam,
1499 1415 1549 1468 id
1572 1425 1652 1469 est
1677 1414 1959 1469 Dominum

362 1510 658 1564 Christum.

437 1601 589 1657 vers.
619 1602 711 1655 2t).
742 1600 1033 1655 Bmedicile
1062 1599 1369 1669 Dominum,
1404 1616 1576 1654 omnes
1603 1600 1776 1671 angeli
1802 1599 1911 1670 ejus
1942 1615 1961 1654 :

364 1704 589 1763 potentes
614 1695 819 1761 virtute,
848 1695 933 1763 qui
963 1695 1137 1763 facitis
1166 1694 1365 1747 verbum
1389 1697 1525 1764 ejus,
1553 1694 1622 1747 ad
1652 1693 1961 1747 audiendam

2069 500 2357 569 erigendos
2396 503 2615 559 verbum
2656 505 2850 576 smpius
2894 506 3117 573 iterare,
3148 508 3289 579 quod
3320 509 3516 565 dictum
3548 521 3654 566 est.

2070 594 2211 650 Dixit
2235 608 2412 651 autem
2439 599 2587 666 prius
2620 600 2740 654 illos
2768 599 2966 655 debere
2993 602 3299 673 benedicere,
3327 603 3415 672 qui
3445 604 3653 657 Domini

2062 688 2332 755 jussiones
2361 689 2627 757 efﬁciunt;
2657 708 2797 747 nunc
2819 693 3071 749 admonet
3099 693 3267 763 ipsam
3300 711 3517 762 operam
3550 696 3655 749 Do-

2066 779 2194 833 mini
2226 791 2499 836 auctorem
2523 798 2674 837 suum
2703 784 2904 840 debere
2932 786 3181 850 laudare,
3217 795 3274 841 ut
3306 796 3514 841 terrena
3543 803 3656 843 cm-
3707 792 3713 799 '

2067 869 2327 941 lestiaque
2353 872 2718 929 concluderet.
2745 876 2873 929 Nam
2899 891 3016 935 cum
3053 886 3219 931 totum
3248 892 3385 946 opus
3412 878 3529 947 ejus
3559 881 3649 943 sit,

2064 961 2246 1015 omnia
2293 962 2490 1017 debent
2518 980 2674 1020 suum
2706 967 3001 1022 benedicere
3028 979 3347 1025 creatorem.
3374 970 3649 1039 Sequitur.

2064 1053 2116 1105 in
2148 1055 2288 1108 omni
2318 1054 2431 1109 loco
2461 1056 2826 1113 dominationis
2846 1060 2978 1128 ejus.
3027 1059 3177 1116 Sicut
3220 1062 3362 1115 nulla
3406 1072 3659 1117 creatura

2063 1157 2092 1197 a
2122 1143 2368 1199 laudibus
2398 1146 2607 1201 Domini
2629 1147 2847 1217 jubetur
2867 1150 3071 1218 excipi,
3099 1152 3169 1204 ita
3199 1166 3296 1206 nec
3329 1152 3475 1207 locus
3505 1153 3650 1223 quis-

2062 1251 2221 1307 quam
2246 1236 2584 1309 relinquitur,
2614 1238 2703 1308 qui
2733 1254 2763 1293 a
2790 1240 2883 1293 tali
2918 1256 3139 1311 munere
3162 1255 3489 1312 segrcgctur.
3520 1245 3648 1297 Nam

2062 1346 2183 1385 cum
2214 1329 2430 1397 dicitur,
2456 1332 2507 1385 in
2532 1333 2672 1387 omni
2699 1331 2812 1387 loco
2838 1334 3198 1390 dominationis
3224 1339 3363 1409 ejus,
3390 1340 3520 1393 nihil
3549 1354 3651 1393 εἰ·

2061 1420 2297 1491 cipitur,
2350 1423 2474 1492 quia
2522 1423 2720 1494 ubique
2770 1425 3097 1481 dominatur.
3146 1426 3464 1497 Signilicans
3514 1430 3657 1484 forte

2060 1505 2355 1561 Ecclesium
2387 1506 2704 1561 catholicam
2724 1546 2740 1572 ,
2774 1519 2895 1574 qua:
2919 1520 3011 1573 per
3041 1515 3210 1559 totum
3245 1508 3500 1557 mUIlllUln
3530 1516 3648 1557 erat

2063 1599 2338 1668 (Domino
2391 1600 2721 1669 praestante)
2770 1598 3075 1673 creditura;
3116 1600 3227 1666 ipsa
3267 1599 3409 1651 enim
3454 1597 3653 1667 uhiquu

2066 1690 2339 1744 Dominum
2401 1690 2685 1755 benedicit,
2755 1688 2950 1757 ubique
3006 1689 3314 1754 collaudat,
3356 1698 3411 1743 et
3449 1691 3654 1759 gratias

365 1804 533 1840 vocem
559 1772 869 1840 sermonum
897 1789 1028 1855 ejus.
1071 1784 1203 1841 Cum
1250 1787 1499 1855 superius
1541 1785 1611 1842 de
1656 1784 1959 1840 hominibus
1989 1786 2036 1847 Β
2066 1783 2328 1837 maximas
2361 1780 2664 1853 hymnidica
2694 1780 3051 1835 exsultatione
3080 1780 3444 1836 concelebrat.
3485 1781 3657 1836 Addi-

367 1881 627 1950 proppeta
661 1881 1006 1949 loqueretur,
1041 1882 1187 1935 venit
1230 1880 1295 1934 ad
1329 1880 1538 1934 tertiam
1573 1880 1955 1944 narrationem,

364 1974 452 2029 ubi
493 1974 743 2029 cmlestes
773 1983 1049 2027 creaturas
1079 1972 1389 2041 alloquitur,
1424 1982 1482 2026 ut
1525 1970 1732 2027 Domini
1775 1970 1957 2023 laudes

364 2069 597 2123 debeant
638 2066 932 2121 celebrare.
961 2067 1029 2120 Et
1067 2066 1317 2136 quoniam
1368 2066 1511 2120 inter
1553 2066 1695 2135 ipsos
1735 2062 1956 2133 angelos

363 2170 445 2216 est
476 2175 664 2229 magna
693 2159 969 2223 discretio,
1006 2158 1127 2213 illos
1150 2168 1359 2219 tantum
1392 2158 1521 2212 dicit
1549 2157 1815 2227 prteconio
1848 2155 1953 2209 Do-

364 2253 492 2304 mini
514 2251 707 2320 diguos
727 2251 999 2317 existere,
1026 2250 1116 2319 qui
1143 2249 1261 2319 ejus
1296 2248 1591 2319 probantur
1623 2247 1955 2319 jussionibus

361 2344 590 2399 obedire
617 2360 632 2396 :
658 2344 946 2398 ostendens
969 2358 1142 2413 neque
1166 2343 1431 2408 homines,
1458 2358 1632 2413 neque
1651 2342 1956 2409 Spirituales

362 2436 691 2491 substantias
716 2436 781 2491 ad
801 2437 1154 2491 ministerium
1180 2445 1341 2491 tautae
1363 2436 1656 2506 majestatis
1676 2434 1952 2502 accedere,

364 2531 465 2583 nisi
488 2529 577 2599 qui
600 2529 717 2597 ejus
740 2528 1102 2582 voluntatibus
1123 2526 1506 2582 obsecundant.
1522 2526 1611 2581 Sic
1640 2525 1781 2580 enim
1807 2540 1955 2579 com-

365 2629 569 2687 monet,
602 2635 774 2673 onmes
798 2620 968 2689 angeli
994 2622 1124 2688 ejus.
1154 2617 1283 2691 Ejus
1313 2619 1508 2688 quippe
1533 2617 1598 2672 de
1622 2616 1729 2670 illis
1756 2614 1955 2671 dicitur

362 2709 454 2779 qui
475 2708 543 2763 ab
567 2708 732 2778 ipsius
760 2708 989 2777 imperio
1016 2722 1348 2778 nequaquam
1373 2706 1625 2762 recedere
1647 2706 1951 2761 voluerunt.

363 2804 623 2870 Sequitur
654 2800 850 2871 aliquid
872 2802 1176 2869 expressius
1202 2840 1215 2861 ,
1249 2808 1478 2866 potentes
1502 2800 1685 2853 virtute
1708 2800 1839 2868 ,rqui
1868 2800 1952 2869 fa-

361 2892 481 2944 citis
524 2893 727 2944 verbum
768 2892 901 2962 ejus.
938 2890 1039 2958 Ipsi
1084 2890 1227 2945 enim
1276 2892 1473 2943 virtute
1515 2889 1679 2961 356
1707 2900 1951 2961 possunt,

359 2980 455 3050 qui
485 2980 601 3049 ejus
619 2980 782 3049 juss's
810 2980 1082 3034 obcdiuut.
1102 2979 1281 3035 Potest
1304 2989 1479 3033 autem
1502 2989 1557 3034 et
1577 2981 1819 3034 dialolus
1846 2997 1951 3035 non

363 3074 596 3138 virtute,
640 3072 736 3127 sed
784 3073 1075 3143 pravitate;
1125 3088 1230 3127 non
1283 3071 1518 3135 honore,
1565 3072 1657 3127 sed
1704 3087 1954 3142 praesum-

364 3168 571 3237 ptione.
608 3166 849 3221 Potentes
878 3166 1141 3235 siquidem
1175 3166 1251 3220 illi
1284 3181 1409 3221 vere
1444 3166 1654 3221 dicendi
1683 3176 1833 3235 sunt,
1862 3168 1950 3237 qui
1977 3166 2027 3231 ε

362 3260 531 3315 verbo
575 3259 783 3313 Domini
827 3273 1015 3326 parere
1058 3258 1414 3314 contendunt.
1448 3259 1509 3313 Et
1552 3274 1618 3313 ne
1646 3258 1845 3329 aliquid
1872 3275 1957 3315 re-

360 3350 696 3420 linqueretur
719 3350 1047 3420 ambiguum,
1079 3350 1337 3405 calcatus
1366 3349 1622 3415 insinuat,
1648 3350 1715 3404 ad
1743 3352 1956 3405 audien-

360 3445 485 3496 dam
516 3459 687 3496 uocem
725 3458 1011 3496 sermonum
1036 3443 1177 3509 ejus,
1222 3442 1429 3497 scilicet
1468 3449 1526 3496 ut
1562 3442 1670 3497 sint
1700 3442 1952 3511 humiles,

361 3552 470 3589 non
498 3535 736 3604 superbi.
763 3536 862 3604 Ipsi
885 3543 1010 3589 sunt
1029 3536 1170 3590 enim
1189 3534 1332 3604 digni
1353 3534 1666 3603 benedicere,
1685 3535 1775 3603 qui
1798 3551 1953 3591 suum

360 3638 417 3683 ρι
448 3639 783 3697 cognoscunt
835 3638 889 3684 Cl.
916 3637 1236 3685 venerantur
1267 3637 1559 3683 auctorem.

439 3720 592 3776 Vers.
622 3720 712 3774 2|.
747 3719 1037 3775 Benedicite
1061 3720 1358 3786 Dominum,
1384 3736 1558 3774 omnes
1579 3721 1783 3775 virtutes
1806 3722 1919 3791 ejus
1937 3762 1951 3786 ,

362 3814 589 3866 ministri
632 3814 766 3879 ejus,
810 3812 900 3882 qui
943 3813 1113 3881 facitis
1159 3812 1467 3867 voluntatem
1505 3813 1637 3881 ejus.
1686 3811 1817 3866 Rem
1843 3828 1956 3866 ma-

361 3922 522 3975 gnam
546 3946 561 3969 ,
592 3920 704 3960 rem
732 3906 952 3960 omnino
982 3905 1268 3959 sublimem
1300 3904 1487 3958 iterata
1515 3902 1774 3973 judicavit
1812 3905 1952 3958 invi-

364 3999 567 4051 tatione
595 3996 928 4051 solidandam
951 4037 967 4062 ,
1000 4006 1056 4050 ut
1086 3996 1370 4050 inﬁrmitas
1403 3994 1633 4048 humana
1662 4010 1952 4065 cognosce-

363 4098 448 4144 ret
510 4104 667 4156 quam
752 4088 1165 4143 saluberrimum
1213 4095 1356 4143 esset
1410 4087 1630 4142 obedire
1686 4088 1950 4156 Domino,

362 4182 581 4251 quando
619 4182 786 4249 ipsius
838 4181 1095 4235 voluntati
1136 4181 1396 4235 cmlorum
1430 4180 1627 4234 militat
1674 4180 1947 4237 fortitudo.

365 4271 431 4324 Et
448 4271 664 4325 intende
684 4272 1036 4341 preprietatcs
1056 4270 1286 4325 emicare
1306 4270 1610 4325 verborum.
1633 4269 1784 4326 Prius
1799 4271 1951 4338 dixit,

362 4363 450 4428 qui
492 4363 687 4430 faciunt
728 4364 929 4416 verbum
971 4364 1102 4433 ejus.
1149 4362 1213 4415 Et
1257 4377 1324 4416 ne
1351 4361 1572 4416 verbum
1606 4364 1950 4433 intelligeres,

361 4456 503 4523 quod
538 4455 813 4510 verberato
840 4470 966 4510 acre
988 4455 1053 4508 ab
1083 4454 1383 4509 hominibus
1408 4456 1547 4510 Solet
1574 4455 1821 4525 proferri,
1854 4458 1949 4513 ad-

363 4546 532 4612 didit,
562 4548 650 4611 qui
684 4548 850 4617 facitis
880 4545 1191 4601 voluntatem
1230 4549 1362 4616 ejus.
1405 4549 1624 4617 Angelis
1654 4550 1795 4604 enim
1834 4566 1951 4605 vcr-
1982 4549 2031 4608 Ι)

364 4640 489 4692 bum
521 4638 726 4691 Domini
753 4646 834 4692 est
854 4638 1097 4691 voluntas
1124 4638 1239 4704 ejus
1270 4654 1281 4690 :
1315 4639 1564 4707 quoniam
1592 4638 1679 4692 illa
1707 4640 1951 4698 sublimis

362 4729 763 4799 spit'ilunlisquc
801 4729 1102 4782 substantia
1151 4729 1427 4783 beatorum
1459 4732 1795 4800 angelorum,
1827 4749 1949 4788 cum

366 4821 647 4874 hominum
688 4828 1007 4885 contuetur,
1047 4821 1121 4873 ihi
1180 4821 1463 4875 veritatem
1511 4823 1627 4890 ejus
1659 4823 1951 4880 voluntatis

394 4913 625 4980 gnoscit.
648 4912 757 4967 Nec
782 4926 917 4981 opus
938 4922 1018 4966 est
1046 4911 1211 4981 loqui,
1239 4913 1430 4981 quibus
1456 4929 1514 4968 se
1543 4913 1799 4969 Diviuitas
1824 4932 1950 4985 pro-

361 5002 546 5071 pitiata
578 5002 854 5071 patefacit;
886 5018 988 5058 non
1040 5004 1176 5056 enim
1210 5004 1290 5059 eis
1338 5004 1476 5058 Deus
1508 5006 1791 5062 verberato
1820 5024 1946 5067 aere

364 5094 617 5162 loquitur,
648 5095 740 5149 sed
786 5096 1131 5164 iuspiraminc
1167 5110 1264 5150 suo
1313 5097 1616 5152 voluntates
1661 5113 1848 5155 eorum
1878 5101 1943 5156 ad

356 5202 517 5242 suum
546 5188 683 5242 \clle
706 5188 986 5244 convertit.
1018 5189 1108 5244 Sic
1129 5198 1305 5254 erunt,
1327 5198 1383 5243 ut
1405 5190 1695 5259 credimus,
1724 5203 1779 5247 ct
1805 5193 1947 5251 beati

364 5282 609 5335 homines
642 5291 918 5353 postquam
951 5283 1099 5351 regni
1130 5280 1316 5336 a'tcrni
1347 5280 1546 5337 fuerint
1574 5286 1792 5353 prmmia
1821 5303 1950 5344 con-

355 5372 550 5425 secuti.

436 5468 566 5523 Vers
617 5469 709 5523 29..
747 5469 1034 5526 Benedicile
1074 5471 1385 5541 Dominum,
1418 5472 1589 5527 omnia
1633 5490 1786 5544 Opera
1816 5476 1945 5545 ejus,

357 5558 411 5611 in
454 5560 593 5613 omni
640 5562 752 5615 loco
780 5564 1145 5617 dominationis
1174 5565 1315 5635 ejus;
1347 5563 1585 5629 benedic,
1610 5566 1785 5617 anima
1813 5580 1943 5629 mea,

358 5647 667 5707 Dominum.
696 5651 1002 5719 Benctlit'tte,
1031 5670 1171 5709 nunc
1201 5656 1355 5709 tertia
1386 5655 1669 5710 iteratione
1706 5659 1944 5726 gemina-

356 5746 465 5795 tur.
490 5744 617 5810 Quae
647 5743 811 5815 ﬁgura
842 5745 1039 5801 dicitur
1065 5745 1396 5816 cpcmhasis,
1430 5744 1683 5801 decorum
1727 5749 1941 5802 schema

2066 1874 2186 1941 dit,
2235 1872 2483 1939 Benedic,
2529 1874 2704 1927 anima
2734 1889 2869 1939 mea,
2910 1870 3212 1927 Dominum.
3245 1872 3358 1941 Ipsa
3388 1872 3656 1927 sententia

2067 1970 2329 2025 cont-lusit
2349 1972 2634 2039 psalmum,
2659 1984 2779 2038 quae
2809 1969 3227 2038 pulcherrimum
3260 1968 3388 2024 fecit
3417 1970 3649 2024 initium.

2068 2062 2175 2119 Sed
2206 2064 2454 2134 quoniam
2479 2064 2530 2119 in
2557 2064 2845 2134 Scripturis
2873 2064 3067 2119 divinis
3089 2067 3265 2118 omnia
3291 2074 3655 2120 sacramento-

2068 2172 2185 2213 rum
2221 2158 2459 2214 ubertate
2491 2160 2862 2231 pinguescunt.
2895 2159 3009 2213 haec
3038 2158 3331 2213 similitudo
3362 2160 3520 2229 (sicut
3541 2160 3654 2229 jam

2069 2249 2269 2305 dictum
2298 2251 2402 2319 est)
2438 2252 2487 2305 in
2518 2262 2706 2307 octavo
2732 2254 2936 2322 psalmo
2964 2253 3083 2307 illos
3109 2253 3330 2320 indicat,
3359 2263 3416 2308 ut
3438 2256 3650 2324 Opinor,

2071 2340 2163 2413 qui
2186 2341 2318 2394 atria
2352 2341 2435 2394 ﬁd.
2460 2343 2472 2395 i
2502 2343 2728 2398 sinceris
2756 2345 3027 2399 mentibus
3066 2345 3291 2415 ingressi
3316 2355 3462 2413 sunt,
3490 2356 3545 2402 et
3576 2348 3659 2401 vi-

2061 2433 2165 2479 tam
2194 2440 2343 2481 suam
2369 2426 2603 2495 glorioso
2649 2426 2753 2481 ﬁne
2780 2426 3040 2497 (Domino
3073 2434 3395 2498 praesmnte)
3428 2432 3649 2485 conclu-

2058 2516 2211 2573 dunt.
2240 2517 2407 2587 Digna
2438 2518 2818 2586 commonitio,
2844 2534 2943 2589 per
2971 2534 3131 2590 quam
3168 2533 3227 2574 se
3272 2519 3443 2574 ﬁdelis
3471 2521 3647 2573 anima

2059 2610 2367 2667 consoletur
2387 2650 2404 2676 ,
2436 2625 2553 2679 qua:
2581 2620 2768 2665 contra
2817 2624 3007 2665 omnes
3050 2626 3207 2666 easus
3254 2620 3503 2681 tanquam
3534 2611 3650 2683 cly-

2060 2718 2191 2772 peus
2224 2703 2651 2773 inexpugnabilis
2682 2713 3003 2759 assumatur.
3034 2703 3167 2758 Nam
3203 2705 3245 2760 si
3284 2720 3403 2761 eum
3433 2718 3650 2776 semper

2059 2796 2423 2863 benedicimus,
2452 2796 2517 2851 ab
2546 2810 2610 2851 eo
2635 2795 2836 2865 jugiter
2864 2795 3215 2850 custodiatur.

2592 2908 2862 2973 Conclusio
2900 2906 3100 2979 psalmi.

2130 3022 2437 3081 Benedictio
2466 3022 2673 3078 Domini
2698 3023 3005 3077 timentibus
3029 3035 3151 3077 eum
3174 3031 3372 3093 quanta
3402 3022 3645 3093 largitate

2059 3116 2381 3171 concedatur
2402 3114 2738 3183 agnovimus.
2766 3114 3103 3169 Festinemus
3124 3114 3191 3170 ad
3218 3114 3468 3169 mandata
3494 3130 3639 3170 com-

2064 3208 2277 3277 plenda,
2301 3217 2357 3260 ut
2382 3208 2661 3275 pervenire
2688 3219 2995 3261 mercamur
3018 3205 3083 3260 ad
3111 3207 3349 3276 praemia.
3378 3208 3647 3265 llabcmus

2063 3301 2344 3355 Dominum
2372 3309 2426 3355 et
2455 3316 2549 3369 per
2576 3309 2819 3353 naturam
2854 3300 3021 3369 pium,
3050 3309 3104 3355 et
3136 3315 3230 3370 per
3253 3300 3645 3357 misericordia-

2060 3408 2176 3446 rum
2200 3392 2343 3445 dona
2367 3392 2743 3461 largissimum.
2769 3391 2898 3458 Quis
2925 3391 3133 3447 dubitet
3153 3391 3221 3445 ab
3241 3390 3330 3446 illo
3349 3393 3644 3462 postulare.

2059 3485 2187 3555 qui,
2217 3485 2263 3538 si
2304 3500 2410 3539 non
2444 3492 2654 3554 petatur
2677 3528 2691 3554 ,
2726 3484 3053 3539 oﬁenditur?
3095 3485 3482 3541 Benedicamus
3519 3501 3647 3555 ergo

2058 3591 2248 3632 omnes
2274 3576 2324 3629 in
2356 3590 2643 3631 commune
2672 3576 2978 3641 Dominum,
3005 3591 3167 3647 opera
3198 3578 3318 3645 ejus
3343 3576 3645 3648 hymnidica

2057 3668 2419 3724 exsultatione
2440 3668 2795 3724 celebremus.
2824 3669 2990 3734 Quale
3012 3670 3153 3724 enim
3178 3670 3515 3740 sacrilegium
3540 3682 3641 3741 est,

2059 3772 2118 3815 ut
2146 3776 2267 3816 cum
2295 3762 2471 3815 omnis
2513 3769 2758 3815 creatura
2804 3762 3057 3831 juheatur
3095 3763 3415 3820 benedicere
3458 3764 3635 3821 Durni-

2059 3867 2207 3916 num,
2232 3852 2278 3905 si
2302 3851 2464 3906 homo
2490 3852 2696 3906 desinat
2731 3853 2946 3907 laudare
2982 3854 3286 3919 Dominum,
3311 3856 3400 3923 qui
3423 3856 3488 3909 ad
3517 3856 3650 3909 ima-

2058 3944 2234 4015 ginem
2258 3952 2313 3997 ct
2341 3944 2747 4000 similitudinem
2781 3946 2949 4015 ipsius
2976 3950 3215 4002 noscitur
3240 3964 3360 4003 esse
3399 3966 3646 4019 procrea-

2062 4039 2180 4093 tus?
2202 4039 2539 4103 Audivimus,
2571 4039 2873 4095 benedictio
2901 4041 3110 4095 Domini
3142 4042 3333 4111 quibus
3365 4044 3646 4099 virtutibus

2057 4133 2372 4201 applicetur,
2393 4134 2555 4187 castis
2577 4133 2781 4203 utique,
2809 4134 3143 4197 humillimis,
3169 4136 3427 4188 charitate
3451 4137 3640 4203 plenis,
3672 4138 3685 4149 ’

2058 4240 2108 4279 et
2135 4226 2225 4294 qui
2258 4226 2467 4280 Domini
2501 4225 2699 4293 reliqua
2748 4226 2995 4280 mandata
3042 4228 3342 4297 perﬁciunt.
3385 4228 3643 4283 Arceatur

2058 4331 2185 4386 ergo
2218 4316 2340 4369 hinc
2384 4332 2544 4371 omne
2589 4317 2729 4383 quod
2774 4333 2992 4385 pravum
3040 4328 3153 4383 est;
3186 4318 3501 4373 excludatur
3529 4320 3647 4374 mri-

2059 4424 2210 4462 versa
2236 4408 2433 4463 ma'itia
2459 4410 2672 4474 mundi;
2698 4408 3049 4464 emendentur
3074 4409 3343 4464 illecebra-
3363 4426 3377 4475 ;
3401 4410 3648 4468 d'aholus

2059 4500 2200 4556 lorus
2233 4504 2469 4555 mittatur
2503 4518 2624 4556 cum
2652 4502 2972 4571 sequacibus
3016 4503 3147 4556 suis.
3190 4504 3526 4573 Quapropter
3552 4518 3648 4557 au-

2059 4593 2170 4648 dito
2199 4602 2344 4648 tanto
2370 4610 2608 4657 munere,
2644 4594 2892 4665 completi
2922 4603 3065 4649 tanta
3102 4610 3218 4664 spe,
3243 4596 3441 4651 sanctis
3464 4596 3644 4667 operi-

2061 4686 2157 4739 bus
2176 4686 2553 4742 benedicamus
2573 4687 2881 4753 Dominum,
2906 4687 3169 4767 reliﬁosis
3194 4689 3345 4743 factis
3367 4700 3645 4745 cantemus

2058 4781 2299 4835 Auctori.
2330 4781 2445 4835 Non
2480 4798 2576 4836 nos
2618 4781 2812 4837 electio
2839 4780 3041 4839 Judicis
3087 4782 3420 4851 repudiabit,
3452 4782 3500 4839 si
3526 4797 3643 4851 quae

2058 4878 2317 4944 praecepit
2349 4873 2433 4927 hic
2457 4889 2555 4928 nos
2587 4875 2855 4945 peregisse
2884 4876 3214 4945 cognoverit.

2343 4980 2709 5039 EXPOSITIO
2749 4984 2813 5039 IN
2854 4984 3178 5041 PSALMUM
3216 4985 3349 5041 Clll.

2562 5074 2793 5130 Psalmus
2823 5078 2922 5147 ipsi
2950 5076 3139 5133 David.
3651 5133 3658 5149 ,

2131 5192 2459 5263 Frequenter
2480 5193 2717 5249 diximus
2736 5198 2994 5264 psalmum
3024 5194 3142 5249 illos
3163 5202 3312 5249 actus
3337 5153 3660 5265 signiﬁcare,

2058 5284 2360 5338 mortalium
2391 5284 2479 5354 qui
2518 5284 2585 5339 ad
2619 5300 2795 5340 rerum
2837 5286 3139 5341 divinarum
3181 5286 3509 5342 intellectum
3546 5303 3642 5357 pro

2054 5392 2097 5431 st
2121 5395 2150 5433 a
2182 5380 2444 5449 probitate
2473 5382 2786 5452 reSpiciunt.
2820 5380 2901 5435 Ad
2942 5384 3094 5450 cujus
3139 5380 3545 5436 similitudinem
3585 5391 3641 5437 et

2049 5486 2308 5542 organum
2353 5473 2524 5541 ipsum
2562 5483 2799 5544 aptatum
2841 5475 2960 5547 [ms.
2996 5472 3088 5541 ἢ,
3119 5472 3323 5546 aptum]
3352 5484 3469 5541 est,
3498 5477 3637 5545 quod

2047 5562 2356 5631 specialiter
2395 5565 2625 5633 psalmus
2666 5574 2905 5627 vocatur,
2939 5580 3150 5619 sursum
3202 5567 3401 5619 habens
3432 5577 3637 5637 tympa-

2050 5668 2200 5719 ntttn,
2236 5652 2323 5707 ubi
2354 5654 2523 5708 tnclos
2551 5656 2917 5709 dulcissimum
2945 5671 3145 5710 canoro
3170 5658 3346 5712 sonitu
3379 5666 3646 5726 tempera-

2051 5754 2154 5800 tur.
2187 5745 2353 5800 Durid
2389 5754 2567 5803 autent
2613 5755 2814 5803 tantum
2851 5762 3078 5817 persona
3113 5750 3375 5821 loquentis
3409 5746 3633 5811 adhibe,-
