3966 6172
448 267 544 325 797

1663 271 1732 325 Μ.
1782 265 2061 327 AERELH
2102 266 2499 327 CASSIODORI

3582 292 3667 351 7‘38

449 398 550 445 tur.
578 386 845 442 Caeterum
894 384 1073 440 omnia
1123 394 1335 441 constat
1378 385 1447 442 de
1491 384 1726 440 Domino.
1754 384 2034 440 Salvatore
2063 382 2111 441 A
2140 397 2254 435 rum
2283 396 2378 437 ore
2408 382 2684 447 laudatur,
2716 394 2770 438 et
2809 384 2859 440 in
2899 397 3203 444 sanctorum
3234 403 3420 448 emtum
3449 400 3668 472 veniunt,

450 474 736 540 narranda,
768 476 856 545 qui
885 476 938 529 in
964 476 1229 545 principio
1252 474 1377 531 fecit
1398 476 1589 531 cmlum
1613 483 1669 530 et
1698 484 1918 530 terram.
1950 477 2043 532 Est

449 570 591 625 enim
625 568 862 637 psalmus
894 568 993 623 iste
1036 577 1179 622 tanta
1229 569 1577 636 diSposiiiune
1629 567 1937 638 perfectus,
1984 579 2044 624 ut

450 661 627 731 aliqua
653 661 738 714 hic
758 659 896 714 dicta
917 660 1199 729 intelligas.
1216 675 1333 729 qua:
1359 660 1409 714 in
1431 659 1567 714 libro
1590 658 1861 714 Geneseos
1885 661 2040 714 tacita

455 750 620 807 fuisse
641 766 956 820 cognoscas.
991 752 1327 820 Quapropter
1352 766 1472 820 qua:
1495 762 1619 806 sunt
1648 760 1768 821 apta
1801 766 2011 821 expone

454 861 573 898 mus
597 843 663 899 ad
689 844 918 898 litteram
942 860 956 908 ;
984 858 1101 913 qum
1128 857 1256 898 vero
1281 842 1401 896 ﬁdei
1426 850 1623 896 nostrae
1648 852 1871 912 possunt
1901 843 2041 897 indi-

455 952 583 993 care
610 938 878 1003 notitiam,
905 937 1167 1005 spirituali
1200 936 1475 991 intellectu
1505 936 1664 1008 (sicut
1690 951 1720 990 a
1752 935 2044 1007 majoribus

454 1027 783 1098 accepimus)
810 1028 1235 1098 csplauabimus.
1275 1027 1428 1082 Unde
1474 1028 1681 1082 solliciti
1732 1043 1851 1082 esse
1877 1028 2015 1083 debe

455 1139 596 1185 mus.
629 1125 913 1193 paratique
940 1121 1003 1174 ad
1034 1121 1355 1175 audiendum
1390 1138 1402 1174 :
1431 1121 1553 1191 quia
1585 1120 1698 1190 ipse
1727 1136 1938 1192 quoque
1969 1121 2046 1174 vir

456 1217 927 1285 eloquentissimus
956 1215 1116 1269 Pater
1159 1215 1487 1283 Augustinus
1528 1213 1668 1267 hunc
1702 1214 1961 1282 psalmum
1992 1225 2047 1269 et

456 1308 644 1362 sedule
675 1307 799 1361 dicit
829 1305 1248 1377 perquirendum
1274 1348 1288 1375 ,
1322 1316 1375 1361 et
1405 1306 1471 1360 dc
1500 1306 1691 1360 eodem
1732 1305 2047 1360 laboriosis-

457 1398 595 1454 sime
624 1396 1027 1465 disputandum.

1047 1507 1240 1562 Divisio
1270 1509 1475 1580 psalmi.

530 1626 799 1698 Propheta
830 1626 1015 1681 volens
1042 1626 1331 1681 ostendere
1373 1626 1712 1681 conditiones
1749 1626 2045 1681 rerum-di-

460 1724 584 1779 vina
613 1720 923 1790 signiﬁcare
955 1718 1233 1789 mysteria,
1266 1717 1441 1787 primo
1472 1717 1634 1773 modo
1669 1733 1762 1787 per
1790 1717 2043 1773 fabricam

459 1814 582 1872 caeli
609 1822 666 1869 et
689 1824 843 1867 terra;
868 1811 1109 1881 qumdam
1147 1810 1300 1865 nobis
1325 1810 1666 1880 cognoscitur
1696 1809 1930 1865 indicare
1953 1809 2052 1864 do-

460 1916 637 1975 gmata
682 1904 802 1978 |ms.
835 1902 928 1972 0.,
976 1899 1329 1973 dogmalica],
1377 1912 1433 1956 ut
1478 1916 1830 1972 agnoscamus
1875 1902 2052 1956 omnia

460 1999 560 2055 sibi
594 2014 779 2056 revera
810 2008 1061 2067 tanquam
1108 1996 1176 2051 ab
1216 2010 1323 2051 uno
1364 1998 1599 2051 Auctore
1637 1996 1850 2051 condita
1900 2010 2055 2064 posse

461 2107 782 2162 congruere,
806 2089 1019 2161 quando
1049 2088 1251 2159 aliquas
1277 2086 1653 2142 similitudines
1679 2102 1803 2142 suas
1825 2087 2053 2142 invicem

463 2183 757 2254 probantur
797 2182 1039 2253 aperire;
1088 2181 1326 2237 secundo
1361 2195 1524 2249 opera
1568 2181 1776 2236 Domini
1828 2181 2055 2236 diversis

462 2277 646 2348 ﬁguris
666 2282 802 2329 tecta
825 2283 1105 2329 enumerat
1128 2290 1142 2337 ;
1171 2273 1327 2327 tertio
1351 2274 1632 2341 proﬁtetur
1662 2272 1715 2325 in
1739 2271 1829 2325 illo
1850 2280 2053 2326 αξιοιηο

464 2369 663 2423 εωαιιιο
711 2364 871 2436 347
903 2365 1172 2435 praeconia
1221 2362 1430 2417 Domini
1472 2361 1669 2439 jugitcr
1701 2376 1761 2416 se
1804 2375 1927 2416 esse
1973 2361 2054 2416 di-

462 2472 672 2518 cturum
696 2500 713 2525 ,
753 2473 872 2529 quae
903 2455 1064 2512 etiam
1096 2456 1148 2509 in
1200 2456 1301 2511 hac
1332 2456 1453 2509 vitae
1490 2470 1599 2510 suae
1639 2455 1897 2510 brevitate
1927 2469 2053 2510 can-

464 2562 599 2607 tare:
616 2560 689 2605 at.

1003 2664 1271 2733 Erpositio
1301 2664 1506 2732 psalmi.

538 2777 690 2832 Vers.
722 2777 770 2831 1.
807 2776 1059 2840 Benedic,
1092 2776 1266 2829 anima
1294 2790 1405 2829 mea
1427 2813 1441 2837 ,
1473 2773 1751 2828 Dominum
1789 2790 1807 2828 :
1838 2775 2056 2831 Domine

466 2870 605 2924 Deus
631 2886 800 2935 meus,
834 2870 1195 2940 magniﬁcatus
1222 2885 1273 2922 es
1302 2873 1640 2922 vehementer.
1676 2865 2053 2938 Confessionem

463 2971 511 3015 et
541 2961 775 3015 decorem
815 2961 1051 3014 induisti.
1097 2960 1289 3014 Invitat
1321 2960 1578 3029 propheta
1610 2962 1956 3030 semetipsum
1986 2961 2053 3017 ad

464 3051 890 3108 benedicendum
943 3052 1260 3117 Dominum;
1311 3053 1669 3125 etquoniam
1724 3064 1945 3108 noverat
2000 3054 2054 3108 in

2142 472 2233 542 qui
2262 488 2321 529 se
2353 473 2558 543 pridem
2589 475 2834 531 nefandis
2871 480 3161 537 sceleribus
3190 485 3497 552 polluerunt.
3535 492 3676 550 νειιε.

2142 574 2336 618 menter
2362 565 2503 620 enim
2531 567 2802 635 aptissime
2830 570 3025 625 dictum
3053 582 3136 627 est
3157 618 3170 636 ,
3204 578 3339 643 quod
3371 588 3478 634 toto
3502 583 3678 650 geritur

2144 658 2327 712 cordis
2351 657 2566 712 adnisu.
2603 658 2706 713 Sed
2735 660 2874 717 unde
2902 664 3253 733 magniﬁcatus
3282 669 3344 721 sit
3377 671 3674 746 vehementer,

2143 761 2535 817 consequenter
2563 752 2875 818 exponitur,
2901 751 3273 824 Confessionem
3301 768 3344 811 et
3384 762 3595 817 decorem
3616 768 3683 820 in-

2145 839 2320 891 duisti.
2351 837 2577 895 Induere
2604 850 2684 896 est
2714 844 2939 912 aliquem
2971 846 3110 915 quod
3153 863 3255 902 non
3300 849 3518 907 habebat
3550 871 3681 912 assu-

2148 943 2314 983 mere.
2344 930 2409 985 Et
2434 932 2647 1000 quando
2673 934 2811 989 Deus
2838 940 3064 991 decorem
3095 955 3200 994 non
3234 940 3428 1007 habuit,
3451 949 3532 1015 qui
3554 966 3686 1007 crea-

2148 1022 2279 1075 turis
2303 1023 2414 1076 suis
2444 1026 2621 1077 omnia
2655 1028 2894 1094 speciosa
2933 1044 3146 1099 semper
3185 1033 3460 1106 indulget?
3490 1040 3582 1095 Sed
3618 1043 3689 1099 hic

2150 1113 2444 1170 incarnatio
2474 1116 2679 1171 Domini
2713 1118 2909 1174 Christi
2938 1122 3212 1178 evidenter
3235 1129 3529 1195 exponitur,
3555 1149 3688 1202 quam

2151 1205 2387 1271 sumpsit
2414 1221 2479 1260 ex
2512 1216 2751 1277 tempore
2773 1251 2786 1274 ,
2822 1226 2917 1279 per
2945 1227 3101 1280 quam
3141 1216 3496 1285 confessionem
3525 1235 3694 1278 morta-

2153 1294 2280 1348 lium
2316 1297 2537 1367 largitor
2566 1313 2680 1353 suze
2706 1300 2919 1370 pietatis
2948 1304 3171 1359 invenit.
3209 1307 3549 1367 licccsseraut
3574 1318 3693 1370 enim

2152 1387 2397 1443 homines
2429 1406 2459 1443 a
2486 1391 2629 1446 cultu
2655 1408 2793 1448 verae
2822 1394 3145 1464 Divinitatis,
3179 1414 3299 1453 cum
3324 1402 3696 1461 simulacrorum

2151 1478 2345 1532 studiis
2376 1490 2428 1533 et
2475 1480 2624 1534 vanis
2659 1482 3011 1551 religionibus
3049 1487 3381 1543 serviebant.
3415 1492 3511 1546 Sed
3541 1508 3599 1547 co
3624 1511 3697 1549 vc-

2153 1571 2331 1625 niente
2355 1615 2370 1639 ,
2400 1572 2489 1642 qui
2521 1582 2695 1628 tamen
2730 1576 2925 1630 absens
2969 1593 3241 1647 nunquam
3287 1583 3487 1637 cxstitit
3532 1585 3699 1640 Divini-

2154 1670 2291 1731 tate,
2323 1672 2371 1716 et
2400 1666 2653 1733 confessio
2695 1677 2741 1719 et
2784 1668 2935 1722 decus
2973 1683 3223 1739 supernas
3258 1672 3539 1741 MajeStatis
3575 1676 3700 1731 inno-

2086 1772 2128 1831 Β
2158 1755 2277 1819 tuit,
2304 1755 2489 1825 eisque
2526 1757 2688 1811 rebus
2738 1759 2973 1812 indutum
3015 1760 3144 1816 dicit
3194 1763 3496 1833 Dominum,
3542 1770 3704 1839 quibus

2156 1848 2451 1903 Ei-clesiam
2479 1850 2796 1905 catholicam
2831 1862 3040 1908 constat
3068 1869 3190 1911 esse
3219 1868 3482 1913 ornatam.

2229 1940 2381 1997 Vers.
2402 1941 2457 1996 ἓ.
2492 1942 2715 1997 Amictus
2756 1946 2947 2001 lttrnine
2991 1949 3125 2002 sicut
3175 1952 3473 2006 vestimento
3506 1952 3617 2025 [ms.
3651 1955 3705 2009 (3.

2153 2034 2340 2100 eled.,
2385 2036 2555 2090 lumen
2604 2039 2734 2090 sicut
2781 2042 3206 2115 vestimentum],
3264 2048 3525 2101 extendens
3557 2048 3705 2102 cretum

2154 2125 2285 2178 sicut
2313 2126 2517 2195 pellent.
2552 2126 2747 2183 Versus
2773 2128 2858 2183 isti
2886 2131 3072 2200 viginti
3096 2133 3202 2188 duo
3238 2151 3409 2206 usque
3437 2138 3498 2191 ad
3524 2138 3709 2193 divisio-

2155 2231 2278 2270 ncm
2333 2218 2566 2271 futuram
2627 2233 2721 2287 per
2771 2220 2988 2291 ﬁguram
3052 2226 3315 2291 parabole
3373 2228 3709 2298 pulcherrimis

2154 2307 2513 2363 allusiouibus
2554 2311 2920 2379 esplicantur;
2971 2330 3093 2384 qua:
3149 2316 3207 2371 ﬁt
3261 2321 3473 2389 quando
3516 2335 3595 2376 res
3630 2321 3712 2376 sibi

2155 2411 2351 2467 genere
2376 2398 2667 2455 dissimiles
2694 2414 3095 2471 comparantur.
3131 2405 3337 2463 Lumen
3381 2411 3519 2465 cnim
3556 2412 3712 2467 Eccle-

2155 2489 2289 2543 siam
2331 2490 2620 2558 signiﬁcat,
2651 2492 2719 2548 de
2749 2509 2850 2563 qua
2882 2498 3145 2565 scriptum
3192 2511 3286 2555 est
3334 2518 3348 2556 :
3390 2504 3513 2570 Qua:
3551 2519 3611 2559 est
3637 2507 3715 2560 ista

2154 2596 2268 2650 qui:
2297 2584 2523 2637 ascendit
2552 2583 2791 2639 dealbata
2830 2586 3000 2656 (Cant.
3044 2604 3121 2655 Ill,
3157 2591 3258 2655 (il?
3312 2594 3553 2649 licalbata
3597 2597 3714 2651 enim

2155 2673 2468 2744 intelligitur
2497 2676 2793 2732 illuminata
2812 2718 2828 2743 ,
2857 2695 2976 2750 qua:
3017 2693 3161 2737 recte
3190 2687 3347 2741 velut
3375 2689 3533 2744 vesns
3554 2689 3715 2744 adver-

2157 2767 2285 2822 titur
2310 2767 2520 2824 Domini
2552 2769 2873 2838 Salvatoris,
2907 2789 3014 2829 non
3049 2777 3262 2835 habens
3289 2782 3543 2837 maculam
3575 2796 3716 2851 neque

2156 2886 2363 2942 rugam.
2396 2871 2513 2944 Ipsa
2557 2882 2641 2927 est
2687 2873 2830 2928 enim
2882 2868 3104 2929 candida
3166 2877 3451 2941 dealbata,
3500 2878 3563 2931 de
3592 2879 3720 2943 cujus

2158 2962 2410 3017 membris
2441 2962 2566 3017 dicit
2600 2963 2887 3032 Apostolus
2916 2980 2930 3018 :
2963 2962 3163 3019 Fuistis
3199 2969 3348 3021 enim
3376 2966 3644 3037 aliquando
3666 2975 3721 3018 te-

2155 3054 2342 3120 nebrae,
2372 3070 2511 3108 nunc
2536 3063 2703 3109 autem
2730 3053 2820 3109 tua:
2842 3056 2895 3109 in
2921 3055 3140 3111 Domino
3169 3058 3396 3131 (Ep/res.
3424 3076 3477 3125 v,
3502 3059 3575 3128 8).
3598 3057 3722 3111 llauc

466 3144 725 3199 catholica
759 3144 863 3199 ﬁde
891 3144 1109 3198 unitatis
1137 3143 1362 3213 gratiam
1400 3144 1684 3213 plurimum
1724 3146 2051 3215 praevalere,
2081 3155 2131 3224 ο
2154 3144 2313 3200 etiam
2351 3146 2527 3201 tunica
2570 3145 2655 3200 illa
2699 3147 3035 3215 signiﬁcavit,
3067 3163 3189 3218 qua:
3239 3165 3348 3205 non
3396 3151 3558 3220 potuit
3584 3148 3722 3203 dividi

465 3236 569 3291 sibi
600 3244 803 3290 tantum
834 3236 1100 3304 loquitur,
1134 3237 1274 3305 quod
1307 3252 1494 3291 omnes
1524 3237 1716 3293 debeat
1739 3238 2055 3295 admonere.

466 3325 774 3381 Benedicere
799 3334 975 3381 autem
1010 3327 1175 3382 Deum
1195 3369 1210 3393 ,
1241 3337 1324 3383 est
1349 3328 1467 3397 ejus
1494 3329 1755 3399 magnalia
1781 3331 2057 3398 conﬁteri,

467 3428 526 3473 ut
552 3433 671 3474 cum
696 3418 764 3474 de
784 3418 879 3473 illo
907 3419 1105 3473 dicitur
1143 3420 1339 3488 aliquid
1373 3435 1622 3490 magnum
1648 3463 1663 3488 ,
1692 3425 2058 3495 unusquisque

473 3512 680 3567 veritati
710 3518 927 3580 praestet
955 3510 1210 3566 ofﬁcium.
1244 3511 1370 3567 ilice
1399 3513 1555 3581 igitur
1582 3516 1846 3571 sententia
1877 3516 1941 3571 ad
1976 3528 2059 3571 to-

468 3615 579 3659 tum
610 3604 831 3673 respicit
863 3613 1086 3669 textum,
1120 3603 1208 3659 ubi
1238 3606 1428 3675 psalmi
1459 3605 1615 3677 hujus
1644 3608 1919 3678 prolixitas
1947 3620 2057 3665 ter-

470 3699 722 3753 minatur.
752 3699 855 3753 Sed
887 3714 1007 3753 cum
1037 3699 1101 3752 ad
1132 3714 1286 3753 suam
1316 3700 1407 3767 (ut
1436 3699 1638 3756 dictum
1680 3700 1795 3772 cst)
1825 3703 2056 3758 animam

471 3791 811 3858 loqueretur,
856 3788 1029 3844 subita
1075 3791 1429 3846 conversione
1467 3791 1597 3847 dicit
1626 3809 1638 3843 :
1674 3792 1892 3847 Domine
1920 3792 2060 3848 Deus

468 3896 628 3935 meus.
682 3881 810 3947 Quae
853 3881 1017 3951 ﬁgura
1061 3881 1253 3936 dicitur
1296 3882 1790 3952 proanaphonesis,
1840 3885 2058 3954 quando

470 3972 609 4026 inter
639 3971 743 4026 alia
773 3986 891 4041 qua:
915 3972 1203 4042 loquimur,
1235 3971 1302 4027 ad
1337 3973 1502 4027 Deum
1532 3974 1710 4030 subito
1738 3975 1899 4030 verba
1922 3991 2055 4031 eon-

470 4063 751 4118 vcrtimus.
796 4064 1114 4120 Generalem
1165 4067 1348 4136 utique
1395 4065 1676 4120 Dominum
1723 4068 2059 4124 conﬁdenter

468 4171 623 4210 suum
665 4157 860 4210 asserit
895 4157 1059 4211 Deum
1081 4198 1095 4222 ,
1149 4164 1207 4211 ut
1248 4173 1368 4212 cum
1413 4172 1472 4213 se
1501 4159 1667 4229 ipsius
1693 4172 1907 4213 servum
1938 4176 2060 4217 esse

469 4247 774 4316 proﬁtetur,
810 4249 1006 4301 nullam
1034 4263 1094 4303 se
1132 4249 1328 4304 habere
1358 4265 1479 4304 cum
1509 4250 1722 4305 diabolo
1744 4253 2059 4321 comprobet

469 4338 769 4406 portionem
800 4358 812 4391 :
844 4355 913 4394 ne
943 4340 993 4393 in
1021 4354 1086 4395 eo
1117 4341 1403 4410 quidquam
1441 4341 1824 4410 prmvaricator
1854 4343 1943 4399 ille
1971 4359 2059 4399 re-

470 4430 736 4498 quireret,
765 4445 924 4499 quem
956 4432 1187 4485 alienum
1225 4446 1351 4487 esse
1379 4444 1748 4502 cognosceret.
1781 4434 2051 4505 Sequitur,

470 4522 831 4592 magniﬁcatus
874 4537 926 4575 es
956 4524 1288 4576 vehementer.
1323 4523 1545 4592 Oportet
1576 4540 1672 4580 nos
1699 4525 1804 4579 vim
1837 4527 2059 4581 istorum

472 4615 746 4669 nominum
780 4614 1393 4687 diligenteginquircre;
1427 4630 1547 4671 nam
1580 4618 1792 4687 quando
1822 4618 1912 4674 ille
1941 4634 2059 4673 ma-

470 4723 606 4781 gnus
644 4722 752 4762 non
790 4716 903 4773 est,
936 4716 995 4761 ut
1037 4707 1312 4762 liouiinum
1359 4707 1605 4763 laudibus
1649 4708 2061 4778 magniﬁceturt

472 4809 575 4857 Aut
602 4800 726 4872 quid
760 4800 829 4855 illi
859 4808 1036 4871 potest
1062 4800 1214 4866 addi,
1238 4802 1324 4872 qui
1357 4810 1438 4861 est
1468 4802 1727 4858 mirabilis
1754 4814 1806 4858 et
1848 4803 2057 4860 incom-

470 4894 849 4966 prehensibilis
898 4895 1171 4964 plenitudo
1212 4894 1509 4950 virtutum?
1549 4893 1652 4951 Sed
1700 4896 2059 4966 magniﬁcatur

473 4992 729 5044 Dominus
769 4988 908 5058 apud
942 4989 1182 5045 homines
1207 5032 1221 5056 ,
1256 4987 1469 5059 quando
1512 4989 1590 5044 eis
1638 5003 1860 5058 magnus
1897 4998 2061 5059 atque

468 5081 713 5137 excelsus
740 5093 861 5133 esse
888 5080 1171 5147 claruerit;
1207 5089 1261 5132 ut
1283 5081 1454 5148 ipsum
1483 5080 1713 5135 sentiant
1738 5088 2058 5147 creatorem,

469 5172 641 5241 ipsum
682 5170 946 5225 bonorum
989 5172 1228 5225 omnium
1261 5170 1604 5240 largitorem,
1635 5172 1807 5240 ipsum
1854 5170 2063 5227 redem-

470 5273 710 5333 ptorem,
745 5263 808 5316 ad
845 5270 1170 5331 postremum
1222 5264 1396 5330 ipsum
1440 5273 1494 5317 et
1534 5262 1792 5332 judicem.
1840 5262 1916 5318 Ex
1958 5280 2060 5333 qua

469 5368 618 5424 parte
657 5355 936 5426 provenit,
969 5363 1026 5408 ut
1072 5365 1215 5409 recte
1257 5355 1463 5408 dicatur
1501 5355 1900 5425 redemptorum
1929 5358 2058 5428 led”

468 5446 816 5520 redemptor]
869 5446 1125 5501 Dominus
1169 5446 1527 5515 magniﬁcari,
1576 5448 1667 5515 qui
1718 5448 1961 5515 quotidie
2004 5450 2060 5503 ﬁt

469 5543 801 5599 credentium
854 5541 1139 5598 devotione
1195 5528 1475 5594 mirabilis.
1526 5541 1613 5596 Sic
1666 5542 1827 5597 etiam
1868 5544 2061 5599 dicitur

469 5638 794 5693 sanctiﬁcari
820 5680 833 5703 ,
868 5637 948 5693 sic
976 5633 1261 5706 gloriﬁcari
1290 5676 1305 5699 ,
1335 5633 1411 5688 sic
1442 5631 1684 5688 benedici
1709 5674 1724 5700 ,
1774 5641 1831 5688 ct
1870 5633 1953 5689 his
1984 5638 2058 5689 si-

476 5730 641 5787 milia.
660 5730 871 5800 Adjecit
886 5732 1224 5794 ,vcnementer
1246 5773 1257 5786 .
1277 5726 1480 5783 Revera
1494 5772 1508 5787 .
1533 5727 1745 5800 quando
1768 5741 2060 5784 converso-

2157 3227 2396 3305 tempore
2420 3238 2699 3306 passionis.
2738 3238 2862 3293 Huic
2889 3249 2969 3293 est
3002 3240 3069 3294 de
3108 3255 3211 3308 qua
3246 3242 3445 3295 dicitur
3470 3284 3484 3310 ,
3524 3240 3721 3294 Amictus

2155 3329 2349 3383 lumine
2391 3329 2519 3384 sicut
2549 3334 2862 3385 vestimento.
2906 3330 3180 3397 Sequitur,
3234 3336 3516 3388 extendens
3562 3333 3721 3386 cretum

2152 3421 2284 3474 sicut
2330 3419 2528 3491 pellem.
2565 3421 2706 3475 Bene
2734 3421 2927 3475 dicitur
2958 3423 3247 3478 Dominum
3279 3426 3433 3479 caelos
3461 3424 3721 3484 extendere,

2154 3510 2246 3566 ubi
2275 3512 2583 3565 meretrices
2614 3520 2665 3565 et
2695 3511 3006 3581 publicanos
3038 3526 3161 3567 eum
3189 3525 3414 3569 constat
3443 3514 3720 3567 admittere.

2154 3601 2285 3656 Nam
2314 3617 2433 3657 cum
2464 3602 2569 3655 sint
2595 3617 2686 3670 per
2706 3601 2964 3671 justitiam
2993 3602 3112 3658 οωιὶ
3131 3604 3436 3672 justorum,
3478 3604 3591 3658 facti
3619 3609 3724 3654 sunt

2154 3702 2208 3748 et
2242 3693 2427 3763 gratiae
2453 3693 2695 3762 largitate
2743 3694 3099 3761 peccantium.
3146 3694 3261 3751 Nec
3293 3696 3493 3753 frustra
3529 3706 3724 3761 compa-

2153 3792 2271 3839 rata
2296 3792 2378 3839 est
2406 3784 2531 3838 creto
2562 3784 2745 3854 pellis;
2771 3784 2892 3853 quia
2918 3785 3057 3839 sicut
3082 3787 3264 3841 omnia
3299 3787 3539 3842 membra
3566 3792 3723 3838 nostra

2154 3875 2306 3947 pellis
2339 3876 2503 3946 tegit,
2559 3876 2629 3929 ita
2674 3883 2729 3930 et
2776 3885 3047 3932 creaturas
3078 3879 3348 3934 caelorum
3383 3879 3604 3933 ambitus
3630 3877 3725 3931 cir-

2153 3980 2431 4026 cumactus
2479 3972 2719 4027 includit.
2772 3972 3070 4028 Senserunt
3114 3975 3285 4045 aliqui
3337 3978 3530 4033 coelum
3579 3982 3631 4029 et
3668 3972 3723 4024 de

2150 4062 2293 4131 justo
2343 4062 2566 4128 dictum,
2617 4076 2774 4132 quem
2825 4064 2904 4117 sic
2947 4079 3043 4133 per
3087 4066 3325 4134 gratiam
3373 4066 3623 4137 probatur
3648 4077 3729 4117 es-

2153 4158 2411 4223 tendcre,
2452 4155 2897 4225 quemadmodum
2944 4165 3121 4224 potest
3164 4166 3322 4214 tensa
3371 4158 3523 4228 pellis
3562 4168 3723 4209 excre-

2151 4263 2327 4303 scere.

2232 4339 2379 4395 Vers.
2407 4339 2460 4394 3.
2494 4339 2595 4405 Qui
2636 4338 2755 4409 tegit
2781 4338 2832 4391 in
2860 4339 3003 4408 aquis
3031 4340 3304 4408 superiora
3329 4344 3468 4413 ejus,
3492 4339 3574 4406 qui
3602 4335 3727 4405 ponit

2151 4431 2333 4485 nubem
2361 4446 2627 4484 ascensum
2665 4447 2833 4496 suum,
2861 4431 2949 4500 qui
2974 4431 3198 4484 ambulat
3231 4449 3395 4501 super
3423 4446 3609 4503 pennas
3628 4441 3729 4481 ren-

2087 4506 2339 4576 Dtorum.
2380 4520 2633 4589 Quamvis
2661 4521 2902 4575 ordinem
2947 4521 3274 4576 conditionis
3307 4535 3581 4590 exponere
3619 4530 3726 4569 sen-

2153 4618 2336 4677 tiatur,
2370 4614 2489 4683 quia
2536 4622 2589 4669 et
2617 4627 2777 4682 super
2822 4612 2987 4667 ccelos
3015 4628 3166 4681 aqua:
3210 4624 3338 4667 sunt
3374 4614 3578 4682 posita),
3609 4607 3729 4662 sicut

2151 4718 2204 4766 et
2226 4710 2276 4763 in
2304 4706 2499 4764 Genesi
2528 4706 2741 4776 lvgitur,
2769 4717 2821 4759 et
2852 4706 2967 4772 ipse
2988 4704 3111 4758 alibi
3140 4705 3269 4758 dicit
3306 4723 3321 4758 :
3352 4705 3422 4758 Et
3455 4717 3597 4765 aqua
3630 4712 3731 4767 qua

2151 4816 2303 4871 super
2332 4798 2480 4853 melos
2505 4807 2621 4850 sunt
2644 4796 2855 4849 laudent
2884 4811 3064 4847 nomen
3089 4793 3307 4849 Domini
3333 4794 3509 4867 (Psal.
3527 4803 3728 4851 cvatn,

2150 4890 2249 4961 4):
2282 4899 2457 4945 tamen
2486 4898 2539 4943 et
2568 4887 2703 4940 sacri
2737 4886 3071 4955 baptismatis
3102 4886 3260 4940 nobis
3297 4898 3573 4941 reseratur
3609 4881 3731 4936 iudi-

2150 4985 2317 5046 cium;
2345 4989 2402 5035 ut
2429 4980 2624 5035 emtum
2655 4978 2815 5048 (sicut
2836 4976 3142 5047 frequenter
3162 4977 3373 5031 dictum
3404 4978 3510 5046 est)
3533 4984 3729 5028 omnem

2151 5075 2352 5145 justum
2398 5071 2689 5126 debeamus
2719 5069 2983 5137 accipere,
3031 5068 3184 5137 cujus
3225 5072 3540 5139 superiora,
3581 5067 3629 5120 id
3662 5070 3733 5115 est

2152 5165 2455 5223 emendatio
2486 5162 2656 5218 lidelis
2696 5161 2888 5215 anima:
2926 5163 3075 5229 aquis
3108 5161 3443 5216 salutaribus
3470 5159 3723 5226 irrigatur.

2154 5262 2227 5317 Ita
2259 5259 2401 5314 enim
2445 5256 2559 5310 base
2595 5255 2771 5309 omnia
2802 5253 2870 5307 ab
2899 5253 2989 5307 illo
3028 5263 3249 5308 auctore
3291 5255 3541 5323 deposita
3581 5258 3728 5309 sunt,

2155 5360 2214 5406 ut
2260 5359 2314 5405 et
2359 5358 2507 5402 actus
2537 5343 2932 5401 ecclesiasricos
2964 5342 3103 5397 diota
3126 5344 3373 5399 coelestia
3401 5344 3631 5397 indicare
3656 5337 3729 5391 vi-

2156 5444 2404 5506 deantur,
2458 5450 2511 5495 et
2561 5441 2750 5493 iturum
2802 5436 3137 5492 conditiones
3166 5452 3352 5491 rerum
3406 5432 3731 5491 veracissima

2166 5543 2473 5598 narratione
2507 5546 2794 5594 testentur.
2825 5535 3111 5607 Sequitur,
3143 5534 3228 5606 qui
3262 5537 3412 5604 ponit
3458 5536 3632 5588 nubem
3666 5547 3735 5583 as-

2163 5650 2369 5690 censum
2395 5648 2565 5685 suum.
2593 5631 2704 5687 Hoc
2728 5630 2940 5700 quidem
2966 5640 3018 5686 et
3045 5631 3108 5684 ad
3132 5629 3373 5685 litteram
3406 5636 3739 5701 congruenter

2171 5725 2465 5796 accipitur.
2502 5722 2714 5793 quando
2746 5723 3000 5779 Dominus
3044 5731 3162 5792 post
3192 5722 3644 5777 resurrectionem
3669 5716 3731 5768 ri-
