4046 6174
315 311 419 366 7‘20

1311 301 1671 360 ΕΧΡΟΞΠΊΟ
1715 298 1777 355 IN
1818 296 2277 355 PSALTERIUM.
2319 297 2511 355 PSAL.
2554 297 2686 355 Clll.

3485 299 3586 354 7ἷο

312 428 565 485 dentibus
604 424 862 495 apostolis
906 421 1147 478 ascendit
1188 423 1243 476 in
1275 422 1503 487 «:mlmn;
1550 422 1625 476 sic
1657 420 1803 475 enim
1846 418 1898 471 in
1928 416 1981 477 Α
2006 416 2238 472 Christus
2260 416 2410 473 Jesus
2438 417 2491 491 (1
2515 417 2634 473 Cor.
2670 434 2758 485 ιιι,
2792 418 2900 488 ll).
2933 418 3103 488 Supra
3134 434 3292 489 quem
3320 418 3362 475 si
3390 417 3585 489 jugiter

311 522 536 577 Actibus
560 518 922 588 apostolorum
953 518 1146 587 legitur
1166 534 1177 569 :
1198 516 1325 570 llu’c
1352 534 1466 571 cum
1493 516 1724 581 dixisset,
1747 514 1903 567 nubes

309 615 533 682 suscepit
567 631 683 667 cum
711 614 772 666 ab
797 613 957 666 oculis
983 629 1155 664 eorum
1189 610 1325 681 (Act.
1359 625 1407 673 ι,
1440 608 1517 679 9).
1551 608 1654 664 Sed
1691 608 1743 661 et
1772 606 1902 660 illud

308 707 593 773 aptissime
639 703 930 773 probamur
980 703 1262 770 accipere,
1292 712 1349 754 ut
1396 700 1591 754 nubem
1640 712 1902 768 ponamus

308 796 461 852 verbi
498 796 704 849 Domini
741 796 1173 865 prtedicatorem,
1219 809 1315 863 per
1360 808 1515 862 quem
1564 790 1810 846 Christus
1849 790 1901 844 in

307 886 572 942 membris
602 889 713 940 suis
748 886 1010 950 ascendit,
1044 900 1164 938 cum
1210 895 1439 939 mentem
1488 893 1823 951 peccatorum
1872 898 1901 936 a

309 977 499 1030 mundi
524 977 678 1029 istius
712 978 970 1044 pravitate
1003 974 1357 1029 mundaverit.
1392 974 1642 1035 Addidit,
1672 974 1760 1043 qui
1788 989 1901 1025 am-

310 1068 459 1122 bulat
485 1085 637 1137 super
667 1084 860 1137 pennas
892 1078 1174 1121 uentorum.
1222 1065 1368 1119 Venti
1400 1067 1451 1119 in
1492 1066 1593 1120 isto
1624 1066 1765 1119 aeris
1806 1064 1903 1117 flu-

309 1170 404 1216 ctu
429 1160 580 1230 quasi
620 1160 943 1229 quibusdam
983 1159 1174 1225 pennis
1205 1157 1388 1212 volare
1432 1164 1753 1220 noscuntur;
1806 1155 1900 1210 sed

309 1254 576 1309 Dominus
604 1251 831 1304 ambulat
858 1266 1011 1320 super
1037 1266 1228 1319 pennas
1260 1265 1443 1304 eorum
1462 1290 1477 1313 ,
1508 1248 1633 1302 dum
1660 1248 1902 1302 volunta-

308 1355 397 1400 tes
419 1358 547 1399 suas
579 1343 746 1396 multo
775 1342 1017 1396 velocius
1062 1349 1315 1410 operatur
1337 1383 1351 1407 ,
1380 1354 1537 1408 quam
1570 1346 1742 1406 potest
1783 1351 1901 1391 esse

307 1446 571 1489 exeursus
595 1441 901 1487 ventorum.
928 1430 1053 1486 Sive
1082 1431 1248 1499 magis
1278 1441 1469 1493 ventos,
1492 1430 1755 1499 justorum
1783 1430 1899 1483 ani-

309 1543 429 1582 mas
474 1527 733 1582 debemus
773 1526 1017 1594 accipere
1062 1542 1075 1577 :
1117 1525 1238 1593 quia
1288 1532 1512 1591 utroque
1557 1523 1902 1577 Testamento

308 1617 574 1686 perdocti,
606 1617 754 1672 velut
780 1616 985 1670 duabus
1015 1614 1111 1669 alis
1142 1614 1207 1669 ad
1236 1629 1466 1683 superna
1497 1613 1685 1683 gaudia
1719 1623 1903 1668 trans-

306 1709 576 1763 feruntur.
609 1708 779 1775 Supra
826 1721 960 1776 quos
1001 1706 1262 1761 Dominus
1298 1706 1561 1759 ambulare
1588 1715 1735 1760 recte
1773 1705 1900 1759 dici-

2008 511 2387 576 manserimus,
2421 511 2724 565 nullatenus
2755 511 3077 565 includatur.
3111 511 3418 579 Superjecta
3448 510 3589 564 enim

2008 604 2256 658 nesciunt
2284 602 2543 666 titubare,
2575 602 2699 656 dum
2740 604 2847 657 sint
2886 604 2984 657 fixa
3026 620 3142 671 qlia:
3170 603 3467 659 continent.
3502 605 3589 658 Sic

2007 694 2208 747 veritas
2244 694 2400 761 hujus
2434 694 2713 748 sententias
2759 694 2999 748 absoluta
3040 694 3192 749 nobis
3224 695 3434 749 ratione
3462 709 3590 748 cou-

2004 786 2183 839 stabit.
2217 786 2446 854 Spiritus
2480 787 2621 840 enim
2666 796 2880 840 sanctus
2917 787 3035 840 ideo
3076 787 3341 840 interdum
3380 786 3590 839 difﬁcil-

2006 880 2128 931 lima
2159 878 2289 932 dicit
2318 878 2383 932 ad
2411 880 2639 932 litteram
2665 920 2680 945 ,
2715 886 2768 931 ut
2805 879 2990 948 majori
3023 879 3222 933 ambitu
3254 878 3587 947 spiritualem

2005 970 2333 1023 intellectum
2379 984 2621 1039 qumrere
2668 969 2977 1024 debeamus.
3018 972 3127 1024 lloe
3166 985 3292 1041 ergo
3339 971 3479 1039 quod
3509 971 3589 1023 di-

2004 1074 2145 1118 etum
2192 1072 2308 1127 est,
2359 1080 2459 1115 non
2506 1062 2837 1115 inclinabitur
2885 1062 2937 1115 in
2978 1063 3221 1115 strculum
3270 1064 3461 1130 twculi,
3492 1078 3587 1131 per

2003 1159 2181 1211 omnia
2220 1167 2485 1212 commata
2521 1157 2677 1211 trium
2718 1173 2964 1211 versuum
3008 1157 3341 1226 superiorum
3382 1166 3587 1212 constat

2004 1265 2125 1305 esse
2167 1249 2519 1304 reddendum.
2573 1249 2704 1315 Quae
2753 1250 2924 1317 figura
2978 1247 3168 1302 dicitur
3212 1249 3541 1318 hyperbaton
3572 1289 3589 1315 ,

2002 1341 2254 1412 quoniam
2284 1342 2416 1393 ordo
2446 1340 2728 1394 verborum
2754 1341 2961 1409 longius
2988 1343 3301 1407 explicatur.

2074 1431 2230 1486 Vers.
2265 1431 2316 1483 6.
2346 1432 2569 1500 Abyssus
2599 1432 2727 1484 sicut
2770 1432 2987 1501 pallium
3023 1433 3237 1484 amictus
3261 1433 3371 1501 ejus
3391 1473 3404 1493 ,
3436 1446 3590 1499 super

2003 1533 2195 1578 montes
2235 1501 2438 1577 stabunt
2484 1539 2647 1591 aquw.
2681 1523 2788 1577 Nec
2833 1523 2932 1577 iste
2980 1538 3167 1577 versus
3215 1522 3280 1576 ad
3316 1523 3589 1577 historiam

2003 1626 2181 1687 potest
2208 1618 2425 1683 referri,
2460 1617 2699 1686 quamvis
2727 1617 2793 1670 de
2830 1616 3155 1684 snperdncto
3180 1616 3377 1671 diluvio
3410 1618 3591 1672 dicere

2004 1712 2272 1766 videatur.
2308 1713 2639 1766 Prmteritum
2679 1712 2820 1766 enim
2873 1720 3082 1778 tempus
3131 1710 3313 1763 diluvii
3364 1710 3492 1777 fuit,
3534 1720 3590 1767 et

306 1808 421 1865 tur,
455 1800 506 1853 in
536 1800 728 1869 quibus
758 1798 1187 1853 misericordiam
1214 1814 1323 1852 sua:
1353 1798 1679 1866 operationis
1709 1808 1893 1852 osten-
1928 1790 1975 1848 B
2003 1818 2143 1858 nunc
2188 1803 2446 1871 propheta
2494 1803 2559 1857 de
2602 1803 2779 1855 futuro
2825 1802 3079 1870 pra-dicat
3116 1816 3236 1855 esse
3268 1801 3588 1856 faciendum.

298 1896 405 1949 dit.
442 1894 508 1947 Et
546 1904 667 1949 nuta
699 1895 842 1963 quod
875 1893 924 1946 in
958 1893 1058 1947 hoc
1089 1908 1280 1957 versu,
1311 1900 1367 1947 et
1390 1891 1507 1945 aliis
1539 1891 1627 1960 qui
1659 1906 1894 1959 sequun-

307 1993 417 2045 tur,
447 1984 733 2038 Dominum
765 1985 969 2038 mavult
1015 1982 1302 2037 ostendere
1347 1998 1442 2050 per
1489 1981 1539 2036 id
1587 1981 1725 2050 quod
1767 1983 1893 2050 egit.

308 2076 437 2129 Ich
466 2075 701 2130 secunda
739 2074 948 2143 species
987 2073 1316 2127 definitionis
1348 2073 1543 2126 dicitur
1578 2071 1716 2140 apud
1748 2069 1895 2125 Cra:-

306 2182 402 2222 cos
431 2167 838 2231 exitioematice,
890 2166 1077 2220 Latine
1124 2174 1302 2219 autem
1349 2164 1497 2218 notio
1538 2171 1891 2233 nuncupatur.

307 2258 439 2312 Nam
470 2273 590 2313 cum
618 2258 870 2311 Dominus
902 2272 995 2326 per
1035 2268 1281 2310 naturam
1314 2271 1463 2310 suam
1506 2267 1735 2327 nequeat
1761 2256 1893 2310 deti-

306 2349 435 2415 niri,
467 2365 562 2419 per
590 2349 719 2403 illud
753 2359 929 2403 tamen
964 2348 1185 2418 pulchre
1210 2348 1575 2418 cognoscitur,
1606 2349 1746 2418 quod
1787 2349 1894 2403 sin-

307 2444 566 2514 gulariter
594 2454 865 2512 operatur.

386 2535 536 2588 Vers.
565 2536 619 2588 ι.
649 2535 748 2600 Qui
774 2535 899 2604 facit
924 2535 1133 2605 angelos
1155 2550 1274 2587 suos
1302 2533 1533 2601 spiritus,
1563 2542 1610 2586 et
1639 2533 1897 2588 ministros

308 2643 429 2680 suos
456 2627 621 2697 ignem
649 2635 895 2680 urentem.
922 2625 1417 2680 Commendandum
1445 2633 1527 2679 est
1554 2624 1755 2691 animo,
1774 2626 1897 2693 quia

308 2716 397 2771 hic
420 2717 728 2785 specialiter
755 2717 821 2769 de
842 2716 1048 2787 angelis
1079 2716 1297 2782 dicitur,
1322 2715 1486 2787 358
1511 2716 1652 2786 quod
1683 2717 1734 2770 in
1761 2715 1898 2772 libro

307 2806 585 2863 Geneseos
611 2806 909 2861 evidentius
940 2821 1046 2861 non
1076 2807 1323 2860 habetur.
1354 2808 1482 2859 bam
1509 2815 1563 2860 et
1591 2807 1754 2861 verba
1783 2807 1896 2875 ipsa

307 2908 435 2953 sunt
472 2898 803 2953 discutienda
847 2898 1112 2953 subtilius.
1141 2898 1369 2969 Spiritus
1408 2899 1659 2967 generale
1701 2914 1897 2953 nomen

306 3004 394 3049 est
439 2993 791 3062 incorporalis
834 2991 1173 3062 petentisque
1216 2993 1564 3058 substantiae,
1621 2990 1899 3047 visibiliter

308 3089 425 3144 sive
456 3087 792 3142 invisibiliter
816 3102 1067 3156 operans,
1098 3086 1237 3156 quod
1270 3088 1319 3142 ei
1370 3086 1625 3141 divinitus
1670 3087 1897 3156 inspira-

1998 1894 2152 1950 Unde
2188 1910 2407 1950 necesse
2439 1905 2520 1949 est
2552 1904 2607 1949 nt
2640 1896 2739 1949 hoc
2772 1894 2940 1962 magis
2972 1892 3323 1962 spiritualiter
3354 1895 3590 1961 inquira-

1999 2002 2118 2040 mus
2144 2028 2157 2053 ,
2184 1986 2394 2055 quando
2418 1985 2514 2039 sibi
2540 1986 2604 2038 ad
2633 1985 2859 2038 litteram
2894 1993 3133 2053 tempora
3162 1986 3452 2039 convenire
3481 2001 3587 2039 non

1998 2087 2242 2148 possunt.
2278 2078 2502 2147 Abyssus
2528 2078 2670 2131 enim
2713 2077 2909 2131 dicitur
2937 2092 3193 2145 aquarmn
3219 2076 3588 2144 cepiosissima

1999 2170 2313 2234 multitudo;
2341 2187 2458 2239 qua:
2480 2170 2598 2224 etin
2625 2170 2769 2224 bono
2788 2169 2993 2223 etmalo
3024 2168 3333 2238 plerumque
3353 2168 3587 2237 ponitur.

2000 2262 2129 2316 llmc
2158 2262 2350 2316 merito
2389 2261 2474 2315 hic
2516 2260 2905 2329 superstitiosis
2957 2270 3114 2330 atque
3161 2261 3591 2328 persecutoribus

1999 2362 2377 2422 comparatur,
2409 2353 2532 2420 quia
2561 2353 2701 2407 sicut
2726 2352 2941 2418 pallium
2965 2352 3204 2421 subjecta
3235 2352 3495 2419 cooperit,
3520 2352 3590 2406 ita

1999 2444 2074 2499 illi
2096 2444 2349 2497 mundum
2372 2444 2664 2499 foedissima
2692 2444 3076 2512 Superstitione
3100 2454 3375 2508 texerunt;
3407 2451 3463 2495 ut
3485 2458 3589 2497 non

2001 2538 2174 2591 solum
2209 2538 2505 2592 mediocres
2548 2536 2829 2600 homines,
2863 2537 2958 2590 sed
3008 2538 3058 2590 in
3104 2538 3392 2605 perniciem
3440 2552 3589 2590 suam

1999 2630 2143 2700 ipsos
2169 2646 2380 2701 quoque
2404 2643 2617 2684 sanctos
2646 2631 2786 2685 viros
2809 2638 2968 2698 atque
2994 2629 3447 2684 eminentissimos
3476 2640 3587 2684 tor-

2000 2724 2195 2777 mentis
2217 2737 2499 2791 corporum
2526 2722 2751 2776 obruere
2777 2721 3106 2775 viderentur.
3130 2720 3234 2775 Sed
3267 2721 3352 2775 hic
3377 2720 3590 2791 abyssus

2003 2817 2053 2870 in
2103 2815 2244 2868 malo
2286 2814 2453 2883 posita
2485 2823 2566 2868 est
2595 2853 2608 2877 ,
2639 2814 2762 2867 dum
2796 2813 3002 2880 legatur
3030 2821 3084 2866 et
3115 2813 3164 2865 in
3202 2813 3341 2865 bono
3365 2854 3381 2877 ,
3424 2822 3480 2865 nt
3508 2821 3590 2867 est

2002 2907 2125 2961 illud
2172 2924 2185 2960 :
2230 2905 2439 2959 Iudicia
2486 2904 2697 2957 Domini
2745 2904 2880 2957 velut
2922 2903 3132 2973 abyssus
3181 2903 3341 2956 multa
3394 2902 3587 2975 (Psal.

2000 3015 2163 3063 xxxv,
2194 2999 2272 3068 7).
2296 2998 2447 3065 Quod
2478 3011 2646 3063 genus
2677 2994 2963 3049 locutiOnis
2985 2996 3125 3049 inter
3156 2996 3365 3064 propria
3397 2993 3590 3048 divina:

2000 3090 2288 3158 Scriptura:
2319 3096 2531 3142 constat
2554 3100 2675 3140 esse
2702 3085 3091 3154 deputandum.
3129 3086 3364 3155 Denique
3391 3086 3469 3138 sic
3500 3100 3587 3139 se-

309 3189 421 3234 tur.
454 3180 765 3250 Angelorum
796 3180 937 3233 enim
968 3193 1160 3233 nomen
1194 3193 1295 3232 non
1332 3178 1597 3250 significat
1628 3188 1892 3248 naturam,
1922 3156 1969 3217 ο
2001 3156 2201 3255 quitur,
2232 3184 2402 3254 Super
2428 3190 2621 3235 montes
2651 3182 2857 3235 stabunt
2899 3197 3067 3250 aquae.
3101 3180 3359 3235 Steterunt
3394 3180 3589 3250 quippe

310 3271 405 3325 sed
434 3270 819 3326 obedientiam.
849 3270 1075 3341 Angelus
1114 3272 1255 3326 enim
1285 3270 1471 3325 Graeca
1516 3271 1717 3336 Lingua
1764 3272 1898 3325 dici-

311 3371 421 3426 tur,
449 3363 537 3431 qui
567 3362 754 3417 Latine
788 3362 1007 3416 nuntius
1042 3352 1426 3432 interpretatur
1464 3381 1475 3414 :
1519 3378 1639 3417 nam
1682 3363 1898 3433 quando

311 3458 597 3512 mittuntur
634 3456 805 3524 angeli
852 3453 1026 3517 fiunt,
1078 3469 1199 3508 cum
1244 3462 1418 3507 tamen
1452 3464 1639 3508 natura
1679 3455 1898 3522 Spiritus

311 3560 434 3603 esse
463 3555 772 3600 noscantur.
801 3544 1038 3614 Addidit,
1070 3560 1211 3612 suos,
1241 3551 1298 3598 ut
1328 3546 1444 3598 illos
1474 3544 1779 3600 ostenderet
1807 3546 1897 3615 qui

313 3647 458 3694 recta
490 3646 673 3693 mente
702 3636 915 3691 Domini
947 3637 1313 3692 voluntatibus
1342 3636 1728 3692 obsecundant.
1756 3637 1901 3693 Ordo

314 3732 457 3787 enim
480 3730 765 3785 verborum
790 3729 912 3784 talis
940 3736 1025 3783 est
1052 3747 1065 3782 :
1100 3730 1198 3794 Qui
1227 3730 1440 3797 spiritus
1456 3746 1576 3783 suos
1604 3714 1727 3799 facit
1748 3745 1901 3800 ange-

316 3823 410 3875 los.
444 3821 716 3890 Sequitur,
749 3830 795 3873 et
821 3819 1080 3873 ministros
1118 3835 1236 3872 suos
1268 3820 1433 3889 ignem
1463 3829 1709 3873 urentem.
1742 3820 1901 3872 Mini-

307 3923 414 3968 ster
441 3914 535 3968 Dei
566 3921 650 3968 est
679 3914 854 3967 omnis
882 3914 973 3981 qui
1004 3912 1215 3966 divinas
1240 3914 1555 3980 exsequitur
1576 3912 1899 3980 voluntates,

312 4014 368 4057 et
395 4004 675 4059 charitatis
699 4003 908 4059 fervore
939 4018 1153 4072 semper
1172 4017 1432 4057 accensus
1454 4011 1554 4057 est.
1589 4003 1732 4057 Talis
1759 4005 1901 4057 enim

315 4096 394 4149 vir
419 4096 661 4151 cmlustis
690 4096 827 4165 ignis
859 4096 1111 4160 efficitur,
1142 4094 1362 4164 quando
1383 4097 1549 4151 verbo
1577 4095 1906 4164 praedicatio-

315 4192 396 4240 nis
428 4189 760 4255 peccantium
791 4187 1056 4257 nequitias
1087 4202 1243 4241 urere
1285 4196 1339 4241 et
1385 4202 1700 4244 consumere
1746 4204 1905 4259 posse

313 4287 664 4334 monstratur.
698 4279 786 4333 Sic
806 4281 947 4334 enim
972 4280 1086 4349 ipse
1112 4279 1373 4333 Dominus
1400 4280 1530 4335 dicit
1553 4300 1565 4334 :
1592 4279 1770 4351 Ignem
1793 4285 1905 4337 veni

315 4373 511 4425 mittere
538 4374 590 4424 in
618 4381 808 4424 terram
836 4370 986 4441 (Luc.
1022 4387 1091 4425 xu
1114 4412 1129 4437 ,
1153 4372 1279 4443 49),
1312 4372 1449 4442 ignis
1484 4374 1666 4442 utique
1695 4375 1900 4439 vitalis,

314 4464 453 4533 ignis
485 4463 694 4530 salutis,
724 4466 812 4532 qui
841 4462 968 4517 dum
1010 4474 1225 4532 peccata
1250 4465 1546 4532 consumit,
1574 4466 1780 4519 animas
1807 4483 1903 4521 nu-

316 4558 429 4610 trit.

388 4649 542 4703 Vcrs.
570 4650 623 4705 5.
658 4648 757 4715 Qui
785 4649 1016 4718 [undavit
1044 4660 1231 4702 terram
1262 4662 1414 4720 super
1443 4650 1769 4704 stabilitatem
1792 4656 1900 4723 ejus

314 4740 471 4814 [ιιιεε.
488 4741 574 4799 Α..
593 4742 676 4805 B.,
693 4740 880 4811 suam],
899 4757 1000 4794 non
1024 4741 1354 4794 inclinabitur
1372 4742 1424 4795 in
1444 4743 1684 4795 saeculum
1706 4745 1897 4798 :‘wculi.

314 4837 518 4890 Versus
549 4838 647 4890 iste
675 4835 738 4888 ad
769 4836 997 4889 litteram
1036 4850 1141 4888 non
1182 4834 1394 4889 videtur
1430 4849 1584 4904 posse
1610 4845 1896 4903 constare;

312 4942 438 4983 nam
492 4944 611 4982 eum
657 4938 851 4982 terram
893 4929 1047 4982 istam
1097 4929 1403 4982 mutandam
1446 4942 1565 4983 esse
1594 4929 1903 4999 legerimus,

313 5020 587 5092 quomodo
612 5019 724 5073 fieri
754 5027 928 5089 potest
948 5028 1005 5073 ut
1033 5036 1135 5072 non
1157 5018 1429 5073 inclinetur
1456 5020 1509 5073 in
1538 5019 1783 5073 steculum
1810 5034 1905 5073 sa:~

312 5114 459 5167 culi?
486 5112 590 5166 Sed
622 5112 707 5166 hic
738 5113 903 5182 magis
946 5111 1211 5166 firmatam
1246 5120 1464 5177 terram,
1499 5111 1779 5165 solidatam
1806 5110 1903 5163 ad-

312 5216 591 5261 vertamus
620 5204 943 5269 Ecclesiam;
974 5218 1094 5273 quae
1127 5213 1261 5257 terra
1290 5202 1414 5258 ideo
1440 5202 1665 5269 dicitur,
1698 5202 1818 5271 quia
1841 5216 1905 5255 ex

312 5297 545 5353 terrenis
585 5296 889 5351 hominibus
909 5296 1133 5351 collecta
1156 5310 1277 5351 esse
1311 5302 1662 5360 monstratur,
1694 5295 1833 5347 sicut
1855 5292 1906 5347 in

311 5391 423 5443 alio
445 5389 564 5443 loco
586 5389 659 5441 ait
690 5404 703 5439 :
738 5386 950 5441 Domini
979 5397 1052 5441 est
1082 5398 1215 5442 terra
1242 5397 1290 5441 et
1314 5386 1575 5457 plenitudo
1601 5387 1710 5456 ejus
1733 5384 1906 5457 (Psal.

312 5495 474 5546 nm,
506 5482 579 5552 ι).
608 5481 776 5551 llujus
799 5480 1051 5534 stabilitas
1094 5488 1241 5535 recte
1282 5479 1474 5533 dicitur
1518 5478 1783 5540 Christus.
1818 5475 1907 5547 qui

313 5581 406 5630 est
433 5574 707 5628 immobile
736 5574 1139 5628 fundamentum
1172 5582 1225 5628 et
1262 5571 1582 5627 inviolabilis
1630 5578 1810 5639 petra;
1841 5569 1908 5625 de

318 5684 427 5739 quo
450 5669 582 5724 dicit
606 5669 898 5738 Apostolus
930 5685 942 5722 :
976 5666 1391 5722 Fundamentum
1422 5667 1559 5721 enim
1589 5664 1734 5717 aliud
1761 5680 1908 5719 nemo

314 5772 481 5831 potest
520 5780 743 5833 poncrc,
797 5771 981 5832 pra'ter
1028 5762 1081 5814 id
1112 5762 1244 5831 quod
1290 5761 1510 5830 positum
1551 5766 1643 5824 est,
1676 5755 1812 5828 quod
1838 5766 1910 5811 est

2000 3295 2154 3343 super
2199 3290 2333 3340 eos,
2375 3275 2464 3343 qui
2514 3283 2707 3327 montes
2754 3272 2874 3327 fidei
2923 3272 3169 3325 firmitate
3215 3270 3385 3323 vocati
3427 3278 3587 3334 sunt,

2000 3368 2215 3437 quando
2254 3380 2349 3421 eos
2392 3365 2619 3419 diversis
2660 3363 2831 3433 ptenis
2880 3372 2933 3416 et
2974 3362 3234 3415 mortibus
3273 3360 3586 3433 atiecerunt.

2003 3461 2171 3529 Aquas
2197 3458 2340 3513 enim
2369 3467 2425 3511 et
2453 3457 2680 3526 abyssos,
2709 3454 2898 3523 impiOs
2932 3453 3016 3507 hic
3046 3452 3300 3507 debemus
3324 3451 3588 3515 accipere,

2002 3552 2092 3622 qui
2124 3553 2199 3605 sic
2228 3550 2293 3604 ad
2322 3549 2654 3605 obruendam
2688 3552 2979 3615 properant
3006 3546 3364 3609 sanctitatem,
3395 3558 3587 3612 quem-

2004 3643 2291 3697 admodum
2323 3650 2503 3710 potest
2531 3639 2780 3694 cumulus
2816 3637 3076 3691 undarum
3121 3635 3359 3705 subjecta
3399 3644 3588 3689 conte-

2003 3752 2148 3807 gere.
2201 3736 2305 3791 Sed
2335 3744 2391 3790 ut
2415 3735 2516 3789 hoc
2541 3734 2707 3802 magis
2733 3732 2801 3787 de
2832 3730 3077 3800 superbis
3122 3739 3281 3800 atque
3311 3729 3591 3784 sceleratis

2007 3828 2270 3897 potuisses
2301 3826 2608 3891 advertere,
2637 3837 2870 3891 sequens
2899 3836 3087 3875 versus
3114 3822 3369 3875 ostendit.
3397 3821 3591 3874 Volunt

2006 3920 2167 3973 etiam
2198 3918 2359 3986 aliqui
2395 3915 2497 3970 hoc
2546 3914 2610 3973 ad
2653 3914 2886 3968 litteram
2919 3913 3192 3967 vindicare
3217 3957 3231 3980 ,
3269 3923 3326 3966 ut
3350 3913 3590 3982 abyssum

2007 4013 2192 4067 dicant
2234 4021 2387 4065 terrae
2427 4010 2720 4075 marginem
2766 4006 3077 4068 circumire;
3113 4020 3232 4057 nam
3271 4006 3405 4058 sicut
3435 4016 3591 4059 exte-

2008 4107 2148 4161 riora
2179 4101 2418 4171 corporis
2452 4101 2617 4156 nostri
2646 4099 2809 4169 pallio
2837 4097 3237 4167 cooperiuntur,
3269 4097 3342 4151 ita
3363 4106 3416 4152 et
3443 4098 3588 4151 orbis

2008 4205 2270 4252 terrarum
2294 4193 2490 4248 Oceani
2514 4192 2715 4245 ambitu
2740 4190 2910 4243 fertur
2934 4186 3153 4242 includi.

2078 4287 2237 4343 Vers.
2268 4286 2320 4340 7.
2349 4286 2423 4338 Ab
2446 4284 2788 4355 increpatione
2816 4290 2904 4334 tua
2928 4281 3143 4351 fugient,
3173 4295 3206 4331 a
3234 4294 3351 4331 uoce
3379 4277 3591 4331 tonitrui

2008 4381 2082 4434 tui
2125 4378 2493 4450 formidabant.
2536 4375 2635 4442 Qui
2668 4375 2865 4444 fugient
2909 4373 3013 4427 nisi
3044 4371 3256 4442 abyssi,
3287 4370 3386 4424 nisi
3415 4385 3587 4439 aqua}.

2009 4487 2129 4540 quae
2158 4468 2427 4525 montibus
2448 4466 2642 4521 Christi
2665 4464 3063 4534 supereminere
3086 4462 3439 4518 videbantur?
3460 4461 3592 4515 Nam

1934 4539 1985 4597 Ῑ)
2010 4564 2255 4635 quamtis
2292 4570 2506 4617 sanctos
2543 4561 2659 4630 ejus
2707 4559 2936 4614 diversis
2983 4558 3220 4613 caedibus
3268 4557 3592 4620 effecissent,

2010 4658 2108 4727 ipsi
2139 4666 2313 4711 tamen
2343 4654 2599 4723 increpati
2625 4667 2756 4707 voce
2793 4652 3182 4738 apostolorgm,
3216 4649 3471 4705 derelicta
3505 4663 3594 4701 su-

2010 4752 2342 4821 perstitione,
2373 4748 2533 4817 fugati
2557 4755 2710 4810 sunt;
2736 4754 2788 4798 et
2820 4743 2960 4814 quod
2984 4753 3067 4797 est
3098 4743 3389 4796 maximum
3424 4742 3594 4795 victo-

2008 4842 2104 4896 rite
2129 4853 2317 4910 genus,
2365 4846 2550 4891 contra
2590 4849 2685 4887 sua
2733 4843 2853 4887 vota
2896 4838 3199 4887 senserunt.
3248 4830 3519 4897 Sequitur,
3562 4846 3593 4881 a

2006 4948 2123 4986 voce
2153 4930 2364 4984 tonitrui
2394 4928 2468 4981 tui
2510 4926 2883 4996 formidabant.
2928 4923 3242 4978 Praedicatio
3283 4930 3591 4977 sanctorum

2006 5024 2105 5079 sub
2155 5023 2252 5077 hac
2300 5021 2551 5089 allegoria
2594 5015 2953 5087 pulcherrima
3003 5016 3261 5070 relatione
3322 5013 3590 5081 descripta

2008 5124 2108 5170 est.
2144 5114 2276 5169 Dicit
2308 5112 2478 5176 enim,
2511 5127 2541 5162 a
2569 5125 2688 5163 voce
2718 5108 2927 5161 tonitrui
2961 5108 3073 5171 tui;
3103 5114 3161 5160 ut
3189 5121 3292 5159 non
3325 5104 3453 5159 illud
3488 5104 3589 5157 hu-

2009 5222 2224 5262 manum
2246 5202 2538 5273 eloquium,
2561 5200 2655 5255 sed
2679 5199 2914 5256 cmlestis
2940 5198 3150 5251 virtutis
3168 5198 3401 5251 sonitum
3427 5194 3592 5250 fuisse

2016 5300 2267 5355 sentires.
2312 5296 2741 5349 Formidaverunt
2780 5292 2965 5357 utique
2996 5291 3241 5345 homines
3273 5290 3467 5358 passim
3510 5297 3591 5343 to-

2016 5392 2192 5444 nitrua
2225 5387 2660 5457 prmdicationum
2681 5426 2694 5451 ,
2727 5383 2940 5453 quando
2965 5382 3149 5452 judicii
3182 5391 3354 5434 terror
3380 5379 3594 5433 edictus

2020 5490 2102 5536 est
2126 5521 2140 5544 ,
2171 5480 2382 5547 quando
2411 5478 2682 5532 diabolum
2715 5476 3007 5545 periturum
3040 5472 3322 5526 audierunt
3357 5484 3477 5524 cum
3511 5486 3595 5525 se-

2014 5568 2271 5639 quacibus
2293 5567 2436 5632 suis;
2470 5576 2521 5621 et
2551 5565 2793 5636 quamvis
2832 5563 3115 5618 habuerint
3160 5562 3211 5615 in
3257 5560 3358 5614 hoc
3398 5561 3595 5614 mundo

2018 5661 2319 5726 licentiam,
2353 5660 2452 5729 ipsi
2496 5674 2591 5712 sua
2641 5658 2844 5712 scelera
2893 5662 3132 5710 correcta
3169 5664 3347 5712 mente
3374 5651 3593 5709 damna~

2020 5754 2168 5809 bant.
