4046 6174
495 304 591 359 751

1716 305 1785 360 Μ.
1827 301 2099 360 AUREI.“
2140 299 2540 356 CASSIODORI

3660 294 3777 349 752

571 417 722 472 Vers.
755 417 806 471 8.
841 417 1127 471 Ascendunt
1174 425 1367 471 montes
1391 458 1405 481 ,
1458 427 1505 471 et
1554 416 1864 470 descendunt
1912 415 2078 482 campi
2106 411 2156 468 Δ
2186 410 2442 464 \‘0Iuisset
2468 408 2715 479 intelligi,
2759 408 2981 464 dixisSet
3019 408 3087 463 de
3125 405 3252 477 ipsis
3283 405 3548 459 montibus
3596 420 3774 473 aquas

499 512 551 563 in
582 511 748 563 locum
771 526 918 578 quem
946 509 1178 579 fundasti
1209 510 1299 561 eis.
1326 508 1511 562 Adhuc
1539 508 1590 561 in
1622 507 1838 576 tropicis
1861 506 2076 559 allusio-

499 602 655 654 nihus
707 608 1016 668 perseverat
1070 617 1082 652 :
1144 600 1393 668 quoniam
1450 600 1715 667 superbos
1748 606 1802 652 et
1858 599 2071 666 impios,

498 689 729 758 quandiu
756 690 917 743 voluit
935 689 1211 754 Dilllllt'us,
1232 690 1472 757 permisit
1495 692 1545 743 in
1572 699 1779 744 mentes
1800 705 2071 751 crescere;

498 790 655 849 atque
689 781 878 835 iterum
907 784 1118 849 quando
1147 782 1364 849 placuit,
1395 782 1516 836 fecit
1546 782 1597 834 in
1628 780 1947 834 convallium
1981 780 2096 833 lin--

502 872 727 926 utilitate
760 874 1014 927 residere.
1046 874 1133 928 Sic
1164 883 1217 927 et
1256 874 1684 941 persecutoribus
1727 884 1936 939 tempus
1979 872 2075 925 da—

502 971 612 1014 tum
641 970 723 1016 est
752 971 807 1015 ut
840 962 891 1016 in
936 964 1100 1017 altum
1132 974 1450 1034 surgerent,
1497 979 1559 1019 ac
1600 965 1792 1019 deinde
1841 964 2077 1019 inclinati

502 1050 805 1107 Christiano
838 1054 1030 1122 populo
1059 1053 1399 1123 suhjacerent
1430 1073 1444 1110 :
1478 1055 1677 1109 docens
1707 1055 1881 1109 omnia
1912 1055 2079 1124 ipsius

502 1146 840 1200 ordinatione
870 1146 1019 1211 ﬁeri,
1050 1147 1199 1215 cujus
1230 1148 1488 1201 voluntati
1520 1164 1622 1202 non
1657 1156 1823 1214 potest
1855 1148 2078 1214 obviari,

503 1236 638 1289 sicut
670 1238 781 1304 ipse
814 1238 1066 1290 Dominus
1096 1239 1146 1290 in
1178 1239 1468 1306 Evangelio
1497 1238 1686 1292 Pontio
1711 1238 1882 1292 Pilato
1905 1238 2075 1291 dixit:

506 1328 625 1380 Non
656 1329 857 1381 haberes
884 1330 936 1381 in
965 1346 1041 1383 me
1067 1339 1358 1394 potestatem
1381 1369 1394 1393 ,
1424 1330 1521 1383 nisi
1543 1332 1631 1383 tibi
1659 1331 1781 1383 data
1819 1330 1949 1401 [ed..
1981 1331 2080 1383 da-

506 1415 633 1485 tum]
660 1426 784 1469 esset
825 1418 1037 1488 desuper
1067 1418 1248 1488 (Joan.
1294 1435 1409 1485 tux,
1443 1419 1549 1489 ll).
1584 1418 1650 1471 Et
1693 1420 1909 1473 intende
1950 1434 2083 1490 quo-

506 1512 647 1564 niam
679 1511 767 1565 ltic
804 1523 994 1566 montes
1028 1513 1077 1565 in
1111 1514 1251 1567 malo
1292 1514 1447 1582 positi
1487 1522 1647 1577 sunt,
1680 1528 1797 1567 cum
1839 1514 2083 1582 superius

517 1611 709 1656 montes
754 1605 1055 1671 signiﬁcent
1085 1606 1424 1659 lidelissimos
1456 1606 1628 1669 viros;
1659 1606 1798 1676 quod
1846 1607 2082 1675 plerum-

510 1710 613 1763 que
643 1695 693 1749 in
729 1697 1018 1763 Scriptnris
1049 1697 1244 1750 divinis
1273 1698 1504 1751 diximus
1535 1700 1780 1752 inveniri.
1813 1699 2078 1768 Sequitur,

2180 504 2388 570 ﬂuere,
2440 519 2545 558 non
2592 504 2671 558 eis
2716 504 2771 558 in
2823 504 3001 559 medio
3047 501 3349 557 constitutis
3400 501 3626 555 transire
3668 520 3773 571 po-

2182 595 2363 649 tuisse.

2253 684 2406 738 Vers.
2436 685 2521 739 Η.
2558 683 2814 738 Potabtmt
2846 701 2904 737 ea
2944 701 3114 739 omnes
3158 684 3327 739 bestia:
3362 687 3631 749 silvarum,
3674 703 3771 740 es:-

2178 776 2475 835 spectabunt
2503 778 2684 846 onagri
2706 778 2840 829 sitim
2858 778 3009 849 [mss.
3031 778 3117 838 A.,
3140 779 3222 843 8.,
3238 777 3324 838 Ρ..
3341 778 3393 830 in
3417 779 3573 850 sitim]
3594 798 3769 834 suam.

2183 866 2378 920 Bestius
2404 868 2645 920 silvarum
2675 867 2760 922 hic
2789 876 2972 935 gentes
3001 868 3298 934 intelligere
3327 868 3580 923 debemus
3600 912 3613 929 .
3644 887 3774 935 qua:

2181 957 2247 1010 de
2278 957 2365 1010 illa
2399 956 2663 1010 idolorum
2692 958 2896 1011 cultura
2927 970 3171 1020 tanquam
3200 958 3268 1012 de
3298 960 3444 1013 silvis
3473 960 3769 1028 umbrosis,

2183 1048 2431 1117 proiectis
2463 1046 2809 1102 ferocissimis
2837 1048 3094 1113 moribus,
3127 1050 3472 1113 exierunt,ad
3503 1054 3772 1119 potandus

2181 1140 2389 1192 scilicet
2419 1155 2583 1207 aquas
2612 1155 2742 1205 quas
2776 1140 2827 1192 in
2873 1139 3159 1207 Evangelia
3188 1150 3271 1193 est
3302 1141 3551 1195 Dominus
3579 1142 3775 1197 Sama—

2184 1230 2373 1282 ritaure
2406 1231 2689 1297 pollicitus,
2724 1229 2907 1283 dicens
2939 1247 2952 1284 :
2991 1231 3090 1295 Qui
3129 1231 3306 1284 biberit
3336 1248 3399 1285 ea:
3436 1249 3567 1299 aqua
3610 1252 3773 1302 quam

2183 1340 2275 1395 ego
2304 1324 2436 1377 dabo
2466 1325 2529 1385 ei,
2574 1326 2658 1391 [iet
2698 1324 2751 1377 in
2790 1340 2850 1377 eo
2901 1329 3013 1392 fons
3061 1341 3208 1394 aqua:
3247 1325 3475 1378 salientis
3511 1326 3564 1377 in
3610 1327 3774 1378 titam

2183 1428 2422 1469 wternam
2474 1416 2654 1485 (Joan.
2696 1433 2767 1478 tv,
2815 1418 2903 1480 l3,
2941 1416 3051 1487 14).
3088 1416 3364 1483 Sequitur,
3408 1420 3774 1486 exspectabant

2183 1508 2363 1576 onagri
2390 1508 2525 1561 sitim
2555 1524 2720 1561 suam.
2748 1506 2879 1561 Cum
2913 1508 3107 1562 dixerit
3132 1508 3315 1561 bestias
3342 1508 3581 1561 silvarum
3611 1513 3775 1579 aquis

2184 1604 2590 1659 decurrentibus
2636 1622 2742 1659 esse
2809 1615 3039 1677 paratas,
3082 1623 3298 1675 onagros
3345 1615 3547 1660 tantum
3591 1608 3777 1673 posuit

2188 1695 2325 1746 sitim
2355 1710 2502 1746 suam
2528 1706 2853 1763 exspectare,
2890 1697 3097 1751 scilicet
3133 1696 3346 1751 Judteos
3383 1697 3471 1765 qui
3518 1696 3777 1764 neglexe-

509 1784 561 1837 in
608 1785 776 1837 locum
820 1803 963 1856 quem
1013 1788 1243 1855 fundasti
1286 1790 1373 1841 eis.
1422 1789 1501 1841 Illi
1544 1790 1749 1844 scilicet
1787 1790 1873 1858 qui
1912 1790 2080 1858 campi
2112 1779 2158 1839 B
2185 1793 2307 1839 runt
2353 1784 2549 1840 lluenta
2592 1787 2783 1841 divinat
2828 1788 3037 1856 pietatis
3085 1788 3317 1842 haurire.
3370 1788 3569 1859 Onager
3622 1790 3775 1843 enim

510 1874 616 1941 jam
655 1875 781 1929 facti
814 1884 968 1943 sunt,
1001 1879 1064 1930 ad
1114 1879 1286 1933 locum
1333 1880 1711 1935 lundatissiune
1757 1882 2086 1938 descendunt

513 1965 783 2029 Ecclesiae,
815 1976 867 2020 et
898 1968 949 2021 in
983 1968 1099 2037 ejus
1130 1969 1490 2037 penetralibus
1521 1971 1923 2039 permanebunt.
1953 1971 2083 2026 Nam

511 2066 562 2108 rt
593 2055 720 2125 ipsis
749 2073 958 2127 quoque
996 2060 1365 2127 peccatoribus
1401 2062 1590 2115 modus
1614 2070 1697 2117 est
1725 2063 1955 2131 positus,
1990 2078 2086 2118 nec

513 2146 649 2199 ultra
682 2148 1060 2215 permittuntur
1086 2150 1345 2204 excedere
1364 2192 1378 2215 ,
1408 2166 1567 2219 quam
1594 2152 1671 2206 eis
1695 2152 1877 2207 datum
1907 2161 1991 2207 est
2018 2153 2086 2207 li-

513 2237 702 2289 centiae
734 2252 845 2290 sua:
876 2238 1025 2291 lrena
1064 2239 1263 2294 laxare.
1293 2240 1532 2309 Denique
1558 2242 1637 2297 sic
1673 2242 1865 2313 legitur
1894 2266 1906 2297 :
1937 2243 2088 2299 Com-

516 2330 651 2393 pleta
693 2338 809 2381 sunt
851 2340 1057 2397 peccata
1088 2332 1496 2385 Amorrhazorum
1537 2332 1687 2401 (Gen.
1730 2350 1797 2387 xv
1820 2377 1835 2400 ,
1873 2336 1997 2404 16),
2031 2345 2089 2390 ut

515 2420 689 2471 omnia
720 2420 817 2473 sub
846 2420 1118 2476 voluntate
1160 2423 1365 2477 Domini
1396 2424 1568 2494 posita
1612 2440 1732 2481 esse
1772 2441 2085 2496 cognoscas.

518 2509 628 2564 lloc
651 2512 791 2564 enim
821 2520 876 2566 et
907 2512 1283 2582 subsequentia
1314 2517 1592 2571 evidenter
1616 2518 1924 2586 explanant.

593 2600 739 2654 Vers.
768 2602 821 2656 9.
853 2602 1147 2657 Terminum
1170 2607 1384 2676 posuisti
1412 2607 1504 2672 eis,
1531 2623 1678 2675 quem
1710 2624 1811 2661 non
1834 2616 2092 2680 transgre-

519 2693 735 2757 dientur,
763 2711 921 2762 neque
948 2705 1296 2750 convertentur
1325 2696 1447 2769 [ηις.
1491 2697 1581 2763 G.,
1610 2700 1936 2772 revertentur]
1968 2718 2089 2773 ope-

520 2786 619 2838 rire
657 2795 865 2840 terram.
915 2788 1022 2842 lloc
1065 2789 1111 2842 si
1149 2788 1214 2843 ad
1258 2789 1488 2844 litteram
1542 2792 1675 2845 velis
1720 2794 1982 2861 accipere,
2024 2791 2091 2847 de

520 2878 670 2945 aquis
697 2878 1091 2934 abundantibus
1114 2880 1271 2945 dicit,
1303 2896 1421 2951 qua:
1460 2880 1658 2936 diluvio
1685 2885 1970 2939 recedente
2013 2884 2093 2937 ul-

522 2972 686 3026 terius
709 2980 875 3025 terras
900 2982 1170 3041 nequeunt
1195 2988 1474 3043 occupare,
1501 2974 1639 3029 sicut
1665 2974 1717 3029 in
1747 2974 1937 3031 Genesi
1961 2975 2094 3031 scri-

522 3073 666 3129 ptum
697 3071 781 3118 est
812 3083 825 3117 :
858 3065 1096 3118 Statuam
1126 3074 1330 3135 pactum
1360 3082 1525 3119 meum
1554 3067 1830 3132 uobiscum,
1857 3078 1904 3122 et
1931 3069 2095 3139 359

2189 1876 2366 1929 asinus
2395 1885 2479 1930 est
2508 1876 2790 1938 silvestris,
2822 1879 2911 1947 qui
2952 1877 3091 1933 inter
3134 1880 3334 1947 reliqua
3377 1880 3624 1933 animalia
3673 1894 3777 1933 cur

2186 1968 2381 2022 dicitur
2421 1968 2617 2023 habere
2652 1971 3088 2039 pinguissimum;
3125 1971 3265 2039 quod
3306 1987 3473 2042 genus
3510 1982 3777 2038 quantum

2187 2060 2390 2127 patiens
2419 2069 2499 2113 est
2530 2060 2824 2121 domitum,
2871 2069 3071 2114 tantum
3121 2062 3470 2115 strvissimum
3526 2061 3779 2115 redditur

2188 2162 2307 2201 cum
2336 2148 2489 2201 silvis
2516 2149 2873 2203 retinentibus
2902 2150 3172 2205 elleratur.
3205 2151 3293 2204 His
3316 2152 3566 2204 obstinati
3597 2152 3778 2207 Jttdrei

2189 2241 2381 2293 merito
2425 2246 2821 2308 comparantur,
2853 2240 2942 2309 qui
2987 2239 3186 2295 ferocia
3227 2241 3420 2293 mentis
3465 2250 3517 2293 et
3568 2241 3777 2293 callosa

2189 2328 2431 2382 latuitate
2459 2328 2633 2383 durati
2666 2339 2808 2395 sunt,
2835 2346 2932 2385 nec
2954 2331 3139 2385 satiari
3162 2333 3269 2385 cito
3292 2332 3492 2399 poculis
3519 2331 3781 2386 vitalibus

2191 2421 2557 2489 acquieseunt.
2611 2421 2740 2475 Nam
2772 2422 2912 2492 quod
2963 2422 3158 2477 dicitur
3180 2464 3195 2489 ,
3226 2423 3608 2491 exspectabant,
3642 2424 3780 2476 illud

2191 2510 2453 2579 signiﬁcat
2480 2511 2619 2581 quod
2652 2512 2961 2583 frequenter
2991 2513 3191 2567 dietum
3224 2521 3307 2567 est
3338 2532 3349 2564 :
3380 2513 3498 2581 quia
3528 2512 3581 2566 in
3611 2515 3779 2567 linetn

2192 2606 2371 2660 szcculi
2412 2606 2527 2660 Elia
2556 2616 2610 2662 et
2637 2607 2817 2661 Enoch
2845 2607 3203 2673 venientibus,
3234 2606 3498 2662 creditura
3526 2618 3606 2661 est
3637 2608 3781 2660 mul-

2196 2699 2364 2753 titudo
2396 2699 2725 2754 Judteorum.
2759 2701 2937 2756 Miseri
2979 2702 3068 2770 qui
3102 2700 3281 2755 tandiu
3313 2702 3536 2763 sitiunt,
3568 2702 3658 2768 qui
3690 2716 3780 2754 sa-

2195 2789 2313 2843 tiari
2347 2790 2564 2846 minime
2594 2792 2997 2859 concupiscunt.
3025 2792 3115 2846 His
3147 2795 3252 2846 vita
3286 2794 3512 2861 ptenalis
3539 2804 3618 2847 est
3641 2832 3657 2857 ,
3682 2794 3785 2864 qui

2196 2885 2338 2932 tanta
2369 2880 2770 2945 exspectatione
2798 2883 3127 2939 cruciantur.

2266 2968 2420 3023 Vers.
2452 2968 2541 3022 12.
2567 2970 2736 3040 Super
2760 2987 2820 3025 ea
2849 2974 3072 3026 volucres
3102 2974 3214 3026 coeli
3240 2972 3566 3039 habitabant,
3589 2976 3654 3027 de
3675 2990 3787 3028 me-

2198 3060 2284 3113 dio
2311 3071 2567 3130 petrarum
2606 3062 2800 3115 dabunt
2822 3079 2991 3117 vocem
3029 3081 3197 3118 suam.
3239 3063 3409 3133 Super
3449 3065 3534 3119 illa
3575 3066 3787 3123 scilicet

523 3170 836 3225 nequaquam
868 3158 1001 3209 ultra
1030 3157 1355 3224 interﬁcietur
1382 3158 1547 3212 omnis
1575 3174 1696 3212 caro
1721 3161 1865 3229 aquis
1894 3161 2095 3227 diluvii,
2124 3147 2171 3211 (ἶ
2201 3166 2319 3222 quae
2345 3152 2588 3220 superius
2618 3154 2749 3207 (ῘῘΧῙῐ
2781 3171 2795 3211 ε
2833 3155 2932 3220 Qui
2956 3157 3134 3209 εηιῑηὲι
3165 3158 3328 3225 fomes
3358 3159 3410 3211 ίιι
3440 3159 3785 3223 convallibus

525 3264 679 3317 neque
714 3249 808 3301 erit
850 3250 1087 3315 deinceps
1131 3250 1381 3303 diluvium
1423 3251 1680 3319 dissipans
1724 3261 1909 3305 terram
1942 3251 2096 3323 (Cen.

527 3353 598 3403 tx,
629 3339 739 3409 ll).
767 3340 819 3393 Si
838 3356 964 3395 vero
994 3341 1337 3408 spiritualiter
1365 3358 1594 3412 quaeras,
1629 3353 1806 3412 potest
1827 3345 1926 3400 hoc
1950 3355 2003 3401 et
2030 3345 2099 3402 de

538 3444 860 3498 paganorum
902 3432 1005 3484 ritu
1052 3432 1218 3501 accipi
1264 3444 1648 3502 congruenter;
1678 3436 1765 3501 qui
1799 3435 1920 3489 licet
1946 3451 1971 3487 a
2003 3450 2100 3490 sua

528 3520 787 3585 pravitate
836 3537 956 3576 recc
988 3522 1153 3577 seriut
1181 3565 1195 3589 ,
1244 3540 1512 3594 nunquam
1558 3526 1608 3579 in
1650 3526 1791 3579 illam
1833 3527 2099 3582 licentiam

532 3612 641 3667 Deo
670 3613 770 3666 sibi
817 3613 1065 3670 obviante
1110 3615 1445 3683 remeabunt,
1494 3626 1552 3672 ut
1601 3616 1891 3671 humanum
1930 3634 2101 3688 genus

528 3703 961 3771 superstitionum
992 3720 1208 3762 suarum
1240 3706 1583 3762 inundatione
1611 3710 1943 3776 cooperiant.
1979 3710 2101 3765 Ter-

531 3796 701 3849 minus
736 3796 929 3865 quippe
958 3812 1142 3852 eornm
1187 3799 1446 3854 adventus
1491 3798 1590 3853 fuit
1640 3799 1846 3855 Domini
1880 3800 2097 3869 Christi,

528 3886 681 3955 cujus
709 3897 982 3942 crescente
1017 3888 1304 3958 religione,
1328 3899 1517 3945 cuncta
1554 3888 2104 3963 idola[mss.,itl0lola-

533 3976 651 4048 tria]
686 3992 806 4032 cum
856 3978 967 4032 suis
1015 3979 1323 4033 auctoribus
1367 3988 1705 4034 corruerunt.
1755 3978 2104 4049 Inspiciamus

534 4081 741 4136 quoque
775 4067 873 4121 sub
902 4082 1003 4137 qua
1047 4068 1409 4135 increpatione
1438 4070 1535 4123 ista
1564 4069 1902 4137 referuntur,
1935 4081 1991 4123 ut
2021 4086 2107 4123 ra-

533 4159 755 4214 tionales
784 4160 1029 4215 homines
1052 4169 1235 4230 putent
1265 4176 1325 4217 se
1349 4171 1608 4230 przecepta
1640 4161 1845 4214 Domini
1878 4175 1982 4215 non
2014 4161 2107 4215 de—

535 4251 661 4306 bere
690 4263 1029 4307 contemnere
1051 4294 1065 4317 ,
1092 4267 1211 4307 cum
1253 4254 1364 4323 ipsa
1412 4254 1674 4309 elementa
1722 4263 2109 4323 cognoscantur

533 4340 649 4410 ejus
679 4342 1008 4409 jussionibus
1034 4344 1271 4399 obedire.

608 4430 755 4485 Vers.
799 4433 882 4485 i0.
935 4433 1034 4495 Qui
1068 4435 1247 4487 emittit
1299 4435 1460 4504 fontes
1501 4437 1553 4489 in
1597 4438 1937 4503 convallibus,
1981 4439 2111 4492 inter

2203 3245 2314 3298 caeli
2342 3243 2566 3298 volucres
2587 3244 2899 3299 habitabant.
2927 3248 3048 3300 Htec
3071 3248 3329 3318 siquidem
3354 3258 3401 3303 et
3432 3250 3701 3303 convalles
3728 3260 3789 3305 et

2205 3347 2368 3403 aquas
2396 3335 2620 3405 irriguas
2646 3335 2789 3407 [mss.
2820 3338 2907 3401 A.,
2933 3336 3020 3403 B.,
3046 3335 3138 3400 ιι,
3162 3340 3315 3407 aquis
3338 3339 3571 3412 irrigata]
3598 3339 3797 3396 amare'

2205 3437 2521 3481 noscuntur.
2555 3424 2661 3481 Sed
2694 3440 2798 3479 non
2831 3436 2980 3480 vacat
3018 3428 3159 3495 quod
3201 3429 3435 3495 addidit,
3468 3430 3608 3495 σωιέ,
3658 3446 3788 3485 nam

2204 3516 2248 3569 si
2280 3524 2482 3570 tantum
2524 3532 2647 3572 aves
2686 3518 2943 3574 voluisset
2968 3518 3203 3583 adverti,
3233 3522 3475 3576 volucres
3513 3524 3789 3581 sufﬁceret

2204 3608 2307 3663 dici
2336 3609 2466 3665 :sed
2500 3611 2674 3679 potius
2699 3612 2901 3664 animas
2924 3621 3136 3666 sanctas
3159 3615 3462 3681 pontiﬁcum
3491 3617 3695 3671 cmlesti
3724 3634 3791 3673 se

2206 3702 2611 3757 conversatione
2642 3710 2932 3758 tractantes
2978 3706 3177 3759 mavult
3206 3707 3460 3777 intelligi,
3503 3712 3588 3779 qui
3621 3724 3789 3779 supra

2206 3792 2433 3861 populos
2462 3792 2669 3847 Domini
2720 3795 3045 3862 prmdieatiox
3070 3796 3187 3850 i'nous
3230 3801 3429 3851 sanctis
3462 3800 3787 3860 inhabitant.

2207 3886 2455 3952 Addidit,
2482 3890 2545 3941 de
2574 3888 2739 3940 medio
2767 3897 3025 3958 petrarum
3055 3891 3243 3943 dabunt
3268 3907 3434 3944 rocem
3465 3910 3629 3947 suam.
3667 3895 3790 3950 Istae

2207 3976 2435 4031 volucres
2464 3993 2583 4046 qua:
2604 3978 2761 4031 dictat
2792 3988 2914 4032 sunt
2943 3980 3221 4045 cmlcstes,
3256 3998 3358 4035 non
3386 3983 3451 4037 dc
3485 3993 3640 4042 terra.
3679 4005 3789 4041 non

2207 4069 2273 4124 de
2303 4069 2608 4134 arboribus,
2650 4069 2741 4124 sed
2788 4072 2852 4124 de
2884 4071 3048 4125 medio
3080 4082 3337 4140 petrarum
3378 4075 3566 4128 dabunt
3614 4095 3790 4132 rocem

2208 4177 2372 4227 suam,
2402 4162 2613 4230 quando
2644 4163 3003 4229 apostolorum
3035 4174 3084 4219 et
3114 4166 3490 4234 prophetarum
3522 4173 3790 4239 exemplis

2209 4253 2383 4320 aliqua
2416 4253 2705 4318 prmdiCare
2732 4264 3039 4308 noscuntur.
3068 4256 3264 4311 Omnes
3304 4255 3443 4313 enim
3486 4262 3669 4315 ﬁdeles
3698 4281 3790 4328 pe-

2213 4350 2305 4396 tra:
2335 4343 2527 4397 merito
2576 4343 2845 4409 dicuntur,
2876 4346 2997 4415 quia
3030 4351 3140 4414 ipse
3176 4364 3388 4416 quoque
3420 4358 3567 4418 petra
3597 4352 3791 4407 dicitur

2213 4434 2499 4499 Christus;
2549 4434 2626 4488 sic
2682 4435 2826 4489 enim
2873 4436 2986 4504 ipse
3036 4436 3287 4491 Dominus
3340 4440 3496 4494 Petro
3549 4444 3790 4507 :postolu

534 4523 753 4575 medium
796 4526 1042 4577 montium
1090 4527 1466 4595 pertransibunt
1520 4546 1684 4598 aqute.
1736 4530 1869 4584 Cum
1917 4541 2093 4586 natura

2211 4524 2347 4578 dixit
2377 4540 2390 4577 :
2426 4522 2502 4576 Tu
2526 4540 2577 4576 es
2607 4522 2811 4587 Petrus,
2854 4535 2900 4577 et
2935 4542 3089 4593 super
3126 4526 3257 4580 hanc
3298 4540 3488 4595 petram
3526 4532 3790 4600 a'di/icabs

537 4627 793 4670 terrarum
825 4616 1161 4711 describitur,
1196 4634 1352 4672 causa
1387 4621 1540 4674 nobis
1570 4623 1827 4677 occultior
1859 4625 2105 4691 pulcher-

535 4706 686 4760 rimis
730 4706 1080 4759 allusionibits
1130 4708 1411 4763 indicatur.
1456 4710 1673 4764 Certum
1705 4721 1786 4766 est
1816 4714 1955 4767 enim
1985 4732 2107 4768 con-

534 4799 685 4851 valles
728 4799 881 4867 aquis
920 4799 1190 4869 abundare
1238 4801 1499 4869 copiosis,
1534 4803 1860 4871 fontiumque
1888 4805 1955 4859 ibi
1987 4822 2107 4862 esse

535 4889 879 4955 frequentiam
925 4906 1189 4959 magnam,
1240 4892 1325 4945 ubi
1373 4901 1496 4947 sunt
1538 4908 1659 4946 arva
1702 4893 1954 4962 jacentia.
1998 4899 2103 4951 Sed

534 4978 661 5032 illud
703 4980 876 5047 potius
920 4980 1175 5035 debemus
1217 4983 1532 5049 advertere,
1564 4984 1681 5053 quia
1727 4985 1777 5039 in
1808 4986 2103 5042 humilitate

533 5070 826 5136 hominum,
853 5074 939 5141 qui
965 5073 1080 5126 loco
1101 5074 1401 5127 convallium
1424 5086 1709 5143 ponuntur,
1739 5091 1887 5147 aqua:
1910 5078 2103 5133 divina:

532 5177 746 5231 semper
787 5176 1103 5219 exaestuant.
1152 5168 1508 5235 Spiritualiter
1551 5177 1727 5222 autem
1776 5180 1968 5223 montes
2016 5170 2102 5225 hic

531 5254 775 5321 accipere
806 5256 1060 5310 debemus
1091 5256 1369 5311 haereticos
1398 5272 1460 5311 ac
1489 5259 1769 5326 superbos,
1800 5261 1939 5313 inter
1968 5276 2101 5329 quos

532 5345 819 5415 Scripturzc
850 5347 1047 5401 divinre
1090 5348 1306 5415 perenni
1356 5348 1601 5402 ubertate
1645 5350 1951 5417 decurrunt,
1983 5353 2106 5420 quia

533 5440 585 5491 ln
615 5436 713 5491 hoc
744 5436 940 5490 mundo
970 5451 1060 5491 eas
1095 5438 1279 5491 audire
1321 5439 1473 5491 bonis
1518 5439 1774 5507 malisque
1823 5456 2108 5497 commune

534 5536 636 5581 est.
673 5527 740 5581 Et
777 5528 914 5582 bene
952 5528 1147 5580 dictum
1177 5538 1257 5580 est
1290 5546 1301 5581 :
1341 5527 1723 5583 Pertransibunt
1746 5572 1761 5595 ,
1803 5532 1925 5600 quia
1976 5533 2108 5587 tales

537 5618 678 5670 viros
708 5618 849 5671 nullo
875 5617 1188 5671 fecundasse
1233 5616 1492 5671 beneﬁcio
1536 5620 1856 5675 sentiuntur.
1905 5622 2033 5674 Nam
2064 5623 2105 5674 si

542 5707 621 5760 (ut
656 5708 865 5769 quidam
912 5708 1111 5775 tliCtllll)
1157 5716 1345 5762 montes
1395 5708 1477 5763 hic
1518 5710 1689 5778 justos
1738 5714 2107 5780 pru‘dicatores

2213 4614 2495 4668 Ecclesium
2525 4630 2685 4666 meam
2711 4614 2926 4679 (Matth.
2953 4631 3066 4680 xw,
3103 4618 3208 4685 l8).
3241 4617 3572 4687 Quapropter
3601 4638 3789 4679 omnes

2210 4708 2275 4760 de
2309 4712 2576 4774 petrarum
2603 4704 2854 4759 ﬁrmitate
2883 4706 3195 4774 praedicant,
3221 4710 3311 4777 qui
3338 4712 3699 4778 apostolorum
3728 4729 3788 4768 ac

2210 4798 2587 4866 prophetarum
2618 4795 2989 4850 traditionibus
3018 4812 3111 4852 sua
3140 4798 3279 4852 dicta
3310 4802 3645 4856 conﬁrmant.

2285 4884 2436 4939 Vers.
2474 4886 2559 4938 l5.
2601 4884 2795 4955 [ligans
2840 4898 3033 4938 montes
3074 4886 3139 4939 de
3180 4889 3523 4953 superioribus
3559 4891 3696 4953 suis,
3728 4897 3789 4946 de

2214 4977 2384 5049 fructu
2412 4991 2620 5046 cperunt
2660 4986 2861 5027 tuorum
2892 4974 3161 5027 satiabitur
3190 4986 3341 5028 terra.
3371 4978 3628 5046 Superius
3656 4978 3787 5034 dixit

2214 5074 2351 5128 altos
2378 5078 2583 5123 montes
2615 5066 2777 5121 fuisse
2805 5067 3134 5135 praneritos,
3164 5077 3217 5120 et
3246 5069 3517 5122 convalles
3549 5070 3784 5124 humilli-

2215 5176 2329 5217 mas
2351 5158 2580 5212 l'ontibus
2610 5156 2886 5226 irrigatus;
2920 5172 3057 5211 nunc
3088 5159 3230 5226 ipsos
3252 5174 3465 5229 quoque
3486 5173 3680 5213 montes
3704 5177 3786 5214 su-

2214 5252 2389 5321 pernis
2418 5250 2568 5318 aquis
2590 5250 2843 5319 praedicat
2868 5264 2988 5303 esse
3004 5252 3299 5318 complutos
3323 5250 3466 5323 [mss.
3485 5254 3571 5315 A.,
3590 5253 3674 5319 8.,
3694 5252 3784 5316 F.,

2212 5342 2547 5413 completos],
2575 5358 2640 5396 ne
2667 5342 2795 5410 quid
2817 5357 2845 5393 a
2866 5342 3073 5397 Domini
3096 5359 3314 5398 munere
3330 5346 3599 5399 vidi-retur
3624 5362 3785 5402 excco

2213 5446 2381 5505 ptum.
2410 5434 2603 5488 l‘anlus
2632 5435 2774 5489 enim
2800 5434 2944 5503 prius
2970 5435 3155 5503 ingens
3184 5446 3342 5505 atque
3380 5438 3574 5490 arduus
3606 5452 3785 5505 perse-

2214 5536 2364 5582 cutor
2391 5525 2643 5579 Ecclesia:
2665 5566 2678 5589 ,
2710 5525 2959 5593 irrigatus
3000 5540 3131 5595 aqua
3186 5527 3467 5595 spiritu::li,
3499 5542 3653 5594 quam
3708 5528 3783 5580 le-

2214 5618 2415 5675 cnndos
2444 5618 2645 5672 fructus
2680 5616 2935 5685 probatus
2962 5626 3041 5671 est
3070 5617 3229 5671 edere
3256 5617 3602 5673 Christianis!
3637 5619 3781 5687 Quod

2212 5711 2448 5774 quotidie
2484 5708 2735 5762 Dominus
2765 5707 2906 5777 agit,
2942 5716 2994 5762 ut
3025 5708 3267 5765 doctores
3301 5725 3624 5782 paganorum
3670 5721 3784 5782 post
