4046 6174
317 357 419 413 733

1279 346 1635 408 EXPOSITIO
1673 343 1737 401 IN
1777 336 2238 398 I‘SALTERIUM.
2282 338 2476 395 PSAL.
2506 340 2636 397 CIII.

3499 356 3601 410 731

316 486 732 530 conversmnem
782 468 1067 539 magistros
1111 466 1272 522 faciat
1313 480 1436 522 esse
1485 463 1742 519 ﬁdelium.
1793 458 1899 515 Sed
1929 457 1982 518 Α
2009 456 2249 510 hominis.
2281 453 2335 509 Si
2364 454 2543 508 vinum
2577 454 2846 509 mundiale
2885 454 3018 512 velis
3058 456 3336 525 accipere,
3378 475 3483 516 non
3514 476 3601 518 su-

319 568 408 621 isti
444 565 581 618 tales
617 564 679 616 de
707 560 1060 630 superioribus
1089 559 1399 629 irrigantur,
1425 553 1637 626 quando
1663 549 1909 608 conversi

316 676 377 711 se
408 671 627 709 errasse
665 660 1018 725 cognoscunt.
1049 650 1335 721 Sequitur,
1375 652 1438 701 de
1483 652 1655 717 [ructu
1700 660 1911 713 operum

317 757 527 801 tuorum
565 746 835 799 satiabitur
879 754 1035 798 terra.
1066 742 1200 797 Cum
1252 741 1480 795 fructum
1533 749 1671 792 terra
1716 736 1907 805 pariat,

316 835 773 907 quemadmodum
826 835 1023 902 poterit
1072 847 1136 887 ex
1184 830 1442 885 fructibus
1483 826 1757 882 calcabilis
1812 825 1911 877 ista

318 938 463 982 terra
494 926 717 981 satiari?
747 924 1023 979 Fructibus
1053 933 1228 978 autem
1267 931 1403 976 terra
1427 920 1666 986 satiatur,
1700 918 1912 987 quando

319 1027 636 1090 peccatores
662 1018 714 1071 in
744 1018 938 1071 melius
964 1015 1296 1080 commutati,
1326 1014 1477 1068 utilia
1508 1012 1664 1066 nimis
1690 1020 1744 1064 et
1772 1009 1913 1064 salu-

324 1114 460 1167 taria
496 1114 613 1182 ipso
644 1111 903 1180 largiente
944 1108 1267 1179 percipiunt.
1295 1106 1384 1161 Sic
1414 1104 1557 1159 enim
1588 1114 1723 1158 terra
1757 1102 1915 1155 satia-

321 1218 430 1269 tur,
464 1205 678 1275 quando
701 1205 889 1271 aliquis
919 1204 986 1256 ab
1014 1201 1371 1257 obstinatione
1402 1200 1676 1266 liberatus,
1706 1212 1910 1267 przeco-

322 1299 412 1351 nia
444 1298 653 1350 Domini
684 1295 934 1350 didicisse
963 1296 1322 1363 cognoscitur.
1619 1335 1625 1341 .

396 1386 555 1441 Vers.
588 1388 672 1441 Μ.
708 1385 1003 1439 Producens
1030 1385 1201 1453 fenum
1217 1383 1485 1455 jumentis,
1514 1392 1559 1436 et
1587 1381 1794 1435 herbam
1811 1397 1918 1435 ser-

327 1481 471 1533 vituli
515 1479 799 1544 hominum,
852 1488 904 1531 ut
943 1479 1123 1532 edurat
1166 1477 1317 1549 [mss.
1348 1477 1437 1543 A.,
1474 1477 1556 1543 8.,
1597 1477 1679 1537 F.,
1710 1474 1916 1547 educas]

328 1592 513 1643 panem
536 1576 601 1627 de
627 1584 777 1628 terra.
805 1574 1011 1627 Excolit
1044 1574 1185 1641 quod
1225 1573 1467 1639 superius
1498 1572 1651 1636 dixit,
1690 1581 1747 1624 ut
1778 1581 1917 1624 terra

328 1668 413 1720 illa
459 1666 667 1721 cmlesti
715 1665 883 1720 imbre
926 1664 1112 1720 satiata
1155 1666 1400 1735 producat
1444 1668 1615 1734 fenum
1644 1664 1916 1734 jumentis,

328 1757 380 1810 id
410 1767 494 1811 est
539 1758 915 1826 eleemosynas
942 1757 1100 1809 faciat
1140 1757 1221 1809 his
1250 1756 1337 1826 qui
1376 1757 1574 1823 passim
1604 1764 1820 1824 petunt,
1853 1755 1919 1808 de

2014 547 2123 600 lum
2156 561 2276 609 cor,
2312 544 2405 598 sed
2452 560 2611 598 omne
2648 558 2841 612 corpus
2871 544 2936 599 ad
2981 555 3193 615 tempus
3222 548 3488 615 lwtiﬁcare
3517 564 3606 604 co-

2012 639 2315 709 gnoscitur,
2349 652 2469 692 cum
2504 648 2677 691 tamen
2709 637 3016 708 frequenter
3042 647 3095 693 et
3124 638 3188 693 ad
3213 639 3362 693 rixas
3391 640 3605 713 incitet,

2013 742 2067 785 et
2093 731 2157 783 ad
2185 745 2465 785 exces-um
2498 730 2723 797 aliquem
2756 728 3191 798 praesumptionis
3227 731 3465 800 instiget.
3499 732 3606 785 Sed

2016 839 2104 876 cor
2142 837 2239 891 pro
2287 830 2463 875 mente
2515 822 2741 890 positum
2785 831 2894 887 est,
2941 822 3080 875 unde
3122 838 3310 892 sapere
3358 824 3605 887 dicimur,

2018 916 2157 970 unde
2186 924 2239 969 et
2268 915 2566 984 intelligere
2610 915 2746 967 bona
2786 915 3029 985 malaque
3078 916 3358 969 sentiatur.
3405 916 3531 970 Item
3560 916 3606 970 si

2016 1014 2070 1062 et
2100 1005 2236 1060 istud
2270 1007 2436 1059 oleum
2469 1015 2711 1074 putemus
2743 1022 2846 1071 qtto
2894 1007 3212 1075 generaliter
3243 1006 3473 1060 mundus
3505 1006 3609 1059 uti-

2020 1106 2127 1161 tur,
2160 1095 2429 1165 quomodo
2455 1106 2627 1165 poteSt
2668 1096 2957 1149 exhilarare
2986 1097 3167 1162 faciem
3192 1138 3207 1159 ,
3242 1097 3366 1150 dum
3398 1112 3610 1165 semper

2019 1188 2184 1242 animi
2209 1188 2276 1241 sit
2305 1188 2579 1257 gaudium,
2604 1187 2746 1255 quod
2771 1190 2880 1241 exit
2913 1188 2963 1240 in
2996 1188 3215 1241 vultus?
3246 1189 3401 1241 Panis
3430 1200 3607 1243 autent

2021 1278 2463 1347 quemadmodum
2507 1277 2701 1346 poterit
2741 1278 3062 1332 conﬁrmare
3102 1292 3195 1331 cor
3233 1280 3432 1343 solum,
3466 1280 3609 1348 quod

2024 1385 2118 1438 pro
2166 1369 2327 1422 totius
2374 1368 2617 1436 corporis
2649 1368 2942 1423 reiectione
2973 1370 3301 1438 percipitur?
3344 1370 3447 1424 Sed
3500 1373 3613 1426 haec

2023 1463 2199 1533 potius
2228 1462 2293 1514 ad
2317 1462 2509 1514 anima:
2535 1476 2711 1529 panes
2739 1460 3019 1516 referenda
3045 1472 3189 1527 sunt,
3207 1479 3324 1531 quae
3349 1463 3615 1533 perfectos

2023 1552 2261 1607 efﬁciunt
2293 1552 2649 1606 Christianos.

2100 1664 2251 1718 Vers.
2304 1662 2388 1715 16.
2433 1662 2815 1717 Saturabuntur
2862 1664 3002 1733 ligna
3043 1664 3323 1729 silvarum,
3380 1673 3427 1717 et
3480 1664 3618 1718 cedri

2029 1758 2212 1812 Libani
2249 1776 2374 1828 quas
2413 1759 2677 1827 plantasti.
2713 1755 2876 1826 Ligna
2918 1758 3161 1809 silvarum
3205 1758 3411 1824 plebem
3452 1757 3618 1827 signi-

328 1846 735 1914 quibusdictum
756 1856 835 1898 est
857 1863 867 1896 :
893 1844 1044 1898 ()mni
1063 1845 1248 1912 petenti
1270 1857 1314 1898 te
1338 1846 1499 1897 tribue
1521 1844 1670 1913 (Luc.
1702 1859 1773 1909 vt,
1804 1842 1919 1911 ⁶50).
1955 1843 2000 1902 Β
2031 1852 2190 1906 licant
2217 1852 2507 1919 ingentium
2541 1849 2887 1917 p0pulorum,
2922 1848 3010 1917 qui
3047 1847 3300 1901 Ecclesia:
3337 1848 3618 1902 catholicae

327 1936 573 1990 Iumenta
604 1937 745 1991 enim
774 1936 1024 2005 appellati
1058 1946 1213 2001 sunt,
1247 1936 1367 2004 quia
1400 1935 1777 1989 verecundiam
1816 1949 1920 1987 non

332 2030 591 2085 habentes
617 2040 833 2100 propter
864 2030 1149 2098 ingluviem
1180 2030 1381 2084 ventris
1402 2071 1416 2094 ,
1457 2028 1506 2082 in
1534 2028 1801 2098 egentium
1830 2043 1923 2081 vo-

329 2138 424 2179 ces
446 2124 740 2195 petulanter
766 2133 1048 2192 erumpunt
1075 2122 1211 2175 sicut
1231 2120 1495 2190 jumenta,
1515 2136 1631 2189 qua:
1654 2121 1775 2172 dum
1802 2135 1923 2173 e~u-

333 2215 509 2279 riunt,
544 2228 874 2283 nequaquam
911 2222 1135 2282 possunt
1179 2228 1208 2266 a
1252 2211 1479 2281 propriis
1507 2211 1725 2266 vocibus
1754 2210 1920 2265 absti-

334 2321 485 2360 nere.
521 2303 750 2358 Herbam
781 2318 908 2358 vero
930 2303 1158 2357 servituti
1186 2303 1481 2368 hominum,
1511 2302 1613 2356 hoc
1634 2311 1738 2367 est,
1764 2312 1817 2355 ut
1848 2301 1918 2355 illi

333 2396 636 2451 necessaria
671 2396 992 2462 tribuantur,
1020 2394 1087 2449 de
1114 2411 1218 2464 quo
1242 2395 1497 2463 scriptum
1533 2403 1613 2448 est
1643 2409 1657 2447 :
1696 2393 1919 2447 Desudet

330 2491 655 2558 eleemosyna
696 2489 747 2541 in
790 2504 941 2541 manu
978 2497 1098 2552 tua,
1139 2488 1303 2540 donec
1342 2488 1569 2539 invenias
1601 2486 1802 2555 justum
1840 2485 1922 2537 cui

332 2598 444 2634 eam
477 2580 672 2633 tradas.
705 2580 798 2634 llic
829 2580 971 2634 enim
999 2580 1228 2632 homines
1256 2578 1504 2646 appellati
1528 2588 1686 2642 sunt,
1716 2576 1803 2647 qui
1838 2594 1922 2630 ra-

336 2672 483 2726 tione
508 2672 797 2741 plenissimi
831 2671 1173 2740 indigentiam
1208 2686 1356 2725 suatn
1392 2670 1689 2731 tolerantia:
1720 2672 1921 2724 viribus

340 2775 541 2833 tegunt.
576 2764 667 2820 Sic
694 2765 798 2819 duo
824 2781 1019 2835 genera
1042 2765 1309 2835 egentium
1341 2764 1537 2819 talibus
1568 2765 1920 2821 allusionibus

334 2857 727 2924 exprimuntur.
765 2857 1053 2925 Sequitur,
1100 2865 1155 2910 ut
1206 2857 1385 2909 educat
1434 2873 1615 2921 panem
1660 2860 1720 2911 de
1764 2868 1920 2912 terra.

339 2947 594 3001 Educitur
636 2950 786 3018 panis
828 2949 892 3002 de
936 2958 1100 3017 terra,
1148 2949 1362 3017 quando
1410 2949 1619 3004 Domini
1660 2961 1922 3018 praecepta

335 3040 702 3108 complentur,
734 3050 790 3094 ut
832 3040 899 3094 de
948 3040 1062 3094 istis
1101 3040 1407 3094 carnalibus
1448 3049 1608 3111 atque
1629 3042 1922 3097 visualibus

337 3131 486 3186 cibus
532 3131 624 3185 ﬁat
663 3130 803 3186 unde
850 3132 1027 3211 anima
1075 3131 1280 3185 caelesti
1313 3132 1601 3186 refectione
1651 3142 1919 3199 pascatur.

2026 1945 2093 1999 de
2114 1944 2353 1997 dumosis
2376 1953 2534 2012 atque
2556 1942 2767 1996 incultis
2797 1941 3099 1994 nationibus
3121 1941 3468 1995 advenerunt.
3496 1942 3619 1995 IIa-e

2027 2035 2264 2089 indicant
2296 2034 2545 2089 homines
2576 2034 2762 2101 utique
2790 2032 3107 2085 mediocres.
3141 2031 3292 2084 Cedri
3321 2044 3498 2086 autem
3528 2031 3619 2085 Li-

2025 2128 2142 2181 bani
2182 2127 2459 2181 declarant
2505 2125 2715 2178 nobiles
2753 2138 2816 2177 ac
2866 2133 3144 2191 potentes,
3176 2122 3265 2191 qui
3300 2127 3350 2177 in
3390 2125 3619 2178 humano

2021 2232 2217 2288 genere
2268 2227 2517 2283 tanquam
2564 2215 2711 2269 cedri
2763 2214 3004 2269 eminere
3048 2225 3360 2268 noscuntur.
3408 2214 3517 2270 Sed
3566 2226 3620 2272 ut

2025 2310 2169 2377 ipsos
2214 2322 2428 2376 quoque
2472 2313 2837 2375 sequestraret
2875 2305 2941 2358 ab
2986 2305 3251 2359 hmreticis
3281 2316 3334 2360 et
3373 2307 3619 2376 paganis,

2024 2399 2115 2468 qui
2154 2399 2206 2451 in
2249 2399 2349 2451 hoc
2387 2397 2586 2451 sznculo
2626 2396 2858 2449 maxima
2901 2406 3160 2463 potestate
3196 2398 3432 2451 subvecti
3476 2407 3620 2463 sunt,

2024 2490 2258 2553 addidit,
2285 2505 2412 2557 quas
2442 2488 2688 2558 plantasti
2717 2503 2735 2539 :
2764 2488 2816 2544 id
2844 2497 2953 2551 est,
2989 2504 3106 2555 qua:
3156 2497 3245 2541 tua
3278 2488 3622 2557 pra‘destinac

2026 2579 2167 2635 tione
2196 2589 2317 2632 sunt
2347 2578 2398 2630 in
2433 2576 2704 2645 religionis
2735 2578 3100 2630 amoenissime
3131 2576 3377 2645 paradiso
3404 2578 3608 2632 consti-

2025 2682 2171 2735 tutte.
2202 2674 2340 2727 sicut
2373 2672 2501 2726 dicit
2529 2673 2579 2725 in
2608 2670 2894 2739 Evangelia
2921 2686 2935 2723 :
2971 2670 3146 2723 Omnis
3174 2670 3429 2740 plantatio
3457 2686 3612 2739 quam

2026 2782 2127 2819 non
2153 2765 2401 2835 plantavit
2428 2763 2584 2816 Pater
2606 2779 2745 2816 meus
2765 2761 2999 2827 caelestis,
3030 2764 3375 2817 eradicabitur
3406 2763 3598 2834 (Matth

2026 2871 2115 2921 xv,
2148 2856 2255 2923 15).
2283 2854 2386 2909 Sed
2421 2869 2517 2909 nec
2547 2853 2913 2921 interpretatio
2942 2854 3171 2906 nominis
3202 2854 3368 2922 ipsius
3392 2864 3621 2922 praeter-

2027 2948 2202 3003 eunda
2234 2956 2346 3015 est,
2380 2947 2592 3015 quando
2624 2945 2780 2999 nobis
2808 2945 3038 3014 aliquam
3066 2945 3471 3012 signiﬁcantium
3504 2961 3621 3014 pro-

2028 3042 2155 3096 dere
2207 3040 2527 3093 declaratur.
2588 3036 2814 3090 Libanus
2860 3037 3240 3104 interpretatur
3293 3036 3622 3093 eandidatio.

2028 3132 2216 3187 Sateuli
2263 3141 2439 3184 autem
2494 3128 2651 3197 hujus
2684 3136 2919 3197 potestas
2964 3127 3206 3196 qucedam
3254 3127 3471 3180 videtur
3500 3143 3623 3185 esse

339 3221 500 3276 Panis
523 3224 670 3277 enim
693 3238 815 3277 vere
840 3231 1020 3277 noster
1042 3232 1123 3277 est
1143 3222 1411 3287 Christus,
1435 3224 1523 3291 qui
1548 3229 1671 3277 tunc
1692 3223 1760 3277 de
1782 3233 1920 3277 terra
1948 3217 1995 3277 C
2028 3221 2313 3287 festivitas,
2368 3220 2456 3273 ubi
2499 3218 2691 3272 divites
2733 3218 2981 3272 homines
3032 3232 3093 3271 ac
3142 3226 3387 3286 potentes
3426 3218 3623 3273 excelsi

339 3313 685 3381 producitur,
720 3313 932 3382 quando
961 3312 1157 3381 aliquid
1205 3313 1563 3381 indigentibus
1603 3314 1719 3380 ejus
1748 3313 1926 3368 consi-

340 3404 612 3457 deratione
628 3413 924 3473 prtestatur.
944 3404 1067 3459 Sive
1091 3404 1192 3458 hoc
1212 3411 1387 3474 potest
1409 3404 1475 3457 de
1493 3404 1928 3472 praedicatoribus

340 3494 464 3556 dici,
502 3494 592 3563 qui
633 3494 943 3549 caelestibus
988 3493 1189 3547 divitiis
1231 3493 1599 3562 imperitorum
1650 3496 1924 3549 hominum

348 3583 667 3651 indigentias
689 3584 1106 3639 misericorditer
1132 3584 1287 3652 exple
1301 3594 1504 3638 verunt.

410 3675 558 3730 Vers.
592 3675 675 3729 I5.
704 3674 771 3726 Et
797 3678 972 3728 vinum
1001 3675 1225 3741 lwtiﬁcet
1253 3692 1339 3729 cor
1362 3677 1612 3741 hominis,
1647 3686 1701 3729 ut
1732 3677 1929 3732 exhila-

342 3778 411 3819 ret
459 3767 643 3835 [aciem
680 3769 734 3820 in
779 3767 925 3832 oleo,
958 3778 1002 3820 et
1048 3767 1193 3836 panis
1246 3782 1331 3842 cor
1374 3769 1593 3820 hominis
1640 3770 1923 3837 conﬁrmet.

343 3858 551 3913 Dixerat
587 3859 832 3927 superius
852 3898 867 3922 ,
899 3867 953 3911 ut
983 3859 1163 3912 educat
1194 3875 1374 3927 panem
1416 3860 1479 3912 de
1520 3870 1693 3923 terra;
1734 3862 1829 3915 sed
1861 3878 1929 3917 ne

342 3953 494 4006 istum
531 3969 713 4020 panem
742 3968 1082 4007 communem
1129 3953 1355 4007 deberes
1393 3954 1635 4022 accipere
1665 3954 1827 4026 350
1861 3955 1929 4010 de

342 4058 443 4111 quo
470 4058 597 4098 caro
628 4054 804 4098 nostra
830 4044 1085 4111 reficitur,
1111 4045 1385 4115 subjungit
1404 4046 1517 4100 haec
1548 4047 1648 4099 tria
1679 4048 1930 4115 spiritua-

342 4133 461 4188 liter
505 4134 807 4188 sentienda.
860 4134 989 4187 Nam
1036 4150 1123 4188 cor
1167 4149 1261 4202 pro
1304 4135 1607 4189 rationabili
1659 4138 1929 4192 intellectu

343 4228 463 4294 poni
498 4226 748 4293 frequens
778 4225 1053 4294 Scriptura
1098 4234 1355 4292 testatur;
1399 4238 1721 4297 quapropter
1759 4230 1930 4281 vinum

342 4322 566 4389 lwtiﬁcat
593 4336 680 4373 cor
710 4320 961 4384 hominis,
989 4334 1112 4374 cum
1145 4331 1410 4374 sacratum
1439 4320 1599 4374 fuerit
1627 4321 1681 4374 in
1711 4322 1931 4391 sangui-

342 4426 463 4466 nem
494 4411 701 4464 Domini
727 4398 947 4464 Christi.
982 4411 1117 4465 llinc
1166 4425 1262 4464 nos
1299 4410 1555 4466 inebriari
1603 4412 1757 4479 licet,
1793 4414 1929 4467 sicut

343 4503 598 4571 scriptum
641 4510 723 4556 est
766 4519 780 4554 :
830 4499 898 4554 Et
949 4500 1188 4572 poculum
1236 4513 1379 4555 tuum
1422 4503 1712 4567 inebrians,
1778 4522 1929 4572 quam

2031 3322 2192 3381 atque
2214 3310 2455 3379 proceri,
2486 3310 2636 3378 quasi
2668 3309 2719 3363 in
2750 3308 2947 3362 Libano
2978 3319 3165 3362 monte
3192 3320 3507 3376 nascuntur,
3537 3313 3624 3379 qui

2035 3414 2210 3456 tamen
2239 3401 2306 3455 ad
2338 3415 2516 3455 veram
2545 3400 2856 3470 religionem
2885 3400 3095 3457 Domini
3120 3417 3339 3457 munere
3368 3418 3626 3472 pervene-

2034 3505 2180 3549 runt.

2110 3587 2260 3643 Vers.
2292 3588 2375 3640 l7.
2411 3586 2531 3640 Illic
2568 3603 2794 3656 passeres
2834 3589 3204 3657 nidi/icabunt,
3240 3589 3411 3658 fulicae
3450 3592 3627 3647 duitas

2034 3680 2142 3733 dua:
2169 3689 2463 3733 esteorum.
2498 3677 2619 3731 Illic
2643 3723 2659 3747 ,
2707 3680 2759 3732 in
2802 3680 2980 3733 cedris
3017 3681 3264 3734 videlicet
3303 3696 3433 3749 quas
3472 3684 3627 3750 plan-

2035 3774 2187 3834 tasti,
2230 3787 2459 3840 passeres
2506 3770 2866 3838 uidi/icabunt.
2907 3771 3090 3823 Passer
3140 3774 3284 3825 enim
3335 3773 3531 3825 minuta
3576 3789 3627 3832 et

2034 3861 2339 3915 cautissima
2370 3860 2528 3914 nimis
2577 3864 2689 3914 avis
2737 3872 2848 3924 est,
2893 3862 3278 3916 monachorum
3322 3863 3627 3929 signiﬁcans

2035 3950 2379 4020 parvitatem,
2406 3951 2571 4017 quiin
2602 3951 2776 4003 cedris
2801 3950 3010 4013 Libani,
3040 3952 3089 4004 id
3120 3962 3200 4005 est
3223 3953 3273 4004 in
3310 3954 3627 4019 pateimuniu

2036 4041 2330 4109 potentium
2362 4039 2784 4093 ChriStianorum
2834 4041 2975 4093 velut
3023 4041 3074 4093 itt
3114 4042 3431 4110 quibusdam
3464 4045 3627 4097 rantis

2037 4132 2363 4185 monasteria
2407 4130 2508 4184 sibi
2553 4130 2701 4198 quasi
2747 4129 2902 4184 nidos
2941 4131 3147 4199 aliquos
3172 4130 3438 4185 mdiﬁcare
3470 4148 3626 4186 mon-

2035 4238 2294 4293 strantur,
2325 4243 2620 4298 eorumque
2650 4227 2845 4282 robore
2876 4228 3179 4291 sustentati,
3205 4228 3349 4281 velut
3379 4242 3625 4296 passeres

2039 4322 2220 4376 laudes
2253 4321 2460 4375 Domini
2501 4320 2714 4376 assidua
2762 4334 2891 4374 voce
2932 4321 3246 4390 praecinunt.
3278 4318 3529 4373 Ctelestis
3572 4324 3626 4374 in

2039 4424 2178 4469 terra
2210 4415 2347 4478 vita,
2381 4414 2605 4466 imitatio
2634 4411 2868 4466 ﬁdelium
2909 4412 3243 4482 angelorum,
3276 4412 3629 4481 spiritualiter

2038 4509 2091 4560 in
2120 4521 2281 4560 carne
2313 4506 2526 4569 vivere,
2572 4515 2627 4559 et
2671 4505 2854 4558 mundi
2899 4504 3022 4559 vitia
3068 4520 3172 4559 non
3209 4520 3424 4569 amare;
3467 4507 3629 4561 vitam

345 4598 647 4664 praclarum
677 4606 747 4649 est
778 4594 950 4665 (Psal.
983 4611 1113 4663 mi,
1143 4594 1226 4665 5)!
1257 4595 1433 4665 Ipsum
1464 4607 1544 4650 est
1572 4597 1713 4651 enim
1742 4614 1928 4653 revera
1964 4609 2009 4666 ις
2040 4607 2356 4667 μιωεθιιιυιῐι
2379 4611 2743 4663 contemnere,
2767 4606 2820 4649 et
2850 4596 3035 4650 futuras
3061 4597 3408 4651 beatitudinis
3439 4599 3631 4666 gaudia

345 4704 547 4744 merum
579 4686 717 4756 quod
750 4688 983 4740 Itetillcat
1011 4696 1244 4740 mentem
1266 4727 1280 4749 ,
1314 4704 1418 4741 non
1447 4689 1586 4757 quod
1626 4689 1689 4742 ad
1722 4698 1929 4745 reatum

345 4780 574 4848 vitiaque
604 4776 863 4847 perducit.
892 4778 1137 4832 Ebrietas
1163 4778 1363 4841 sobria,
1396 4781 1610 4833 satietas
1638 4778 1787 4845 felix,
1811 4796 1929 4850 quia

348 4874 541 4927 merito
570 4872 842 4925 lmtiﬁcare
868 4871 1091 4936 dicitur,
1123 4871 1243 4940 quia
1286 4871 1417 4925 nihil
1454 4872 1523 4925 ibi
1551 4874 1812 4940 culpabile
1839 4889 1928 4928 re-

346 4965 569 5033 peritur.
605 4963 942 5017 Eahilaratur
966 4978 1175 5033 quoque
1201 4965 1354 5034 facies
1380 4964 1433 5017 in
1452 4963 1586 5029 oleo,
1609 4979 1727 5017 cum
1752 4966 1932 5037 regale

343 5063 576 5117 chrisma
605 5061 904 5129 conficitur,
939 5061 1032 5115 sed
1064 5060 1154 5114 illa
1183 5061 1343 5115 facies
1366 5061 1431 5115 de
1449 5075 1548 5129 qua
1578 5060 1777 5114 dictum
1805 5071 1887 5116 est
1914 5078 1928 5116 :

344 5155 577 5205 Accedite
616 5151 681 5204 ad
712 5168 824 5205 eum
857 5164 901 5205 et
935 5151 1326 5213 illuminamini,
1358 5161 1405 5203 et
1436 5152 1601 5204 vultus
1640 5153 1790 5205 vestri
1829 5170 1929 5206 non

343 5244 639 5297 erubescent
671 5241 845 5313 (Psal.
884 5258 1089 5308 χχχιιι,
1137 5241 1217 5311 6).
1264 5242 1533 5309 Sequitur,
1581 5250 1630 5295 et
1660 5243 1808 5309 panis
1846 5259 1932 5296 cor
1982 5253 1992 5264 '

344 5336 562 5389 hominis
595 5338 882 5401 conﬁrmet.
918 5336 1111 5389 lterum
1141 5351 1227 5387 cor
1254 5334 1486 5405 punitur,
1519 5345 1573 5387 ut
1602 5334 1803 5387 dictum
1835 5350 1929 5404 pro

343 5430 605 5497 sapientia
629 5431 910 5483 sentiatur.
944 5428 1073 5483 Nam
1111 5428 1155 5480 si
1186 5427 1541 5496 corporaliter
1572 5427 1704 5481 velis
1732 5428 1928 5481 adver-

348 5534 493 5589 tere,
536 5520 773 5591 nunquid
816 5523 963 5593 panis
1001 5538 1087 5573 cor
1119 5521 1357 5587 hominis,
1390 5535 1493 5574 non
1537 5521 1699 5575 etiam
1730 5521 1930 5588 reliqua

346 5616 586 5669 membra
630 5616 933 5683 conﬁrmat?
976 5614 1104 5668 Nam
1129 5614 1331 5682 inspice
1356 5613 1711 5681 proprietates
1737 5614 1929 5668 verbo-

350 5723 463 5760 rum
483 5747 501 5775 ,
530 5717 587 5760 ut
615 5707 727 5761 hate
760 5722 942 5761 revera
969 5720 1263 5776 CtthIOSCIS
1296 5705 1361 5759 ad
1392 5704 1721 5759 intellectum
1753 5720 1928 5759 rerum

350 5801 521 5870 posita
568 5798 729 5854 fuisse
765 5798 1083 5854 caelestium.
1130 5797 1201 5853 De
1234 5797 1347 5851 vina
1382 5796 1545 5864 dicit,
1596 5793 1823 5863 la‘tiﬁrat
1846 5812 1931 5848 cor

2037 4700 2251 4754 semper
2289 4686 2573 4754 exquirere
2614 4700 2629 4737 :
2671 4686 2737 4737 ad
2786 4696 3113 4753 postremum
3162 4686 3329 4754 ipsius
3375 4688 3631 4756 templum

2039 4777 2192 4841 ﬁeri,
2241 4777 2392 4845 cujus
2443 4776 2726 4845 imaginem
2784 4776 3022 4830 conditio
3081 4779 3314 4832 humana
3366 4782 3624 4849 suscepit.

2038 4872 2293 4925 Amoenus
2316 4885 2501 4924 revera
2526 4870 2825 4938 paradisus,
2858 4871 2909 4923 in
2934 4886 3041 4940 quo
3073 4879 3219 4924 tanta
3252 4871 3445 4925 ﬂorent
3475 4886 3633 4941 poma

2041 4968 2317 5019 virtutum.
2349 4964 2439 5017 llis
2468 4964 2609 5018 enim
2641 4964 2745 5019 tale
2774 4965 3107 5033 propositum
3140 4972 3253 5030 est,
3288 4964 3470 5019 hostes
3507 4980 3633 5019 suos

2041 5075 2147 5113 non
2172 5057 2482 5112 reluctando
2502 5057 2736 5121 vincere,
2753 5056 2843 5110 sed
2863 5057 3110 5124 patiendo
3128 5071 3403 5124 superare.
3422 5056 3603 5109 Trium
3617 5085 3634 5100 -

2040 5153 2177 5224 phus
2217 5151 2391 5205 omnis
2439 5150 2543 5203 illis
2572 5159 2653 5203 est
2686 5150 2739 5202 in
2772 5151 2967 5217 proprii
2996 5150 3239 5218 corporis
3268 5148 3546 5217 passione;
3581 5157 3633 5204 et

2038 5256 2163 5300 tunc
2185 5244 2525 5297 adversarios
2544 5242 2837 5297 efﬁcaciter
2869 5248 3108 5305 vincant,
3140 5242 3352 5309 quando
3384 5240 3632 5295 laudabili

2037 5339 2335 5394 humilitate
2355 5335 3157 5409 Succumbth[mss.:l.,B.,F.,
3178 5336 3407 5407 florent].
3433 5335 3632 5391 llevera

2036 5434 2234 5487 milites
2257 5430 2472 5497 (Iltristi,
2491 5430 2579 5498 qui
2604 5430 2800 5483 nullam
2826 5431 3294 5499 praesumptionem
3316 5431 3364 5482 in
3392 5431 3633 5485 humanis

2038 5523 2236 5575 viribus
2263 5531 2484 5589 ponunt,
2506 5522 2599 5574 sed
2621 5522 2843 5573 adversa
2873 5522 3051 5573 omnia
3080 5522 3275 5573 virtute
3301 5521 3503 5574 Domini
3537 5536 3632 5574 su-

2037 5627 2227 5681 perare
2265 5626 2325 5665 se
2357 5625 2511 5680 posse
2550 5611 2846 5665 conﬁdunt.
2900 5611 2963 5664 Ili
2988 5626 3107 5664 cum
3136 5612 3252 5664 aliis
3300 5626 3402 5665 non
3438 5613 3632 5666 habent

2033 5705 2229 5774 jnrgia,
2252 5702 2345 5757 sed
2376 5717 2557 5757 secum
2589 5717 2804 5770 semper
2827 5702 3033 5771 litigant
3064 5720 3077 5756 :
3112 5706 3433 5759 miserentur
3464 5706 3634 5756 omni-

2040 5795 2167 5861 bus,
2208 5794 2309 5849 sibi
2359 5794 2490 5850 solis
2545 5810 2651 5849 non
2706 5806 2963 5865 parcunt;
3018 5808 3071 5855 et
3116 5800 3320 5857 etulesti
3372 5799 3636 5855 cltaritate
