3966 6172
424 307 518 361 735

1638 291 1706 346 Μ.
1750 290 2029 347 AUl’tlSLll
2069 289 2469 346 CASSlODOlll

3537 310 3627 367 736

419 420 669 477 llannnati
689 460 702 484 ,
735 418 873 472 bona
901 430 1018 483 qua?
1044 412 1143 467 sibi
1165 411 1384 467 evenire
1412 410 1663 479 cupiunt,
1692 410 1811 465 aliis
1843 425 1993 463 com-
2023 413 2070 468 Α
2100 409 2293 464 dentur
2316 426 2590 482 expressa,
2624 413 2688 467 ad
2712 425 3039 470 crementutn
3072 432 3245 471 rerum
3266 418 3327 473 de
3356 420 3559 479 Ecclesia
3581 436 3631 481 cz

421 513 693 567 municare
716 508 1067 563 contendunt.
1101 505 1205 561 Sed
1252 518 1439 573 magna
1485 512 1569 557 est
1597 502 1763 571 gloria
1809 502 1883 555 illi
1915 517 2001 556 ar-

423 607 536 661 bori
564 605 651 659 ubi
694 602 851 655 nidus
893 601 993 654 iste
1022 599 1399 668 compingitur.
1435 596 1629 651 Audiat
1655 598 1797 650 enim
1833 611 1861 650 a
1893 596 2000 650 Do-

423 697 567 749 mino
595 709 651 749 se
682 693 845 747 fuisse
874 692 1182 759 plantatum,
1210 690 1301 760 qui
1331 690 1433 744 tale
1464 691 1741 744 continere
1764 690 2002 744 noscitur

425 788 740 841 institutttm.
784 786 1066 853 Sequitur,
1106 786 1279 850 fulica:
1324 784 1505 835 domus
1550 786 1655 836 dua:
1692 791 1763 836 est
1802 799 2001 836 eorum.

426 877 609 931 Fulica
638 886 911 931 mansueta
937 878 1049 931 avis
1068 888 1119 931 et
1142 878 1290 946 nigra
1318 888 1420 940 est,
1451 887 1605 931 anate
1633 876 1842 944 quidem
1876 889 2003 945 par-

426 972 560 1034 vior,
585 970 677 1026 sed
702 972 941 1037 corporis
965 968 1225 1037 positione
1247 970 1565 1034 consimilis,
1583 984 1702 1036 qua:
1724 968 1776 1021 in
1805 967 2005 1036 stagnis

427 1061 809 1115 delectabiliter
835 1068 1216 1114 commoratur.
1259 1059 1378 1112 llaec
1408 1059 1471 1111 ad
1497 1057 1842 1127 baptizandus
1870 1060 2005 1113 bene

430 1152 678 1216 refertur,
703 1151 789 1217 qui
814 1153 861 1203 in
890 1149 1234 1204 sacratissimi
1263 1150 1417 1202 fontis
1444 1151 1613 1220 gratia
1638 1161 2003 1218 perseverant.

433 1245 629 1297 llurunt
663 1243 839 1311 itaque
864 1244 1186 1306 mansiones,
1220 1243 1269 1295 id
1297 1252 1378 1296 cst
1408 1242 1742 1307 baptismatis
1770 1236 2009 1310 perseve-

430 1337 585 1393 ratio.
620 1335 723 1389 dux
751 1346 831 1389 est
856 1350 1129 1403 passerum
1163 1335 1250 1402 qni
1276 1336 1325 1388 in
1355 1334 1531 1388 cedris
1559 1333 1866 1397 nidificant;
1895 1334 2010 1386 sci—

433 1426 548 1479 licet
579 1426 695 1494 qttia
724 1426 960 1478 omnium
993 1426 1415 1478 Christianorum
1444 1439 1596 1479 sacer
1626 1422 1743 1478 fons
1773 1424 1875 1478 dux
1904 1435 2006 1490 est,

430 1517 556 1570 dtttu
584 1532 676 1570 eos
699 1516 762 1569 ad
790 1516 1043 1569 calorum
1072 1532 1227 1585 regna
1254 1516 1513 1584 perducit.

508 1653 636 1705 Veis
677 1652 760 1705 18.
793 1652 993 1704 Montes
1016 1653 1196 1704 excelsi
1221 1653 1397 1714 cervis,
1428 1661 1568 1717 petra
1591 1651 1794 1724 [ms.G.
1822 1663 1875 1707 et
1897 1652 2008 1721 ed.,

434 1743 623 1814 petrtc]
661 1744 916 1813 refugium
954 1744 1243 1797 Iterinaciis.
1284 1742 1467 1797 Cervus
1510 1752 1595 1797 est
1641 1754 1720 1815 (ut
1757 1744 2009 1815 diximus)

432 1849 818 1891 venenosorum
858 1834 1182 1903 serpentium
1227 1848 1425 1897 vorax,
1472 1836 1689 1903 spinosa
1740 1843 2014 1890 transcen-

432 1930 583 1992 dens,
613 1939 664 1981 et
700 1941 908 1980 summa
955 1925 1189 1996 agilitate
1224 1924 1478 1991 praeditus
1505 1966 1519 1989 ,
1562 1924 1802 1980 habitare
1841 1926 2017 1994 diligit

433 2020 485 2071 in
536 2018 807 2071 montibus
859 2016 1154 2070 altissimis.
1207 2015 1341 2069 lluic
1395 2016 1589 2070 merito
1638 2031 2017 2085 comparantur

433 2111 616 2163 fideles
640 2152 653 2175 ,
690 2110 789 2179 qui'
819 2108 1086 2162 diabolum
1119 2113 1346 2172 vorant,
1376 2107 1587 2175 quando
1616 2109 1878 2176 nequitias
1902 2107 2017 2178 ejus

432 2206 495 2257 atl
537 2204 742 2256 Domini
784 2202 995 2256 laudem
1038 2200 1368 2270 gloriamque
1403 2209 1750 2267 convertunt,
1786 2201 2019 2270 vitiaque

436 2296 588 2365 hujus
615 2294 793 2347 saeculi
817 2294 965 2361 quasi
999 2294 1181 2361 spinas
1214 2291 1350 2344 bona
1380 2293 1789 2346 conversatione
1819 2293 2014 2346 transi-

435 2390 596 2452 liunt;
638 2394 691 2440 et
738 2385 860 2438 ltahi
886 2392 976 2437 ant
1023 2383 1074 2436 in
1124 2382 1430 2444 montibus,
1462 2382 1512 2435 id
1553 2393 1635 2437 est
1678 2384 1929 2451 apostolis
1966 2392 2020 2438 et

438 2480 739 2548 prophetis,
784 2477 874 2545 qui
916 2476 1115 2529 sinetis
1160 2475 1624 2543 praedicationibus
1665 2478 1777 2531 suis
1826 2478 1876 2531 in
1920 2478 2019 2533 hoc

435 2573 635 2626 mundo
668 2570 835 2623 solida
875 2567 1147 2623 cacumina
1194 2581 1313 2621 esse
1342 2580 1671 2622 meruerunt.
1707 2568 2018 2623 Ilerinacius

434 2677 565 2717 vero
594 2671 675 2717 est
704 2679 861 2731 quem
904 2674 1159 2715 vocamus
1202 2657 1458 2713 hericium
1485 2702 1500 2726 ,
1549 2663 1750 2716 animal
1796 2665 2018 2718 omnino

434 2754 700 2815 timidum,
727 2765 913 2808 natura
948 2755 1259 2823 providente
1296 2767 1507 2823 semper
1536 2764 1832 2819 armatum;
1866 2755 2019 2824 cujus

435 2857 612 2903 cutem
662 2849 711 2902 in
740 2850 909 2903 vicem
940 2859 1172 2903 setarum
1211 2849 1372 2904 sudes
1410 2849 1733 2902 acutissima;
1761 2848 2015 2903 densissi-

436 2958 643 3009 ntmqtte
674 2942 1047 2998 communiunt
1081 2960 1093 2996 :
1136 2943 1222 2998 cui
1264 2952 1440 2997 tamen
1478 2956 1583 2997 non
1616 2940 1813 2996 sufficit
1842 2942 2018 2997 nativa

436 3034 691 3098 munitio,
728 3035 818 3087 sed
852 3049 917 3089 ne
954 3035 1128 3105 aliqua
1160 3034 1342 3089 fraude
1372 3034 1538 3102 possit
1575 3034 1841 3102 intercipi,
1874 3033 2014 3089 relu-

435 3124 576 3194 ginm
606 3125 765 3178 habet
793 3140 1005 3194 semper
1026 3125 1079 3178 in
1117 3124 1281 3179 saxis.
1320 3123 1451 3178 Huic
1481 3133 1851 3191 competenter
1874 3134 2018 3193 apta-
2049 3151 2095 3214 ο

435 3225 541 3281 tur,
567 3216 654 3285 qui
680 3217 911 3283 peccatis
928 3218 1038 3269 suis
1066 3216 1305 3284 hispidus
1337 3216 1725 3284 futurajudicia
1756 3226 2019 3283 metuens,

434 3316 639 3375 petram
673 3306 941 3362 Christum
976 3308 1339 3361 firmissimum
1370 3307 1607 3361 noscitur
1646 3307 1840 3361 habere
1869 3308 2023 3361 refu-

435 3400 598 3469 gium.
647 3400 834 3454 Merito
865 3414 992 3468 ergo
1022 3400 1121 3454 ista
1150 3398 1400 3453 animalia
1435 3399 1566 3453 tales
1596 3400 1747 3455 nobis
1788 3401 2022 3455 indicant

436 3493 601 3556 viros,
629 3492 715 3561 qui
747 3508 1013 3562 nunquam
1037 3507 1094 3546 se
1112 3508 1141 3545 a
1168 3492 1375 3546 Domini
1396 3492 1665 3547 soliditate
1691 3492 2018 3563 disjungunt.

437 3584 504 3639 Et
546 3584 668 3638 vide
698 3583 818 3652 quia
864 3600 1093 3652 passeres
1121 3584 1402 3637 cedrorum
1450 3584 1555 3636 alta
1600 3595 1818 3652 petunt;
1850 3586 2023 3654 fulica:

434 3689 687 3743 aquarum
719 3690 778 3729 se
816 3673 1144 3729 habitatione
1172 3674 1499 3739 defendunt;
1531 3675 1660 3727 cervi
1687 3685 1894 3731 montes
1920 3678 2020 3732 eli-

433 3784 594 3842 gunt;
624 3772 803 3827 ltericii
833 3782 1102 3843 petrarum
1131 3787 1191 3828 se
1235 3772 1457 3827 tuitione
1499 3773 1887 3827 communiunt.
1933 3774 2022 3830 Sic

434 3878 532 3935 per
557 3865 801 3919 diversas
827 3880 952 3918 aves
976 3875 1133 3932 atque
1160 3864 1439 3930 animalia,
1468 3862 1891 3918 Christianorum
1920 3879 2021 3919 no-

436 3958 518 4013 bis
546 3956 669 4011 \itae
708 3955 990 4009 diversitas
1022 3954 1306 4009 indicatur.

506 4118 660 4174 Vers.
697 4116 781 4170 19.
819 4117 961 4172 Fecit
1003 4118 1177 4171 (unum
1219 4115 1273 4170 in
1321 4126 1551 4186 tempora
1579 4116 1703 4188 [τηε.
1731 4116 1795 4172 G.
1830 4125 1883 4172 et
1908 4116 2021 4183 ed.,

434 4206 710 4278 tempore],
741 4207 819 4261 sol
859 4208 1089 4276 cognovit
1119 4221 1354 4258 occasum
1379 4221 1545 4258 suum.
1579 4205 1655 4260 De
1690 4206 1916 4261 terrenis
1954 4205 2021 4261 ad

432 4298 675 4352 caelestia
708 4298 988 4351 transitum
1019 4295 1172 4357 facit;
1199 4296 1293 4350 sed
1323 4305 1377 4349 et
1401 4297 1514 4365 ipsa
1539 4312 1750 4367 quoque
1776 4298 1876 4353 sub
1904 4297 2023 4368 qui-

435 4388 657 4443 busdam
707 4387 1059 4441 allusionibus
1103 4387 1431 4442 indicantur.
1481 4387 1630 4442 Luna
1679 4389 1840 4460 (sicut
1878 4404 2022 4461 saepe

435 4482 543 4549 jam
590 4479 851 4547 diximus)
882 4478 1146 4549 significat
1185 4480 1480 4533 Ecclesiam
1508 4520 1524 4545 ,
1555 4496 1676 4547 quae
1716 4482 1767 4535 in
1816 4491 2020 4551 tempo-

2103 502 2169 557 de
2194 502 2312 571 ipso
2338 504 2561 559 Domino
2589 516 2800 561 constat
2824 523 2942 564 esse
2968 510 3319 577 subiunctum.

2179 595 2327 650 Vers.
2356 600 2442 650 20.
2475 597 2701 653 Posuisti
2723 602 2973 667 tenebras,
3006 614 3048 654 et
3080 607 3212 671 facta
3231 614 3299 657 est
3322 621 3448 671 nox;
3470 609 3516 661 in
3539 615 3643 679 ipsa.

2105 692 2478 759 pertransibunt
2501 709 2671 747 omnes
2700 695 2869 748 bestia:
2897 696 3157 751 silvarum.

2184 782 2333 837 \‘ers.
2383 782 2471 836 2|.
2524 784 2693 839 Catuli
2737 788 2939 840 leonum
2983 789 3235 857 rugientes
3277 798 3328 842 ut
3362 792 3577 860 rapiant,
3605 805 3655 846 ett

2107 884 2336 943 quccrant
2360 892 2389 927 a
2424 875 2530 928 Deo
2558 893 2722 929 escam
2745 879 2858 931 sibi.
2896 879 2989 933 llic
3019 880 3153 933 duos
3192 896 3370 935 versus
3404 883 3543 937 simul
3570 902 3644 936 so-

2108 966 2366 1019 ciat-imus
2393 980 2490 1035 pro
2518 968 2817 1023 necessaria
2860 970 3205 1023 contextione
3248 972 3534 1025 verborum.
3562 971 3651 1025 Ρυ-

2110 1058 2210 1110 suit
2237 1059 2379 1111 cnim
2430 1060 2659 1112 tenebras
2679 1103 2693 1127 ,
2726 1059 2941 1128 quando
2970 1070 3207 1127 tempore
3250 1061 3492 1126 passionis
3524 1075 3650 1115 sexta

2112 1150 2240 1203 liora
2266 1152 2643 1205 obscuritatem
2676 1153 2903 1206 mundus
2940 1152 3165 1219 accepit.
3204 1151 3347 1203 Tune
3375 1168 3541 1206 revera
3572 1171 3661 1205 no.1.

2113 1242 2249 1307 facta
2279 1252 2350 1294 est
2380 1242 2655 1310 discipulis
2692 1254 2850 1311 atque
2881 1243 3243 1306 credentibus,
3273 1243 3473 1309 quando
3499 1245 3655 1296 Petrus

2112 1333 2276 1387 anxio
2300 1348 2478 1386 errore
2509 1336 2763 1387 contusus
2789 1334 3031 1403 negando
3055 1334 3232 1397 tertio,
3257 1332 3370 1385 lidei
3395 1333 3658 1398 perdiderat

2113 1426 2429 1479 claritatem.
2462 1424 2585 1477 Nox
2609 1440 2733 1494 ergo
2764 1434 2818 1480 et
2860 1424 2963 1478 illis
3004 1424 3133 1489 fuit,
3169 1425 3257 1493 qui
3299 1424 3567 1476 carnaliter
3596 1425 3656 1475 in.

2118 1518 2334 1584 tuendo,
2364 1520 2413 1571 in
2440 1520 2525 1574 illa
2549 1534 2711 1574 cruce
2731 1518 3002 1572 Christum
3028 1518 3160 1571 mori
3189 1518 3526 1570 communiter
3545 1516 3660 1567 :esti-

2116 1609 2350 1667 tnabanl.
2387 1611 2438 1663 ln
2485 1611 2581 1663 ltac
2610 1610 2787 1677 itaque
2820 1618 2963 1661 nocte
3010 1608 3183 1660 bestia:
3221 1608 3486 1670 silvarum,
3529 1605 3663 1659 idest

2116 1700 2402 1765 danmonia,
2434 1712 2486 1753 et
2517 1702 2674 1753 catuli
2699 1702 2919 1762 leonum,
2948 1714 3080 1767 quos
3101 1697 3303 1751 diaboli
3329 1706 3563 1763 corrupta
3586 1713 3664 1750 vo-

2042 1790 2090 1849 B
2120 1797 2320 1847 luntate
2337 1801 2654 1863 genuerunt,
2674 1792 2737 1845 ad
2754 1791 3154 1845 devorationem
3180 1801 3474 1859 quzerentes
3493 1790 3673 1859 aliquos

2119 1887 2394 1953 exierunt,
2426 1896 2483 1939 ut
2509 1901 2686 1940 escam
2718 1885 2935 1938 malitia:
2962 1899 3074 1939 sua:
3103 1887 3119 1954 (
3146 1884 3485 1953 permittente
3522 1895 3671 1935 tamen

2123 1980 2370 2049 Domino)
2401 1981 2716 2049 reperirent.
2750 1978 2890 2032 Nihil
2920 1978 3061 2033 enim
3090 1993 3119 2030 a
3159 1992 3429 2046 quoquam
3466 1976 3569 2029 ﬁeri
3596 1991 3670 2042 po-

2122 2080 2240 2135 test,
2274 2070 2374 2124 nisi
2417 2070 2557 2141 quod
2588 2071 2702 2137 ipse
2737 2078 2946 2123 secreto
2978 2067 3190 2136 judicio
3221 2078 3311 2120 aut
3348 2067 3412 2120 ad
3444 2066 3674 2131 probatio-

2120 2177 2275 2227 nem,
2304 2171 2391 2214 aut
2431 2161 2495 2214 ad
2537 2160 2821 2215 vindictam
2877 2158 3183 2212 faciendum
3227 2172 3349 2211 esse
3386 2156 3688 2225 permiserit.

2120 2256 2288 2308 Catuli
2320 2256 2461 2310 enim
2484 2254 2611 2308 dicti
2634 2262 2757 2307 sunt
2778 2268 2842 2307 eo
2866 2252 3006 2319 quod
3036 2252 3275 2305 calleant
3296 2265 3450 2305 sensu
3476 2250 3677 2303 narium.

2119 2346 2230 2401 Nec
2258 2356 2469 2400 moveat
2516 2346 2657 2415 quod
2691 2346 2936 2414 superius
2969 2346 3215 2399 diximus
3248 2344 3430 2397 bestias
3468 2344 3679 2396 silcarum

2122 2436 2491 2491 multitudines
2518 2437 2685 2504 accipi
2715 2436 2912 2491 debere
2944 2435 3265 2500 nationum;
3301 2446 3349 2490 et
3380 2435 3463 2488 hic
3501 2433 3679 2487 videtur

2119 2527 2423 2597 significare
2438 2526 2707 2581 diabolum
2728 2541 2849 2581 cum
2876 2527 3163 2591 ministris,
3191 2527 3405 2596 quando
3433 2525 3552 2597 [ed.,
3575 2540 3680 2594 quo-

2122 2616 2287 2688 niam]
2316 2618 2417 2672 iSIe
2446 2618 2497 2671 in
2530 2617 2822 2687 Scripturis
2845 2616 3040 2671 divinis
3063 2618 3436 2671 creberrimus
3458 2631 3575 2669 usus
3599 2625 3683 2677 est,

2120 2720 2173 2759 ut
2208 2723 2311 2761 una
2357 2720 2444 2761 res
2488 2706 2733 2776 personis
2775 2705 2875 2760 sibi
2923 2705 3366 2776 discrepantibus
3406 2705 3688 2775 applicetur,

2120 2799 2259 2853 sicut
2286 2799 2353 2855 de
2384 2813 2565 2854 monte
2592 2800 2822 2853 diximus
2843 2808 2896 2853 et
2918 2799 3092 2854 leone.

2198 2900 2346 2954 Vers.
2370 2900 2465 2952 22.
2501 2898 2657 2952 Ortus
2684 2907 2757 2951 est
2775 2900 2872 2964 sol,
2899 2908 2943 2951 et
2966 2899 3270 2969 congregati
3298 2905 3411 2952 sunt
3428 2912 3446 2961 ;
3474 2904 3518 2950 et
3546 2895 3593 2947 in
3618 2908 3688 2945 cu»-

2122 2993 2305 3047 bilibus
2344 2993 2450 3045 suis
2480 3008 2533 3045 se
2561 2990 2901 3047 collocabant.
2949 2989 3080 3044 Cum
3127 2990 3187 3043 in
3224 2989 3472 3060 passione
3510 2982 3689 3041 Domini

2125 3088 2274 3141 facta:
2302 3086 2530 3140 fuissent
2561 3088 2819 3150 tenebrze,
2848 3084 3120 3140 dmmones
3153 3086 3223 3141 ad
3252 3100 3433 3141 escam
3461 3083 3553 3138 sibi
3572 3094 3692 3151 quae-

2127 3179 2366 3243 rendam,
2402 3176 2743 3246 permittente
2768 3178 3010 3242 Domino,
3044 3186 3421 3247 proruperunt
3450 3193 3463 3229 :
3494 3176 3605 3245 quia
3630 3174 3690 3225 in-

2124 3269 2309 3325 venire
2372 3278 2615 3337 peterant
2677 3269 2837 3322 corda
2901 3269 3277 3324 titubantium.
3336 3270 3487 3323 Tunc
3543 3278 3697 3319 au'eut

2124 3360 2336 3429 quando
2361 3370 2498 3415 ortus
2526 3370 2598 3414 est
2627 3360 2723 3423 sol,
2754 3360 2806 3413 id
2834 3370 2917 3414 est
2943 3359 3298 3417 Resurrectio
3329 3368 3512 3415 sancta
3538 3357 3693 3411 decla-

2126 3463 2233 3506 rat-t
2262 3463 2365 3515 est,
2394 3454 2446 3506 in
2481 3451 2814 3520 majestatetn
2856 3451 2972 3520 ejus
3004 3452 3238 3508 minime
3281 3454 3628 3516 sustinentes,
3656 3449 3703 3503 in

2123 3544 2233 3597 suis
2255 3558 2313 3598 se
2335 3543 2527 3613 trepidi
2557 3542 2819 3597 cubilibus
2840 3542 3190 3612 abdiderunt,
3225 3545 3278 3599 id
3303 3546 3459 3599 estin
3489 3544 3699 3613 pertina-

2123 3637 2262 3691 cium
2296 3636 2600 3704 pectoribus
2621 3635 2984 3701 collocarunt;
3016 3646 3075 3691 ut
3104 3638 3240 3707 quia
3266 3638 3480 3692 cunctis
3502 3634 3701 3691 suadere

2126 3742 2230 3782 non
2263 3737 2526 3797 poterant,
2558 3726 2748 3782 saltem
2788 3741 2921 3796 quos
2963 3727 3325 3795 deceperant,
3372 3729 3703 3798 pnssidereut.

2124 3818 2221 3875 Sol
2241 3820 2381 3874 enim
2409 3820 2581 3875 dictus
2608 3831 2718 3888 est,
2762 3819 2901 3889 quod
2941 3820 3088 3874 solus
3115 3820 3199 3875 ita
3244 3821 3424 3889 lucet,
3476 3830 3533 3874 ut
3568 3834 3627 3874 ex
3652 3831 3706 3871 co

2123 3911 2237 3967 dies
2270 3915 2379 3965 tiat.

2197 4006 2350 4062 Vers.
2396 4006 2486 4061 εδ.
2518 4005 2667 4060 Exiet
2695 4004 2714 4077 [
2740 4020 2868 4061 mss.
2902 4006 2991 4074 A.,
3037 4005 3125 4071 8.,
3156 4006 3252 4073 F.,
3286 4006 3457 4079 Esiit]
3484 4007 3627 4059 homo
3651 4002 3707 4054 ad

2123 4098 2250 4166 Opus
2271 4114 2451 4163 suum,
2492 4107 2541 4150 et
2566 4099 2634 4151 ad
2665 4098 3008 4168 operationem
3050 4115 3205 4152 suam
3239 4118 3405 4171 usque
3447 4100 3513 4153 ad
3550 4110 3709 4163 respe-

2121 4204 2254 4243 ram.
2278 4189 2539 4256 Quoniam
2570 4189 2813 4257 superius
2856 4188 3069 4243 dixerat
3109 4202 3301 4245 ortum
3356 4191 3561 4253 solem,
3598 4202 3709 4242 con-

2122 4287 2376 4351 gruenter
2424 4278 2667 4348 adjunxit
2710 4294 3147 4348 unumquemque
3204 4282 3493 4336 hominum
3536 4281 3585 4332 in
3630 4279 3713 4329 hac

2121 4372 2228 4425 vita
2273 4370 2455 4441 egredi
2505 4370 2569 4424 ad
2619 4385 2744 4425 snas
2789 4385 2982 4440 operas
3022 4373 3394 4427 exercendas.
3442 4372 3544 4425 iste
3585 4367 3715 4423 enim

2122 4475 2249 4515 usus
2280 4473 2359 4516 est
2385 4461 2714 4527 mortalium,
2737 4470 2793 4516 ut
2814 4461 3047 4530 quandiu
3074 4461 3126 4516 in
3161 4462 3271 4517 hoc
3297 4464 3505 4517 mundo
3527 4472 3717 4519 sumus,

433 4530 581 4628 iibus
605 4571 741 4625 facta
771 4530 854 4624 esi
875 4611 889 4633 ,
922 4530 1135 4639 quando
1171 4585 1287 4623 eam
1329 4530 1789 4640 minui,contingit
1821 4582 1875 4627 et
1904 4530 2021 4627 cura;
2048 4530 2101 4589 D
2127 4552 2375 4608 veniente
2404 4552 2490 4608 die
2512 4553 2840 4607 diversatum
2872 4552 3144 4607 actionum
3176 4555 3540 4623 qualitatibus
3567 4563 3713 4605 occu-

432 4676 613 4724 scere;
639 4676 756 4727 qua:
796 4666 970 4715 tamen
1002 4660 1079 4715 sic
1109 4661 1365 4714 minuitur
1391 4701 1406 4725 ,
1435 4670 1491 4714 ut
1520 4674 1734 4730 semper
1762 4662 2020 4719 redeunte

432 4752 590 4824 351
619 4752 921 4820 integritate
947 4758 1245 4819 reparetnr.
1277 4750 1452 4807 Solem
1495 4766 1622 4805 vero
1669 4751 1720 4805 in
1761 4751 1863 4807 hoc
1902 4752 2020 4808 loco

433 4844 627 4897 merito
649 4844 939 4911 accipimus
966 4843 1247 4896 Dominum
1272 4843 1627 4909 Salvatorem,
1653 4842 1720 4897 de
1739 4858 1844 4913 quo
1868 4843 2017 4911 impii

431 4936 483 4992 itt
511 4936 614 4990 fine
641 4935 818 4988 mundi
846 4934 1037 4988 dicturi
1066 4943 1189 4988 sunt
1219 4951 1233 4988 :
1266 4933 1558 4988 Erravimus
1596 4952 1626 4987 a
1654 4936 1733 4988 via
1760 4936 2009 5000 veritatis,

430 5036 475 5080 ct
492 5027 712 5095 justitice
749 5025 919 5076 lumen
950 5040 1046 5077 non
1076 5024 1207 5077 luxit
1237 5023 1379 5077 nobis
1398 5065 1411 5087 ,
1443 5033 1489 5077 et
1527 5025 1605 5077 sol
1635 5041 1735 5077 non
1774 5035 1912 5077 ortus
1942 5034 2015 5078 est

430 5118 572 5171 nobis
603 5116 753 5185 tSap.
785 5133 836 5179 v,
864 5115 942 5185 6).
967 5116 1117 5181 Quod
1148 5115 1331 5184 utique
1366 5115 1432 5168 de
1471 5114 1574 5168 isto
1603 5115 1717 5168 sole
1743 5117 2013 5171 communi

431 5225 535 5265 non
570 5219 773 5278 poterat
805 5208 939 5271 dici,
976 5206 1191 5276 quando
1233 5206 1490 5272 scriptum
1527 5215 1609 5259 est
1661 5222 1673 5258 :
1728 5206 1826 5270 Qui
1855 5207 2014 5259 solem

430 5316 579 5353 suum
610 5299 734 5353 oriri
763 5298 885 5366 facit
922 5313 1075 5366 super
1109 5296 1263 5349 bonos
1293 5306 1339 5349 et
1369 5296 1533 5348 malos
1569 5293 1783 5366 (Matth.
1812 5312 1861 5359 v,
1895 5296 2007 5366 £5).

431 5390 536 5447 Iste
564 5406 690 5461 ergo
720 5389 954 5459 cognovit
979 5403 1214 5442 occasum
1244 5402 1410 5451 suum,
1445 5386 1493 5438 id
1524 5395 1625 5451 est,
1648 5386 1871 5454 gloriam
1900 5400 2011 5441 sua:

433 5487 693 5554 passionis
726 5486 961 5553 agnovit,
995 5499 1114 5537 cum
1146 5481 1258 5535 suis
1288 5480 1564 5549 discipulis
1589 5480 1790 5534 diceret
1818 5497 1831 5533 :
1863 5479 2013 5535 Venit

434 5577 589 5642 liora,
620 5589 665 5631 et
700 5576 869 5631 Filius
899 5577 1119 5629 hominis
1146 5574 1374 5628 tradetur
1403 5575 1457 5626 in
1486 5591 1666 5627 manus
1696 5584 2011 5645 peccatorum

431 5668 621 5737 (Marc.
655 5686 759 5734 HV,
785 5672 895 5737 ιιι).
925 5668 1110 5720 Merito
1131 5682 1261 5736 ergo
1289 5676 1405 5733 post
1428 5665 1512 5718 illa
1538 5682 1733 5735 genera
1756 5666 2013 5721 Christia-

434 5774 621 5817 narum
645 5800 659 5825 ,
692 5777 807 5825 «pne
837 5760 1078 5825 S'tthI‘lus
1110 5774 1204 5825 per
1246 5758 1486 5812 diversas
1525 5758 1902 5825 signiticmtias
1931 5758 2005 5812 κὶ-

2128 4660 2341 4714 pemur;
2376 4659 2513 4698 unus
2537 4645 2679 4699 enim
2709 4658 2892 4713 agrum
2921 4643 3070 4710 colit,
3099 4644 3248 4699 alter
3276 4661 3340 4700 se
3382 4645 3542 4700 bellis
3578 4655 3710 4697 exer-

2126 4747 2241 4804 cet,
2269 4739 2365 4793 iste
2393 4736 2569 4802 discit,
2599 4738 2686 4792 ille
2729 4736 2918 4801 docet;
2972 4738 3227 4791 nonnulli
3279 4747 3533 4807 regnant,
3580 4731 3716 4787 multi

2124 4832 2395 4895 serviunt;
2427 4837 2480 4885 et
2506 4829 2762 4899 quidquid
2807 4828 3009 4899 fragilis
3041 4829 3364 4884 mortalitas
3395 4829 3534 4899 agit,
3563 4840 3717 4893 respe-

2120 4939 2201 4987 ra,
2236 4922 2286 4976 id
2318 4932 2401 4977 est
2425 4923 2604 4977 smculi
2639 4922 2741 4976 fine
2781 4921 3033 4987 probatur
3056 4922 3344 4976 concludi.

2192 5012 2346 5068 Vers.
2378 5012 2469 5067 24.
2506 5013 2671 5076 Quam
2722 5013 3047 5083 magnificam
3084 5022 3214 5066 sunt
3244 5030 3409 5084 Opera
3457 5024 3572 5077 tua,
3619 5008 3719 5062 Do-

2120 5108 2286 5161 mine!
2316 5107 2556 5160 omniain
2587 5106 2834 5176 sapientia
2862 5106 3023 5174 fecisti
3040 5107 3290 5169 ;repleta
3325 5117 3403 5160 est
3434 5118 3568 5159 terra
3590 5116 3714 5155 orca.

2068 5220 2082 5233 -
2121 5209 2235 5253 tura
2265 5208 2375 5253 tua.
2400 5197 2525 5251 Post
2551 5196 3009 5251 enumerationem
3033 5195 3330 5264 ﬁguratam
3351 5211 3553 5260 rerum,
3580 5190 3717 5245 fidei-

2121 5308 2223 5361 que
2272 5301 2465 5345 "Oall‘tn
2523 5302 2737 5344 narrata
2794 5288 3083 5359 mysteria,
3137 5288 3298 5343 venit
3347 5286 3608 5357 propheta
3654 5280 3715 5334 ad

2120 5388 2334 5442 modum
2381 5387 2712 5447 secundum,
2755 5383 2845 5438 ubi
2882 5382 3061 5437 laudes
3108 5390 3380 5450 paternas
3426 5386 3549 5450 post
3584 5386 3715 5431 tanta

2121 5476 2373 5532 miracula
2438 5475 2820 5530 convenienter
2875 5473 3164 5529 exclamat.
3235 5472 3483 5527 Dicenda
3545 5472 3712 5527 enim,

2123 5569 2311 5635 Quam,
2342 5568 2593 5623 admirari
2623 5584 2681 5623 se
2713 5584 2869 5638 posse
2890 5567 3056 5637 magis
3079 5581 3255 5634 quam
3289 5567 3565 5635 explicare
3595 5579 3710 5632 proo

2121 5659 2294 5714 fessus
2317 5669 2420 5713 est.
2468 5659 2532 5713 Et
2563 5660 2751 5713 merito
2790 5660 2868 5713 sic
2896 5666 3065 5727 cccpta
3096 5666 3188 5711 cst
3232 5659 3356 5712 laus
3384 5658 3532 5726 ejus,
3572 5654 3713 5721 cnjtts

2122 5752 2389 5820 praeconia
2431 5752 2572 5806 nulla
2612 5750 2935 5806 sulﬂcienter
2964 5748 3224 5815 pra'valet
3250 5750 3527 5815 complete
3566 5761 3705 5802 crea-
