3966 6172
264 275 361 328 737

1218 274 1582 333 EXPOSITIO
1627 276 1687 330 IN
1732 274 2183 331 PSALTERIUM.
2231 273 2422 330 PSAL.
2466 274 2596 331 Clll.

3448 273 3550 331 73'?

264 402 402 447 tura.
436 388 567 444 Nam
597 407 701 446 non
730 392 906 447 solum
940 393 1037 447 hoc
1062 392 1366 448 hominibus
1388 392 1635 458 arduum,
1672 406 1857 447 verum
1888 397 1937 454 Α
1966 389 2235 457 Christus,
2266 392 2356 461 qui
2382 392 2424 445 si
2456 407 2487 445 a
2516 390 2859 446 credentibus
2888 390 3172 451 excitetur,
3205 387 3331 443 dicit
3357 389 3551 444 imma-

263 485 423 537 t-tiam
485 483 616 553 ipsis
674 501 884 554 quoque
935 486 1137 555 angelis
1194 486 1449 555 probatur
1511 487 1852 539 immensum.

263 578 529 643 Quantum
555 579 698 632 enim
730 576 1066 647 magnificam
1102 579 1209 632 sint
1230 594 1391 647 opera
1421 578 1568 646 ejus,
1601 577 1858 633 inferiora

262 672 558 726 declarant.
588 672 839 740 Sequitur
876 673 1015 727 enim
1040 714 1054 737 ,
1086 674 1258 725 omnia
1302 673 1352 725 in
1400 673 1648 740 sapientia
1675 673 1859 740 fecisti.

264 763 368 815 lsta
402 764 561 829 igitur
591 766 844 829 sapientia
872 765 1038 818 Filius
1061 774 1163 831 est,
1192 765 1328 819 sicut
1360 764 1490 818 dicit
1522 764 1811 827 Apostolus
1845 782 1856 816 :

264 852 523 905 Christum
572 851 668 906 Dei
714 855 947 907 virtutem
990 864 1035 907 et
1087 854 1182 906 Dei
1227 855 1553 923 sapientiam,
1591 871 1678 921 per
1714 871 1862 925 quem

265 944 442 996 omnia
472 947 610 1012 facta
628 955 771 1009 sunt,
803 962 844 997 ei
871 946 976 998 sine
1006 946 1117 1013 ipso
1140 946 1328 1011 factum
1357 954 1430 997 est
1455 946 1584 998 nihil
1607 945 1655 1015 (Ι
1679 946 1797 1000 Cor.
1822 962 1859 1010 ι,

263 1034 369 1097 Si;
399 1032 556 1086 Joan.
592 1051 629 1100 ι,
658 1034 757 1104 5).
803 1036 865 1089 Et
910 1045 965 1088 ut
1009 1036 1446 1105 cooperationem
1493 1038 1607 1105 ejus
1652 1036 1863 1091 virtutis

266 1124 283 1195 [
318 1124 430 1190 ed.,
464 1124 865 1196 virtutemque]
895 1127 1233 1190 ostenderet,
1268 1126 1409 1180 Patri
1445 1128 1573 1181 dicit
1607 1137 1864 1195 operante

268 1217 405 1270 Filio
440 1235 451 1268 :
485 1216 563 1270 Tu
588 1219 774 1287 fecisti.
808 1219 916 1273 lloc
936 1221 1095 1273 etiam
1120 1220 1262 1273 etde
1284 1219 1483 1288 Spiritu
1510 1229 1697 1274 sancto
1722 1221 1860 1274 idem

264 1309 344 1362 ait
388 1311 724 1375 Apostolus:
774 1310 959 1363 Omnia
1006 1321 1307 1381 cooperatur
1364 1328 1495 1365 unus
1536 1322 1686 1381 atque
1730 1312 1863 1365 idem

269 1401 531 1468 Spiritus,
565 1403 795 1456 dividens
824 1405 1041 1475 singulis
1070 1414 1217 1472 prout
1258 1404 1362 1458 vult
1391 1405 1441 1475 (Ι
1475 1406 1594 1460 Cor.
1626 1422 1717 1471 xtl,
1750 1404 1859 1477 11).

266 1492 426 1548 Unde
456 1493 613 1547 datur
661 1495 837 1565 colligi
868 1494 1015 1567 [ed.,
1059 1495 1323 1567 intelligi]
1371 1496 1512 1567 quod
1555 1499 1865 1567 cooperatio

268 1594 474 1638 sancta:
504 1585 781 1640 Trinitatis
814 1589 895 1640 his
916 1590 1181 1657 exemplis
1201 1590 1481 1644 evidenter
1506 1591 1673 1659 possit
1701 1606 1867 1661 agno»

268 1675 371 1730 sci.
402 1674 636 1739 Addidit,
670 1677 859 1745 repleta
890 1687 962 1731 est
995 1688 1131 1731 terra
1177 1689 1411 1733 creatura
1455 1689 1562 1733 tua.
1604 1680 1720 1735 Non
1750 1681 1867 1751 qui-

1964 483 2198 537 nissimre
2221 485 2549 552 tempestati,
2575 491 2631 537 ut
2651 483 2907 551 quiescat,
2931 494 2981 536 et
3005 481 3253 551 qu'escit.
3274 480 3551 550 Sequitur,

1965 574 2121 625 draco
2149 576 2239 626 iste
2266 590 2411 639 quem
2436 577 2675 641 formasti
2699 575 2766 625 ad
2796 572 3113 626 illudendum
3134 573 3203 628 ei.
3233 572 3331 625 Hic
3369 583 3557 642 aperte

1969 666 2240 719 diabolum
2292 668 2585 737 signiﬁcat,
2614 668 2701 737 qui
2750 681 2875 721 veie
2919 670 3074 719 draco
3117 665 3311 719 dicitur
3340 671 3557 733 propter

1967 772 2229 812 venenum
2267 758 2406 827 quod
2453 759 2577 812 Eva:
2624 759 2809 827 pritnre
2853 757 3061 810 mulieri
3112 755 3389 824 pestiferis
3429 767 3553 805 sua-

1966 848 2210 902 sionibus
2243 850 2539 917 inspiravit.
2575 849 2678 903 lstc
2723 861 2934 903 creatus
2980 848 3149 901 bonus
3199 856 3302 910 est,
3334 846 3474 899 sicut
3503 842 3555 896 in

1968 939 2161 994 Genesi
2191 940 2401 1008 legitur,
2435 937 2580 993 Fecit
2630 940 2763 993 Deus
2805 942 2970 992 omnia
3010 940 3155 992 valde
3182 938 3311 990 bona
3339 937 3491 1006 (Gen.
3515 951 3551 999 ι,

1968 1033 2097 1101 31);
2132 1033 2223 1086 sed
2253 1046 2527 1101 pOquttam
2561 1048 2656 1086 sua
2688 1033 2958 1086 voluntate
2992 1033 3253 1101 peccavit,
3284 1046 3311 1083 a
3344 1030 3451 1086 Deo
3483 1031 3552 1084 ita

1966 1124 2223 1178 formatus
2244 1134 2348 1189 est,
2384 1136 2435 1177 ut
2461 1126 2503 1177 ei
2532 1126 2833 1177 illuderctur
2855 1127 2921 1178 ab
2945 1124 3171 1193 angelis,
3196 1128 3409 1192 quando
3435 1138 3555 1194 pro-

1967 1224 2087 1284 pter
2113 1217 2496 1269 esseerabilem
2529 1217 2935 1283 perversitatem
2963 1218 3136 1268 nativa
3160 1216 3415 1284 dignitate
3448 1219 3555 1283 pri-

1966 1318 2119 1361 vatus
2146 1320 2245 1361 est.
2276 1308 2364 1361 Sic
2395 1310 2538 1361 enim
2574 1307 2701 1360 dicit
2733 1306 2987 1359 Dominus
3019 1306 3069 1359 in
3104 1307 3236 1361 libro
3260 1308 3359 1361 Job
3388 1327 3398 1360 :
3433 1308 3555 1362 Non

1966 1410 2036 1454 est
2065 1400 2338 1470 quidquam
2370 1401 2535 1454 simile
2561 1404 2604 1453 cl
2639 1400 2833 1469 factum
2862 1417 3012 1470 super
3040 1410 3225 1453 terram
3275 1400 3413 1471 (Job
3443 1419 3553 1469 ut,

1966 1491 2078 1560 21).
2108 1491 2187 1543 Ad
2208 1490 2526 1543 illudendum
2549 1491 2615 1555 ei,
2644 1492 2709 1545 ab
2733 1491 2935 1559 angelis
2956 1492 3111 1545 meis.
3141 1490 3391 1544 Illuditur
3412 1498 3555 1547 enim

1969 1582 2016 1633 ei
2040 1579 2107 1633 ab
2135 1580 2335 1647 angelis
2366 1579 2481 1641 Dei,
2515 1581 2629 1635 sive
2660 1595 2753 1648 per
2774 1580 3103 1647 jusdssimas
3136 1580 3552 1649 increpationes,

1972 1668 2137 1737 utqui
2168 1680 2381 1721 creatus
2408 1679 2486 1721 est
2509 1670 2573 1721 ad
2593 1668 2909 1737 obsequium
2942 1669 3172 1736 Domini,
3201 1670 3358 1724 laedis
3381 1671 3558 1724 videa.

254 1771 396 1824 dem
426 1770 690 1824 similibus
722 1772 883 1826 rebus
914 1772 1109 1841 ubique
1143 1782 1281 1827 terra
1318 1774 1579 1842 completa
1613 1784 1723 1842 est,
1768 1774 1862 1830 sed

1981 1769 2056 1813 tur
2102 1760 2543 1828 perversitatibns
2585 1758 2866 1828 implicari.
2918 1758 3042 1816 Sive
3085 1760 3253 1829 magis
3298 1761 3557 1829 illuditur,

270 1871 456 1914 tamen
503 1864 747 1929 quamvis
791 1878 1003 1917 eremus
1044 1874 1262 1933 prapter
1305 1866 1434 1919 solis
1462 1866 1740 1930 ardorem,
1784 1868 1872 1923 vel

270 1961 498 2021 propter
539 1953 763 2007 nimium
800 1955 964 2025 frigus
989 1957 1361 2011 animantibus
1413 1973 1611 2012 vacuus
1640 1973 1761 2013 esse
1798 1961 1873 2012 vi-

267 2044 491 2107 deatur,
524 2046 932 2117 quibuscunque
974 2058 1153 2103 tamen
1203 2050 1361 2104 rebus
1388 2060 1632 2103 creatura
1667 2049 1870 2104 Domini

270 2144 422 2187 terra
454 2138 716 2205 completa
759 2146 863 2190 est.
897 2138 1019 2192 Sive
1050 2140 1218 2209 magis
1247 2139 1375 2192 illud
1416 2139 1574 2194 debet
1604 2140 1825 2208 intelligi
1857 2157 1869 2192 :

266 2223 404 2290 quia
450 2234 683 2277 creatura
724 2227 998 2297 religionis
1045 2228 1360 2293 catholicae,
1410 2243 1567 2297 quam
1619 2230 1873 2285 Dominus

270 2315 527 2367 Salva‘or
558 2316 804 2381 instituit,
829 2319 992 2371 omnis
1014 2329 1149 2372 terra
1175 2320 1367 2387 repleta
1391 2332 1487 2386 est,
1522 2322 1734 2389 quando
1758 2324 1874 2376 titti-

268 2406 507 2460 versalis
540 2408 762 2463 Domino
784 2410 1021 2465 deservit
1047 2412 1304 2466 Ecclesia.
1335 2412 1407 2465 De
1434 2414 1545 2481 ipsa
1574 2414 1715 2467 enim
1745 2414 1875 2469 dicit

271 2500 570 2567 Apostolus
602 2518 616 2553 :
650 2501 708 2557 Si
738 2519 837 2571 qua
864 2520 981 2571 ergo
1010 2507 1061 2556 in
1103 2503 1306 2559 Christo
1338 2521 1463 2559 nova
1490 2515 1725 2560 creatura
1767 2518 1872 2571 est;

266 2601 445 2645 vetera
465 2595 799 2660 transierunt,
821 2612 935 2649 ecce
957 2600 1095 2668 facta
1137 2606 1255 2650 sunt
1284 2598 1453 2651 omnia
1484 2612 1610 2649 nova
1642 2596 1726 2666 (Il
1753 2596 1872 2651 Cor.

270 2700 333 2750 ν,
369 2686 478 2753 l7).
514 2685 580 2741 Et
605 2688 727 2741 alibi
762 2705 775 2740 :
827 2686 1082 2742 Exuentes
1113 2704 1198 2741 vos
1224 2698 1434 2742 vterem
1479 2689 1732 2763 hominem
1761 2703 1875 2741 cum

269 2779 479 2833 actibus
503 2778 633 2844 suis,
665 2779 862 2833 induite
890 2795 1096 2843 novum,
1127 2779 1214 2847 qui
1240 2777 1520 2831 secundum
1549 2776 1711 2830 Deum
1737 2794 1877 2830 crea-

270 2880 362 2925 ω
389 2879 465 2923 est
507 2870 562 2922 in
596 2870 800 2939 justitia
829 2871 847 2940 (
872 2868 1060 2939 Ephes.
1108 2886 1190 2935 tv,
1222 2868 1313 2934 εἰ,
1356 2868 1425 2922 24
1450 2868 1487 2938 ).
1524 2868 1640 2937 Ipsa
1676 2868 1878 2923 scilicet

272 2971 529 3016 creatura
563 2969 700 3014 totus
722 2962 868 3014 orbis
897 2960 1152 3030 impletus
1186 2969 1299 3025 est;
1335 2958 1477 3013 unde
1502 2969 1554 3013 et
1576 2960 1712 3013 alius
1736 2959 1877 3028 psal-

274 3068 401 3106 mus
433 3051 565 3105 dicit
597 3068 611 3105 :
644 3051 710 3104 Et
752 3051 1096 3105 dominabitur
1123 3068 1155 3103 a
1184 3051 1311 3104 mari
1340 3066 1499 3121 usque
1532 3049 1602 3103 ad
1631 3065 1796 3117 mare,
1828 3060 1875 3103 et

1981 1853 2200 1920 quando
2231 1853 2279 1905 ei
2310 1854 2501 1906 animae
2550 1853 2919 1910 confitentium
2966 1852 3193 1919 imperio
3220 1868 3453 1921 superno
3497 1854 3562 1907 de

1979 1942 2275 2010 perniciosa
2302 1950 2567 2010 potestate
2615 1941 2897 1996 tolluntur.
2949 1939 3202 1993 Illuditur
3248 1942 3408 1995 etiam
3453 1953 3556 1997 ets

1979 2033 2221 2086 titlelibus
2252 2033 2377 2085 siris
2398 2072 2410 2095 ,
2436 2032 2559 2085 dum
2588 2032 2852 2087 incentiva
2900 2033 3147 2085 vitiorum
3175 2030 3290 2100 ejus
3329 2033 3561 2087 detesta-

1982 2124 2073 2177 bili
2110 2125 2333 2178 horrore
2362 2124 2649 2194 refugiunt.
2680 2123 2846 2179 Audis
2877 2126 3169 2186 draconem,
3195 2124 3288 2177 sed
3316 2138 3420 2177 non
3451 2138 3559 2178 om-

1978 2217 2105 2269 nino
2137 2217 2326 2270 timeas
2357 2225 2631 2280 atrocem;
2682 2216 2759 2270 sic
2802 2214 2944 2269 enim
3000 2213 3257 2268 formatus
3294 2224 3399 2281 est,
3433 2215 3564 2269 ntei

1979 2308 2239 2362 beneficio
2268 2307 2477 2362 Domini
2504 2316 2560 2362 et
2589 2308 2656 2362 ab
2679 2307 2806 2377 ipsis
2833 2321 3046 2377 quoque
3075 2306 3380 2362 hominibus
3403 2309 3561 2375 possit

1975 2398 2151 2451 illudi.
2185 2398 2375 2452 Invoca
2404 2398 2492 2467 qui
2519 2397 2668 2451 illum
2702 2396 2906 2460 caleat,
2933 2405 2985 2450 et
3025 2394 3217 2463 incipis
3246 2410 3351 2449 non
3384 2396 3563 2453 timere

1977 2490 2066 2558 qui
2115 2490 2373 2553 devorat;
2412 2490 2672 2559 scriptum
2714 2498 2796 2544 est
2820 2489 2963 2544 enim
2997 2505 3010 2540 :
3055 2487 3225 2556 Super
3264 2489 3492 2556 aspidem
3521 2500 3563 2542 et

1979 2580 2267 2635 basiliscum
2308 2579 2613 2646 ambulabis,
2642 2592 2687 2634 et
2715 2579 3037 2634 conculcabis
3087 2579 3281 2633 leonem
3310 2588 3357 2633 et
3386 2581 3561 2633 draco-

1979 2691 2093 2727 nem
2126 2672 2298 2743 (Psal.
2331 2688 2424 2738 xc,
2458 2673 2570 2743 15).

2054 2760 2202 2815 Vers.
2229 2762 2320 2815 ‘27.
2353 2760 2538 2815 Omnia
2568 2778 2599 2814 a
2633 2770 2681 2815 te
2708 2769 3031 2829 exspectant,
3061 2769 3117 2813 ut
3146 2760 3236 2813 des
3260 2760 3366 2813 illis
3399 2773 3563 2812 escam

1976 2853 2029 2905 in
2052 2862 2273 2917 tempore
2292 2861 2604 2921 opportuno.
2629 2851 2827 2906 Versus
2852 2852 2951 2905 iSte
2973 2849 3102 2904 illud
3123 2850 3410 2919 significat,
3428 2848 3563 2918 quod

1978 2953 2029 2997 et
2056 2941 2179 2995 alibi
2202 2941 2401 2996 dictum
2423 2952 2505 2996 est
2534 2959 2546 2994 :
2573 2940 2637 2994 In
2659 2942 2917 2995 voluntate
2936 2949 3043 3005 tua,
3071 2939 3311 3006 Domine,
3337 2941 3573 2993 universa

1978 3038 2094 3083 sunt
2118 3030 2313 3100 posita;
2342 3041 2388 3084 et
2417 3047 2516 3083 non
2555 3040 2629 3084 est
2653 3030 2739 3100 qui
2770 3031 2928 3100 possit
2951 3030 3184 3085 resistere
3205 3030 3450 3083 voluntati
3472 3038 3577 3083 tua:

272 3158 308 3196 α
335 3143 560 3212 ﬂumine
585 3159 743 3212 usque
758 3142 825 3195 ad
850 3143 1088 3196 terminos
1109 3143 1243 3196 orbis
1266 3119 1605 3213 terraelPsal.
1627 3156 1771 3209 Lxxt,
1791 3140 1871 3211 8).

1983 3119 2159 3191 (Esth.
2195 3136 2307 3185 xm,
2341 3122 2421 3191 9).
2451 3122 2582 3175 Nam
2612 3137 2731 3176 cum
2753 3121 2904 3187 dicit,
2939 3121 3147 3188 Omnia,
3177 3122 3412 3177 ostendit
3439 3137 3562 3191 queo

356 3230 515 3285 Vers.
548 3230 637 3284 9.5.
665 3230 779 3283 Hoc
809 3248 948 3285 mare
971 3248 1208 3301 maguum
1231 3239 1278 3283 et
1304 3232 1586 3295 spatiosum
1614 3230 1879 3295 manibus;

275 3322 390 3376 illic
422 3324 629 3392 reptilia
658 3318 874 3391 quorum
902 3341 1001 3377 non
1029 3334 1099 3379 est
1128 3341 1366 3378 numerus
1384 3366 1396 3387 ,
1428 3325 1672 3377 animalia
1694 3324 1881 3393 pusilla

277 3424 325 3467 et
351 3432 569 3486 magna.
604 3416 666 3469 Et
698 3417 748 3469 in
783 3417 880 3471 hac
908 3432 1120 3485 quoque
1149 3428 1298 3485 parte
1337 3433 1506 3486 usque
1548 3416 1615 3471 ad
1655 3416 1877 3472 divisio-

1985 3216 2129 3270 niam
2153 3216 2400 3269 universa
2428 3215 2523 3269 Dei
2555 3223 2685 3269 nutu
2712 3216 2917 3279 vivunt,
2942 3230 3051 3285 quo
3076 3225 3130 3270 et
3150 3223 3368 3271 auctore
3390 3222 3575 3270 creata

1981 3314 2125 3359 sunt.
2154 3305 2285 3359 Nam
2327 3296 2571 3361 etdraco
2602 3306 2892 3376 spiritualis
2912 3346 2926 3372 ,
2954 3307 3108 3376 cujus
3142 3321 3265 3362 esca
3298 3306 3567 3363 hominum

1980 3396 2225 3466 deceptio
2252 3406 2355 3462 est,
2388 3397 2490 3452 nisi
2532 3398 2759 3452 Domino
2789 3399 3133 3468 permittente
3163 3414 3268 3453 non
3317 3399 3564 3468 prtevalet

1983 3493 2270 3563 quidquam
2300 3509 2390 3548 sua
2422 3503 2685 3562 potestate
2726 3494 3005 3563 perlicere.
3042 3493 3185 3549 Deus
3227 3494 3369 3547 enim
3411 3507 3568 3563 quem

1986 3600 2080 3654 pro
2102 3585 2257 3640 malis
2279 3586 2388 3639 suis
2413 3586 2613 3654 abjicit,
2642 3587 2700 3639 fit
2723 3586 2919 3640 diaboli
2944 3586 3214 3655 pabulum.
3236 3586 3574 3655 Quapropter

1985 3674 2028 3728 si
2055 3675 2106 3728 in
2130 3689 2306 3729 escam
2336 3674 2535 3729 inimici
2568 3675 2819 3731 nolumus
2861 3677 2999 3739 dari,
3033 3691 3138 3730 non
3166 3676 3422 3731 debemus
3452 3690 3572 3731 esse

1987 3769 2184 3822 terreni
2218 3784 2231 3820 :
2261 3768 2382 3837 quia
2425 3770 2502 3821 sic
2532 3769 2585 3821 in
2618 3768 2876 3837 principio
2905 3768 3218 3823 maledictus
3244 3779 3347 3834 est,
3379 3776 3436 3821 ιιι
3458 3780 3565 3823 ter-

1989 3874 2099 3913 ram
2131 3861 2411 3926 comedat,
2445 3861 2583 3915 sicut
2609 3862 2864 3929 seriptum
2889 3870 2969 3915 est
2997 3878 3011 3915 :
3045 3861 3223 3929 Super
3244 3870 3417 3928 pectus
3434 3871 3577 3913 tuum

1986 3961 2035 4003 et
2061 3959 2279 4005 ventrem
2305 3952 2571 4021 gradieris,
2602 3962 2652 4006 et
2680 3961 2865 4005 terram
2893 3953 3123 4005 comedes
3148 3954 3379 4005 omnibus
3403 3952 3579 4006 diebus

1987 4041 2100 4094 vita!
2128 4050 2228 4095 tute
2250 4040 2405 4110 (Gen.
2440 4056 2519 4107 ιιι,
2554 4040 2663 4109 14).
2694 4041 2845 4107 Quod
2874 4042 2920 4094 si
2963 4042 3324 4095 misericordia
3368 4042 3573 4095 Domini

1990 4132 2243 4187 cmlestes
2270 4132 2552 4198 efficimur,
2581 4133 2650 4186 ab
2679 4147 2800 4186 esca
2833 4132 3028 4186 diaboli
3058 4133 3379 4187 omnimodis
3402 4133 3566 4187 reddi-

1992 4237 2113 4275 mnr
2137 4224 2321 4277 alieni.
2344 4222 2561 4278 Addidit
2585 4238 2816 4293 quoque,
2850 4223 2903 4275 in
2926 4233 3147 4293 tempore
3176 4232 3486 4293 Opportuna,
3517 4232 3577 4276 ut

278 3523 444 3571 netu,
484 3509 648 3576 figura
689 3517 771 3561 est
820 3509 1096 3578 parabole,
1129 3525 1248 3579 qua:
1290 3510 1516 3565 diversis
1567 3525 1629 3565 ac
1674 3509 1883 3564 decoris

274 3596 781 3665 etimparationibus
827 3599 1144 3665 explicatur.
1196 3599 1301 3654 Sed
1352 3602 1596 3670 quamvis
1638 3602 1689 3655 in
1712 3602 1884 3671 capite

273 3684 452 3753 hujus
484 3700 672 3740 versus
703 3687 769 3742 dc
816 3689 947 3741 mari
981 3688 1238 3759 navigero
1278 3691 1463 3746 dicere
1508 3691 1775 3758 videatur,
1807 3702 1885 3746 ta-

274 3796 410 3834 men
446 3778 513 3833 de
556 3780 655 3834 hoc
690 3782 887 3835 sacculo
925 3791 1283 3850 congruenter
1330 3778 1614 3852 accipitur,
1652 3785 1741 3841 ubi
1768 3784 1885 3839 dia-

276 3873 479 3928 bolica!
506 3872 622 3927 sine
646 3889 868 3927 numero
895 3890 1111 3943 serpere
1138 3875 1429 3943 probantur
1459 3876 1687 3943 insidia},
1723 3878 1883 3931 mali-

275 3965 469 4035 tiaque
486 3964 787 4019 dmmonnm
809 3967 951 4020 velut
970 3966 1287 4033 quibusdam
1316 3966 1569 4022 fluctibus
1586 3969 1883 4023 animarum

281 4056 537 4110 voluntas
578 4057 843 4110 instabilis
874 4055 1019 4129 [ed.,
1051 4057 1413 4127 inmstimabili
1445 4055 1465 4128 ]
1495 4068 1882 4116 commovetur.

283 4145 442 4200 Mare
461 4148 601 4201 enim
630 4149 727 4215 ipsi
759 4148 1009 4213 reddunt,
1035 4149 1161 4201 dum
1183 4150 1499 4218 naufragare
1522 4138 1882 4219 compellunt:

277 4242 409 4308 quia
442 4241 659 4293 dubium
694 4256 797 4294 non
824 4250 905 4294 est
934 4240 1079 4294 illum
1115 4242 1283 4294 undas
1311 4242 1724 4297 immanissimas
1756 4245 1882 4311 pati,

277 4332 377 4399 qui
428 4332 687 4399 mergum.
734 4331 943 4403 gurgije
994 4341 1364 4401 peccatorum
1419 4331 1566 4386 Mare
1613 4334 1806 4403 quippe
1856 4349 1884 4385 π
1991 4328 2096 4366 non
2127 4314 2296 4366 solum
2332 4313 2583 4367 Dominus
2605 4314 2868 4369 creaturis
2897 4314 3009 4367 suis
3037 4328 3213 4368 escam
3243 4314 3566 4377 tribuat,ve-

278 4421 522 4474 meando
552 4422 749 4476 dictum
777 4431 879 4486 est,
907 4423 1047 4491 quod
1076 4438 1293 4491 semper
1321 4434 1406 4476 eat
1432 4439 1492 4478 ac
1526 4425 1710 4479 redeat
1742 4424 1873 4497 [mss

1992 4422 2107 4459 rum
2138 4406 2299 4460 etiam
2332 4408 2475 4460 illam
2521 4407 2622 4461 sub
2657 4407 3055 4475 opportunitate
3104 4408 3357 4476 temporis
3387 4407 3566 4475 largia-

276 4517 380 4579 ΑἼ
413 4514 503 4578 8,,
531 4513 623 4582 ιζ,
654 4483 876 4570 περαίη
901 4483 952 4571 εἰ
985 4483 1260 4588 recedaf].
1295 4516 1399 4571 Sed
1433 4519 1517 4571 ίειί
1547 4483 1766 4587 spiritu;
1799 4520 1879 4573 ίη,
1916 4497 1960 4553 D
1990 4507 2094 4549 tur.
2134 4496 2355 4549 Volebat
2385 4498 2526 4550 enim
2553 4483 2653 4551 Job
2682 4506 2888 4552 tentare
2915 4498 3190 4561 diabolus,
3215 4498 3308 4552 sed
3341 4498 3440 4551 hoc
3471 4512 3575 4551 non

1994 4586 2163 4653 potuit
2186 4584 2421 4649 eflicere,
2448 4587 2545 4639 ni~i
2580 4587 2628 4639 id
2666 4596 2899 4653 potestas
2914 4587 3190 4641 Dominica
3220 4588 3568 4652 permisisset.

1989 4679 2117 4731 Nam
2146 4688 2199 4732 et
2230 4678 2315 4733 ille
2344 4679 2712 4733 Sam-tissimus
2739 4680 3095 4747 cognoscebat
3122 4692 3180 4732 se
3211 4678 3420 4731 Domini
3458 4694 3567 4746 per.

1989 4771 2244 4823 missione
2276 4773 2493 4833 tentari,
2525 4780 2579 4823 et
2606 4773 2669 4824 ad
2698 4773 2877 4825 omnia
2900 4771 3257 4839 respondebat
3284 4789 3295 4823 :
3327 4770 3577 4827 Domittlts

1989 4862 2159 4927 dedit,
2191 4862 2437 4915 Dominus
2464 4863 2699 4925 abstulit,
2747 4874 2876 4914 sicut
2908 4861 3129 4915 Domino
3159 4861 3351 4930 placuit
3396 4863 3464 4912 ita
3498 4864 3566 4926 fa-

1985 4966 2117 5005 ctum
2144 4966 2214 5006 est
2239 4970 2257 5007 :
2288 4955 2353 5007 sit
2380 4971 2559 5007 nomen
2594 4954 2797 5007 Domini
2838 4955 3151 5008 benedictum
3201 4952 3219 5022 (
3245 4951 3345 5005 Job
3375 4968 3412 5015 ι,
3438 4954 3498 5005 Si
3532 4953 3570 5020 ).

1988 5045 2111 5098 lltee
2131 5054 2213 5099 est
2241 5046 2383 5099 enim
2432 5061 2556 5099 vera
2585 5046 2843 5115 firmaque
2881 5045 3165 5106 sen'entia,
3196 5045 3336 5113 quod
3380 5046 3429 5097 in
3471 5044 3569 5095 Do-

1986 5137 2115 5191 mini
2145 5138 2451 5204 voluntate(
2480 5139 2616 5191 sicut
2639 5138 2836 5191 dictum
2862 5145 2943 5192 est
2968 5139 2988 5206 )
3014 5148 3204 5191 cuneta
3232 5136 3340 5189 sint
3380 5134 3571 5203 posita,

275 4608 656 4663 numerabiles
686 4609 865 4675 nobis,
900 4609 1014 4664 Deo
1045 4610 1419 4679 comprehensi
1470 4619 1622 4675 sunt,
1657 4611 1742 4679 qui
1766 4626 1884 4665 arc-

276 4718 417 4755 nam
468 4701 633 4756 maris
671 4712 726 4757 et
778 4703 1078 4771 pluviarum
1127 4712 1302 4772 guttas
1350 4713 1659 4768 enumerat;
1716 4714 1769 4757 et
1817 4721 1883 4759 ne

271 4792 513 4845 omnino
544 4792 1112 4861 incomprehensibiles
1144 4794 1530 4862 linquerentur,
1564 4795 1877 4861 quantitate,

273 4901 398 4937 non
430 4884 687 4950 quilitate
737 4900 830 4938 eos
879 4884 1144 4938 definivit.
1180 4885 1415 4954 Denique
1456 4884 1523 4937 de
1563 4885 1638 4937 eis
1666 4885 1878 4947 dicitur,

271 4976 538 5045 animalia
586 4972 773 5039 pusilla
813 4984 858 5027 et
886 4991 1105 5043 magna;
1151 4976 1403 5044 quoniam
1456 4976 1593 5028 inter
1643 4974 1788 5044 ipsos
1828 4985 1881 5030 et

268 5066 525 5133 majores
551 5080 671 5119 esse
703 5066 952 5135 nequitia:
996 5068 1293 5135 probantur
1334 5066 1653 5120 omnimodis
1701 5075 1754 5121 et
1783 5068 1883 5120 mi-

268 5171 470 5209 IIOI'CS.

356 5245 517 5301 Vers.
544 5246 635 5302 26.
673 5246 788 5301 Illic
815 5266 962 5303 naves
994 5250 1403 5317 pertransibunt;
1434 5250 1591 5302 draco
1621 5250 1713 5303 iste
1733 5266 1881 5321 quem

266 5337 605 5405 formastiad
621 5339 932 5391 illudendum
947 5342 1011 5393 ei.
1031 5338 1169 5405 Illic,
1194 5340 1242 5392 in
1266 5340 1463 5393 mundo
1476 5341 1695 5401 scilicet,
1717 5356 1874 5409 quem

265 5428 537 5495 Superius
569 5444 715 5482 mare
742 5429 901 5483 dixit.
935 5428 1106 5483 Nuces
1136 5440 1312 5484 autem
1348 5432 1541 5485 merito
1570 5432 1880 5500 significan-

264 5530 372 5572 tur
410 5518 695 5585 Ecclesiae,
729 5537 848 5591 quas
881 5522 1204 5590 periculosos
1235 5522 1426 5575 fluetus
1467 5523 1649 5575 mundi
1690 5537 1785 5591 per
1816 5520 1877 5574 li-

266 5625 455 5681 gnum
478 5613 723 5680 gloriosa:
750 5630 796 5669 ei
814 5614 1202 5679 ueis‘evadttnt,
1228 5621 1499 5682 portantes
1515 5614 1677 5686 352
1709 5627 1878 5681 popu-

253 5708 388 5770 los,
424 5703 507 5771 qni
537 5707 688 5773 signo
714 5708 831 5762 ῦιιιιί
858 5708 1214 5765 ‹ι’ρ1ἰ‹1ριιιιιι.
1249 5707 1301 5760 In
1322 5704 1403 5760 his
1431 5707 1643 5761 naibus
1669 5705 1876 5760 habitat

2056 5249 2210 5305 Vers.
2244 5248 2332 5305 28.
2368 5248 2532 5303 Dante
2552 5259 2598 5303 te
2621 5250 2756 5313 illis,
2789 5250 3054 5320 colligent;
3098 5249 3355 5315 aperiente
3384 5256 3430 5297 te
3468 5260 3565 5297 ma-
3601 5228 3606 5234 ’

1983 5355 2304 5407 numtuam,
2349 5344 2583 5397 universa
2630 5343 2961 5413 replebuntur
3004 5342 3247 5393 ubertate.
3295 5338 3481 5394 Adhuc
3523 5337 3571 5389 in

1982 5434 2294 5500 exponenda
2338 5433 2617 5499 superiore
2666 5433 2929 5486 sententia
2980 5439 3317 5500 perseverat;
3351 5437 3405 5481 ut
3453 5443 3571 5481 cum

1982 5524 2243 5577 diabolica
2279 5523 2558 5592 iniquitate
2602 5538 2895 5586 vexamur,
2946 5536 3049 5575 non
3099 5521 3244 5574 illum
3297 5514 3573 5573 credamus

1982 5614 2085 5668 hoc
2111 5628 2175 5669 ex
2207 5628 2301 5667 sna
2334 5621 2595 5683 potestate
2621 5628 2969 5682 prassumere,
3000 5614 3095 5667 sed
3131 5612 3302 5682 potius
3332 5610 3397 5663 ad
3431 5610 3573 5663 illum

1982 5719 2321 5761 recurramns
2344 5706 2457 5758 sine
2487 5704 2641 5772 cujus
2670 5705 2933 5774 permissu
2960 5721 3056 5759 nec
3086 5705 3262 5758 facere
3288 5702 3574 5772 quidquam
