4046 6174
447 231 549 286 759

1662 222 1731 278 .‘tl.
1773 222 2050 279 AURELll
2105 222 2509 280 CASSIODORI

3633 226 3662 277 7
3677 223 3731 279 ιν,

447 351 640 411 potest,
667 349 722 396 et
745 337 975 395 celerius
1003 335 1173 390 victus
1195 331 1454 389 abscedit.
1479 331 1615 386 Dicit
1647 332 1788 386 enim
1823 350 1834 384 :
1870 330 2037 386 Dante
2066 335 2117 396 Α
2143 333 2328 386 labitur
2350 332 2600 388 Dominus
2628 335 2680 388 in
2717 335 2954 403 Operibtts
2993 336 3116 391 suis.
3159 334 3350 392 Adhuc
3379 335 3552 406 ipsum
3578 337 3734 391 docet

446 446 493 492 te
519 435 624 490 illis
665 435 931 503 cotligent,
966 439 1022 484 ut
1047 428 1312 498 intelligas
1344 427 1467 495 quia
1516 426 1616 480 nisi
1659 427 1838 479 datum
1877 424 2037 480 fuerit

448 526 595 592 illis,
652 525 937 592 quidquam
988 519 1241 588 colligere
1289 534 1394 572 non
1453 517 1726 571 valebunt.
1780 518 2040 586 Sequitur

446 621 607 672 etiam
641 615 783 686 quod
816 625 868 668 et
915 615 979 666 ad
1014 625 1270 680 prospera
1315 610 1487 679 possis
1533 619 1746 679 aptare,
1779 611 2035 676 aperiente

445 719 491 761 te
515 723 720 760 manum
744 716 903 769 tuam,
934 705 1169 757 universa
1196 703 1522 771 replebuntur
1545 701 1792 754 ubertate.
1816 698 2038 756 ConS'at

447 803 588 854 enim
635 798 707 852 ibi
747 813 868 852 esse
915 811 1093 851 rerum
1127 799 1363 848 nmmum
1389 807 1576 848 causas
1599 832 1614 857 ,
1640 793 1782 846 unde
1819 791 2039 847 ubertas

445 889 782 950 conceditur,
813 898 868 942 et
897 889 1048 956 copia
1077 887 1194 940 sine
1221 887 1326 940 line
1375 894 1678 954 praestatur.
1725 883 1911 937 Manus
1941 896 2037 935 au-

449 993 554 1036 tem
587 980 854 1051 signiﬁcat
887 987 1239 1046 potestatem,
1283 994 1379 1047 per
1410 994 1564 1045 quam
1607 977 1817 1031 abunde
1847 986 2036 1031 cuncta

446 1076 647 1144 replet,
681 1088 729 1128 et
767 1072 1086 1127 mirabiliter
1119 1070 1366 1124 universa
1398 1069 1651 1139 disponit.

524 1165 673 1220 Vers.
700 1164 788 1218 ‘29.
817 1165 1079 1217 Avertente
1106 1172 1272 1214 autem
1295 1172 1343 1215 te
1366 1162 1546 1231 [aciem
1575 1171 1735 1224 tuam,
1761 1157 2036 1212 turbabun-

447 1269 565 1323 tur;
589 1258 787 1328 auferes
813 1257 1051 1326 spiritum
1080 1269 1254 1308 eorum
1281 1264 1324 1307 et
1353 1253 1608 1321 deﬁcient,
1638 1263 1682 1305 et
1707 1253 1756 1303 in
1782 1253 2039 1320 pulverem

446 1365 598 1401 suum
626 1358 956 1400 revertentur.
983 1344 1058 1398 De
1082 1344 1186 1398 illis
1212 1344 1370 1398 modo
1393 1343 1524 1397 dicit
1549 1344 1636 1412 qui
1661 1356 1915 1396 concessa
1941 1341 2037 1395 Dei

452 1453 671 1493 munera
697 1436 917 1491 minime
941 1436 1283 1506 proﬁtentes,
1312 1435 1450 1504 quod
1482 1445 1741 1503 poterant'
1770 1435 1882 1487 suis
1913 1434 2042 1488 viri-

454 1531 550 1586 bus
575 1529 931 1600 applicabant.
975 1530 1171 1581 Contra
1212 1543 1346 1597 quos
1375 1528 1663 1596 Apostolus
1689 1527 1857 1581 dicit:
1901 1525 2039 1593 Quid

442 1623 576 1676 enim
605 1622 758 1674 habes
779 1619 913 1689 quod
939 1635 1040 1672 non
1061 1619 1337 1687 accepisti?
1361 1617 1421 1672 Si
1442 1626 1609 1671 autem
1631 1618 1892 1684 accepisti,
1916 1618 2040 1687 quid

2147 427 2398 497 magister
2425 428 2617 492 bonus,
2648 443 2718 484 ne
2747 444 2992 486 erremus
3033 432 3157 486 elati
3183 449 3196 486 :
3225 442 3421 502 optans
3447 447 3568 488 esse
3593 434 3735 502 quod

2143 534 2410 588 nunquam
2454 530 2626 587 potest
2667 521 2953 591 aliquando
3001 523 3256 580 deﬁcere.
3308 524 3512 579 Dicitur
3537 526 3682 579 enim
3721 542 3732 579 :

2143 607 2223 664 Sit
2244 611 2407 679 gloria
2439 609 2662 677 Domini,
2689 628 2794 665 non
2822 613 3107 682 cujuslibet
3134 613 3376 669 alterius.
3407 611 3470 667 In
3495 613 3736 668 sarculum

2142 701 2338 766 saeculi,
2364 703 2416 756 id
2449 713 2532 757 cst
2561 706 2610 756 in
2643 715 2925 767 ceternum,
2959 705 3078 775 quia
3109 706 3282 761 laudis
3305 705 3422 774 ejus
3450 705 3626 758 nullus
3654 716 3739 758 est

2145 791 2301 860 ﬁnis,
2327 793 2540 864 quando
2584 804 2636 849 et
2664 796 2715 849 in
2763 795 2863 850 hoc
2909 796 3105 851 snecqu
3134 797 3270 866 apud
3303 796 3484 851 ﬁdeles
3527 795 3738 850 Domini

2146 894 2401 954 perpetua
2429 889 2544 941 laus
2570 887 2731 958 353
2761 888 3006 953 habetur,
3037 901 3090 944 et
3115 899 3233 960 post
3261 889 3400 943 istud
3425 888 3684 943 saeculum
3709 900 3738 941 a

2146 978 2314 1034 beatis
2341 987 2539 1033 aeterna
2574 981 2930 1047 persolvetur.
2980 981 3257 1034 Ltrtabitur
3283 981 3426 1035 enim
3472 979 3614 1048 quod
3657 980 3737 1034 di-

2145 1077 2288 1123 ctum
2313 1078 2414 1129 est.
2443 1070 2728 1138 promissio
2753 1070 2914 1125 futuri
2949 1073 3207 1139 temporis
3237 1080 3338 1138 est,
3365 1086 3473 1124 non
3501 1085 3739 1138 praesen-

2147 1159 2234 1213 tis.
2275 1159 2338 1212 Et
2383 1160 2587 1228 inspice
2625 1159 2766 1230 quod
2813 1161 3115 1229 ubicunque
3156 1168 3545 1214 commemorat
3575 1161 3739 1232 operi-

2146 1251 2259 1316 bus,
2289 1253 2397 1305 su’s
2426 1252 2578 1315 dixit,
2616 1268 2719 1305 non
2745 1251 2846 1306 tuis
2880 1271 2892 1305 :
2927 1269 2990 1307 ne
3018 1254 3174 1308 toties
3207 1253 3463 1307 admoniti
3494 1255 3738 1310 insanum

2147 1341 2346 1411 Pelagii
2377 1355 2728 1410 sequeremur
2756 1357 3028 1409 errorem,
3073 1345 3226 1412 cujus
3257 1344 3543 1398 nefandum
3576 1360 3736 1398 vene-

2146 1449 2270 1488 num
2299 1433 2421 1488 hinc
2452 1435 2728 1489 evidenter
2757 1435 3098 1503 agnoscimus
3120 1476 3134 1500 ,
3182 1446 3368 1488 contra
3406 1437 3548 1503 quod
3580 1439 3738 1491 toties

2145 1524 2444 1580 antidOtum
2467 1526 2688 1582 caeleste
2711 1526 3021 1597 porrigitur,
3047 1542 3112 1581 ne
3138 1527 3310 1581 futura
3336 1528 3515 1594 pericii
3527 1530 3568 1581 la
3591 1543 3738 1599 gras-

2145 1630 2202 1672 sa
2212 1627 2416 1672 rentur.

441 1714 678 1786 gloriaris
702 1712 848 1782 quasi
879 1727 978 1764 non
1021 1710 1273 1781 acceperis
1297 1707 1349 1779 (I
1377 1709 1492 1764 Cor.
1530 1725 1601 1775 tv,
1628 1710 1684 1778 7)
1709 1711 1732 1762 7
1760 1710 1824 1763 Et
1848 1709 1900 1763 in
1932 1709 2039 1764 alio
2071 1715 2116 1775 Β
2218 1708 2369 1763 Vers.
2398 1708 2487 1764 51.
2516 1708 2616 1773 Qui
2649 1709 2851 1780 respicit
2879 1719 3096 1772 terram,
3119 1719 3164 1763 et
3189 1710 3314 1780 facit
3349 1727 3460 1763 eam
3493 1721 3734 1771 tremere,

444 1803 650 1870 p-almo
689 1802 756 1856 de
786 1801 874 1856 tali
909 1800 1103 1870 legitur
1132 1821 1144 1855 :
1178 1799 1292 1870 Ego
1319 1801 1428 1853 dixi
1453 1800 1503 1853 in
1528 1817 1636 1852 mea
1676 1801 1993 1855 abundantia
2018 1817 2038 1854 :

445 1893 572 1948 Non
603 1894 836 1947 movebar
861 1893 912 1946 in
936 1903 1180 1947 teternum
1207 1892 1378 1963 (Psol.
1414 1910 1560 1957 xxrx,
1591 1897 1665 1963 7).
1697 1895 1776 1948 Ab
1801 1896 1883 1950 his
1913 1912 2038 1966 ergo

446 1985 641 2040 talibus
683 1985 808 2038 dum
852 1987 1088 2039 averterit
1129 1984 1388 2041 Dominus
1429 1987 1610 2056 [aciem
1641 2002 1814 2054 suam,
1847 1989 2031 2044 nudati

452 2093 650 2145 magno
677 2099 686 2145 ι
709 2078 924 2133 rassidio
962 2080 1082 2133 sine
1121 2079 1449 2135 dubitatione
1487 2081 1797 2146 turbantur;
1831 2089 1884 2136 et
1912 2097 2036 2137 mox

446 2177 505 2226 ut
552 2170 639 2224 ille
683 2171 894 2238 spiritus
931 2170 1234 2238 superbiat,
1274 2187 1430 2239 quem
1477 2172 1544 2224 de
1571 2186 1747 2225 rerum
1793 2171 2036 2226 ubrrtatc

437 2273 814 2331 conceperant,
847 2263 1047 2315 ablatus
1088 2263 1278 2330 fuerit,
1319 2262 1538 2317 omnino
1569 2262 1844 2330 deﬁciunt,
1877 2271 1931 2320 et
1968 2263 2034 2316 ad

444 2355 850 2409 conversionem
877 2352 1024 2424 [ed.,
1049 2353 1443 2409 confessionem
1472 2352 1486 2424 ]
1513 2354 1918 2407 saluberrimam
1952 2368 2035 2408 re-

436 2449 628 2513 deunt,
661 2449 751 2519 qui
782 2448 833 2502 in
865 2450 978 2502 suis
1016 2448 1526 2516 pra'sumptionibus
1563 2457 1900 2502 erraverunt.
1937 2446 2034 2501 Pe-

436 2549 549 2596 tam
577 2557 707 2609 ergo
729 2541 816 2594 isti
846 2540 1104 2606 remedia,
1136 2555 1230 2594 sua
1259 2540 1477 2594 vulnera
1513 2541 1728 2608 propria
1756 2539 2028 2606 detegant,

435 2643 489 2684 ut
513 2643 784 2696 curentur,
818 2641 869 2684 ct
896 2631 1077 2684 dicant
1111 2649 1124 2682 :
1157 2629 1364 2684 Exaudi
1388 2647 1498 2697 me,
1528 2630 1764 2696 Domine,
1789 2630 2032 2700 quoniam

441 2722 627 2791 defeat
666 2721 874 2787 spiritus
914 2737 1056 2774 meus
1086 2736 1105 2775 .'
1147 2737 1211 2775 ne
1247 2733 1441 2774 avertas
1483 2722 1665 2788 [aciem
1703 2733 1842 2774 tuam
1878 2736 1911 2774 α
1955 2736 2033 2773 me

439 2809 614 2880 (l’sal.
643 2825 807 2876 cun,
834 2810 906 2880 7).
936 2811 1032 2864 llis
1061 2819 1276 2880 praestat
1310 2811 1563 2865 Dominus
1595 2811 1884 2882 proﬁcuam
1919 2827 2030 2866 me-

442 2902 698 2956 dicinam.
731 2901 952 2954 Sublati
981 2903 1126 2956 enim
1154 2903 1344 2972 spiritu
1373 2903 1653 2972 nequitia},
1685 2919 1792 2973 quo
1819 2903 2031 2958 inﬁam-

440 2994 723 3048 mabautur
749 3004 1016 3061 errantes,
1047 3007 1272 3048 necesse
1293 3004 1374 3048 est
1398 3005 1452 3046 ut
1473 2995 1539 3048 ad
1567 2995 1836 3063 pulverem
1869 3011 2024 3050 suum

2141 1799 2231 1869 qui
2255 1801 2415 1870 tangit
2444 1811 2656 1864 montes,
2683 1812 2729 1854 et
2754 1803 3022 1866 fumabunt
3053 1802 3162 1876 [θά.
3180 1844 3195 1867 ,
3230 1802 3591 1874 funtigabnnt].
3617 1803 3735 1858 .laut

2142 1889 2208 1942 de
2238 1889 2343 1942 illis
2366 1890 2493 1944 dicit
2517 1891 2603 1956 qui
2637 1905 2732 1960 per
2763 1891 2972 1944 Domini
3015 1893 3239 1962 gratiam
3275 1893 3578 1956 illuntinati,
3615 1908 3736 1960 pcc-

2141 1990 2258 2035 cata
2287 1997 2381 2036 sua
2430 1985 2696 2052 prmterita
2737 1984 3192 2048 contremiscunt,
3232 1998 3352 2038 cum
3398 1999 3458 2039 se
3502 1988 3736 2053 graviter

2141 2087 2351 2127 errasse
2399 2058 2752 2144 cognosruut.
2801 2074 2905 2129 Sed
2935 2076 3177 2129 securior
3206 2084 3286 2129 est
3318 2075 3403 2129 illa
3452 2076 3733 2131 humilium

2140 2165 2502 2231 tremefactio,
2535 2181 2694 2236 quam
2739 2165 3092 2236 superborum
3135 2171 3320 2221 insana
3361 2171 3728 2235 praesumptio.

2141 2258 2329 2313 Petrus
2351 2260 2491 2314 enim
2521 2267 2646 2314 tunc
2673 2258 2738 2314 ad
2770 2261 2978 2314 veniam
3023 2260 3199 2314 redire
3241 2262 3464 2323 meruit,
3515 2261 3729 2328 quando

2136 2363 2195 2402 se
2223 2349 2509 2404 admisisse
2556 2365 2805 2419 magnum
2855 2351 3060 2405 crimen
3107 2351 3339 2419 expavit.
3373 2350 3462 2404 Sic
3501 2352 3642 2404 enim
3675 2362 3727 2405 et

2137 2437 2275 2491 alius
2308 2440 2566 2508 propheta
2593 2441 2724 2495 dicit
2756 2459 2768 2492 :
2805 2439 2975 2508 Super
3014 2457 3160 2511 quem
3190 2443 3454 2509 requiescit
3501 2440 3724 2509 Spiritu:

2136 2545 2297 2594 meus,
2328 2531 2427 2583 nisi
2463 2546 2619 2598 super
2666 2531 2937 2600 humilem,
2981 2539 3026 2585 et
3068 2533 3328 2598 quietum,
3361 2543 3408 2585 et
3437 2542 3725 2587 trementem

2134 2620 2286 2672 verba
2314 2636 2424 2672 mra
2451 2620 2604 2691 (lsai.
2634 2637 2776 2685 vat,
2808 2622 2900 2691 9.)?
2931 2624 3042 2677 lloc
3078 2623 3238 2677 etiam
3273 2633 3457 2678 mouet
3499 2625 3725 2691 Aposto-

2136 2711 2218 2765 lus
2249 2729 2260 2763 :
2303 2709 2429 2765 Cum
2471 2712 2650 2766 timore
2693 2724 2738 2766 et
2769 2723 2984 2768 tremore
3013 2723 3232 2769 vestram
3261 2717 3486 2783 ipsorum
3508 2717 3723 2770 salutem

2137 2804 2422 2874 apt-mmini
2444 2805 2464 2875 (
2491 2804 2688 2877 Philip.
2721 2821 2780 2873 ιι,
2812 2807 2877 2860 12
2901 2808 2940 2876 ).
2972 2807 3136 2863 Vides
3160 2823 3289 2878 ergo
3318 2824 3475 2878 quam
3499 2812 3720 2873 votivus.

2133 2909 2292 2964 quam
2323 2896 2527 2949 stabilis
2560 2897 2689 2967 |,ed.,
2721 2897 3034 2970 spiritualis]
3067 2899 3136 2954 sit
3165 2911 3362 2954 tremor
3391 2901 3512 2966 iste,
3549 2900 3640 2970 qui
3667 2912 3720 2956 et

2132 2988 2340 3041 veniam
2374 2988 2600 3056 parturit
2627 2997 2684 3042 et
2706 2992 2954 3045 salutem.
2985 2992 3090 3046 Sed
3122 2991 3242 3046 vide
3264 2993 3454 3062 quibus
3480 2994 3581 3047 ista
3602 3007 3720 3048 conc

434 3084 679 3147 redeant,
711 3085 760 3137 id
783 3092 866 3137 est
893 3083 958 3136 ad
995 3083 1247 3138 humilem
1277 3084 1691 3151 confessionem,
1728 3087 1778 3140 in
1807 3103 1908 3156 qua
1941 3089 2020 3140 in-
2047 3095 2096 3159 ο
2134 3078 2370 3148 lingunt.
2397 3078 2605 3134 scilicet
2651 3096 2789 3150 quos
2840 3082 2952 3151 ipse
2995 3083 3243 3151 dignatus
3296 3083 3458 3137 fuerit
3503 3083 3716 3138 intueri.

434 3177 712 3245 digeutinm
732 3191 842 3228 sua:
866 3175 1166 3244 fragilitatis
1184 3187 1512 3247 agnoscunt;
1536 3188 1591 3233 et
1610 3179 1876 3234 feliciores
1897 3195 2017 3235 esse

429 3267 703 3336 incipiunt,
737 3283 862 3321 cum
889 3282 915 3318 a
940 3282 1035 3321 sua
1068 3271 1486 3337 praesumptione
1513 3270 1815 3325 d‘sccdunt.
1853 3272 2020 3342 Inspi-

425 3358 615 3413 cienda
643 3367 722 3411 est
751 3369 928 3412 autent
961 3360 1061 3412 huc
1087 3361 1204 3414 loco
1226 3359 1618 3415 administrata
1651 3361 1881 3423 Domini.
1915 3377 2016 3432 qua

431 3451 657 3502 mundus
689 3449 913 3516 regitur,
947 3450 1088 3519 quali
1121 3451 1413 3515 brevitate,
1448 3452 1530 3505 vel
1559 3467 1660 3520 qua
1695 3453 2020 3521 proprietate

428 3543 676 3610 discripta
698 3542 767 3595 sit
799 3540 943 3613 [mss.
978 3543 1066 3608 A.,
1101 3541 1190 3608 B.,
1219 3540 1317 3609 F.,
1348 3543 1526 3597 omnia
1556 3544 1820 3614 descripta
1849 3546 2014 3618 sunt].

425 3633 554 3690 Nam
583 3651 700 3690 cum
735 3652 832 3690 nos
865 3637 1116 3707 respicit,
1159 3638 1339 3691 omnia
1383 3638 1658 3705 profutura
1689 3639 2014 3705 succedunt;

425 3742 478 3788 et
508 3747 628 3786 cum
659 3748 718 3789 se
743 3734 1018 3801 averterit,
1054 3734 1284 3790 humana
1312 3735 1606 3806 indigentia
1631 3736 1853 3792 salutari
1882 3751 2019 3808 pra:-

422 3825 562 3879 sidio
591 3825 790 3879 nudata
819 3828 1140 3882 succumbit.

497 3918 645 3971 Vers.
673 3919 762 3974 30.
811 3919 998 3974 Emitte
1021 3923 1262 3991 spiritum
1306 3929 1486 3990 tuum,
1517 3933 1566 3978 et
1605 3925 1937 3992 creabantur,
1967 3933 2016 3980 et

428 4011 687 4064 renovabis
721 4009 902 4080 ferient
939 4021 1105 4066 εει-τω.
1139 4011 1276 4068 Ecce
1317 4013 1407 4068 illa
1446 4029 1566 4085 qua:
1604 4017 2017 4086 exspectabatur

427 4104 685 4158 medicina
729 4105 994 4173 provenit.
1026 4105 1269 4160 Recreati
1297 4117 1420 4162 sunt
1443 4108 1648 4177 utique,
1681 4110 1770 4178 qui
1802 4124 1862 4164 se
1893 4111 2013 4178 pul-

423 4207 598 4246 verem
634 4193 906 4247 humiliter
944 4204 1308 4263 agnoverunt;
1340 4195 1422 4250 his
1460 4196 1604 4250 enim
1648 4197 1789 4251 istud
1822 4198 2017 4253 accidit

419 4283 506 4349 qui
540 4283 714 4336 divina
746 4283 911 4350 gratia
946 4283 1196 4352 reparati.
1232 4287 1424 4339 mortis
1453 4287 1748 4355 probantur
1777 4289 2014 4343 evasisse

420 4372 674 4440 pericula.
707 4371 889 4426 Totics
918 4373 1062 4426 enim
1096 4387 1192 4427 nos
1220 4373 1478 4429 Dominus
1506 4386 1673 4443 creat,
1708 4378 1914 4447 quoties
1945 4378 2012 4434 de

2125 3168 2399 3239 Sequitur,
2425 3171 2586 3241 tangit
2606 3183 2797 3227 montes
2819 3184 2866 3227 et
2892 3177 3159 3244 {utitabunt
3190 3174 3323 3248 [ed.,
3348 3175 3714 3248 [umigabunt].

2120 3261 2326 3315 Montes
2358 3261 2444 3316 bic
2475 3273 2787 3331 peccatores
2818 3267 2984 3320 nimia
3029 3268 3267 3323 elatione
3309 3279 3586 3340 turgentes
3618 3271 3714 3326 de-

2118 3353 2308 3409 bemus
2336 3356 2600 3424 accipere,
2628 3357 2716 3426 qui
2739 3358 2864 3411 dum
2893 3359 3089 3414 iuerint
3123 3360 3326 3417 Domini
3353 3363 3712 3432 indignatione

2121 3448 2392 3515 percussi,
2419 3462 2706 3518 rerumque
2740 3449 3131 3505 mundanarum
3175 3455 3466 3508 amissione
3499 3456 3713 3524 privati,

2120 3545 2245 3591 tunc
2267 3537 2333 3592 ad
2360 3538 2619 3592 salutares
2652 3539 2916 3610 lacrymas
2962 3553 3218 3610 currunt,
3255 3554 3309 3598 et
3338 3546 3599 3612 quosdam
3633 3545 3714 3600 fu-

2121 3629 2339 3683 miferos
2362 3629 2431 3684 de
2459 3645 2519 3685 se
2542 3631 2775 3684 tristitiae
2795 3631 2986 3702 globos
3013 3646 3263 3704 tanquam
3295 3636 3572 3691 incensum
3595 3653 3713 3693 sua-

2118 3720 2295 3774 vitatis
2323 3722 2602 3788 emittunt,
2637 3721 2724 3790 qui
2753 3722 2818 3775 ad
2850 3738 3080 3792 superna
3131 3727 3519 3792 conscendunt,
3552 3729 3708 3784 mise-

2120 3813 2404 3867 ricordiam
2424 3816 2708 3883 impetrare
2729 3815 3022 3884 probantur
3038 3819 3247 3873 Domini
3265 3820 3490 3877 Christi.
3511 3820 3708 3878 Fumus

2121 3904 2262 3958 enim
2295 3906 2378 3960 hic
2401 3906 2453 3959 in
2480 3906 2621 3961 bono
2655 3908 2858 3974 positus
2891 3918 3006 3974 est;
3040 3911 3238 3982 quippe
3269 3913 3354 3982 qui
3387 3928 3485 3970 nos
3517 3914 3584 3969 ad
3621 3916 3711 3971 ab-

2120 3998 2402 4052 solutionis
2425 3999 2552 4054 facit
2579 4001 2803 4070 gratiam
2829 4004 3128 4070 pervenire.
3283 3986 3289 3990 ’

2194 4091 2345 4146 Vers.
2371 4092 2461 4146 52.
2490 4091 2716 4147 Cantabo
2744 4093 2963 4148 Domino
2987 4096 3039 4148 in
3065 4098 3169 4150 vita
3192 4114 3338 4162 mea;
3361 4100 3582 4168 psallam
3607 4099 3710 4154 Deo

2119 4198 2227 4235 meo
2253 4183 2483 4250 quandiu
2506 4200 2614 4238 ero.
2644 4185 2896 4240 Decursis
2918 4185 3126 4242 duabns
3157 4190 3398 4258 partibus
3441 4193 3539 4246 sub
3566 4197 3708 4247 varia

2117 4273 2381 4329 allusione
2413 4277 2720 4342 verborum,
2757 4279 2905 4333 venit
2927 4280 2990 4332 ad
3024 4283 3239 4336 tertium
3266 4284 3505 4348 modum,
3537 4287 3626 4341 ubi
3653 4303 3711 4342 se

2116 4367 2216 4420 sub
2245 4368 2547 4423 mternitate
2575 4369 2704 4423 dicit
2734 4371 2918 4426 laudes
2950 4371 3157 4427 Domini
3187 4386 3546 4432 cantaturum.
3577 4379 3708 4434 Nam

421 4471 681 4516 vetustate
713 4464 916 4530 peccati
958 4463 1010 4517 in
1044 4479 1239 4518 novum
1285 4466 1560 4520 hominem
1602 4468 1903 4523 instaurare
1925 4470 2011 4522 di-
2041 4475 2094 4534 D
2119 4470 2238 4512 cum
2264 4458 2338 4510 ait
2365 4474 2379 4511 :
2403 4458 2625 4514 Cantabo
2652 4459 2872 4515 Domino
2898 4465 2950 4516 in
2979 4467 3081 4518 rita
3122 4482 3266 4533 utea,
3301 4478 3511 4539 tempus
3545 4473 3710 4542 signi-

367 4625 370 4628 .
425 4565 650 4624 gnatur,
684 4555 821 4609 sicut
851 4557 904 4610 in
935 4556 1374 4626 quinquagesimo
1405 4557 1614 4626 psalmo
1647 4557 1882 4628 legitur:
1915 4557 2017 4614 Cor

419 4644 664 4697 rit-udum
687 4660 803 4697 crea
831 4645 884 4697 in
907 4662 1004 4710 me,
1035 4645 1169 4698 Deus
1193 4645 1366 4715 (Psal.
1392 4663 1444 4715 ι,
1468 4647 1582 4717 12).
1609 4647 1832 4716 Respice
1854 4649 2016 4704 etiam

421 4738 542 4806 quia
569 4736 657 4790 ubi
687 4735 981 4791 deiecimus
1010 4747 1254 4791 nostrum
1285 4738 1558 4807 pulverem
1607 4738 1773 4805 dixit;
1803 4739 1893 4795 ubi
1925 4756 2014 4795 re-

418 4843 691 4900 parantur,
721 4827 976 4896 Spiritum
1012 4828 1221 4882 Domini
1254 4843 1375 4884 csse
1422 4829 1734 4897 proﬁtetur,
1765 4838 1823 4883 ut
1852 4844 2012 4884 nemo

420 4920 530 4973 suis
557 4919 762 4973 meritis
791 4917 1060 4986 applicare
1103 4918 1277 4988 possit
1314 4919 1457 4988 quod
1489 4933 1713 4974 munere
1734 4918 2008 4974 Creatoris

419 5014 702 5080 acceperit.
738 5013 968 5083 Audiant
1007 5013 1254 5080 sacrilegi
1304 5013 1561 5080 Spiritum
1604 5021 1849 5067 sanctum
1888 5027 2010 5067 esse

417 5101 754 5166 Creatorem;
783 5101 912 5155 dicit
934 5103 1077 5156 enim
1107 5119 1118 5155 :
1146 5101 1337 5158 Emitte
1357 5105 1596 5173 spiritum
1619 5113 1764 5156 tuum
1785 5111 1833 5156 et
1861 5118 2008 5156 crea-

417 5193 624 5246 buntur.
671 5195 804 5246 Audi
846 5203 900 5247 et
937 5195 1098 5257 alibi,
1124 5194 1213 5248 ubi
1244 5195 1466 5249 Creator
1508 5195 1744 5263 Spiritus
1783 5204 2005 5249 sanctus

415 5283 670 5345 edit-itur;
713 5285 785 5337 ait
812 5286 954 5339 cnim
987 5286 1086 5339 Job
1121 5302 1132 5338 :
1164 5285 1392 5355 Spiritus
1425 5285 1626 5339 divinus
1655 5287 1743 5354 qui
1783 5288 1902 5358 fecit
1927 5305 2006 5342 me

425 5375 558 5443 (Job
607 5393 798 5443 χχχιιι,
849 5378 965 5447 4);
1015 5393 1134 5430 nam
1185 5393 1305 5431 cum
1351 5378 1592 5432 divinum
1640 5379 1908 5448 appellat,
1951 5389 2007 5436 et

424 5468 587 5521 Demu
646 5479 699 5522 et
751 5469 1059 5523 Creatorem
1116 5469 1372 5539 Spiritum
1429 5479 1670 5524 sanctum
1727 5471 2004 5528 evidenter

417 5560 670 5626 ostendit.

491 5649 640 5704 Vers.
669 5650 754 5706 31.
781 5651 862 5706 Sit
894 5653 1058 5722 gloria
1084 5651 1288 5708 Domini
1315 5655 1365 5707 in
1395 5653 1639 5710 stcculum
1666 5653 1844 5712 saeculi
1857 5672 1878 5723 ;
1907 5656 2000 5712 ltu-

2120 4550 2264 4614 llcat,
2289 4565 2408 4604 cum
2439 4553 2488 4604 in
2524 4551 2625 4606 hoc
2655 4555 2853 4608 mundo
2882 4554 3079 4624 degere
3102 4557 3399 4614 videbitur.
3447 4560 3534 4615 Sic
3564 4565 3705 4617 enim

2121 4641 2178 4694 ﬁt
2205 4643 2309 4696 vita
2358 4644 2459 4696 ista
2487 4659 2670 4698 revera
2695 4645 2899 4711 vitalis,
2934 4648 2976 4700 si
3008 4647 3190 4703 laudes
3221 4650 3426 4705 Domini
3457 4653 3707 4710 continua

2119 4736 2481 4792 exsultatione
2511 4745 2815 4792 cantentur.
2869 4739 2935 4792 Et
2981 4755 3047 4793 ne
3079 4741 3328 4797 crederes
3359 4742 3544 4799 laudes
3579 4745 3709 4800 iStas

2121 4840 2296 4885 morte
2324 4844 2484 4899 posse
2505 4830 2674 4899 ﬁniri,
2705 4832 2931 4902 adjecit,
2962 4834 3180 4902 psallam
3211 4833 3320 4888 Deo
3351 4853 3459 4890 meo
3479 4841 3708 4906 quandiu

2118 4939 2240 4988 ero;
2271 4924 2477 4979 scilicet
2509 4925 2557 4978 in
2584 4925 2760 4979 futuro
2783 4925 3004 4991 szeculo,
3038 4927 3124 4980 ubi
3150 4936 3202 4982 et
3232 4943 3352 4983 esse
3392 4944 3706 4999 perpetuum

2117 5024 2230 5082 est,
2264 5025 2316 5068 et
2341 5016 2634 5086 psalmodia
2677 5033 2783 5072 non
2815 5018 2974 5072 habet
3022 5019 3203 5073 linem.
3254 5019 3480 5076 Pulchre
3528 5034 3705 5079 autem

2115 5106 2346 5174 positum
2385 5117 2500 5173 est,
2528 5109 2759 5175 quandiu
2791 5125 2912 5174 ero;
2945 5123 3066 5161 nam
3095 5107 3220 5161 dum
3257 5109 3574 5165 immortalis
3598 5115 3707 5182 jam

2113 5199 2300 5265 lactus,
2328 5190 2557 5270 quandiu
2586 5212 2659 5254 est
2688 5202 2835 5271 cupit
2863 5203 3103 5270 psallere,
3134 5216 3351 5272 semper
3389 5203 3569 5273 utique
3598 5208 3704 5259 lau-

2109 5291 2205 5344 des
2235 5291 2441 5344 Domini
2467 5291 2602 5346 velle
2627 5292 2879 5360 probatur
2900 5293 3136 5346 edicere.
3167 5294 3284 5358 Quo
3306 5293 3504 5347 iudicio
3529 5295 3704 5349 decut-

2108 5392 2284 5436 ratum
2306 5391 2389 5438 est
2408 5383 2531 5452 quid
2559 5383 2664 5438 sint
2690 5385 2857 5439 acturi
2885 5385 2974 5454 qui
3000 5384 3052 5438 in
3082 5385 3224 5439 illam
3247 5386 3468 5456 patriam
3497 5403 3707 5443 merue-

2109 5476 2217 5530 rint
2237 5475 2467 5530 feliciter
2494 5476 2800 5530 intromitti.
2837 5476 3152 5531 Laudahuut
3175 5475 3375 5547 jugiter
3396 5477 3702 5541 Domimuu,

2107 5567 2231 5635 quia
2262 5583 2382 5622 eum
2421 5582 2634 5636 semper
2662 5567 2940 5632 videbunt,
2965 5567 3093 5622 dum
3129 5568 3218 5621 illa
3248 5569 3588 5637 pulchritudo
3629 5573 3702 5623 in-

2107 5659 2423 5715 enarrabilis
2449 5661 2646 5716 excitat
2678 5661 3002 5730 przeconiutn
3029 5659 3144 5715 sine
3186 5660 3290 5716 ﬁne
3323 5658 3613 5729 diligentis.
