4046 6174
333 253 421 308 7U

1255 267 1613 328 EXI‘OSITIO
1652 270 1715 324 IN
1761 269 2223 333 PSAIJERIUM.
2268 278 2458 336 PSAL.
2501 280 2632 337 CIV.

3502 298 3595 352 7H

402 368 545 422 Vcrs.
575 373 664 426 55.
693 373 877 430 Suavis
903 378 965 430 sit
992 379 1037 432 ei
1068 380 1297 435 laudatio
1321 400 1429 437 mea
1454 401 1471 440 :
1508 398 1597 453 ego
1625 399 1740 436 vero
1766 384 1901 437 dele-
1934 389 1985 447 Α
2011 389 2234 456 epistola
2259 391 2323 445 ad
2348 392 2652 450 Marcellam
2678 396 3000 469 Hieronymo
3022 403 3245 461 traditur
3265 422 3591 479 exponente,

325 462 495 514 ctabor
514 463 567 515 in
596 464 832 521 Domino.
862 470 986 525 Duae
1014 473 1228 541 quidem
1260 490 1346 529 res
1376 486 1517 539 sunt,
1546 477 1638 530 sed
1669 486 1907 545 utrmque

322 551 421 605 sibi
453 555 604 619 parili
637 558 891 614 societate
916 568 1276 621 consentiunt.
1309 569 1398 624 Sic
1418 570 1559 623 enim
1595 568 1823 623 Domino
1850 571 1908 622 fit

319 644 487 696 suat-is
517 655 694 700 nostra
737 650 1000 719 laudatio,
1044 656 1088 710 si
1118 672 1214 711 nos
1237 659 1545 713 delectemur
1569 661 1621 715 in
1652 659 1906 725 Domino;

318 744 687 808 quantumque
714 739 805 795 ille
830 745 981 799 nobis
1012 747 1305 814 dulcescit,
1331 760 1476 805 tanto
1501 754 1519 823 ι
1542 769 1661 806 mss.
1691 755 1781 820 Α,
1814 752 1901 822 B.,

322 824 418 893 F.,
452 832 675 905 tantum]
700 834 775 888 illi
803 838 1068 894 efﬁcimur
1083 844 1377 899 cliariores.
1405 848 1456 900 In
1485 862 1542 900 se
1573 847 1715 901 enim
1741 863 1905 902 unus-

317 925 545 993 quisque
577 931 809 999 rcperit,
844 935 1016 1002 qualis
1058 937 1195 1003 apud
1239 937 1570 1007 majeStatem
1610 940 1755 993 illam
1785 955 1904 995 esse

318 1018 509 1083 possit.
541 1021 742 1075 Amans
772 1024 1029 1094 diligitur,
1056 1029 1330 1098 negligens
1363 1032 1662 1099 spernitur,
1692 1032 1905 1087 deside-

317 1125 444 1164 rans
471 1114 785 1169 sustinetur.
814 1116 896 1172 Sit
923 1134 1051 1188 ergo
1100 1122 1250 1176 nobis
1292 1123 1550 1178 Divinilas
1574 1125 1901 1189 dulci~sitna,

313 1212 371 1256 ut
392 1215 457 1258 et
490 1206 595 1260 vita
619 1216 799 1263 nostra
828 1210 875 1263 ei
903 1211 1152 1266 reddatur
1174 1226 1411 1283 accepta.
1441 1216 1544 1269 Pro
1572 1217 1727 1270 nobis
1758 1217 1900 1271 enim

310 1294 567 1371 iubemur
611 1307 666 1352 ut
696 1314 761 1354 ex
793 1309 902 1354 toto
942 1304 1137 1369 corde,
1183 1321 1246 1358 ex
1292 1315 1397 1359 tota
1441 1308 1651 1370 anima,
1685 1322 1747 1360 es
1792 1316 1901 1361 tota

310 1388 513 1441 virtute
546 1388 708 1443 Deum
751 1391 1070 1462 diligamus;
1106 1405 1162 1449 ut
1204 1396 1255 1450 in
1301 1412 1361 1451 ea
1408 1396 1601 1451 iterum
1653 1414 1901 1454 mensura

309 1476 483 1545 ipsius
515 1479 656 1535 dono
681 1481 1025 1540 dilectionem
1055 1487 1297 1554 recipere
1325 1505 1651 1545 mereamur.

385 1568 542 1624 Vers.
572 1572 661 1626 54.
706 1572 959 1643 Deﬁciunt
987 1591 1273 1644 peccatores
1300 1598 1331 1633 a
1358 1590 1513 1647 terra,
1541 1591 1584 1635 et
1612 1584 1793 1654 injusfi
1831 1584 1902 1638 ita

300 1671 366 1715 ω
390 1679 493 1715 non
514 1664 634 1717 sint.
669 1664 919 1734 Benedic,
946 1671 1118 1723 anima
1143 1687 1282 1737 mea,
1310 1670 1552 1727 Domino.
1587 1673 1844 1743 De/iriunt
1868 1693 1900 1729 a

2010 483 2095 549 qui
2126 483 2260 537 dixit
2291 501 2304 537 :
2350 486 2584 543 Primum
2630 491 2718 546 Dei
2760 508 2953 549 nomen
2977 508 3059 551 est
3088 500 3168 563 El,
3203 502 3252 553 id
3279 514 3382 569 e5t,
3419 503 3594 561 fortis.

2012 573 2213 631 Deinde
2246 578 2413 634 Eloim
2445 590 2498 635 et
2528 582 2674 647 Eloe,
2708 588 2848 654 quod
2882 598 3166 661 utrumque
3198 594 3393 650 dicitur
3428 598 3586 655 Deus.

2014 665 2161 721 Uttde
2189 670 2513 736 geminatum
2548 674 2851 746 frequenter
2898 682 3185 753 invenitur,
3214 698 3270 739 ut
3297 700 3413 751 est,
3452 690 3588 745 Deus

2009 755 2147 811 Deus
2172 774 2326 825 meus,
2352 765 2544 832 respice
2570 768 2622 819 in
2645 784 2721 820 me
2746 768 2917 837 (Psal.
2944 788 3050 836 XXI,
3081 774 3168 843 9.):
3201 786 3254 829 ct
3283 778 3429 838 illud,
3458 779 3594 835 Dens

2014 847 2148 901 Deus
2172 866 2331 917 meus,
2365 870 2523 923 quare
2544 873 2622 910 me
2637 859 2952 928 dereliquisti
2967 865 2991 916 ?
3014 875 3089 932 et,
3117 865 3251 921 Deus
3273 868 3408 924 Deus
3431 889 3593 940 meus,

2006 940 2075 991 ad
2097 947 2144 993 te
2161 940 2224 993 de
2246 943 2355 995 luce
2375 945 2527 1015 vigilo
2554 946 2726 1016 (Psal.
2758 968 2891 1021 exn,
2915 953 2991 1024 ἒ),
3017 958 3167 1011 ethis
3182 960 3400 1015 similia.
3426 962 3595 1028 Quar~

2009 1038 2118 1083 tum
2150 1029 2409 1099 Sabaoth,
2444 1038 2584 1103 quod
2616 1048 2699 1092 est
2720 1054 3074 1098 exemtuum.
3106 1048 3356 1113 Quintum
3377 1051 3590 1120 Ilelion,

2006 1138 2165 1192 quem
2192 1142 2287 1178 nos
2308 1129 2580 1185 excelsum
2602 1133 2853 1192 dicimus.
2872 1138 3093 1194 Sextum
3121 1144 3428 1213 Eserebeie,
3454 1152 3592 1217 quod

2006 1217 2169 1289 354
2196 1220 2249 1273 in
2294 1221 2480 1279 Exodo
2512 1225 2734 1294 legitur:
2774 1232 2875 1297 Qui
2900 1242 2972 1286 est
3005 1237 3140 1289 misit
3169 1255 3245 1291 me
3270 1240 3285 1308 (
3314 1239 3484 1295 Exod.
3518 1259 3594 1308 Ill,

2011 1309 2121 1378 Il}.
2149 1312 2443 1380 Septimum
2477 1318 2713 1384 Adonai,
2741 1337 2896 1390 quem
2931 1340 3027 1378 nos
3059 1326 3337 1383 Dominum
3373 1347 3597 1400 genera-

2007 1405 2131 1460 liter
2157 1410 2512 1476 appellamus.
2545 1411 2801 1469 Octavum
2832 1417 2883 1470 la
2904 1463 2917 1485 ,
2955 1421 3096 1489 quod
3128 1423 3238 1476 Deo
3271 1435 3473 1480 tantum
3507 1444 3598 1497 ap-

2008 1497 2255 1566 plicatur,
2280 1511 2333 1555 et
2357 1502 2408 1555 in
2436 1504 2658 1558 Alleluia
2680 1518 2925 1563 extrema
2959 1513 3160 1582 syllaba
3183 1526 3352 1570 sonat.
3390 1518 3595 1574 Nouum

2007 1589 2530 1662 Tetragrammuton,
2565 1601 2704 1666 quod
2738 1601 3004 1659 inelfabile
3035 1620 3387 1677 nuncupatur.
3437 1613 3598 1665 Deci-

2005 1698 2147 1736 mum
2206 1685 2433 1750 Snddai,
2494 1688 2544 1741 id
2595 1700 2677 1743 est
2717 1692 2990 1748 robustum
3033 1707 3086 1750 et
3126 1701 3483 1755 sufficientem
3529 1703 3594 1755 ad

308 1771 448 1815 terra
473 1774 779 1831 peccatores,
810 1766 935 1820 dum
982 1777 1190 1823 terrena
1237 1770 1527 1838 cupiditate
1559 1772 1777 1839 privati,
1807 1788 1899 1841 per
1933 1769 1978 1827 B
2006 1774 2185 1831 omnia
2213 1779 2583 1844 perpetranda,
2612 1790 2665 1835 et
2692 1793 2907 1838 caetera.
2933 1784 3114 1841 Novus
3138 1790 3293 1856 plane
3325 1792 3510 1845 titulus
3542 1804 3596 1848 ct

302 1852 407 1906 Dei
438 1857 663 1921 gratiam
692 1857 756 1909 ad
790 1859 1013 1913 meliora
1041 1860 1212 1913 studia
1250 1862 1617 1928 concitantur;
1648 1876 1701 1916 et
1733 1865 1896 1934 iniqui

306 1946 475 2000 sitnli
505 1950 664 2001 modo
685 1948 957 2016 deﬁciunt,
977 1952 1188 2021 quando
1212 1953 1458 2023 malijam
1480 1970 1605 2011 esse
1626 1955 1895 2013 desinunt.

306 2039 436 2093 Ilaec
461 2042 604 2094 enim
651 2043 818 2112 magis
858 2046 1029 2098 oratio
1060 2062 1216 2115 quam
1259 2048 1563 2103 maledictio
1611 2060 1694 2105 est
1726 2067 1739 2104 :
1776 2053 1898 2120 quia

304 2133 487 2187 omnis
510 2132 688 2201 justus
715 2150 834 2189 cum
869 2139 958 2191 Dei
983 2137 1274 2195 Ecclesiam
1300 2141 1445 2209 cupit
1472 2144 1681 2211 augeri,
1714 2159 1898 2210 pecca-

304 2237 456 2280 tores
483 2238 632 2296 optat
659 2230 772 2285 sine
821 2231 1150 2288 dubitatione
1188 2238 1458 2303 converti,
1502 2238 1732 2292 maxime
1776 2254 1896 2293 cum

304 2320 521 2373 noverit
571 2321 979 2377 desiderabilem
1027 2328 1313 2381 adventum
1367 2328 1574 2382 Domini
1620 2344 1785 2400 usque
1831 2331 1898 2386 ad

303 2410 810 2476 prmdestinatorum
860 2430 1140 2471 numerum
1189 2433 1345 2484 posse
1382 2420 1660 2488 suspendi.
1703 2422 1898 2491 Sequi-

303 2513 416 2566 tur,
469 2500 708 2569 Benedic,
751 2508 921 2557 anima
950 2523 1082 2571 mea,
1122 2507 1368 2565 Domino.
1414 2509 1638 2579 Dignum
1688 2512 1896 2567 initium

302 2593 534 2660 psalmi,
568 2594 758 2660 dignus
788 2608 841 2648 et
879 2597 1031 2662 linis,
1066 2598 1215 2651 illum
1244 2613 1458 2667 semper
1483 2599 1775 2654 benedicere
1808 2603 1897 2671 qui

302 2700 642 2754 nequaquam
676 2686 870 2741 desinit
895 2688 1137 2744 ﬁdelibus
1162 2691 1303 2759 aliqu
1323 2692 1447 2745 mdo
1472 2704 1746 2760 prtestare.
1773 2694 1900 2749 llaec

299 2790 521 2845 quoque
541 2777 833 2831 similitudo
862 2781 1142 2835 sententiae
1171 2781 1292 2851 (nisi
1323 2782 1501 2853 fallor)
1524 2783 1662 2838 sicut
1690 2784 1778 2840 illa
1805 2800 1898 2839 su-

302 2871 512 2936 perior,
540 2870 604 2922 ad
634 2870 685 2924 ill
710 2886 751 2925 is
781 2872 1058 2927 referenda
1089 2884 1171 2929 est
1197 2876 1310 2943 qui,
1336 2880 1625 2945 prmatante
1649 2878 1896 2947 Domino,

297 2960 556 3028 religiosa
579 2963 837 3031 principia
864 2964 984 3018 vita:
1015 2979 1125 3019 sua:
1148 2981 1267 3020 cum
1298 2968 1532 3037 g'orioso
1564 2967 1667 3022 ﬁne
1691 2968 1897 3038 junxe-

297 3064 448 3109 ῐιιιιι.

846 3167 1112 3226 Conclusio
1151 3174 1354 3244 psalmi.

380 3281 713 3348 Audivimus,
742 3282 881 3339 bone
909 3300 1031 3352 rex,
1056 3298 1251 3356 quanta
1278 3288 1431 3342 nobis
1453 3288 1521 3343 de
1551 3289 1788 3345 veritatis
1813 3306 1893 3345 ar-

294 3390 439 3431 cano
464 3388 797 3430 sacramenta
828 3378 1154 3443 prol'uderis,
1179 3380 1407 3435 docuisti
1440 3382 1890 3450 quemadmodum

292 3466 555 3521 tendatur
594 3468 809 3532 cmlum,
836 3483 998 3537 supra
1034 3469 1201 3523 caelos
1230 3481 1406 3525 autem
1435 3487 1585 3541 aquae
1614 3476 1719 3527 sint
1743 3475 1891 3543 posi-

290 3569 385 3625 tae,
412 3561 595 3613 lunam
629 3560 817 3614 factam
850 3561 901 3614 in
933 3569 1171 3630 tempora
1204 3562 1351 3632 [ed.,
1388 3564 1439 3618 in
1473 3565 1771 3638 tempore],
1803 3581 1892 3622 so.

294 3651 402 3705 lem
421 3664 671 3704 occasum
698 3666 852 3705 suum
878 3653 928 3705 in
949 3668 1195 3722 magnum
1215 3654 1526 3723 mysterium
1550 3658 1889 3725 cognovisse.

294 3740 405 3798 υἱςι
427 3752 522 3795 ant
547 3742 721 3811 potius
747 3742 883 3798 hanc
909 3757 1028 3797 esse
1050 3758 1293 3799 veracem
1316 3745 1678 3800 conditionem
1708 3761 1885 3802 rerum

296 3836 571 3904 superflue
596 3836 851 3901 studiosi,
882 3839 968 3907 qul
1000 3836 1068 3892 de
1094 3836 1371 3891 stellarum
1399 3853 1559 3892 cursu
1582 3836 1733 3894 vanis
1761 3854 1887 3910 sup-

298 3931 667 3999 putationibus
683 3930 988 3985 eluduntur.
1008 3931 1241 3986 Audiant
1259 3934 1567 4001 magistrum
1583 3935 1885 4002 cmlestem,

297 4023 575 4079 doctorem
600 4039 871 4089 veracem,
897 4033 1229 4079 narratorcm
1250 4037 1507 4081 creaturae
1531 4040 1671 4093 suae,
1705 4028 1793 4097 qui
1818 4030 1883 4084 ad

296 4116 507 4186 ineptas
535 4116 926 4187 exquisitiones
955 4130 1214 4185 currunt;
1242 4120 1330 4188 qui
1356 4119 1480 4173 dum
1512 4119 1757 4188 discipuli
1789 4121 1888 4175 fal-

295 4224 475 4262 Sarttm
500 4209 809 4277 opinionum
829 4225 950 4264 esse
972 4211 1213 4279 cupiunt,
1237 4211 1623 4281 cognoscendae
1646 4212 1884 4268 veritatis
1936 4250 1939 4255 ν

293 4308 539 4370 tempora
571 4299 934 4369 perdiderunt.

603 4414 961 4470 EXPOSlTlO
999 4414 1065 4470 IN
1098 4413 1421 4471 PSALMUM
1452 4414 1583 4471 CIV.

971 4508 1214 4561 Alleluia.

366 4622 482 4675 Hoc
524 4620 667 4675 verbi
711 4619 873 4675 decus
913 4636 941 4674 a
975 4621 1221 4687 przesenti
1266 4621 1472 4689 psalmo
1503 4619 1880 4686 ft-citinitium,

293 4728 393 4767 nec
416 4720 543 4765 ante
571 4727 598 4763 a
626 4728 888 4781 quoquam
921 4714 1123 4781 reperis
1166 4714 1417 4780 positum,
1452 4713 1696 4783 quamvis
1732 4712 1881 4767 multi

292 4807 585 4873 scriptores
623 4802 819 4858 iuerint
854 4804 1100 4873 primitus
1131 4803 1498 4857 llebrmorum.
1528 4803 1678 4859 Scire
1704 4814 1879 4859 autem

293 4899 553 4953 debemus
578 4896 799 4949 Alleluia
823 4898 992 4951 neutri
1016 4897 1228 4965 generis
1251 4911 1371 4950 esse
1394 4896 1669 4951 deﬁnitum
1696 4914 1710 4963 ;
1739 4898 1877 4966 quod

293 5002 338 5043 et
376 5001 595 5045 Sanctus
620 4991 974 5063 Hieronymus
997 4994 1046 5045 in
1070 4992 1404 5060 expositione
1431 4994 1668 5060 ejusdem
1691 4995 1881 5063 psalmi

292 5082 573 5134 evidenter
619 5083 887 5152 designat,
918 5082 1055 5151 quod
1088 5095 1207 5135 eum
1243 5082 1293 5134 in
1343 5081 1617 5136 Hebraicis
1646 5081 1882 5138 fontibus

293 5173 563 5226 exedinms
593 5173 880 5228 invenisse.
911 5175 973 5228 Et
1002 5174 1122 5228 ideo
1152 5173 1449 5244 ubicunque
1476 5188 1536 5229 se
1564 5174 1711 5229 locus
1741 5183 1882 5230 attu-

295 5267 436 5333 lerit,
466 5282 496 5321 a
525 5267 835 5324 doctissimo
866 5271 980 5324 viro
1006 5270 1280 5340 pra-fixam
1316 5271 1554 5341 regulam
1586 5271 1882 5342 subseque-

295 5376 413 5415 mur
441 5378 456 5415 :
488 5364 736 5430 quoniam
765 5378 926 5417 unum
960 5371 1118 5431 atque
1148 5362 1408 5431 integrum
1444 5378 1660 5417 manere
1702 5364 1877 5429 debet,

295 5456 434 5522 quod
467 5456 663 5511 nullius
694 5456 881 5525 lingua:
906 5456 1327 5527 praesumptione
1363 5465 1619 5510 mutatum
1650 5466 1752 5511 est.
1788 5457 1877 5510 Al-

295 5546 452 5601 leluia
474 5548 616 5602 enim
646 5548 783 5616 apud
816 5548 960 5617 ipsos
983 5547 1197 5614 dicitur,
1224 5546 1435 5601 laudate
1467 5546 1665 5611 Deum;
1695 5547 1743 5600 id
1773 5557 1875 5611 est,

293 5642 490 5707 allelu,
540 5642 779 5707 laudate;
848 5644 900 5697 ia
952 5643 1149 5713 quippe
1218 5640 1542 5695 invisibilcm
1614 5640 1879 5709 signiﬁcat

297 5730 494 5805 Deum;
524 5734 664 5805 quod
708 5752 866 5790 unum
899 5751 959 5791 es
993 5735 1174 5789 decvm
1209 5733 1510 5789 nominibus
1537 5746 1656 5788 esse
1684 5731 1799 5803 Dei,
1825 5733 1875 5787 in

2006 1865 2130 1920 dicti
2161 1868 2327 1936 ipsius
2358 1870 2617 1927 brevitate
2658 1878 3010 1944 conspicuus;
3044 1881 3140 1935 lioc
3168 1881 3430 1939 Eoclesiis
3460 1887 3593 1940 rosi-

2004 1975 2150 2022 vum,
2169 1961 2265 2015 lioc
2279 1966 2475 2017 sanctis
2501 1964 2875 2024 festivitatibus
2888 1971 3141 2027 decenter
3157 1978 3591 2032 accommodum.

2006 2050 2143 2105 Hinc
2169 2065 2389 2107 ornatur
2419 2055 2595 2125 lingua
2644 2069 2965 2116 cantorum:
3018 2063 3156 2117 istud
3208 2065 3327 2119 aula
3378 2066 3585 2124 Domini

2003 2143 2121 2199 laeta
2154 2146 2463 2214 respondet,
2489 2156 2541 2202 et
2574 2160 2822 2219 tauquam
2855 2153 3158 2209 insatiabile
3200 2158 3392 2211 bonum
3424 2163 3590 2229 tropis

2004 2251 2219 2307 semper
2258 2241 2585 2296 variantibus
2619 2244 2924 2300 innovatur.
2976 2248 3038 2301 Et
3083 2248 3201 2305 ideo
3230 2257 3587 2321 ex5pecianda

2004 2328 2130 2401 [ed.,
2157 2329 2477 2403 expetenda]
2509 2343 2634 2387 sunt
2655 2339 2836 2391 snavia
2860 2338 2998 2392 dicta
3028 2344 3373 2410 psalmorum,
3399 2348 3591 2415 quibus

2005 2428 2108 2474 tam
2146 2421 2315 2476 dulcis
2346 2438 2522 2491 prteco
2563 2426 2925 2494 praemittitur.
2960 2429 3093 2498 Quid
3126 2434 3265 2487 enim
3315 2438 3464 2506 sequi
3496 2454 3590 2507 po-

2003 2520 2124 2576 test,
2156 2512 2280 2566 liinc
2306 2513 2463 2569 datur
2488 2517 2741 2587 intelligi,
2772 2518 2859 2573 ubi
2903 2530 2957 2575 et
2986 2522 3168 2577 titulus
3209 2526 3322 2594 ipse
3349 2528 3584 2585 laudatio

2000 2611 2104 2656 est.
2133 2602 2432 2658 Notandum
2465 2618 2722 2674 praeterea
2749 2611 2886 2673 quod
2916 2627 3011 2681 per
3037 2631 3227 2671 omnes
3268 2617 3362 2673 lios
3403 2621 3587 2690 viginti

2002 2694 2237 2763 psalmos
2264 2697 2353 2766 qui
2379 2699 2608 2754 Alleluia
2634 2702 2788 2758 titulo
2812 2707 3247 2773 przescribnntur,
3277 2710 3327 2765 id
3352 2721 3435 2767 est
3464 2730 3591 2782 pra:-

2000 2797 2206 2842 sentem
2248 2804 2354 2857 CIV,
2384 2805 2471 2855 cv,
2510 2804 2617 2859 cvi,
2650 2808 2737 2859 cx,
2766 2811 2871 2860 cxi,
2906 2812 3044 2863 cxu,
3090 2814 3247 2864 cuit,
3280 2817 3428 2869 cxtv,
3461 2819 3587 2870 cxv,

2000 2894 2143 2947 CXVI,
2168 2898 2328 2950 CXVII,
2349 2898 2531 2955 οκηιι,
2557 2900 2776 2951 CXXXIV,
2796 2904 2991 2955 CXXXV,
3012 2907 3167 2959 CXLV,
3188 2909 3365 2960 CXLVI,
3389 2912 3588 2964 CXLVII,

2000 2988 2214 3039 cxcvm,
2246 2990 2425 3041 chts,
2452 2992 2537 3044 cc,
2576 2979 2785 3034 Domini
2815 2984 3071 3051 magnalia
3105 2986 3502 3056 describantur,
3534 3004 3590 3046 et

2001 3064 2214 3132 copiosa
2246 3064 2299 3117 in
2329 3065 2405 3119 eis
2433 3067 2789 3125 exsultatione
2814 3072 3071 3140 gaudetur
3095 3074 3237 3145 [mss
3264 3076 3351 3140 A.,
3378 3076 3467 3143 B.,
3492 3075 3587 3147 F.,

1922 3138 1967 3200 C
1999 3154 2377 3228 gaudendum].
2413 3157 2650 3226 Quorum
2685 3138 2939 3217 numerus
2968 3138 3119 3232 parili
3149 3169 3407 3223 societate
3450 3169 3587 3225 Novi

1996 3255 2051 3301 et
2081 3244 2288 3299 Veteris
2317 3248 2645 3305 Testamenti
2689 3252 2911 3323 gloriam
2958 3255 3183 3313 fortasse
3228 3259 3497 3330 designat,
3528 3274 3588 3318 ut

1998 3339 2228 3405 potentia
2259 3340 2533 3422 Creatoris
2561 3359 2775 3414 semper
2815 3348 3008 3404 debeat
3033 3360 3085 3405 et
3116 3351 3312 3422 ubique
3352 3355 3577 3414 laudari.

1997 3417 2545 3491 Evidentioremmvero
2572 3452 2787 3492 causam
2816 3454 2921 3495 non
2945 3443 3264 3512 invenimus,
3287 3460 3384 3501 cur
3413 3447 3465 3502 in
3496 3451 3580 3505 bis

1997 3532 2197 3579 tantum
2231 3527 2449 3595 psalmis
2477 3528 2699 3582 Alleluia
2720 3530 2787 3584 sit
2813 3532 3064 3600 positum.

2574 3641 2766 3695 Divisio
2792 3644 2996 3711 psalmi.

2065 3749 2252 3805 Sciens
2298 3752 2554 3821 propheta
2604 3755 2855 3822 pupulum
2901 3757 3245 3813 Iiebrteorum
3289 3761 3579 3818 olTendisse

1997 3840 2303 3909 frequenter
2330 3841 2612 3894 Dominum
2639 3846 2910 3911 (quoniam
2934 3862 3082 3915 Spem
3112 3865 3261 3904 suam
3288 3853 3339 3906 in
3373 3863 3582 3922 tempo-

1991 3931 2192 3986 ralibus
2223 3931 2381 3986 rebus
2404 3932 2782 4003 beneﬁciisque
2813 3939 3183 4009 posuerunt),
3217 3942 3386 4009 prima
3431 3958 3581 4011 parte

1994 4022 2177 4077 ﬁdeles
2208 4023 2459 4078 admonet
2490 4033 2547 4077 ut
2574 4040 2697 4079 eum
2745 4028 3097 4093 spiritualiter
3137 4045 3352 4100 semper
3378 4036 3577 4103 exqui-

1991 4127 2131 4170 rant.
2180 4116 2423 4172 Secunda
2471 4133 2565 4185 per
2614 4120 3037 4186 patriarcharum
3085 4126 3333 4192 exempla
3383 4142 3569 4181 eorum

1991 4210 2152 4265 Corda
2177 4210 2478 4276 conﬁrmat,
2510 4210 2800 4264 ostendens
2829 4212 2947 4266 illos
2978 4228 3007 4266 a
3034 4212 3258 4267 Domino
3280 4232 3383 4269 non
3408 4216 3575 4271 fuisse

1991 4302 2309 4366 derelictos,
2350 4304 2440 4373 qui
2464 4304 2580 4373 ejus
2612 4303 2838 4373 imperio
2860 4307 3180 4361 servierunt.
3215 4309 3394 4365 Tertia
3427 4322 3578 4380 parte

1990 4394 2292 4449 dinumerat
2334 4406 2533 4464 quanta
2582 4406 2634 4452 et
2673 4398 2847 4466 qualia
2894 4399 3130 4466 patribus
3168 4416 3353 4457 eorum
3406 4405 3576 4462 virtus

1913 4517 1965 4576 Β
1990 4489 2163 4543 divina
2185 4491 2520 4558 praestiterit:
2548 4492 2783 4560 pericula
2798 4492 2994 4563 Josepli
3019 4496 3357 4568 honoresque
3375 4498 3577 4555 descri-

1990 4582 2142 4646 bens,
2178 4582 2451 4635 introitum
2477 4583 2530 4636 in
2563 4583 2843 4654 iEgyptum
2868 4601 3295 4645 commemorans
3326 4590 3575 4647 llebrmo-

1990 4689 2126 4728 rum.
2144 4675 2343 4740 Quarta
2358 4674 2520 4729 refert
2535 4677 2983 4746 quemadmodum
3008 4678 3327 4736 lsraeliticus
3346 4684 3573 4752 populus

1986 4769 2053 4823 ab
2076 4769 2305 4823 inimicis
2330 4770 2693 4837 suisjussione
2718 4772 2925 4827 Domini
2950 4789 3046 4844 per
3074 4775 3287 4846 Moysen
3316 4787 3369 4832 et
3390 4780 3569 4836 Aaron

1988 4858 2214 4913 diversis
2240 4859 2405 4929 plagis
2430 4859 2806 4929 [Egyptiorum
2850 4862 3008 4917 fuerit
3028 4866 3343 4923 vindicatus.
3376 4870 3570 4935 Quinta

1990 4948 2247 5003 describit
2288 4960 2481 5016 quanta
2519 4951 2755 5005 Hebraeis
2787 4955 3094 5021 prsestiterit
3143 4958 3195 5010 in
3241 4958 3484 5025 deserto;
3515 4972 3572 5016 ut

1991 5057 2096 5095 non
2127 5041 2178 5094 in
2212 5042 2596 5109 temporalibus
2621 5044 2773 5098 bonis
2801 5047 3112 5116 gauderent,
3147 5050 3239 5105 sed
3276 5061 3333 5104 ut
3361 5054 3568 5123 magnis

1990 5131 2262 5188 beneﬁciis
2283 5131 2511 5199 deliniti,
2540 5132 2945 5201 jnstiﬁcationes
2974 5139 3089 5209 ejus
3108 5141 3349 5210 etlegem
3377 5142 3568 5198 devoto

1992 5232 2208 5291 pectore
2232 5223 2583 5279 custodirent.
2614 5225 2703 5280 Sic
2726 5225 3000 5298 longitudo
3027 5230 3217 5299 psalmi
3251 5232 3567 5301 compendio

1989 5316 2308 5386 divisionum
2342 5330 2436 5385 per
2461 5325 2635 5385 partes
2667 5318 2827 5374 missa
2853 5320 3132 5379 dulcescit.

2530 5430 2795 5499 Exposi'io
2817 5433 3021 5502 psalmi.

2058 5548 2209 5603 Vers.
2237 5550 2287 5603 I.
2308 5547 2633 5615 Conﬁtemini
2662 5546 2899 5618 Domino,
2919 5560 2964 5603 et
2988 5551 3212 5603 invocate
3232 5564 3411 5604 nomen
3434 5552 3570 5623 ejus;

1982 5641 2281 5693 annuntiate
2312 5640 2440 5694 inter
2468 5650 2637 5711 gentes
2659 5657 2813 5709 Opera
2838 5642 2970 5712 ejus.
3004 5642 3058 5695 In
3090 5643 3189 5698 Iioc
3217 5658 3372 5698 versu
3400 5644 3568 5698 tribus

1984 5740 2189 5790 constat
2218 5733 2454 5804 partibus
2475 5732 2605 5789 ordo
2637 5732 2917 5790 dictorum.
2953 5734 3131 5792 Primo
3160 5737 3289 5793 dicit
3343 5735 3567 5805 Conﬁte-
