3966 6172
482 261 585 315 743

1698 251 1766 305 Μ.
1811 248 2086 306 AURELII
2127 251 2529 313 CASSIODORI

3610 276 3695 334 ἨΑ

479 371 602 426 mini
635 371 876 436 Domino,
910 369 1082 434 idest,
1112 363 1325 421 laudate
1349 379 1494 432 eum,
1519 374 1575 418 et
1605 363 1760 418 bonis
1781 363 1935 418 factis
1955 377 2076 434 gra-
2103 367 2154 424 Α
2180 367 2520 434 prtesentiam
2542 374 2659 438 ejus
2687 371 2856 440 cupit,
2888 385 2914 424 a
2945 387 3104 442 prava
3136 387 3194 429 sc
3219 377 3416 434 actione
3444 391 3702 453 snspcndit.

478 464 606 518 tiam
636 464 787 517 vobis
817 459 1119 514 Divinitatis
1139 456 1433 527 acquirite:
1459 455 1579 524 quia
1609 455 1837 526 idipsum
1857 464 1939 510 est
1961 457 2076 510 lau-

478 555 607 609 dare
634 553 940 613 Dominum,
969 565 1064 604 ore
1086 549 1166 603 illi
1197 549 1454 604 honorem
1479 549 1711 612 deferre.
1745 557 1797 603 et
1819 548 2074 617 operibus

479 645 596 713 ejus
618 642 888 714 jussiones
922 640 1158 696 efﬁcere.
1182 640 1272 694 llla
1298 640 1442 694 enim
1469 639 1738 695 confessio
1762 639 1848 693 hic
1874 639 2075 693 intelli-

478 734 647 803 genda
670 744 774 799 eat,
802 748 918 802 qua:
950 730 1162 785 Domini
1195 732 1457 800 praeconia
1486 730 1765 785 celebrare
1788 743 1894 784 non
1923 728 2076 785 desi-

479 826 576 889 nit,
609 824 824 894 quando
850 834 904 878 et
933 823 1310 894 subsequentia
1336 823 1443 878 tale
1472 834 1654 878 votum
1700 823 2074 894 actionemque

479 919 772 972 declarant.
822 917 1024 972 Deinde
1068 917 1340 970 Dominum
1381 925 1693 970 commonet
1727 916 1991 980 invocari;
2017 926 2074 972 ut

480 1019 599 1078 post
630 1009 980 1064 ministerium
1022 1009 1374 1063 sanctissimae
1406 1009 1579 1063 laudis
1604 1017 1756 1078 grate
1799 1011 2072 1079 possimus

481 1103 673 1156 audiri.
694 1101 1132 1157 Prmmittendum
1151 1110 1236 1156 est
1257 1094 1397 1155 enim
1417 1101 1540 1155 boni
1563 1102 1789 1170 aliquid,
1815 1113 1872 1158 ut
1901 1103 2068 1159 Iudex

483 1210 583 1248 nos
613 1194 852 1262 placatus
898 1193 1168 1247 exaudiat.
1202 1193 1384 1248 Tertio
1426 1193 1575 1258 dicit,
1607 1195 1905 1246 annuntiate
1942 1195 2075 1248 inter

482 1301 652 1361 gentes
673 1304 827 1359 opera
858 1289 1000 1353 eius;
1030 1288 1174 1356 quod
1203 1287 1340 1341 bene
1374 1295 1548 1356 potest
1569 1286 1817 1355 gloriosis
1847 1302 2073 1355 evange-

484 1380 642 1446 listis,
672 1389 724 1434 et
755 1379 1110 1433 sanctissimis
1134 1379 1422 1446 apostolis,
1452 1389 1505 1433 et
1535 1393 1677 1434 nunc
1705 1379 2072 1434 sacerdotibus

482 1474 800 1537 convenire,
838 1473 927 1542 qui
979 1488 1072 1541 per
1111 1481 1296 1542 gentes
1343 1473 1622 1527 universas
1662 1473 1926 1542 magnalia
1953 1473 2074 1543 ejus

484 1567 802 1620 annuntiare
832 1575 1142 1618 noscuntur.
1540 1618 1542 1620 ,

557 1657 708 1710 νει-ε.
744 1661 796 1709 2.
829 1653 1044 1709 Cantute
1062 1655 1108 1708 ei
1139 1664 1187 1708 et
1211 1654 1414 1723 psallite
1435 1656 1532 1719 ei,..
1546 1665 1753 1709 narrate
1774 1658 1944 1710 omnia
1973 1657 2072 1709 mi—

2181 459 2426 525 Quwsivit
2441 461 2584 516 enim
2604 464 2786 532 faciem
2808 463 3033 532 Judicis,
3052 467 3260 535 quando
3281 469 3402 525 dixit
3421 476 3669 544 Apostolus
3689 502 3700 535 :

2176 550 2380 606 Bonum
2423 562 2677 608 certamen
2724 556 2938 621 certavi,
2965 572 3170 610 cursum
3207 566 3554 630 consummavi,
3581 569 3706 632 fidem

2176 646 2370 699 servavi
2399 646 2506 700 :de
2538 656 2723 701 ctetero
2763 648 2982 717 reposita
3011 659 3085 702 est
3130 650 3252 703 mihi
3301 655 3477 708 corona
3505 657 3705 726 justitite,

2174 755 2330 808 quam
2373 740 2544 794 reddet
2589 741 2716 794 mihi
2765 739 3014 796 Dominus
3053 743 3106 796 in
3156 742 3247 797 illa
3273 745 3350 798 die
3370 749 3530 816 justus
3563 749 3708 808 ludes

2179 830 2264 900 (11
2291 832 2420 885 Tim.
2451 848 2524 897 tv,
2545 831 2597 901 7,
2632 832 2709 903 8).
2743 834 2890 888 Talis
2917 851 3041 905 ergo
3055 835 3198 904 juste
3220 836 3581 908 faciemjudicis
3598 861 3711 912 quat-

2175 924 2320 991 siuit,
2351 923 2528 992 quise
2567 925 2935 980 coronandum
2983 940 3107 981 esse
3157 926 3366 981 Domini
3411 931 3714 990 miseratione

2178 1015 2479 1084 praesensit.

2255 1106 2405 1161 Vers.
2440 1109 2496 1163 5.
2528 1106 2836 1164 Mementote
2863 1109 3174 1162 mirabilium
3204 1110 3314 1179 ejus
3328 1128 3434 1181 quia
3458 1113 3591 1184 fecit;
3617 1096 3736 1182 pro-l

2176 1197 2317 1268 digia
2355 1199 2498 1267 ejus,
2531 1209 2576 1251 et
2617 1200 2823 1269 judicia
2865 1203 2968 1254 oris
2994 1203 3126 1271 ejus.
3180 1201 3337 1256 Venit
3373 1204 3435 1257 ad
3473 1209 3716 1261 secundum

2179 1300 2405 1357 partem,
2431 1289 2520 1343 ubi
2540 1291 2958 1356 patriarcharum
2985 1292 3199 1346 nomina
3227 1303 3277 1346 et
3305 1293 3547 1350 beneﬁcia
3568 1299 3717 1362 refert;

2175 1391 2235 1436 ut
2257 1381 2406 1452 plebs
2421 1383 2617 1436 devota
2637 1384 2802 1451 possit
2821 1383 3127 1451 advertere,
3152 1385 3352 1439 nullum
3373 1387 3584 1441 Domino
3606 1388 3720 1445 inani

2175 1472 2460 1528 devotione
2498 1473 2768 1528 serviisse.
2798 1473 3062 1530 Mirabilia
3089 1475 3268 1545 itaque
3293 1480 3550 1547 pertinent
3576 1482 3630 1534 ad
3657 1481 3717 1534 di-

2174 1569 2436 1622 visionem
2466 1569 2627 1623 maris
2651 1567 2852 1635 Rubri;
2885 1569 3046 1641 355
3075 1569 3319 1641 prodigia
3341 1569 3404 1623 ad
3438 1572 3599 1641 plagas
3621 1589 3724 1639 quas

2177 1659 2324 1714 misit
2351 1660 2402 1712 in
2433 1657 2722 1730 Egyptum
2741 1674 2755 1722 ;
2776 1660 2980 1729 judicia
3013 1659 3118 1712 oris
3140 1662 3276 1729 ejus,
3309 1663 3545 1728 quoniam
3567 1673 3723 1715 concta

483 1751 668 1805 rabilia
696 1751 829 1821 ejus.
862 1748 1095 1818 Exponit
1123 1749 1261 1818 quod
1288 1749 1536 1816 superius
1563 1749 1717 1812 dixit,
1748 1748 2075 1818 Conﬁtemini
2106 1741 2152 1801 Β
2179 1751 2468 1829 complevit
2503 1765 2622 1818 quae
2664 1751 2828 1821 Moysi
2865 1764 2965 1805 suo
2995 1748 3203 1804 famulo
3234 1750 3536 1819 promisisse
3571 1751 3727 1820 digno-

485 1841 733 1896 Domino.
765 1842 978 1895 Cantate
1003 1839 1148 1894 enim
1192 1839 1260 1893 ad
1303 1840 1529 1910 hymnos
1573 1841 1805 1909 pertinet
1846 1841 2080 1896 oﬁ'eren-

483 1934 614 2000 dos;
659 1933 865 2002 psallite
906 1932 974 1986 ad
1021 1933 1136 2000 pias
1184 1945 1376 2000 operas
1425 1931 1791 2000 explicandas.
1837 1932 1901 1985 Et
1951 1942 2079 1986 tunc

485 2026 622 2082 dixit
647 2025 908 2080 narranda
929 2024 1204 2088 mirabilia,
1232 2024 1444 2091 quando
1473 2023 1669 2079 fuerint
1693 2023 1800 2078 duo
1823 2024 1919 2079 ista
1943 2039 2080 2095 prte-

489 2121 675 2175 missa.
713 2118 900 2172 Omnia
926 2117 1102 2183 enim,
1136 2117 1403 2186 signiﬁcat
1431 2116 1528 2172 ista
1552 2132 1672 2186 quae
1695 2117 1934 2173 dicturus
1973 2127 2078 2173 est.

487 2212 601 2266 Non
631 2220 714 2265 est
739 2211 878 2265 enim
909 2210 1261 2264 humanarum
1293 2211 1485 2264 virium
1525 2211 1694 2264 omnia
1724 2227 1937 2264 narrare
1961 2226 2082 2280 qua:

487 2307 656 2359 virtus
681 2303 985 2357 Divinitatis
1016 2311 1291 2371 operatur,
1323 2303 1459 2356 sicut
1490 2301 1542 2356 in
1571 2303 1869 2357 centesimo
1893 2305 2082 2373 quinto

491 2397 694 2466 psalmo
717 2395 955 2449 dicturus
976 2401 1096 2448 est:
1127 2391 1254 2457 Quis
1283 2391 1515 2458 loque'ur
1554 2395 1806 2463 potentias
1855 2392 2080 2458 Domini,

487 2490 693 2542 auditas
713 2487 861 2556 faciet
882 2501 1054 2540 omnes
1076 2485 1254 2539 laudes
1277 2486 1388 2554 ejus
1410 2483 1576 2555 (Psal.
1601 2500 1684 2552 cv,
1708 2483 1798 2554 2)?
1820 2485 1923 2540 Sed
1943 2484 2082 2540 istud

488 2579 708 2635 schema
747 2577 946 2633 dicitur
993 2593 1022 2631 a
1070 2586 1218 2646 parte
1261 2585 1451 2645 totum,
1497 2575 1640 2647 quod
1688 2578 1740 2630 in
1790 2576 2084 2646 Scripturis

490 2673 686 2728 divinis
714 2673 1021 2741 frequenter
1068 2671 1338 2734 invenies;
1373 2684 1475 2725 nec
1517 2668 1674 2724 aliter
1715 2679 1863 2724 recte
1909 2678 2086 2738 potest

492 2765 766 2835 Evangelii
810 2764 1009 2819 dictum
1042 2763 1171 2818 illud
1199 2763 1419 2833 intelligi
1446 2778 1462 2817 :
1499 2761 1720 2815 Verbum
1746 2778 1867 2816 caro
1891 2763 2084 2833 factum

489 2867 586 2921 est,
615 2868 663 2911 et
693 2855 934 2910 habitavit
979 2854 1030 2908 in
1061 2853 1205 2908 nobis
1248 2855 1266 2925 (
1289 2852 1452 2908 Joan.
1481 2868 1518 2921 ι,
1554 2851 1617 2908 ts
1641 2851 1690 2924 );
1715 2855 1864 2923 quasi
1898 2868 2004 2909 non
2031 2864 2086 2908 et

489 2947 721 3002 animam
748 2946 907 3001 simul
931 2945 1305 3018 assumpserit,
1329 2960 1488 3016 quam
1515 2944 1825 3015 specialiter
1845 2943 2085 2999 liberare

487 3037 738 3111 dignatus
761 3047 870 3094 est.

2183 1841 2368 1896 scitur.
2395 1841 2484 1896 Sic
2506 1839 2559 1894 in
2585 1854 2691 1895 uno
2710 1840 2978 1896 versiculo
2999 1856 3118 1911 quae
3141 1842 3331 1896 subter
3356 1842 3510 1896 latius
3528 1843 3728 1897 dicturus

2179 1943 2317 1998 erat,
2350 1933 2732 2003 propositionis
2773 1933 2892 1989 loco
2935 1932 3176 1989 breviter
3220 1942 3347 1989 ante
3377 1935 3609 2004 praelatus
3649 1944 3730 1989 est.

2185 2029 2296 2082 lloc
2324 2039 2499 2084 tamen
2533 2037 2702 2083 totum
2731 2029 2916 2084 Sentiri
2944 2029 3147 2083 mavult
3190 2029 3262 2084 de
3287 2028 3497 2084 Christo
3519 2028 3730 2083 Domino.

2183 2121 2334 2189 Quod
2363 2130 2733 2190 argumentum
2763 2119 2956 2175 dicitur
2981 2136 3010 2174 a
3043 2134 3302 2189 persona.

2260 2211 2409 2266 Vers.
2461 2211 2517 2266 6.
2567 2211 2753 2266 Semen
2804 2211 3063 2265 Abraham
3105 2213 3246 2266 serui
3289 2214 3438 2283 ejus;
3469 2213 3561 2280 ﬁlii
3597 2209 3732 2265 Iacob

2183 2305 2331 2359 electi
2358 2308 2496 2377 ejus.
2545 2303 2980 2359 Subaudiendum
3030 2313 3113 2359 est
3144 2303 3294 2374 quod
3336 2305 3575 2372 superius
3601 2303 3736 2365 dixit,

2186 2397 2513 2452 Mementote.
2547 2396 2995 2451 l’erscrutandum
3019 2405 3101 2468 est
3127 2405 3312 2450 autem
3339 2396 3478 2466 quod
3506 2396 3552 2449 in
3583 2408 3736 2463 magna

2186 2491 2513 2546 discretione
2541 2490 2797 2557 pr0pheta
2832 2488 3049 2543 Abrahw
3093 2504 3296 2553 semen,
3329 2501 3495 2541 servos
3521 2483 3738 2555 appellat,

2187 2583 2324 2652 ﬁlios
2345 2582 2506 2637 Jacob
2530 2583 2714 2637 electos
2736 2581 2950 2637 Domini
2977 2595 3096 2636 esse
3124 2591 3578 2635 commemorans.
3601 2575 3738 2631 Judaei

2187 2674 2331 2730 enim
2360 2683 2706 2729 contumaces
2745 2685 2879 2743 quos
2929 2671 3016 2726 hic
3059 2672 3280 2726 mavult
3327 2669 3566 2738 intelligi,
3595 2666 3740 2722 carnis

2188 2765 2405 2819 Aura/ta:
2443 2780 2612 2818 semen
2659 2764 2914 2825 luerunt;
2957 2776 3094 2832 quos
3145 2762 3348 2817 merito
3395 2777 3558 2815 seruos
3604 2759 3741 2821 dicit.

2187 2855 2436 2927 quoniam
2470 2855 2690 2925 perﬁdia
2717 2853 2951 2910 faciente
2981 2853 3070 2927 lilii
3093 2867 3223 2907 es=e
3255 2852 3560 2918 noluerunt,
3581 2848 3741 2919 quibus

2187 2926 2304 3018 ipse
2332 2947 2591 3003 Dominus
2610 2945 2738 3001 dicit
2763 2964 2774 2998 :
2813 2945 2917 2999 Vos
2951 2946 2998 2998 si
3023 2926 3123 3012 filii
3152 2943 3383 2997 Abt-alta:
3414 2941 3596 3004 essetis,
3619 2952 3748 3007 opera

2192 3041 2409 3096 Ain-alta:
2456 3041 2700 3111 fecissetis
2742 3038 2920 3110 (Joan.
2973 3053 3080 3102 VIII,
3118 3037 3242 3109 59).
3277 3035 3446 3090 Filios
3469 3033 3620 3089 Jacob
3646 3043 3749 3086 vero

565 3130 714 3184 νει-ε.
744 3131 799 3186 5.
842 3128 1150 3200 Laudamini
1178 3131 1232 3183 in
1273 3128 1477 3184 nomine
1508 3139 1686 3184 sancto
1706 3131 1847 3200 ejus;
1879 3129 2077 3184 lectetur
2109 3119 2155 3184 C
2187 3134 2450 3204 signiﬁcat
2500 3132 2841 3188 ﬁdelissimos
2880 3128 3250 3195 Chrisﬁanos,
3281 3130 3376 3200 qui
3408 3125 3635 3182 hmredes
3668 3122 3746 3176 Do-

487 3238 575 3275 cor
596 3226 927 3290 quwrentium
954 3222 1251 3276 Dominum.
1282 3222 1360 3278 Ne
1395 3223 1514 3292 quis
1543 3225 1765 3278 forsitan
1803 3222 1915 3277 suis
1954 3220 2083 3275 viri-

485 3315 586 3368 bus
626 3315 952 3382 applicaret,
981 3329 1103 3369 cum
1149 3313 1272 3367 boni
1315 3314 1513 3384 aliquid
1559 3324 1848 3382 operatur,
1890 3323 2080 3366 cautus

491 3407 683 3460 doctor
705 3406 921 3476 fragiles
963 3415 1145 3460 incitet
1181 3405 1396 3471 dicens,
1427 3421 1533 3461 non
1569 3407 1620 3459 in
1651 3419 1812 3460 sensu
1842 3405 2077 3474 proprio,

489 3497 583 3552 sed
620 3497 670 3550 in
706 3497 930 3551 Domino
978 3511 1098 3552 esse
1140 3497 1515 3566 gloriandum;
1549 3505 1608 3550 ut
1636 3496 1949 3566 jactantiam
1977 3496 2079 3551 lal-

485 3602 600 3642 sam
631 3589 916 3657 refugiant,
950 3605 1072 3643 cum
1115 3591 1230 3644 haec
1267 3605 1297 3642 a
1327 3589 1614 3657 Divinitate
1657 3603 1912 3644 concessa
1959 3604 2080 3644 esse

487 3690 844 3749 cognoscant;
876 3681 1087 3735 sicutet
1125 3681 1175 3734 in
1204 3680 1310 3736 alio
1357 3681 1566 3750 psalmo
1595 3681 1788 3751 legitur
1818 3696 1833 3735 :
1865 3680 1932 3734 In
1970 3682 2076 3734 Uo-

485 3772 621 3823 minu
647 3772 938 3847 laudabitur
963 3773 1137 3826 anima
1160 3789 1269 3827 utea
1292 3772 1466 3844 (Psal.
1496 3788 1685 3840 χχχιιι,
1713 3774 1788 3842 5).
1819 3773 1932 3828 Non
1951 3789 2079 3843 ergo

492 3872 635 3917 vetat
665 3872 721 3915 ut
753 3861 1050 3930 laudemur,
1095 3866 1219 3934 quia
1247 3864 1400 3918 bonis
1430 3864 1729 3918 actionibus
1759 3879 1866 3920 non
1902 3875 2080 3934 potest

483 3969 569 4009 res
615 3953 716 4008 ista
756 3954 1038 4024 denegari;
1071 3955 1163 4010 sed
1197 3964 1253 4008 ut
1293 3956 1345 4008 in
1398 3954 1624 4010 Domino
1656 3955 1950 4021 laudemur,
1985 3955 2076 4025 qui

486 4059 703 4118 prtestat
731 4049 821 4102 illa
864 4065 983 4118 qua:
1010 4050 1148 4104 bene
1186 4049 1442 4118 gerimus.
1479 4051 1542 4101 Et
1572 4058 1627 4101 ut
1655 4049 2075 4104 consolationem

481 4143 549 4198 de
571 4143 658 4198 tali
688 4141 747 4198 rc'
771 4152 1068 4210 sumerent,
1099 4135 1334 4211 adjecit:
1364 4142 1586 4197 Ln‘tetur
1612 4159 1700 4196 cor
1739 4145 2076 4212 qua'rentium

482 4236 796 4303 Dominum;
826 4237 1030 4291 scilicet
1064 4239 1186 4292 inde
1225 4237 1441 4302 (tutetur,
1472 4237 1514 4290 si
1545 4237 1862 4304 prmdicatur
1896 4238 1944 4289 in
1976 4235 2078 4291 Do-

482 4330 662 4394 mino;
684 4347 787 4384 non
805 4341 981 4384 autem
1003 4329 1046 4384 si
1067 4330 1132 4384 de
1149 4345 1246 4384 suo
1267 4343 1424 4398 posse
1447 4329 1712 4383 laudatur.
1742 4328 2074 4398 Praecipuum

480 4423 634 4474 nobis
660 4432 712 4476 et
740 4421 1036 4491 gloriosum
1070 4421 1336 4490 siquidem
1371 4436 1490 4476 esse
1519 4422 1699 4487 debet,
1733 4423 1947 4492 quando
1976 4439 2074 4475 no-

2185 3227 2316 3283 mini
2342 3241 2462 3282 esse
2498 3234 2812 3281 noscuntur.

2255 3319 2408 3375 Vers.
2456 3319 2506 3373 7.
2550 3316 2672 3387 Ipse
2723 3314 2973 3369 Dominus
3017 3313 3164 3372 Deus
3206 3327 3426 3384 noster,
3456 3314 3508 3368 in
3555 3310 3752 3365 universa

2184 3421 2320 3466 terra
2340 3411 2541 3482 judicia
2570 3411 2700 3480 ejus.
2736 3410 2978 3464 Monetur
3021 3424 3212 3464 semen
3263 3407 3493 3481 Abrahm
3525 3413 3574 3459 et
3602 3414 3750 3456 semen

2182 3503 2382 3568 Jacob,
2432 3513 2491 3557 ut
2547 3502 2875 3557 Salvatoretn
2933 3515 3180 3557 nosu-nm
3243 3518 3353 3557 non
3412 3503 3567 3555 unius
3609 3492 3755 3564 gentis

2185 3596 2388 3661 Deum,
2420 3594 2510 3648 sed
2560 3594 2842 3648 Dominum
2894 3594 3118 3648 credant
3163 3610 3293 3650 esse
3329 3603 3606 3647 terrarum.
3649 3585 3755 3639 Nam

2181 3687 2320 3742 sicut
2346 3687 2538 3754 ubique
2565 3684 2778 3738 dilatata
2812 3696 2891 3736 εει
2917 3683 3183 3748 Ecclesia,
3225 3687 3296 3738 ita
3333 3701 3428 3753 per
3454 3682 3627 3737 orbem
3657 3693 3757 3748 pro-

2175 3785 2370 3848 pagata
2419 3785 2544 3831 sunt
2589 3775 2706 3845 ejus
2751 3775 2867 3830 sine
2915 3774 3263 3830 dubitatione
3292 3775 3523 3847 judicia.
3557 3765 3756 3824 Dicenda

2182 3871 2323 3926 enim
2348 3912 2363 3938 ,
2399 3869 2520 3940 Ipse
2551 3865 2824 3932 Dominus,
2851 3879 3160 3922 commonet
3190 3868 3348 3922 illum
3378 3865 3594 3935 intelligi
3627 3861 3760 3916 debe-

2183 3977 2262 4030 re,
2293 3977 2450 4032 quem
2481 3961 2657 4032 populi
2709 3961 3015 4015 .Iudteorum
3072 3959 3510 4030 cruciﬁgendum
3541 3970 3651 4011 esse
3686 3952 3760 4002 ἀει

2182 4063 2483 4111 creverunt.
2530 4053 2634 4110 Sed
2678 4053 2765 4122 qui
2799 4052 2937 4108 hanc
2971 4068 3162 4108 vocem
3199 4068 3311 4107 non
3359 4042 3762 4113 advertunt,ip.~l

2182 4165 2241 4207 se
2264 4151 2562 4222 specialiter
2582 4167 2609 4204 a
2645 4149 2960 4220 patriarchis
2985 4149 3198 4202 alienos
3227 4163 3357 4204 esse
3388 4147 3705 4215 proﬁtentur.

2256 4243 2409 4296 Vers.
2451 4241 2505 4295 8.
2554 4239 2753 4293 Memor
2796 4239 2893 4308 fttit
2941 4240 2996 4292 in
3043 4233 3308 4292 arculum
3343 4235 3624 4292 testamenti
3669 4229 3760 4292 si,

2180 4333 2315 4388 verbi
2335 4331 2469 4401 quod
2500 4333 2755 4384 mandavit
2781 4331 2832 4383 in
2864 4329 3002 4383 mille
3029 4321 3424 4401 generationes.
3454 4329 3641 4382 Memor
3663 4322 3763 4393 fuit.

2181 4441 2301 4480 cum
2355 4427 2614 4494 promissa
2645 4425 2951 4492 complevit.
2995 4422 3061 4476 In
3095 4426 3386 4491 srrculum,
3441 4425 3492 4476 in
3524 4417 3765 4476 ιιτιειιιίιτι-

479 4527 602 4566 men
633 4513 750 4581 ejus
794 4512 1104 4577 extollitur,
1152 4512 1244 4582 qui
1292 4511 1446 4567 nobis
1492 4512 1751 4568 beneﬁcia
1794 4513 2069 4582 profutura
2101 4499 2154 4558 D
2181 4527 2306 4582 tem,
2337 4517 2457 4586 quia
2478 4515 2728 4585 quidquid
2750 4515 3004 4568 Dominus
3020 4516 3279 4584 promisit
3302 4511 3765 4584 perenniﬁrmitate

480 4603 719 4672 [πνείων.
757 4604 906 4659 Unde
943 4605 1118 4658 nimia:
1150 4603 1496 4672 impudentia
1530 4603 1628 4657 fuit
1672 4605 1874 4674 aliquid
1913 4621 2074 4675 quos-

479 4696 598 4748 dam
633 4695 890 4750 adversus
925 4695 1026 4750 hoc
1053 4697 1262 4764 dicere,
1293 4708 1477 4752 contra
1506 4714 1641 4767 quos
1674 4715 1780 4753 non
1815 4710 1921 4752 tam
1954 4715 2074 4756 cre-

479 4789 572 4846 hra
607 4789 905 4844 testimonia
927 4833 942 4857 ,
968 4790 1059 4846 sed
1097 4807 1228 4860 pene
1255 4793 1339 4846 lex
1374 4803 1479 4846 t0ta
1512 4793 1716 4862 prolata
1747 4805 1852 4850 est.

554 4883 703 4938 νει-δ.
734 4883 786 4936 ti.
819 4884 1043 4950 Qucerite
1077 4883 1381 4949 Dominum,
1409 4895 1452 4938 et
1479 4887 1895 4954 conﬁrmatnini;
1925 4904 2068 4956 qua-:-

476 4977 572 5029 rite
593 4977 774 5044 facient
801 4979 909 5046 ejus
935 4993 1152 5046 semper.
1182 4959 1434 5031 Hortatur
1475 4987 1529 5032 ut
1555 4994 1613 5033 se
1640 4981 1706 5034 ad
1738 4982 1955 5048 praemia
1989 4981 2071 5035 lu-

478 5077 592 5121 tura
622 5066 972 5134 conﬁrment,
1005 5069 1094 5136 qui
1140 5083 1264 5122 eum
1304 5085 1550 5137 qumrere
1590 5071 1923 5140 delegerunt.
1960 5072 2066 5129 Sed

476 5160 617 5214 istud
651 5158 1002 5226 desiderium,
1036 5160 1137 5214 ista
1166 5160 1442 5230 inquisitio
1485 5176 1591 5215 non
1622 5173 1706 5216 est
1754 5163 1839 5217 hic
1885 5164 2067 5232 aliquo

479 5262 718 5324 tempore
749 5253 976 5308 ﬁnienda
1009 5270 1022 5307 :
1049 5253 1302 5323 quoniam
1332 5253 1554 5316 addidit,
1586 5269 1807 5321 semper,
1835 5256 2067 5310 maxime

475 5360 593 5400 cum
619 5347 822 5416 legatur
847 5363 859 5397 :
898 5344 998 5411 Qui
1027 5347 1148 5413 petit
1171 5344 1372 5412 accipit,
1402 5355 1446 5396 et
1469 5345 1552 5412 qui
1575 5346 1752 5413 quaerit
1773 5347 1981 5414 invenit,
2013 5355 2062 5399 et

477 5440 701 5508 pulsanti
729 5441 982 5511 aperietur
1011 5437 1162 5510 (Luc.
1194 5454 1252 5502 ιι,
1290 5437 1397 5508 l0).
1427 5439 1556 5491 Nam
1579 5439 1721 5508 quod
1745 5439 1896 5504 dicit,
1924 5457 2062 5508 qucr-

474 5534 570 5587 rite
604 5534 786 5602 facient
814 5535 952 5604 ejus,
1006 5532 1344 5600 prmsentiam
1391 5531 1686 5600 signiﬁcat,
1719 5548 1876 5602 quam
1915 5533 2066 5588 Solus

475 5626 672 5695 qumrit
700 5625 916 5680 humilis
954 5640 1017 5680 ac
1040 5625 1287 5680 devotus.
1311 5624 1559 5678 Iudicem
1583 5625 1726 5678 enim
1756 5625 2066 5682 desiderare

477 5730 584 5776 non
607 5725 800 5784 potest,
828 5717 928 5772 nisi
959 5717 1047 5787 qui
1069 5717 1136 5773 de
1163 5719 1328 5788 ipsius
1354 5724 1557 5787 ptetate
1587 5717 1837 5785 conlidit;
1869 5727 1920 5774 et
1947 5734 2067 5775 cum

2179 4623 2492 4662 mansurum
2516 4616 2614 4661 est.
2643 4605 2952 4660 Testamenti
2972 4609 3073 4673 sui,
3097 4607 3501 4675 pr0phetarnm
3525 4603 3766 4674 signiﬁcat

2181 4699 2611 4769 praedicationes,
2643 4713 2776 4768 quas
2816 4699 2882 4752 de
2914 4698 3070 4753 Verbi
3112 4701 3504 4754 incarnatione
3532 4695 3764 4768 praedira

2179 4809 2324 4852 runt.
2351 4797 2617 4865 Sequitur,
2649 4796 2784 4864 quod
2811 4797 3084 4848 mandarit.
3115 4794 3394 4850 Mandare
3411 4804 3491 4849 est
3513 4808 3604 4864 pqr
3625 4789 3765 4843 alium

2178 4891 2375 4958 aliquid
2410 4891 2620 4955 diei-re;
2655 4890 2793 4958 quod
2825 4891 3004 4959 utique
3036 4890 3243 4944 factum
3278 4901 3388 4956 est,
3423 4890 3632 4961 quando
3660 4899 3764 4956 pro-

2180 4984 2354 5054 phetis
2383 4983 2562 5037 datum
2592 4991 2672 5036 est
2695 4982 2868 5035 futura
2901 4984 3260 5051 prophetare.
3298 4983 3369 5036 In
3399 4984 3540 5037 mille
3568 4992 3761 5053 genera-

2177 5079 2367 5141 tiones;
2393 5076 2594 5129 ﬁnitum
2629 5091 2720 5142 pro
2752 5074 2954 5128 inﬁnito
2988 5075 3228 5141 positum
3278 5086 3399 5143 est,
3432 5075 3570 5144 quod
3612 5084 3762 5125 tamen

2176 5169 2358 5223 saaculi
2388 5169 2541 5222 istius
2573 5169 2677 5222 line
2705 5167 3063 5234 concluditur,
3113 5167 3212 5222 ubi
3242 5179 3529 5241 generat-0
3558 5167 3761 5220 humana

2177 5260 2423 5330 sequenti
2452 5258 2552 5312 sihi
2579 5270 2734 5313 rotate
2762 5259 3017 5316 succedit.

2241 5355 2394 5408 Vers.
2428 5351 2481 5405 9.
2517 5351 2666 5417 Quod
2694 5352 2945 5421 disposuit
2989 5351 3057 5405 ad
3084 5353 3401 5418 Abraham,
3434 5365 3480 5408 et
3501 5342 3765 5426 juramcnri

2170 5449 2250 5504 sui
2277 5450 2344 5499 ad
2377 5444 2546 5500 Isaac.

2249 5538 2403 5592 Vers.
2451 5537 2539 5592 10.
2576 5535 2638 5589 Et
2679 5537 2855 5590 statuit
2888 5535 3020 5589 illud
3061 5533 3238 5591 Jacob
3271 5540 3326 5592 in
3373 5544 3701 5606 praecinunt,
3726 5540 3765 5578 et

2176 5628 2344 5685 Israel
2374 5629 2426 5681 in
2457 5637 2810 5682 testamentum
2856 5637 3126 5682 teternum.
3179 5630 3266 5682 Ad
3321 5631 3458 5684 illud
3503 5625 3762 5690 respondet

2177 5721 2317 5793 quod
2345 5721 2590 5792 superius
2617 5720 2773 5783 dixit,
2819 5721 3104 5776 testamenti
3130 5724 3238 5776 sui.
3278 5723 3368 5776 llla
3413 5724 3552 5778 enim
3580 5716 3758 5790 quth
