3966 6172
232 254 310 310 745
1141 245 1501 303 EXPOSITIO
1537 247 1604 303 IN
1636 244 2099 332 ’PSALTERIUM.
2143 244 2328 299 PSAL.
2375 243 2504 298 CIV.

3370 243 3478 300 'HG

234 367 387 424 Veteri
418 365 760 419 Testamento
791 363 1006 417 Aluntur:
1046 372 1101 416 et
1128 361 1279 418 Isaac
1327 364 1642 432 patriarchis
1672 378 1794 432 pro-
1826 366 1878 425 Α
1903 364 2051 432 panis
2075 360 2327 425 contrivit,
2357 359 2406 413 id
2440 365 2522 412 est
2554 357 2817 414 triticcum
2851 357 3078 413 frustum
3111 361 3364 428 perduxit
3411 365 3476 417 ad

232 459 370 513 missa
397 464 525 510 sunt
549 455 632 508 vel
657 455 856 523 jurata,
877 455 1053 510 statuit
1081 470 1164 519 ea,
1191 454 1240 508 id
1271 465 1354 509 cst
1384 454 1615 509 ﬁrmavit
1633 453 1794 508 ,Ιαεοὺ

235 559 269 604 cl
288 548 478 612 Israel,
509 549 561 599 in
581 547 729 599 Novo
757 545 962 599 scilicet
986 545 1333 602 Testamento
1355 545 1496 614 quod
1525 554 1607 602 est
1633 553 1796 599 teter-

232 658 361 697 num.
398 638 559 693 Iacob
608 639 748 692 enim
791 647 844 692 et
871 636 1040 693 Israel
1067 637 1369 693 Christiana
1416 648 1654 708 tempora
1683 639 1798 708 ple-

229 747 436 802 rumque
459 730 770 800 signiﬁcare
797 744 941 798 saepe
962 731 1069 796 jam
1097 729 1297 784 dictum
1314 738 1415 785 est.
1440 729 1645 784 Novum
1668 745 1799 786 vero

228 827 614 880 Testamentum
648 821 864 889 pr0prie
892 821 1088 876 dicitur
1118 832 1402 886 :eternum,
1437 819 1556 890 quia
1593 821 1816 886 nullum,

230 917 284 972 illi
317 914 460 969 aliud
488 913 774 983 aliquando
800 913 1059 973 succedit,
1089 912 1142 965 in
1171 927 1277 982 quo
1302 920 1386 966 est
1405 911 1644 965 omnium
1677 926 1800 980 pro-

231 1010 502 1062 missorum
533 1005 797 1073 completa
833 1004 1110 1073 perfectio.

288 1100 440 1154 Vers.
479 1099 565 1153 11.
591 1096 782 1152 Dicens
807 1096 956 1151 :Tibi
985 1097 1114 1150 dabo
1142 1106 1328 1152 terram
1357 1096 1623 1159 Chanaan,
1658 1097 1800 1166 funi-

228 1193 386 1246 rulum
431 1190 746 1244 hereditatis
783 1198 983 1242 vestrae.
1019 1188 1262 1242 Chanaan
1295 1190 1680 1256 interpretatur
1711 1188 1801 1241 hu-

230 1284 370 1338 milis.
392 1284 537 1352 Ergo
553 1283 832 1337 humilium
858 1273 1056 1336 terram
1075 1284 1458 1336 convenienter
1473 1280 1801 1334 Christianos

228 1383 533 1442 accepturos
585 1388 703 1428 esse
752 1373 1033 1442 signiﬁcat.
1083 1373 1197 1427 Hoc
1238 1381 1322 1426 est
1369 1373 1510 1441 quod
1556 1373 1801 1440 superius

230 1466 377 1529 dixit,
407 1474 758 1520 testamentum
789 1475 1057 1518 ceternum.
1085 1463 1211 1518 llaec
1252 1465 1394 1518 enim
1429 1473 1561 1517 terra
1592 1452 1804 1517 humili-

231 1559 338 1611 tatis
354 1566 405 1611 et
427 1557 789 1612 inclinationis
806 1558 884 1612 sic
905 1573 934 1610 a
961 1557 1204 1612 ﬁdelibus
1220 1559 1497 1626 accipitur,
1522 1567 1579 1610 ut
1600 1566 1804 1611 aeterno

232 1664 440 1702 munere
471 1657 736 1709 teneatur.
765 1645 1052 1700 Funiculus
1079 1657 1256 1701 autem
1283 1647 1617 1710 Iiwreditatis,
1645 1645 1803 1714 hujus

233 1739 396 1796 mundi
449 1738 718 1807 signiﬁcat
764 1747 1033 1793 tortuosos
1065 1739 1355 1808 angustias,

230 1844 312 1896 pro
337 1829 513 1883 salute
551 1827 869 1883 cunctorum
915 1843 1010 1882 sua
1048 1830 1298 1898 passione
1346 1829 1610 1882 dissolvit.
1663 1827 1808 1881 Illius

230 1921 354 1974 enim
393 1921 668 1990 susceptio
697 1921 879 1976 carnis
920 1931 1102 1976 nostra
1133 1923 1389 1990 probatur
1415 1920 1720 1983 hatreditas,
1755 1918 1806 1972 in

227 2027 314 2080 qua
358 2022 568 2066 :eterua
615 2013 932 2082 patrimonia
964 2013 1088 2067 vita:
1133 2013 1370 2068 caelestis
1415 2014 1729 2082 accipimus,
1764 2015 1808 2069 si

229 2118 282 2155 ea
321 2103 426 2157 ﬁxe
457 2114 619 2172 atque
666 2104 1013 2173 integerrime
1043 2103 1266 2160 credere
1299 2119 1625 2159 mereamur.
1675 2105 1808 2158 Nam

230 2193 316 2246 ista
365 2194 702 2262 comparatio
749 2195 817 2248 ab
860 2195 940 2249 eis
995 2201 1161 2248 tracta
1212 2202 1316 2258 est,
1355 2194 1550 2264 quibus
1594 2196 1705 2266 agri
1749 2209 1812 2249 ac

229 2287 592 2354 possessiones
619 2294 770 2340 tenso
800 2285 926 2340 fune
954 2285 1352 2340 dividebantur.

293 2377 446 2432 Vers.
505 2377 589 2431 12.
629 2377 764 2434 Cum
804 2387 966 2432 essent
1016 2394 1224 2432 numero
1254 2377 1419 2444 brevi,
1451 2379 1744 2448 paucissimi
1767 2387 1812 2432 et

227 2468 397 2522 incola:
424 2469 482 2520 in
511 2483 595 2520 ea.

294 2559 448 2612 \"ers.
486 2560 574 2613 15.
616 2557 684 2612 Et
709 2563 1116 2629 pertransierunt
1148 2561 1211 2611 de
1237 2569 1383 2627 gente
1421 2560 1473 2610 in
1506 2566 1732 2626 gentem,
1766 2567 1810 2611 et

223 2649 282 2704 de
304 2667 465 2721 regno
491 2651 559 2703 ad
607 2652 852 2720 populum
878 2651 1115 2704 alterum.
1159 2651 1313 2704 Venit
1340 2651 1404 2704 ad
1450 2653 1658 2704 tertiam
1696 2667 1814 2720 par-

222 2751 346 2806 tem,
376 2743 432 2794 in
457 2757 562 2810 qua
607 2750 1006 2809 consequenter
1054 2751 1333 2796 enumerat
1363 2751 1558 2812 quanta
1591 2731 1816 2810 patriar-

218 2831 331 2884 chis
379 2831 562 2884 virtus
605 2830 783 2885 divina
841 2831 1170 2900 praestiterit.
1227 2831 1461 2901 Denique
1517 2831 1638 2886 vide
1685 2832 1813 2901 quid

215 2925 487 2992 δθιθιιὲωτ.

289 3015 451 3067 Vers.
494 3012 578 3072 14.
608 3010 732 3065 Non
762 3014 985 3078 permisit
1015 3013 1269 3069 hominem
1301 3031 1481 3069 nocere
1503 3018 1596 3082 eis,
1624 3022 1675 3069 et
1695 3030 1813 3068 cor-

214 3106 370 3173 ripuit
401 3119 505 3172 pro
532 3105 602 3157 eis
625 3121 786 3174 reges.

284 3198 451 3253 Vers.
509 3198 598 3252 15.
641 3196 823 3251 Nolite
849 3207 1055 3269 tangere
1098 3200 1312 3254 christos
1340 3216 1497 3264 meos,
1533 3212 1576 3255 et
1615 3202 1666 3254 in
1698 3217 1818 3271 pro-

207 3290 379 3358 phetis
411 3289 547 3342 meis
576 3289 733 3342 nolite
763 3290 1058 3361 ina/ignari.
1093 3290 1190 3344 llic
1221 3300 1431 3359 tempus
1461 3292 1590 3345 illud
1617 3293 1820 3361 signiﬁ-

203 3390 323 3444 cat,
357 3381 591 3453 quando
638 3396 734 3436 rex
789 3382 1162 3451 Egyptiorum
1209 3383 1462 3438 divinitus
1515 3384 1819 3437 admonitus

205 3484 287 3526 est
341 3490 419 3529 ne
476 3472 713 3527 Abrahae
763 3488 959 3528 nocere
1013 3483 1400 3541 praisumeret;
1458 3474 1599 3543 quod
1653 3475 1815 3528 simili

199 3566 366 3618 modo
401 3564 484 3618 de
519 3564 668 3619 Isaac
697 3573 906 3618 constat
937 3563 1204 3618 eiii-ctum.
1236 3565 1576 3633 Quapmpter
1603 3565 1822 3620 eviden-

199 3666 281 3710 ter
309 3655 640 3711 ostenditur
666 3656 843 3711 divina
877 3655 1170 3724 protertio,
1201 3667 1257 3710 ut
1305 3671 1493 3713 eorum
1541 3659 1684 3713 salus
1715 3675 1818 3712 non

192 3746 472 3802 humanis
513 3745 738 3813 viribus,
772 3747 865 3800 sed
913 3761 1146 3814 superno
1185 3762 1408 3803 munere
1454 3758 1816 3817 praestaretur.

191 3839 333 3894 Illud
369 3853 610 3910 quoque
650 3839 1097 3908 perscrutaudum
1145 3851 1227 3895 est
1255 3843 1395 3908 quod
1423 3857 1581 3910 supra
1619 3857 1822 3896 memo-

184 3942 344 3984 ratos
382 3929 739 4000 patriarchas
790 3930 1021 3986 christos
1051 3932 1322 4000 appellare
1372 3935 1662 4004 delegerit,
1695 3950 1819 3989 cum

181 4022 378 4077 adhuc
413 4037 537 4076 non
567 4019 755 4075 fuisset
780 4021 961 4076 unctio
990 4022 1280 4076 celebrati.
1303 4025 1344 4077 Α
1373 4024 1498 4079 Saul
1530 4025 1672 4078 enim
1707 4027 1823 4080 haec

173 4131 270 4172 res
325 4116 597 4183 sumpsit
645 4116 878 4170 initium.
933 4115 1036 4170 Sed
1067 4116 1314 4185 quoniam
1345 4127 1497 4171 erant
1527 4118 1579 4171 in
1631 4117 1819 4186 Spiritu

170 4209 545 4272 Christiani,
577 4207 802 4278 ejusque
826 4207 946 4263 fidei
977 4209 1269 4276 probantur
1298 4223 1420 4264 esse
1447 4209 1650 4273 devoti,
1684 4210 1824 4262 sicut

162 4303 238 4359 de
271 4302 598 4359 Abraham
631 4300 888 4356 Dominus
932 4299 1062 4354 dicit
1091 4317 1104 4354 :
1143 4300 1442 4370 Concupivi:
1473 4300 1609 4355 diem
1657 4316 1824 4354 meum

161 4395 360 4448 videre
388 4410 412 4459 ;
449 4391 592 4446 vidit
620 4399 667 4444 et
701 4392 903 4462 gavisus
953 4401 1025 4445 est
1070 4389 1251 4460 (Joan.
1295 4407 1410 4456 vni,
1459 4393 1575 4462 56),
1632 4393 1824 4447 merito

1901 451 2160 514 nihilum;
2189 450 2328 519 quod
2357 465 2545 503 revera
2579 448 2854 503 hominum
2885 465 3004 505 esse
3031 453 3268 506 noscitur
3298 452 3478 508 ﬁrma-

1901 549 2137 595 mentum
2163 579 2177 604 ,
2209 541 2345 594 sicut
2373 541 2425 593 in
2473 540 2734 607 superiori
2779 541 2983 609 psalmo
3013 541 3186 598 dixit:
3215 542 3282 596 Et
3332 547 3483 617 panis

1902 649 1991 687 cor
2012 631 2230 686 hominis
2260 627 2528 698 c‘on'ﬁrntat
2553 628 2723 702 (Psal.
2757 647 2869 698 cm,
2906 632 3014 704 15).

1974 763 2127 817 Vers.
2163 765 2246 816 l7.
2282 763 2422 816 Misit
2444 774 2560 817 ante
2587 781 2669 825 cos
2699 766 2898 831 virum;
2924 769 2972 820 in
2999 785 3198 822 servant
3223 773 3482 826 venunda-

1904 862 1984 907 tus
2010 863 2082 906 est
2128 854 2338 921 Ioseph.
2370 855 2497 908 Ante
2546 857 2874 925 patriarchas
2904 874 3037 928 quos
3081 864 3325 929 superius
3372 880 3485 916 nic-

1906 945 2154 1009 moravit,
2189 946 2324 998 misit
2351 945 2569 1015 Joseph,
2594 964 2750 1018 quem
2777 952 2966 1005 merito
2992 951 3124 1007 dixit
3151 955 3331 1020 virum,
3359 958 3482 1023 quia

1908 1036 2074 1090 multa
2121 1036 2308 1104 passas
2335 1037 2559 1092 viriliter
2586 1049 2773 1093 cuncta
2819 1023 3092 1098 sustinuit.
3133 1043 3487 1100 Consideran-

1905 1128 2029 1181 dum
2059 1137 2139 1180 est
2171 1128 2331 1217 etiam
2363 1129 2505 1197 quod
2537 1128 2666 1184 dicit
2693 1147 2811 1184 eum
2841 1131 3121 1188 Dominum
3153 1135 3365 1199 misisse,
3397 1142 3486 1206 qui

1905 1218 2126 1274 fratrum
2159 1235 2375 1274 suorum
2408 1222 2685 1292 iniquitate
2713 1223 2999 1279 distractus
3025 1235 3124 1281 est.
3154 1227 3314 1282 Novit
3342 1232 3482 1283 enim

1907 1309 2046 1363 Deus
2102 1310 2238 1365 bene
2294 1313 2367 1365 uti
2421 1314 2574 1366 malis
2627 1315 2850 1379 alienis;
2883 1325 2934 1368 et
2986 1317 3126 1371 sicut
3179 1295 3487 1385 peccatores

1905 1409 2168 1468 prtecepta
2193 1401 2306 1470 ejus
2346 1403 2744 1458 exsecrabiliter
2773 1417 3113 1473 convertunt,
3152 1408 3223 1462 ita
3255 1411 3344 1464 illo
3375 1411 3484 1480 dis-

1904 1500 2138 1559 ponente
2204 1491 2337 1545 facta
2393 1493 2745 1561 pessimorum
2805 1497 2872 1550 ad
2925 1509 3148 1553 eventus
3203 1515 3488 1570 prosperos

1910 1583 2325 1637 transferuntur.
2357 1583 2487 1637 Nam
2527 1587 2845 1642 venundatus
2876 1587 3063 1658 Joseplt
3113 1591 3180 1646 ad
3212 1595 3486 1648 servitium

1909 1675 2147 1740 pervenit
2169 1674 2233 1728 ad
2255 1674 2515 1744 gloriam,
2539 1684 2591 1730 et
2622 1677 2734 1745 ipse
2773 1660 2955 1745 postea
2987 1680 3206 1736 fratrum
3240 1685 3490 1740 misertus

1386 1752 1516 1836 filia?
1548 1736 1804 1836 Ροπξξξξυε
1838 1752 1883 1812 Β
1910 1773 2028 1828 est,
2060 1764 2149 1834 qui
2199 1736 2320 1819 eum
2373 1736 2663 1821 crudeliter
2709 1736 2933 1836 perdere
2982 1772 3350 1830 decreverant.
3401 1778 3491 1831 Sic

1911 1857 2053 1911 enim
2082 1859 2257 1912 omnia
2289 1859 2366 1913 illi
2387 1860 2608 1914 adversa
2642 1861 2866 1916 feliciter
2886 1864 3254 1934 contigerunt,
3287 1876 3344 1920 ut
3372 1870 3491 1922 mis-

1911 1950 1991 2005 sio
2013 1949 2147 2004 facta
2180 1951 2251 2005 sit
2274 1951 2502 2014 Domini,
2534 1951 2731 2022 Joseph
2759 1953 2941 2031 dolosa
2968 1956 3241 2022 venditio;
3271 1957 3409 2012 sicut
3438 1969 3490 2013 t-t

1911 2042 2025 2112 ipse
2063 2043 2173 2096 suis
2202 2041 2453 2097 fratribus
2481 2042 2614 2096 dixit
2639 2060 2652 2096 :
2689 2042 2794 2098 Pro
2825 2044 2991 2100 salute
3019 2048 3152 2098 enim
3173 2060 3336 2102 vestra
3361 2051 3492 2101 misit

1911 2151 1990 2190 me
2018 2133 2156 2188 Deus
2185 2135 2238 2188 in
2286 2133 2576 2204 Egyptum
2621 2133 2777 2205 (Gen.
2809 2151 2929 2201 xcv,
2958 2137 3042 2205 5);
3072 2146 3124 2204 et
3153 2137 3345 2192 iterum
3380 2140 3492 2207 ipse

1911 2225 2076 2280 dicit:
2115 2225 2219 2280 Vos
2258 2227 2458 2295 quidem
2485 2227 2738 2296 cogitastis
2775 2227 2838 2281 de
2866 2245 2943 2282 me
2969 2233 3161 2283 malum
3183 2271 3197 2297 ,
3233 2234 3323 2285 sed
3357 2232 3494 2288 Deus

1915 2317 2057 2370 vertit
2086 2315 2218 2368 illud
2255 2317 2306 2369 in
2348 2315 2535 2369 bonum
2567 2313 2717 2387 (Gen.
2748 2334 2798 2383 ι,
2831 2317 2947 2388 21)).
2990 2320 3118 2387 Qua:
3153 2337 3283 2376 vero
3312 2335 3495 2392 pertu-

1915 2407 2066 2472 lerit,
2100 2416 2494 2476 consequenter
2523 2408 2760 2476 exponit.
2794 2409 2939 2464 Ordo
2983 2422 3161 2465 autem
3210 2413 3494 2468 verborum

1916 2486 2044 2552 talis
2063 2507 2148 2553 est
2173 2516 2185 2552 :
2220 2497 2364 2553 Misit
2388 2507 2506 2552 ante
2542 2516 2627 2553 eos
2671 2500 2834 2553 virum
2863 2498 3078 2572 Joseph,
3104 2503 3190 2572 qui
3220 2505 3273 2558 in
3303 2522 3497 2559 seri-um

1915 2589 2237 2642 venundatus
2265 2598 2355 2642 est.
2380 2588 2542 2660 356
2564 2588 2705 2643 istud
2738 2591 2903 2659 enim,
2937 2592 3059 2656 Qui,
3083 2594 3376 2651 subaudire
3405 2595 3498 2652 de-

1915 2681 2125 2747 bemus,
2151 2690 2206 2734 ut
2234 2680 2386 2736 nobis
2415 2689 2625 2736 constet
2651 2682 2891 2738 absoluta
2933 2685 3149 2740 locutio.

1992 2822 2144 2878 Vers.
2173 2822 2257 2878 18.
2289 2820 2706 2876 Humiliaverunt
2728 2824 2779 2876 in
2803 2825 3129 2895 compedibus
3168 2827 3320 2897 pedes
3347 2830 3494 2900 ejus,

1918 2913 2108 2980 ferrum
2156 2913 2482 2981 pertransivit
2531 2914 2704 2966 anima
2748 2911 2891 2986 [ms.
2941 2914 3028 2981 F.,
3073 2918 3331 2990 animam]
3363 2922 3495 2986 ejus.

1917 3007 1963 3058 A
1996 3004 2282 3074 praeposito
2327 3002 2620 3058 Pharaonis
2644 3005 3136 3076 Putipliar,Josepli
3166 3009 3383 3079 quidem
3412 3027 3497 3066 re—

1845 3128 1889 3189 C
1921 3097 2107 3154 d'actus
2145 3107 2227 3152 est
2268 3097 2656 3163 incarcerem;
2687 3101 2952 3167 compedes
2994 3110 3172 3156 autem
3225 3103 3500 3173 accepisse

1923 3204 2026 3243 non
2070 3189 2279 3258 legitur.
2311 3187 2416 3243 Sed
2452 3190 2563 3242 ﬁeri
2610 3189 2780 3258 p0tuit
2809 3201 2864 3245 ut
2895 3193 2984 3261 qui
3029 3193 3082 3246 in
3110 3195 3382 3263 ergastulo
3416 3212 3502 3250 re-

1923 3293 2100 3335 trusus
2127 3290 2228 3349 est,
2259 3289 2312 3336 et
2348 3280 2539 3336 ferreis
2568 3283 2790 3337 nexibus
2822 3283 3080 3352 ligaretur
3103 3323 3118 3350 ,
3154 3287 3382 3342 maxime
3409 3289 3498 3356 qui

1922 3374 1972 3426 in
2007 3381 2154 3426 tanto
2183 3373 2405 3429 crimine
2447 3374 2620 3429 fuerat
2656 3386 2960 3430 accusatus.
2993 3377 3101 3432 Nec
3149 3379 3273 3432 illud
3304 3379 3502 3434 discre.

1921 3474 2012 3534 pat
2038 3465 2180 3534 quod
2210 3466 2282 3520 ibi
2314 3475 2588 3522 narratum
2613 3479 2715 3532 est.
2749 3471 3094 3525 miseratione
3119 3472 3356 3526 custodis
3385 3488 3501 3527 car-

1921 3557 2134 3611 ceribus
2161 3557 2325 3614 fuisse
2372 3559 2646 3628 praelatum
2670 3577 2685 3626 ;
2727 3562 2840 3616 ﬁeri
2881 3564 3020 3618 enim
3051 3566 3218 3629 potuit
3243 3574 3300 3619 ut
3327 3575 3380 3619 ct
3407 3567 3502 3620 i513

1924 3647 2310 3715 prmcederent,
2359 3659 2414 3704 et
2461 3650 2548 3704 illa
2595 3663 2965 3721 sequerentur.
3013 3654 3346 3725 Quapmpter
3392 3657 3504 3725 ip-e

1923 3737 2225 3807 Scripturas
2255 3739 2459 3794 divinas
2490 3741 2835 3808 probabiliter
2863 3744 3129 3820 intelligit,
3162 3747 3248 3815 qui
3287 3747 3505 3818 singulis

1923 3829 2221 3898 quibusque
2273 3830 2404 3884 locis
2433 3832 2717 3908 crediderit
2750 3834 2925 3889 inesse
2950 3837 3250 3890 veritatem.
3278 3836 3408 3890 Nam
3453 3850 3506 3893 et

1926 3923 1977 3975 in
2025 3924 2321 3979 centesimo
2367 3925 2524 3978 tertio
2577 3927 2783 3993 psalmo
2832 3928 3029 3980 dictum
3070 3938 3151 3983 est
3183 3947 3195 3982 :
3229 3931 3329 3996 Qui
3385 3933 3506 4002 facit

1923 4017 2132 4084 angelus
2154 4033 2273 4070 suos
2303 4018 2528 4085 spiritus,
2556 4017 2695 4086 quod
2739 4011 2922 4086 utique
2949 4019 2999 4072 in
3033 4017 3225 4075 Genesi
3251 4038 3354 4076 non
3379 4023 3505 4091 legi-

1926 4116 2031 4162 tur.
2065 4109 2169 4164 Sed
2201 4109 2431 4179 Spiritus
2479 4111 2697 4164 Sanctus
2722 4109 2901 4179 aliqua
2929 4109 2980 4164 in
3020 4111 3338 4177 prazcedenti
3368 4114 3506 4167 rela-

1926 4203 2070 4255 tione
2092 4200 2470 4270 prtetermittit,
2495 4213 2546 4255 ut
2566 4201 2940 4272 subsequentia
2969 4202 3191 4271 gratiam
3213 4205 3505 4276 reperiant,

1925 4311 2044 4350 cum
2073 4307 2249 4349 causa:
2276 4293 2498 4349 veritate
2523 4302 2734 4348 servata
2761 4283 2957 4364 aliquid
2990 4294 3240 4352 novitatis
3270 4295 3505 4352 edicunt.

1927 4385 2112 4441 Refert
2138 4398 2266 4454 ergo
2293 4383 2595 4439 humiliatos
2622 4383 2785 4452 pedes
2814 4385 2868 4438 in
2896 4385 3265 4454 compedibus,
3295 4395 3352 4440 ut
3371 4385 3508 4441 allii-

157 4498 304 4556 σεο
336 4481 640 4554 appellati
683 4492 811 4536 sunt
849 4495 1004 4536 sacro
1034 4484 1275 4550 nomine,
1318 4497 1456 4551 quos
1480 4483 1590 4552 jam
1619 4482 1817 4536 Christi
1844 4505 1897 4567 Β
1926 4479 2156 4533 ctionem
2185 4477 2427 4546 corporis
2449 4477 2725 4534 indicaret.
2756 4475 2992 4542 Addidit,
3029 4478 3223 4544 ferrum
3250 4489 3508 4548 pertrans-

155 4578 307 4632 ﬁdes
346 4574 726 4646 probabatur
753 4587 958 4628 amare.
995 4571 1124 4627 Nam
1153 4585 1206 4628 et
1234 4579 1348 4644 ipsa
1395 4574 1606 4630 Domini
1654 4576 1818 4629 verba

149 4677 293 4724 sunt
322 4667 550 4740 posita
595 4665 865 4720 dicentis:
898 4662 1077 4719 Nolite
1106 4675 1314 4735 tangtre
1341 4666 1556 4720 clm'stos
1586 4683 1751 4736 meos,
1776 4677 1824 4722 et

145 4761 201 4812 in
227 4756 569 4825 prophetis
600 4756 726 4808 meis
749 4753 906 4808 nolite
932 4755 1227 4825 malignari.

224 4848 425 4902 νει-ς.
497 4845 599 4900 16.
633 4843 700 4896 Et
741 4845 931 4898 vocavit
962 4845 1147 4912 [ament
1175 4862 1329 4913 super
1360 4856 1568 4904 terram.
1600 4857 1644 4900 et
1677 4863 1824 4902 omne

133 4942 612 5010 ﬁrmamentum
643 4935 792 5005 panis
814 4937 1070 4992 contrivit.
1108 4936 1383 5007 Significat
1415 4945 1656 5005 tempora
1690 4938 1825 4991 Pha-

135 5033 382 5092 r30)ﬂis,
446 5025 693 5096 quando
724 5024 777 5078 in
807 5025 1043 5095 Egypto
1085 5036 1290 5094 septem
1321 5026 1477 5080 anuis
1498 5026 1658 5095 fames
1684 5041 1824 5082 saeva

123 5132 432 5194 grassata
480 5125 608 5173 est.
643 5117 708 5170 Et
735 5118 977 5185 quamvis
1009 5119 1169 5183 [ames
1198 5116 1565 5170 substantialis
1598 5133 1700 5171 non
1730 5119 1821 5186 sit,

123 5219 234 5272 sed
273 5214 433 5270 sola
475 5218 588 5263 est
611 5207 869 5262 discessio
894 5214 1190 5277 copiarum,
1222 5208 1360 5260 sicut
1397 5224 1496 5260 nox
1526 5208 1825 5276 appellatur

114 5313 276 5365 satis
315 5301 679 5362 absentia:
715 5308 900 5353 vocata
926 5311 1104 5354 tamen
1134 5301 1326 5353 dicitur
1362 5309 1612 5368 tanquam
1645 5300 1823 5368 aliqua

115 5413 416 5471 persona
462 5391 800 5446 subsistens
832 5407 948 5460 qua:
994 5393 1255 5459 potuisset
1282 5389 1487 5444 audire.
1537 5389 1642 5445 Sed
1675 5390 1822 5444 Scri-

107 5505 486 5569 pturarum
522 5484 842 5538 divinarum
867 5498 982 5536 tuos
1010 5493 1090 5536 ist
1113 5483 1288 5537 taliter
1314 5484 1478 5552 loqui,
1510 5493 1566 5536 ut
1587 5492 1667 5537 est
1693 5481 1822 5534 illud

109 5585 424 5658 Αρωιυιὶ
466 5596 491 5634 :
545 5574 657 5640 Qui
677 5584 824 5628 vocat
851 5591 908 5628 ea
931 5590 1046 5646 qua!
1067 5590 1167 5628 non
1198 5585 1334 5642 sunt,
1359 5587 1600 5644 tanquam
1630 5592 1686 5630 ea
1712 5590 1827 5644 quia

99 5692 244 5738 ,κει
282 5679 556 5753 (nm-
614 5681 684 5732 Iv,
721 5668 830 5736 Π).
865 5666 1150 5732 Sequitur,
1181 5675 1227 5719 et
1257 5682 1403 5719 omne
1451 5667 1826 5735 ﬁrmamentum

499 5762 796 5822 ΡΑτιιοι.
846 5758 948 5817 LX
964 5757 1043 5816 Χ.

1922 4570 2010 4625 ivit
2041 4571 2213 4624 animo
2233 4571 2362 4640 ejus,
2395 4579 2452 4624 ut
2473 4583 2571 4625 nec
2602 4570 2713 4637 ipsa
2743 4567 2920 4624 anima
2942 4581 2970 4622 a
2997 4568 3171 4639 poenis
3191 4570 3509 4640 probaretur

1925 4672 2169 4732 excepta.
2208 4661 2338 4716 Nam
2377 4662 2624 4731 quamvis
2653 4660 2988 4716 condolendo
3024 4663 3235 4732 corpori
3257 4657 3506 4732 ‘subjecta

1927 4757 1997 4812 sit
2037 4746 2303 4825 passioni,
2334 4753 2498 4809 habet
2545 4762 2720 4808 tamen
2748 4763 2800 4809 et
2831 4753 3072 4824 proprias
3119 4768 3340 4822 plenas,
3385 4769 3506 4809 cum

1931 4847 2080 4917 gravi
2103 4845 2425 4916 cogitatione
2452 4855 2751 4916 torquetur.
2779 4843 3113 4899 Pertransivit
3144 4845 3318 4898 anima
3347 4844 3509 4913 ipsius

1929 4940 2144 5010 ferrum,
2171 4938 2380 5009 quando
2399 4939 2448 4993 in
2469 4939 2564 4994 has
2585 4938 2930 5008 redigebatur
2944 4938 3216 5010 angustias
3239 4954 3253 4994 :
3279 4954 3346 4994 ne
3368 4939 3509 4995 inter

1932 5035 2068 5088 mala
2093 5047 2211 5103 quae
2259 5032 2450 5099 injuste
2478 5046 2666 5100 passus
2695 5039 2798 5097 est,
2841 5032 3191 5103 praevalerent
3214 5032 3265 5085 in
3307 5046 3426 5086 eum
3455 5039 3510 5086 et

1929 5124 2152 5179 crimina
2186 5122 2448 5176 falsitatis.
2480 5119 2703 5176 Ferrum
2728 5133 2905 5177 autem
2936 5122 3023 5177 hic
3060 5121 3257 5176 indicat
3287 5121 3508 5175 tribula-

1930 5214 2129 5268 tionem
2176 5213 2324 5266 durac
2377 5210 2742 5277 necessitatis,
2770 5226 2889 5281 qure
2935 5211 2987 5264 in
3025 5221 3286 5266 aestuante
3331 5211 3507 5266 anima

1932 5312 2272 5371 pervagatur,
2304 5303 2426 5356 dum
2454 5303 2519 5356 de
2550 5301 2741 5356 futuris
2787 5301 3035 5363 sollicita,
3067 5303 3176 5372 jam
3210 5301 3343 5356 mala
3374 5303 3509 5370 pati-

1930 5406 2014 5446 tur
2043 5410 2159 5462 qtue
2205 5396 2395 5448 timere
2443 5411 2545 5448 non
2574 5395 2789 5449 desinit.
2819 5393 2962 5449 Talis
3001 5395 3091 5449 illa
3138 5395 3188 5448 in
3222 5394 3508 5464 Evangelia

1929 5485 2127 5538 loz'utio
2151 5493 2249 5543 est.
2281 5485 2368 5537 uhi
2422 5486 2636 5539 Simeon
2683 5486 2813 5540 dicit
2848 5487 2913 5539 ad
2959 5485 3176 5540 Mariam
3208 5503 3219 5537 :
3256 5484 3318 5538 Et
3367 5495 3509 5538 tuam

1929 5577 1983 5643 ip
2013 5577 2090 5628 ius
2115 5576 2339 5628 animum
2389 5578 2710 5644 pertransibit
2741 5577 2941 5650 gladius
2975 5573 3127 5648 (Luc.
3178 5593 3231 5641 tt,
3264 5575 3393 5646 35):
3423 5576 3490 5629 sio

1929 5668 2185 5736 gnilicaus
2208 5665 2504 5721 habituram
2536 5677 2764 5723 matrem
2793 5669 3084 5738 gloriosam
3118 5668 3384 5724 tristitiam
3419 5665 3515 5720 (lo-

3118 5758 3195 5820 2h
