3966 6172
491 272 590 327 74⁸1

1708 261 1775 315 Μ.
1818 258 2093 315 AURELII
2133 252 2530 311 CASSIODORI

3589 255 3671 311 758

492 386 699 441 minica:
719 382 1003 455 passionis.
1023 377 1173 447 Quod
1195 388 1365 447 genus
1387 372 1668 429 locutionis
1694 374 1832 426 inter
1857 369 2072 441 propria
2102 377 2145 430 Α
2252 367 2405 421 Vers.
2438 366 2529 420 25.
2563 364 2630 417 Et
2658 364 2883 419 introivit
2907 360 3075 416 Israel
3094 361 3148 413 in
3177 359 3453 433 JEgyptum,
3473 376 3512 419 et
3544 366 3677 423 Jacob

494 478 786 544 Scriptura:
813 474 1004 528 divina:
1039 470 1308 525 credimus
1332 464 1715 521 adnotandum.

569 574 716 627 Vcrs.
748 569 833 621 19.
864 564 1037 619 Donec
1064 562 1252 615 veniret
1274 559 1476 613 verbum
1500 561 1633 628 ejus.
1667 554 1941 623 Eloquium
1969 550 2073 606 Do-

496 666 619 718 mini
650 658 985 731 inﬂammavit
1033 670 1167 709 eum.
1201 651 1477 722 Superiori
1532 650 1810 705 sententiae
1840 647 1926 701 hic
1954 661 2070 700 ver-

494 772 587 811 sus
635 755 919 823 adjunctus
945 758 1047 805 est.
1079 746 1218 802 Dicit
1265 746 1409 801 enim
1460 743 1647 800 tandiu
1698 741 2073 811 cogitationem

497 847 695 916 Ioseph
724 846 887 900 fuisse
912 840 1303 913 gravissimam,
1328 837 1498 893 donec
1523 845 1728 904 tempus
1752 833 1958 896 veniret,
1985 830 2075 885 ubi

502 938 703 995 verbum
727 939 841 1007 ejus
870 948 901 988 a
930 947 1056 1002 rege
1083 932 1364 985 Pharaone
1397 942 1493 997 pro
1515 922 1915 993 interpretando
1942 935 2077 977 som-

501 1030 590 1084 nio
616 1033 968 1097 misereretur.
1011 1022 1163 1077 Tunc
1207 1020 1350 1075 enim
1396 1027 1452 1074 et
1492 1017 1714 1088 gloriam
1758 1014 1990 1083 reperit,
2024 1020 2078 1067 et

501 1123 733 1178 claustra
755 1117 987 1173 carceris
1009 1116 1160 1169 laetus
1183 1114 1371 1167 evasit.
1401 1108 1508 1166 Sed
1533 1107 1672 1178 quod
1693 1106 1850 1169 dixit,
1874 1104 2078 1158 verbum

503 1214 633 1280 eius,
674 1209 941 1280 loquentis
988 1206 1186 1260 indicat
1236 1202 1506 1272 propriam
1563 1183 1775 1254 vocem.
1815 1195 2079 1250 Cancrum

508 1302 677 1372 ipsius
710 1315 816 1353 non
845 1298 959 1361 fuit,
993 1294 1133 1366 quod
1165 1294 1217 1349 ei
1247 1292 1429 1346 divina
1455 1287 1797 1358 inSpiratione
1825 1284 2079 1339 collatum

506 1401 607 1447 est.
650 1389 890 1459 Denique
916 1387 993 1441 sic
1022 1384 1264 1455 sequitur
1284 1421 1299 1446 ,
1331 1380 1609 1450 Eloquium
1636 1376 1843 1431 Domini
1875 1375 2083 1442 inﬂam-

508 1485 661 1537 mavit
690 1499 822 1537 eum.
846 1478 1215 1549 ln/lammavit,
1242 1474 1423 1544 utique
1443 1472 1507 1526 ad
1532 1469 1852 1540 loquendum
1881 1468 2080 1522 vivaci-

511 1587 591 1631 ter
626 1573 893 1637 incitavit,
928 1580 984 1624 ut
1009 1584 1190 1623 coram
1220 1565 1462 1636 principe
1507 1563 1681 1616 futura
1710 1560 1915 1614 diceret
1960 1572 2082 1611 cum

514 1666 702 1720 ﬁducia
730 1662 992 1719 veritatis.
1026 1659 1172 1713 Intus
1203 1656 1345 1711 enim
1390 1652 1626 1708 cmlcstis
1654 1650 1883 1704 ﬂamma:
1905 1649 2081 1701 lumen

2174 456 2415 510 habitavit
2434 457 2488 508 in
2511 466 2647 507 terra
2670 453 2936 509 Chanaan.
2958 450 3210 506 Ordinem
3233 465 3395 505 rerum
3420 466 3680 522 competen-

2174 559 2255 605 ter
2279 549 2589 618 exsequitur
2611 588 2626 613 ,
2663 547 2783 614 quia
2807 553 2927 614 post
2954 543 3043 599 illa
3069 557 3187 612 quae
3206 543 3336 596 dicta
3356 554 3485 609 sunt,
3502 546 3684 614 jubente

2174 641 2457 695 Pharaone
2486 639 2736 708 cognatio
2769 636 2969 707 Joseph
3001 635 3067 689 ad
3097 642 3262 690 terras
3304 636 3500 707 Egypti
3527 639 3681 695 eodem

2174 732 2455 787 ordinante
2498 730 2721 784 deducta
2760 740 2878 794 est;
2912 726 3053 797 quod
3085 726 3300 782 Genesis
3345 730 3509 784 suavis
3533 739 3684 787 textus

2176 822 2425 891 explanat
2448 819 2600 890 (Cen.
2632 818 2807 887 va1).
2842 817 2947 873 Sed
2992 815 3159 871 Israel
3185 816 3273 885 qui
3300 817 3460 871 dictus
3483 830 3573 886 est,
3599 821 3692 887 ipse

2176 919 2258 965 est
2287 920 2341 965 et
2362 908 2545 963 Jacob.
2581 908 2780 963 Verum
2827 920 2895 962 ne
2939 905 3128 961 eadem
3157 906 3310 960 verba
3341 912 3602 976 repeteret;
3628 912 3692 965 di-

2178 1000 2430 1054 versitate
2458 1000 2731 1053 nominum
2761 996 3108 1052 revelationis
3151 1010 3263 1051 sua:
3301 996 3430 1052 dicta
3467 1000 3691 1067 variavit;

2181 1104 2303 1146 nam
2354 1088 2522 1144 Israel
2567 1104 2814 1159 egressus
2861 1104 2928 1143 ex
2982 1087 3217 1157 Egypto
3263 1088 3489 1142 habitavit
3514 1090 3562 1143 in
3587 1100 3694 1146 terra

2183 1179 2443 1233 Chanaan.
2477 1179 2721 1235 Chanaan
2752 1192 2883 1234 vero
2927 1178 3025 1232 fuit
3051 1179 3192 1232 ﬁlius
3216 1176 3377 1231 Cham
3404 1193 3554 1249 nepos
3576 1180 3696 1247 Noe,

2181 1284 2247 1326 ex
2279 1286 2383 1340 quo
2410 1270 2647 1340 Aigyptii
2678 1269 2895 1324 trahere
2923 1268 3173 1336 leguntur
3199 1268 3465 1337 originem.

2255 1363 2409 1419 Vers.
2440 1363 2530 1418 24.
2564 1362 2631 1417 Et
2660 1363 2804 1416 auxit
2844 1360 3092 1432 papulum
3118 1376 3265 1413 suum
3295 1360 3458 1429 nimis,
3481 1370 3523 1413 et
3552 1360 3702 1429 conﬁr-

2186 1456 2339 1510 mavit
2361 1458 2471 1509 e’um
2500 1470 2651 1523 super
2690 1454 2927 1507 inimicos
2967 1454 3098 1523 ejus.
3145 1451 3302 1505 Auxit
3330 1452 3553 1521 papulum
3587 1468 3703 1504 suum

2187 1549 2510 1606 fecunditate
2540 1546 2822 1613 nascendi,
2852 1544 3067 1615 quando
3098 1544 3170 1599 ibi
3198 1544 3466 1599 rarissima
3511 1543 3597 1597 iuit
3619 1559 3706 1597 mu-

2190 1642 2290 1696 lier
2310 1657 2429 1711 qua:
2452 1655 2558 1695 non
2602 1639 2790 1694 habuit
2829 1644 3063 1708 partum.
3088 1636 3415 1704 Conﬁrmavit
3440 1646 3597 1691 autem
3619 1652 3708 1689 eum

512 1754 734 1823 accepit,
768 1762 826 1806 ut
852 1749 1169 1820 praevideret
1196 1745 1324 1799 talia
1348 1758 1465 1813 quae
1490 1743 1640 1811 regni
1663 1739 1803 1794 illius
1819 1737 2087 1806 sapientes
2116 1747 2164 1808 Β
2192 1750 2345 1804 super
2374 1732 2606 1787 inimicos
2636 1744 2783 1796 suos,
2816 1728 3027 1799 quando
3045 1729 3151 1782 illis
3178 1727 3550 1791 crescentibus,
3576 1726 3711 1795 Egy-

515 1846 865 1913 doctoresque
888 1847 1225 1910 superarent.

588 1938 743 1993 Vers.
770 1936 859 1990 20.
897 1933 1043 1987 Misit
1071 1946 1160 1985 rex
1202 1940 1248 1984 et
1291 1926 1437 1981 solvit
1476 1940 1624 1987 eum;
1658 1922 1890 1990 princeps
1929 1934 2090 1989 papu-

517 2029 684 2082 lorum
713 2034 760 2080 et
805 2024 996 2077 dimisit
1038 2037 1177 2076 eum.
1226 2016 1369 2071 Misit
1401 2013 1664 2085 signiﬁcat
1705 2010 1978 2065 ministros
2004 2008 2092 2077 qui

518 2118 679 2187 regiis
722 2114 1055 2186 jussionibus
1097 2107 1485 2166 obsecundant.
1520 2105 1728 2174 Regem,
1764 2101 2093 2156 Pharaonem

519 2209 670 2273 dicit,
695 2206 748 2260 in
778 2205 930 2275 cujus
956 2217 1120 2273 regno
1146 2202 1316 2257 fuerat
1343 2197 1543 2253 carceri
1585 2196 1937 2262 mancipatus.
1975 2188 2097 2246 Sol-

520 2299 612 2363 vit,
635 2297 839 2351 scilicet
865 2309 893 2346 a
915 2302 1066 2347 reatu
1090 2305 1193 2359 quo
1232 2287 1511 2343 tenebatur
1528 2286 1798 2339 astrictus.
1825 2282 2093 2349 Sequitur,

526 2389 776 2458 Princeps
802 2385 1104 2456 populorum
1126 2390 1172 2435 et
1200 2379 1389 2433 dimisit
1433 2391 1568 2431 eum.
1596 2376 1716 2444 Ipse
1753 2381 1835 2428 est
1865 2374 2099 2443 princeps

524 2480 753 2543 Pharao,
807 2491 963 2545 quem
1019 2470 1263 2541 superius
1314 2483 1483 2539 regem
1532 2465 1702 2529 dixit;
1736 2463 1828 2517 sed
1882 2470 2100 2532 propter

525 2568 745 2635 gratiam
779 2562 1063 2619 locutionis
1085 2558 1247 2613 verba
1264 2556 1506 2612 variavit.
1545 2552 1747 2607 Dimisit
1778 2566 1914 2617 eum,
1940 2549 1992 2604 id
2020 2557 2103 2604 est

526 2658 759 2713 claustra
809 2652 1042 2709 carceris
1076 2650 1200 2706 fecit
1229 2646 1410 2712 exire;
1445 2656 1502 2698 ut
1547 2644 1635 2713 qui
1687 2650 1952 2696 terrarum
1999 2639 2104 2693 Do-

530 2751 728 2805 minum
752 2764 780 2801 a
808 2744 1186 2816 cogitationum
1211 2738 1469 2809 angustiis
1492 2736 1829 2799 liberaverat,
1856 2734 1969 2800 ipse
1994 2731 2101 2800 jam

531 2843 827 2896 nullatenus
857 2836 1121 2908 ergastula
1169 2839 1456 2902 pateretur.
1488 2828 1595 2883 Sed
1626 2843 1692 2883 ne
1720 2827 1833 2882 sola
1876 2826 1953 2879 illi
1978 2839 2101 2878 con-

534 2946 686 2988 cessa
716 2931 986 2985 videretur
1002 2941 1119 2983 esse
1144 2923 1408 2989 ditnissio,
1432 2919 1565 2976 dicit
1590 2920 1749 2975 etiam
1774 2932 1879 2988 quo
1904 2916 2108 2971 honore

536 3029 734 3083 ditatus
764 3036 864 3081 est.

2197 1827 2429 1897 ptiorum
2463 1824 2618 1879 turba
2660 1821 2956 1877 notissimis
2988 1821 3160 1890 plagis
3207 1819 3536 1875 vehementer
3563 1816 3712 1871 affecta

2194 1927 2297 1974 est.
2329 1918 2425 1972 llic
2447 1916 2589 1972 enim
2622 1930 2716 1984 per
2747 1913 3033 1984 quamdam
3066 1910 3482 1981 propositionem
3509 1908 3714 1964 dicuntur

2196 2008 2247 2061 in
2277 2020 2483 2061 summa
2524 2019 2644 2074 quae
2674 2013 2825 2074 gesta
2852 2010 2999 2057 sunt.
3029 2001 3298 2057 Caeterum
3329 1998 3716 2069 quemadmodum

2196 2098 2500 2170 singillatim
2532 2096 2668 2151 facta
2698 2097 2826 2163 sint,
2861 2103 3262 2164 consequenter
3287 2094 3522 2162 exponit.

2270 2192 2428 2245 Vers.
2475 2188 2567 2242 25.
2613 2186 2867 2241 Convertit
2896 2202 2983 2240 cor
3011 2201 3190 2240 eorum
3223 2194 3277 2239 ut
3306 2185 3495 2237 odirent
3526 2182 3723 2253 populum

2196 2284 2325 2351 ejus,
2356 2289 2401 2333 et
2436 2279 2611 2332 dolum
2641 2278 2863 2346 facerent
2890 2278 2943 2330 in
2966 2292 3135 2332 servos
3154 2280 3295 2348 eius.
3328 2274 3478 2330 Venit
3515 2274 3573 2327 ad
3599 2286 3726 2341 quar-

2200 2383 2307 2427 tam
2330 2380 2555 2439 partem,
2579 2369 2666 2423 ubi
2685 2367 2967 2439 Egyptios
2984 2366 3500 2422 memoratHehrteis
3522 2365 3729 2422 invidiam

2202 2462 2453 2516 habuisse
2483 2460 2859 2525 saevissimam,
2890 2467 3049 2528 atque
3076 2473 3169 2514 eos
3219 2458 3461 2528 operibus
3488 2454 3731 2524 subjecisse

2202 2552 2521 2608 durissimis.
2549 2550 2858 2606 Praestando
2881 2551 3022 2606 enim
3050 2549 3237 2604 felicia
3265 2546 3734 2620 populolsraelitico,

2204 2647 2469 2703 convertit
2500 2643 2755 2699 Dominus
2785 2643 2851 2698 ad
2890 2642 3069 2698 odium
3099 2652 3152 2697 et
3182 2642 3351 2697 dolos
3391 2656 3480 2695 cor
3501 2637 3735 2709 AEgyptio-

2206 2753 2320 2793 rum
2340 2778 2356 2804 ,
2400 2750 2508 2791 non
2536 2735 2659 2805 quia
2685 2736 2799 2803 ipse
2847 2733 2972 2787 mali
3000 2743 3197 2786 auctor
3227 2741 3339 2796 est,
3369 2731 3460 2786 sed
3487 2725 3739 2800 przestando

2208 2828 2329 2884 aliis
2380 2826 2662 2891 beneﬁcia,
2696 2834 2902 2880 mentes
2945 2824 3220 2878 excitavit
3270 2823 3524 2892 obliquas.
3553 2819 3738 2874 Necesse

2211 2929 2293 2973 est
2322 2916 2464 2972 enim
2495 2925 2553 2971 ut
2581 2914 2827 2970 scelerati
2880 2913 3124 2969 homines
3154 2912 3361 2968 alienis
3409 2909 3657 2980 prosperis
3679 2908 3742 2960 in-

2215 3015 2534 3071 tumescant,
2565 3004 2653 3075 qui
2684 3019 2743 3059 se
2781 3012 2979 3058 norunt
3001 3003 3214 3058 mereri
3244 3017 3350 3057 non
3386 3014 3531 3069 posse
3555 2996 3742 3057 similia;

610 3119 761 3173 Vers.
792 3118 882 3171 21.
928 3114 994 3169 Et
1022 3112 1280 3168 constituit
1321 3127 1436 3165 eum
1467 3108 1730 3165 dominum
1759 3106 1938 3160 domus
1980 3118 2106 3169 sure,
2140 3105 2185 3166 Ο
2215 3100 2353 3153 sicut
2382 3099 2434 3152 in
2466 3095 2741 3151 sacriﬁciis
2768 3094 2897 3151 Cain
2931 3103 2987 3149 et
3034 3094 3168 3149 Abel
3225 3096 3420 3149 factum
3449 3100 3546 3158 est,
3572 3087 3745 3160 quando

536 3222 585 3266 et
616 3211 892 3280 principem
922 3208 1084 3261 omnis
1118 3204 1449 3274 possessionis
1475 3217 1596 3255 sure.

612 3302 763 3356 Vers.
790 3300 879 3355 22.
918 3297 984 3352 Ut
1010 3299 1236 3352 erudiret
1275 3295 1527 3366 principes
1554 3308 1673 3348 suos
1695 3293 1825 3346 sicut
1855 3290 2078 3356 seipsum
2096 3324 2112 3351 ,

538 3405 590 3448 et
629 3394 850 3448 seniores
898 3406 1017 3445 suos
1068 3388 1391 3458 prudentium
1436 3386 1655 3440 doceret.
1700 3384 1755 3437 In
1798 3382 1881 3436 his
1908 3380 2116 3434 duobus

546 3484 812 3548 versibus,
842 3496 999 3552 quam
1031 3485 1351 3549 potestatem
1400 3475 1606 3531 dederit
1638 3474 1847 3527 Pharao
1879 3470 2076 3537 Joseph
2097 3507 2112 3534 ,

545 3574 827 3632 evidentei’
866 3572 1102 3641 exponit.
1152 3569 1422 3624 Constituit
1467 3583 1585 3622 eum
1628 3565 1893 3619 dominum
1935 3563 2117 3615 domus

547 3686 671 3735 suae,
700 3678 746 3723 et
767 3668 1045 3738 principem
1070 3664 1233 3717 omnis
1261 3659 1587 3730 possessionis
1611 3671 1734 3723 suaz,
1762 3654 1973 3724 quando
1995 3664 2117 3706 eum

549 3773 764 3815 currum
785 3755 908 3811 fecit
923 3754 1233 3819 ascendere,
1255 3761 1309 3806 et
1331 3747 1594 3820 praeconis
1620 3760 1750 3800 voce
1767 3742 2119 3799 celeberrima

549 3850 782 3906 nuntiari
819 3849 961 3903 hunc
990 3844 1282 3900 secundum
1326 3840 1598 3895 dominum
1626 3852 1749 3892 esse
1778 3844 1898 3905 post
1917 3848 2118 3904 regem.

550 3940 681 4008 Quae
710 3947 946 4008 potestas
975 3950 1005 3989 a
1034 3932 1305 4005 prmfectis
1344 3929 1611 3997 hodieque
1641 3927 1923 3990 retinetur,
1952 3924 2041 3994 qui
2068 3932 2124 3978 et

554 4033 669 4087 vice
694 4044 845 4086 sacra
871 4027 1135 4097 judicant,
1170 4034 1223 4079 et
1252 4027 1566 4077 cunctarum
1596 4016 1994 4087 provinciarum
2024 4029 2121 4084 po-

552 4129 797 4177 testatem
840 4117 1127 4172 maximam
1176 4112 1376 4169 habere
1426 4117 1743 4164 noscuntur.
1794 4104 1898 4160 Sed
1943 4106 1995 4159 in
2038 4104 2123 4159 his

553 4215 713 4270 rebus
739 4211 993 4266 ditionem
1026 4206 1172 4263 dedit
1201 4204 1296 4269 illi,
1328 4216 1486 4273 quam
1517 4201 1639 4256 sibi.
1688 4199 1742 4253 in
1776 4196 2122 4266 subsequenti

552 4312 728 4358 autem
778 4317 969 4367 versu,
1001 4313 1160 4368 supra
1213 4296 1386 4367 ipsum
1429 4292 1770 4363 cognoscitur
1816 4304 1937 4345 esse
1984 4287 2124 4357 quod

554 4392 775 4457 tribuit;
807 4391 934 4446 dicit
962 4389 1127 4454 enim,
1179 4396 1234 4442 ut
1266 4386 1490 4441 erudiret
1534 4382 1785 4452 principes
1830 4395 1946 4433 suos
1993 4379 2123 4432 sicut

2218 3191 2374 3247 unius
2403 3189 2721 3245 sacriﬁcium
2771 3188 3006 3258 respuit,
3040 3187 3280 3243 alterius
3321 3189 3539 3243 libenter
3567 3181 3748 3250 accepit.

2218 3284 2487 3353 Sequitur,
2514 3281 2691 3335 dolum
2734 3280 2959 3349 facerent
2998 3280 3048 3332 in
3079 3294 3263 3334 servos
3299 3281 3431 3351 ejus.
3462 3280 3751 3344 Consequens

2219 3386 2332 3432 erat
2360 3385 2418 3430 ut
2445 3382 2565 3445 post
2592 3383 2910 3443 conceptum
2955 3371 3136 3427 odium
3204 3373 3435 3428 saeviens
3472 3368 3675 3442 populus
3707 3364 3754 3417 ad

2220 3471 2433 3525 dolosas
2461 3468 2734 3524 machinas
2779 3467 3107 3537 perveniret.
3152 3467 3309 3523 illud
3334 3468 3476 3523 enim
3508 3462 3753 3534 signiﬁcat,

2221 3560 2432 3631 quando
2462 3559 2539 3615 eis
2562 3559 2756 3614 lateres
2776 3557 2954 3613 facere
2983 3567 3394 3629 praeceperunt,
3422 3566 3474 3612 et
3499 3569 3590 3624 pro
3614 3551 3758 3606 labore

2221 3650 2539 3721 geminando
2570 3658 2775 3719 negata:
2805 3658 2929 3704 sunt
2952 3649 3137 3718 paleae,
3174 3659 3232 3704 et
3259 3658 3457 3705 extera
3484 3660 3596 3717 qum
3614 3644 3660 3697 in
3686 3638 3759 3695 illo

2222 3742 2517 3798 saevissimo
2561 3740 2835 3795 dominatu
2880 3739 3032 3811 plebs
3061 3740 3420 3796 llebrtnorunr
3459 3738 3668 3793 Domino
3692 3732 3755 3785 de-

2227 3844 2349 3889 vota
2383 3833 2655 3887 suSIinuit.

2295 3925 2453 3995 357
2500 3923 2651 3979 Vers.
2696 3921 2784 3977 26.
2836 3922 2977 3976 Misit
3021 3921 3247 3993 Moysen
3292 3936 3496 3977 servum
3545 3931 3694 3981 suum,
3732 3922 3768 3965 et

2226 4015 2399 4069 Aaron
2426 4032 2575 4085 quem
2599 4016 2749 4085 elegit
2792 4016 2976 4085 ipsum.
3026 4014 3167 4070 Istos
3198 4016 3268 4069 ad
3302 4015 3627 4070 Pharaonem
3651 3999 3767 4076 quasi

2228 4106 2488 4176 quosdam
2518 4116 2683 4161 testes
2708 4114 2919 4161 constat
2942 4121 2971 4159 a
3004 4106 3240 4162 Domino
3273 4107 3603 4167 destinatos,
3631 4112 3678 4153 ut
3702 4110 3773 4165 p0-

2231 4201 2416 4270 pulum
2467 4200 2569 4255 sibi
2612 4199 2861 4268 placitum
2914 4200 3063 4255 abire
3116 4199 3464 4269 permisisset
3505 4185 3769 4251 illa'sum.0

2230 4291 2615 4347 inmstimabilis
2642 4292 2812 4361 pietas
2836 4290 3239 4359 Omnipotentis
3256 4293 3277 4345 ι
3297 4292 3383 4346 Ah
3408 4288 3614 4343 homine
3641 4270 3777 4348 fragili

2232 4383 2442 4452 petebat
2481 4381 2618 4445 ﬁeri,
2646 4380 2797 4451 cujus
2829 4381 3155 4436 ordinationi
3187 4398 3219 4436 a
3251 4382 3407 4435 nuila
3452 4386 3678 4433 creatura
3702 4383 3775 4439 p0-

554 4487 794 4555 seipsum.
838 4482 949 4535 lloc
996 4478 1289 4534 secundum
1318 4476 1572 4546 gentilem
1618 4473 1946 4527 intellectum
1978 4469 2120 4523 Pha-
2148 4463 2202 4523 D
2227 4481 2365 4529 terat
2386 4473 2593 4527 ohviari
2614 4512 2629 4538 ,
2660 4482 2721 4526 ut
2742 4487 2929 4527 revera
2955 4487 3051 4527 nos
3081 4473 3340 4527 inﬁrmos
3368 4474 3558 4526 doreat
3577 4480 3670 4536 qua
3692 4476 3774 4516 mo-

557 4574 736 4628 raonis
783 4571 1041 4625 debemus
1090 4568 1357 4637 accipere,
1411 4565 1502 4636 qui
1546 4563 1799 4620 credebat
1845 4556 2126 4630 primarius

559 4663 735 4732 populi
767 4663 849 4718 sui
881 4662 931 4715 in
965 4662 1099 4714 hanc
1126 4656 1442 4726 sapientiam
1472 4652 2042 4725 pervenire'potuisse,
2071 4659 2129 4704 ut

555 4766 607 4809 et
632 4752 729 4822 ipsi
748 4753 1076 4807 somniorum
1100 4748 1423 4814 interpretes
1450 4759 1569 4801 esse
1589 4751 1928 4798 mererentur
1947 4781 1963 4807 ,
1987 4749 2042 4795 et
2060 4741 2125 4796 ad

561 4854 758 4898 tantam
790 4840 1089 4896 doctrinam
1136 4836 1361 4890 scientia
1392 4850 1576 4891 eorum
1606 4833 1864 4904 potuisset
1892 4830 2081 4885 adduci
2107 4873 2122 4897 ,

557 4946 612 4989 ut
634 4931 862 4989 consulti
888 4930 955 4985 de
981 4944 1039 4983 re
1061 4928 1223 4982 dubia
1249 4935 1394 4980 certa
1417 4925 1781 4995 loquerentur.
1806 4920 1940 4975 Nam
1967 4921 2010 4975 si
2033 4934 2127 4975 eos

555 5037 742 5084 sancto
770 5024 886 5078 viro
930 5023 982 5076 in
1029 5019 1401 5089 discipulatum
1450 5015 1569 5071 ﬁdei
1612 5014 1917 5069 tradidisset
1948 5013 2126 5076 (unde

557 5121 706 5175 illum
736 5116 957 5171 Domino
988 5108 1253 5183 placuisse
1283 5108 1620 5164 manifestum
1648 5108 1773 5170 est),
1809 5105 1995 5159 fuisset
2026 5104 2128 5157 nti-

556 5226 658 5281 que
690 5209 797 5263 illis
825 5206 1121 5277 Synagogaa
1148 5202 1281 5257 ordo
1309 5199 1516 5255 noviter
1543 5198 1833 5251 institutus.
1865 5194 1967 5249 Sed
2005 5208 2126 5249 cum

557 5302 678 5355 talia
708 5314 812 5353 non
853 5297 1116 5366 legantur,
1152 5292 1373 5347 minime
1408 5288 1719 5357 religionem
1750 5286 2089 5340 desiderasse
2111 5326 2125 5350 ,

557 5390 650 5445 sed
679 5397 880 5441 tantum
922 5384 1267 5440 divinationis
1295 5381 1412 5450 ejus
1440 5379 1665 5449 gloriam
1699 5376 1974 5447 quaesiisse
2011 5391 2128 5431 cre-

557 5477 764 5533 dendus
792 5484 875 5531 est
904 5489 1052 5529 more
1082 5472 1358 5544 gentilium
1383 5512 1399 5539 ,
1430 5472 1519 5540 qui
1572 5470 1870 5525 futurorum
1907 5466 2028 5540 [ms.
2060 5465 2125 5524 G.

558 5578 604 5622 et
634 5569 740 5632 ed.,
772 5567 837 5621 ad
889 5562 1087 5636 futura]
1133 5563 1348 5633 cupidi,
1380 5562 1518 5618 unde
1566 5560 1853 5631 proveniat
1901 5560 2018 5629 ipsa
2048 5574 2133 5614 re—

564 5656 776 5725 velatio,
801 5672 905 5712 non
938 5664 1195 5727 appetunt
1220 5654 1433 5709 intueri.

2228 4565 2503 4620 deratione
2543 4565 2723 4620 vivere
2750 4563 3063 4630 debeamus,
3096 4565 3324 4632 quando
3358 4563 3650 4617 voluntates
3674 4562 3777 4607 sua!

2228 4655 2449 4712 Creator
2478 4664 2695 4709 sanctus
2741 4656 2841 4709 sub
2873 4664 3021 4709 tanta
3075 4656 3379 4711 clementia
3430 4651 3687 4723 peregisse
3723 4659 3791 4697 eo-

2227 4744 2520 4815 gnoscitur.
2553 4742 2897 4798 lntendamus
2944 4758 3157 4814 quoque
3186 4752 3249 4798 et
3278 4742 3427 4798 istud
3460 4754 3619 4811 genus
3665 4735 3784 4788 locu-

2226 4833 2387 4889 tionis
2442 4833 2730 4902 Scripturte
2774 4833 2968 4887 divina:
3011 4848 3132 4888 esse
3189 4834 3505 4903 proprium.
3535 4826 3786 4884 Sull‘eceral

2228 4926 2372 4980 enim
2418 4924 2543 4988 dici,
2587 4939 2737 4993 quem
2782 4923 3083 4993 elegit;sed
3114 4922 3358 4986 addidit,
3393 4923 3593 4990 ipsum,
3622 4924 3672 4969 ut
3709 4912 3785 4964 hoc

2228 5031 2438 5086 quoque
2466 5016 2763 5070 evidentius
2784 5015 3115 5084 explanaret.
3140 5013 3285 5080 Quae
3320 5015 3499 5071 forma
3531 5003 3785 5066 locutionis

2226 5108 2280 5160 in
2309 5104 2597 5174 Scripturis
2621 5104 2815 5159 divinis
2857 5105 3188 5159 creberrime
3241 5104 3542 5169 reperitur,
3572 5101 3700 5154 sicut
3724 5099 3788 5148 est

2225 5207 2278 5252 et
2307 5197 2431 5252 illud
2459 5216 2471 5250 :
2497 5196 2563 5251 In
2588 5213 2687 5265 quo
2708 5197 2950 5250 habitavit
2977 5197 3031 5249 in
3060 5197 3173 5264 ipso
3202 5195 3390 5268 (Psal.
3414 5208 3605 5261 Lxxtn,
3632 5189 3706 5260 2).

2303 5288 2455 5343 Vers.
2496 5288 2585 5342 27.
2615 5286 2796 5341 Posuit
2843 5287 2895 5339 in
2922 5288 2993 5340 eis
3013 5288 3161 5341 verba
3197 5288 3478 5357 signorum
3509 5294 3730 5339 suorum,
3753 5279 3794 5327 et

2232 5379 2579 5447 prodigiorum
2621 5378 2671 5430 in
2699 5386 2836 5431 terra
2864 5376 3130 5431 Chanaan.
3182 5376 3378 5432 Posuit
3419 5364 3795 5445 signiticatcol-

2234 5470 2424 5523 locavit
2451 5468 2505 5522 in
2536 5469 2635 5535 eis,
2667 5468 2848 5538 Moyse
2876 5468 3078 5522 scilicet
3115 5477 3171 5521 et
3223 5472 3441 5533 Aaron,
3472 5465 3617 5519 verba
3643 5462 3791 5528 signa

2231 5574 2343 5612 rum
2370 5568 2415 5613 et
2445 5559 2814 5628 prodigiorum,
2857 5574 2974 5627 qua:
2995 5558 3061 5613 ab
3089 5557 3169 5610 eis
3200 5556 3607 5626 praedicabatur
3636 5546 3795 5604 Domi-

2237 5664 2335 5705 nus
2359 5663 2479 5705 esse
2528 5649 2782 5705 facturus.
2822 5647 2983 5720 Signa
3026 5657 3147 5704 sunt
3195 5651 3357 5717 quasi
3402 5645 3621 5714 vestigia
3650 5640 3799 5704 aliqua
