3966 6172
212 284 288 338 Ἀ9
1120 274 1477 335 EXPOSITIO
1518 278 1579 332 IN
1624 274 2081 331 PSALTERIUM.
2117 273 2308 331 I’SAL.
2352 274 2475 331 CIV.

3339 282 3441 340 750

206 396 454 449 futurarum
492 395 605 449 sive
647 395 1039 465 prretcritarutu
1088 409 1305 459 rerum;
1356 394 1596 463 prodig‘a
1626 405 1754 446 vero
1788 393 1834 450 Α
1861 390 1981 458 quis
2008 388 2273 460 Aigypt'ns
2303 392 2450 445 locus
2473 406 2501 445 a
2535 392 2829 460 perniciosa
2857 392 3009 449 clade
3038 395 3326 452 sentiretur
3351 411 3444 455 ex-

203 492 429 559 pertineut
457 490 521 543 al
556 489 825 543 mirabiles
848 498 1095 550 eventus,
1119 488 1209 555 qui
1240 489 1292 541 in
1337 502 1519 542 rerum
1555 486 1749 539 ordine

201 594 328 637 antea
348 598 443 634 non
476 581 707 635 fuerunt.
747 580 1051 652 Prodigium
1078 580 1217 634 enim
1250 579 1450 633 dictum
1485 589 1570 630 est
1594 576 1660 629 ab
1689 589 1755 629 eo

200 675 317 746 quod
344 688 495 744 porro
521 673 681 727 dicat.
711 673 817 728 Sed
850 673 964 726 ltzec
993 673 1141 743 signa
1170 683 1215 726 et
1242 673 1480 744 prodigia
1509 672 1560 725 in
1586 669 1755 740 Egy-

199 767 305 835 ptiis
345 766 467 819 facta
515 773 661 829 sunt,
706 772 795 827 ut,
829 764 966 818 sicut
1020 765 1310 817 multorum
1358 762 1576 818 Patrum
1626 761 1757 815 dicit

198 858 487 925 auctoritas,
517 854 718 924 aliquid
771 855 1162 924 portenderent
1209 853 1519 909 Christiano
1560 855 1756 920 populo

197 949 516 1021 subscquenti
547 966 561 1016 ;
595 947 739 1018 quod
783 947 894 1002 suis
938 946 1074 1002 locis
1121 945 1401 1017 aptissime
1433 956 1756 1025 ‘commoue-

199 1057 320 1095 mus.

259 1151 398 1207 Vers.
453 1149 545 1204 28.
597 1149 741 1203 Misit
782 1150 1010 1205 tenebras
1056 1158 1102 1204 et
1148 1150 1433 1203 obscuravit
1477 1165 1561 1203 eos
1591 1164 1608 1201 :
1636 1149 1759 1219 quia

196 1245 591 1297 “accubuerunt
617 1258 874 1296 sermones
894 1246 1026 1310 ejus.
1051 1240 1324 1311 Leguntur
1346 1240 1562 1310 quidem
1592 1240 1760 1310 Egy-

197 1334 429 1405 ptiiaeris
480 1334 728 1389 tenebras
765 1333 907 1388 inter
945 1333 1132 1402 plagas
1159 1333 1394 1401 reliquas
1440 1332 1755 1401 pertulisse;

198 1429 277 1483 sed
315 1428 494 1481 melius
537 1426 903 1493 intelligamus
947 1424 1110 1478 corda
1154 1438 1339 1478 eorum
1370 1424 1536 1479 fuisse
1582 1424 1761 1492 potius

201 1518 475 1580 ob~curata,
502 1516 590 1585 qui
627 1515 835 1569 Domini
868 1524 1134 1583 prazcepta
1166 1513 1606 1567 contemnebant.
1650 1512 1761 1565 Ea:-

205 1610 532 1661 acerbaverunt
560 1617 738 1662 autem
768 1604 1037 1674 signiﬁcat
1064 1604 1260 1659 acerbe
1285 1611 1635 1673 acceperunt,
1668 1613 1761 1659 aut

209 1714 329 1758 certe
356 1702 626 1771 injuriosis
651 1699 1141 1756 abominationibus
1169 1707 1514 1768 reSpuerunt.
1545 1699 1677 1753 Nam
1703 1700 1756 1754 in

1858 493 2065 549 ceptus.

1936 571 2087 627 \‘crs.
2111 572 2198 626 32.
2226 573 2406 627 Posuit
2438 572 2634 644 pluvias
2660 591 2834 630 eorum
2860 577 2910 631 in
2932 580 3250 648 grandinem,
3274 580 3445 653 ignem

1859 663 2235 718 comburentent
2262 666 2313 717 in
2336 673 2475 719 terra
2501 664 2626 738 [tus.
2653 666 2714 720 E.
2741 675 2794 721 et
2829 668 2942 734 ed.,
2961 669 3171 742 terram]
3192 673 3444 743 ipsorum.

1936 757 2084 812 Vers.
2120 758 2207 812 55.
2240 757 2305 810 Et
2331 760 2577 829 percussit
2608 761 2772 813 vineas
2802 777 2975 813 eorum
3002 772 3050 816 et
3078 764 3326 831 ﬁculnea:
3361 782 3447 819 eo-

1860 862 2007 911 rum,
2038 857 2083 900 et
2128 848 2359 901 contrivit
2389 864 2535 901 omne
2581 849 2778 919 lignum
2825 850 3007 917 ﬁnium
3056 869 3251 908 eorum.
3305 855 3446 910 Ultio

1860 937 2044 1007 quinta
2096 949 2366 991 narratur.
2399 937 2601 992 Similis
2644 948 2725 993 est
2773 942 3033 1010 superiori
3083 946 3363 1001 sententiae
3394 957 3449 1002 et

1860 1028 1959 1082 ista
1990 1028 2204 1093 locutio,
2231 1028 2319 1082 ubi
2347 1028 2421 1081 ait
2447 1045 2458 1079 :
2495 1028 2672 1081 Posuit
2699 1030 2749 1083 in
2770 1032 2842 1084 eis
2865 1037 3013 1085 verba
3040 1034 3302 1104 signorum
3327 1054 3448 1090 suo—

1862 1138 1996 1177 rum.
2033 1116 2238 1186 Posuit,
2268 1120 2455 1174 statuit
2496 1119 2759 1189 significat
2785 1137 2846 1177 ac
2869 1122 3126 1181 decrevit.
3169 1126 3451 1197 Egyptio-

1862 1228 1981 1267 rum
2028 1212 2170 1266 enim
2220 1211 2396 1267 adhuc
2428 1214 2700 1283 plagarum
2741 1215 3076 1268 enumeratio
3107 1228 3446 1284 perseverat,

1863 1310 1922 1355 ut
1953 1302 2130 1370 pluvia
2158 1318 2275 1372 qua:
2304 1299 2369 1357 ad
2419 1305 2799 1359 fecunditatem
2834 1313 2991 1359 terra:
3019 1306 3196 1371 datur,
3227 1322 3449 1365 conver-

1864 1401 2068 1448 teretur
2108 1393 2158 1447 in
2191 1394 2467 1464 grandinis
2500 1395 2715 1449 noxiam
2762 1398 3066 1452 vastitatem
3093 1412 3107 1463 ;
3136 1399 3287 1466 cujus
3315 1400 3451 1456 ictus

1864 1499 1968 1537 non
2007 1485 2181 1538 minus
2209 1483 2501 1553 intercipit,
2535 1501 2692 1555 quam
2725 1486 2812 1540 ubi
2845 1486 3077 1556 lapidum
3109 1490 3260 1557 copia
3286 1489 3449 1545 densa

1862 1575 2138 1630 ceciderit.
2173 1575 2295 1629 llarc
2343 1590 2588 1645 agrorum
2621 1572 2916 1645 liquoreum
2960 1565 3214 1644 probatur
3265 1579 3446 1634 incen-

1864 1664 2008 1719 dium
2028 1707 2042 1729 ,
2069 1681 2189 1719 cum
2220 1674 2360 1719 tactu
2390 1665 2557 1720 noxio
2588 1666 2788 1720 fructus
2815 1666 3071 1734 areiacit,
3105 1683 3450 1739 quoscunque

212 1755 447 1864 ὦῶ..υῶ
501 1796 742 1864 ipsarum
800 1755 1212 1848 enumeratione
1264 1755 1581 1860 'compemls
1635 1790 1760 1846 fecit
1793 1767 1842 1827 Β
1868 1758 2107 1812 saxatilis
2135 1759 2271 1813 unda
2302 1758 2645 1827 percusserit.
2676 1755 2855 1828 Ignem
2894 1774 3022 1814 vero
3059 1761 3450 1824 comburentem.

214 1889 403 1941 initium.
427 1887 543 1942 Non
576 1888 719 1942 enim
751 1885 818 1940 ad
848 1885 1058 1955 reliqua
1082 1883 1267 1939 venire
1299 1883 1619 1952 potuissent,
1654 1881 1757 1937 nisi

215 1981 478 2034 obscuratis
543 1980 797 2034 sensibus
862 1976 1220 2032 incurrissent
1286 1975 1761 2046 profundissimam

214 2073 497 2139 cecitatem;
531 2074 673 2142 quod
701 2081 756 2127 et
787 2070 946 2126 hodie
972 2072 1051 2126 sic
1097 2069 1214 2125 ﬁeri
1265 2069 1604 2139 peccantium
1635 2082 1765 2124 usus

214 2165 437 2222 ostendit.

268 2277 405 2332 νει-ς.
435 2275 529 2330 29.
562 2275 817 2330 Convertit
861 2292 1021 2347 aquas
1061 2291 1240 2330 eorum
1274 2276 1325 2329 in
1357 2274 1657 2345 sanguinem
1677 2313 1692 2338 ,
1722 2283 1768 2327 et

208 2370 362 2425 occidit
382 2372 545 2441 pisces
569 2386 767 2423 eorum.
799 2369 937 2424 Dicit
963 2369 1252 2425 secundam
1292 2369 1523 2439 plagam,
1555 2381 1676 2437 qua:
1705 2368 1795 2420 in~

211 2464 399 2517 historia
434 2462 600 2516 Exodi
634 2462 804 2531 prima
838 2461 1059 2531 legitur;
1090 2461 1184 2516 sed
1218 2461 1347 2530 ipsa:
1375 2460 1547 2531 plagre
1575 2460 1766 2513 futura:

207 2555 345 2610 cladis
368 2556 563 2611 indicia
596 2554 935 2610 nuntiabant.
965 2553 1220 2608 Convertit
1242 2554 1385 2609 enim
1407 2568 1565 2623 aquas
1594 2567 1769 2606 eorum

204 2648 246 2699 in
284 2648 595 2719 sanguinem.
655 2647 908 2716 quoniam
968 2653 1127 2700 erant
1176 2645 1320 2701 inter
1378 2644 1543 2698 maris
1602 2641 1770 2697 Rubri

203 2738 377 2794 ilueuta
407 2738 655 2807 perituri.
692 2736 869 2791 Pisces
889 2753 1066 2791 eorum
1103 2737 1257 2791 occisi
1283 2748 1422 2800 sunt,
1453 2750 1521 2790 ne
1548 2748 1674 2803 spes
1696 2735 1775 2789 vi-

205 2830 347 2885 vendi
384 2830 694 2885 hominibus
724 2829 912 2883 relicta
956 2827 1253 2893 videretur,
1287 2824 1502 2896 quando
1532 2824 1660 2880 illud
1693 2834 1777 2881 est

203 2921 333 2978 inter
363 2924 550 2978 latices
578 2933 867 2989 mortuum,
902 2920 1042 2992 quod
1071 2921 1254 2976 nativo
1276 2919 1546 2976 elemento
1582 2917 1777 2989 probas-

199 3013 346 3069 batur
372 3015 690 3071 enutritum.

1870 1849 2093 1903 fulmina
2138 1849 2423 1920 signiﬁcat,
2471 1866 2592 1919 quae
2643 1854 2818 1908 solent
2867 1854 3092 1909 excitata
3142 1865 3452 1926 tempestate

1869 1941 2147 1997 desmvire.
2170 1945 2454 2013 Sequitur,
2487 1950 2533 1997 et
2564 1947 2811 2016 percussit
2840 1947 3010 2002 vineas
3038 1962 3214 2001 eorum
3242 1960 3285 2002 et
3318 1946 3452 2017 ﬁcu!-

1869 2049 1993 2086 neas
2023 2046 2222 2099 eorum,
2255 2045 2302 2088 et
2347 2036 2580 2089 contrivit
2624 2052 2770 2089 omne
2800 2035 2995 2107 lignum
3037 2037 3218 2105 ﬁniunt
3256 2055 3452 2098 eorum.

1870 2124 2021 2189 Quod
2072 2124 2233 2190 dicit,
2279 2123 2559 2192 percussit,
2609 2125 2674 2180 ad
2724 2128 2999 2196 superiora
3050 2130 3297 2197 respicit,
3344 2133 3455 2188 sive

1870 2214 2204 2284 grandinem,
2235 2216 2345 2270 sive
2372 2214 2618 2281 fulmina,
2638 2232 2755 2286 qua:
2777 2220 3014 2278 caelestis
3038 2228 3271 2292 potentia
3301 2232 3455 2284 terris

1870 2306 2015 2361 velut
2056 2308 2157 2362 tela
2206 2306 2396 2362 infesta
2442 2308 2728 2377 jaculatur.
2762 2310 2828 2364 Et
2858 2328 2925 2367 ne
2963 2322 3169 2370 tantum
3209 2317 3456 2385 [iculueas

1873 2407 2109 2466 putares,
2152 2405 2243 2452 aut
2272 2399 2439 2453 vineas
2467 2415 2574 2454 esse
2611 2416 2877 2470 percussas
2897 2444 2911 2469 ,
2940 2404 3177 2474 addidit,
3209 2425 3358 2464 omne
3395 2413 3459 2464 li-

1873 2509 2030 2563 gnum
2056 2493 2239 2560 finium
2268 2508 2477 2557 eorum;
2504 2502 2561 2546 ut
2582 2500 2637 2547 et
2666 2504 2776 2549 sata
2807 2510 2913 2551 non
2942 2497 3216 2555 dubitares
3243 2515 3457 2569 eversa,

1876 2587 1964 2641 ubi
2007 2585 2258 2641 arborum
2289 2601 2501 2656 quoque
2530 2582 2724 2641 robora
2754 2602 3106 2657 cognosceres
3136 2592 3300 2649 fuisse
3326 2610 3458 2651 con-

1877 2680 2021 2735 trita.
2048 2678 2243 2748 Maiora
2273 2680 2413 2734 enim
2447 2679 2727 2734 continent
2756 2680 3083 2737 intellectum
3111 2685 3402 2743 minorum.

1953 2772 2104 2826 Vers.
2148 2770 2242 2826 54.
2279 2771 2442 2839 Dixit,
2472 2781 2518 2825 et
2547 2773 2678 2825 venit
2717 2768 2913 2827 locusta
2939 2784 2988 2829 et
3029 2776 3281 2847 bruchus,
3311 2781 3459 2849 cujus

1878 2877 1980 2917 non
2011 2868 2118 2915 erat
2149 2877 2408 2914 numerus.

1954 2953 2103 3008 Vcrs.
2146 2953 2238 3007 35.
2273 2948 2341 3005 Et
2370 2950 2585 3006 comedit
2633 2968 2780 3007 omne
2809 2954 2985 3025 fenum
3030 2966 3175 3011 terra:
3216 2974 3389 3012 eorum
3414 2970 3460 3015 ct

1881 3058 2078 3098 omnem
2109 3047 2334 3114 fructum
2374 3053 2521 3098 teme
2550 3044 2798 3114 ipsorum.
2826 3045 2987 3101 Sexta
3031 3045 3247 3102 inchoat
3286 3050 3460 3120 plaga.

260 3130 410 3185 Vers.
438 3132 530 3186 ὅθ.
564 3131 707 3184 Misit
736 3131 789 3184 in
834 3139 1025 3183 terram
1048 3144 1229 3183 eorum
1270 3143 1447 3191 ranas,
1476 3134 1523 3180 et
1549 3125 1603 3178 in
1629 3122 1773 3216 είώξ-
1802 3151 1849 3216 c
1879 3134 1984 3188 Sed
2011 3144 2065 3189 et
2094 3137 2208 3189 lucc
2230 3134 2427 3188 locutio
2447 3135 2711 3203 superiori
2753 3137 3032 3192 sententia:
3054 3138 3244 3195 similis
3266 3156 3462 3211 appro~

194 3221 313 3276 libus
342 3240 517 3295 regum
564 3224 819 3292 ipsorum.
850 3222 977 3276 llaec
1017 3220 1174 3275 tertia
1220 3226 1322 3274 est.
1374 3217 1646 3271 Ranarum
1693 3214 1774 3270 eis

194 3317 493 3371 societatem
526 3315 695 3381 dedit,
730 3317 853 3387 quia
894 3324 949 3369 et
988 3315 1086 3385 ipsi
1117 3315 1294 3367 locum
1326 3310 1597 3379 accepturi
1644 3323 1773 3379 pro-

194 3404 447 3461 babantur
469 3406 792 3476 aqmtilem;
819 3421 848 3458 a
878 3418 983 3475 quo
1026 3403 1177 3474 signo
1224 3416 1325 3456 nec
1356 3414 1515 3469 reges
1551 3413 1772 3465 eorum,

194 3493 241 3549 id
266 3509 349 3553 est
372 3502 583 3568 priores
612 3499 823 3565 excepti
874 3506 1017 3560 sunt,
1048 3494 1267 3565 quando
1314 3499 1469 3546 erant
1498 3490 1807 3545 altissimaew

192 3589 361 3660 abyssi
404 3592 753 3647 demersione
798 3590 1064 3645 morituri.
1116 3586 1223 3643 Sed
1268 3587 1368 3640 hoc
1411 3585 1553 3639 inter
1581 3581 1779 3639 czetcra'

192 3681 307 3744 plus
340 3683 553 3737 videtur
577 3697 697 3737 esse
739 3680 1011 3741 mirabile,
1047 3687 1229 3733 utnec
1271 3690 1457 3743 regum
1488 3674 1680 3728 domus
1711 3672 1779 3727 ab

190 3768 284 3826 hac
328 3774 483 3843 plaga
535 3781 890 3828 cernerentur
942 3780 1205 3839 exceptat,
1241 3769 1435 3837 quibus
1486 3766 1779 3819 multorum

185 3861 484 3917 ministeria
537 3864 663 3917 talia
721 3873 970 3929 poterant
1020 3860 1344 3914 submovere
1399 3860 1686 3924 portenta;
1723 3862 1782 3907 ut

186 3952 470 4008 etidenter
496 3954 655 4008 detur
705 3951 957 4021 intelligi,
991 3950 1148 4004 nullis
1176 3948 1369 4017 opibus
1398 3945 1664 4016 nullisque
1693 3960 1781 4001 so-

192 4039 341 4097 latiis
364 4042 565 4097 divinis
606 4056 763 4113 posse
786 4040 1123 4111 jussionibus
1155 4036 1380 4092 obviari.

257 4152 419 4208 Vers.
456 4155 545 4208 5l.
594 4154 780 4221 Dixit,
826 4164 875 4208 et
904 4154 1038 4207 venit
1084 4151 1353 4222 cynomyia
1397 4158 1443 4203 et
1472 4148 1699 4219 ciniphes
1728 4150 1781 4203 in

185 4247 427 4299 omnibus
480 4247 667 4314 ﬁnibus
715 4263 911 4300 eorum.
945 4246 1146 4313 Quarta
1198 4244 1352 4314 plaga
1398 4242 1777 4311 subsequitur,

185 4332 351 4399 Dixit,
396 4349 445 4390 et
488 4339 637 4391 venit.
669 4337 724 4391 in
770 4352 1014 4406 magnam
1064 4335 1475 4406 signiticantiam
1527 4332 1632 4387 duo
1683 4335 1779 4388 ista

184 4427 477 4492 conjuncta
524 4435 678 4491 sunt,
712 4428 833 4495 quia
888 4427 1185 4480 Divinitatis
1238 4426 1519 4494 imperium
1576 4427 1780 4481 nullum

1879 3227 2057 3293 batur,
2085 3226 2139 3283 id
2167 3236 2271 3294 est,
2299 3225 2459 3292 Dixit,
2485 3236 2531 3281 ct
2557 3228 2685 3281 venit
2714 3232 2983 3300 cynomyia
3004 3239 3050 3284 et
3077 3232 3323 3303 cinipltes.
3354 3235 3451 3291 Lo-

1879 3330 2024 3375 custa
2050 3314 2177 3376 vero
2209 3331 2379 3379 mater
2414 3321 2600 3376 bruchi
2632 3331 2733 3387 est,
2781 3338 2941 3391 quem
2970 3325 3107 3378 mala
3140 3325 3464 3385 fecunditate

1880 3423 2221 3482 progenerat,
2254 3427 2370 3482 qum
2415 3412 2482 3467 ad
2521 3414 2661 3466 illam
2694 3414 2929 3481 praedam
2962 3417 3115 3484 quasi
3141 3430 3467 3474 convocatus

1881 3508 2147 3560 exercitus
2173 3520 2296 3559 cum
2344 3520 2443 3559 sua
2472 3506 2622 3573 prole
2652 3505 2955 3561 descendit.
2989 3507 3054 3560 Et
3099 3523 3167 3561 ne
3212 3511 3466 3566 crederes

1884 3594 2119 3651 inaniter
2146 3595 2451 3661 deductum,
2481 3613 2679 3652 onmem
2708 3598 2931 3668 fructum
2956 3606 3102 3654 terra:
3127 3599 3273 3655 illius
3299 3601 3367 3657 ab
3389 3604 3468 3658 eis

1882 3687 2011 3742 dicit
2037 3703 2158 3743 esse
2190 3698 2590 3757 consumptum.

1956 3777 2107 3833 Vers.
2141 3778 2229 3833 56.
2263 3772 2327 3830 Et
2360 3779 2606 3846 percussit
2636 3792 2786 3832 omne
2815 3781 3217 3851 primogenimm
3248 3783 3299 3836 in
3335 3792 3471 3837 terra

1886 3870 2126 3942 /Egypti,
2162 3874 2413 3943 primitias
2448 3874 2610 3926 omnis
2653 3874 2843 3929 laboris
2872 3892 3067 3930 eorum.
3102 3878 3258 3931 Venit
3281 3879 3348 3932 ad
3378 3894 3469 3933 se-

1886 3963 2129 4031 ptimam,
2163 3972 2422 4032 quantum
2454 3962 2520 4017 ad
2546 3964 2685 4018 hunc
2717 3964 2980 4032 psalmum
3015 3968 3264 4035 pertinet,
3296 3970 3471 4022 novis-

1884 4055 2075 4108 simam
2125 4054 2361 4124 pingant,
2392 4054 2479 4108 ubi
2527 4052 2636 4123 jam
2684 4055 2807 4109 victi
2859 4048 3237 4126 Egyptiorum
3287 4059 3471 4129 populi

1888 4148 2148 4203 malorum
2183 4148 2572 4203 numerositate
2616 4160 2917 4203 cesserunt.
2962 4150 3092 4204 Nam
3122 4152 3473 4220 quemadmo-

1888 4240 2014 4293 dum
2046 4237 2276 4307 amplius
2308 4235 2540 4292 tolerare
2581 4232 2851 4307 poterant,
2884 4241 2973 4310 qui
3002 4248 3056 4295 et
3095 4243 3272 4295 omnia
3299 4242 3473 4297 dulcia

1888 4329 2254 4401 perdiderant,
2286 4341 2338 4384 et
2368 4330 2640 4385 deSolatos
2663 4347 2721 4386 se
2748 4332 2874 4401 ipsis
2902 4348 3115 4403 quoque
3157 4334 3477 4391 victualibus

1889 4420 2231 4476 sentiebant?
2265 4420 2350 4475 Sic
2380 4421 2612 4491 graviter
2636 4437 2729 4490 per
2760 4430 2939 4491 partes
2968 4426 3127 4491 perit,
3161 4424 3249 4492 qui
3281 4424 3478 4477 divinis

188 4526 369 4579 petest
391 4518 660 4571 sustinere
683 4518 946 4572 tarditatis
967 4518 1325 4573 obstaculum.
1352 4516 1481 4569 Nam
1513 4518 1556 4570 si
1578 4518 1786 4572 eviden-
1812 4531 1862 4590 ι)
1885 4514 2215 4584 jussionibus
2242 4514 2615 4569 reluctandum
2644 4530 2764 4569 esse
2789 4515 3072 4583 putaverit.
3103 4517 3196 4572 lilc
3227 4519 3480 4574 nonnulla

189 4612 267 4658 ter
298 4609 553 4663 intendas
592 4610 677 4664 vel
729 4611 840 4679 ipsa
888 4609 1047 4664 verba
1093 4624 1211 4678 qure
1241 4606 1338 4662 sibi
1369 4607 1616 4662 videntur
1665 4623 1785 4663 esse

192 4700 418 4765 sociata,
453 4710 629 4755 tamen
660 4716 755 4769 per
775 4702 1012 4771 syllabas
1041 4714 1164 4753 suas
1194 4702 1368 4769 aliqua
1398 4715 1545 4753 mora
1575 4710 1786 4767 protra-

194 4781 414 4843 buntur.
450 4790 629 4845 Jnssio
687 4802 865 4846 autem
920 4791 1130 4844 Domini
1178 4806 1284 4845 non
1336 4789 1521 4845 dilatat
1553 4800 1782 4860 tempus,

196 4880 411 4941 quando
436 4880 545 4949 jam
580 4883 692 4950 ipsa
734 4881 984 4935 voluntas
1016 4878 1235 4935 effectus
1266 4890 1366 4935 est.
1401 4878 1683 4951 Cynomyia
1716 4884 1786 4934 si-

196 4966 415 5030 gniﬁcat
457 4986 693 5026 muscam
724 4972 1001 5035 caninam,
1036 4987 1156 5041 quae
1186 4972 1395 5026 ea’teris
1441 4972 1637 5027 muscis
1666 4987 1784 5025 om-

201 5058 329 5111 nino
362 5065 660 5119 mnrdacior
688 5075 791 5129 est,
823 5073 877 5120 et
923 5064 1322 5134 importunitate
1351 5079 1442 5117 sua
1486 5063 1786 5130 violentior,

202 5153 343 5208 unde
375 5156 545 5213 infesti
589 5172 653 5211 ac
681 5159 959 5212 saevissimi
1008 5157 1254 5211 animalis
1297 5157 1648 5211 derivativum
1696 5172 1789 5211 no-

206 5258 326 5299 men
363 5252 577 5320 accepit.
616 5250 856 5319 Ciniphes
886 5265 1053 5320 genus
1082 5261 1163 5306 est
1191 5249 1416 5305 culicum
1450 5248 1566 5303 lixis
1595 5248 1791 5304 aculeis

194 5346 605 5409 Pennolestum,
639 5356 773 5412 quas
801 5345 987 5415 vulgus
1007 5344 1285 5399 consuevit
1310 5356 1503 5396 vocare
1534 5343 1786 5396 zinzalas.

173 5427 507 5498 .ignoscant
559 5434 805 5489 homines
847 5434 937 5505 qui
986 5434 1146 5489 fatuis
1195 5433 1514 5488 clationiltus
1559 5436 1790 5489 intume-

160 5530 374 5587 ενι-ωιτη,
406 5527 660 5593 quoniam
702 5526 911 5582 Pharao
939 5527 1027 5583 ille
1074 5540 1248 5581 srevus
1271 5535 1324 5581 ct
1353 5525 1518 5579 durus
1548 5541 1645 5579 nec
1677 5541 1792 5581 mu-

181 5613 309 5664 scis
332 5634 421 5683 par
451 5634 574 5673 esse
604 5628 830 5688 poterat,
860 5621 948 5686 qui
995 5634 1053 5675 se
1097 5619 1163 5673 de
1204 5629 1346 5673 tanta
1382 5619 1527 5689 regni
1561 5620 1792 5673 elatione

201 5700 447 5767 )‘cubat.
481 5712 549 5763 In
580 5712 808 5765 omnibus
839 5721 1016 5767 autem
1067 5711 1256 5780 ﬁnibus
1304 5728 1479 5765 eorum
1530 5712 1695 5777 dicit,
1726 5728 1794 5767 ne

1889 4606 2115 4675 qumstio
2146 4608 2351 4661 videtur
2377 4607 2601 4674 oboriri,
2633 4622 2730 4662 cur
2768 4609 2931 4680 358
2958 4620 3162 4679 septem
3193 4612 3480 4683 [Egyptia-

1892 4715 2007 4753 rum
2037 4700 2219 4769 plagas
2260 4707 2467 4755 tantum
2509 4702 2747 4770 psalmus
2788 4703 2887 4756 iste
2919 4716 3326 4770 commemoret,
3358 4722 3480 4762 cum

1893 4789 2023 4844 decc
2046 4808 2075 4842 u
2109 4791 2217 4844 sint
2243 4792 2292 4844 in
2327 4788 2491 4845 Exodi
2525 4794 2831 4847 narratione
2861 4790 3165 4863 descriptas.
3204 4794 3476 4866 Frequen-

1892 4889 1975 4935 ter
1996 4881 2227 4935 diximus
2254 4881 2303 4935 in
2325 4880 2618 4951 Scripturis
2639 4882 2833 4953 divinis
2855 4898 2882 4936 a
2911 4893 3059 4953 parte
3091 4893 3259 4940 totum
3283 4886 3483 4943 debere

1891 4966 2100 5035 sentiri,
2132 4971 2268 5026 sicut
2298 4973 2349 5026 iu
2382 4972 2670 5042 Evangelio
2709 4973 2903 5043 legitur
2924 5017 2938 5040 ,
2993 4974 3214 5029 Verbum
3245 4993 3365 5030 caro
3399 4980 3482 5046 [α-

1893 5073 2029 5116 ctum
2054 5072 2150 5131 est,
2183 5072 2227 5117 et
2255 5063 2493 5117 habitavit
2521 5062 2571 5116 in
2603 5063 2745 5117 nobis
2777 5064 2957 5134 (Joan.
2988 5080 3025 5131 ι,
3052 5065 3169 5135 Li);
3193 5069 3345 5135 quasi
3377 5084 3481 5122 non

1893 5165 1947 5210 et
1973 5156 2201 5208 animant
2232 5154 2387 5207 simul
2420 5153 2791 5223 assumpserit,
2824 5169 2981 5224 quam
3014 5156 3319 5223 specialiter
3346 5156 3484 5212 libe-

1895 5260 2016 5300 rare
2039 5244 2284 5316 dignatus
2304 5253 2405 5299 est.
2434 5244 2544 5311 Sic,
2578 5252 2996 5299 commemorata
3030 5260 3215 5310 carne,
3249 5245 3407 5301 simul
3433 5258 3487 5304 ct

1898 5342 2074 5394 anima
2095 5340 2293 5409 suscipi
2326 5339 2526 5395 debere
2559 5338 2932 5408 cognoscitur;
2966 5339 3108 5407 quod
3143 5340 3323 5394 multis
3355 5342 3489 5395 locis

1899 5432 2109 5485 invenis
2140 5445 2259 5484 esse
2310 5430 2678 5499 prtedicatum.
2715 5430 2917 5484 Deinde
2963 5429 3106 5498 quod
3148 5434 3489 5500 septenarius

1900 5539 2153 5578 numerus
2203 5522 2432 5590 Spiritus
2462 5523 2847 5577 sanctivirtute
2885 5522 3139 5591 probatur
3184 5537 3309 5579 esse
3364 5542 3486 5593 per-

1901 5618 2085 5670 fectus.
2122 5614 2307 5667 Merito
2353 5629 2482 5683 ergo
2531 5613 2718 5669 decem
2770 5614 2953 5683 plagas
2982 5614 3035 5668 in
3066 5617 3361 5685 septenarii
3395 5634 3487 5670 nu-

1902 5708 2032 5764 meri
2057 5705 2316 5762 relatione
2344 5704 2639 5777 conclusit,
2675 5717 2734 5761 ut
2766 5717 2932 5761 totum
2962 5710 3261 5775 perfectum
3294 5709 3491 5767 intelli-
