3966 6172
546 229 631 282 iiii

1754 226 1823 279 M.
1867 224 2147 282 AURELII
2184 228 2578 287 CASSIODOR.

3637 246 3719 303 752

538 353 722 411 geres,
767 340 919 409 cujus
974 348 1177 409 partem
1208 336 1403 390 dictam
1453 350 1573 391 esse
1626 338 1876 393 sentires.
1912 338 2114 395 Deinde
2142 346 2188 402 Α
2222 352 2335 397 rata
2356 354 2622 399 suntvota
2648 346 3088 405 desiderantium.
3114 348 3299 407 Carnes
3316 358 3421 424 petit
3438 362 3721 426 popnznsue.

538 450 833 504 congruum
863 432 963 486 fuit
1011 441 1068 487 ut
1100 445 1211 485 rem
1240 441 1419 485 notam
1455 430 1600 484 varia
1632 430 1891 486 relatione
1919 431 2124 488 descri-

540 526 708 590 beret,
731 538 849 579 cum
882 522 1253 593 IEgyptiorum
1289 535 1500 591 ptenas,
1530 530 1585 576 et
1615 522 1838 577 totidem
1875 523 2125 580 Hebraeo-

538 632 654 672 rum
695 613 950 670 beneﬁcia
987 613 1327 682 praedicaret.
1360 613 1473 667 'Sic
1528 608 1639 666 non
1676 612 1978 682 diversum,
2030 616 2125 670 sed

538 720 698 760 causa
730 704 1000 759 vnrietatis
1030 704 1239 758 videtur
1265 718 1385 758 esse
1423 702 1865 772 pulcherrimum.
1897 704 2022 760 Sive
2048 706 2127 777 (ut

540 798 682 853 Patri
733 797 1026 868 Augustino
1068 798 1276 867 placet)
1307 798 1471 852 libera
1520 805 1602 852 est
1655 798 1888 852 laudatio
1932 814 1961 853 a
2008 800 2125 869 lege

545 886 848 943 narrantis:
882 901 1004 940 nam
1051 884 1141 955 qui
1174 886 1303 941 texit
1344 886 1643 951 historiam,
1692 901 1914 943 necesse
1960 886 2126 942 habet

540 978 720 1033 omnia
771 990 1198 1033 commemorare
1238 976 1574 1043 plenissime;
1607 976 1698 1047 qui
1747 986 1879 1033 vero
1913 978 2121 1045 laudat,

542 1084 710 1141 pauca
739 1069 806 1125 de
849 1070 1093 1140 plurimis
1140 1069 1380 1140 tetigisse
1427 1067 1680 1124 sufﬁciet.
1716 1071 1956 1126 Breviter
1998 1087 2126 1142 ergo

541 1162 723 1230 priora
749 1159 894 1221 dicit,
922 1160 1044 1227 quia
1068 1174 1174 1214 non
1202 1159 1289 1214 hic
1315 1161 1617 1215 nescientes
1645 1159 1823 1225 docet,
1858 1162 1952 1216 sed
1979 1177 2127 1217 com-

542 1260 801 1306 memorat
822 1253 1005 1321 utique
1026 1252 1339 1307 retinentes.
1368 1253 1433 1307 Et
1460 1253 1713 1323 quoniam
1740 1265 1822 1309 est
1850 1253 1904 1308 in
1932 1254 2123 1311 subse-

541 1346 723 1415 quenti
748 1344 1010 1400 divisione
1039 1346 1279 1401 dicturus
1310 1355 1516 1416 septem
1547 1347 1805 1403 beneﬁcia
1840 1348 2126 1405 Dominum

543 1436 766 1491 Hebraeo
805 1437 1002 1506 populo
1029 1438 1375 1506 praestitisse,
1408 1439 1667 1506 praemisit
1696 1448 1905 1508 septem
1940 1441 2124 1512 plagas

542 1529 783 1584 inimicos
811 1528 1089 1601 Egyptios
1120 1532 1421 1600 accepisse,
1452 1539 1511 1585 ut
1533 1547 1787 1587 numerus
1818 1527 1933 1602 ipse
1962 1534 2125 1607 (sicut

541 1621 788 1676 arbitrari
812 1621 1052 1692 possum)
1077 1622 1336 1676 bonarum
1360 1631 1415 1677 et
1442 1622 1703 1677 malarum
1727 1638 1906 1678 rerum
1939 1626 1991 1679 in
2024 1625 2125 1681 hoc

544 1717 746 1785 psabuo
772 1715 1190 1784 comprobabilis
1221 1715 1533 1772 haberetur.

618 1808 765 1863 Vers.
792 1810 878 1863 57.
910 1806 976 1861 Et
1005 1808 1181 1862 eduxit
1210 1825 1298 1862 eos
1341 1809 1395 1862 in
1440 1818 1652 1881 argento
1679 1818 1728 1865 et
1751 1827 1879 1864 auro
1906 1851 1920 1877 ,
1947 1819 1993 1862 et
2026 1826 2126 1863 non

541 1910 648 1954 erat
676 1900 729 1953 in
760 1898 989 1953 tribubus
1029 1916 1203 1953 eorum
1250 1898 1509 1968 infirmus.
1563 1901 1903 1957 Enumeratis
1959 1901 2128 1970 plagis

541 2006 676 2063 quas
702 1990 851 2046 dedit
878 1990 1169 2062 rEgyptiis,
1221 1992 1365 2045 venit
1412 1990 1481 2044 ad
1521 1992 1764 2061 quintam
1798 2000 2038 2059 partem,
2073 1991 2125 2045 in

542 2100 646 2157 qua
676 2084 896 2139 totidem
938 2082 1198 2138 beneﬁcia
1229 2082 1469 2138 Hebraeis
1497 2084 1627 2138 dicit
1653 2098 1774 2139 esse
1800 2084 2014 2138 collata.
2042 2084 2129 2137 Ait

541 2180 715 2235 enim:
739 2176 806 2231 Et
831 2176 1003 2230 eduxit
1024 2192 1109 2230 eos
1129 2176 1181 2230 in
1203 2186 1413 2244 argento
1436 2185 1481 2228 et
1506 2192 1654 2229 auro.
1684 2176 1919 2231 Primum
1947 2176 2127 2243 itaque

542 2267 860 2326 beneficium
907 2265 1029 2335 fuit,
1072 2275 1129 2320 ut
1169 2268 1394 2336 populus
1441 2265 1599 2337 longa
1630 2267 1889 2321 servitute
1941 2266 2125 2321 conle-

540 2369 682 2426 ctus,
715 2373 819 2414 non
846 2370 1048 2429 egenus
1073 2357 1351 2425 inanisque
1379 2356 1704 2410 discederet.
1736 2358 1935 2409 Aurum
1962 2364 2007 2408 et
2037 2373 2125 2408 ar-

540 2462 747 2525 gentum
788 2451 1136 2505 lsraeliticum
1170 2450 1421 2519 populum
1454 2448 1521 2501 ab
1554 2447 1821 2518 (Egyptiis
1852 2461 2125 2518 praecepto

541 2543 751 2599 Domini
780 2539 1142 2597 discedentem
1189 2539 1412 2608 legimus
1442 2538 1716 2607 accepisse
1740 2578 1754 2601 ,
1788 2548 1844 2592 ut
1892 2554 1997 2592 nou
2041 2556 2126 2595 re-

542 2636 759 2707 pentina
780 2633 1079 2703 subreptio,
1113 2632 1205 2687 sed
1230 2631 1402 2702 longae
1423 2632 1750 2703 operationis
1774 2647 1981 2689 merces
2005 2650 2125 2689 esse

540 2729 801 2785 videatur.
851 2727 917 2782 Et
946 2725 1068 2798 quia
1099 2725 1332 2780 dubitari
1384 2741 1493 2780 non
1528 2733 1702 2792 potest
1729 2727 1907 2781 omnia
1946 2725 2124 2783 Domi-

541 2836 668 2877 num
694 2812 838 2890 jnsta
888 2818 1218 2888 praecipere,
1255 2816 1371 2872 sine
1426 2816 1580 2887 culpa
1627 2815 1833 2871 videtur
1883 2816 2120 2883 factum,

539 2910 681 2982 quod
727 2910 846 2981 ejus
894 2908 1125 2977 imperio
1171 2916 1385 2964 constat
1428 2908 1727 2979 impletum.
1789 2908 2114 2978 Quapropter

537 3000 777 3072 sequitur
819 2999 1115 3054 secundum
1166 2997 1510 3067 beneﬁcium,
1564 3008 1621 3054 ut
1667 3000 1755 3054 illa
1799 3001 2123 3057 necessitate

2229 433 2520 501 brreorum,
2554 446 2607 491 et
2633 442 2919 492 coturnices
2948 442 3171 510 accepit.
3198 443 3399 500 Constat
3424 451 3545 503 enim
3570 461 3654 505 tatu
3680 456 3721 508 iu

2227 527 2533 582 volatilibus
2581 544 2739 597 quam
2771 530 2822 582 in
2862 530 3287 601 quadrupedibus
3314 551 3479 592 carnes
3504 554 3605 595 esse
3632 543 3724 597 sine

2227 618 2387 672 dubio
2410 619 2695 675 dulciores.
2727 621 2926 676 Deinde
2952 639 3113 677 unum
3139 628 3422 695 postulavit,
3445 633 3727 700 etgeminata

2227 719 2506 763 venerunt.
2539 710 2789 780 Sequitur
2817 714 2959 767 enim
2984 756 2996 777 ,
3027 725 3072 768 et
3098 732 3227 786 pane
3259 720 3360 772 mli
3405 724 3619 776 saturavit
3643 741 3725 778 eos.

2227 796 2363 852 Sunt
2390 800 2531 853 enim
2560 800 2658 854 ista
2689 799 2863 855 Exodi
2892 803 3123 858 lectione
3148 805 3429 873 umissima,
3456 812 3639 877 quando
3661 827 3734 866 co-

2230 888 2464 943 turnices
2510 890 2563 944 in
2613 891 2828 946 modum
2886 893 3075 948 imbris
3126 894 3415 953 densissimi
3465 900 3734 969 depluebant

2229 981 2357 1054 [ed.,
2389 982 2744 1056 deﬂuebant];
2784 1000 2981 1039 manna
3006 1002 3217 1058 quoque
3246 999 3300 1041 ut
3330 988 3529 1046 Iudaeus
3556 996 3737 1062 populus

2235 1077 2556 1141 satiaretur,
2586 1078 2814 1146 accepit.
2861 1078 2964 1133 Sed
3009 1089 3065 1132 ut
3107 1082 3220 1133 haec
3247 1081 3295 1134 in
3324 1083 3733 1152 praeﬁguratiouem

2229 1162 2367 1219 facta
2398 1174 2761 1232 monstraret,
2786 1183 2893 1222 non
2931 1169 3084 1235 dixit,
3117 1186 3335 1238 manna,
3358 1172 3445 1226 sed
3474 1191 3588 1245 pane
3620 1179 3739 1243 cati,

2228 1266 2493 1322 quatenus
2521 1255 2572 1310 in
2598 1256 2689 1311 illo
2712 1272 2933 1314 munere
2962 1261 3168 1314 Domini
3205 1261 3482 1317 Salvatoris
3502 1266 3739 1321 sentiretur

2227 1347 2507 1401 adventus.
2542 1349 2659 1418 [pse
2698 1359 2782 1406 est
2828 1352 2973 1407 enim
3020 1356 3171 1421 panis
3201 1355 3336 1408 vivus
3372 1357 3452 1425 qui
3481 1357 3536 1410 de
3558 1360 3663 1412 ctelo
3681 1362 3743 1413 dc-

2226 1439 2417 1492 scendit
2443 1440 2618 1511 (Joan.
2653 1457 2727 1508 vr,
2761 1442 2872 1513 51).
2907 1443 3095 1498 Manna
3129 1446 3323 1514 quippe
3346 1447 3548 1514 dicitur,
3570 1449 3684 1503 sicut
3705 1452 3743 1504 in

2226 1531 2620 1599 septuagesimo
2649 1533 2878 1603 septimo
2911 1535 3116 1603 psalmo
3159 1535 3480 1591 declaratum
3520 1547 3623 1601 est,
3649 1539 3746 1607 quid

2228 1628 2310 1673 cst
2343 1620 2485 1675 hoc?
2514 1620 2678 1689 Cujus
2718 1624 2949 1679 nominis
2988 1625 3243 1681 auferens
3271 1629 3618 1696 qumstionem,
3640 1630 3747 1698 quod

2158 1714 2201 1775 Β
2232 1710 2579 1781 interrogatio
2625 1714 2712 1767 illa
2753 1730 2962 1770 manna:
3012 1719 3359 1787 perquirebat
3381 1760 3395 1785 ,
3425 1720 3662 1788 expressit
3691 1720 3748 1775 ὥς

2231 1805 2431 1874 cendo,
2465 1824 2597 1877 pane
2638 1810 2751 1863 coeli
2777 1811 3029 1865 saturavit
3056 1827 3161 1865 eos.
3213 1812 3301 1867 Sic
3330 1813 3463 1866 enim
3489 1813 3658 1868 etcmli
3681 1813 3749 1867 De

2232 1900 2408 1953 minus
2439 1900 2731 1967 indicatur,
2764 1912 2818 1957 et
2863 1904 2987 1979 quid
3019 1906 3090 1960 sit
3132 1920 3327 1959 manna
3358 1905 3608 1961 evidenter
3626 1917 3774 1976 agnoo'

2231 1993 2397 2046 scitur
2424 1992 2554 2066 [ed.,
2583 1993 2924 2066 ostenditur].

2258 2102 2269 2107 '
2308 2084 2465 2141 νει-ε.
2498 2087 2588 2141 41.
2623 2084 2861 2156 Disrupit
2889 2098 3104 2159 petram,
3138 2099 3191 2143 et
3211 2093 3464 2160 ﬂuxerunt
3486 2105 3632 2159 aqum,
3651 2089 3698 2143 ab
3716 2105 3750 2142 e-

2231 2184 2349 2228 runt
2378 2177 2429 2228 in
2457 2177 2592 2230 sicco
2636 2178 2872 2245 ﬂumina.
2927 2178 3039 2233 Hoc
3065 2195 3286 2250 quoque
3314 2182 3366 2236 in
3398 2182 3599 2251 ﬁguram
3636 2193 3753 2249 gare

2234 2268 2392 2323 batur
2440 2269 2652 2325 Domini
2705 2270 2938 2337 Christi,
2979 2280 3037 2327 ut
3084 2282 3239 2342 petra
3285 2288 3445 2343 aquas
3490 2272 3755 2344 profudisset

2229 2362 2475 2432 irrigoas.
2497 2361 2742 2419 Christus
2762 2366 2904 2419 enim
2937 2366 3195 2421 Dominus
3217 2377 3367 2437 petra
3389 2368 3653 2437 spiritualis
3670 2373 3752 2430 est,

2228 2454 2316 2521 qui
2346 2452 2536 2508 vitales
2561 2468 2731 2523 aquas
2772 2466 3008 2521 emanat,
3040 2458 3185 2512 unde
3212 2459 3458 2513 satiatum
3485 2457 3755 2512 desiderium

2229 2543 2419 2597 animae
2445 2543 2590 2605 sitim
2636 2545 2844 2601 nesciat
2874 2548 3095 2603 ulterius
3140 2548 3435 2604 sustinere.
3476 2549 3690 2603 Abierant
3720 2547 3758 2599 in

2228 2635 2358 2689 sicco
2377 2638 2613 2707 ﬂumina,
2641 2639 2907 2708 signiﬁcat
2934 2640 3178 2709 gentium
3212 2650 3538 2711 peccatores,
3569 2640 3645 2709 qui
3670 2652 3759 2692 ine.

2228 2726 2329 2781 rito
2378 2729 2507 2783 sicci
2562 2728 2856 2797 dicuntur;
2892 2732 3145 2801 quoniam
3209 2733 3420 2789 delictis
3471 2732 3760 2787 siccabuntur

2229 2819 2505 2874 urentibus
2536 2821 2664 2891 [ed.,
2696 2821 3024 2893 arentibus];
3052 2824 3136 2878 isti
3193 2824 3366 2880 imbre
3408 2823 3603 2880 Domini
3647 2821 3760 2875 vire-

2227 2921 2437 2968 scentes
2457 2953 2473 2979 ,
2511 2913 2563 2968 in
2596 2930 2794 2971 novum
2826 2914 3102 2973 hominem
3131 2918 3502 2989 pullularunt,
3526 2918 3588 2970 de
3616 2914 3764 2982 quibus

2232 3001 2483 3059 Dominus
2510 3004 2641 3060 dicit
2671 3024 2683 3059 :
2730 3006 2871 3060 Venit
2894 3009 3030 3062 enim
3062 3007 3109 3060 F
3114 3008 3244 3066 ilius
3281 3010 3496 3064 hominis
3521 3021 3714 3077 quaerere
3731 3012 3764 3056 et

538 3090 874 3161 migratiouis
903 3089 1084 3145 nullus
1115 3089 1426 3145 inﬁrmitate
1466 3104 1723 3160 corporea
1755 3091 2016 3160 potuisset
2041 3090 2122 3146 af—
2155 3094 2197 3154 C
2228 3098 2420 3151 salvum
2442 3099 2610 3166 facere
2635 3100 2774 3168 quod
2796 3101 3017 3170 perierat
3042 3101 3201 3171 (Luc.
3233 3118 3347 3171 xu,
3385 3100 3495 3172 10).

540 3188 686 3256 ﬂigi;
716 3196 981 3257 quatenus
1027 3186 1207 3240 omnia
1264 3195 1522 3242 navanter
1572 3186 1727 3259 [Μαι.
1775 3189 1864 3252 Α.,
1910 3187 1996 3255 8.,
2030 3188 2122 3255 F.,

540 3277 795 3353 ovanter]
828 3278 1115 3349 implerent
1159 3292 1277 3348 qua:
1327 3276 1433 3333 illis
1475 3277 1922 3348 praecipiebantur
1950 3294 1980 3334 a
2014 3278 2122 3335 Do-

540 3373 706 3429 mino.

613 3465 763 3521 Vere.
791 3462 877 3519 58.
897 3462 1097 3518 Letata
1115 3472 1191 3517 est
1220 3461 1485 3536 .Egyptus
1508 3462 1560 3517 in
1581 3463 1896 3534 profectione
1922 3481 2121 3533 eorum,

539 3557 657 3628 quia
683 3556 864 3610 cecidit
916 3556 1067 3609 timor
1095 3571 1273 3610 eorum
1319 3571 1473 3623 super
1516 3571 1621 3611 eos.
1655 3555 1949 3627 Diligenter
1981 3556 2122 3613 hunc

541 3662 757 3703 versum
789 3646 1049 3701 debemus
1072 3645 1361 3716 inquirere.
1396 3645 1615 3699 Constat
1643 3645 1785 3699 enim
1814 3645 2123 3703 discedente

541 3737 739 3808 populo
783 3736 1128 3791 Hebraeorum
1176 3734 1461 3807 Egyptum
1492 3749 1597 3789 non
1653 3733 1817 3790 fuisse
1865 3734 2121 3803 lunatam,

541 3829 754 3902 quando
780 3843 901 3883 eum
934 3826 1357 3897 persequendum
1384 3840 1505 3881 esse
1528 3824 1819 3895 judicavit;
1852 3825 1947 3881 sed
1979 3835 2124 3897 post-

537 3936 695 3993 quam
740 3922 813 3977 illi
847 3920 1079 3975 demersi
1106 3928 1232 3973 sunt
1260 3917 1351 3989 qui
1380 3918 1446 3972 ad
1478 3916 1837 3988 insequendos
1866 3917 2122 3975 Hebraeos

538 4018 615 4070 ire
661 4014 1017 4070 decreverant
1035 4019 1212 4078 ,-tunc
1252 4010 1341 4080 qui
1387 4011 1440 4064 in
1474 4008 1710 4081 [Egypto
1751 4023 2119 4067 remanserant

536 4105 754 4161 omnino
782 4103 944 4159 laetati
976 4109 1124 4169 sunt,
1148 4102 1271 4172 quia
1293 4101 1490 4156 similia
1515 4100 1736 4157 minime
1764 4103 2118 4171 pertulerunt.

539 4197 736 4254 Reddit
780 4197 920 4253 enim
970 4196 1106 4250 hanc
1159 4208 1377 4249 causam
1423 4208 1544 4249 cum
1589 4194 1752 4261 dicit,
1782 4197 1904 4265 quia
1936 4197 2121 4251 cecidit

557 4290 689 4345 imor
711 4306 886 4345 eorum
907 4304 1059 4359 super
1081 4304 1190 4343 eos.
1223 4287 1343 4357 Ipse
1364 4287 1509 4343 enim
1539 4288 1691 4341 timor
1720 4287 1840 4353 fuit,
1863 4296 1923 4343 ut
1952 4289 2003 4343 in
2039 4287 2119 4342 fa-

531 4396 664 4438 vore
694 4380 867 4448 gentis
911 4377 1190 4433 Hebraicis
1241 4378 1355 4449 ipsa
1384 4379 1780 4449 quodammodo
1809 4378 2119 4435 viderentur

2305 3189 2455 3243 Vers.
2484 3189 2575 3244 42.
2627 3190 2761 3256 Quia
2798 3208 2991 3247 memor
3031 3194 3128 3264 fuit
3172 3195 3311 3250 verbi
3347 3193 3513 3251 sancti
3535 3192 3628 3256 sui,
3662 3189 3772 3259 quod

2226 3282 2423 3335 locutus
2444 3291 2518 3337 est
2544 3283 2613 3336 ad
2632 3283 2892 3338 Abraham
2919 3301 3132 3355 puerum
3165 3303 3342 3344 suum.

2299 3373 2450 3428 Vers.
2481 3373 2573 3429 45.
2601 3372 2671 3428 Et
2691 3376 2868 3430 eduxit
2897 3376 3151 3447 papuium
3198 3394 3355 3432 suum
3378 3378 3432 3430 in
3457 3371 3767 3433 multatione,

2225 3472 2271 3517 et
2314 3463 2501 3518 electos
2535 3480 2655 3519 suos
2697 3467 2753 3519 in
2803 3465 3002 3522 latitia.
3037 3466 3095 3521 In
3144 3468 3234 3522 his
3279 3467 3489 3523 duobus
3537 3462 3768 3523 versibus.

2224 3554 2600 3610 miraculorum
2624 3572 2745 3625 quae
2767 3558 3014 3627 superius
3044 3558 3185 3613 dixit
3205 3574 3373 3615 causa
3396 3568 3659 3619 narratur;
3680 3552 3773 3606 ideo

2224 3648 2365 3704 enim
2387 3648 2635 3704 dicuntur
2647 3647 2806 3714 facta,
2822 3649 3075 3718 quoniam
3094 3651 3339 3713 Abrahae
3356 3649 3665 3706 constabant
3679 3655 3773 3698 esse

2225 3740 2508 3810 promissa.
2534 3738 2602 3794 Et
2641 3739 2849 3809 respice
2876 3740 3021 3809 quod
3060 3740 3217 3810 dicit,
3251 3742 3445 3797 electos
3481 3756 3597 3797 suos
3629 3733 3774 3791 eduxit

2224 3835 2277 3887 in
2302 3833 2515 3903 latitia:
2542 3832 2795 3902 quoniam
2839 3831 2917 3886 illi
2959 3832 3049 3902 qui
3088 3840 3565 3890 murmuraverunt
3601 3823 3774 3884 Domini

2225 3925 2406 3981 furore
2435 3924 2679 3996 percussi
2708 3932 2854 3979 sunt.

2298 4019 2446 4073 Vers.
2491 4018 2584 4071 44.
2629 4015 2697 4071 Et
2723 4017 2863 4071 dedit
2890 4017 2961 4072 eis
2982 4018 3220 4088 regiones
3249 4019 3514 4090 gentium;
3544 4024 3588 4068 et
3614 4010 3775 4065 labora

2223 4110 2529 4180 populorum
2555 4111 2907 4180 possederunt.

2294 4200 2446 4255 Vers.
2472 4201 2559 4256 45.
2596 4200 2662 4255 Ut
2690 4203 2979 4256 custodiant
2993 4202 3404 4274 justiﬁcationcs
3429 4202 3556 4269 eius,
3580 4203 3622 4249 ει
3650 4196 3779 4263 (tam

2224 4295 2336 4363 ejus
2366 4293 2650 4360 requirant.
2682 4292 2840 4347 Venit
2865 4292 2931 4347 ad
2962 4293 3255 4362 septimum
3306 4290 3641 4348 beneﬁcium.
3666 4279 3782 4337 Dixit

2222 4381 2362 4435 enim
2394 4381 2644 4449 primum,
2672 4381 2895 4439 eductos
2917 4383 2969 4437 in
3000 4397 3133 4437 auro
3160 4392 3218 4437 et
3240 4389 3502 4453 argento;
3529 4373 3705 4433 deinde
3726 4383 3779 4423 ei

537 4471 801 4526 elementa
827 4484 1111 4540 pugnasse.
1146 4470 1213 4524 Et
1241 4470 1459 4525 intende
1481 4470 1601 4539 quia
1629 4484 1724 4538 per
1754 4468 1977 4535 ﬁguram
2002 4484 2117 4525 me-
2145 4458 2194 4515 Ι)
2220 4468 2297 4523 eis
2351 4469 2555 4523 nullum
2604 4470 2961 4535 inﬁrmatam;
3009 4469 3169 4524 tertio
3219 4482 3528 4539 expansam
3574 4462 3781 4520 nubem.

538 4564 847 4637 tonymiam,
878 4578 999 4634 qua:
1028 4562 1217 4621 Latine
1234 4562 1683 4620 transnominatio
1700 4562 1914 4629 dicitur,
1944 4560 2112 4632 fE'gy-

535 4667 709 4727 ptum,
739 4670 846 4712 non
892 4655 1174 4729 ngyptios
1230 4663 1489 4712 memorat
1516 4654 1683 4709 fuisse
1728 4654 1954 4710 laetatos.
2009 4654 2113 4711 Per

533 4749 585 4801 id
613 4748 755 4802 enim
802 4747 943 4816 quod
992 4747 1257 4813 continet,
1302 4745 1354 4800 id
1393 4744 1535 4819 quod
1584 4745 1887 4799 continetur
1932 4754 2113 4801 osten-

528 4853 645 4895 sum
672 4849 771 4894 est.

603 4932 755 4988 Vere.
788 4930 880 4987 59.
923 4929 1189 5000 Expendit
1218 4929 1404 4983 nubem
1429 4928 1486 4982 in
1514 4929 1875 4998 protectianem
1915 4944 2111 4995 eorum,

521 5032 574 5076 et
603 5024 769 5094 ignem
795 5030 849 5075 ut
881 5003 1073 5076 iaceret
1103 5022 1174 5074 eis
1203 5036 1291 5089 per
1325 5030 1543 5075 noctem.
1576 5020 1872 5090 Utrumque
1916 5034 2109 5076 munus

530 5123 713 5170 contra
745 5111 998 5182 temporis
1024 5110 1418 5167 inclementiam
1454 5112 1708 5182 probatur
1733 5127 1854 5166 esse
1884 5126 2105 5167 conces-

528 5218 667 5258 sum.
698 5201 874 5257 Nubes
899 5203 1017 5257 data
1048 5209 1149 5268 est,
1185 5214 1237 5257 ut
1267 5201 1395 5256 solis
1443 5209 1768 5273 temperaret
1811 5200 2056 5255 ardorem
2087 5218 2101 5266 ;

528 5296 660 5369 ignis
686 5310 973 5351 concessus
1005 5305 1106 5360 est,
1144 5305 1199 5348 ut
1229 5295 1573 5349 tenebrarum
1607 5293 1865 5359 potuisset
1893 5291 2101 5348 auferre

527 5388 830 5457 caliginem.
874 5387 985 5441 lloc
1027 5396 1109 5441 est
1137 5387 1371 5451 tertium,
1407 5384 1546 5455 quod
1582 5384 1874 5439 Israelitico
1905 5384 2102 5452 populo

528 5491 735 5535 constat
762 5496 883 5536 esse
912 5495 1249 5537 concessum.

602 5574 751 5628 Vers.
798 5573 888 5629 40.
939 5572 1202 5628 Petierunt
1255 5589 1461 5640 carnes,
1494 5580 1541 5625 et
1588 5571 1721 5623 venit
1752 5572 2023 5635 coturnix,
2054 5580 2102 5624 et

526 5679 655 5725 pane
681 5668 789 5720 creti
820 5669 1064 5722 saturavit
1090 5684 1191 5723 eos.
1222 5668 1434 5721 intuere
1468 5662 1912 5736 quemadmodum
1944 5676 2101 5731 supc-

2220 4576 2337 4629 quae
2368 4570 2423 4616 et
2455 4561 2632 4615 lumen
2664 4569 2941 4629 praestaret
2969 4562 3020 4615 in
3051 4561 3320 4626 tenebris,
3351 4570 3409 4616 et
3436 4558 3491 4615 in
3521 4556 3605 4612 die
3629 4562 3780 4606 remo-

2222 4659 2375 4705 veret
2431 4651 2559 4705 solis
2616 4650 2899 4717 ardorem;
2941 4658 3131 4720 quarto
3186 4651 3537 4706 coturnicem
3591 4645 3780 4701 datam;

2219 4739 2408 4809 quinto
2454 4739 2621 4795 refert
2665 4741 2871 4795 cmlesti
2920 4755 3057 4809 pane
3094 4742 3363 4809 satiatos;
3395 4747 3550 4795 sexto
3595 4734 3644 4789 iu
3673 4728 3780 4784 locis

2220 4829 2534 4885 aridissimis
2577 4845 2742 4901 aquas
2771 4831 2999 4900 irriguas
3027 4845 3357 4897 emanasse;
3391 4830 3461 4886 ad
3483 4833 3779 4900 postremum

2222 4925 2631 4995 promissionum
2664 4928 2939 4985 veritatem
2971 4927 3135 4983 fuisse
3158 4928 3522 4997 completam,
3558 4931 3614 4978 ut
3648 4920 3718 4974 eis
3737 4924 3780 4968 et

2218 5015 2462 5085 regiones
2512 5016 2750 5086 gentium
2800 5016 3055 5084 traderet,
3103 5026 3158 5073 et
3216 5017 3443 5075 labores
3469 5013 3779 5072 inimicorum

2217 5107 2412 5177 pietate
2441 5110 2809 5177 copiosissima
2838 5109 3139 5180 largiretur.
3167 5110 3335 5178 Quod
3366 5110 3510 5165 enim
3541 5106 3690 5168 dixit,
3708 5117 3777 5154 re-

2215 5203 2386 5272 giones
2433 5201 2676 5270 gentium,
2720 5201 2785 5254 ad
2827 5202 3226 5270 passessionem
3284 5202 3501 5257 videtur
3541 5193 3779 5268 pertinere

2208 5305 2472 5352 terrarum
2499 5309 2514 5360 ;
2549 5292 2744 5349 labores
2769 5308 2897 5350 vero
2924 5295 3259 5365 pepulerum,
3297 5294 3367 5348 ad
3398 5291 3612 5347 divitias
3641 5288 3779 5352 longo

2205 5396 2453 5458 tempore
2498 5394 2871 5455 congregatas.
2917 5385 2982 5441 Et
3036 5400 3103 5441 ne
3138 5384 3192 5439 in
3228 5382 3593 5454 prtesentibus
3638 5375 3777 5431 rebus

2207 5482 2476 5535 hmrerent
2495 5478 2656 5532 corda
2687 5478 3014 5544 mortalium,
3036 5478 3211 5532 intulit
3235 5476 3539 5547 spiritualia
3563 5474 3711 5532 bona,
3733 5476 3779 5518 ut

2205 5572 2317 5641 ejus
2341 5570 2570 5626 debeant
2596 5579 2645 5625 et
2667 5570 2829 5642 359
2851 5571 3123 5639 requirere
3144 5577 3200 5624 et
3224 5567 3508 5623 custodire
3526 5560 3772 5619 mandata,

2206 5678 2270 5719 ne
2298 5672 2500 5717 tantum
2534 5662 2587 5717 in
2611 5661 2713 5718 illis
2744 5676 2895 5734 spent
2929 5662 3217 5728 haberent;
3252 5675 3381 5731 qua:
3410 5658 3459 5713 si
3490 5658 3554 5712 ad
3585 5664 3775 5721 tempus
