3966 6172
214 405 301 457 ἵὸδ

1158 389 1524 450 EXPOSITIO
1562 388 1628 446 IN
1669 384 2129 445 PSALTERIUM.
2178 387 2372 443 PSAL.
2413 389 2520 447 CV.

3370 389 3472 444 73’s

209 512 475 572 deliniunt.
512 522 615 563 non
647 513 823 563 tamen
855 507 920 562 ad
955 506 1217 563 caelorum
1246 520 1411 577 regna
1446 505 1778 575 perducunt,
1815 503 1859 564 Α
1890 502 2147 556 bilationc
2172 513 2434 559 cantetur.
2463 506 2569 562 Sed
2592 506 2940 576 inspiciamus
2964 506 3156 576 quoda
3180 508 3467 576 superiori-

206 608 327 662 sicut
369 602 659 673 Apostolus
688 601 856 657 dicit:
894 601 1045 668 Quod
1075 602 1120 654 si
1150 602 1203 654 in
1233 602 1329 654 hac
1352 601 1456 654 vita
1498 608 1697 654 tantum
1726 600 1780 651 in

209 698 391 755 Christo
419 702 681 765 sperantes
707 710 905 758 sumus,
930 692 1322 747 miserabiliores
1346 708 1521 748 sumus
1545 692 1782 748 omnibus

204 786 474 842 hominibus
505 783 560 857 (1
590 784 712 839 Cor.
744 800 833 851 xv,
868 785 981 851 19).
1018 784 1429 854 Justiﬁcationes
1459 794 1639 841 autem
1669 787 1780 856 ejus

204 888 333 945 sunt,
362 888 418 932 ut
455 877 621 933 Deum
655 884 767 932 toto
796 876 959 933 corde
1008 876 1325 947 diligamus,
1356 879 1633 947 proximos
1664 888 1782 933 tan-

204 983 342 1038 quam
370 982 468 1022 nos
485 981 749 1030 amemus,
781 974 986 1036 patrem
1009 982 1351 1032 veneremur,
1371 967 1536 1023 lilium
1560 968 1781 1025 charum

206 1061 504 1127 habeamus,
535 1069 590 1115 et
618 1071 828 1116 caetera:
852 1061 1098 1130 justitim,
1119 1077 1236 1131 quae
1267 1063 1319 1117 in
1351 1063 1571 1119 diverso
1601 1079 1778 1117 rerum

204 1167 382 1223 genere
424 1160 550 1207 sunt
582 1160 889 1221 prmccptaa.
924 1153 1031 1206 llas
1072 1154 1326 1209 admonet
1352 1153 1627 1210 custodire
1652 1154 1779 1227 [ed.,

204 1245 493 1317 custodiri],
517 1245 640 1314 quia
668 1258 853 1301 earum
887 1260 1069 1299 rerum
1100 1245 1323 1302 evidens
1356 1256 1437 1302 est
1459 1256 1513 1302 ct
1539 1246 1779 1301 absoluta

207 1338 507 1407 praeceptio.
540 1336 647 1389 Lex
675 1350 802 1389 vero
829 1334 945 1403 ejus
974 1334 1073 1390 fuit
1102 1335 1189 1390 die
1216 1336 1440 1392 sabbato
1468 1338 1666 1394 debere
1698 1354 1781 1394 re-

208 1427 422 1495 quiesci,
454 1426 509 1481 in
543 1426 747 1482 Pascha
790 1440 985 1497 agnum
1033 1428 1340 1482 anniculam
1370 1429 1666 1496 immolari,
1698 1444 1784 1483 sa-

204 1519 437 1574 cerdotes
468 1534 588 1572 cum
635 1528 784 1573 veste
816 1520 1039 1590 mystica
1081 1519 1148 1574 ad
1197 1520 1368 1577 altare
1415 1521 1785 1589 a-ccedere,et

207 1621 387 1665 cetera
419 1626 541 1679 quae
574 1611 626 1663 in
661 1611 800 1664 hunc
829 1610 1044 1665 modum
1078 1626 1109 1665 a
1138 1611 1367 1666 Domino
1390 1621 1656 1682 prreeepta
1691 1628 1782 1667 no-

206 1712 432 1757 scuntur.
457 1702 563 1758 Sed
594 1702 708 1757 hzec
733 1710 791 1757 et
812 1702 896 1757 his
927 1703 1121 1759 similia
1148 1707 1254 1758 non
1281 1705 1660 1774 corporaliter,
1685 1706 1778 1759 sed

203 1796 543 1866 spiritualiter
581 1807 706 1851 sunt
732 1798 1043 1867 quaerenda.
1090 1798 1215 1854 Ideo
1246 1801 1389 1855 enim
1439 1800 1666 1868 addidit,
1697 1818 1780 1856 rc-

1888 595 1987 649 bus
2028 596 2186 652 dictis
2228 612 2327 652 nec
2376 599 2586 653 titulum
2636 600 2792 656 nobis
2840 601 3184 671 cognoscitur
3215 609 3475 667 mutasse,

1884 702 1985 743 uec
2010 703 2251 744 causam.
2281 691 2489 746 Titulus
2518 701 2601 747 est
2624 694 2770 749 enim
2802 692 3051 759 Alleluia,
3081 707 3242 750 causa
3272 693 3472 749 confes-

1882 779 1983 846 sio,
2014 796 2139 850 qua:
2179 783 2316 836 miro
2346 782 2506 837 modo
2554 782 2621 837 ad
2652 782 2837 838 laudes
2870 783 3080 839 Domini
3125 784 3345 839 omnino
3390 783 3471 837 fe-

1882 872 2056 926 0unda
2097 878 2201 926 est.
2234 873 2564 938 Quantornm
2596 876 2738 930 enim
2782 875 2905 930 hinc
2936 889 3029 929 ora
3084 877 3258 931 soluta
3308 877 3469 931 sunt?

1890 962 2026 1019 llinc
2057 965 2270 1036 Moyses
2294 981 2415 1021 cum
2448 967 2601 1032 viris,
2622 982 2874 1037 germana
2905 968 3023 1038 ejus
3051 969 3210 1024 Maria
3240 985 3362 1025 cum
3392 969 3471 1026 fe-

1886 1059 2044 1113 minis
2073 1060 2353 1114 transitum
2386 1060 2552 1116 ltubri
2584 1061 2746 1140 maris
2791 1061 2970 1116 divina
3020 1062 3177 1123 laude
3225 1063 3470 1118 celebra-

1886 1159 2032 1205 runt.
2066 1150 2201 1205 Hinc
2241 1150 2486 1207 Debbora
2514 1151 2749 1222 jucunda
2781 1153 3145 1209 exsultatione
3175 1154 3470 1221 prmeinuit.

1886 1244 2037 1299 Multi
2069 1246 2227 1300 etiam
2278 1246 2553 1316 propheta:
2582 1247 2823 1303 canticos
2871 1246 3119 1303 diversos
3148 1247 3280 1301 tanti
3310 1248 3469 1301 mira-

1886 1339 1989 1393 culi
2038 1338 2378 1395 confessione
2431 1339 2804 1409 profuderunt.
2839 1338 2957 1394 Non
3011 1339 3303 1403 immerito,
3352 1338 3472 1408 quia

1887 1432 2149 1500 magnalia
2199 1431 2300 1485 ista
2346 1432 2510 1487 totius
2565 1433 2812 1487 humana:
2867 1430 3253 1500 redemptionis
3296 1444 3471 1486 saera-

1888 1533 2063 1578 mcnta
2093 1532 2375 1579 testantur.
2404 1524 2487 1579 Ab
2508 1524 2775 1595 Egyptiis
2795 1523 2937 1579 enim
2965 1524 3242 1593 eripimur,
3265 1523 3472 1595 quando

1888 1618 1955 1671 ab
2005 1616 2257 1685 operibus
2306 1616 2587 1672 diabolicis
2651 1617 2834 1671 divino
2891 1633 3114 1673 munere
3163 1618 3473 1671 liberamur.

1889 1708 2032 1762 Mare
2058 1707 2297 1762 Rubrum
2327 1709 2636 1775 transimus,
2673 1707 2886 1778 quando
2935 1707 3269 1777 baptismatis
3296 1722 3471 1761 sacra-

1889 1810 2066 1856 menta
2100 1800 2439 1869 percipimus.
2469 1800 2528 1854 ln
2558 1799 2773 1856 deserto
2812 1800 3102 1870 pascimur,
3131 1798 3347 1870 quando
3392 1798 3471 1854 di-

203 1890 415 1956 quirant,
442 1890 566 1957 quia
597 1890 744 1945 novit
770 1899 1034 1962 praecepta
1064 1890 1200 1960 legis
1232 1892 1475 1947 umbram
1508 1901 1563 1947 et
1592 1908 1783 1963 specu-
1817 1874 1863 1932 Β
1896 1894 2010 1947 vina
2042 1894 2212 1963 gratia
2242 1893 2573 1948 concedente
2605 1892 2657 1946 in
2692 1891 2877 1947 mundi
2909 1892 3063 1947 istius
3099 1905 3282 1946 rerum
3311 1890 3469 1944 bona-

204 1984 299 2037 lum
324 1998 451 2040 esse
477 1984 798 2039 futurorum.

869 2104 1106 2159 Alleluia.

265 2220 374 2277 Hoc
406 2234 515 2274 non
549 2220 721 2275 otiose
751 2218 1039 2289 percipias,
1082 2219 1222 2288 quod
1252 2218 1373 2274 aliis
1404 2220 1621 2286 psalmis
1648 2219 1781 2274 alle-

201 2312 295 2367 laia
314 2315 371 2368 in
404 2313 583 2383 capite
608 2314 738 2368 etin
770 2312 874 2368 line
896 2311 1136 2379 ponitur,
1168 2313 1286 2367 aliis
1313 2328 1440 2368 vero
1470 2313 1523 2367 in
1563 2313 1679 2367 solo
1712 2314 1780 2367 ti-

204 2410 304 2461 tulo
334 2415 700 2476 praenotatur.
730 2406 825 2461 Isti
846 2406 991 2461 enim
1020 2406 1108 2475 qui
1139 2407 1191 2460 in
1214 2407 1389 2476 capite
1421 2406 1632 2478 linoque
1654 2420 1784 2461 con-

202 2497 420 2552 cordant
441 2499 524 2568 (ut
561 2500 772 2568 opinor)
811 2498 876 2554 ad
906 2496 1050 2551 illam
1078 2497 1484 2570 intelligentiam
1514 2497 1778 2552 referendi

200 2598 313 2643 sunt
341 2605 510 2657 quam
542 2590 593 2643 in
620 2590 837 2657 psalmis
865 2604 989 2645 esse
1011 2589 1243 2644 diximus
1273 2590 1362 2659 qui
1395 2589 1570 2659 capite
1589 2600 1645 2645 et
1678 2592 1782 2644 line

202 2681 445 2735 similiter
474 2681 850 2746 terminantur,
897 2690 957 2737 ut
984 2691 1109 2738 sunt
1148 2684 1518 2752 prmcellentes
1548 2684 1783 2758 centesi-

201 2786 306 2825 mus
337 2772 614 2828 secundus
660 2781 715 2828 et
740 2775 1069 2829 centesimus
1116 2775 1335 2837 tertius.
1362 2774 1488 2829 Sive
1532 2775 1653 2844 quia
1687 2790 1783 2829 ex-

202 2866 434 2931 pressius
471 2879 685 2934 semper
734 2866 1052 2927 infnnditur,
1100 2866 1237 2935 quod
1288 2866 1556 2920 sententia
1596 2866 1782 2920 iterata

198 2956 528 3023 geminatur,
575 2965 631 3009 ut
675 2963 779 3019 est,
815 2954 936 3009 Non
984 2958 1056 3009 sic
1100 2956 1262 3027 impii,
1298 2972 1399 3008 non
1428 2956 1529 3019 sic;
1561 2964 1637 3020 et,
1671 2957 1783 3021 ﬁat,

200 3046 313 3111 ﬁat;
340 3047 453 3111 vel,
475 3047 653 3115 Amen,
676 3063 845 3110 amen,
876 3048 988 3100 dico
1018 3047 1190 3112 vobis;
1215 3054 1268 3101 et
1294 3046 1453 3113 Abba,
1480 3046 1664 3113 Pater;
1687 3046 1787 3100 hoc

197 3145 274 3190 est
309 3136 462 3189 etaim
503 3137 672 3198 Abba,
710 3137 852 3204 quod
886 3137 1062 3191 Pater.
1093 3136 1177 3192 Sit
1221 3135 1354 3190 forte
1386 3145 1440 3191 et
1480 3135 1578 3189 alia
1626 3150 1785 3192 causa

1894 2000 2010 2039 rum
2043 1985 2288 2054 largitate
2311 1984 2589 2038 satiamur.
2619 1983 2699 2037 Ad
2732 1992 2930 2038 terram
2958 1980 3330 2052 promissionis
3357 1994 3469 2048 per-

1889 2075 2155 2140 tlucimur,
2184 2074 2399 2145 quando
2420 2074 2472 2128 in
2503 2073 2593 2128 illa
2622 2074 2762 2129 felici
2793 2074 2959 2144 patria
2988 2087 3208 2129 munere
3233 2085 3471 2141 supernae

1888 2166 2102 2235 pietatis
2132 2166 2425 2232 intramus,
2465 2174 2523 2220 ut
2570 2164 2763 2220 merito
2812 2164 2931 2219 talis
2980 2178 3138 2218 causa
3169 2161 3469 2231 frequentet

1886 2261 2071 2316 iterata
2100 2259 2443 2330 praedicetur,
2474 2273 2595 2328 qua:
2624 2265 2891 2313 tantorum
2936 2255 3261 2327 magnalium
3295 2252 3472 2323 praeli-

1883 2351 2164 2422 gnratione
2190 2350 2497 2406 decoratur.

2467 2465 2662 2519 Divisio
2698 2464 2901 2533 psalmi.

1958 2580 2324 2635 lntroducitur
2371 2580 2637 2636 confitens
2691 2578 2919 2649 populus
2964 2576 3334 2642 llebrteorum,
3366 2574 3474 2643 qui,

1886 2670 2073 2725 relicta
2106 2670 2327 2739 perfidia
2370 2680 2579 2740 patrum
2612 2685 2855 2738 suorum,
2889 2667 2953 2722 ad
2987 2668 3238 2736 pietatem
3266 2664 3474 2720 Domini

1892 2763 2031 2832 (ipso
2060 2762 2375 2830 miserante)
2410 2761 2695 2830 perductus
2728 2768 2846 2825 est,
2876 2758 3332 2828 utiutelligamus,
3354 2771 3474 2812 cum

1889 2851 2085 2905 fuerint
2113 2851 2381 2917 conversi,
2415 2862 2467 2907 et
2491 2850 2635 2919 ipsos
2669 2848 2897 2903 Alleluia
2925 2850 3119 2904 merito
3150 2863 3245 2918 pro
3271 2862 3364 2903 sua
3386 2861 3472 2902 re-

1890 2943 2200 3012 demptione
2244 2953 2481 2998 cantare.
2512 2943 2568 2996 ln
2616 2942 2782 3013 prima
2812 2942 2974 3012 igitur
3022 2941 3331 2997 narratione
3382 2940 3473 2997 de~

1892 3045 2142 3105 precatur
2181 3037 2444 3113 propheta
2492 3044 2549 3090 ut
2592 3035 2825 3090 societur
2873 3035 3072 3105 populo
3111 3032 3474 3103 beneplacito,

1891 3131 1977 3199 qui
2001 3139 2121 3185 erat
2159 3125 2369 3182 Domini
2395 3127 2689 3182 Salvatoris
2719 3124 2951 3180 adventu
2981 3125 3048 3179 de
3074 3124 3321 3195 gentibus
3347 3137 3473 3179 con-

198 3243 307 3298 qua:
327 3232 489 3284 latet.
520 3230 592 3284 De
625 3231 723 3285 hac
752 3239 930 3285 autem
966 3246 1020 3285 re
1049 3246 1146 3285 nec
1190 3245 1219 3282 a
1251 3228 1559 3284 doctoribus
1587 3231 1786 3285 nostris
1813 3251 1857 3311 ρ
1890 3219 2213 3290 erogandus-
2260 3218 2503 3274 Secundi!
2551 3226 2761 3287 patrimi
2792 3231 3012 3272 ευοτυῐη
3058 3224 3275 3286 βροοηῑεὶ
3314 3215 3474 3270 dinu-

199 3321 328 3376 aliud
361 3323 648 3392 potuimus
677 3323 947 3390 accipere,
999 3337 1096 3377 nec
1137 3320 1290 3376 nobis
1335 3330 1415 3376 est
1446 3321 1646 3391 aliquid
1676 3337 1788 3375 am-

200 3413 331 3482 plius
352 3413 566 3470 sentire
595 3427 935 3468 coiicessum.

733 3530 1003 3583 Conclusio
1047 3528 1252 3599 psalmi.

263 3642 408 3699 Ecce
437 3648 726 3711 utrumque
748 3642 958 3695 alleluia
987 3650 1259 3697 cantatum
1291 3650 1393 3699 est,
1423 3641 1679 3694 decursus
1706 3648 1789 3693 est

198 3734 433 3800 psalmus
475 3734 685 3787 coalesti
733 3733 888 3787 laude
919 3734 1284 3803 plenissimus,
1318 3731 1405 3798 qui
1435 3739 1489 3784 et
1517 3730 1788 3799 praeterita

198 3828 463 3881 veraciter
510 3824 763 3891 referret,
795 3833 849 3879 et
878 3826 930 3878 in
961 3824 1150 3879 futuris
1194 3838 1293 3877 nos
1322 3823 1611 3878 salubriter
1638 3837 1788 3877 com-

197 3926 467 3971 mnneret.
500 3915 651 3970 Passi
687 3924 813 3969 sunt
862 3912 1102 3983 Egyptii
1143 3912 1488 3983 dignissimas
1518 3911 1783 3977 ultiones;

194 4016 529 4074 acceperunt
556 4004 727 4059 Judaei
767 4003 905 4058 dona
943 4002 1205 4058 coelestia.
1232 4000 1382 4055 Nunc
1423 4003 1788 4070 unusquisque

197 4107 443 4151 nostrqu
495 4102 776 4165 exspectet
825 4107 1011 4148 eorum
1068 4091 1511 4156 retributionem,
1561 4103 1787 4159 quorum

194 4188 437 4243 imitatur
466 4188 793 4255 exemplum.
838 4181 1229 4253 lnspiciendum
1272 4187 1555 4236 estautem
1588 4179 1789 4234 lumine

192 4282 367 4335 cordis
398 4280 543 4349 quod
573 4280 624 4332 in
657 4278 762 4333 line
809 4276 999 4346 psalmi
1030 4276 1257 4343 positum
1293 4281 1406 4339 est,
1439 4281 1497 4327 ut
1522 4272 1586 4324 ad
1630 4270 1790 4339 justi-

193 4372 480 4429 ﬁcationes
512 4372 745 4433 Domini,
778 4370 915 4425 etin
946 4369 1064 4438 lege
1105 4368 1221 4434 ejus
1252 4373 1360 4419 tota
1392 4364 1587 4419 mentis
1614 4364 1789 4418 inten-

193 4465 335 4521 tione
366 4466 684 4533 dirigamur.
709 4462 841 4516 Nam
874 4469 929 4516 et
957 4461 1001 4515 si
1032 4460 1168 4513 bona
1201 4456 1513 4525 temporalia
1554 4454 1784 4523 suscipio

188 4572 329 4623 mus,
362 4558 510 4613 sicut
542 4557 836 4617 Abraham,
883 4552 1054 4619 Isaac,
1080 4550 1244 4605 .lacob
1284 4548 1570 4616 caeterique
1603 4546 1786 4602 ﬁdeles

188 4649 275 4715 qui
322 4646 624 4702 abundanti
657 4645 903 4699 facultate
934 4643 1265 4704 ﬂoruerunt,
1300 4640 1352 4693 in
1384 4638 1527 4693 illam
1579 4646 1785 4707 partem
1816 4628 1868 4689 D

183 4756 302 4796 esse
333 4741 519 4810 potius
547 4739 807 4793 debemus
837 4736 1052 4801 intenti,
1085 4732 1225 4787 unde
1267 4732 1333 4785 ad
1362 4730 1621 4785 cmlorum
1655 4744 1784 4799 pos-

186 4832 357 4886 simus
409 4845 575 4899 regna
620 4827 857 4898 perduci.
890 4827 994 4882 Ista
1036 4825 1179 4880 enim
1234 4838 1353 4892 qua:
1404 4821 1781 4877 delectabilem

184 4923 359 4977 videri
398 4921 601 4975 faciunt
626 4918 904 4984 mundum,
931 4918 982 4970 in
1010 4914 1310 4970 aeternitate
1336 4926 1441 4967 non
1474 4911 1669 4966 habent
1698 4911 1778 4964 lo-

184 5028 328 5067 rum.
366 5012 678 5067 Meminisse
703 5017 881 5064 autem
930 5006 1189 5062 debemus
1221 5004 1361 5059 hunc
1401 5003 1663 5071 psalmum
1694 5015 1780 5056 se-

180 5104 426 5159 cundum
455 5118 580 5159 esse
606 5103 795 5157 horum
828 5101 917 5171 qui
950 5101 1075 5155 dum
1109 5096 1364 5152 miracula
1396 5095 1641 5151 Hebraeis
1670 5094 1781 5149 col-

181 5195 288 5250 lata
320 5195 672 5260 describunt,
714 5208 811 5263 per
841 5193 1062 5264 ﬁguram
1096 5188 1407 5259 allegoriam
1459 5187 1580 5260 [ms.
1615 5185 1680 5242 G.
1735 5195 1782 5241 et

176 5286 289 5353 τά..
344 5286 741 5359 allegoricam],
775 5301 893 5356 qum
923 5285 1067 5341 aliud
1114 5285 1266 5350 dicit,
1298 5282 1440 5339 aliud
1491 5282 1779 5352 significat,

178 5391 419 5438 ventura
445 5381 732 5437 Christiani
767 5382 947 5452 populi
976 5388 1309 5436 sacramenta
1337 5376 1635 5433 declarant.

502 5524 861 5581 EXPOSITIO
902 5524 964 5577 IN
1006 5520 1333 5579 PSALMUM
1372 5517 1478 5574 CV.

873 5616 1110 5673 Alleluia.

244 5740 411 5797 Ecce
440 5738 632 5795 iterum
679 5737 992 5793 alleluiatica
1034 5735 1189 5790 nobis
1238 5735 1425 5805 gaudia
1469 5734 1775 5796 redierunt;

172 5846 309 5892 ecce
340 5832 588 5889 breviter
618 5833 919 5903 prmeipitur
949 5841 1005 5887 ut
1034 5831 1258 5885 Domino
1291 5831 1451 5887 totius
1480 5831 1667 5902 psalmi
1693 5829 1777 5896 ju-

1894 3316 2205 3377 meratqua-
2256 3308 2495 3362 fecerunt
2545 3307 2597 3361 in
2644 3306 2876 3381 {Egypto
2910 3323 2924 3360 :
2957 3304 3222 3360 mirabilia
3270 3304 3474 3359 Domini

1892 3408 2040 3453 τρίτιο
2067 3399 2228 3453 corde
2266 3400 2485 3452 minime
2515 3406 2846 3462 contuentes,
2896 3398 3039 3464 trium
3089 3408 3268 3451 tamen
3296 3395 3468 3449 Domi-

1894 3508 2016 3546 num
2049 3492 2117 3547 ab
2158 3492 2386 3548 inimicis
2412 3491 2521 3546 suis
2549 3505 2641 3545 eos
2674 3490 2932 3561 liberasse
2973 3490 3318 3545 conﬁrmans.
3342 3488 3475 3544 Ter-

1893 3586 1985 3648 tia,
2015 3582 2078 3637 ad
2110 3582 2362 3651 peccandi
2386 3582 2558 3635 studia
2591 3581 2862 3637 referteos
2886 3596 3164 3645 reversos;
3196 3580 3477 3635 Dominum

1892 3680 2068 3727 tamen
2106 3672 2261 3727 electi
2300 3672 2382 3727 sui
2414 3672 2579 3743 Moysi
2625 3672 2868 3742 precibus
2909 3671 3041 3726 dicit
3084 3671 3249 3725 fuisse
3292 3671 3474 3726 delini-

1892 3771 2024 3819 tnm.
2060 3764 2281 3831 Quarta,
2316 3764 2626 3833 iniquitates
2650 3779 2836 3819 eorum
2870 3763 3065 3819 asserit
3095 3765 3330 3829 iteratas,
3378 3764 3474 3817 llo-

1892 3857 2205 3925 minumqne
2255 3854 2378 3908 illos
2425 3853 2732 3909 decrevisse
2778 3850 3043 3922 perdere,
3100 3855 3203 3908 nisi
3254 3852 3476 3907 Phiuees

1891 3945 2032 4002 servi
2060 3946 2141 4000 sui
2168 3945 2557 4014 supplicatione
2589 3944 2910 4013 placaretur.
2945 3944 3163 4011 Quinta.
3198 3946 3263 3998 ad
3286 3959 3476 4014 aquam

1891 4036 2333 4092 contradictionis
2383 4035 2601 4106 Moysen
2652 4035 2719 4089 ab
2772 4035 2880 4090 illis
2929 4036 3309 4091 exacerbatum
3360 4049 3476 4090 esse

1891 4135 2307 4193 commemorat,
2344 4134 2635 4194 posteaque
2666 4125 2805 4179 filios
2830 4138 2960 4179 suos
2990 4125 3045 4179 in
3068 4125 3276 4180 cultura
3305 4125 3475 4179 idolo-

1890 4234 2009 4275 rum
2033 4217 2321 4274 crudeliter
2344 4215 2626 4271 occidisse.
2651 4214 2805 4272 Unde
2830 4215 3087 4271 Dominus
3105 4215 3476 4271 vehementius

1890 4309 2080 4375 iratus,
2106 4306 2327 4362 tradidit
2352 4320 2447 4362 eos
2470 4306 2708 4376 gentium
2754 4306 3024 4370 servituti,
3068 4321 3130 4361 ac
3158 4306 3354 4363 deinde
3378 4307 3475 4362 mi-

1890 4410 2065 4457 sertus
2090 4401 2144 4456 in
2162 4409 2451 4470 conspectu
2467 4399 2806 4455 inimicorum
2824 4413 2918 4455 eos
2934 4398 3170 4457 reddidit
3184 4400 3474 4469 gloriosos.

1890 4495 2072 4558 Sexta,
2103 4501 2353 4563 precatur
2374 4492 2518 4562 quod
2559 4501 2790 4548 noverat
2817 4507 2939 4548 esse
2962 4502 3246 4548 venturum
3263 4532 3280 4560 ,
3307 4502 3369 4549 ut
3409 4493 3477 4549 de

1891 4586 2154 4640 universis
2171 4584 2475 4640 nationibus
2493 4583 2727 4640 Ecclesia
2749 4585 3015 4640 catholica
3026 4594 3405 4655 congregetur,
3424 4592 3477 4641 et

1892 4681 2076 4737 Iaudes
2142 4681 2365 4736 Domino
2417 4688 2614 4736 aeterna
2685 4679 3043 4736 exsultatione
3111 4680 3474 4735 concelebret.

1889 4771 2041 4827 Nunc
2072 4779 2247 4841 partes
2291 4770 2480 4839 psalmi
2513 4784 2609 4840 per
2649 4777 2864 4839 apertas
2901 4768 3225 4824 divisionum
3258 4770 3478 4824 semitas

1887 4863 2237 4918 ambulemus.

2424 4958 2694 5048 Expositio
2734 4976 2937 5045 psalmi.

1955 5093 2110 5150 Vers.
2142 5094 2194 5148 i.
2227 5091 2556 5161 Conﬁtemini
2588 5089 2838 5158 Domino,
2878 5091 3125 5160 quoniam
3147 5089 3325 5151 bonus,
3356 5105 3477 5157 quo~

1886 5187 2026 5243 niam
2052 5186 2105 5241 in
2134 5187 2375 5242 malum
2403 5182 2753 5237 misericordia
2796 5185 2923 5253 ejus.
2957 5179 3119 5253 360
3142 5180 3291 5236 Sicut
3318 5194 3477 5248 snpe-

1886 5281 1996 5335 rior
2025 5280 2259 5349 psalmus
2289 5277 2340 5331 in
2381 5276 2556 5347 primo
2583 5289 2741 5329 versu
2776 5272 3091 5339 declaravit,
3116 5271 3237 5340 quia
3265 5269 3477 5326 confes-

1886 5371 1970 5426 sio
1991 5370 2080 5423 illa
2111 5368 2176 5440 ad
2207 5366 2392 5424 laudes
2422 5365 2637 5423 Domini
2659 5364 2934 5421 debuisset
2958 5362 3128 5430 aptari
3161 5380 3171 5415 :
3208 5360 3279 5415 ita
3308 5369 3362 5416 et
3389 5360 3477 5417 hic

1887 5460 2129 5529 designat
2156 5458 2548 5513 confessionem
2593 5458 2750 5511 istam
2784 5454 2849 5509 ad
2884 5453 3201 5508 medicinam
3244 5452 3477 5523 poenitu-

1886 5552 2027 5607 dinis
2051 5549 2443 5619 applicandam.
2475 5548 2580 5603 Sed
2632 5558 2685 5603 et
2714 5548 2815 5602 hoc
2870 5559 3083 5614 quoque
3112 5543 3175 5597 ad
3206 5543 3473 5613 prmconia

1891 5642 2097 5698 Domini
2149 5641 2421 5712 pertinere
2469 5655 2575 5694 non
2632 5640 2856 5695 dubium
2909 5646 3011 5703 est,
3062 5634 3277 5707 quando
3306 5633 3475 5703 major

1886 5736 2053 5806 gloria
2083 5744 2168 5790 est
2198 5735 2409 5804 pietatis
2460 5732 2738 5790 confitenti
2790 5743 3030 5801 parcere,
3079 5743 3239 5799 quam
3278 5724 3476 5784 viventi

1886 5830 2000 5884 sine
2029 5828 2325 5885 oﬂ‘cnsionc
2355 5833 2636 5896 prscstare.
2663 5823 3009 5883 Hebraeorum
3040 5818 3302 5893 siquidem
3334 5826 3482 5870 com-
