3966 6172
590 362 697 421 755

1833 363 1901 419 Μ.
1950 364 2226 424 AURELII
2266 372 2661 435 CASSIODORI
3684 398 3767 455 ‘liiti

630 494 791 543 uncta
820 483 1176 553 congregatio,
1208 492 1264 537 et
1309 481 1488 537 divina
1520 483 1875 554 inspiratione
1904 498 2168 554 correcta,
2200 489 2247 545 Α
2279 493 2471 562 partim
2501 503 2871 553 contumacem
2905 500 3087 570 fuisse,
3123 505 3311 573 partim
3337 506 3383 561 in
3411 506 3590 566 Domini
3611 518 3770 571 εοιιειῑ-

592 578 827 649 loquitur
854 576 920 631 ad
950 577 1208 646 reliquam
1241 577 1449 646 plebem
1470 618 1483 643 ,
1518 586 1575 631 ut
1604 579 1804 648 antiqui
1837 582 2039 634 erroris
2065 598 2174 649 pra-

592 672 761 726 vitate
799 670 1068 734 damnata,
1119 668 1184 723 ad
1216 669 1447 723 divinam
1493 670 1687 724 debeat
1736 671 1912 727 redire
1940 673 2173 727 clemen-

590 761 740 817 tiam.
776 762 842 816 Et
872 776 941 816 ne
968 761 1163 830 aliquis
1191 761 1259 815 da
1285 761 1559 830 culparum
1582 778 1797 817 suarum
1830 765 2174 819 numerosita-

588 857 735 911 Iibus
765 857 899 931 [ed.,
931 857 1341 930 numerositate]
1387 868 1699 923 terreretur,
1752 859 1978 924 addidit,
2032 860 2170 925 Quo-

588 949 726 1001 niam
764 948 947 1004 bonus.
978 949 1109 1017 Quis
1157 950 1298 1005 enim
1346 950 1553 1006 dubitet
1584 951 1649 1005 ad
1693 967 1816 1005 eum
1868 967 2165 1017 recurrere,

585 1055 743 1110 quem
786 1041 889 1097 sibi
933 1043 1082 1097 audit
1114 1058 1270 1110 posse
1313 1044 1600 1099 celerrime
1645 1043 2168 1099 subveniretBonus

584 1137 727 1193 enim
753 1138 1006 1193 Dominus
1031 1148 1176 1193 recte
1200 1139 1410 1201 dicitur,
1441 1140 1528 1208 qui
1551 1138 1953 1206 delinquentem
1973 1139 2162 1207 pascit,

582 1232 670 1302 qui
701 1241 975 1301 eaSpectat
1022 1242 1317 1299 errantem,
1355 1232 1458 1299 Qui
1504 1234 1662 1287 solem
1690 1250 1840 1287 suum
1889 1235 2011 1304 facit
2040 1233 2169 1287 oriri

582 1340 734 1394 super
763 1322 922 1380 bonos
963 1333 1009 1377 et
1040 1324 1222 1388 malos,
1252 1332 1299 1377 et
1338 1323 1469 1393 pluit
1502 1340 1654 1393 super
1674 1325 1845 1393 justas
1871 1334 1920 1378 ct
1945 1325 2164 1395 injustas

581 1411 703 1485 [τηε.
736 1415 802 1470 G.
834 1422 890 1469 et
937 1416 1050 1481 ed.,
1083 1413 1288 1485 impias]
1338 1413 1549 1481 (Matth.
1582 1430 1635 1480 ν,
1683 1416 1798 1484 45).
1851 1416 1963 1470 lloc
2000 1418 2160 1472 etiam

579 1506 745 1575 ipsius
775 1505 1029 1561 Veritatis
1067 1522 1198 1561 voce
1241 1506 1542 1560 declaratur
1576 1523 1588 1558 :
1629 1505 1798 1561 Nemo
1838 1507 2019 1572 bonus,
2064 1510 2162 1562 nisi

574 1597 713 1652 solus
732 1596 865 1651 Deus
900 1597 1093 1668 (Marc.
1122 1614 1172 1663 κ,
1196 1597 1304 1664 18).
1326 1597 1563 1665 Addidit,
1582 1599 1821 1667 quoniam
1839 1600 1892 1652 in
1912 1600 2156 1654 swculum

574 1693 923 1746 misericordia
952 1693 1084 1763 ejus.
1137 1690 1331 1745 Audito
1364 1691 1505 1745 ltono
1553 1691 1802 1756 Domino,
1853 1707 1922 1747 ne
1971 1708 2030 1747 se
2056 1697 2154 1747 hu-

572 1800 726 1837 mana
760 1784 1083 1853 negligentia
1117 1782 1184 1836 ab
1213 1782 1449 1837 studiosa
1479 1790 1535 1837 et
1560 1782 1742 1837 sedula
1769 1782 2156 1852 supplicatione

2282 585 2409 640 tisse
2439 589 2723 645 mandatis.
2758 591 2911 649 Unde
2941 594 3025 650 isti
3047 598 3352 665 suppliciter
3377 616 3626 670 precantur
3647 618 3695 661 ut
3727 611 3769 663 in

2277 673 2490 729 illorum
2520 680 2775 736 societate
2800 682 3031 740 debeant
3058 692 3409 756 annumerari,
3439 696 3607 761 quibus
3633 710 3769 767 potest

2275 773 2477 821 :eterua
2505 768 2779 827 beatitudo
2823 776 2990 843 gratia
3025 778 3319 833 Divinitatis
3346 785 3557 839 attribui.
3585 787 3641 841 Et
3662 792 3768 843 utﬁ—

2274 854 2371 942 des
2393 872 2577 913 eorum
2603 862 2988 928 perfectissima
3013 880 3338 936 nosceretur,
3365 884 3529 942 optant
3550 892 3598 932 se
3623 881 3771 933 risitari

2272 959 2300 996 a
2334 941 2559 1004 Domino
2586 950 2887 1021 Salvatore,
2922 957 3074 1027 cujus
3103 959 3328 1015 adventu
3353 941 3409 1017 se
3440 978 3769 1023 nnverantcsse

2270 1039 2571 1096 salvandos.
2624 1044 2737 1113 lpse
2789 1059 2871 1103 est
2916 1051 3057 1105 enim
3102 1053 3358 1119 salutaris,
3390 1055 3452 1110 de
3493 1072 3587 1126 quo
3630 1061 3770 1115 beatus

2268 1132 2484 1187 Simeon
2513 1137 2586 1189 ait
2610 1154 2623 1189 :
2648 1137 2804 1193 Nunc
2826 1142 3038 1197 dimittis
3061 1142 3193 1215 [ed.,
3225 1147 3427 1218 dimitte]
3447 1164 3618 1202 servum
3640 1162 3766 1213 tuum,

2270 1221 2505 1290 Domine,
2538 1229 2813 1284 secundum
2838 1233 3045 1286 verbum
3088 1244 3230 1288 tuum
3260 1238 3309 1289 in
3354 1254 3467 1306 pace
3492 1255 3507 1292 :
3536 1239 3645 1304 Quia
3670 1244 3771 1295 ride

2267 1327 2384 1369 runt
2412 1320 2548 1371 oculi
2574 1321 2672 1374 mei
2715 1321 2940 1378 salutare
2989 1336 3151 1391 tuum,
3208 1328 3352 1391 Quod
3380 1332 3556 1399 parasti
3583 1343 3679 1384 ante

2266 1409 2393 1461 ciem
2451 1413 2677 1466 ontnium
2730 1417 3074 1485 papulorum;
3127 1418 3322 1473 Lumen
3369 1422 3433 1473 ad
3482 1424 3769 1474 rrvelatianmt

2264 1501 2508 1568 gentium,
2552 1514 2598 1557 et
2638 1506 2857 1571 gloriam
2901 1508 3059 1577 plebis
3102 1518 3203 1563 tua:
3249 1509 3409 1565 Israel
3452 1512 3586 1583 (Luc.
3613 1527 3659 1577 tt,
3704 1511 3768 1572 99,

2262 1590 2352 1657 δυ,
2384 1593 2498 1663 δι).

2337 1684 2487 1757 vers.
2606 1689 2687 1742 Ad
2708 1690 2977 1745 uidendum
3002 1693 3053 1745 in
3077 1693 3301 1746 bonitate
3326 1692 3577 1747 electorum
3598 1703 3770 1755 tuorum,

2259 1774 2326 1826 ad
2373 1773 2648 1831 la’lana‘um
2676 1781 2731 1833 in
2760 1782 2941 1835 lwtitia
2985 1783 3145 1852 gentis
3202 1794 3323 1843 tutu,
3373 1794 3421 1837 ut
3468 1782 3665 1835 lauderis
3687 1797 3771 1833 cum

570 1878 943 1947 suspenderet,
977 1876 1197 1930 remedii
1228 1892 1443 1931 causam
1474 1876 1601 1932 dicit
1628 1892 1643 1931 :
1677 1885 1733 1930 ut
1761 1878 1825 1929 ad
1853 1878 2151 1931 confessio-
2184 1870 2230 1928 B
2257 1865 2553 1922 hd’fedilale
2581 1880 2691 1925 ιυη·
2741 1873 2851 1927 Ποε
2880 1886 2961 1929 εει
2991 1877 3131 1943 (ἰυοα
3177 1892 3241 1931 50
3271 1879 3507 1945 P0":le
3534 1893 3559 1930 ³
3603 1874 3771 1929 salum

530 1977 534 1980 ’
567 1984 688 2022 nem
719 1970 947 2024 celerem
978 1968 1183 2023 Domini
1210 1968 1403 2023 debeat
1423 1983 1641 2022 munere
1672 1966 1943 2023 festinare.
1967 1967 2031 2021 In
2055 1986 2151 2023 sa:-

565 2061 758 2125 culum,
788 2062 907 2116 vita:
940 2062 1095 2132 lmjus
1124 2061 1390 2131 signiﬁcat
1433 2075 1671 2125 cursum,
1704 2060 1793 2114 ubi
1823 2062 2000 2116 miseri
2024 2070 2151 2114 sunt

563 2153 863 2220 quicunque
892 2152 1238 2221 delinquunt;
1272 2152 1359 2207 ubi
1393 2153 1469 2206 fus
1499 2161 1582 2207 est
1619 2152 1777 2205 corda
1809 2162 1989 2206 nostra
2020 2168 2150 2207 enn-

563 2242 724 2308 verti,
755 2252 807 2296 et
834 2240 1256 2295 misericordiam
1306 2241 1600 2310 postulare.
1636 2240 1709 2294 lbi
1751 2241 1894 2294 enim
1927 2241 2149 2295 damna-

562 2335 635 2387 tio
659 2343 742 2389 est
788 2333 1032 2388 conﬁteri
1082 2343 1379 2402 peceatum,
1414 2333 1503 2389 ubi
1530 2337 1639 2404 jam
1674 2344 1885 2390 constat
1914 2338 2145 2407 esseju-

558 2427 777 2482 dicium.

633 2521 787 2576 Vers.
835 2520 893 2575 2.
934 2520 1061 2587 Quis
1112 2521 1346 2589 loquetur
1378 2520 1631 2589 potentias
1684 2519 1908 2585 Domini,
1941 2522 2145 2576 auditas

555 2611 708 2679 faciet
729 2624 900 2665 omnes
925 2609 1103 2663 laudes
1124 2610 1275 2679 ejus?
1305 2607 1537 2674 Populus
1566 2610 1664 2663 iste
1690 2625 1848 2678 quem
1882 2610 2109 2664 diximus
2127 2652 2140 2674 ,

553 2701 857 2756 divinorum
887 2715 1108 2770 operum
1133 2699 1488 2755 aestimatione
1510 2700 1835 2769 completus,
1870 2710 2028 2771 negat
2059 2702 2145 2755 bu-

553 2809 767 2849 manutn
792 2808 1009 2848 sensum
1037 2791 1515 2861 comprehendere,
1544 2792 1684 2859 quod
1729 2792 1795 2846 de
1824 2792 1910 2846 illa
1939 2793 2139 2859 plenis-

549 2888 685 2940 sime
709 2884 825 2956 [ηις.
845 2885 933 2948 Δ.,
952 2882 1041 2953 3.,
1068 2881 1161 2951 ἢ,
1184 2881 1511 2953 plenissima]
1530 2883 1721 2938 debeat
1739 2883 2014 2954 Majestate
2032 2901 2145 2939 nar-

549 2992 689 3031 rare.
725 2976 852 3041 Quis
880 2977 1045 3040 enim,
1092 2975 1358 3045 significat
1386 2977 1612 3029 nullunt.
1639 2975 1736 3030 Cui
1770 2977 1912 3030 enim
1938 2985 2030 3031 aut
2059 2978 2140 3031 in-

546 3072 763 3141 genium
814 3070 1049 3139 suppetit
1079 3069 1145 3123 ad
1195 3070 1559 3140 cogitandum,
1613 3081 1705 3125 ant
1736 3070 1912 3140 lingua
1943 3071 2008 3125 ad
2040 3072 2136 3126 de-

547 3165 921 3232 promendttm,
969 3171 1027 3217 ut
1076 3172 1221 3217 tanta
1273 3163 1607 3217 immensitas
1638 3164 1797 3218 unius
1827 3164 1998 3232 possit
2042 3180 2137 3219 ore

2256 1956 2481 2013 Domino
2512 1961 2737 2028 visitari,
2785 1973 2841 2017 ut
2876 1966 3167 2021 bonitatem
3220 1966 3336 2035 ejus
3374 1968 3614 2031 viderent.
3650 1980 3771 2035 ψιθω

2252 2050 2443 2107 electis
2473 2063 2590 2108 erat
2616 2057 2879 2111 adventus
2907 2059 2986 2112 sui
3027 2075 3259 2114 munere
3291 2070 3640 2129 praestaturus;
3676 2072 3771 2126 qua-

2253 2160 2405 2206 tenus
2418 2166 2535 2206 cum
2550 2154 2849 2209 Christiano
2865 2156 3057 2224 popqu
3072 2157 3391 2226 gauderent,
3403 2158 3485 2226 qui
3504 2156 3563 2209 de
3574 2154 3670 2223 ejus
3687 2160 3771 2206 erat

2251 2242 2378 2313 [ed.,
2397 2242 2571 2315 erant]
2588 2244 2949 2300 incarnatione
2977 2247 3257 2301 la‘taturus
3281 2248 3405 2319 [ed.,
3430 2242 3666 2313 ltctaturi].
3688 2245 3771 2311 lpsa

2248 2343 2330 2388 est
2350 2335 2491 2389 enim
2520 2354 2641 2407 gens
2668 2336 2901 2403 Domini,
2928 2354 3045 2407 quae
3071 2339 3136 2393 de
3160 2341 3402 2409 gentium
3426 2348 3501 2392 est
3522 2338 3771 2391 diversitate

2246 2426 2493 2493 collecta,
2529 2436 2586 2482 ut
2614 2439 2755 2483 esset
2784 2444 2917 2499 grex
2952 2444 3121 2499 unus,
3154 2441 3213 2486 et
3246 2440 3429 2501 pastor
3455 2444 3595 2483 unus.
3623 2428 3773 2495 Sequi-

2246 2518 2548 2573 turbarum
2596 2536 2776 2575 rerum
2810 2521 3165 2577 suavissimus
3224 2522 3449 2587 fructus,
3498 2532 3547 2575 ut
3590 2519 3771 2573 laudetur

2251 2608 2504 2664 Dominus
2533 2626 2650 2664 cum
2695 2612 2995 2667 hereditate
3024 2627 3142 2666 sua.
3207 2614 3497 2683 Utrumque
3525 2612 3649 2666 enim
3679 2625 3773 2661 con-

2240 2700 2481 2770 junctum
2514 2713 2615 2769 cst,
2647 2706 2769 2773 quia
2804 2704 2854 2759 in
2888 2706 3160 2775 praeconio
3195 2707 3404 2761 Domini
3454 2706 3527 2760 sui
3558 2702 3698 2758 ﬁdelis
3720 2700 3773 2751 fa-

2244 2792 2417 2846 mulus
2449 2791 2577 2865 [ed.,
2603 2794 2852 2867 populus]
2879 2796 2995 2850 sine
3018 2796 3366 2853 dubitatione
3398 2798 3643 2857 laudatur,
3672 2792 3774 2846 sicut

2243 2883 2294 2936 in
2338 2885 2617 2953 superiore
2660 2886 2867 2954 psalmo
2893 2887 3096 2943 dictum
3154 2900 3244 2945 est
3278 2907 3291 2942 :
3326 2887 3620 2944 Laudamini
3642 2888 3684 2938 in
3707 2900 3773 2934 no-

2242 2974 2374 3026 mine
2395 2985 2571 3028 sancto
2594 2979 2725 3047 ejus.
2752 2977 3089 3049 Quapropter
3114 2980 3299 3035 fidelis
3323 2981 3421 3035 iste
3445 2978 3649 3048 populus
3668 2984 3776 3028 tanto

2240 3063 2513 3121 desiderio
2542 3066 2608 3120 ad
2661 3081 3007 3138 conspectum
3061 3070 3285 3127 Domini
3336 3070 3625 3131 festinabat,
3664 3073 3775 3118 tanta

2240 3173 2299 3213 se
2328 3158 2649 3215 Christiana:
2676 3162 2815 3230 plebi
2841 3163 3105 3220 charitate
3140 3167 3451 3230 miscebat,
3486 3176 3539 3218 ut
3582 3158 3708 3216 nefas
3730 3156 3777 3210 sit

548 3256 795 3310 narrari?
834 3255 932 3309 Ubi
979 3254 1170 3309 merito
1199 3254 1482 3308 dicendurm
1510 3264 1631 3309 est:
1660 3254 1774 3309 Non
1804 3256 1931 3309 mihi
1959 3257 2001 3311 si
2036 3257 2133 3309 lin-
2164 3248 2207 3310 C
2242 3261 2431 3319 putare
2462 3267 2584 3307 eum
2635 3255 2829 3319 spiritu
2886 3272 2992 3311 non
3040 3256 3215 3315 fuisse
3263 3265 3621 3328 conspectum.
3656 3264 3775 3319 (tum

548 3364 667 3415 gum
695 3356 912 3401 centum
953 3346 1095 3409 sint,
1128 3361 1329 3413 oraque
1354 3354 1589 3410 centum,
1620 3346 1791 3402 ferrea
1818 3363 1941 3400 vox.
1966 3346 2131 3401 Addi-

541 3441 619 3495 dit
650 3440 833 3502 etiam,
864 3438 1073 3491 auditas
1125 3437 1276 3508 faciet
1318 3453 1491 3490 omnes
1542 3438 1717 3490 laudes
1766 3438 1896 3506 ejus.
1934 3439 1999 3492 Et
2044 3439 2131 3493 hic

540 3545 757 3600 quoque
796 3528 1222 3586 subaudiendum
1269 3537 1373 3589 est,
1416 3527 1552 3595 quis,
1588 3537 1644 3580 ut
1686 3526 1921 3596 perfecta
1975 3529 2129 3584 nobis

539 3622 705 3690 possit
733 3629 983 3676 constare
1019 3620 1305 3677 sententia.
1362 3618 1590 3673 Pulchra
1641 3630 1820 3673 autem
1871 3622 2127 3676 varietate

536 3718 734 3770 dictum
766 3715 1033 3782 est:quis
1082 3714 1283 3767 auditas
1331 3714 1485 3782 faciet
1530 3730 1702 3768 omnes
1750 3714 1927 3767 laudes
1977 3718 2127 3785 ejus?

537 3809 628 3863 Illa
660 3808 803 3863 enim
833 3817 1052 3875 possunt
1092 3805 1285 3871 audiri,
1321 3820 1439 3873 quae
1472 3806 1764 3873 probantur
1793 3815 1844 3860 et
1871 3808 1995 3861 diei.
2033 3809 2126 3864 llic

532 3916 747 3972 quoque
793 3899 983 3955 modus
1033 3901 1168 3955 inter
1212 3900 1455 3970 proprias
1498 3900 1798 3957 locutiones
1846 3902 2124 3958 habendus

530 4004 609 4048 CSI
618 4032 633 4046 .

617 4091 759 4146 l'ers.
791 4091 843 4145 5.
881 4089 1024 4143 Betti
1046 4089 1132 4159 qui
1158 4088 1451 4142 custodIunt
1471 4087 1734 4157 judicium
1756 4096 1804 4140 et
1826 4086 2021 4156 faciunt
2039 4087 2121 4155 ju-

528 4183 721 4236 stitiant
741 4184 793 4235 in
811 4182 949 4234 omni
980 4192 1223 4248 tempore.
1254 4179 1540 4249 Postquam
1573 4179 1787 4249 negavit
1810 4179 1991 4233 laudes
2012 4178 2118 4232 Do-

529 4272 659 4326 tnini
718 4285 876 4338 posse
924 4269 1333 4339 comprehendi,
1374 4270 1696 4325 sententiam
1744 4268 1876 4322 dicit
1925 4284 2028 4337 qua
2060 4284 2118 4322 se

527 4363 837 4419 consoletur
885 4378 1053 4433 genus
1106 4364 1430 4430 humanum,
1477 4370 1535 4415 ut
1580 4378 1703 4416 cum
1754 4362 1845 4415 illa
1892 4369 2119 4430 nequeat

526 4454 773 4522 implere,
806 4454 906 4509 boc
924 4454 1114 4508 saltem
1143 4455 1399 4508 custodire
1428 4454 1667 4509 festinet.
1692 4455 1960 4507 Custodire
1974 4454 2114 4507 enim

528 4545 779 4610 iudicium
809 4558 923 4611 est,
953 4544 1045 4614 qui
1077 4545 1215 4598 inter
1243 4544 1375 4598 alios
1419 4557 1564 4601 recte
1590 4546 1828 4613 judicat;
1860 4546 2113 4608 iustitiam

2239 3350 2381 3395 tanta
2412 3344 2582 3409 gratia
2633 3347 3008 3415 Cognoscimus
3063 3350 3393 3418 expetitum,
3439 3347 3569 3402 sicut
3613 3340 3777 3412 ipsein

2240 3431 2527 3502 Evangelia
2575 3435 2704 3489 dieit
2749 3455 2760 3488 :
2804 3438 3065 3490 Abraham
3119 3440 3440 3494 desideravit
3480 3436 3636 3490 ridere
3675 3434 3776 3484 diem

2232 3540 2438 3592 meum;
2469 3527 2591 3579 vidit
2616 3538 2664 3581 et
2686 3530 2887 3597 gavisus
2910 3540 2984 3583 est
3013 3530 3200 3599 (Joan.
3231 3548 3325 3586 vttt
3345 3575 3362 3600 ,
3396 3529 3510 3601 56).

2310 3615 2461 3670 Vers.
2498 3618 2549 3671 (i.
2584 3616 2914 3673 Peccavimus
2963 3637 3077 3674 cum
3110 3625 3353 3691 patribus
3403 3622 3609 3681 nostris;
3636 3618 3775 3685 injuste

2229 3708 2447 3776 egimus,
2480 3709 2798 3779 iniquitatem
2831 3716 2865 3781 ft
2882 3714 3063 3767 cimus.
3097 3714 3265 3770 Venit
3298 3715 3366 3771 ad
3392 3714 3663 3771 secundant
3690 3721 3775 3760 natu

2230 3804 2519 3863 rationem,
2552 3805 2638 3856 tibi
2671 3805 2959 3872 praedictus
2990 3808 3226 3875 populus
3255 3808 3445 3863 humili
3471 3803 3776 3860 satisfactione

2230 3894 2619 3959 prosternitur;
2666 3906 2720 3949 ut
2771 3897 2860 3949 illa
2896 3896 2947 3949 in
3001 3898 3280 3969 principio
3329 3896 3522 3969 psalmi
3559 3893 3775 3949 declarata

2228 3983 2473 4038 videatur
2500 4001 2626 4041 esse
2653 3987 2945 4042 confessio.
2983 3988 3125 4044 Dicit
3155 3993 3333 4055 enim,
3369 4003 3595 4057 peccasse
3620 4000 3672 4038 se
3692 3994 3776 4033 cum

2225 4075 2478 4141 patribus,
2509 4078 2761 4145 quoniam
2792 4078 2843 4132 itt
2876 4095 3060 4133 eorum
3095 4092 3262 4135 erant
3292 4082 3492 4136 lumbis
3519 4090 3571 4134 et
3617 4072 3776 4140 origine

2223 4169 2522 4223 constituti.
2577 4170 2708 4225 Nam
2740 4188 2860 4226 cum
2893 4173 3052 4227 fuerit
3108 4187 3332 4244 tempus
3365 4178 3518 4243 longe
3569 4170 3773 4223 divisum.

2225 4259 2440 4326 quando
2473 4259 2523 4312 in
2555 4260 2788 4331 Aigypto
2819 4270 2997 4331 patres
3027 4280 3222 4318 eorum
3252 4265 3511 4319 miracula
3542 4262 3663 4316 facta
3687 4269 3776 4309 cur‘

2222 4352 2412 4405 naliter
2442 4362 2791 4423 acceperunt,
2838 4369 2958 4409 cum
2992 4357 3138 4409 nulla
3198 4358 3435 4411 Domino
3468 4352 3780 4409 satisfactione
3872 4392 3873 4423 ἦ

2222 4443 2641 4511 responderent;
2678 4456 2733 4499 et
2764 4454 2892 4500 mtas
2937 4447 3035 4500 ista
3069 4448 3312 4504 multum
3368 4446 3620 4519 posterior
3646 4445 3777 4499 esset.

2221 4554 2376 4608 quam
2427 4538 2709 4606 prtesetttis
2740 4540 2927 4607 psalmi
2977 4544 3155 4597 series
3208 4553 3550 4607 cautaretur,
3598 4536 3778 4591 dubium

522 4645 702 4693 autem
735 4640 892 4709 facit,
921 4603 1012 4708 qui
1044 4636 1381 4705 mquabiliter
1401 4638 1529 4706 agit.
1558 4603 1682 4692 Sive
1711 4637 1799 4691 ille
1834 4637 2005 4691 beatos
2035 4639 2115 4691 di-
2149 4632 2195 4689 D
2220 4652 2325 4690 non
2354 4645 2435 4689 est
2483 4635 2569 4690 illa
2597 4651 2692 4690 eos
2722 4647 2936 4705 peccata
2966 4653 3218 4707 gemere.
3273 4656 3398 4710 quae
3441 4654 3508 4693 ex
3543 4639 3774 4704 parentum
3862 4603 3869 4710 4

520 4733 615 4797 cit,
642 4732 730 4800 qui
749 4730 1009 4801 judicium
1030 4728 1083 4784 itt
1123 4728 1226 4783 fide
1252 4729 1543 4783 custodiunt
1565 4744 1584 4793 ;
1608 4729 1870 4799 justitiam
1898 4744 2027 4783 vero
2056 4731 2110 4783 in

521 4840 683 4894 opere
713 4825 1104 4879 demonstrant.
1162 4823 1266 4878 Sed
1313 4823 1435 4877 vide
1480 4822 1728 4891 quoniam
1777 4822 2005 4889 addidit,
2057 4826 2109 4876 in

520 4919 659 4972 omni
689 4926 935 4986 tempore,
968 4917 1107 4971 sicut
1134 4916 1184 4970 itt
1222 4916 1511 4987 Evangelio
1541 4916 1709 4970 dicit:
1744 4917 1846 4980 Qui
1876 4934 2103 4983 perstre-

518 5012 703 5064 rauerit
734 5028 892 5081 usque
937 5011 990 5063 in
1039 5011 1214 5078 finem,
1261 5011 1340 5064 hic
1367 5012 1537 5064 saluus
1574 5011 1668 5064 erit
1711 5009 1924 5079 (.ilattlt.
1959 5025 2105 5075 xxiv,

519 5102 629 5169 l5).
679 5102 869 5156 Merito
898 5117 1026 5171 ergo
1054 5102 1141 5155 isti
1170 5101 1303 5156 tales
1340 5100 1473 5154 beati
1512 5100 1637 5154 dicti
1670 5108 1817 5165 sunt,
1847 5101 1935 5168 qui
1968 5115 2106 5169 prie-

513 5201 667 5261 cepta
700 5192 913 5246 Domini
940 5206 1069 5261 pura
1102 5201 1283 5248 mente
1305 5191 1637 5245 custodiunt.
1665 5192 1789 5245 Haec
1810 5192 1962 5246 tertia
1985 5207 2108 5260 spe-

511 5300 623 5337 ctes
651 5282 981 5338 deﬁnitionis
1011 5292 1113 5346 est,
1138 5297 1258 5351 qua:
1280 5280 1467 5336 Graece
1496 5289 1704 5353 peotes,
1732 5281 1917 5336 Latine
1944 5283 2111 5349 quali.

513 5373 673 5426 latit'a
701 5372 917 5439 dicitur,
940 5387 1060 5442 quae
1092 5370 1320 5426 dicendo
1346 5371 1469 5441 quid
1495 5371 1652 5440 quale
1681 5372 1771 5436 sit,
1797 5371 1845 5424 id
1876 5373 2000 5441 quid
2035 5376 2104 5426 sit

510 5492 517 5513 ‹
544 5467 760 5521 stettdit.

586 5560 735 5612 Vet's.
776 5558 829 5610 4.
876 5555 1129 5611 Memen'o
1178 5555 1360 5620 nostri,
1406 5552 1643 5618 Domine,
1697 5554 1749 5607 in
1789 5553 2102 5623 bencplacito

507 5653 686 5723 populi
719 5652 827 5716 tui;
860 5652 1005 5704 visita
1036 5666 1124 5702 nos
1147 5649 1199 5701 in
1224 5648 1442 5701 salutari
1482 5656 1588 5700 tuo.
1619 5649 1785 5701 Orant
1813 5648 2014 5709 devoti,
2045 5657 2100 5700 ttt

509 5756 648 5800 inter
672 5758 767 5794 eos
793 5742 1023 5797 debeant
1055 5742 1336 5805 :estimari,
1369 5742 1457 5810 qui
1493 5740 1719 5794 Domino
1764 5740 1903 5794 ﬁdeli
1937 5756 2099 5806 opere

508 5844 842 5895 placuerunt.
902 5834 1162 5889 Nouimus
1215 5836 1359 5888 enim
1422 5834 1769 5889 Israeliticuut
1844 5834 2095 5907 populum

2219 4744 2439 4783 suorum
2472 4728 2838 4797 probabantur
2864 4730 3101 4799 nequitia
3130 4733 3436 4787 sustinere.
3467 4732 3571 4784 lloc
3600 4718 3779 4777 itmresis

2221 4818 2499 4886 Pelagiana
2531 4832 2635 4872 non
2661 4820 2879 4889 accipit,
2903 4821 3029 4873 dum
3058 4831 3219 4889 putat
3250 4822 3521 4893 originale
3548 4823 3775 4889 peccatum

2216 4914 2280 4964 ad
2316 4914 2519 4982 prolem
2550 4913 2679 4969 Adin
2711 4916 3017 4970 nullatenus
3051 4920 3356 4984 pervenire
3392 4918 3637 4986 p0'nisse.
3676 4906 3778 4959 Cm"

2217 5005 2510 5087 majoribus
2538 5007 2679 5060 enim
2707 5007 2819 5061 suis
2846 5018 3089 5076 peccant,
3132 5010 3228 5078 qui
3261 5024 3323 5064 se
3350 5024 3446 5076 per
3472 5005 3676 5077 gratiam
3704 4995 3774 5049 Dur

2216 5099 2344 5151 ntini
2377 5099 2445 5152 ab
2477 5113 2664 5153 eorum
2720 5099 2917 5155 delicto
2970 5116 3077 5154 non
3135 5112 3428 5172 separant.
3480 5096 3622 5167 Quod
3654 5093 3777 5146 Patet

2212 5192 2543 5259 Augustinus
2563 5191 2972 5262 diligentissima
3006 5194 3286 5248 librorum
3316 5190 3663 5263 disputatione
3682 5195 3774 5236 cotl~

2210 5280 2335 5334 vicit
2367 5282 2506 5351 (Lib.
2537 5298 2550 5336 ι
2578 5294 2759 5336 contra
2794 5281 3114 5352 lulianum).
3173 5286 3336 5341 Nunc
3380 5295 3554 5339 autem
3601 5269 3776 5348 quando

2210 5374 2437 5428 Domino
2466 5375 2737 5443 aspirante
2789 5392 2941 5431 mens
2971 5388 3316 5443 compttncta
3352 5375 3589 5443 resipuit,
3618 5363 3775 5421 merito

2205 5479 2234 5518 a
2266 5480 2326 5520 se
2356 5474 2572 5533 peccata
2598 5477 2880 5535 parentum
2910 5452 3137 5521 volebat
3161 5467 3432 5537 abstergi,
3464 5464 3550 5535 qui
3574 5460 3635 5515 ab
3658 5458 3775 5523 ipSO'

2206 5573 2323 5611 rum
2356 5568 2593 5627 coeperat
2621 5558 3036 5629 obligationibus
3086 5561 3401 5630 segregari.
3437 5557 3502 5611 Et
3549 5562 3600 5606 ut
3628 5544 3773 5618 puris-
3842 5544 3849 5630 ἓ

2204 5652 2355 5706 sima:
2371 5651 2720 5707 confessionis
2741 5653 2961 5705 firmitas
2982 5665 3124 5719 appa
3134 5662 3311 5713 reret,
3342 5656 3455 5705 haec
3470 5646 3645 5703 eadem
3664 5639 3771 5695 trina

2207 5743 2491 5798 iteratione
2515 5743 2816 5798 conﬁrmat.
2854 5744 2965 5799 Hoc
2990 5751 3076 5797 est
3109 5744 3263 5797 enim
3310 5742 3629 5796 Peccavimus
3653 5731 3768 5799 fl“0d

2207 5837 2393 5907 injuste
2425 5835 2653 5905 egimus;
2687 5836 2787 5889 ltoc
2836 5847 2915 5889 PS!
2949 5834 3147 5901 injuste
3181 5836 3404 5906 egimus,
3452 5828 3586 5902 quod
3614 5823 3765 5893 uti?“

3842 5688 3845 5779 Ψ
