3966 6172
308 311 401 365 ῖῒῖἳ
1267 300 1630 361 EXPOSITIO
1668 300 1733 355 lN
1773 296 2220 356 PSALTERIUM.
2264 296 2453 353 PSAL.
2496 294 2599 351 CV.

3463 295 3563 351 758

303 435 457 479 tatem
480 420 713 491 fecimus.
745 418 919 473 Tanto
963 416 1105 471 enim
1139 415 1505 484 unusquisque
1530 412 1756 467 celerius
1784 411 1882 466 ab-
1912 411 1960 468 A
1984 407 2240 478 jussionis
2270 416 2372 470 est,
2403 415 2460 462 ut
2495 420 2685 477 parere
2714 403 3055 477 praevaleant,
3106 421 3224 476 quae
3250 406 3436 463 audire
3461 422 3567 464 non

303 514 553 578 Solvitur,
609 521 810 581 quanto
851 525 879 562 a
936 507 1228 576 semetipso
1279 506 1535 560 vivaciter
1580 503 1881 557 damnatur.

302 608 436 673 Quae
466 607 635 676 ﬁgura
686 604 884 658 dicitur
914 600 1122 656 schesis
1146 606 1460 661 onomaton,
1493 596 1545 650 id
1594 605 1676 650 cst
1707 595 1885 648 multi-

303 698 435 752 tudo
482 698 755 751 nominum
808 693 1214 762 conjunctorum
1259 688 1484 743 diversis
1518 687 1697 741 verbis
1730 701 1887 739 unam

304 803 423 842 rem
471 785 911 857 signiﬁcantium.
947 783 1040 839 Est
1090 791 1146 837 et
1177 781 1283 835 alia
1326 779 1479 833 nobis
1518 778 1570 832 in
1620 777 1720 830 hoc
1772 777 1889 831 loco

310 879 504 933 tradita
550 876 817 947 expositio
848 894 861 931 :
893 874 1013 944 quia
1043 887 1163 928 cum
1196 870 1489 939 majoribus
1540 870 1651 924 suis
1681 878 1886 937 peccat,

302 971 394 1040 qui
424 970 619 1024 delicta
647 968 843 1023 similia
867 980 970 1021 non
994 965 1150 1035 361
1180 963 1434 1024 declinat,
1467 960 1561 1016 sed
1586 960 1772 1014 eadem
1810 959 1888 1011 la-

299 1063 373 1116 cit
402 1074 525 1130 quae
556 1060 763 1129 priores
795 1072 923 1113 suos
954 1056 1143 1111 fecisse
1179 1053 1487 1121 cognoscit;
1523 1052 1592 1105 ita
1628 1041 1801 1105 tamen
1833 1058 1889 1104 ut

300 1168 333 1207 a
376 1154 609 1221 posteris
639 1160 821 1204 reatus
849 1148 1121 1217 originalis
1150 1146 1376 1217 peccati,
1410 1145 1510 1200 nisi
1544 1160 1637 1212 per
1662 1143 1886 1213 gratiam

304 1243 519 1297 Domini
547 1257 649 1295 non
685 1240 855 1308 possit
883 1238 1116 1295 excludi.

379 1332 534 1387 Vers.
566 1333 619 1386 7.
654 1331 832 1385 Patres
862 1330 1021 1384 nostri
1065 1330 1117 1383 in
1149 1328 1377 1401 zEgypto
1404 1343 1504 1381 non
1535 1330 1889 1383 intellexerunt

303 1424 566 1476 mirabilia
618 1431 735 1485 tua,
789 1431 834 1474 et
874 1437 973 1474 non
1005 1423 1213 1491 fuerunt
1258 1434 1501 1473 memores
1546 1420 1888 1474 multitudinis

303 1513 669 1568 misericordite
700 1523 819 1577 tute,
866 1525 912 1565 et
954 1512 1279 1565 irritaverant
1323 1511 1647 1565 ascendentes
1694 1512 1748 1565 in
1775 1510 1886 1564 Ru-

304 1605 450 1659 brum
478 1621 639 1658 mare.
672 1605 785 1659 Duo
810 1612 1075 1672 suntquae
1100 1602 1362 1657 beneﬁcia
1394 1603 1587 1657 donata
1617 1618 1888 1663 commen-

298 1697 454 1764 dant,
510 1698 820 1752 intellectus
867 1704 923 1751 et
968 1696 1264 1760 memoria;
1309 1696 1451 1765 quod
1500 1702 1785 1764 utrumque
1832 1695 1884 1749 in

1991 511 2273 555 noverunt.
2304 500 2568 554 Siccatum
2602 513 2747 553 mare
2772 513 2876 552 non
2909 512 3005 566 pro
3032 498 3376 555 universitate
3404 498 3567 555 debe-

1989 607 2106 647 mus
2136 593 2404 661 accipere,
2434 593 2525 647 sed
2551 600 2752 646 tantum
2778 601 3033 662 quantum
3057 593 3162 647 illis
3192 594 3293 649 iter
3315 596 3564 662 aperiret.

1989 684 2120 737 Nam
2181 684 2297 752 plus
2345 683 2469 738 inde
2522 684 2836 738 miraculum
2883 684 2979 738 luit
3035 694 3092 737 ut
3141 686 3296 739 undae
3352 686 3565 754 liquidae

1989 773 2184 827 excisis
2216 772 2475 827 lateribus
2518 773 2907 839 constitissent,
2960 787 3056 827 nec
3087 773 3280 829 ﬂuenta
3312 774 3561 837 ﬂuerent,

1989 863 2082 917 sed
2116 864 2373 917 montium
2411 863 2635 932 quadam
2670 865 2918 917 ﬁrmitate
2967 864 3341 919 consisterent.
3376 864 3559 933 Sequi-

1991 964 2092 1019 tur,
2127 963 2172 1007 et
2195 954 2404 1007 deduxit
2432 970 2515 1007 eos
2543 955 2597 1008 in
2625 955 2769 1025 aquis
2794 954 2963 1007 multis
2986 955 3114 1007 sicut
3144 954 3198 1007 in
3227 954 3443 1009 deserto.
3468 954 3564 1008 De-

1988 1052 2176 1098 sertum
2205 1054 2285 1100 est
2316 1045 2544 1099 maxime
2576 1044 2714 1113 quod
2746 1058 3000 1113 aquarum
3044 1043 3387 1099 inundatione
3410 1045 3564 1100 dese-

1991 1137 2145 1199 ritur,
2195 1146 2251 1191 ut
2292 1136 2494 1190 nullum
2526 1136 2597 1189 ibi
2626 1135 2821 1189 animal
2863 1136 3032 1204 possit
3062 1134 3301 1190 habitare
3330 1135 3564 1203 periculo

1990 1229 2247 1283 siccitatis
2265 1229 2519 1298 ingenito.
2541 1228 2729 1283 Educti
2759 1236 2883 1281 sunt
2909 1242 3036 1296 ergo
3060 1228 3267 1287 Hebraei
3292 1243 3385 1297 per
3410 1230 3564 1299 abys—

1991 1337 2109 1377 sum
2138 1331 2385 1392 tanquam
2420 1337 2514 1389 per
2550 1321 2667 1376 loca
2692 1321 2926 1389 deserta,
2964 1337 3079 1390 quae
3103 1321 3263 1375 nimia
3286 1323 3565 1377 sterilitate

1990 1415 2258 1469 siccantur
2289 1431 2302 1469 :
2333 1414 2622 1469 ostendens
2643 1414 2896 1484 quoniam
2919 1415 2995 1469 sic
3017 1415 3161 1468 aruit
3188 1414 3272 1468 illa
3295 1415 3376 1467 via
3402 1415 3565 1469 ﬁnem

1992 1515 2188 1573 torum,
2222 1513 2280 1559 ut
2322 1519 2490 1575 usque
2542 1505 2606 1558 ad
2654 1505 2753 1558 iter
2786 1504 3045 1574 potuisset
3071 1506 3353 1574 pervenire
3388 1504 3566 1573 pulve-

1992 1613 2137 1652 reum
2148 1614 2167 1652 .”

2068 1689 2216 1743 Vers.
2249 1687 2336 1743 10.
2371 1687 2437 1742 Et
2468 1687 2698 1742 liberavit
2738 1703 2821 1741 eos
2864 1688 2929 1740 de
2974 1703 3128 1741 manu
3177 1687 3478 1749 odientium,
3520 1695 3566 1738 et

304 1787 525 1855 perﬁdis
555 1786 721 1843 fuisse
741 1788 1054 1856 denegatur.
1084 1785 1205 1838 Non
1232 1787 1613 1855 intellexerunt,
1637 1787 1888 1856 pulcher-
1921 1770 1966 1829 B
1995 1779 2203 1833 redemit
2247 1795 2329 1834 eos
2358 1780 2421 1832 de
2465 1795 2621 1831 manu
2663 1777 3009 1831 inimicorum.
3043 1777 3293 1844 Quamvis
3338 1784 3482 1831 esset
3513 1783 3567 1829 et

299 1877 439 1931 rima
463 1876 734 1931 locutione
753 1877 1019 1946 signatum
1038 1885 1141 1932 est.
1166 1876 1428 1932 Videbunt
1449 1878 1591 1933 enim
1616 1877 1884 1948 praestari;

297 1968 397 2023 sed
423 1984 528 2038 qua
555 1983 717 2022 causa
745 1968 916 2035 ﬁeret,
950 1983 1056 2023 non
1093 1968 1158 2023 ab
1187 1969 1265 2025 eis
1296 1970 1621 2039 probabatur
1649 1970 1885 2040 agnosci.

296 2056 437 2110 Nam
462 2056 649 2112 decem
675 2059 840 2126 plagis
860 2061 1097 2125 percussi
1115 2066 1241 2113 sunt
1261 2058 1519 2129 Egyptii,
1548 2068 1603 2114 ut
1625 2058 1889 2128 Decalogo

296 2149 488 2203 futuro
546 2149 894 2204 Hebraeorum
944 2164 1075 2219 gens
1119 2150 1314 2205 devota
1371 2151 1620 2207 serviret.
1673 2151 1887 2205 Dimissi

293 2247 435 2294 sunt
472 2254 504 2292 a
557 2239 854 2304 Pharaone,
911 2248 968 2294 ut
1014 2248 1070 2295 et
1124 2241 1197 2294 illi
1228 2242 1595 2310 relinquerent
1622 2242 1886 2306 diabolum

292 2344 427 2383 cum
456 2330 736 2383 ministris.
769 2328 875 2384 Sed
907 2329 982 2384 illi
1012 2329 1299 2385 carnaliter
1325 2345 1444 2400 quae
1480 2338 1630 2399 gesta
1659 2340 1780 2385 sunt
1812 2332 1888 2386 in-

296 2427 557 2484 tuentes,
607 2419 900 2488 spiritualis
952 2420 1142 2488 gratire
1187 2420 1406 2475 minime
1437 2421 1653 2490 praemia
1692 2423 1886 2487 quaesi-

296 2522 523 2567 verunt.
576 2512 698 2567 Non
747 2514 955 2579 fuerunt
1003 2523 1180 2569 autem
1236 2532 1480 2569 memores
1532 2517 1890 2571 misericordia:

296 2608 544 2674 Domini,
572 2607 786 2677 quando
812 2608 1059 2662 videntes
1092 2607 1384 2663 Pharaonis
1415 2609 1706 2663 exercitum
1734 2619 1888 2665 ante-

294 2712 465 2766 quam
517 2712 663 2752 mare
702 2696 939 2752 Rubrum
982 2697 1334 2765 divideretur,
1364 2698 1650 2754 credebant
1679 2714 1737 2754 se
1761 2715 1889 2755 eva-

295 2787 469 2842 dendi
502 2787 741 2841 subsidia
791 2788 1118 2857 perdidisse;
1165 2797 1221 2844 et
1249 2798 1435 2844 contra
1482 2790 1697 2859 Moysen
1728 2792 1889 2846 locuti

294 2889 433 2934 sunt
482 2880 683 2933 melius
741 2879 842 2934 sibi
904 2879 1067 2934 fuisse
1121 2879 1255 2935 duro
1305 2880 1583 2950 suhjacere
1640 2883 1886 2949 servitio,

293 2984 465 3040 quam
498 2976 605 3023 tota
637 2984 768 3040 gens
798 2970 974 3039 perire
1008 2968 1272 3038 potuisset
1306 2970 1357 3023 in
1390 2984 1593 3025 eremo.
1620 2971 1744 3026 Post
1777 2973 1891 3027 haec

294 3076 647 3131 consequens
677 3062 804 3128 fuit,
837 3071 893 3116 ut
936 3062 1200 3115 irritarent
1234 3061 1517 3115 Dominum
1567 3064 1891 3119 ascendentes

1994 1872 2095 1927 hoc
2120 1872 2461 1937 beneﬁcium,
2494 1871 2539 1925 si
2569 1886 2663 1926 eos
2692 1870 2760 1926 de
2792 1878 3055 1940 potestate
3076 1871 3248 1924 aliena
3277 1870 3561 1934 liberaret,

1993 1975 2169 2019 tamen
2201 1965 2350 2019 auxit
2376 1964 2614 2018 muneris
2643 1962 2992 2033 quantitatem
3021 1961 3270 2027 dicendo,
3318 1962 3381 2014 de
3409 1977 3566 2015 manu

1987 2053 2304 2119 odicntium;
2350 2054 2538 2122 quibus
2586 2054 2767 2123 utique
2829 2066 3050 2122 parcere
3109 2067 3214 2106 non
3280 2060 3561 2121 poterant,

1990 2158 2121 2213 quos
2143 2145 2448 2199 immaniter
2470 2143 2815 2214 impz-tebant.
2839 2144 3139 2198 llorrebant
3166 2143 3323 2212 plane
3346 2151 3565 2212 propter

1990 2251 2124 2305 quos
2147 2244 2202 2291 et
2230 2244 2402 2290 tantas
2431 2236 2613 2305 plagas
2643 2243 3008 2302 susceperant,
3039 2243 3094 2288 et
3123 2249 3303 2288 rerum
3348 2249 3563 2289 suarum

1991 2327 2282 2383 amissione
2314 2327 2678 2397 privabantur.
2714 2325 3031 2396 lntclligitur
3060 2327 3219 2379 etiam
3251 2325 3317 2379 de
3344 2325 3561 2394 conspi-

1992 2431 2106 2477 rata
2136 2422 2438 2477 daemonum
2480 2420 2731 2486 cohorte,
2788 2434 2906 2487 quae
2939 2417 3227 2471 humanum
3275 2432 3442 2488 genus
3471 2416 3565 2472 sti-

1992 2513 2137 2567 mulo
2161 2521 2493 2582 peccatorum
2522 2520 2576 2567 et
2601 2511 2785 2565 oditet
2818 2510 3066 2579 percutit.
3100 2508 3374 2578 Sequitur,
3407 2516 3453 2560 et
3476 2524 3558 2561 re-

1991 2604 2142 2657 demit
2170 2619 2255 2657 eos
2308 2603 2371 2656 de
2398 2618 2555 2655 manu
2608 2602 2949 2655 inimicorum.
2984 2601 3095 2654 Hoc
3142 2600 3185 2654 si
3235 2600 3300 2652 ad
3335 2600 3561 2654 litteram

1992 2696 2125 2751 velis
2170 2696 2436 2764 accipere,
2464 2711 2568 2749 non
2615 2695 2827 2750 videtur
2873 2708 3033 2764 posse
3061 2707 3386 2762 congruere;
3420 2708 3563 2754 nam,

1993 2793 2051 2840 ut
2081 2786 2337 2841 liberaret
2369 2785 2644 2850 llebra'os,
2696 2786 2897 2839 nullum
2926 2784 3190 2856 Egyptiis
3218 2785 3446 2854 pretium
3472 2786 3567 2839 de-

1992 2878 2091 2940 dit,
2115 2878 2306 2948 quibus
2336 2878 2504 2944 magis
2530 2892 2626 2945 pro
2649 2890 2741 2931 sua
2773 2879 3105 2931 centutnacia
3134 2877 3405 2946 plagarum
3432 2876 3566 2930 dua

1992 2970 2302 3040 geminavit.
2334 2968 2438 3024 Sed
2472 2968 2573 3023 hoc
2612 2966 2907 3038 prophetia:
2936 2967 3127 3035 Spiritu
3148 2966 3347 3021 dictum
3377 2967 3564 3020 creda-

1996 3075 2117 3117 mus
2167 3060 2234 3115 de
2282 3060 2614 3129 temporibus
2660 3056 3001 3123 Christianis,
3055 3056 3264 3126 quando
3312 3056 3568 3110 Dominus

296 3152 353 3205 in
378 3151 619 3205 Rubrum
641 3167 802 3216 mare,
834 3142 1047 3221 quando
1069 3166 1174 3206 non
1198 3151 1543 3207 crediderunt
1573 3168 1729 3222 pesse
1752 3153 1889 3221 ﬁeri,
1919 3138 1963 3199 Ο
1998 3152 2241 3207 Salvator
2271 3158 2576 3221 peccatores
2623 3150 2883 3205 obnoxios
2920 3148 3159 3219 pretioso
3189 3148 3445 3217 sanguine
3471 3162 3568 3202 suo

296 3245 451 3315 quod
492 3246 612 3315 ejus
654 3246 945 3301 audiebant
996 3246 1442 3316 omnipotentiam
1499 3247 1761 3316 polliceri.
1814 3246 1888 3302 Ita

298 3333 508 3389 factum
541 3342 645 3399 est,
699 3342 759 3389 ut
814 3349 912 3389 nec
966 3334 1326 3404 intelligerent
1370 3336 1619 3391 virtutem
1657 3336 1884 3403 Domini,

296 3439 408 3481 nec
454 3425 570 3494 ejus
622 3425 877 3480 beneﬁcia
924 3425 1119 3481 devota
1167 3433 1348 3482 mente
1393 3427 1704 3482 retinerent.
1748 3429 1890 3485 Bene

296 3526 503 3571 autem
517 3516 746 3584 positum
766 3502 868 3581 est,
898 3518 1242 3585 irritaverant,
1263 3518 1413 3587 quasi
1442 3534 1535 3589 per
1565 3534 1625 3575 se
1651 3520 1886 3589 quietum

298 3615 471 3676 atque
526 3607 825 3675 placatum,
882 3608 1150 3663 infensum
1201 3618 1257 3664 et
1314 3609 1626 3665 iracundum
1675 3612 1890 3667 sibimet

299 3697 682 3753 reddiderunt.
708 3699 1046 3754 Ascendentes
1076 3688 1261 3755 autem,
1300 3702 1352 3753 in
1384 3699 1611 3753 Rubrum
1632 3717 1786 3767 mare,
1810 3701 1890 3756 di-

297 3799 453 3842 ctum
499 3795 709 3842 constat
736 3787 1001 3858 positione
1037 3798 1301 3843 terrarum
1336 3807 1348 3840 :
1383 3788 1638 3858 quoniam
1679 3790 1888 3845 cunctis

297 3878 622 3949 regionibus
673 3879 939 3949 Egyptus
987 3879 1296 3949 perhibetur
1347 3877 1622 3945 humilior,
1656 3889 1711 3935 et
1764 3881 1888 3937 inde

298 3967 647 4021 discedentes
675 3968 789 4021 loca
818 3979 997 4036 petere
1021 3968 1120 4022 visi
1151 3976 1275 4021 sunt
1300 3966 1511 4022 altiora.

381 4058 539 4112 Vers.
596 4059 649 4113 8.
703 4057 769 4110 Et
800 4058 1133 4114 liberariteos
1175 4068 1377 4131 prapter
1407 4076 1587 4116 nomen
1613 4078 1779 4129 suum,
1832 4074 1887 4119 ut

298 4161 483 4204 notam
512 4152 699 4221 faceret
732 4153 1021 4218 potentiam
1065 4169 1233 4205 suam.
1268 4153 1522 4219 Dicendo,
1554 4166 1756 4225 propter
1796 4173 1887 4211 no-

298 4258 420 4293 men
450 4258 622 4304 suum,
652 4242 936 4312 designare
968 4242 1097 4296 mihi
1148 4242 1361 4298 videtur
1390 4243 1671 4299 Dominum
1699 4247 1884 4300 Salva-

297 4346 501 4400 torem,
532 4336 682 4404 cujus
707 4336 963 4391 vocabulo
984 4337 1237 4391 convenit
1260 4337 1468 4393 salvare
1495 4339 1879 4407 periclitantes.

298 4428 449 4483 Deus
477 4429 623 4481 enim
672 4429 887 4498 quando
919 4428 1110 4483 liberat
1139 4438 1478 4499 peccatores,
1512 4446 1618 4485 non
1668 4441 1884 4502 propter

1994 3255 2021 3295 a
2054 3240 2249 3295 diaboli
2280 3240 2503 3295 redemit
2529 3239 2773 3309 imperio.

2072 3330 2221 3386 Vers.
2254 3331 2340 3386 11.
2378 3331 2442 3384 Et
2471 3332 2668 3397 operuit
2698 3347 2831 3400 aqua
2859 3329 3157 3385 tribulantes
3199 3345 3322 3385 eos:
3351 3345 3481 3383 unus
3506 3343 3568 3383 ex

1993 3423 2065 3476 eis
2108 3437 2211 3475 non
2253 3421 2517 3495 remansit.
2565 3420 2674 3474 lloc
2704 3420 2916 3490 quidem
2938 3420 3003 3473 ad
3038 3420 3261 3474 litteram
3293 3418 3408 3472 sine
3432 3434 3563 3473 con-

1996 3512 2251 3567 troversia
2288 3512 2499 3566 videtur
2530 3509 2771 3580 intelligi,
2833 3512 2954 3578 quia
3001 3516 3124 3564 nota
3166 3518 3248 3564 est
3296 3510 3344 3562 in
3377 3508 3567 3564 Exodo

1994 3610 2411 3660 commemorata
2441 3602 2754 3672 descriptio.
2787 3601 2983 3657 Verum
3012 3617 3143 3655 unus
3171 3617 3233 3654 ea:
3272 3601 3344 3655 eis
3372 3616 3471 3653 non
3490 3617 3570 3654 rc-

1993 3697 2202 3764 mansit,
2230 3710 2336 3750 non
2360 3696 2424 3749 ad
2450 3695 2749 3750 universam
2773 3693 3141 3765 Egyptiorum
3168 3702 3378 3763 gentem
3403 3693 3569 3762 respi-

1992 3789 2089 3854 cit,
2121 3787 2216 3842 sed
2247 3797 2447 3841 tantum
2480 3787 2546 3840 ad
2599 3786 2995 3855 insequentium
3032 3786 3422 3840 multitudinem
3454 3794 3567 3840 ten-

1991 3876 2091 3942 dit,
2125 3889 2247 3945 quae
2278 3875 2353 3929 ibi
2381 3890 2549 3944 usque
2575 3874 2642 3927 ad
2681 3874 2962 3927 minimum
2994 3874 3249 3942 probatur
3278 3874 3563 3927 exstincta.

1993 3967 2377 4022 Bemanserant
2396 3966 2536 4019 enim
2555 3964 2618 4018 de
2636 3963 2921 4033 Egyptiis,
2938 3965 3025 4032 qtti
3046 3964 3353 4017 laetarentur
3374 3962 3424 4015 in
3449 3977 3568 4029 pro-

1990 4057 2218 4113 fectione
2265 4070 2476 4121 eorum,
2529 4056 2669 4110 sicut
2719 4055 2771 4108 in
2821 4054 3025 4123 psalmo
3078 4054 3352 4122 superiore
3390 4054 3564 4107 dixit:

1990 4147 2187 4203 Ltetata
2203 4154 2277 4200 est
2310 4143 2570 4215 XEgyptus
2598 4145 2650 4198 in
2677 4143 2988 4215 profectione
3018 4158 3222 4210 eorum;
3253 4141 3346 4197 sed
3371 4142 3446 4197 illi
3468 4142 3567 4196 sci-

1993 4242 2119 4297 licet
2147 4241 2234 4311 qui
2268 4242 2317 4294 in
2347 4253 2473 4294 casu
2499 4237 2659 4291 simili
2692 4250 2797 4290 non
2825 4235 3053 4289 luerunt.

2069 4334 2223 4389 Vers.
2258 4331 2343 4385 12.
2379 4331 2449 4385 Et
2481 4330 2804 4385 crediderunt
2842 4330 2896 4381 in
2921 4329 3079 4381 verbis
3100 4330 3232 4399 ejus,
3257 4334 3302 4380 et
3327 4334 3565 4380 cantare-

1988 4433 2108 4478 runt
2141 4423 2317 4477 laudes
2346 4424 2475 4493 ejus.
2503 4421 2629 4476 Post
2656 4420 2967 4475 miraculum
2995 4420 3099 4475 tale
3128 4418 3373 4483 dicendo,
3402 4418 3565 4471 credi-

294 4518 498 4573 mcrita
527 4533 711 4573 eorum
759 4528 996 4589 prmstat,
1038 4520 1131 4575 sed
1165 4531 1380 4591 propter
1412 4524 1641 4577 nominis
1680 4524 1760 4578 sui
1792 4538 1884 4593 ρο-
1914 4519 1965 4577 D
1991 4518 2197 4579 derunt,
2248 4513 2494 4568 duritiam
2526 4512 2703 4567 cordis
2747 4512 3099 4581 demonstrat,
3139 4511 3279 4582 quod
3310 4527 3412 4565 non
3442 4519 3565 4565 ante

295 4607 528 4662 tentiam
553 4608 1054 4675 demonstrandam;
1088 4619 1145 4665 ut
1173 4612 1288 4680 pius
1310 4612 1588 4668 evidenter
1608 4624 1883 4683 appareat,

292 4700 341 4753 si
376 4700 660 4755 immeritis
684 4702 942 4757 beneﬁcia
975 4703 1119 4773 larga
1147 4704 1425 4759 concedat.
1457 4705 1609 4771 Quod
1641 4706 1782 4760 cnim
1805 4707 1885 4760 di-

292 4791 397 4857 cit,
433 4800 608 4844 notam
651 4791 769 4860 fecit
800 4795 1079 4863 potentiam
1109 4810 1277 4861 suam,
1312 4809 1418 4848 non
1448 4796 1751 4850 carnalibus
1780 4796 1885 4849 uti-

292 4900 409 4953 que
430 4884 620 4948 oculis,
651 4883 745 4939 sed
766 4884 1030 4953 spirituali
1054 4885 1376 4955 cogitatione
1397 4884 1717 4941 videntibus.
1751 4889 1881 4941 Nam

296 4977 343 5030 si
378 4974 629 5030 omnibus
650 4986 821 5029 notam
847 4976 1066 5045 fecisset,
1098 4988 1430 5044 nequaquam
1463 4974 1628 5030 durus
1658 4978 1884 5046 populus

293 5071 369 5124 de
400 5067 777 5123 incredulitate
806 5077 1100 5137 peccasset.

382 5159 533 5215 Vers.
565 5160 617 5213 9.
656 5158 721 5214 Et
751 5160 1027 5228 increpavit
1057 5174 1197 5212 mare
1223 5157 1473 5223 Rubrum,
1502 5168 1551 5212 et
1577 5160 1883 5213 exsiccatum

286 5253 373 5302 est
395 5262 414 5312 ;
436 5256 483 5301 et
515 5247 725 5300 deduxit
757 5261 839 5300 eos
862 5247 912 5299 in
940 5246 1085 5315 aquis
1112 5245 1285 5298 multis
1320 5245 1449 5298 sicut
1477 5245 1529 5298 in
1553 5246 1771 5299 deserto.
1800 5246 1884 5299 ln-

291 5340 669 5407 crepationem
703 5338 907 5392 vocavit
936 5338 1202 5392 occultum
1229 5335 1532 5391 Divinitatis
1562 5336 1841 5404 imperium
1867 5352 1881 5389 :

290 5430 427 5500 quia
472 5446 621 5485 mare
649 5430 703 5485 in
738 5429 921 5483 Exodo
972 5444 1106 5484 voce
1140 5428 1349 5485 Domini
1399 5443 1656 5498 nusquam
1690 5429 1885 5499 legitur

288 5527 652 5594 increpatum.
690 5523 810 5594 Agit
833 5524 976 5579 enim
1006 5523 1098 5577 ille
1126 5522 1350 5577 occultis
1381 5522 1612 5577 motibus
1634 5521 1881 5575 universa

286 5632 421 5685 qua:
450 5615 711 5685 prrecipit,
753 5622 807 5668 et
835 5614 986 5683 quasi
1018 5613 1084 5667 ad
1130 5613 1407 5668 audientes
1456 5612 1712 5682 loquitur,
1761 5626 1879 5681 quae

283 5723 515 5763 sensum
560 5724 662 5762 non
697 5706 889 5763 habent
937 5706 1268 5762 attributum.
1301 5705 1467 5761 Tanta
1516 5706 1661 5761 enim
1709 5703 1877 5760 virtus

1996 4616 2244 4662 eventum
2268 4607 2368 4667 rei,
2398 4606 2490 4659 sed
2522 4611 2644 4673 post
2671 4602 2918 4657 eﬁ‘ectum
2943 4603 3323 4657 miraculorum
3347 4601 3567 4656 credere

1995 4700 2313 4755 maluerunt.
2348 4697 2479 4752 Nam
2522 4696 2621 4752 etsi
2664 4696 2859 4751 bonum
2893 4696 2964 4748 sit
3005 4695 3135 4749 visis
3162 4694 3321 4748 rebus
3354 4696 3563 4762 aequie«

1992 4809 2166 4863 scere,
2220 4794 2391 4848 multo
2440 4792 2632 4846 melius
2680 4790 2942 4861 promissa
2992 4787 3303 4852 credidisse,
3337 4788 3473 4840 sicut
3517 4788 3568 4840 in

1992 4883 2281 4954 Evangelio
2306 4881 2529 4936 Thomte
2552 4880 2681 4935 dicit
2706 4897 2717 4932 :
2752 4879 2885 4943 Quia
2912 4877 3079 4930 uidisti
3103 4875 3362 4928 credidisti
3392 4891 3408 4927 :
3438 4875 3571 4927 beati

1992 4976 2078 5043 qui
2105 4992 2205 5029 non
2234 4974 2468 5028 uiderunt
2496 4981 2545 5027 et
2566 4971 2889 5025 crediderunt
2916 4969 3100 5034 (Jaan.
3130 4983 3220 5033 xx,
3254 4967 3369 5035 ‘29).
3418 4966 3566 5033 Quod

1992 5081 2118 5124 vero
2147 5064 2372 5129 addidit,
2401 5073 2449 5119 et
2474 5071 2805 5117 cantaverunt
2828 5062 3007 5114 laudes
3034 5060 3166 5129 ejus,
3214 5058 3467 5128 hymnum
3500 5057 3572 5108 si-

1990 5158 2207 5228 gniﬁcat
2249 5156 2417 5211 Exodi
2465 5153 2554 5224 qui
2600 5154 2676 5206 ait
2710 5169 2723 5205 :
2757 5152 3027 5206 Cantemus
3066 5148 3308 5212 Domino,
3356 5146 3570 5216 gloriose

1992 5248 2127 5302 enim
2172 5245 2537 5313 Itonoriﬁcatus
2577 5252 2648 5298 est
2675 5242 2875 5315 (Exod.
2920 5256 3008 5304 xv,
3044 5239 3117 5311 l),
3146 5248 3201 5291 et
3224 5245 3416 5291 caetera
3451 5252 3569 5303 qua:

1994 5341 2248 5396 llebra-us
2294 5338 2519 5409 populus
2565 5346 2782 5407 peracto
2832 5333 3092 5389 miraculo
3140 5346 3327 5401 magna
3384 5330 3566 5383 exsul-

1993 5432 2198 5487 tatione
2227 5432 2489 5493 cantavit,
2524 5429 2662 5484 sicut
2694 5428 2744 5483 in
2775 5428 2909 5483 tituli
2932 5425 3269 5495 expositione
3294 5432 3565 5476 narratum

1987 5529 2090 5579 est.

2063 5612 2213 5668 Vers.
2245 5612 2331 5667 15.
2358 5611 2472 5665 Cito
2502 5610 2752 5678 fecemnt,
2794 5619 2840 5663 et
2881 5608 3020 5661 obliti
3048 5617 3161 5662 sunt
3187 5622 3393 5676 operum
3420 5609 3568 5677 ejus;

1988 5720 2091 5759 non
2146 5703 2492 5758 sustinuerunt
2550 5701 2818 5756 consilium
2865 5705 2994 5773 ejus.
3048 5702 3203 5758 Venit
3249 5699 3315 5753 ad
3360 5701 3568 5754 tertiam
