3966 6172
502 317 604 372 759

1718 315 1786 370 .u.
1833 312 2111 370 AURELll
2151 311 2548 370 CASSIODORI
3608 327 3698 389 760

507 432 884 487 narrationem.
918 429 1033 483 Cito
1062 428 1317 492 fecerunt;
1343 438 1405 481 ac
1426 426 1471 480 si
1499 425 1729 493 diceret,
1763 442 1972 481 summa
2000 441 2086 481 ce-
2116 428 2163 485 Α
2192 426 2313 496 quia
2346 438 2557 484 terrena
2588 436 2902 498 sapuerunt,
2952 436 3010 485 ut
3037 429 3149 501 ipsa
3191 444 3355 501 poena:
3380 436 3582 505 qualitas
3605 456 3702 499 see-

505 523 718 579 Ieritato
748 520 933 575 mutati
960 527 1117 584 sunt,
1149 527 1207 573 ut
1236 517 1327 588 qui
1353 517 1539 573 laudes
1573 519 1798 573 Domino
1828 517 1896 573 de
1924 518 2088 573 colla-

514 616 584 669 tis
615 612 950 666 mirabilibus
977 610 1262 673 canebant,
1297 609 1456 678 paulo
1488 617 1606 678 post
1632 618 1817 664 contra
1848 625 1968 664 eum
1992 624 2088 664 nc-

509 703 694 757 laudas
717 700 1167 755 murmurationes
1195 708 1547 755 assumerent.
1580 699 1703 754 Non
1742 701 2089 754 sustinuerunt

506 794 778 847 consilium
807 796 937 858 eius,
970 794 1183 862 quando
1232 794 1380 861 prius
1432 800 1801 863 conceperant
1831 793 2086 862 despera-

509 884 728 947 tionem,
779 899 934 953 quam
986 884 1103 953 ejus
1154 894 1333 953 parata
1392 885 1651 940 beneﬁcia
1694 887 2087 955 provenissent.

512 973 779 1027 Dominus
798 974 964 1037 enim,
998 974 1084 1041 qui
1117 988 1209 1028 cos
1242 974 1565 1028 liberaverat
1598 975 1791 1029 talibus
1825 975 2090 1044 tantisque

513 1068 809 1131 miraculis,
861 1068 1059 1120 nullam
1092 1082 1185 1121 eos
1217 1068 1523 1121 vietualium
1556 1084 1733 1123 rerum
1763 1082 1955 1137 passus
1980 1069 2092 1124 tuc-

512 1169 595 1214 rat
632 1160 908 1228 penuriam
935 1161 1218 1212 sustinere.
1248 1160 1352 1214 Sed
1383 1161 1458 1214 illi
1509 1160 1935 1229 anticipaveruut
1963 1176 2093 1215 con-

513 1253 693 1307 silium
744 1266 1071 1321 supernum,
1126 1253 1215 1320 qui
1268 1252 1384 1321 ejus
1441 1253 1729 1307 noluerunt
1779 1263 2092 1322 exspectare

514 1340 861 1410 dispositum;
916 1356 1066 1396 more
1119 1340 1418 1411 fragilitatis
1469 1341 1746 1406 humana},
1798 1358 1915 1412 qua:
1966 1344 2090 1397 dum

512 1436 611 1489 sibi
636 1435 795 1489 nimia
819 1435 1164 1489 festinatione
1188 1435 1467 1503 providere
1495 1445 1664 1505 putat,
1691 1437 1901 1493 incaute
1924 1438 2095 1505 dispo-

511 1525 761 1579 sitionem
798 1526 1101 1580 Divinitatis
1127 1527 1397 1594 anticipat.

586 1616 734 1670 Vers.
763 1618 848 1670 M.
880 1616 942 1669 Et
960 1619 1318 1685 concupierunt
1339 1620 1772 1688 concupiscentias
1794 1620 1845 1671 in
1871 1621 2088 1684 deserto,

509 1716 553 1759 et
586 1716 902 1761 tentaveruut
936 1705 1097 1761 Deum
1134 1708 1183 1759 iu
1231 1709 1479 1762 siccitate.
1514 1709 1623 1763 Hoc
1649 1718 1767 1764 erat
1800 1710 1939 1778 quod
1967 1726 2093 1765 con-

2193 518 2360 573 lerata
2389 520 2526 574 facta
2564 528 2805 576 testetur.

2268 609 2421 665 Vers.
2477 612 2561 666 18.
2593 611 2661 665 Et
2707 613 2899 667 exarsit
2941 614 3073 683 ignis
3120 615 3172 667 in
3197 632 3445 688 synagoga
3481 637 3707 689 comma

2193 700 2405 767 flamma
2444 702 2717 756 combussit
2746 713 3056 772 peccatores.
3086 705 3195 760 lloc
3237 707 3419 763 factum
3464 723 3539 767 est
3579 730 3711 783 supra

2202 790 2464 845 ducentos
2490 792 2879 861 quinquaginta
2912 796 3200 863 compliccs
3228 798 3421 853 Datltan
3448 812 3494 855 et
3523 803 3708 872 Abiron,

2194 883 2284 951 qui
2308 896 2494 937 eorum
2526 884 2813 941 infeliciter
2840 897 2962 940 vota
3005 888 3177 942 secuti
3227 899 3363 953 sunt,
3396 902 3448 944 ut
3486 893 3712 950 tlturibula

2198 982 2380 1030 tenere
2412 986 2817 1045 praesumerent,
2870 980 3011 1048 quod
3042 980 3181 1035 idem
3210 980 3545 1037 Numerorum
3572 993 3714 1041 textus

2195 1068 2464 1137 eloquitur
2498 1069 2686 1139 (Num.
2720 1086 2828 1138 xvr,
2871 1071 2988 1141 5.3).
3038 1072 3313 1143 Synagoga
3357 1088 3476 1128 vero
3518 1076 3593 1131 hic
3632 1094 3715 1132 non

2200 1158 2455 1226 templum
2507 1160 2790 1229 significat,
2849 1162 2943 1216 sed
2994 1162 3387 1230 adunatiouem,
3419 1182 3560 1234 quant
3590 1183 3714 1234 peru-

2198 1260 2334 1305 stam
2374 1252 2561 1305 divino
2586 1261 2798 1307 constat
2824 1253 3093 1323 incendio,
3124 1265 3178 1307 ut
3211 1255 3295 1321 qui
3328 1255 3376 1309 in
3409 1256 3591 1311 incensi
3612 1274 3715 1326 ιπερ-

2198 1342 2501 1412 sumptione
2522 1352 2895 1413 peccaverant,
2920 1346 3127 1399 ctelrsti
3157 1345 3366 1398 ﬂamma
3386 1359 3717 1403 cremarentur.

2200 1432 2323 1487 ldeo
2351 1434 2495 1487 enim
2526 1433 2761 1500 addidit,
2808 1452 3005 1500 eorum,
3038 1446 3098 1491 nt
3123 1452 3243 1490 eam
3270 1452 3297 1491 a
3347 1440 3526 1507 popqu
3555 1439 3717 1495 Domini

2197 1530 2497 1590 separatam
2528 1523 2693 1581 fuisse
2720 1526 2970 1582 sentires.
3020 1526 3264 1581 Flamma
3296 1544 3417 1584 vero
3443 1530 3570 1584 dicta
3595 1539 3663 1586 est
3697 1546 3719 1587 a

2198 1612 2408 1682 ﬂagello
2434 1630 2708 1670 comarum
2730 1633 2968 1672 suarum.

2272 1704 2425 1760 Vers.
2458 1707 2544 1761 19.
2579 1706 2645 1761 Et
2689 1709 2915 1777 fecerunt
2942 1710 3157 1763 vitulum
3187 1711 3242 1763 in
3272 1709 3438 1764 Horeb
3461 1710 3618 1782 [mss.,
3644 1710 3722 1765 Co-

507 1798 686 1851 silium
733 1801 851 1867 ejus
882 1800 1098 1853 minime
1136 1800 1529 1864 sustinuerunt,
1581 1811 1636 1853 ut
1666 1801 1718 1853 in
1751 1801 1965 1855 deserto
1992 1816 2085 1856 co-
2120 1810 2167 1869 Β
2194 1795 2335 1868 reb].
2370 1806 2415 1850 et
2439 1800 2783 1853 adoraverunt
2821 1802 3076 1868 sculptile.
3109 1801 3227 1857 Hoc
3254 1818 3457 1872 quoque
3489 1806 3726 1859 notissima

509 1890 825 1944 ntestionem
878 1891 977 1945 sub
1006 1890 1297 1943 difﬁdentia
1353 1899 1616 1959 peterent,
1674 1900 1729 1946 et
1758 1906 1947 1961 aquam
1988 1890 2088 1945 sibi

508 1982 621 2035 dari
674 1982 773 2037 sub
804 1983 1318 2037 murmurationihus
1351 1984 1730 2051 postulassent.
1770 1986 1931 2055 362
1960 1986 2089 2051 Quae.

509 2075 670 2144 ﬁgura
697 2075 893 2130 dicitur
921 2077 1228 2139 cacozelon,
1262 2076 1310 2131 id
1339 2086 1421 2131 est
1450 2078 1585 2132 mala
1617 2078 1909 2144 affectatio,
1955 2093 2089 2147 quo-

509 2169 608 2221 ties
641 2167 908 2236 ingenium
937 2167 1137 2236 judicio
1168 2176 1334 2233 caret,
1364 2179 1418 2223 et
1449 2184 1543 2238 Spe
1574 2170 1696 2223 boni
1728 2168 1927 2223 fallitur
1956 2186 2089 2239 prac-

506 2259 721 2327 cipitata
773 2259 1049 2314 velocitas.
1084 2259 1461 2327 Concupieruut
1497 2268 1675 2314 autem
1722 2261 2086 2328 concupiscen-

506 2353 622 2402 tias.
650 2347 827 2404 Genus
866 2352 966 2404 hoc
996 2350 1281 2405 locutionis
1318 2353 1367 2404 in
1404 2352 1697 2419 Scripturis
1744 2355 1942 2408 sanctis
1972 2368 2087 2408 om-

510 2443 635 2494 nino
662 2442 1049 2496 creberrimum
1092 2451 1212 2508 est;
1266 2452 1322 2497 ut
1366 2454 1465 2509 est,
1503 2444 1770 2499 Desiderio
1800 2446 2088 2500 desideravi

508 2537 817 2589 manducare
846 2538 1098 2591 vobiscum
1126 2539 1318 2607 pascha
1343 2539 1494 2609 (Luc.
1528 2555 1660 2606 xxn,
1697 2539 1815 2609 15);
1849 2551 1901 2593 et
1935 2542 2086 2608 illud,

510 2627 608 2691 Qui
629 2628 949 2682 maledixerit
973 2632 1110 2698 patri
1131 2630 1205 2684 vel
1234 2632 1404 2695 matri,
1439 2641 1598 2685 morte
1622 2634 1865 2686 morietur
1891 2632 2083 2703 (Exod.

506 2733 613 2783 XXI,
644 2718 760 2787 l7);
785 2721 917 2787 sive,
939 2720 1207 2793 Castigans
1234 2725 1495 2794 castigavit
1528 2740 1605 2777 me
1630 2722 1882 2779 Dominus
1913 2725 2081 2795 (Psal.

504 2826 666 2877 cxvn,
710 2814 822 2878 18),
854 2825 909 2870 et
960 2816 1042 2869 his
1070 2818 1282 2871 similia.
1314 2819 1555 2873 Ostendit
1583 2821 1724 2875 enim
1756 2821 2085 2879 nimietatem

503 2904 754 2960 desiderii
790 2908 980 2976 positio
1020 2910 1283 2977 geminata
1317 2911 1615 2966 verborum.

574 2998 726 3052 Vers.
766 3000 851 3053 15.
880 2998 949 3052 Et
974 3001 1113 3055 dedit
1146 3004 1217 3056 cis
1249 3004 1515 3070 petitiones
1546 3002 1699 3075 [ωδε.
1728 3006 1814 3069 Α..
1853 3006 1937 3070 8.,
1962 3009 2088 3077 peti-

503 3089 711 3161 tionem]
748 3092 1014 3159 ipsorum;
1060 3102 1106 3147 et
1136 3096 1271 3147 misit
1309 3096 1625 3148 saturitatem
1668 3096 1720 3149 in
1770 3098 1970 3151 animas
2005 3114 2087 3151 eo-

2191 1888 2430 1943 historiae
2461 1892 2766 1945 narratione
2789 1892 3112 1956 declaratur,
3142 1894 3368 1963 quando
3398 1894 3551 1963 Moysi
3573 1894 3728 1949 absen-

2193 1981 2318 2036 tiam
2364 1982 2533 2037 Judzei
2567 1984 2785 2040 minime
2815 1985 3128 2053 tolerantes,
3182 1988 3493 2059 prodigiosa
3534 2002 3667 2041 sensu
3691 1990 3729 2046 in

2191 2073 2368 2129 lloreb
2397 2083 2578 2129 monte
2603 2075 2826 2141 deserti,
2858 2076 3013 2131 deum
3037 2078 3375 2133 metallicum
3402 2079 3598 2134 sibimet
3620 2076 3724 2133 etle-

2190 2176 2398 2221 ccrunt.
2440 2167 2545 2222 Sed
2578 2180 2780 2238 quanto
2812 2170 2941 2239 ipsis
2978 2169 3255 2239 jumentis
3283 2172 3562 2228 deteriores
3587 2180 3726 2236 erant,

2190 2259 2278 2327 qui
2311 2272 2409 2312 nec
2440 2260 2617 2313 vivum
2653 2274 2814 2328 pecus
2840 2262 3178 2315 aestimabant
3212 2263 3499 2317 irridendis
3525 2262 3726 2317 devotio-

2192 2350 2346 2403 nibus
2367 2349 2721 2404 adorandum!
2749 2350 2922 2405 lloreb
2952 2368 3080 2408 vero
3104 2354 3211 2407 inte
3233 2364 3489 2422 rpretatur
3505 2354 3725 2417 Calvaris,

2191 2442 2278 2495 ubi
2328 2454 2512 2509 pOSlea
2548 2443 2834 2497 Dominum
2867 2446 3042 2500 crucis
3074 2446 3325 2515 patibulo
3370 2464 3521 2503 carne
3560 2457 3727 2502 constat

2191 2532 2454 2598 occisum;
2490 2543 2545 2587 ut
2575 2534 2626 2588 in
2660 2535 2774 2602 ipso
2801 2536 3099 2605 eodemque
3141 2540 3371 2594 nomine
3418 2539 3520 2608 jam
3567 2548 3668 2592 tunc
3689 2547 3728 2593 et

2192 2625 2244 2677 in
2274 2624 2369 2679 illo
2398 2625 2611 2680 deserto
2660 2627 2836 2681 lloreb
2888 2628 3149 2682 culturam
3203 2631 3423 2685 Domini
3456 2630 3616 2699 perﬁdi
3654 2644 3729 2684 ne-

2191 2712 2349 2767 fanda
2396 2718 2820 2785 praesumptione
2869 2718 3155 2784 violarent,
3220 2737 3448 2790 quorum
3498 2723 3731 2791 posteritas

2190 2812 2309 2861 erat
2338 2806 2391 2860 in
2443 2808 2704 2862 Calvariae
2754 2810 2874 2863 loco
2919 2812 3257 2865 crucilixura
3311 2814 3573 2867 Dominum
3610 2811 3730 2865 Chri-

2192 2906 2355 2952 stum.
2408 2898 2542 2953 lllud
2598 2915 2812 2970 quoque
2865 2902 3075 2956 mslimo
3134 2904 3580 2958 considerandum
3622 2903 3731 2973 quod

2191 2992 2343 3057 dixit,
2359 2996 2705 3048 adoravcrunt
2731 2995 2988 3066 sculptile,
3010 2998 3129 3067 quia
3151 2998 3205 3051 iu
3254 2999 3434 3053 Exodo
3463 3000 3655 3068 legimus
3676 2997 3731 3050 vi-

2193 3087 2359 3140 tulum
2408 3088 2735 3143 conflatiletn
2793 3090 3007 3169 collatis
3051 3093 3398 3147 ornamentis
3446 3102 3734 3146 monstruoso

503 3196 636 3233 runt.
667 3180 1005 3251 Temporalia
1037 3193 1299 3250 petentes,
1349 3184 1541 3240 merito
1584 3200 1778 3241 carnea
1823 3187 2082 3244 beneﬁcia
2110 3182 2158 3246 ο
2188 3178 2416 3247 quodam
2452 3178 2647 3234 indicio
2676 3181 2839 3235 fuisse
2886 3180 3190 3236 formatum.
3243 3185 3348 3238 Sed
3390 3185 3515 3238 duas
3558 3200 3632 3236 res
3670 3184 3733 3235 hic

503 3279 872 3336 susceperunt.
922 3272 1135 3327 Duobus
1177 3274 1319 3327 enim
1371 3274 1544 3328 modis
1593 3276 1819 3330 dicimus
1850 3278 2082 3333 animam

509 3372 629 3412 esse
655 3361 922 3425 sntiatam,
958 3375 1079 3415 cum
1112 3364 1251 3416 escis
1276 3364 1645 3432 corporalibus
1673 3379 1768 3433 pro
1796 3369 1972 3422 carnis
2001 3370 2084 3422 in-

503 3450 755 3505 ﬁrmitate
781 3452 1041 3518 reﬁcitur,
1072 3465 1265 3510 etcum
1289 3456 1552 3526 spirituali
1572 3458 1907 3526 jucunditate
1932 3478 2081 3517 com-

505 3541 697 3607 pletur.
730 3541 833 3597 Sed
867 3543 955 3599 hic
983 3546 1179 3599 animus
1209 3563 1381 3600 eorum
1411 3548 1661 3604 carnibus
1695 3559 1928 3620 potuque
1958 3552 2084 3607 dicit

504 3644 622 3684 esse
650 3632 955 3699 saginatas,
1004 3642 1065 3687 ut
1095 3634 1207 3702 ipsa
1248 3636 1494 3690 voluntas
1540 3652 1660 3707 quae
1708 3639 2083 3708 desperatione

504 3733 836 3792 peccaverat,
868 3727 1028 3780 rebus
1048 3729 1444 3796 emergentibus
1478 3731 1798 3786 vinceretur.

574 3810 727 3865 Vers.
760 3813 845 3867 16.
883 3813 947 3866 Et
985 3816 1311 3869 irritaverant
1345 3816 1555 3887 Moysen
1585 3820 1637 3871 in
1667 3822 1878 3885 castris,
1912 3833 1957 3875 et
1981 3824 2083 3876 Aa-

502 3917 593 3954 ron
635 3913 866 3956 sanctum
900 3904 1125 3958 Domini.
1169 3906 1512 3961 Satnritatutn
1542 3913 1745 3964 ventris
1791 3924 1970 3967 secuta
1999 3929 2084 3968 se-

503 3994 634 4048 ditio
677 4006 779 4060 est,
812 4012 930 4066 qua:
962 3998 1277 4069 plerumque
1303 4015 1489 4055 causas
1517 4004 1733 4067 excitat,
1779 4007 1917 4059 unde
1945 4008 2084 4074 peri-

502 4086 614 4139 cula
637 4089 937 4155 perniciosa
968 4093 1304 4159 proveniant.
1340 4091 1543 4147 lrritart
1574 4095 1803 4165 aliquem
1833 4098 2079 4163 dicimus,

503 4175 567 4229 ad
598 4177 923 4233 iracundiam
959 4183 1234 4247 provocari
1264 4191 1355 4236 aut
1387 4184 1689 4239 actionibus
1717 4187 1943 4240 aliorum
1984 4187 2083 4241 im.

506 4268 707 4334 probis,
740 4279 829 4323 aut
856 4272 1032 4327 verbis
1075 4274 1409 4341 asperrimis.
1444 4276 1577 4330 Illud
1611 4279 1751 4332 enim
1794 4279 2081 4349 signiﬁcat,

503 4363 715 4427 quando
747 4363 947 4417 Dathan
977 4375 1030 4419 et
1059 4367 1258 4421 Abiron
1294 4368 1547 4423 honorem
1577 4369 1675 4423 sibi
1719 4378 1906 4425 contra
1934 4372 2085 4442 Moy-

502 4469 595 4506 sen
638 4463 690 4507 et
725 4456 899 4509 Aaron
944 4459 1189 4513 excitatis
1237 4463 1669 4516 contentionibus
1718 4466 2079 4519 assumebant.

2188 3269 2356 3324 dictas
2383 3271 2639 3327 debemus
2669 3273 2982 3340 advertere,
3014 3284 3071 3328 ut
3097 3276 3337 3332 vitulum
3370 3276 3674 3331 adoraveriut
3696 3276 3736 3328 in

2188 3361 2425 3429 deserto,
2473 3371 2529 3417 et
2578 3374 2761 3432 postea
2793 3365 3059 3431 sculptilia
3091 3368 3386 3423 simulacra
3420 3372 3468 3422 in
3497 3366 3736 3435 rcpromis~

2186 3453 2353 3505 sionis
2383 3462 2523 3507 terra
2569 3454 2865 3521 coluerint;
2899 3457 3039 3525 qttod
3086 3458 3139 3512 in
3183 3460 3628 3530 subsequentibus
3649 3457 3738 3525 ipse

2186 3543 2429 3597 dicturus
2454 3554 2555 3598 est.

2262 3633 2413 3689 Vers.
2448 3635 2537 3690 ΞΟ.
2574 3637 2638 3690 Ει
2671 3650 2989 3694 mutaverunt
3021 3643 3247 3712 gloriam
3275 3662 3417 3698 suam
3449 3647 3499 3698 in
3535 3644 3734 3698 similitu-

2187 3723 2358 3777 dinem
2388 3725 2533 3779 vituli
2585 3730 2948 3783 manducantis
2995 3732 3193 3798 fenum.
3235 3734 3417 3787 Gloria
3444 3750 3614 3788 eorum
3662 3732 3734 3784 iul

2187 3817 2408 3870 adorata
2437 3818 2724 3883 Divinitas,
2775 3835 2932 3888 quam
2984 3822 3183 3877 infelici
3214 3826 3620 3879 commutatione
3645 3838 3736 3891 per~

2186 3909 2401 3973 dentes,
2435 3923 2602 3977 usque
2629 3909 2693 3962 ad
2728 3910 2829 3964 hoc
2864 3915 3146 3976 pervenire
3172 3926 3503 3978 meruerunt,
3537 3926 3585 3969 ut
3607 3916 3735 3967 dese-

2188 4006 2367 4052 rentes
2392 3997 2515 4053 cceli
2557 4006 2821 4068 terrmque
2848 4002 3186 4069 Creatorem,
3217 4006 3380 4059 deum
3412 4007 3509 4059 sibi
3542 4006 3739 4059 tacerent

2186 4086 2592 4143 similitudinem
2617 4090 2761 4142 vituli
2792 4092 2909 4159 [cna
2936 4095 3269 4149 comedentis.
3306 4096 3350 4150 Ο
3375 4098 3620 4151 nefarium
3642 4110 3737 4148 scc-

2189 4178 2271 4231 lus
2302 4179 2379 4233 sic
2408 4180 2647 4248 potuisse
2677 4182 2875 4250 decipi,
2918 4185 3007 4252 qui
3045 4194 3190 4238 tanta
3247 4188 3613 4241 miraculorum
3649 4186 3741 4237 lue-

2188 4280 2310 4323 rant
2354 4272 2559 4326 visione
2603 4275 2888 4327 cumulati!
2924 4275 3089 4342 Quale
3137 4279 3286 4332 enim
3342 4281 3596 4349 piaculum
3642 4278 3738 4341 fuit,

2190 4374 2391 4418 mutum
2417 4365 2616 4419 animal
2645 4368 2756 4421 Deo
2786 4369 2959 4423 simile
2989 4371 3245 4439 credere,
3272 4376 3414 4441 quod
3441 4372 3741 4441 sacrilegium

2190 4460 2376 4513 luisset
2417 4461 2501 4513 vel
2553 4460 2857 4516 hominibus
2888 4468 3240 4533 comparare?
3290 4466 3399 4521 Sed
3456 4469 3552 4521 hoc
3598 4475 3743 4518 totout

508 4544 655 4599 Unde
681 4561 865 4600 eorum
897 4562 1051 4616 pmna
1084 4553 1443 4619 prosequitur,
1474 4552 1803 4607 irritaverant
1832 4555 1972 4607 enim
2006 4556 2084 4608 vi-
2115 4558 2163 4616 D
2192 4551 2521 4618 impatientia
2573 4551 2695 4606 fecit
2720 4552 3111 4608 levissimorum
3144 4557 3450 4621 hominum,
3494 4572 3600 4626 qua:
3621 4568 3739 4607 seut«

506 4654 590 4691 ros
621 4648 834 4691 sanctos
877 4640 941 4692 ad
977 4639 1250 4694 interitum
1287 4658 1441 4695 suum
1474 4661 1485 4695 :
1518 4645 1638 4711 quia
1690 4659 1782 4712 per
1824 4646 2081 4700 invidiam

505 4726 877 4795 loquebantur,
927 4731 1067 4798 quod
1120 4730 1344 4783 Domino
1384 4731 1720 4801 displicuisse
1752 4736 2079 4803 agnoscitur.

501 4818 654 4884 Quod
677 4833 909 4889 congrue
931 4821 1069 4875 inter
1091 4822 1271 4877 laudes
1299 4823 1507 4878 Domini
1535 4826 1747 4893 ponitur
1770 4866 1785 4891 ,
1814 4829 1936 4895 quia
1960 4842 2086 4883 suos

502 4911 729 4966 famulos
760 4912 1058 4969 vindicasse
1080 4915 1405 4971 declaratur.

574 5004 726 5058 Vcrs.
774 5008 857 5061 17.
892 5010 1084 5076 Aperta
1112 5019 1185 5062 est
1216 5019 1349 5063 terra
1380 5020 1426 5064 et
1469 5012 1732 5084 deglutivit
1762 5012 1993 5082 Dat/tan,
2039 5026 2085 5070 et

500 5099 696 5167 operuit
723 5115 875 5166 super
906 5103 1348 5172 congregationem
1371 5103 1582 5156 Abiron.
1609 5103 1752 5169 "sec,
1776 5113 1834 5157 ut
1861 5115 2083 5161 testatur

502 5190 853 5244 Numerorum
915 5191 1048 5245 liber
1098 5192 1249 5263 (Cap.
1305 5208 1417 5261 xvt,
1469 5196 1559 5259 3|,
1592 5195 1709 5263 32),
1765 5210 1923 5263 supra
1958 5197 2080 5252 illos

503 5280 792 5350 contigisse
826 5281 1165 5336 manifestum
1195 5284 1387 5351 estqui
1419 5285 1641 5354 gratiam
1674 5299 1960 5353 supernam
1988 5291 2083 5342 Aa-

501 5388 598 5427 ron
647 5385 701 5428 et
747 5373 909 5445 Moysi
942 5375 1189 5429 collatam
1248 5378 1529 5433 venettosis
1562 5377 1777 5433 invidiae
1824 5380 2075 5437 dentibus

497 5468 841 5532 appetebant,
877 5473 936 5519 ut
962 5466 1059 5519 sibi
1109 5466 1368 5521 honorem
1418 5473 1807 5523 contumaciter
1837 5487 2084 5528 assume«

502 5564 640 5619 rent,
683 5572 839 5622 quem
890 5557 1211 5625 supradictis
1238 5570 1601 5627 cognoverant
1652 5561 2077 5618 misericordiam

504 5644 708 5698 Domini
758 5648 1074 5704 contulisse.
1105 5651 1309 5717 QuLhus
1340 5652 1534 5706 similis
1584 5654 1758 5706 exitus
1812 5660 2077 5725 provenit,

501 5738 620 5802 quia
644 5750 799 5790 causa
827 5752 926 5790 una
952 5737 1252 5795 schismatis
1282 5740 1415 5807 luit;
1445 5741 1682 5811 deglutiti
1714 5754 1837 5798 sunt
1859 5760 1887 5799 a
1914 5754 2078 5815 terra,

2191 4657 2283 4709 per
2313 4642 2457 4697 ducit
2482 4642 2546 4695 ad
2587 4643 2772 4711 culpas
2801 4653 2855 4697 et
2887 4645 3179 4715 praecipitat
3210 4648 3279 4701 ad
3313 4652 3541 4700 ruinam.
3572 4646 3687 4699 Nam
3709 4640 3744 4694 si

2189 4746 2404 4785 causam
2435 4733 2511 4787 rei
2536 4733 2636 4787 sub
2668 4735 2893 4788 veritate
2912 4734 3188 4801 discutias,
3223 4738 3436 4790 nullum
3474 4737 3660 4790 crimen
3681 4744 3745 4783 est

2191 4824 2331 4890 quod
2365 4838 2469 4878 llOil
2520 4826 2852 4894 impatientia
2898 4836 3069 4883 matre
3116 4840 3396 4884 nascatur.
3430 4830 3618 4883 Contra
3664 4829 3748 4877 hoc

2193 4913 2322 4967 illud
2346 4928 2472 4969 vere
2501 4916 2795 4969 remedium
2822 4926 2923 4985 est,
2958 4918 3087 4970 illud
3118 4920 3282 4971 ﬁxum
3319 4920 3746 4983 indultitattuuquo

2191 5006 2496 5076 praesidium
2528 5025 2541 5060 :
2575 5007 2893 5077 Exspectans
2936 5012 3221 5076 exspectavi
3252 5011 3555 5075 Dominum,
3606 5018 3647 5062 et
3684 5022 3748 5059 re-

2191 5098 2354 5167 spexit
2379 5115 2456 5151 me
2484 5098 2656 5169 (Psal.
2694 5117 2884 5167 xxxrx,
2906 5101 2985 5174 Ξ).

2265 5191 2419 5246 Vers.
2466 5192 2555 5247 21.
2593 5194 2749 5247 Obliti
2790 5205 2907 5249 sunt
2938 5196 3119 5261 Deum,
3166 5201 3260 5263 qui
3298 5199 3511 5251 saluauit
3539 5212 3640 5262 eos,
3678 5192 3751 5259 qui

2191 5284 2308 5352 fecit
2357 5287 2617 5353 magna/ia
2676 5286 2727 5338 in
2776 5286 3025 5357 zEgyplo,
3072 5288 3333 5341 mirabilia
3375 5291 3426 5342 in
3454 5298 3581 5341 terra
3612 5286 3746 5338 C/tam

2192 5372 2317 5444 [ms.
2347 5374 2410 5428 ϐ.
2447 5384 2499 5428 et
2527 5376 2638 5441 ed.,
2671 5374 2978 5447 Chaunum],
3010 5378 3259 5432 terribilia
3304 5380 3359 5432 in
3408 5379 3535 5431 mari
3576 5375 3747 5432 Rubro.

2189 5463 2372 5534 Magna
2403 5466 2601 5519 crescit
2642 5482 2803 5534 super
2859 5468 3073 5521 Judaros
3115 5468 3407 5521 oblivionis
3457 5467 3667 5527 invidia;
3700 5469 3745 5515 υι

2184 5555 2327 5621 quod
2365 5555 2682 5611 beneﬁcium
2717 5559 2766 5610 in
2796 5570 2972 5614 mente
3003 5561 3201 5613 habere
3228 5558 3552 5627 pozuissent,
3575 5554 3746 5626 quibus

2188 5648 2432 5704 liberatio
2460 5666 2555 5706 sua
2607 5652 2658 5707 in
2711 5653 2966 5707 memoria
3012 5667 3329 5721 permanere
3356 5668 3461 5707 non
3490 5650 3659 5703 valuit.
3688 5645 3742 5698 Et

2188 5758 2255 5799 ne
2282 5753 2557 5813 putaretur
2599 5760 2838 5815 parvum,
2872 5748 3011 5818 quod
3047 5748 3111 5801 ab
3156 5745 3342 5799 animo
3376 5744 3641 5799 vjtlebatur
3664 5755 3742 5793 ex-
