3966 6172
210 331 296 387 rei
1157 325 1526 384 exposmo
1568 326 1630 382 tv
1673 286 2130 383 palaemon.
2174 327 2368 385 PSAL.
2411 330 2520 386 cv.

3382 332 3488 388 πὶ

205 450 430 513 elusum,
456 445 611 510 dicit,
644 443 940 516 magnalia;
968 457 1089 513 qua:
1115 443 1218 498 etsi
1249 458 1347 514 pro
1375 442 1658 498 beneﬁciis
1682 444 1794 496 col—
1823 441 1875 502 A
1897 451 2252 511 occupantur,
2277 443 2380 498 alia
2409 443 2667 499 exaudire
2689 457 2795 499 non
2825 453 3068 515 possunt.
3105 443 3172 500 Et
3193 453 3317 500 nota
3345 447 3488 516 quod

208 541 317 595 latis
342 555 372 593 a
405 538 612 610 perﬁdo
639 537 820 591 animo
840 537 1078 592 retinere
1101 551 1206 591 non
1233 544 1501 604 poterant,
1531 547 1680 590 certe
1709 534 1795 588 vel

207 648 297 705 pro
329 635 446 703 ipsa
475 645 654 686 rerum
687 627 1054 699 magnitudine
1081 627 1324 682 recolere
1372 627 1494 699 lius.
1525 624 1568 678 (ἱ
1601 634 1649 680 et
1684 625 1794 690 ed.,

208 724 389 796 recoli]
411 708 730 778 debuerunt.
751 719 972 775 Addidit
991 719 1175 784 etiam,
1198 717 1481 783 mirabilia,
1507 732 1627 787 qua:
1651 716 1795 770 nullo

207 817 363 871 modo
394 813 799 879 excusabiliter,
831 811 1078 882 quamvis
1107 809 1391 865 mutabiles
1418 809 1486 863 de
1511 808 1624 863 suis
1647 823 1796 862 men-

207 911 344 965 tibus
371 907 670 964 excludere
697 905 1038 961 debuissent.
1069 902 1151 958 Ad
1198 911 1529 972 postremum
1557 901 1817 956 comula--

208 1002 274 1054 vit
298 1010 356 1053 et
385 998 662 1063 terribilia,
695 1011 814 1064 quae
853 994 1031 1050 solent
1058 994 1307 1048 humanis
1337 992 1530 1047 animis
1560 991 1798 1047 vivacius

198 1089 457 1196 jnsidere,
496 1105 728 1161 quorum
772 1089 900 1144 dum
930 1102 1122 1157 -pavor
1167 1087 1481 1151 revolvitur,
1534 1084 1794 1140 memoria

202 1179 301 1255 _'non
328 1184 572 1238 deletur.
606 1181 714 1238 Sed
752 1181 929 1252 qualis
956 1181 1044 1235 hic
1071 1189 1280 1249 stupor,
1310 1179 1486 1248 qualis
1515 1189 1796 1232 accusatur

207 1275 437 1330 amentia
462 1313 478 1339 ,
512 1282 570 1327 ut
612 1273 754 1328 inter
783 1282 927 1326 tanta
981 1271 1246 1342 magnalia
1283 1269 1558 1324 declinare
1589 1270 1795 1338 potuis-

206 1375 343 1433 sent,
380 1379 504 1435 qute
525 1379 556 1417 a
583 1372 732 1419 tanto
755 1362 1124 1432 operabantur
1151 1372 1390 1416 auctore.
1419 1361 1486 1415 Et
1513 1360 1797 1415 considera

207 1473 359 1528 quam
414 1459 615 1512 multas
661 1473 752 1512 res
800 1457 1134 1527 singulorum
1182 1458 1465 1510 verborum
1497 1455 1799 1524 adiectione

207 1550 522 1605 cumulavit.
568 1548 702 1617 Quae
751 1549 919 1620 figura
956 1549 1153 1604 dicitur
1186 1550 1427 1612 auxesis,
1459 1547 1510 1602 id
1549 1557 1633 1603 est
1669 1562 1800 1617 aug-

208 1649 442 1696 mentum
502 1640 756 1711 paulatim
802 1640 870 1694 ad
921 1639 1199 1709 superiora
1247 1638 1640 1694 conscendens.
1686 1636 1800 1693 Hoc

206 1733 314 1790 sive
363 1734 422 1788 in
481 1733 752 1801 laudibus,
803 1734 918 1788 sive
959 1733 1013 1787 in
1055 1732 1538 1803 vituperationibus
1575 1733 1796 1786 omnino

206 1826 551 1895 praevalidum
574 1833 678 1880 est.

269 1918 431 1972 Vers.
476 1919 570 1972 2'2.
616 1916 682 1970 Et
709 1917 841 1970 dixit
873 1926 929 1969 ut
959 1915 1271 1988 disperderet
1302 1933 1385 1970 eos
1407 1931 1426 1970 :
1451 1917 1496 1969 si
1520 1933 1622 1969 non
1650 1916 1800 1986 Moy-

205 2026 272 2064 ses
315 2008 512 2063 electus
559 2011 671 2080 ejus
701 1994 914 2063 stetisset
941 2008 996 2060 in
1042 1999 1393 2075 confractione
1421 2008 1476 2060 in
1524 2018 1799 2077 conspectu

204 2102 336 2170 ejus,
382 2108 441 2152 ut
487 2107 731 2152 averteret
771 2100 904 2151 iram
932 2101 1065 2170 ejus,
1103 2114 1163 2152 ne
1193 2099 1510 2165 disperderet
1539 2114 1642 2153 eos.
1677 2098 1800 2153 llaec

202 2192 384 2244 omnia
435 2190 609 2245 Exodi
639 2199 817 2245 textus
865 2199 1104 2256 enarrat,
1159 2189 1372 2258 quando
1428 2191 1687 2246 Dominus
1730 2192 1795 2246 ad

203 2283 426 2352 Moysen
460 2283 670 2337 locutus
706 2291 811 2348 est,
843 2291 901 2336 ut
931 2291 1037 2336 tam
1065 2283 1267 2337 acriter
1291 2293 1602 2352 peccantem
1632 2297 1797 2352 popu-

202 2379 316 2431 Ιιιιιι
346 2379 426 2432 ira
449 2394 544 2434 sua
576 2393 900 2434 consumere
929 2379 1299 2448 permisisset;
1345 2379 1438 2434 sed
1473 2381 1560 2435 ille
1581 2384 1632 2435 in
1673 2398 1796 2435 ron-

199 2471 478 2538 fraCtione,
515 2471 563 2523 id
591 2484 676 2525 est
707 2472 757 2524 in
790 2472 1088 2540 perditione
1121 2472 1212 2526 illa
1242 2487 1402 2541 quam
1435 2475 1664 2541 populus
1687 2487 1800 2529 me-

200 2561 426 2614 rebatur
454 2561 727 2630 excipere,
759 2563 909 2616 stetit
938 2569 1122 2615 contra
1165 2561 1451 2618 Dominutu
1479 2565 1664 2618 dicens
1692 2565 1800 2621 :‘Si

202 2658 422 2710 dimittis
450 2657 555 2710 illis
585 2666 843 2725 peccatum
864 2699 878 2723 ,
913 2655 1140 2721 dimitte;
1169 2656 1248 2709 sin
1278 2666 1467 2723 autem,
1491 2658 1602 2712 dele
1632 2672 1709 2711 me
1737 2659 1801 2712 tle

201 2751 326 2803 libro
361 2759 452 2801 tuo
484 2747 680 2818 (Exod.
716 2764 887 2812 xxxu,
916 2749 1006 2818 5|,
1041 2746 1154 2818 5‘2).
1188 2749 1232 2801 υ
1255 2756 1496 2802 sanctum
1531 2739 1797 2815 virum,et

201 2843 342 2895 omni
380 2841 542 2894 laude
573 2840 969 2908 dignissimum,
1011 2840 1226 2908 quando
1269 2854 1299 2892 a
1351 2847 1535 2893 monte
1573 2838 1698 2894 Sina
1732 2839 1798 2892 ad

199 2942 378 2986 castra
411 2931 714 2992 descendit,
750 2942 800 2986 et
830 2942 952 2985 ante
997 2930 1345 2984 simulacrum
1372 2929 1503 2982 vidit
1545 2928 1796 2998 populum

198 3022 438 3076 nefanda
470 3022 878 3092 gesticulatione
906 3022 1248 3090 gaudentem,
1278 3030 1580 3075 commotus
1607 3021 1798 3075 adver-

197 3129 286 3168 sus
317 3128 425 3168 eos
458 3113 671 3166 tabulas
696 3111 872 3180 fregit,
902 3120 957 3165 et
981 3111 1157 3180 gladio
1178 3112 1494 3166 alterutrum
1523 3111 1682 3180 jussit
1714 3112 1797 3164 in-

200 3208 410 3271 terﬁci;
447 3205 540 3260 sed
572 3204 661 3259 ubi
704 3203 1024 3258 universalis
1050 3204 1326 3259 calamitas
1372 3203 1709 3264 imminebat,
1741 3218 1800 3258 se

199 3301 384 3368 potius
441 3307 691 3366 precatur
718 3296 1010 3365 exstingui,
1051 3311 1118 3349 ne
1148 3304 1421 3364 pateretur
1462 3306 1677 3365 gentem
1709 3310 1802 3364 εει

198 3391 467 3443 neraliter
498 3388 660 3459 35.3
711 3387 955 3442 interire.
989 3387 1287 3456 Utrumque
1321 3388 1486 3456 pium,
1517 3398 1801 3457 utrumque

198 3483 544 3549 gloriosum;
581 3494 639 3534 ut
690 3482 886 3535 merito
942 3481 1254 3549 loqueretur
1300 3495 1420 3533 cum
1463 3479 1644 3534 divina
1693 3482 1804 3535 cle-

197 3575 432 3635 mentia,
485 3573 576 3641 qui
629 3572 745 3642 ijus
773 3573 961 3627 dilexit
1006 3574 1182 3628 iacere
1214 3574 1528 3628 constituta.
1553 3573 1721 3628 Simul
1748 3582 1804 3628 et

195 3663 284 3718 illa
319 3668 504 3717 virtus
531 3664 859 3726 ostenditur,
889 3670 1011 3732 quia
1059 3663 1306 3731 precibus
1330 3673 1637 3718 sanctorum
1662 3679 1805 3732 saepe

193 3769 397 3827 partas
422 3755 622 3809 debita:
665 3757 854 3808 mortis
883 3755 1196 3820 evadimus;
1247 3769 1352 3809 non
1379 3755 1502 3824 quia
1531 3755 1673 3810 valet
1699 3756 1803 3808 ali-

195 3853 318 3918 quis
353 3848 578 3902 Domini
611 3857 818 3901 mutare
846 3847 1128 3914 disposita,
1159 3847 1273 3910 sed,
1325 3848 1396 3902 ita
1447 3857 1503 3901 ut
1531 3849 1802 3903 eveniunt.

192 3946 262 3998 ab
287 3961 363 3996 eo
398 3941 614 3996 noterit
643 3955 762 3996 esse
792 3944 1057 4009 praescita.

268 4038 440 4092 νει-ε.
464 4036 555 4090 23.
592 4034 656 4088 Et
683 4050 776 4105 pro
806 4033 968 4086 nihilo
1007 4032 1290 4086 habuerunt
1319 4042 1508 4086 terram
1533 4033 1800 4086 desidera-

188 4133 354 4184 bilem
381 4147 400 4194 ;
436 4145 536 4182 non
567 4128 890 4181 crediderunt
914 4127 966 4179 in
995 4129 1142 4179 verbo
1173 4127 1306 4197 ejus.
1351 4126 1512 4181 Venit
1535 4127 1600 4180 ad
1641 4141 1804 4196 quar-

192 4234 306 4277 tam
345 4222 740 4284 narrationem,
769 4220 822 4272 in
845 4234 946 4288 qua
977 4218 1192 4274 Judzeos
1217 4233 1316 4274 nec
1343 4221 1547 4275 futuras
1572 4220 1804 4291 promis-

187 4319 392 4370 siones
423 4315 474 4366 in
502 4311 681 4364 animo
708 4309 839 4365 dicit
865 4310 1142 4376 habuisse,
1184 4325 1285 4364 nec
1317 4319 1590 4365 transacta
1641 4311 1805 4366 mira-

188 4410 344 4463 cuia.

429 4407 556 4461 Ideo
610 4404 754 4458 enim
806 4404 947 4456 nulla
1006 4403 1357 4474 videbantur,
1416 4403 1539 4473 quia
1593 4418 1807 4472 semper

1904 535 2007 589 hoc
2038 537 2262 591 verbum
2311 538 2670 592 exauditionis
2713 540 2988 594 communi
3030 555 3126 594 usu
3154 540 3490 610 supplicibus

1901 635 2136 695 tantum,
2167 645 2273 684 non
2297 631 2669 700 superioribus
2698 633 3018 701 applicatur.
3046 631 3222 698 Unde,
3245 633 3368 701 quia
3401 631 3491 686 hic

1901 717 2033 774 dicit
2078 734 2184 773 non
2226 721 2538 775 exauditum
2570 722 2879 786 Dominum,
2909 731 3124 777 constat
3176 724 3315 776 inter
3362 737 3488 791 pro-

1903 812 2047 880 prias
2069 812 2404 868 elocutiones
2421 814 2713 885 Scriptura:
2735 815 2927 868 σίνίιιςρ
2960 815 3349 869 rationabiliter
3370 826 3492 870 esse

1901 903 2269 959 referendum.
2298 905 2536 970 Addidit,
2564 905 2618 959 in
2644 905 2979 960 tabernaculis
3005 908 3135 972 suis,
3164 915 3222 961 ιιι
3252 921 3358 960 non
3389 905 3490 960 hoc

1901 995 2300 1063 laborantibus,
2326 997 2420 1053 sed
2452 998 2642 1052 otiosis
2670 999 2986 1070 contingere
3009 999 3304 1053 videretur.
3324 998 3488 1068 Major

1901 1087 2044 1142 enim
2069 1087 2316 1143 criminis
2343 1090 2544 1168 crescit
2572 1089 2793 1158 invidia,
2843 1106 2964 1146 cum
2999 1106 3334 1145 murmurare
3360 1105 3487 1144 con-

1902 1178 2020 1249 tigit
2048 1181 2259 1235 otiosis.

1974 1273 2132 1328 Vcrs.
2189 1274 2283 1329 25.
2343 1273 2409 1328 Et
2453 1275 2665 1329 elevavit
2708 1291 2916 1330 manum
2948 1289 3094 1330 suam
3124 1291 3279 1346 super
3304 1291 3412 1343 eos,
3437 1285 3495 1328 ut

1902 1376 2254 1438 prosterneret
2308 1383 2394 1420 eos
2422 1369 2475 1421 in
2501 1369 2718 1423 deserto.

1973 1458 2128 1513 Vers.
2155 1459 2245 1513 26.
2273 1456 2340 1511 Ει
2362 1467 2415 1512 ut
2439 1460 2680 1532 dejiceret
2697 1477 2872 1515 semen
2891 1477 3067 1516 eorum
3094 1461 3146 1514 in
3177 1461 3488 1529 nationibus,

1903 1558 1950 1602 et
1973 1549 2286 1620 dispergeret
2317 1566 2401 1602 eos
2440 1550 2493 1602 in
2539 1550 2854 1621 regionibus.
2911 1553 3005 1606 llic
3029 1552 3234 1620 justitia
3282 1552 3492 1606 Domini

1902 1641 2269 1710 praemittitur,
2332 1650 2390 1696 ut
2439 1652 2622 1698 secuta
2679 1645 2848 1713 pietas
2898 1647 3102 1714 majore
3145 1648 3309 1716 gloria
3372 1662 3490 1702 sen-

1907 1734 2090 1787 tiatur.
2126 1733 2264 1788 Dieit
2294 1735 2436 1788 enim
2467 1736 2835 1791 iuSurrexisse
2883 1737 3090 1791 Dtuniui
3148 1747 3490 1805 potestatem,

1830 1816 1877 1876 B
1905 1833 1963 1878 ut
1992 1826 2042 1878 in
2071 1826 2455 1881 excedentibus
2505 1826 2820 1894 vindicaret,
2853 1844 3042 1899 eosque
3071 1831 3124 1883 in
3145 1832 3342 1884 deserto
3376 1849 3489 1895 nro-

1899 1925 2166 1984 sterneret,
2226 1917 2319 1986 q'ui
2385 1913 2651 1988 princepta
2683 1920 2893 1974 Domini
2939 1921 3127 1976 audire
3182 1919 3489 1979 uoluerunt.

1902 2007 2102 2064 Deinde
2135 2019 2380 2064 utscmen
2407 2026 2606 2076 eorum,
2642 2011 2694 2065 id
2725 2021 2809 2066 est
2831 2013 3066 2081 reliquos
3100 2029 3286 2068 eorum
3320 2015 3488 2068 Immi-

1902 2100 2059 2156 liatos
2092 2101 2232 2156 inter
2281 2103 2527 2158 nationes
2559 2103 2836 2170 redderet,
2890 2106 2978 2174 qui
3023 2106 3226 2176 pridem
3274 2107 3489 2174 gloriosi

1900 2191 2110 2246 cunctis
2138 2193 2390 2262 gentibus
2411 2196 2757 2249 exstiterunt.
2789 2195 2869 2250 Ad
2905 2207 3234 2265 postremum
3264 2198 3488 2252 inclina-

1903 2296 1983 2340 tos
2012 2296 2173 2355 atque
2194 2290 2478 2356 chpectos
2501 2302 2597 2357 per
2618 2290 2851 2357 regiones
2882 2291 3214 2361 dispergeret,
3244 2306 3312 2345 ne
3338 2291 3488 2360 quid-

1899 2390 2060 2446 quam
2093 2376 2320 2432 ulterius
2345 2379 2413 2433 de
2443 2392 2538 2433 sua
2572 2381 2987 2450 congregatione
3011 2393 3419 2451 pra-sumerent.

1974 2469 2126 2524 Vcrs.
2149 2469 2239 2523 ‘27.
2277 2469 2343 2524 Et
2365 2473 2649 2527 consecrati
2683 2483 2802 2527 sunt
2831 2473 3164 2547 Beelphegor,
3197 2485 3245 2528 et
3270 2477 3486 2528 inaudita

1882 2569 2140 2613 caverunt
2163 2561 2423 2629 sacriﬁria
2452 2573 2791 2616 mortuorum.

1976 2669 2127 2725 Vcrs.
2154 2671 2244 2726 ‘28.
2277 2669 2339 2723 Et
2363 2672 2686 2726 irritat-erunt
2718 2674 2897 2727 eumin
2921 2673 3106 2728 studiis
3128 2675 3253 2739 suis,
3287 2686 3334 2728 ct
3356 2678 3490 2730 utul-

1901 2763 2135 2833 tiplicata
2155 2750 2226 2816 e'sl
2253 2764 2304 2816 in
2326 2764 2400 2817 eis
2428 2764 2604 2819 ruina.
2661 2765 2714 2819 In
2760 2765 2844 2820 his
2883 2767 3126 2821 versibus
3148 2778 3201 2822 et
3235 2782 3486 2824 excessus

1909 2865 2102 2933 major,
2134 2871 2188 2919 et
2217 2865 2587 2919 vehementior
2612 2869 2685 2919 ira
2708 2870 3079 2936 sobjuugitur;
3105 2875 3161 2920 ut
3192 2882 3293 2920 non
3319 2869 3492 2921 solum

1908 2953 1972 3006 ad
2002 2960 2208 3022 tempus
2237 2953 2588 3020 sacrificasse,
2635 2956 2726 3009 sed
2766 2955 2926 3010 etiam
2979 2955 3076 3025 ipsi
3107 2971 3318 3027 quoque
3348 2956 3493 3010 idolo

1906 3048 2145 3116 gentium
2175 3045 2486 3118 Berlphegor
2533 3049 2815 3101 consecrati
2855 3062 2976 3104 esse
3027 3048 3358 3102 viderentur.
3403 3047 3494 3103 Sic

1908 3137 2049 3191 cnim
2073 3138 2124 3190 in
2156 3136 2393 3191 culturas
2423 3139 2726 3192 darmonum
2775 3138 3017 3208 ritusque
3056 3139 3403 3203 transierant,
3437 3143 3493 3191 ut

1906 3231 2015 3301 jam
2046 3245 2150 3284 non
2179 3230 2411 3296 Domini,
2431 3231 2524 3284 sed
2557 3213 2858 3303 daemonum
2890 3231 3034 3286 servi
3058 3245 3177 3285 esse
3201 3230 3490 3298 probaren-

1911 3329 2015 3374 tur.
2043 3321 2408 3376 Puleherrime
2434 3331 2610 3377 autem
2635 3323 2835 3377 dictum
2859 3330 2962 3387 est,
2987 3321 3242 3388 sacriﬁcia
3270 3328 3494 3371 mortuo-

1909 3428 2045 3475 rum,
2079 3411 2199 3479 quia
2225 3411 2494 3468 defunctis
2526 3414 2836 3468 hominibus
2870 3414 3106 3484 impendi
3135 3413 3347 3468 cultura
3377 3411 3491 3480 ipsa

1914 3505 2270 3572 probabatur,
2320 3520 2456 3575 quos
2487 3507 2756 3576 gentilitas
2807 3507 3144 3560 immortales
3198 3505 3329 3558 deos
3373 3515 3494 3558 esse

1905 3593 2202 3665 judicabat.
2236 3598 2340 3653 Sed
2390 3599 2608 3653 intende
2662 3599 2894 3655 sollicite
2919 3603 3060 3670 quod
3097 3597 3490 3666 multiplicatam

1909 3687 2117 3740 ruinam
2139 3703 2302 3757 supra
2329 3703 2424 3743 eos
2454 3689 2582 3742 dicit
2618 3691 2812 3758 quibus
2853 3699 2970 3766 erat
3005 3689 3176 3744 sancti
3215 3688 3294 3741 sui
3319 3687 3495 3757 preci-

1908 3775 2009 3830 bus
2033 3778 2354 3846 parciturus.
2380 3778 2509 3833 Illud
2546 3781 2688 3834 enim
2722 3780 2862 3848 quod
2897 3780 3211 3843 debebatur,
3237 3779 3494 3849 multipli-

1908 3876 2085 3925 catum
2119 3870 2253 3924 dixit
2273 3871 2416 3926 mole
2444 3873 2648 3939 peccati
2680 3889 2694 3937 ;
2720 3881 2779 3926 ut
2807 3872 2979 3940 major
3022 3873 3173 3927 fieret
3206 3871 3492 3927 clementia

1907 3958 2099 4030 quibus
2122 3959 2458 4014 numerosior
2480 3960 2820 4015 relaxabatur
2847 3960 3072 4015 oll'ensa.

1979 4049 2133 4104 Vers.
2165 4045 2257 4104 29.
2291 4049 2440 4104 Stetit
2474 4049 2628 4121 [mss.
2663 4052 2751 4118 A.,
2787 4050 2872 4118 8.,
2905 4059 2950 4104 et
2980 4045 3134 4120 stetit]
3170 4048 3406 4114 Phincos,
3435 4055 3482 4102 et

1907 4139 2154 4206 exoravit,
2187 4149 2233 4193 et
2253 4139 2460 4193 cessavit
2488 4141 2768 4210 quassatio.

1981 4230 2138 4286 Vers.
2163 4231 2250 4287 50.
2289 4229 2353 4283 Et
2375 4240 2665 4302 reputatum
2713 4240 2785 4285 est
2815 4229 2895 4284 illi
2923 4229 2991 4283 ad
3023 4228 3304 4299 justitiam,
3330 4229 3385 4284 in
3407 4245 3492 4301 ge-

1907 4322 2218 4373 nerationem
2242 4331 2287 4373 et
2311 4313 2682 4390 generationem
2712 4336 2868 4392 usque
2911 4321 2964 4375 in
2992 4320 3260 4374 sarculum.
3305 4318 3484 4384 Stetit,

1907 4412 2129 4468 verbum
2156 4413 2328 4481 ipsum
2360 4411 2681 4467 soliditatem
2711 4411 2905 4466 mentis
2935 4409 3208 4464 ostendit:
3235 4418 3295 4464 ut
3323 4411 3374 4464 in
3398 4408 3491 4464 illa

183 4500 506 4556 carnaliter
557 4507 612 4553 et
639 4499 753 4551 visa
779 4504 835 4550 et
863 4496 1042 4549 audita
1089 4495 1420 4565 cogitabant.
1470 4493 1805 4550 Desiderium
1839 4571 1856 4573 ᾼ
1908 4503 2146 4573 generali
2178 4501 2574 4568 perturbatione
2621 4501 2770 4556 solus
2819 4514 2981 4556 ausus
3011 4499 3172 4554 fuerit
3214 4499 3491 4556 conﬁde"-

185 4596 481 4664 siquidem
505 4593 784 4661 corporale
807 4591 914 4645 cito
943 4587 1215 4643 lastiilitnr
1241 4597 1536 4658 acceptum.
1579 4587 1684 4643 Sed
1714 4587 1808 4642 ad-
1837 4571 1888 4631 Ῑ)
1912 4571 2038 4649 tiam
2069 4592 2411 4661 deprecantis
2435 4607 2733 4647 assumere.
2767 4589 2897 4646 Nam
2921 4605 3041 4645 cum
3073 4591 3282 4660 legatur
3301 4588 3493 4658 (Nam.

180 4701 349 4745 verte
403 4702 568 4757 quam
614 4697 804 4756 magna
860 4694 998 4738 terra
1066 4681 1490 4751 intelligentibns
1531 4680 1714 4744 fuerit,
1749 4691 1806 4735 ut

179 4778 569 4834 desiderabilis
597 4775 1032 4838 essediceretnr;
1060 4773 1164 4827 illis
1192 4780 1369 4827 tamen
1396 4772 1538 4827 nulla
1560 4773 1670 4826 visa
1699 4784 1801 4838 cst,

177 4871 316 4940 quia
359 4868 502 4920 nihil
539 4865 590 4918 in
632 4875 696 4920 ea
725 4864 1005 4934 spirituale
1037 4870 1342 4917 repserunt.
1395 4861 1673 4931 Sequitur,
1703 4879 1803 4915 non

176 4962 540 5016 aediderunt
570 4959 622 5010 in
653 4959 798 5010 verbo
825 4959 956 5026 ejus.
989 4957 1177 5009 Filium
1210 4956 1496 5024 significat,
1527 4958 1609 5010 cui
1645 4957 1802 5025 plebs

172 5053 600 5111 nefandissima
656 5067 761 5103 non
815 5049 1088 5104 credebat.
1132 5049 1259 5104 Sive
1309 5049 1410 5104 hoc
1449 5049 1515 5102 ad
1563 5050 1796 5103 litteram

170 5153 572 5216 congruenter
593 5152 827 5212 aptatur,
859 5142 982 5212 quia
1005 5143 1125 5196 ideo
1143 5152 1633 5208 inurmuraverunt,
1659 5141 1802 5211 quod

165 5241 309 5312 ejus
380 5236 836 5304 promissu-nibus
901 5235 1122 5289 minime
1193 5236 1417 5290 credere
1470 5235 1796 5293 maluerunt.

167 5332 369 5388 Multa
410 5329 552 5384 enim
584 5329 651 5384 de
694 5341 755 5383 se
792 5342 980 5384 eorum
1014 5327 1233 5398 perfidia
1264 5326 1391 5381 facit
1427 5327 1670 5397 intelligi,
1706 5328 1799 5383 sed

164 5429 419 5493 ubique
445 5431 630 5478 reatus
654 5432 756 5479 est.

251 5515 561 5570 Vel-5.24.
597 5513 662 5566 Et
691 5525 1133 5567 murmurarerunt
1171 5516 1222 5567 in
1270 5512 1612 5566 tabernaculis
1653 5513 1802 5578 suis;

165 5625 286 5662 non
319 5606 684 5660 exaudierunt
716 5621 886 5658 vocem
915 5603 1142 5658 Domini.
1185 5605 1316 5657 Dum
1345 5604 1805 5659 murmurationes

163 5707 501 5763 exercent,
528 5715 696 5752 vorem
728 5698 932 5752 Domini
980 5700 1281 5753 nullatenus
1323 5699 1614 5755 audierunt.
1661 5699 1804 5753 Istud

164 5793 342 5850 enim
389 5789 507 5844 illis
531 5792 840 5861 plerumque
873 5792 1155 5859 contingit,
1188 5792 1277 5859 qui
1309 5791 1432 5847 dum
1448 5794 1564 5850 aliis
1591 5792 1809 5849 vocibus

1912 4701 2039 4750 xxv,
2082 4686 2139 4748 7,
2171 4684 2228 4753 8)
2284 4683 2392 4738 telo
2457 4683 2793 4738 transﬁxisse
2843 4681 3086 4737 Judaeum
3140 4683 3228 4751 qui
3286 4680 3496 4734 mulieri

1912 4774 2452 4832 Madianitidieoutra
2499 4775 2721 4827 vetitum
2770 4773 2978 4827 Domini
3021 4772 3378 4837 miscebatur,
3405 4780 3495 4824 ta-

1911 4883 2033 4923 men
2061 4867 2311 4937 quoniam
2358 4865 2462 4920 hoc
2500 4866 2614 4921 zelo
2663 4866 2848 4921 divino
2893 4866 3084 4921 fecisse
3131 4866 3492 4935 cognoscitur,

1911 4962 2086 5018 oratio
2115 4959 2283 5029 magis
2305 4959 2446 5014 dicta
2474 4968 2555 5013 est
2583 4973 2740 5029 quam
2781 4959 3042 5027 operatio.
3068 4956 3321 5026 Quisquis
3347 4956 3493 5010 enim
3536 5013 3543 5029 ὲ

1912 5051 2068 5106 bonis
2093 5041 2302 5106 actibus
2329 5059 2638 5119 occupatur,
2661 5057 2870 5105 exorat.
2924 5049 3090 5117 Cujus
3141 5045 3490 5102 homicidium
3533 5041 3546 5063 ⁸·

1911 5159 2018 5198 non
2045 5143 2279 5209 horruit,
2302 5139 2553 5214 quoniam
2600 5141 2851 5196 adulterii
2884 5140 3150 5194 maculam
3179 5137 3487 5193 vindicavit.

1911 5237 1966 5290 In
1999 5244 2202 5290 tantum
2253 5237 2396 5292 enim
2442 5242 2562 5304 post
2611 5235 2838 5290 ell'usum
2883 5235 3200 5304 sanguinem
3233 5233 3491 5287 innocens

1905 5328 2022 5394 fuit,
2050 5337 2108 5382 ut
2136 5328 2302 5397 ipsius
2331 5342 2545 5396 quoque
2569 5325 2766 5396 jndieis
2796 5327 3054 5381 meruerit
3082 5339 3213 5380 voce
3255 5322 3482 5378 laudari.
3565 5375 3581 5389 ,

1973 5417 2128 5474 Vers.
2161 5420 2250 5473 5|.
2285 5416 2350 5471 Et
2389 5418 2714 5472 irritaverant
2761 5432 2878 5470 eum
2925 5415 2994 5468 ad
3037 5429 3197 5484 aquas
3235 5411 3493 5467 contradi-

1899 5512 2104 5578 ctionis,
2135 5521 2182 5565 et
2212 5521 2418 5563 vexatus
2455 5520 2527 5564 est
2551 5509 2756 5581 Moyses
2785 5521 2993 5579 prapter
3011 5525 3117 5570 eos,
3142 5509 3262 5577 quia
3289 5522 3495 5561 exacer-

1902 5606 2144 5660 baverunt
2173 5602 2410 5667 spiritum
2436 5602 2564 5668 ejus.
2602 5585 2666 5653 Et
2697 5601 2928 5655 distinxit
2969 5601 3022 5652 in
3049 5597 3196 5652 labiis
3225 5598 3353 5652 suis.
3390 5597 3494 5651 Ve-

1907 5699 1986 5751 nit
2009 5698 2073 5748 ail
2098 5693 2334 5764 quintam
2359 5689 2744 5758 narrationem,
2769 5689 2858 5744 ubi
2875 5690 2963 5745 illa
2989 5689 3220 5746 refertur
3242 5686 3493 5758 offensio,

1908 5787 2123 5852 quando
2152 5794 2267 5851 post
2294 5793 2370 5838 tot
2395 5791 2611 5836 ostensa
2643 5782 2897 5838 miracula
2927 5781 3028 5835 sub
3060 5779 3302 5837 nefandis
3347 5792 3494 5836 mure
