3966 6172
489 361 595 415 763

1714 348 1781 402 Μ.
1825 343 2095 402 AURELII

2204 339 2531 400 lSSlODORl
3508 372 3513 377 ι
3586 344 3669 398 ιω

499 470 884 527 murationibus
909 481 1043 537 aqua
1080 463 1388 534 petebatur,
1412 477 1530 532 qua:
1554 462 1630 516 sic
1657 460 1889 513 noscitur
1913 470 2075 525 expe-
2102 457 2151 514 Α
2180 469 2284 507 non
2314 457 2597 523 parcerent
2623 463 2719 520 pro
2747 448 2939 519 quibus
2968 446 3033 517 pii
3059 454 3297 517 parentes
3321 449 3464 506 etiam
3490 453 3673 513 interﬁci

499 565 619 620 tita.
663 570 720 614 ut
748 557 1087 611 contradictio
1129 553 1295 622 magis
1322 552 1593 605 videretur
1631 563 1751 602 esse
1778 561 1936 615 quam
1982 560 2076 612 po-

494 650 726 704 stulatio.
763 647 834 700 Ibi
873 645 1014 699 enim
1057 642 1285 712 Moyses,
1326 640 1462 695 sicut
1494 640 1546 692 in
1579 637 1714 691 libro
1748 636 1937 704 legitur
1964 632 2075 686 Nu-

495 756 762 798 merorum
792 738 938 807 (Cap.
972 754 1057 801 xx,
1096 737 1206 803 10),
1239 736 1402 789 nimia
1434 734 1639 789 Judaici
1670 732 1845 802 populi
1876 730 2075 798 impor-

496 835 721 889 tunitate
751 846 1063 894 succensus,
1099 828 1406 883 dilﬁdenter
1432 825 1709 894 excrepuit
1729 824 1912 877 dicens
1935 839 1949 875 :
1975 823 2079 873 Au-

497 926 601 978 dite
640 939 738 989 me,
772 921 983 974 rebelles
1014 932 1058 974 et
1088 918 1343 972 increduli
1367 934 1387 972 :
1415 934 1537 971 num
1562 917 1623 969 de
1650 924 1792 983 petra
1821 914 1916 965 hac
1938 912 2078 966 vobis

501 1030 692 1082 aquam
715 1013 993 1081 poterimus
1024 1010 1246 1082 ejicere?
1273 1009 1391 1075 Quo
1430 1022 1679 1061 sermone
1721 1016 1772 1061 et
1803 1005 1915 1073 ipse
1943 1017 2078 1073 quo-

500 1120 606 1173 que
646 1102 912 1172 peccavit,
941 1101 1028 1169 qui
1081 1100 1189 1168 jam
1224 1099 1388 1152 tantis
1425 1098 1699 1152 miraculis
1740 1093 2080 1163 praeacccptis

502 1211 608 1248 non
664 1191 893 1248 credidit
951 1190 1235 1245 Dominum
1298 1204 1417 1259 qua:
1464 1188 1589 1243 fecit
1637 1200 1759 1242 esse
1796 1185 2077 1239 facturum.

499 1284 652 1351 Quod
681 1284 884 1338 dii-tum
913 1282 1062 1335 labiis
1091 1282 1197 1335 suis
1226 1295 1256 1335 a
1307 1281 1488 1350 priore
1524 1278 1820 1334 constantia
1863 1275 2082 1329 omnino

504 1377 741 1430 distinxit
769 1384 929 1444 atque
955 1374 1248 1443 separavit,
1274 1374 1489 1443 quando
1514 1372 1653 1427 istud
1676 1369 1921 1439 ambigue
1938 1360 2085 1424 locu-

504 1478 588 1520 tus
656 1473 800 1531 est,_
836 1463 964 1518 dum
1041 1463 1135 1517 illa
1200 1462 1499 1517 certissima
1574 1461 1678 1515 ﬁde
1727 1459 2081 1529 promisisset.

504 1556 657 1622 Quod
689 1555 973 1610 locutionis
1006 1568 1175 1623 genus
1224 1553 1517 1622 Scriptura:
1563 1551 1756 1605 divinae
1808 1549 2085 1620 proprium

506 1658 627 1699 esse
650 1644 900 1710 dicimus,
930 1642 1143 1713 quando
1172 1642 1275 1698 hoc
1304 1656 1403 1697 nec
1434 1642 1626 1696 littera:
1656 1640 1961 1705 saeculares,
1988 1654 2085 1694 nec

505 1735 805 1792 communis
857 1750 982 1790 usus
1034 1744 1272 1790 exercet.
1300 1732 1397 1788 liie
1421 1741 1597 1788 autem
1631 1732 1861 1803 Moyses,
1889 1732 2087 1786 sancti-

2178 560 2284 600 non
2315 552 2579 599 recusant.

2251 636 2402 691 Vers.
2428 637 2516 691 56.
2553 634 2689 699 Quos
2719 630 3125 699 sacriﬁcaverunt
3146 633 3440 700 sculptilibus
3457 633 3677 697 Chanaan.

2249 726 2398 781 Vers.
2430 726 2520 779 57.
2550 723 2617 777 Et
2644 724 2908 793 inrerfecta
2936 730 3009 777 est
3041 732 3175 776 terra
3203 722 3253 774 in
3299 726 3625 796 sanguinibus,
3646 742 3683 783 ct

2177 817 2519 872 contaminata
2547 824 2621 869 est
2664 816 2717 868 in
2748 814 2981 885 aperibus
3015 828 3225 873 eorum;
3270 823 3313 866 et
3338 814 3547 883 fornicati
3590 828 3685 871 sunt

2173 911 2232 963 in
2278 906 2710 963 observationibus
2758 907 2884 960 suis.
2915 904 3103 959 Adhuc
3146 904 3199 959 in
3230 905 3334 974 ipsa
3362 910 3531 964 auxesi
3551 910 3599 964 in
3623 911 3690 966 his

2180 999 2387 1053 duobus
2434 996 2680 1052 versibus
2728 1003 3064 1065 perseverat;
3108 994 3245 1063 quod
3292 995 3495 1052 schema
3540 998 3691 1059 Grece

2182 1093 2377 1147 dicitur
2429 1092 2648 1159 climax,
2695 1089 2883 1145 Latine
2927 1088 3192 1159 gradatio,
3240 1090 3357 1158 quia
3402 1105 3492 1158 per
3530 1095 3693 1163 gradus

2186 1184 2470 1252 quosdam,
2506 1183 2618 1237 sive
2646 1183 2697 1236 in
2722 1181 2900 1247 laude,
2923 1181 3039 1236 sive
3069 1180 3120 1235 in
3147 1181 3519 1250 vituperatione
3540 1200 3695 1242 sensus

2186 1286 2371 1331 noster
2398 1274 2674 1340 ascendit;
2708 1289 2865 1342 quam
2889 1273 3357 1344 proximequidem
3378 1275 3605 1343 diximus,
3620 1283 3696 1335 sed

2188 1382 2293 1421 non
2318 1366 2464 1436 piget
2486 1366 2796 1434 frequenter
2825 1372 3071 1433 repetere
3104 1364 3248 1432 quod
3303 1366 3569 1421 auctoritas
3611 1370 3699 1438 ipsa

2185 1457 2527 1527 cognoscitur
2548 1458 2762 1511 iterare.
2791 1456 2993 1525 thuia
3020 1455 3234 1511 dixerat
3261 1457 3474 1526 ﬁliorum
3494 1460 3701 1525 ﬁliarum-

2185 1567 2281 1620 quc
2309 1550 2612 1619 sanguinem
2646 1550 2839 1617 fusum,
2867 1548 3040 1603 adhuc
3068 1550 3268 1604 crescit
3317 1549 3520 1616 invidia,
3565 1553 3705 1607 adhuc

2187 1640 2486 1709 grandescit
2519 1640 2715 1705 scelus,
2745 1640 2962 1709 quando
2989 1640 3075 1696 illa
3108 1641 3435 1695 monimenta
3476 1642 3707 1697 charitatis

2191 1731 2472 1787 horrendis
2501 1730 2838 1799 sculptilibus
2867 1730 3160 1787 sacriﬁcata
3188 1740 3553 1788 memorantur.
3577 1732 3711 1787 Inter-

515 1835 623 1881 tate
648 1832 881 1893 servata,
912 1825 1011 1878 hac
1039 1834 1242 1879 tantum
1270 1823 1464 1880 meruit
1494 1823 1695 1877 ultione
1738 1821 1974 1893 percelli,
2016 1836 2083 1877 ne
2113 1815 2161 1875 Β
2186 1823 2368 1893 fectum
2398 1822 2555 1892 igitur
2582 1831 2769 1875 terram
2809 1821 3054 1876 crudeles
3097 1822 3345 1876 homines
3390 1822 3619 1879 debemus
3643 1840 3711 1879 ac-

510 1918 565 1970 in
598 1925 793 1970 terram
827 1915 1075 1969 introiret
1102 1914 1495 1984 promissionis,
1520 1913 1608 1983 qui
1631 1913 1697 1968 de
1726 1914 1947 1968 Domino
1979 1927 2089 1966 ma-

511 2024 612 2080 gna
643 2008 960 2078 promittere
988 2022 1092 2063 non
1132 2010 1491 2077 praesumpsit.
1543 2007 1672 2061 Nam
1732 2016 1849 2076 post
1885 2008 2089 2062 obitum

514 2100 630 2166 ejus
654 2115 773 2154 eum
805 2099 871 2152 ad
898 2098 1078 2152 lesum
1118 2098 1262 2153 Nave
1294 2098 1597 2166 loqueretur
1630 2097 1882 2151 Dominus
1912 2097 2087 2152 dixit:

509 2186 813 2257 Confertare
835 2190 1008 2258 igitur,
1042 2197 1088 2240 ct
1113 2196 1220 2240 esto
1235 2187 1469 2241 robustus
1489 2187 1656 2248 valde,
1684 2196 1737 2239 ut
1762 2188 2018 2240 custodias
2044 2198 2091 2242 et

511 2276 673 2345 facias
704 2294 903 2331 omnem
932 2276 1090 2348 legem
1117 2294 1270 2342 quam
1295 2276 1534 2347 prwcepit
1566 2277 1655 2329 tibi
1682 2275 1887 2346 Moyses
1924 2293 2093 2333 servus

514 2387 656 2424 meus
684 2370 823 2439 (Jos.
867 2386 907 2435 ι,
935 2370 1012 2441 7).
1047 2370 1286 2425 Dicendo
1311 2370 1451 2425 enim
1478 2384 1651 2423 servus
1682 2384 1839 2433 meus,
1871 2370 2093 2439 gratiam

512 2462 566 2517 in
597 2477 664 2516 eo
692 2464 953 2517 mansisse
974 2476 1085 2516 suae
1114 2462 1327 2531 pietatis
1353 2462 1605 2517 ostendit.

586 2550 735 2604 Vers.
770 2551 857 2606 52.
902 2550 1023 2605 Non
1052 2552 1468 2619 disperdiderunt
1503 2562 1677 2624 gentes
1717 2570 1847 2624 quas
1892 2555 2093 2608 dixerat

512 2639 665 2714 [ωδε.
694 2644 783 2707 A.,
810 2642 894 2708 B.,
936 2642 1084 2714 dixit]
1117 2642 1371 2699 Dominus
1401 2644 1525 2698 illis.

585 2731 738 2787 Vers.
768 2732 859 2787 55.
899 2730 966 2785 Et
998 2733 1257 2786 commixti
1279 2742 1396 2787 sunt
1424 2734 1553 2789 inter
1574 2745 1767 2806 gentes,
1817 2744 1863 2790 et
1904 2736 2097 2789 didice-

512 2832 630 2878 runt
663 2840 815 2893 Opera
845 2840 1019 2879 eorum
1036 2840 1056 2889 ,°
1099 2832 1146 2878 et
1171 2824 1453 2877 servierunt
1478 2826 1795 2896 sculptilibus
1821 2842 2015 2893 eorum,
2046 2833 2095 2879 et

514 2916 706 2987 factum
744 2926 815 2969 est
851 2916 956 2969 illis
1000 2916 1054 2969 in
1084 2914 1403 2969 scandalum.
1437 2915 1711 2987 Tanquam
1743 2933 1926 2988 parum
1960 2916 2093 2989 [ed.,

515 3008 765 3078 parvum]
795 3007 981 3063 luisset
1023 3006 1164 3078 quod
1194 3016 1509 3078 peccaverat
1554 3009 1607 3063 in
1631 3008 1844 3063 deserto
1872 3008 2095 3079 populus

516 3097 893 3164 llebrmorum,
929 3098 1007 3151 sic
1054 3104 1335 3166 postquam
1378 3106 1548 3152 terras
1591 3100 1957 3168 promissionis
2006 3099 2091 3153 in—

2191 1914 2391 1983 cipere,
2420 1912 2508 1982 qui
2541 1926 2599 1966 se
2628 1913 2794 1981 magis
2844 1912 3024 1982 iniqua
3055 1911 3345 1969 devotione
3391 1914 3713 1979 trucidarunt;

2192 2002 2559 2058 interﬁciendo
2586 2003 2728 2057 enim
2774 2001 2912 2056 ﬁlios
2955 2016 3103 2070 suos,
3152 2012 3263 2058 tam
3310 2004 3504 2059 nefario
3552 2004 3716 2058 scelere

2198 2106 2448 2167 parentes
2474 2096 2645 2165 petius
2696 2094 3012 2149 videbantur
3054 2096 3348 2164 exstingui.
3376 2095 3581 2164 Tropica
3606 2095 3717 2148 enim

2195 2186 2459 2241 locutione
2481 2185 2713 2255 positum
2750 2195 2831 2239 est
2861 2181 3188 2255 interfectam
3232 2194 3439 2252 terram,
3485 2184 3596 2239 dum
3637 2192 3719 2237 ter-

2196 2277 2310 2332 reni
2343 2276 2586 2331 homines
2613 2275 2856 2329 dicantur
2895 2276 3048 2330 malis
3091 2276 3399 2331 actionibus
3444 2274 3720 2341 interempti.

2196 2368 2458 2439 Exposuit
2495 2368 2638 2423 enim
2694 2367 3145 2435 quemadmodum
3197 2368 3509 2439 interfectam
3556 2366 3717 2421 dixerit

2195 2468 2382 2512 terram
2407 2473 2525 2513 cum
2565 2458 2804 2513 carnales
2833 2468 2886 2513 et
2931 2459 3249 2528 insipientes
3291 2460 3516 2529 pessima
3562 2457 3725 2512 fuerint

2196 2552 2408 2606 actione
2437 2551 2690 2606 demersi.
2728 2549 2855 2603 Nam
2891 2550 2967 2605 illi
3015 2550 3262 2619 fornicati
3291 2550 3533 2605 videntur
3573 2549 3618 2602 in
3647 2548 3726 2601 Do-

2201 2641 2366 2707 mino,
2400 2641 2487 2711 qui
2516 2655 2573 2696 se
2599 2639 2911 2694 adulterinis
2938 2641 3410 2711 superstitionibus
3450 2639 3725 2709 polluerunt.

2273 2732 2422 2789 Vers.
2456 2730 2546 2787 58.
2582 2731 2645 2785 Et
2668 2733 2829 2786 iratus
2877 2740 2949 2785 est
2988 2732 3164 2785 animo
3198 2732 3446 2787 Dominus
3482 2733 3531 2785 in
3574 2727 3728 2800 populo

2195 2839 2309 2889 suo,
2338 2833 2382 2877 et
2412 2822 2731 2877 abominatus
2754 2832 2827 2876 est
2856 2822 3214 2876 hwreditatem
3239 2838 3407 2876 suam.

2268 2914 2426 2970 Vers.
2448 2913 2539 2969 '59.
2574 2912 2640 2966 Et
2666 2912 2878 2967 tradidit
2899 2929 2983 2967 eos
3013 2914 3066 2967 in
3094 2930 3284 2967 manus
3318 2913 3557 2983 gentium,
3591 2920 3631 2965 et
3657 2909 3733 2962 do-

2196 3006 2375 3060 minati
2403 3014 2524 3060 sunt
2550 3021 2725 3059 eorum
2752 3005 2836 3074 qui
2866 3005 3080 3059 oderunt
3109 3021 3220 3060 eos.

2266 3101 2420 3157 Vcrs.
2466 3100 2557 3156 40.
2602 3098 2670 3154 Et
2710 3101 3075 3154 tribulaverunt
3114 3116 3207 3155 eos
3256 3100 3450 3155 inimici
3477 3114 3666 3161 eorum,
3701 3106 3740 3149 et

516 3187 699 3252 travit,
723 3186 921 3243 oblitus
945 3187 1159 3242 Domini
1187 3186 1578 3255 mandatorum,
1619 3204 1739 3244 cum
1767 3190 1879 3245 illis
1901 3204 1960 3245 se
1981 3204 2092 3243 ma-
2120 3174 2165 3235 (ἶ
2195 3193 2448 3248 Ιιιιηιὶιίαιὶ
2474 3203 2590 3246 sunt
2612 3191 2701 3245 sub
2732 3190 2959 3245 inanibus
2980 3206 3180 3247 eorum.
3211 3190 3327 3245 Hoc
3352 3205 3552 3259 quoque
3571 3186 3738 3252 trepica

516 3278 598 3347 gis
625 3278 869 3347 gentibus
902 3278 1059 3331 vetita
1098 3277 1360 3332 societate
1390 3279 1688 3347 conjunxit,
1720 3294 1852 3349 quas
1882 3288 2095 3350 propter

518 3366 777 3421 idolorum
808 3367 1045 3421 culturas
1070 3367 1149 3421 eis
1178 3366 1348 3420 fuerat
1377 3368 1561 3422 delere
1592 3379 1917 3438 praeceptum
1944 3387 1957 3423 :
1986 3371 2086 3424 ad-

519 3458 709 3512 dentes
737 3458 935 3511 malum
965 3457 1259 3512 sceleribus
1285 3459 1420 3523 suis,
1470 3468 1526 3513 ut
1554 3474 1615 3514 se
1658 3476 1843 3515 eorum
1888 3476 2099 3532 quoque

519 3549 893 3619 superstitione
926 3550 1268 3618 polluerent;
1300 3552 1541 3618 factaque
1564 3551 1668 3603 illis
1693 3562 1767 3605 est
1796 3552 2099 3606 scandalum

520 3642 654 3713 [ed.,
683 3644 737 3695 in
779 3641 1098 3712 scandalum]
1127 3642 1563 3710 repromissionis
1583 3650 1745 3707 terra,
1781 3658 1899 3713 qua:
1931 3645 2103 3699 fuerat

521 3732 575 3785 in
624 3745 872 3800 magnum
906 3732 1213 3800 praemium,
1248 3730 1474 3785 Domino
1506 3731 1788 3802 largiente.
1822 3746 2097 3789 concessa.

522 3818 800 3873 Miserrimi
831 3820 1126 3884 hominum,
1158 3820 1249 3887 qui
1279 3820 1372 3874 Dei
1406 3835 1599 3874 munus
1650 3821 1699 3874 in
1735 3831 1953 3891 peccata
1983 3839 2103 3879 ver-

523 3917 736 3974 terunt,
770 3917 826 3962 ut
856 3908 996 3977 quod
1027 3908 1117 3964 ille
1144 3908 1436 3964 donaverat
1463 3910 1526 3963 ad
1557 3912 1803 3980 gratiam,
1836 3913 2101 3969 exceden-

525 4002 665 4057 tibus
696 4002 847 4057 ﬁeret
871 4002 936 4055 ad
964 4002 1194 4056 ruinam.
1237 4002 1326 4056 Sic
1348 4017 1630 4057 monemur
1658 4012 1802 4059 recte
1832 4005 1903 4059 uti
1934 4005 2100 4061 bene-

524 4094 663 4149 ficiis
679 4093 858 4147 divina
885 4093 1415 4163 largitatcconeessis
1444 4108 1458 4148 :
1491 4108 1558 4148 ne
1591 4096 1758 4165 magis
1784 4096 2106 4166 indeperea-

525 4200 666 4252 mus,
693 4186 835 4242 unde
863 4185 1123 4241 sublevati
1148 4185 1316 4241 fuisse
1343 4186 1739 4254 cognoscimur.
1784 4188 2101 4244 Scandalum

529 4275 773 4331 Graecum
840 4290 1034 4330 nomen
1092 4284 1210 4341 est,
1264 4274 1573 4345 signiﬁcans
1630 4277 1927 4346 sinistrum,
1966 4279 2105 4347 quod

530 4376 737 4423 mentes
766 4382 954 4423 eorum
980 4367 1036 4421 in
1065 4366 1251 4421 laevam
1285 4375 1489 4436 partem
1531 4383 1782 4437 perversa
1812 4370 2108 4427 imitatione

528 4458 767 4512 deduxit.

602 4544 769 4616 364
797 4544 954 4600 Vers.
986 4545 1076 4601 '51.
1111 4544 1179 4599 Et
1200 4544 1588 4599 immolaverunt
1630 4547 1767 4616 filios
1797 4566 1934 4616 suos,
1969 4560 2017 4605 et
2045 4553 2109 4621 fi.
2140 4540 2188 4599 Ι)

530 4637 629 4690 lias
656 4654 774 4691 suas
806 4639 1088 4692 daemoniis.

603 4727 755 4783 Vers.
790 4727 877 4783 55.
913 4728 979 4783 Et
1006 4728 1603 4801 eﬂ'uderuntsanguinem
1624 4732 1957 4799 innocentem,
1990 4751 2111 4789 son-

531 4820 735 4889 guinem
764 4821 987 4888 filiorum
1013 4837 1220 4875 suorum
1248 4830 1296 4875 et
1325 4820 1575 4890 ﬁliarum.
1605 4822 1857 4889 Quamvis
1886 4825 1939 4879 in
1967 4826 2112 4881 Scri-

534 4914 704 4982 pturis
733 4912 927 4967 divinis
957 4912 1183 4968 ell‘usum
1210 4914 1523 4982 sanguinem
1570 4914 1856 4969 humanum
1906 4918 1973 4971 ab
2002 4918 2111 4973 lle-

537 5002 697 5056 braeis
727 5002 814 5070 qui
839 5003 889 5056 in
921 5012 1116 5057 terram
1148 5002 1581 5071 repromissionis
1619 5005 1841 5075 ingressi
1876 5018 2021 5075 sunt,
2056 5010 2109 5063 in

532 5091 812 5147 sacriﬁciis
840 5092 1143 5148 daemonum
1190 5106 1296 5147 non
1352 5093 1590 5162 tegatur,
1644 5104 1819 5149 tamen
1857 5097 1925 5151 ab
1953 5104 2110 5154 aetate

535 5185 779 5254 sequenti
822 5184 923 5239 ltoc
954 5184 1063 5239 ﬁeri
1096 5185 1334 5254 potuisse
1363 5200 1468 5237 non
1512 5184 1733 5239 dubium
1764 5196 1867 5251 est,
1898 5191 2109 5259 quando

530 5283 588 5329 et
614 5290 854 5343 praesens
896 5275 1166 5345 Scriptura
1199 5272 1359 5327 index
1409 5272 1663 5342 probatur
1696 5289 1814 5331 esse
1845 5277 2103 5333 veritatis.

536 5364 604 5421 Et
634 5368 836 5436 inspice
863 5365 1312 5436 quemadmodum
1344 5364 1521 5419 veraci
1571 5365 1836 5423 relatione
1882 5385 2110 5439 peccan-

537 5459 667 5513 tium
698 5469 1051 5530 exaggeratur
1078 5456 1351 5525 iniquitas.
1383 5455 1562 5510 Primo
1589 5458 1733 5512 enim
1756 5458 1927 5515 dixit:
1959 5460 2113 5529 E/fu-

542 5551 727 5606 derunt
749 5554 1052 5621 sanguinem
1091 5550 1445 5615 innocentem;
1475 5557 1529 5603 et
1567 5565 1635 5605 ne
1680 5562 1995 5621 putarentur
2023 5569 2115 5609 ex.

540 5642 733 5705 tranei,
762 5643 986 5709 addidit,
1018 5642 1247 5710 ﬁliorum
1274 5657 1481 5695 suorum
1515 5651 1563 5694 ct
1607 5644 1856 5711 filiarum,
1886 5661 2111 5713 quomm

545 5729 686 5783 salus
710 5732 761 5785 in
787 5733 1012 5787 humana
1035 5732 1444 5788 conversatione
1467 5734 1772 5789 dulcissima
1807 5744 1905 5794 est.
1931 5745 1983 5788 ut
2012 5736 2113 5788 illis

2202 3283 2466 3336 locutione
2491 3282 2687 3335 dictum
2716 3287 2830 3343 est;
2856 3279 2977 3348 quia
3013 3280 3357 3349 perturbatio
3387 3277 3546 3333 animi
3584 3275 3745 3330 cadere

2205 3386 2309 3427 non
2341 3371 2595 3442 probatur
2625 3371 2677 3424 in
2724 3370 3025 3436 Dominum,
3059 3371 3158 3425 sed
3191 3372 3450 3425 vindictae
3488 3369 3596 3438 ejus
3626 3366 3745 3421 excl-

2202 3470 2310 3515 tata
2364 3461 2622 3530 potentia,
2675 3459 2903 3514 humana
2948 3461 3347 3516 consuetudine
3391 3459 3466 3515 ira
3502 3456 3745 3513 vocitatur.

2202 3550 2307 3607 Sed
2338 3552 2463 3621 quid
2494 3552 2619 3607 fecit
2638 3551 2806 3606 iratus
2832 3552 2854 3605 ?
2881 3553 3117 3608 Aversus
3145 3562 3233 3608 est
3260 3554 3331 3609 ab
3361 3553 3477 3617 illis,
3507 3550 3635 3620 quod
3659 3562 3749 3602 ma-

2204 3641 2372 3696 lorqu
2404 3642 2641 3696 omnium
2672 3649 2880 3696 constat
2908 3650 3239 3697 extremum.
3290 3642 3383 3698 Sic
3421 3641 3623 3711 quando
3648 3634 3751 3692 illud

2204 3732 2345 3802 quod
2376 3733 2615 3787 continet
2641 3732 2974 3798 subducitur,
3004 3748 3233 3789 necesse
3272 3742 3358 3789 est
3382 3744 3439 3787 ut
3463 3747 3634 3788 earum
3658 3743 3753 3798 qua:

2204 3826 2543 3880 continentur
2575 3840 2753 3879 rerum
2787 3826 2932 3878 ruina
2965 3825 3212 3892 protinus
3250 3833 3620 3895 consequatur.
3648 3821 3755 3875 Tra-

2206 3917 2301 3973 diti
2346 3926 2469 3971 sunt
2519 3917 2660 3971 enim
2713 3917 3001 3986 opprobrio
3056 3917 3383 3985 servitutis,
3446 3916 3533 3987 qui
3571 3910 3755 3985 gloriari

2206 4008 2522 4063 videbantur
2545 4008 2596 4062 in
2622 4006 2797 4062 idolis.
2824 4008 3093 4077 Sequitur,
3118 4018 3169 4062 et
3198 4009 3457 4063 dominati
3478 4015 3589 4062 sunt
3612 4018 3759 4059 eorum

2208 4101 2332 4173 [ms.
2357 4102 2422 4155 G.
2451 4109 2504 4156 et
2525 4100 2635 4167 ed.,
2664 4098 2756 4169 eis]
2786 4101 2871 4168 qui
2899 4102 3112 4154 oderunt
3154 4117 3268 4155 eos.
3324 4099 3576 4168 Quamvis
3618 4091 3762 4149 omnis

2208 4193 2512 4248 dominatus
2552 4193 2764 4263 gentilis
2798 4192 3040 4247 videatur
3062 4206 3189 4247 esse
3227 4192 3657 4250 molestissimos.
3684 4182 3763 4237 ad-

2216 4283 2371 4350 didit,
2400 4284 2489 4353 qui
2518 4285 2733 4337 oderunt
2761 4299 2845 4336 eos
2865 4322 2879 4346 ,
2906 4291 2962 4337 ut
2989 4284 3210 4351 gravius
3249 4290 3395 4338 esset
3423 4297 3541 4338 cum
3574 4276 3767 4334 serviret

2211 4373 2444 4429 infenso.
2468 4373 2641 4428 Nullis
2674 4374 2816 4427 enim
2847 4373 3124 4443 obsequiis
3154 4374 3300 4431 talis.
3314 4372 3572 4427 Dominus
3598 4364 3766 4437 placari

2214 4471 2425 4533 potest;
2459 4478 2581 4517 nam
2608 4463 2696 4532 qui
2725 4476 2938 4531 semper
2958 4462 3091 4529 odit,
3125 4476 3359 4532 semper
3388 4464 3550 4517 iratus
3574 4468 3666 4512 εει.
3691 4455 3771 4507 De-

2217 4556 2376 4624 nique
2399 4554 2516 4608 vide
2539 4554 2664 4621 quid
2685 4553 2942 4621 sequitur,
2984 4562 3030 4607 et
3069 4553 3458 4607 tribulaverunt
3496 4565 3578 4605 eos
3610 4542 3770 4600 inimici

2216 4660 2417 4711 eorum,
2457 4653 2503 4699 et
2538 4642 2794 4697 Itumiliati
2843 4652 2961 4696 sunt
3006 4644 3097 4697 sub
3140 4645 3394 4698 manibus
3423 4657 3610 4699 eorum.
3654 4633 3776 4691 Talis

2217 4751 2343 4806 ergo
2371 4735 2677 4789 vicissitudo
2700 4734 2974 4803 recipitur,
3008 4745 3063 4788 ut
3091 4736 3182 4803 qui
3208 4736 3422 4789 amanti
3456 4732 3667 4787 Domino
3684 4739 3775 4779 ser-

2218 4828 2333 4882 vire
2361 4827 2667 4891 noluerunt,
2692 4826 3003 4882 odientibus
3025 4826 3265 4883 inimicis
3291 4828 3445 4897 justo
3458 4825 3652 4896 judicio
3677 4830 3778 4889 pro-

2217 4923 2470 4977 barentur
2490 4937 2610 4977 esse
2632 4922 2877 4991 subjecti.

2285 5013 2441 5069 Vers.
2474 5014 2567 5069 Η.
2600 5014 2750 5082 Swpe
2784 5014 3008 5068 liberavit
3039 5031 3145 5068 eos.
3190 5013 3221 5066 Ι
3228 5016 3314 5083 psi
3340 5022 3515 5067 autem
3543 5001 3780 5064 exacerba-

2213 5113 2387 5157 verunt
2408 5120 2520 5157 eum
2544 5103 2599 5157 in
2622 5104 2837 5158 consilio
2857 5120 2971 5169 suo;
2998 5114 3045 5158 et
3078 5103 3357 5157 humiliati
3379 5110 3500 5157 sunt
3541 5100 3592 5152 in
3625 5089 3781 5162 iniqui;

2214 5194 2403 5248 tatibus
2424 5193 2547 5247 suis.

2288 5281 2440 5337 Vers.
2482 5282 2573 5336 4‘2.
2619 5281 2685 5335 Et
2725 5285 2943 5354 respexit
2982 5301 3065 5339 eos
3093 5300 3221 5337 cum
3265 5284 3662 5341 tribularentur,
3689 5287 3783 5327 cm

2216 5370 2486 5424 exaudiret
2520 5372 2800 5425 orationem
2829 5389 3023 5426 eorum.
3058 5373 3278 5443 Duplici
3311 5373 3477 5428 modo
3500 5372 3583 5426 hic
3608 5364 3786 5423 iniseri-

2217 5461 2397 5515 cordia
2433 5461 2732 5515 Divinitatis
2765 5462 2897 5535 [ed.,
2925 5462 3160 5534 Domini]
3191 5466 3511 5534 exponitur.
3551 5451 3784 5515 Przmisit

2219 5551 2500 5617 beneﬁcia,
2533 5560 2591 5606 et
2620 5552 2847 5606 humana
2879 5571 2982 5607 non
3014 5556 3261 5610 cessavit
3304 5556 3596 5626 iniquitas;
3636 5542 3786 5603 intulit

2219 5643 2528 5707 vindictam,
2562 5655 2610 5697 et
2642 5644 2854 5699 afﬂictis
2884 5647 3069 5700 iterum
3096 5643 3329 5714 dignata
3363 5658 3448 5700 est
3488 5647 3676 5699 donare
3694 5636 3784 5690 εις·

2222 5735 2476 5789 ιιιριιιὶτιιιι
2503 5752 2513 5797 ;
2551 5744 2604 5789 ιιι
2634 5736 2988 5805 intelligamus
3013 5736 3187 5806 ipsum
3220 5746 3278 5791 et
3308 5737 3446 5791 bona
3472 5731 3784 5804 prtcmitterc.
