3966 6172
298 388 401 445 765

1254 369 1625 440 EXPOSITIO
1663 384 1729 440 IN
1768 384 2229 443 PSALTERIUM.
2278 385 2465 443 PSAL.
2507 384 2636 441 (Νι.

3459 386 3560 442 ’766

299 509 352 558 ct
378 500 661 574 ﬂagellatis
690 498 865 555 denuo
910 497 1217 553 subvenire.
1247 497 1360 552 Hoc
1387 497 1530 552 enim
1561 497 1613 551 in
1646 497 1728 551 his
1761 511 1880 551 ver-
1912 501 1963 557 Α
1992 496 2071 551 bis
2104 497 2367 552 similibus
2389 506 2442 551 et
2461 496 2749 551 virtutibus
2778 494 3067 552 indicatur.

295 592 448 645 sibus
474 589 702 659 reperis,
735 588 780 642 si
810 588 1098 658 diligenter
1130 586 1382 641 intendis.

370 680 527 737 Vers.
551 680 640 735 45.
676 678 740 732 Et
764 695 956 732 memor
982 677 1079 747 fuit
1112 677 1399 730 testamenti
1430 676 1531 741 sui,
1579 685 1625 729 et
1654 674 1887 745 paenituit

292 792 411 826 enm
432 775 713 827 secundum
734 772 1112 825 multitudinem
1133 769 1494 823 misericordia?
1514 785 1642 821 suta.
1657 767 1886 822 Causam

293 867 428 922 dicit
456 857 621 935 quare
651 866 811 919 fuerit
844 863 1170 918 lsraeliticus
1219 861 1465 930 populus,
1520 874 1643 913 cum
1691 859 1887 926 sazpius

297 968 571 1031 peccaret,
604 959 855 1022 auditus;
899 971 997 1010 nec
1028 970 1194 1020 usque
1225 955 1289 1007 ad
1333 952 1688 1021 perditionem
1731 950 1886 1003 debi-

295 1062 407 1106 tam
442 1048 1032 1106 Dominimiseratione
1078 1048 1423 1115 pervenerit;
1460 1050 1677 1113 propter
1710 1041 1891 1095 Testa-

292 1154 525 1198 mentum
554 1143 756 1197 scilicet
778 1156 970 1195 novum
994 1138 1134 1209 quod
1161 1145 1245 1192 est
1269 1147 1551 1199 internum,
1568 1136 1653 1191 ubi
1679 1134 1890 1187 Domini

295 1236 563 1292 adventus
598 1234 789 1292 eluxit.
836 1234 925 1301 qui
974 1234 1115 1287 nulla
1175 1229 1521 1288 successione
1574 1228 1887 1282 mutabitur.

295 1327 422 1396 Ipse
454 1328 596 1380 enitn
631 1326 929 1394 promissus
962 1332 1045 1378 est
1076 1322 1329 1390 Abrahze,
1361 1322 1486 1392 quia
1515 1321 1582 1375 de
1623 1320 1738 1388 ejus
1777 1327 1893 1372 crat

292 1417 512 1471 semine
544 1416 877 1477 nasciturus;
910 1413 1011 1467 hoc
1035 1423 1153 1468 erat
1180 1412 1554 1467 absconditum
1587 1410 1638 1463 in
1663 1408 1892 1477 prophe-

293 1510 388 1575 tis,
413 1510 510 1564 sed
544 1508 817 1577 Evangelii
845 1518 1089 1576 tempore
1134 1506 1430 1561 revelatum
1478 1513 1581 1559 est.
1642 1502 1890 1556 Pwnituit

292 1614 504 1668 autem,
536 1619 687 1658 more
716 1602 1066 1657 humanitatis
1097 1600 1347 1663 edicitur,
1393 1614 1510 1669 quae
1538 1597 1665 1651 dum
1719 1594 1893 1665 potni-

293 1703 373 1749 tet
402 1735 418 1758 ,
450 1694 732 1748 consuevit
758 1702 971 1747 mutare
1020 1691 1365 1759 dispositum.
1415 1688 1569 1753 Apud
1606 1686 1888 1739 Dominum

289 1786 439 1840 enim
469 1795 659 1839 cuncta
700 1784 863 1839 certis
909 1782 1084 1837 modis
1126 1781 1372 1834 ordinata
1418 1780 1757 1840 discurrunt;
1792 1790 1889 1829 nec

2064 589 2212 644 Vers.
2247 592 2339 645 47.
2368 589 2674 643 Benedictus
2706 588 2954 643 Dominus
2974 588 3111 642 Deus
3144 586 3312 642 Israel
3331 603 3363 640 a
3382 586 3571 642 sa’culo

1988 690 2036 734 et
2064 696 2224 748 usque
2245 683 2297 733 in
2318 683 2583 744 swcultun;
2603 689 2650 732 et
2673 681 2803 733 dicet
2829 682 2992 733 omnis
3014 680 3232 749 papulas
3249 717 3262 733 .
3297 677 3434 741 Fiat,
3457 678 3571 744 ﬁat.

1990 771 2116 827 Haec
2171 782 2252 827 est
2305 772 2418 827 laus
2470 787 2625 840 quam
2664 772 2939 840 superiore
3008 784 3162 824 versu
3215 779 3572 839 congregatus

1989 863 2191 930 Optavit
2222 864 2443 931 populus
2474 862 2589 933 [ms.
2637 861 2703 917 (ἕ.
2745 871 2790 915 et
2841 863 2948 927 ed.,
2994 871 3342 931 congregatos
3373 863 3575 928 optavit.

1992 959 2237 1030 populos]
2267 974 2574 1028 personare.
2609 961 2717 1013 Hoc
2742 960 2904 1014 etiam
2930 972 3068 1012 nunc
3099 968 3283 1011 sancta
3304 958 3441 1011 canit
3473 958 3572 1011 Ec-

1992 1056 2175 1119 clesia,
2206 1071 2326 1124 quae
2349 1072 2407 1110 se
2431 1056 2496 1109 de
2530 1063 2676 1107 tanto
2715 1056 2856 1108 bono
2892 1054 3139 1121 presenti
3166 1062 3405 1120 tempore
3444 1066 3574 1105 con-

1992 1146 2216 1200 solatur.
2243 1145 2347 1199 Sed
2388 1145 2488 1199 hoc
2516 1145 2640 1198 dicit
2673 1143 2739 1198 ab
2781 1145 2881 1197 isto
2916 1143 3115 1197 sarculo
3155 1157 3321 1211 usque
3351 1142 3414 1195 ad
3444 1140 3572 1196 illud

1993 1246 2308 1303 perpetuum
2334 1235 2585 1289 saeculum
2616 1248 2738 1289 esse
2789 1233 3091 1287 faciendum
3111 1274 3126 1295 ,
3156 1242 3211 1285 ut
3258 1231 3569 1286 continuata

1994 1328 2108 1382 laus
2165 1343 2433 1396 nunquam
2476 1328 2665 1382 debeat
2697 1326 2897 1381 habere
2948 1325 3243 1379 fastidium.
3295 1324 3402 1379 Sed
3450 1340 3570 1378 cum

1996 1418 2277 1486 praedictos
2308 1418 2536 1488 hymnos
2565 1418 2795 1472 devotus
2819 1416 3124 1471 Judmorum
3151 1416 3373 1484 pepultts
3396 1424 3573 1480 canat,

1994 1508 2115 1577 quis
2143 1517 2227 1563 cst
2266 1510 2366 1563 iste
2402 1509 2535 1562 alter
2562 1508 2652 1577 qui
2699 1509 2866 1562 dicit:
2898 1506 3041 1570 Fiat,
3076 1508 3190 1575 fiat,
3244 1505 3448 1560 scilicet
3496 1505 3573 1576 (ut

1996 1600 2125 1652 mihi
2157 1601 2387 1671 videtur)
2418 1601 2646 1671 populus
2679 1601 2765 1654 ille
2815 1601 3055 1669 praeputii
3081 1610 3184 1662 est,
3233 1601 3322 1670 qui
3351 1615 3416 1653 eo
3442 1611 3573 1653 tem-

1998 1707 2125 1762 pore
2158 1694 2208 1747 in
2241 1693 2343 1748 fide
2375 1708 2481 1747 non
2506 1701 2642 1757 erat,
2676 1693 2889 1762 quando
2940 1692 3175 1760 psalmus
3204 1691 3304 1744 iste
3339 1690 3572 1743 caueba-

1998 1794 2115 1851 tur;
2168 1787 2256 1855 qui
2311 1794 2486 1840 tamen
2540 1785 2833 1854 prOphetite
2878 1784 3072 1839 virtute
3096 1784 3304 1837 futurus
3338 1782 3573 1837 introdu-

290 1878 500 1947 aliquid
528 1892 727 1932 novum
762 1886 947 1931 contra
980 1874 1371 1944 prmscieutiam
1396 1872 1510 1940 ejus
1536 1872 1736 1933 evenit,
1760 1870 1887 1924 dum
1925 1864 2113 1934 Belus
2146 1887 2251 1943 est,
2285 1884 2339 1931 ut
2367 1892 2551 1932 amore
2600 1875 2962 1931 universitatis
2990 1874 3229 1929 diceret;
3264 1872 3410 1936 Fiat,
3464 1873 3571 1940 βαι,

288 1971 477 2024 omnia
524 1985 641 2039 qua:
684 1978 807 2021 sunt
847 1967 1093 2022 facienda
1147 1966 1443 2035 cognoscit.
1479 1965 1711 2020 Necesse
1743 1964 1886 2019 enim

287 2060 397 2115 fuit
427 2072 486 2115 ut
517 2060 670 2115 nobis
699 2067 884 2115 nostro
916 2072 1069 2114 more
1123 2058 1456 2128 loqueretur,
1503 2058 1594 2126 qui
1642 2067 1886 2111 naturam

284 2152 662 2217 mortalitatis,
693 2160 752 2207 ut
780 2167 880 2206 nos
910 2151 963 2205 in
1006 2159 1269 2205 aeternum
1315 2149 1632 2213 vivificaret,
1680 2165 1889 2204 assum-

286 2246 423 2316 psit.
451 2245 557 2301 Sed
586 2244 870 2299 considera
901 2244 1023 2313 quia
1054 2245 1152 2297 ista
1177 2242 1489 2311 pmnitentia
1522 2241 1729 2295 Domini
1760 2250 1887 2296 tunc

289 2338 417 2392 fieri
452 2337 669 2398 dicitur.
697 2334 913 2405 quando
941 2343 996 2389 et
1040 2348 1137 2388 nos
1187 2332 1509 2402 paenitentes
1539 2346 1658 2387 esse
1688 2346 1887 2401 cogno-

283 2432 421 2486 scit.
454 2429 599 2483 Talis
626 2429 769 2483 enim
802 2426 957 2481 nobis
989 2426 1081 2481 ille
1126 2425 1383 2489 efficitur,
1426 2425 1610 2493 quales
1639 2439 1735 2478 nos
1786 2423 1885 2479 sibi

282 2535 419 2576 esse
443 2520 771 2590 probaverit.
806 2517 1044 2586 Addidit,
1072 2517 1352 2571 secundum
1386 2514 1764 2569 multitudinem
1792 2516 1887 2567 mi-

282 2612 592 2667 sericordia.’
617 2625 744 2665 suat.
772 2609 890 2679 lpsa
917 2617 1003 2665 est
1023 2624 1142 2677 qua:
1174 2617 1368 2663 cuncta
1398 2616 1617 2677 peccata
1647 2615 1883 2675 superat,

283 2704 409 2774 ipsa
442 2717 565 2771 quae
597 2716 766 2769 usque
794 2700 861 2755 ad
892 2710 1131 2755 nostram
1185 2714 1402 2753 carnem
1440 2698 1627 2753 venire
1671 2699 1885 2768 dignata

280 2800 397 2848 est.
438 2789 722 2844 Multitudo
749 2790 891 2844 enim
923 2788 1289 2843 misericordia:
1334 2788 1481 2858 juste
1530 2787 1744 2851 dicitur,
1790 2803 1885 2858 per

280 2899 456 2957 quam
482 2883 712 2938 mundus
742 2884 982 2938 noscitur
1014 2897 1134 2939 esse
1163 2882 1447 2937 liberatus.

358 2974 523 3030 Vers.
555 2973 645 3029 44.
682 2973 748 3027 Et
777 2974 913 3028 dedit
939 2989 1022 3026 eos
1041 2973 1095 3026 in
1114 2972 1506 3039 misericordias,
1537 2974 1589 3027 in
1617 2982 1885 3041 conspectu

279 3066 522 3120 omnium
549 3065 639 3133 qui
686 3080 769 3118 eos
812 3071 1071 3132 ceperant.
1120 3061 1186 3116 In
1231 3064 1614 3119 misericordias
1639 3064 1767 3119 dicit
1800 3082 1885 3119 eos

279 3159 463 3222 datos,
495 3155 621 3225 quia
670 3155 882 3210 diversa
931 3154 1321 3209 charismatum
1361 3170 1583 3209 munera
1626 3171 1882 3224 suscepe-

1994 1970 2082 2025 Sic
2147 1971 2414 2040 hodieque
2470 1971 2524 2024 in
2576 1970 2822 2026 ecclesiis
2884 1967 3161 2023 orantibus
3208 1964 3572 2021 sacerdotibus

1994 2060 2347 2131 respondetur
2372 2062 2553 2128 Amen,
2586 2061 2641 2115 id
2670 2071 2773 2125 est,
2800 2058 2945 2113 Fiat.
2979 2059 3066 2116 Sic
3098 2057 3202 2128 iam
3241 2058 3341 2112 illis
3372 2068 3567 2127 tempo-

1993 2151 2138 2206 ribus
2168 2151 2268 2220 ipsi
2302 2153 2698 2218 indicabantur,
2729 2152 2817 2221 qui
2851 2167 2989 2206 nunc
3021 2151 3161 2205 idem
3194 2147 3570 2203 faciunt.Con-

1991 2246 2137 2300 venit
2175 2248 2317 2300 enim
2373 2246 2542 2315 magis
2575 2245 2689 2299 haec
2719 2246 2878 2299 verba
2930 2244 2999 2298 ad
3046 2244 3207 2296 talem
3242 2243 3570 2296 intellectum

1992 2338 2224 2403 trahere,
2257 2354 2414 2407 quam
2445 2338 2703 2391 librorum
2753 2334 3229 2392 detcrtninationcs
3268 2333 3567 2398 advertere,

1990 2431 2129 2484 sicut
2158 2426 2480 2499 quibusdam
2515 2428 2708 2497 placet.

2530 2536 2800 2613 Conclusio
2831 2537 3029 2605 psalmi.

2060 2630 2338 2685 Cantatum
2354 2638 2436 2684 est
2457 2629 2676 2683 Alleluia
2700 2628 2968 2693 festivum,
2985 2626 3378 2698 responderunt
3392 2629 3569 2683 omnia

1989 2721 2141 2775 titulo
2166 2735 2285 2775 suo.
2320 2720 2452 2773 Nam
2484 2720 2604 2774 licet
2631 2720 2839 2775 diversa
2870 2720 3011 2773 dicta
3045 2718 3153 2773 sint
3173 2760 3188 2783 ,
3217 2718 3269 2772 in
3303 2735 3462 2772 uuam
3494 2728 3570 2773 ta-

1990 2826 2111 2865 men
2138 2810 2360 2881 gratiam
2385 2820 2636 2879 tanquam
2660 2824 2819 2864 voces
2841 2811 3021 2864 canori
3045 2810 3227 2879 organi
3258 2810 3571 2863 convenisse

1993 2912 2300 2959 noscuntur.
2348 2903 2682 2971 Quapropter
2732 2916 2943 2957 summo
2988 2900 3257 2955 desiderio
3301 2900 3570 2969 supplice-

1988 3010 2129 3062 mus,
2158 3006 2214 3050 ut
2253 3011 2352 3052 nos
2382 2997 2448 3051 de
2499 2996 2834 3064 beneplacito
2863 2995 2963 3049 sibi
3005 2995 3201 3063 populo
3226 3008 3350 3049 esse
3374 3008 3566 3048 conce—

1989 3090 2101 3155 dat,
2133 3090 2221 3159 qni
2265 3089 2333 3144 de
2366 3090 2545 3157 pravis
2586 3098 2758 3154 recta,
2790 3088 2858 3144 de
2886 3089 3081 3143 amaris
3112 3088 3308 3153 dulcia,
3341 3089 3409 3144 de
3439 3096 3571 3142 tem-

1992 3181 2261 3250 porulibus
2294 3179 2472 3235 facere
2495 3180 2774 3235 consuevit
2804 3188 3035 3245 acterna;
3086 3188 3351 3249 quatenus
3393 3188 3448 3234 et
3477 3194 3571 3233 nos

278 3247 574 3342 mm'élii
611 3247 754 3342 enim
784 3246 1086 3342 prophetfe’
1135 3246 1224 3301 alii
1278 3247 1883 3342 3P°S£°“y“'_ii"_‘3“y'
1912 3241 1958 3305 Ο
1990 3241 2046 3328 in
2086 3273 2306 3329 ChriSto
2363 3273 2587 3327 Domino
2640 3271 2934 3342 gloriantes
2987 3241 3346 3326 communiter
3392 3268 3571 3324 dicere

276 3354 399 3400 res,
426 3337 518 3391 alii
563 3339 902 3392 contessores
925 3353 987 3392 ex
1012 3337 1129 3407 ipso
1163 3337 1362 3406 populo
1408 3337 1620 3391 Domini
1656 3340 1886 3394 misera-

278 3433 439 3485 tione
475 3430 793 3496 lloruerunt,
844 3438 903 3483 ut
930 3430 1151 3484 eosdem
1183 3438 1369 3498 postea
1395 3430 1775 3485 miraculorum
1806 3432 1885 3485 in-

274 3524 425 3576 tuitu
474 3530 863 3575 venerarcnlur
911 3529 1125 3590 gentes,
1154 3534 1289 3590 quos
1319 3528 1446 3574 ante
1494 3520 1639 3574 velut
1672 3522 1882 3589 abjecta

274 3613 558 3681 mancipia
585 3613 964 3681 possederunt.
1001 3612 1129 3669 Sive
1177 3612 1346 3680 magis
1395 3611 1460 3665 ad
1499 3612 1767 3666 diabolum
1800 3615 1883 3669 vel

274 3709 567 3763 ministros
596 3708 714 3776 ejus
746 3706 935 3762 referri
966 3714 1175 3776 potest,
1206 3712 1465 3761 utcoram
1487 3706 1564 3759 eis
1596 3706 1885 3761 redderen-

279 3812 375 3857 tur
409 3802 587 3868 liberi,
620 3815 845 3871 quorum
896 3800 1163 3868 pravitate
1212 3799 1360 3868 prius
1399 3799 1722 3853 videbantur
1762 3814 1881 3855 esse

273 3890 507 3960 captivi.
542 3890 694 3946 Unde
735 3890 1023 3959 Apostolus
1070 3889 1240 3943 dicit:
1288 3888 1580 3959 Principem
1618 3890 1881 3957 potestatis

274 3987 424 4039 aeris
446 3986 625 4054 hujus,
648 3984 735 4054 qui
760 3990 1004 4053 aperatur
1031 3980 1082 4035 in
1112 3981 1234 4051 ﬁliis
1266 3980 1401 4052 [ed.,
1431 3980 1483 4033 in
1512 3979 1669 4050 ﬁlios]
1694 3981 1881 4047 inﬁde—

274 4079 447 4132 litatis
476 4076 692 4146 (Ephes.
728 4092 785 4139 tt,
812 4073 869 4145 2)
897 4092 912 4141 ;
940 4084 992 4130 et
1014 4073 1141 4128 alibi
1166 4090 1179 4126 :
1216 4072 1285 4125 Ut
1312 4072 1613 4140 resipiscant
1637 4088 1668 4125 a
1690 4072 1880 4126 diaboli

273 4172 485 4239 laqueis
515 4169 758 4239 captivati
787 4168 939 4240 [mss.
983 4169 1074 4233 A.,
1110 4167 1194 4233 B.,
1229 4165 1315 4229 F.,
1349 4163 1507 4234 capti]
1539 4164 1601 4217 ab
1637 4164 1754 4233 ipso
1798 4181 1879 4220 se-

270 4264 512 4320 cundum
537 4263 700 4332 ipsius
728 4262 1043 4315 voluntatem
1081 4258 1099 4329 (
1126 4257 1185 4311 II
1214 4257 1350 4312 Tim.
1384 4273 1441 4324 ιι,
1470 4256 1589 4326 26).

355 4356 521 4412 Vers.
559 4358 653 4413 45.
706 4354 888 4411 Salvos
920 4354 1001 4424 [ac
1032 4370 1145 4420 nos,
1190 4351 1404 4407 Domine
1434 4349 1573 4406 Deus
1603 4358 1797 4416 noster,
1830 4359 1878 4405 et

272 4467 544 4523 congrega
572 4466 664 4504 nos
694 4449 758 4503 de
786 4447 1102 4501 nationibus.

356 4543 521 4597 Vers.
563 4540 652 4595 46.
691 4538 759 4595 Ut
781 4540 1116 4609 conﬁteamur
1137 4538 1333 4593 nomini
1353 4544 1529 4591 sancto
1562 4543 1667 4603 tuo,
1696 4540 1742 4589 et
1767 4535 1877 4606 glo-

1988 3380 2294 3421 mereamur
2324 3382 2337 3417 :
2368 3364 2676 3419 Benedictus
2702 3363 2950 3419 Dominus
2974 3363 3112 3419 Dens
3143 3362 3310 3417 Israel
3330 3380 3361 3416 a
3387 3364 3572 3417 sarculo

1987 3471 2034 3515 et
2064 3478 2222 3531 usque
2242 3462 2295 3515 in
2315 3459 2590 3516 saeculum.
2623 3460 2931 3515 Meminisse
2952 3457 3402 3513 autemdcbcmus
3431 3456 3571 3525 quod

1990 3554 2075 3609 hic
2107 3555 2361 3624 psalmus,
2394 3554 2643 3623 quamvis
2672 3553 2886 3620 habeat,
2918 3550 3249 3605 Peccavimus
3277 3566 3389 3603 cum
3416 3549 3572 3618 patri-

1986 3647 2076 3699 bus
2137 3646 2346 3709 nostris,
2400 3646 2589 3717 injuste
2637 3646 2847 3717 egimus,
2882 3644 3199 3712 iniquitatem
3240 3643 3471 3709 fecimus,
3502 3639 3567 3693 ad

1988 3738 2310 3806 plenitentes
2339 3746 2516 3792 tamen
2546 3754 2650 3791 non
2680 3738 2870 3792 debeat
2894 3735 3174 3805 applicari.
3198 3734 3455 3795 Primum,
3480 3732 3568 3786 cui

1986 3828 2231 3884 festivum
2264 3831 2487 3885 Alleluia
2506 3828 2841 3898 praemissum
2876 3837 2987 3892 est;
3021 3825 3214 3881 deinde
3239 3825 3359 3893 quia
3394 3821 3570 3893 loqui-

1986 3931 2073 3979 tur
2100 3926 2333 3993 populus
2366 3925 2737 3989 Hebraeorum,
2770 3937 2890 3977 cum
2919 3919 3143 3987 singulae
3174 3932 3416 3987 persona:
3460 3930 3572 3985 pte-

1984 4016 2276 4070 nitentibus
2326 4015 2559 4077 dentur;
2628 4010 2786 4066 tertio
2836 4010 2954 4077 plus
3005 4008 3284 4062 historiam
3336 4005 3572 4061 continet

1983 4123 2145 4178 quam
2171 4106 2365 4160 delicta
2395 4104 2655 4172 deplorat.
2711 4103 2766 4155 In
2808 4100 2991 4153 multis
3039 4106 3299 4167 praeterea
3350 4095 3571 4165 psalmis

1979 4201 2048 4257 de
2106 4199 2311 4270 peccati
2360 4194 2722 4251 satisfactione
2761 4190 2995 4248 breviter
3027 4190 3233 4245 invenis
3264 4186 3369 4243 dici
3398 4205 3415 4257 ;
3448 4202 3567 4242 cum

1983 4300 2163 4347 tamen
2192 4304 2298 4345 non
2326 4288 2392 4342 ad
2428 4289 2596 4357 ipsam
2627 4299 2844 4339 causam
2874 4282 3161 4336 videantur
3194 4279 3385 4350 aptari.

2282 4398 2644 4456 EXPOSITIO
2683 4397 2749 4452 IN
2786 4394 3113 4451 PSALMUM
3150 4392 3283 4461 ςνι.

2658 4492 2905 4548 Alleluia.

268 4639 339 4690 ri.
362 4653 480 4689 mur
510 4636 562 4688 in
591 4634 745 4687 laude
775 4599 889 4687 tua:
906 4632 1141 4701 Populus
1172 4630 1262 4686 ille
1290 4629 1375 4686 cui
1406 4630 1472 4682 ab
1510 4599 1666 4682 initio
1688 4599 1877 4697 psalmi
1910 4630 1959 4689 ι)
2058 4612 2318 4683 Quoniam
2345 4608 2585 4701 psalmus
2617 4606 2719 4661 iste
2761 4618 2882 4659 cum
2912 4602 3032 4658 aliis
3074 4601 3284 4701 duobus
3336 4599 3575 4669 superio-

270 4731 445 4784 istius
477 4728 638 4781 verba
673 4726 944 4791 dedimus,
978 4734 1258 4796 postquam
1304 4736 1363 4777 se
1410 4720 1561 4789 capia
1594 4719 1888 4773 Dominica:

272 4820 465 4874 laudis
502 4818 764 4888 explevit,
799 4827 950 4873 sexta
994 4817 1302 4870 narratione
1344 4814 1557 4867 Patrem
1601 4811 1885 4866 Dominum

264 4916 613 4982 deprecatur
652 4920 713 4966 ut
766 4909 1062 4964 Ecclesiam
1095 4921 1246 4963 suam
1280 4907 1347 4961 de
1378 4905 1615 4976 gentium
1654 4918 1877 4974 congre-

268 5005 508 5075 gatione
538 5001 802 5072 perﬁciat.
829 5000 959 5056 Illud
1000 5013 1211 5069 quoque
1241 4996 1590 5065 subjungens,
1620 5004 1668 5048 et
1691 4993 1880 5065 glorise

272 5109 410 5147 mur
437 5095 493 5147 in
519 5093 673 5147 laude
715 5102 823 5157 tua,
856 5107 962 5145 non
1015 5090 1066 5144 in
1102 5091 1330 5144 humana
1355 5086 1637 5156 jactantia,
1689 5084 1782 5139 sed
1828 5083 1882 5138 in

271 5196 365 5245 te,
390 5185 481 5239 ubi
513 5194 595 5238 est
621 5199 813 5239 revera
846 5184 947 5237 lixa
977 5181 1167 5252 gloria,
1194 5189 1248 5235 et
1289 5180 1409 5233 sine
1444 5178 1548 5232 line
1578 5176 1779 5230 laetitia.
1815 5174 1884 5229 Et

270 5277 504 5332 intuere
534 5274 677 5344 quod
706 5274 791 5329 hic
820 5273 1030 5329 salvare
1058 5272 1252 5327 dicitur
1273 5270 1430 5324 Pater
1455 5286 1469 5333 ;
1502 5268 1695 5337 legitur
1722 5268 1881 5322 etiam

270 5377 350 5423 es
379 5366 571 5421 Filium
604 5366 838 5431 salvare,
882 5373 941 5419 ut
962 5375 1044 5419 est
1075 5363 1204 5417 illud
1233 5376 1249 5417 :
1282 5360 1432 5415 Venit
1463 5358 1632 5412 Filius
1664 5358 1882 5412 hominis

267 5459 492 5514 salvum
522 5463 691 5527 facere
716 5458 852 5528 quod
872 5459 1092 5530 perierat
1134 5453 1288 5525 (Luc.
1323 5468 1433 5516 xxx,
1470 5451 1581 5511 10).
1624 5448 1887 5505 Prmdica-

274 5564 388 5608 sur
409 5551 574 5606 etiam
607 5552 819 5606 salvare
852 5549 1110 5619 Spiritum
1146 5555 1413 5608 sanctum,
1440 5552 1496 5598 ut
1525 5552 1607 5598 est
1645 5540 1773 5595 illud
1819 5540 1885 5593 ad

269 5644 473 5702 Titum
501 5660 514 5696 :
546 5642 730 5697 Salvos
761 5658 851 5696 nos
878 5642 996 5713 fecit
1018 5656 1105 5712 per
1129 5639 1390 5694 lavacrum
1419 5631 1817 5704 regenerationis
1839 5639 1888 5683 et

273 5733 645 5789 renovatiom's
672 5732 831 5803 365
864 5733 1093 5799 Spiritus
1123 5731 1284 5785 sancti
1316 5722 1440 5799 (Tit.
1476 5741 1555 5792 ιιι,
1580 5723 1655 5795 5).
1686 5723 1776 5777 Sic
1808 5722 1887 5775 itt-

279 5824 591 5880 dit‘isibilis
616 5823 1198 5893 Ttinitatis‘mqna‘itas
1238 5832 1397 5891 atque
1438 5821 1636 5885 uuitnS,
1682 5823 1736 5870 et
1768 5829 1885 5869 νεν-

1993 4708 2143 4763 ribus
2172 4703 2333 4760 simili
2359 4700 2513 4756 titulo
2555 4706 2905 4769 praenotatur,
2933 4697 3219 4751 convenire
3245 4701 3494 4763 putamus
3523 4700 3574 4745 ut

1994 4814 2099 4855 nos
2124 4809 2339 4865 quoque
2371 4793 2612 4861 ipsorum
2665 4788 2960 4843 relationes
2987 4786 3087 4841 sub
3117 4799 3216 4837 una
3248 4782 3576 4851 expositione

1992 4899 2384 4949 memoremus;
2423 4890 2687 4954 quatenus
2719 4893 2915 4933 munus
2952 4876 3087 4930 tanti
3127 4875 3317 4929 secreti
3372 4872 3577 4927 facilius

1990 4978 2164 5050 possit
2192 4974 2441 5043 intelligi.
2470 4974 2527 5027 ln
2560 4973 2733 5039 primo
2760 4968 2987 5023 Alleluia
3032 4963 3441 5020 commendatur
3485 4976 3576 5031 po-

1992 5072 2149 5145 pulus
2172 5067 2509 5134 Judatorum,
2545 5064 2613 5119 de
2637 5077 2743 5132 quo
2774 5062 2920 5116 nulla
2946 5058 3163 5130 querela
3191 5063 3291 5111 est.
3334 5054 3577 5110 Secundo

1991 5184 2087 5225 eos
2115 5172 2530 5227 commemorat,
2582 5158 2673 5230 qui
2703 5158 2755 5212 in
2795 5156 2984 5211 eadem
3036 5161 3196 5223 gente
3236 5149 3577 5206 creberrimis

1990 5259 2380 5316 oll‘ensionibus
2404 5260 2739 5313 erraverunt.
2765 5258 2820 5304 et
2848 5248 2912 5301 ad
2936 5244 3142 5301 Domini
3165 5242 3386 5313 gratiam
3420 5240 3577 5309 ipsius

1994 5350 2345 5407 miseratione
2404 5344 2603 5401 reversi
2648 5350 2793 5397 sunt.
2826 5340 2925 5395 llic
2974 5351 3152 5392 autem
3213 5339 3585 5387 commonetur

1997 5443 2224 5514 populus
2246 5439 2609 5498 Christianus.
2643 5441 2701 5488 ut
2736 5431 2922 5486 laudes
2977 5425 3187 5483 Domini
3228 5438 3336 5514 pro,
3367 5420 3583 5514 collatis

1996 5509 2099 5589 sibi
2131 5529 2407 5586 beneﬁciis
2432 5528 2627 5583 debeat
2673 5535 2984 5593 personare.
3033 5520 3122 5575 Slc
3164 5515 3290 5588 [ed.,
3326 5509 3432 5581 hic]
3462 5511 3573 5564 bre.

1995 5628 2132 5681 viter
2160 5632 2337 5694 potest
2354 5620 2603 5690 intelligi,
2624 5616 2764 5689 quod
2790 5617 2841 5669 in
2873 5625 3192 5682 unoquoque
3217 5622 3402 5664 eorum
3424 5604 3577 5660 debet

1999 5716 2219 5788 inquiri.
2256 5714 2411 5771 Unde
2439 5727 2581 5767 nunc
2628 5709 2886 5782 propheta
2945 5703 3028 5776 (ut
3064 5703 3261 5758 dictum
3304 5699 3410 5767 est)
3438 5711 3576 5752 com-

2001 5819 2181 5867 monet
2206 5807 2458 5879 populum
2478 5803 2865 5867 Christianum,
2883 5797 2971 5869 qui
2994 5794 3201 5854 Domini
3221 5790 3581 5863 redemptione
