3966 6172
445 337 545 392 767

1666 337 1738 392 Μ.
1778 336 2059 396 AURELII
2095 338 2501 400 (ΞΑεείοΒοηί

3555 359 3641 415 768

450 452 685 507 salvatus
713 461 835 512 est-
868 460 925 506 ut
950 450 1255 506 conﬁtendo
1287 426 1595 519 praeterita,
1623 467 1818 507 novum
1848 462 2030 509 cantet
2056 454 2105 514 A
2136 466 2376 513 ruerunt.
2438 458 2717 529 Signiﬁcat
2744 467 2922 519 autem
2969 463 3267 535 specialiter
3304 470 3508 539 populos
3538 492 3649 547 gen-

457 544 692 598 Alteluia.
750 543 863 597 Vos
894 543 994 597 ista
1016 542 1196 597 suavis
1225 550 1328 608 est,
1364 542 1453 598 hic
1472 557 1653 599 sermo
1675 544 1897 600 feStivus
1926 555 2029 600 est.

456 634 790 701 Quapropter
814 645 1134 687 venerat-ter
1157 634 1436 689 audiamus
1466 636 1723 704 stupenda
1745 639 2027 707 magnalia,

452 739 570 790 qua:
602 726 733 778 tanti
762 725 897 781 tituli
933 726 1220 795 splendore
1245 737 1631 794 praenotantur.

1028 836 1222 891 Divisio
1247 837 1454 908 psalmi.

524 948 649 1002 Post
673 948 918 1003 Hebraici
942 950 1122 1018 populi
1147 950 1562 1017 confessionem,
1585 952 1652 1006 de
1674 952 1865 1022 quibus
1895 968 2032 1020 prte-

455 1040 709 1095 cedentes
750 1043 939 1110 psalmi
969 1043 1129 1096 locuti
1162 1052 1313 1108 sunt,
1365 1044 1625 1112 propheta
1666 1046 1811 1099 venit
1841 1045 1903 1095 ad
1937 1060 2032 1112 po-

455 1134 631 1199 pulum
663 1133 1056 1198 Christianum,
1084 1136 1173 1203 qui
1205 1150 1302 1205 per
1341 1137 1509 1204 spatia
1556 1138 1715 1190 totius
1757 1136 1902 1191 orbis
1942 1152 2032 1191 su—

454 1225 826 1293 perstitionum
859 1226 1152 1283 solitudine
1198 1239 1355 1296 atque
1384 1244 1571 1284 errore
1602 1231 1894 1299 vagabatur
1921 1248 1933 1283 z
1980 1231 2028 1284 in

456 1316 624 1382 prima
660 1316 902 1371 sectione
934 1331 1282 1372 commoncns
1327 1334 1449 1373 eum
1495 1330 1551 1373 ut
1606 1320 1789 1375 laudes
1823 1321 2031 1375 Domini

454 1406 643 1460 debeat
679 1406 945 1472 confiteri,
975 1410 1227 1477 quoniam
1253 1411 1368 1479 ejus
1388 1410 1625 1480 glorioso
1655 1413 1921 1481 sanguine
1944 1427 2029 1467 re-

453 1495 700 1565 demptus
740 1497 1013 1553 Ecclesias
1054 1502 1282 1568 accepit,
1328 1502 1416 1570 qui
1467 1519 1560 1570 per
1583 1517 1702 1558 aras
1729 1504 2028 1559 dmmonum

458 1588 715 1655 lucosque
748 1590 911 1642 stulto
936 1590 1243 1658 rapiebatur
1282 1606 1494 1646 errore.
1551 1593 1796 1648 Secunda
1833 1597 2030 1664 gratias

456 1679 585 1733 dicit
612 1680 839 1736 Domino
868 1684 1218 1752 peragendas,
1252 1683 1342 1753 qui
1387 1686 1658 1755 gentilium
1695 1688 1905 1743 animas
1938 1706 2029 1745 ve-

457 1771 633 1825 ritatis
662 1773 854 1841 pabulo
878 1774 1115 1844 jejunas,
1149 1777 1421 1845 religionis
1450 1794 1562 1834 sua:
1595 1783 1832 1836 ubertate
1863 1785 2026 1838 satia-

452 1864 543 1929 vit,
591 1873 643 1918 et
691 1880 875 1919 eorum
935 1868 1147 1921 vincula
1209 1879 1550 1937 peccatorum
1610 1871 2027 1943 inexsuperabili

451 1956 645 2010 virtute
674 1958 892 2026 dirupit.
928 1960 981 2013 In
1014 1962 1169 2014 tertia
1220 1962 1361 2016 Patri
1404 1966 1604 2034 gratias
1635 1968 1874 2035 pra-cipit
1909 1983 2031 2025 esse

450 2050 790 2117 referendas,
823 2054 943 2121 quia
972 2054 1229 2109 Dominus
1257 2057 1501 2111 Christus
1554 2059 1876 2127 adveniens,
1911 2062 2028 2116 dia-

451 2141 555 2195 boli
608 2154 790 2212 portas
820 2160 998 2200 caveas
1033 2158 1316 2218 vectesque
1376 2149 1578 2206 ferreos
1618 2153 2030 2222 omnipotentiae

450 2242 559 2286 sua:
583 2233 860 2303 maje~tatc
905 2239 1189 2307 confregit.
1224 2240 1423 2304 Quarta
1454 2242 1678 2297 Domino
1707 2243 1923 2299 Christo
1946 2261 2032 2300 sa-

451 2323 704 2376 criticium
749 2326 916 2379 laudis
946 2343 974 2380 a
1021 2330 1390 2384 sacerdotibus
1439 2343 1745 2388 commonet
1801 2335 2032 2390 offeren-

451 2413 598 2479 dum,
629 2414 715 2482 qui
747 2417 884 2469 inter
934 2419 1116 2472 saecoli
1158 2418 1316 2488 hujus
1374 2422 1792 2480 immaniSsimos
1837 2427 2029 2483 ﬂuctus

453 2504 813 2560 Ecclesiarum
838 2510 1211 2577 gubernationi
1259 2516 1408 2583 quasi
1459 2517 1773 2584 quibusdam
1807 2523 2030 2577 navibus

451 2599 741 2665 praesidere
769 2612 1061 2657 noscuntur
1090 2622 1105 2661 :
1146 2605 1464 2662 describens
1494 2611 1946 2678 quemadmodum
1976 2624 2031 2670 et

450 2690 685 2757 ipsorum
721 2694 1101 2749 tentationibus
1130 2697 1299 2753 virtus
1321 2697 1497 2753 divina
1531 2701 1818 2757 subvenire
1842 2704 2039 2776 digna;

449 2788 555 2834 tur.
589 2781 781 2847 Quinta
814 2786 1000 2839 iterum
1032 2786 1164 2841 dicit
1194 2804 1223 2842 a
1244 2792 1614 2847 sacerdotibus
1649 2805 1702 2849 et
1727 2798 2028 2854 senioribus

449 2871 732 2927 Dominum
765 2890 884 2929 esse
915 2879 1264 2949 laudandum,
1293 2886 1380 2960 qui
1408 2886 1742 2954 squalentem
1772 2890 2026 2945 mundum

448 2963 697 3019 ariditate
729 2970 928 3033 peccati
963 2971 1013 3022 in
1056 2975 1478 3028 arumniSsimam
1506 2976 1892 3045 jucunditatem
1919 2998 2029 3037 cm-

448 3052 569 3108 lesti
600 3072 819 3111 munere
844 3063 1225 3127 commutavit;
1256 3066 1395 3133 quod
1436 3068 1677 3122 videntes
1702 3071 1831 3123 recti
1865 3072 2027 3127 corde

448 3145 613 3199 nimia
641 3147 1000 3203 exsultatione
1043 3152 1369 3219 gaudebunt.
1403 3155 1533 3210 Illud
1558 3169 1740 3212 autem
1774 3163 2024 3217 conside-

448 3236 670 3290 randum
698 3248 799 3307 est,
827 3242 966 3308 quod
992 3238 1261 3309 praedicta!
1287 3256 1467 3313 partes
1492 3249 1758 3306 similibus
1785 3254 2027 3309 versibus

449 3328 702 3383 inchoare
732 3340 1047 3388 noscuntur.
1084 3334 1235 3400 Quod
1288 3352 1458 3405 genus
1503 3342 1759 3395 carminis
1797 3358 1825 3397 a
1860 3346 2026 3413 magi-

448 3419 580 3474 stris
603 3422 953 3477 saecularibus
980 3424 1300 3481 intercalare
1324 3430 1588 3483 vocitatur
1619 3449 1632 3485 :
1665 3433 1752 3485 ubi
1784 3435 1918 3489 adeo
1942 3449 2027 3490 re‘-

454 3512 640 3580 petitio
664 3514 851 3568 crebra
881 3517 1206 3583 geminatur,
1235 3526 1295 3571 ut
1333 3520 1635 3575 necessaria
1679 3525 2027 3580 commonitio

448 3602 711 3672 frequenti
756 3606 1074 3675 repetitione
1121 3606 1415 3661 dulcescat.

979 3718 1246 3791 Expositio
1269 3721 1474 3790 psalmi.

519 3830 673 3887 Vers.
705 3831 755 3886 I.
786 3830 1106 3900 Conﬁtemini
1130 3832 1369 3899 Domino,
1405 3838 1646 3904 quoniam
1690 3838 1870 3906 bonus,
1902 3856 2026 3906 quo-

447 3921 588 3975 niam
618 3924 668 3975 in
696 3923 941 3976 saeculum
972 3925 1318 3978 misericordia
1371 3931 1503 3996 ejus.
1544 3927 1849 3983 Praevidens
1896 3946 2022 3998 pro-

446 4012 604 4083 pheta
621 4013 875 4082 populum
902 4013 1267 4068 Christianum
1298 4015 1529 4071 adventu
1556 4016 1766 4072 Domini
1799 4021 2022 4090 gratiam

445 4111 864 4171 percepturum:
919 4119 984 4158 ne
1016 4106 1304 4160 securitate
1360 4108 1491 4160 tanti
1550 4110 1790 4164 beneficii
1846 4113 2023 4181 aliqua

449 4194 773 4261 negligentia
820 4194 1137 4260 lentaretur,
1173 4208 1480 4253 commonet
1529 4214 1650 4254 eum
1695 4212 1748 4255 et
1798 4203 2024 4271 prodere

443 4292 662 4351 peccata
700 4298 816 4350 sua,
850 4294 906 4339 et
934 4286 1119 4341 laudes
1146 4287 1354 4341 Domini
1387 4304 1679 4357 personare
1712 4311 1723 4345 :
1756 4296 1877 4362 quia
1919 4295 2024 4350 hoc

443 4374 685 4440 verbum,
718 4376 969 4443 conﬁteri,
1003 4377 1069 4429 ad
1118 4386 1402 4447 utrumque
1447 4381 1683 4436 diximus
1723 4386 2015 4451 pertinere.

443 4463 539 4517 ille
567 4464 708 4517 enim
741 4466 1009 4532 praeconia
1042 4466 1254 4521 Domini
1296 4470 1607 4527 salutariter
1651 4477 1897 4544 assumit,
1930 4480 2019 4547 qui

2137 545 2289 611 tium,
2322 548 2414 618 qui
2444 553 2703 622 sanguine
2728 554 2937 610 Domini
2959 555 3240 626 redempti,
3265 568 3315 615 et
3335 560 3396 616 de
3426 545 3653 632 potestate

2134 635 2334 691 diaboli
2358 637 2523 707 ipsius
2560 644 2907 701 miseratione
2930 646 3124 702 sublati
3160 660 3297 705 sunt.
3344 652 3496 710 Tanta
3535 663 3648 714 enim

2134 728 2326 786 duritia
2355 733 2535 802 rigens
2561 744 2721 805 atque
2741 739 2954 808 stupida
2979 754 3166 795 manus
3208 742 3344 798 illius
3370 745 3480 813 fuit,
3502 760 3551 803 ut
3570 752 3658 807 uisi

2135 823 2251 877 fuso
2281 838 2438 881 sacro
2468 830 2725 898 sanguine
2768 831 2936 887 laxari
2968 834 3115 889 nullo
3141 843 3371 904 tempore
3410 842 3654 908 pctuisset.

2134 916 2266 970 Nam
2288 920 2354 973 ad
2383 934 2477 975 eos
2508 923 2778 991 pertinere
2806 927 2948 995 quod
2972 926 3193 993 dicitur,
3224 933 3483 1000 sequentia
3508 934 3635 991 decls

2132 1020 2272 1064 rant.

2204 1100 2357 1156 Vera.
2391 1102 2444 1157 5.
2477 1102 2553 1157 De
2582 1105 2870 1173 regionibus
2900 1108 3219 1177 congregavit
3242 1125 3324 1162 eos
3347 1124 3362 1163 :
3386 1128 3416 1164 a
3438 1112 3546 1165 solis
3564 1122 3658 1167 ortu

2133 1199 2178 1243 et
2206 1208 2410 1256 occasu,
2433 1194 2495 1245 ab
2519 1195 2763 1262 aquilone
2786 1206 2834 1249 et
2856 1197 3009 1250 mari.
3058 1196 3159 1252 Per
3189 1197 3401 1267 ﬁguram
3421 1202 3657 1270 periphra-

2133 1280 2255 1344 sim,
2286 1298 2405 1352 qua:
2435 1285 2625 1339 Latine
2652 1286 2846 1341 dicitur
2878 1302 2971 1356 per
3000 1288 3303 1356 circuitum,
3345 1293 3544 1360 exponit
3565 1295 3660 1349 dis-

2133 1374 2323 1429 boliem
2352 1376 2588 1432 dexterae
2615 1394 2735 1448 qua:
2763 1379 2923 1435 fuerit
2956 1390 3198 1451 potestas
3228 1383 3277 1437 in
3297 1382 3419 1439 'toto
3446 1385 3563 1440 orbe
3579 1386 3663 1441 dif-

2134 1462 2250 1518 fusa
2277 1483 2291 1526 ;
2322 1475 2379 1519 ut
2402 1468 2718 1523 beneficium
2750 1479 2951 1525 sancta:
2975 1472 3357 1529 incarnationis
3397 1475 3664 1533 hominibus

2135 1554 2459 1621 innotescat,
2486 1575 2604 1628 qua:
2627 1569 2680 1614 et
2704 1571 2979 1616 auctorem
3014 1564 3373 1632 perniciosum
3412 1568 3667 1635 maiestatis

2132 1659 2245 1699 sua:
2285 1651 2521 1717 potentia
2545 1652 2813 1722 religavit,
2840 1662 2895 1707 et
2916 1654 3098 1709 vincto
3121 1670 3250 1711 vasa
3277 1658 3457 1712 mortis
3483 1660 3667 1729 eripuit.

2136 1739 2281 1794 Dixit
2311 1742 2477 1809 prius,
2508 1743 2586 1797 De
2623 1747 2935 1815 regionibus.
2997 1748 3064 1801 Et
3093 1763 3163 1804 ne
3197 1758 3410 1818 putares
3434 1752 3497 1807 de
3519 1755 3671 1822 paucis

2063 1828 2108 1887 Β
2139 1832 2430 1897 provinciis
2457 1844 2831 1905 congregatos,
2856 1837 3078 1905 addidit,
3102 1856 3133 1891 a
3152 1841 3276 1894 solis
3302 1851 3413 1895 ortu
3433 1850 3477 1894 et
3497 1857 3672 1908 occasu,

2133 1922 2195 1976 ab
2220 1923 2458 1991 aquilone
2486 1934 2532 1976 et
2559 1928 2708 1979 mari.
2743 1927 2873 1981 Cum
2918 1938 3030 1984 tres
3054 1931 3308 1987 cardines
3352 1934 3523 1989 mundi
3560 1935 3676 1989 desi-

2133 2014 2395 2081 gnaverit,
2427 2029 2520 2083 pro
2546 2028 2757 2085 quarto,
2796 2018 2844 2071 id
2882 2030 2964 2073 est
3008 2036 3103 2089 pro
3136 2023 3363 2077 auSIrali
3394 2024 3558 2092 posuit
3582 2039 3677 2079 ma-

2132 2117 2228 2158 re:
2256 2103 2323 2157 ab
2356 2104 2447 2157 illa
2479 2116 2630 2174 parte
2652 2107 2916 2163 Oceanum
2945 2112 3132 2166 volens
3185 2113 3427 2184 intelligi,
3463 2116 3547 2185 qui
3573 2130 3682 2171 cun-

2135 2203 2275 2248 ctam
2303 2196 2484 2249 mundi
2513 2199 2806 2267 marginem
2825 2202 3025 2256 dicitur
3062 2205 3373 2261 circumire.
3409 2208 3590 2263 Similis
3613 2218 3681 2263 est

2136 2297 2189 2339 et
2220 2285 2308 2339 illa
2332 2285 2623 2356 descriptio
2654 2291 2703 2342 in
2745 2290 2963 2357 Genesi,
2994 2294 3081 2349 ubi
3113 2297 3312 2349 semini
3343 2297 3559 2351 Abralue
3586 2298 3685 2351 uni-

2134 2391 2349 2431 versum
2376 2379 2558 2433 orbem
2591 2384 2867 2447 promittit,
2896 2385 3110 2440 dicens:
3150 2388 3290 2441 Leva
3316 2391 3487 2444 oculos
3514 2400 3629 2455 tuos,
3648 2399 3685 2442 et

2135 2468 2249 2522 vide
2276 2485 2306 2521 a
2332 2471 2441 2523 loco
2467 2472 2518 2524 in
2546 2489 2647 2542 quo
2670 2491 2805 2527 nunc
2832 2485 2885 2529 tu
2904 2494 2974 2539 es,
2995 2480 3062 2530 ad
3084 2480 3383 2549 aquilonem
3411 2490 3686 2545 claustrum,

2135 2571 2181 2612 et
2203 2560 2271 2612 ad
2300 2563 2542 2615 orientem
2568 2574 2613 2616 et
2640 2568 2705 2618 ad
2727 2582 2886 2631 mare,
2918 2570 3165 2636 quodest
3199 2589 3406 2626 occasus
3437 2573 3576 2645 (Gen.
3594 2589 3686 2635 xm,

2135 2654 2243 2721 H).
2278 2653 2501 2709 Occasus
2548 2659 2688 2712 enim
2718 2660 2931 2725 dicitur,
2964 2663 3119 2729 quasi
3154 2666 3409 2719 horarum
3438 2679 3602 2720 casus.
3629 2666 3691 2720 lta

2132 2758 2281 2800 mare
2305 2746 2445 2814 quod
2481 2746 2565 2801 hic
2598 2751 2777 2816 posuit
2808 2766 2904 2820 pro
2933 2762 3143 2819 austro,
3182 2756 3256 2811 ibi
3307 2772 3405 2827 pro
3447 2756 3693 2811 occidente

2132 2842 2343 2888 constat
2371 2850 2491 2889 esse
2518 2839 2870 2895 nominatum.
2907 2841 3247 2899 Vocabulum
3290 2846 3545 2917 siquidem
3572 2842 3692 2900 istud

2132 2939 2231 2993 pro
2259 2926 2497 2993 qualibet
2519 2938 2669 2995 parte
2701 2932 2884 2986 mundi
2914 2943 3087 3000 potest
3118 2944 3497 3003 competenter
3524 2933 3692 3005 aptari,

2131 3018 2343 3084 quando
2370 3020 2670 3074 universum
2704 3032 2898 3076 terram
2928 3026 3135 3080 circulo
3180 3029 3352 3084 fertur
3385 3044 3492 3083 sure
3527 3041 3694 3097 perva-

2130 3108 2361 3176 gationis
2391 3110 2685 3165 includere.
2729 3114 2879 3169 Unde
2922 3117 3214 3173 evidenter
3263 3120 3557 3173 advertitur
3581 3118 3697 3171 hanc

2057 3199 2103 3262 C
2132 3206 2434 3270 generalem
2467 3206 2843 3262 adnuatianem
2873 3227 2978 3266 non
3010 3213 3076 3267 de
3109 3214 3323 3270 Judmis
3356 3216 3483 3282 dici,
3530 3212 3619 3269 sed
3639 3212 3696 3267 de

2131 3295 2371 3350 Ecclesia
2416 3298 2700 3366 catholica,
2752 3317 2870 3370 quae
2920 3318 2986 3359 ex
3014 3314 3130 3359 toto
3169 3306 3307 3362 orbe
3334 3306 3566 3362 noscitur
3590 3318 3698 3358 con-

2128 3396 2367 3458 gregata.

2201 3478 2353 3533 Vers.
2393 3479 2445 3533 4.
2480 3479 2784 3536 Erraecrunt
2816 3484 2867 3536 in
2908 3487 3196 3543 solitudine
3223 3491 3280 3544 in
3320 3490 3559 3554 siccitate,
3588 3488 3703 3541 viam

2129 3571 2344 3625 civitatis
2364 3574 2692 3630 habitationis
2715 3594 2811 3629 non
2829 3579 3145 3635 inuenerunt.

2207 3662 2355 3717 Vers.
2379 3665 2430 3718 5.
2459 3664 2758 3721 Esurientes
2777 3678 2821 3722 et
2850 3671 3095 3735 sitientes,
3124 3674 3307 3726 animo
3330 3690 3503 3727 eorum
3530 3673 3580 3725 in
3599 3670 3705 3741 ipsis

2129 3752 2329 3821 defecit.
2356 3753 2608 3819 Quamvis
2647 3757 2875 3812 diversa:
2903 3768 3094 3827 gentes
3136 3763 3444 3830 gauderent
3472 3773 3702 3815 numero-

2127 3842 2287 3895 sitate
2307 3844 2641 3912 populorum,
2682 3854 2859 3901 tamen
2908 3849 2961 3903 in
3013 3850 3322 3907 solitudine
3353 3852 3705 3915 versabantur,

2129 3948 2249 3987 cum
2277 3936 2453 3989 nullos
2484 3938 2795 3993 verissimus
2842 3940 3094 3995 doctores
3117 3984 3134 4010 ,
3189 3944 3400 3999 nullam
3433 3940 3705 3998 Ecclesium

2128 4024 2325 4080 habere
2362 4027 2771 4095 probarentur;
2823 4033 2945 4101 quia
3002 4037 3396 4102 superstitiosa
3460 4033 3709 4107 gentilitas

2129 4117 2259 4168 viam
2297 4118 2514 4172 civitatis
2566 4120 2795 4187 Domini,
2845 4124 2933 4177 ubi
2966 4124 3216 4182 habitare
3248 4128 3551 4190 debuisset,
3590 4137 3704 4179 nec-

2127 4204 2251 4257 dum
2285 4221 2405 4259 cum
2456 4207 2613 4262 idolis
2651 4211 2994 4279 sacrificaret,
3054 4215 3376 4273 invenerat.
3438 4214 3711 4269 Esuricntes

2125 4307 2300 4349 autem
2328 4307 2377 4350 et
2393 4298 2617 4352 sitientes
2640 4303 2880 4355 curiosos
2910 4302 3068 4371 hujus
3109 4309 3307 4361 saeculi
3349 4305 3609 4376 signiﬁcat
3634 4304 3703 4355 vi-

2126 4403 2239 4449 ros,
2268 4392 2355 4459 qui
2380 4392 2621 4446 veritatis
2649 4395 2873 4448 semitas
2896 4395 3128 4451 diversis
3161 4400 3526 4468 opinionibus
3550 4393 3711 4465 exqui-

2126 4482 2339 4537 rebant.
2367 4483 2474 4537 Sed
2507 4487 2760 4551 quoniam
2790 4501 2895 4542 non
2945 4490 3309 4545 crediderant
3334 4492 3456 4561 ejus
3486 4486 3707 4549 Auctori,

442 4553 589 4621 prius
610 4568 733 4608 eum
761 4554 1076 4610 delictorum
1105 4573 1320 4612 suorum
1347 4561 1685 4618 confessione
1709 4566 2017 4633 placaverit.
2049 4566 2103 4628 D
2129 4572 2180 4626 in
2210 4589 2332 4628 vera
2364 4578 2630 4644 sapientia
2662 4593 2767 4632 non
2822 4589 3072 4648 poterant
3123 4580 3395 4639 inveniri.
3452 4582 3710 4651 Sequitur.

445 4644 800 4712 Subsequitur
829 4645 1010 4712 etiam,
1049 4650 1292 4716 quoniam
1332 4650 1492 4704 bonus
1516 4692 1531 4718 ,
1564 4663 1619 4706 ιιι
1651 4657 2017 4722 peccatoribus

439 4734 847 4789 sitconfidentia
875 4746 994 4804 post
1036 4738 1451 4795 satisfactionem
1499 4744 1587 4811 pio
1628 4745 1854 4801 Domino
1894 4764 2019 4819 sup-

438 4823 655 4892 plicare.
685 4823 750 4879 In
784 4828 1026 4880 swculum
1044 4843 1172 4882 vero
1198 4829 1305 4896 hic,
1342 4833 1606 4901 significat
1636 4835 1688 4889 in
1718 4850 2013 4895 mternum:

438 4916 560 4984 quia
593 4916 796 4971 nullum
841 4929 1053 4988 tempus
1082 4931 1163 4975 est
1193 4925 1333 4991 quod
1386 4927 1453 4981 ab
1498 4929 1615 4997 ejus
1642 4932 2009 4989 misericordia

434 5010 738 5077 reperiatur
765 5023 1068 5081 exceptum.
1112 5015 1241 5069 Nam
1272 5025 1326 5070 et
1358 5017 1444 5072 hic
1466 5022 1743 5075 consuevit
1766 5037 2010 5092 parcere,

432 5109 487 5154 et
512 5100 581 5155 ibi
606 5102 851 5158 fidelibus
878 5104 1179 5174 dignabitur
1208 5118 1405 5164 aeterna
1441 5113 1655 5178 prtcmia
1680 5115 2009 5173 condonare.

433 5190 509 5245 ita
542 5191 602 5245 fit
632 5200 686 5246 ut
710 5208 922 5265 semper
947 5196 1108 5250 bonus
1139 5199 1464 5266 supplicibus
1492 5202 1622 5269 suis,
1653 5220 1869 5273 semper
1912 5210 2013 5262 mi—

431 5283 666 5337 sericors
694 5287 1048 5352 approbetur;
1096 5304 1215 5341 nam
1245 5297 1296 5343 et
1321 5305 1439 5345 cum
1474 5290 1679 5360 judicat
1707 5297 1877 5353 bonus
1902 5312 2006 5367 est,

431 5374 553 5441 quia
585 5374 787 5442 iustitia
816 5376 953 5431 bona
982 5387 1081 5433 est.

507 5464 743 5543 Vers.2.
780 5467 964 5522 Dicant
1003 5486 1138 5524 nunc
1178 5474 1265 5540 qui
1295 5473 1541 5544 redempti
1571 5486 1689 5531 sunt
1710 5496 1741 5534 a
1763 5478 2005 5551 Domino,

436 5555 598 5626 366
625 5574 749 5623 quos
772 5561 983 5613 redemit
1024 5563 1089 5616 de
1130 5580 1285 5617 manu
1336 5566 1551 5621 inimici.
1605 5569 1791 5627 Dicant
1826 5575 2008 5645 utique

435 5648 678 5711 Alleluia,
719 5652 858 5719 quod
885 5654 1067 5709 titulus
1100 5656 1194 5724 ait,
1220 5667 1273 5713 et
1299 5672 1357 5713 se
1390 5660 1642 5728 jucundis
1690 5670 1999 5727 exsultatio-

435 5731 592 5792 uibus
616 5743 959 5801 consolentur
984 5749 1073 5817 qui
1102 5750 1169 5804 ad
1197 5750 1406 5807 Domini
1429 5756 1650 5824 gratiam
1682 5762 1861 5818 venire
1890 5780 2002 5822 tne-

2129 4664 2302 4717 anima
2322 4682 2497 4720 corum
2534 4670 2586 4721 in
2616 4670 2739 4739 ipsis
2762 4672 2966 4742 defecit.
2999 4671 3065 4725 In
3093 4675 3258 4745 ipsis,
3303 4678 3493 4744 utique
3535 4671 3713 4727 labori-

2124 4758 2223 4813 bus
2254 4770 2418 4829 atque
2449 4761 2641 4815 studiis
2691 4777 2876 4818 eorum
2931 4766 3263 4822 animositas
3308 4768 3510 4823 lassata
3540 4777 3711 4819 succu.

2124 4848 2237 4904 buit
2267 4867 2281 4903 :
2314 4852 2435 4920 quia
2484 4853 2563 4906 sic
2607 4853 2771 4909 Deum
2822 4857 3211 4914 desiderabant
3244 4875 3519 4930 quaerere,
3547 4871 3714 4928 quem-

2123 4942 2409 4997 admodum
2435 4959 2540 4998 non
2576 4956 2825 5014 poterant
2852 4948 3118 5004 invenire.

2198 5033 2348 5088 Vers.
2375 5034 2426 5089 6.
2457 5036 2523 5089 Et
2548 5039 2891 5094 clamat-erunt
2921 5040 2990 5093 ad
3018 5042 3312 5096 Dominum
3354 5060 3473 5097 cum
3513 5041 3713 5096 tribula—

2120 5135 2316 5190 rentur,
2344 5135 2388 5179 et
2410 5126 2472 5178 de
2493 5131 2868 5185 necessitatibus
2896 5148 3068 5185 eorum
3111 5133 3367 5188 liberavit
3399 5151 3505 5189 eos.

2193 5215 2342 5270 Vers.
2380 5217 2429 5271 7.
2464 5217 2527 5271 Et
2555 5219 2729 5272 eduxit
2760 5238 2844 5275 eos
2891 5225 2942 5276 in
2974 5224 3109 5277 viam
3153 5236 3384 5295 rectam,
3421 5240 3475 5281 ut
3500 5228 3625 5278 irent
3664 5224 3708 5274 in

2116 5309 2367 5363 civitatem
2395 5311 2740 5367 habitationis.
2792 5316 3269 5381 Quemadmodum
3314 5320 3526 5375 duobus
3549 5316 3703 5371 versi-

2118 5400 2216 5453 bus
2239 5402 2606 5470 superioribus
2628 5405 2917 5475 descripsit
2938 5420 3218 5476 errautes,
3254 5413 3332 5467 ita
3359 5428 3503 5467 nunc
3518 5410 3707 5465 duobus

2118 5492 2239 5546 aliis
2272 5493 2434 5546 refert
2467 5495 2531 5549 ad
2564 5497 2772 5551 Domini
2798 5500 2935 5553 dona
2967 5500 3298 5558 redeuntes.
3332 5503 3703 5563 Clamavernnt,

2116 5583 2380 5652 significat
2409 5600 2600 5657 magno
2629 5587 2899 5645 desiderio
2947 5591 3316 5660 quaesierunt.
3369 5596 3501 5662 Quae
3542 5603 3703 5647 tamen

2116 5679 2457 5745 compunctio
2507 5696 2534 5732 a
2583 5682 2805 5737 Domino
2840 5685 3004 5749 venit,
3038 5693 3099 5738 ut
3146 5686 3288 5741 illud
3345 5688 3707 5744 desideranter

2117 5775 2345 5837 petatur,
2380 5772 2518 5841 quod
2543 5777 2883 5843 Cognoscitur
2906 5793 3023 5833 csse
3048 5781 3393 5847 proficuum.
3430 5782 3497 5837 Et
3520 5789 3574 5834 ut
3602 5775 3697 5828 vim
