3966 6172
305 265 402 321 769

1238 259 1598 319 EXPOSITIO
1645 259 1712 315 ΙΝ
1750 258 2215 319 PSALTERIUM.
2258 262 2453 321 PSAL.
2493 262 2625 316 CVI.

3472 266 3573 321 770

298 379 467 447 ipsius
493 378 723 434 nominis
761 376 1040 443 indicaret,
1071 376 1295 442 addidit,
1328 394 1443 432 cum
1485 376 1874 432 tribularentur.
1910 375 1960 435 A
1983 378 2218 447 gravius,
2244 379 2476 434 animam
2494 381 2747 449 probatur
2769 380 3028 452 afﬂigere.
3050 380 3271 453 Ferrum
3303 382 3569 449 significat

297 470 411 538 Quo
435 478 679 538 tempore
704 469 910 525 clamor
947 468 1128 529 cordis
1171 470 1299 523 totis
1340 469 1546 525 viribus
1589 468 1876 537 excitatur,

295 561 509 629 quando
539 570 593 617 et
620 559 910 617 imminens
940 559 1237 627 periculum
1270 560 1510 625 timetur,
1540 568 1594 614 et
1624 573 1883 628 praesum-

296 653 406 720 ptio
435 652 671 705 humana
700 650 1038 725 subducitur.
1088 650 1195 706 Sed
1238 651 1358 705 vide
1390 651 1519 721 quid
1549 651 1757 704 clamor
1783 651 1883 704 iste

294 740 637 809 praestiterit;
662 738 913 793 videlicet
938 748 997 794 ut
1034 749 1081 794 et
1113 741 1171 794 tle
1199 740 1581 797 necessitatibus
1608 740 1883 794 liberaren-

293 843 400 897 tur,
430 842 488 887 ct
531 832 752 886 semitas
782 832 1025 903 veritatis
1056 844 1449 904 agnoscerent;
1486 842 1749 905 quatenus
1793 833 1880 903 qui

296 925 505 994 pridem
538 924 591 979 in
619 924 764 978 invio
792 938 980 979 errore
1020 925 1368 994 vagabantur,
1397 935 1613 992 accepta
1642 926 1723 979 via
1754 940 1882 979 san-

293 1013 555 1067 ctissima:
580 1012 856 1079 religionis
886 1013 953 1068 ad
984 1014 1240 1069 Ecclesia:
1271 1015 1441 1070 beatae
1476 1015 1701 1070 feliciter
1745 1016 1879 1069 atria

292 1104 666 1174 pervenirent.

364 1197 521 1252 \‘ers.
550 1197 604 1251 8.
632 1196 985 1266 Conﬁteantur
1015 1197 1235 1255 Domino
1272 1200 1635 1255 misericordia:
1675 1202 1807 1272 ejus,
1833 1211 1881 1256 et

288 1298 552 1353 mirabilia
572 1299 685 1367 ejus
714 1297 840 1367 [iliis
867 1300 1156 1354 hominum.
1188 1299 1349 1361 Venit
1373 1301 1440 1355 ad
1468 1302 1766 1357 secundam
1796 1318 1883 1358 se-

289 1390 551 1455 ctionem,
586 1390 637 1441 in
668 1403 773 1458 qua
821 1399 1129 1444 commonet
1174 1391 1283 1460 jam
1328 1391 1516 1446 ﬁdeles
1557 1402 1615 1447 ut
1657 1393 1882 1447 Domino

290 1480 493 1551 gratias
517 1477 723 1535 referre
754 1494 859 1534 non
891 1480 1160 1547 desinant,
1195 1483 1284 1551 qui
1328 1482 1446 1552 ejus
1473 1484 1691 1552 copiosa
1721 1486 1883 1540 bene—

296 1574 417 1628 ficia
474 1581 855 1642 perceperunt.
915 1572 1193 1628 Veraciter
1229 1581 1409 1630 autem
1469 1585 1524 1630 et
1575 1576 1883 1632 salutariter

292 1665 497 1723 dictum
556 1672 641 1720 est
685 1664 884 1725 debere
936 1662 1159 1725 Domino
1211 1666 1444 1734 conﬁteri
1502 1667 1882 1722 misericordias

1988 469 2235 525 duritiam
2269 472 2552 538 malorum,
2589 472 2842 540 quoniam
2872 471 3110 528 ferreum
3144 472 3457 544 plerumque
3486 474 3573 529 tli-

1986 564 2156 617 cimus
2188 564 2329 634 quod
2359 564 2552 618 durum
2586 578 2706 627 esse
2729 573 3109 619 monstramus.

2061 653 2214 709 Vcrs.
2253 656 2338 709 Η.
2393 656 2528 720 Quia
2559 658 2981 711 exacerbaverunt
3017 656 3222 727 eloquia
3258 655 3491 726 Domini,
3523 668 3573 711 et

1986 744 2255 799 consilium
2284 748 2531 802 Altissimi
2560 748 2912 801 irritaverant.

2055 836 2213 907 367
2248 835 2403 892 Vcrs.
2434 838 2522 892 12.
2569 838 2635 891 Et
2666 839 2995 892 humiliatum
3019 848 3090 892 est
3122 838 3174 891 in
3204 838 3460 905 laboribus
3484 852 3573 893 cor

1986 939 2157 977 eorum
2174 944 2194 990 ;
2230 936 2274 979 et
2302 928 2545 996 inﬁrmati
2572 938 2721 994 sunt,
2751 944 2840 983 nec
2882 926 2979 998 fuit
3017 929 3103 997 qui
3142 930 3425 1001 adjuverat.
3474 930 3570 983 In-

1988 1016 2240 1071 tuendum
2272 1027 2354 1072 est
2382 1019 2524 1087 quod
2571 1020 2623 1073 iu
2667 1020 2748 1075 his
2790 1020 2997 1075 duobus
3027 1024 3272 1076 versibus
3304 1022 3469 1091 ﬁgura
3499 1022 3572 1083 sit

1984 1108 2227 1175 parison,
2271 1108 2321 1161 id
2353 1116 2435 1163 est
2460 1110 2690 1178 aequatio
2732 1110 3043 1177 sententia};
3092 1112 3315 1180 exponit
3341 1113 3483 1165 enim
3516 1111 3571 1165 in

1986 1197 2161 1265 primo
2189 1212 2345 1252 versu
2375 1199 2824 1269 quemadmodum
2866 1200 3232 1269 peccaverint,
3285 1210 3338 1255 et
3382 1203 3437 1255 iu
3481 1217 3572 1257 sc-

1986 1288 2160 1341 cuudo
2188 1304 2305 1357 quae
2336 1290 2657 1357 receperint.
2714 1290 2865 1356 Quod
2895 1292 3113 1346 schema
3154 1291 3207 1344 in
3235 1288 3339 1344 hoc
3370 1291 3572 1363 psalmo

1987 1380 2318 1450 frequenter,
2367 1380 2595 1450 diligens
2643 1382 2834 1457 lector,
2870 1383 3133 1438 invenies.
3186 1383 3261 1451 De
3290 1383 3395 1437 illis
3424 1383 3567 1437 enim

1985 1479 2115 1533 dicit
2143 1481 2232 1548 qui
2263 1481 2501 1534 sedebant
2541 1482 2593 1535 in
2635 1483 2851 1537 tenebris
2897 1492 2944 1536 et
2989 1482 3171 1538 umbra
3213 1485 3409 1546 mortis,
3451 1482 3573 1547 quia

1986 1584 2169 1625 Contra
2200 1572 2411 1626 Domini
2441 1574 2653 1642 eloquia
2686 1575 2964 1640 facientes,
3009 1575 3059 1628 in
3105 1574 3223 1644 ejus
3264 1573 3463 1643 rrgulis
3493 1573 3573 1626 vi-

1986 1676 2117 1719 vere
2146 1664 2494 1731 respuebant.
2541 1663 2611 1718 Et
2642 1677 2863 1719 necesse
2892 1673 3008 1719 erat
3037 1674 3095 1719 ut
3124 1673 3434 1734 paterentur
3462 1665 3573 1717 ira-

289 1770 439 1820 suas,
470 1754 597 1823 quia
627 1753 888 1824 quidquid
928 1755 982 1809 in
1011 1754 1168 1809 nobis
1197 1756 1409 1809 videtur
1449 1756 1743 1824 laudabile,
1768 1759 1884 1828 ejus
1914 1749 1961 1807 Β
1991 1760 2139 1819 tum,
2190 1768 2347 1823 quem
2394 1753 2704 1823 judicabant
2750 1770 2871 1811 esse
2916 1756 3282 1813 temnendum.
3336 1756 3574 1825 Denique

290 1857 507 1902 conStat
554 1860 675 1900 esse
702 1845 1027 1912 clementiae,
1062 1847 1153 1915 qui
1202 1856 1421 1916 peccata
1467 1849 1696 1916 relaxat,
1731 1865 1880 1920 Spem

292 1936 502 2001 tribuit,
526 1936 660 1989 etad
688 1935 942 1997 bonitatis
961 1951 1073 1990 sua:
1104 1937 1244 2003 dona
1269 1939 1535 2007 perducit.
1567 1940 1701 2009 Nam
1736 1943 1883 2011 quod

288 2026 425 2082 dicit
455 2027 761 2099 pluraliter,
788 2027 1200 2097 misericordias,
1251 2030 1380 2084 illud
1412 2033 1698 2101 significat,
1745 2050 1882 2101 quo-

290 2122 438 2175 niam
463 2120 644 2181 multis
668 2120 918 2189 quidem,
945 2121 1040 2176 sed
1076 2122 1289 2177 diversa
1315 2123 1557 2193 largitur,
1590 2123 1728 2179 sicut
1758 2126 1886 2183 dicit

288 2212 594 2282 Apostolus
626 2228 638 2265 :
673 2210 778 2266 Sed
826 2212 1171 2284 unusguisque
1199 2217 1464 2284 proprium
1508 2216 1699 2270 donum
1736 2218 1885 2271 habet

286 2320 350 2359 ea:
371 2304 505 2373 Deo,
531 2321 663 2358 unus
684 2305 893 2374 quidem
911 2306 1007 2370 sic,
1028 2307 1164 2360 alius
1188 2317 1359 2361 autem
1378 2311 1449 2362 sic
1471 2308 1524 2379 (Ι
1548 2308 1668 2363 Cor.
1685 2326 1777 2376 vlt,
1806 2310 1884 2381 7).

285 2395 635 2466 Quapropter
652 2396 739 2464 pio
773 2395 1001 2450 Domino
1024 2411 1238 2465 semper
1259 2398 1475 2464 dignum
1517 2411 1599 2465 est
1628 2402 1881 2469 conﬁteri,

286 2488 379 2556 qui
426 2503 526 2543 nos
552 2495 607 2543 et
634 2502 661 2539 a
689 2487 945 2555 periculis
978 2486 1192 2553 liberat,
1217 2500 1267 2541 et
1300 2489 1589 2557 splendore
1617 2508 1727 2547 suae
1768 2494 1881 2561 pie-

286 2577 425 2631 tatis
459 2577 746 2631 illuminat.
789 2575 1045 2631 Miracula
1076 2593 1203 2632 vero
1232 2595 1351 2647 quae
1382 2579 1509 2634 fecit
1536 2590 1777 2650 tempore
1807 2584 1884 2637 in-

286 2668 625 2725 carnationis
659 2681 794 2732 sum,
828 2682 924 2736 per
952 2671 1313 2739 evangelistas
1362 2680 1416 2727 et
1460 2674 1736 2743 apostolos
1786 2690 1883 2745 po-

285 2764 453 2823 steris
477 2762 609 2819 dicit
630 2777 751 2819 esse
785 2761 1153 2831 praedicanda,
1182 2766 1324 2820 sicut
1355 2775 1569 2821 constat
1600 2767 1882 2821 eﬁeCtum.

287 2856 569 2910 Memento
595 2863 773 2908 autem
810 2855 955 2925 quod
1009 2856 1094 2909 hic
1131 2871 1316 2909 versus
1355 2872 1448 2927 per
1479 2865 1708 2930 quatuor
1751 2858 1887 2911 divi~

285 2944 479 3005 siones
503 2958 671 3013 usque
700 2944 767 2999 ad
804 2944 963 3009 linem
1004 2945 1122 3006 sine
1154 2946 1329 3013 aliqua
1372 2948 1769 3015 permutatione
1809 2964 1887 3003 re-

287 3038 517 3104 petitur,
572 3045 628 3089 ut
672 3036 811 3089 sicut
867 3036 933 3095 tle
979 3046 1208 3109 quatuor
1239 3038 1420 3090 mundi
1469 3040 1708 3105 partibus
1755 3040 1886 3094 dicit

1988 1846 2112 1901 vide
2142 1847 2268 1917 quid
2300 1848 2561 1918 sequitur,
2589 1858 2635 1903 et
2660 1849 2929 1904 consilium
2950 1850 3200 1907 Altissimi
3222 1851 3573 1907 irritaverant.

1988 1938 2333 1993 Irritacerunt
2356 1940 2533 2009 plane,
2568 1951 2625 1995 ut
2653 1940 2745 2009 qui
2770 1941 2989 2011 superbi
3030 1942 3081 1997 in
3126 1944 3574 2012 prOSperitatibus

1990 2031 2331 2097 exsﬁteruut,
2379 2032 2435 2087 in
2481 2032 2918 2089 tribulationibus
2956 2042 3011 2088 et
3046 2037 3306 2105 angustiis
3337 2036 3572 2091 humiles

1991 2122 2364 2178 redderentur.
2413 2123 2622 2179 Justum
2650 2125 2964 2192 consilium,
3013 2126 3364 2184 saluberrima
3398 2129 3574 2182 medi-

1989 2213 2125 2281 cina,
2180 2222 2237 2269 ut
2284 2215 2505 2270 morbus
2534 2216 2712 2279 smculi
2756 2219 3026 2273 contrario
3075 2219 3299 2275 remedii
3350 2235 3573 2275 munere

1990 2316 2288 2373 curaretur.
2341 2308 2572 2377 Adiecit,
2604 2309 2849 2377 inﬁrmati
2891 2320 3026 2374 sunt,
3080 2310 3133 2365 id
3183 2319 3269 2366 est
3315 2325 3346 2365 a
3390 2313 3573 2367 Surculi

1990 2400 2408 2469 praesumptione
2436 2398 2813 2468 dejecti-sunt;
2846 2413 2903 2455 ut
2926 2400 3129 2457 facilius
3154 2402 3219 2457 ad
3246 2404 3575 2471 paenitentia:

1990 2489 2226 2543 remedia
2281 2492 2662 2557 pervenirent,
2718 2491 2764 2546 si
2814 2491 3162 2547 incitamenta
3213 2496 3568 2548 contumacia:

1992 2580 2371 2646 perdidissent.
2426 2580 2681 2636 Additum
2719 2590 2823 2649 est,
2872 2600 2963 2638 nec
3007 2585 3108 2655 fuit
3151 2587 3238 2653 qui
3281 2587 3574 2658 adjuverat,

1990 2672 2457 2739 Subaudiendum,
2508 2674 2666 2729 alter.
2732 2674 2901 2730 Nemo
2953 2677 3097 2731 enim
3162 2686 3382 2746 prastat
3431 2679 3575 2747 peri-

1990 2764 2212 2826 clitanti,
2260 2764 2362 2819 nisi
2407 2764 2491 2819 cui
2533 2765 2879 2834 omnipotens
2924 2766 3061 2821 Deus
3099 2768 3415 2835 prmceperit
3443 2766 3575 2822 sub-

1990 2858 2191 2911 venire.

2062 2946 2211 3001 Vers.
2244 2946 2328 2999 15.
2365 2945 2429 2999 Et
2458 2946 2801 3003 clamauerunt
2826 2948 2894 2999 ad
2917 2945 3190 3001 Dominum
3218 2962 3333 2999 cum
3362 2945 3574 3001 tribula~

1992 3048 2187 3102 rentur,
2216 3048 2263 3093 et
2293 3039 2353 3091 de
2382 3039 2756 3093 necessitatibus
2785 3056 2957 3092 eorum
2989 3039 3217 3092 liberavit
3246 3054 3349 3092 eos.

286 3126 595 3181 Ecclesiam
627 3134 1023 3194 congregatam,
1068 3125 1140 3187 ita
1189 3125 1256 3179 de
1310 3126 1529 3181 totidem
1574 3129 1885 3183 cardinibus
1914 3120 1962 3183 C
2063 3131 2220 3186 Vers.
2244 3133 2328 3186 14.
2366 3130 2431 3183 Et
2459 3132 2633 3187 eduxit
2656 3149 2739 3185 eos
2765 3131 2827 3184 de
2849 3132 3067 3185 tenebris
3095 3142 3140 3185 et
3166 3132 3346 3185 umbra
3372 3133 3573 3198 mortis,

284 3218 443 3273 orbis
483 3216 664 3283 laudes
708 3216 1091 3277 misericordia:
1141 3217 1310 3285 ipsius
1352 3218 1562 3273 devotis
1613 3220 1884 3276 mentibus

283 3310 610 3367 onerantur.

362 3401 527 3457 Vers.
560 3402 613 3457 9.
640 3402 775 3467 Quia
801 3403 1004 3457 satiavit
1036 3406 1265 3459 animam
1309 3407 1535 3469 inanem,
1574 3414 1621 3457 et
1656 3406 1885 3458 animam

280 3493 594 3547 esurientem
644 3495 848 3548 satiavit
882 3496 1044 3549 bonis.
1091 3493 1273 3550 Inanis
1321 3505 1405 3551 est
1430 3497 1621 3563 anima,
1670 3497 1885 3566 quando

278 3584 481 3638 mundi
512 3586 955 3652 perrersitatibus
981 3597 1264 3656 occupata,
1293 3587 1701 3663 ad‘Creatorem
1729 3604 1883 3642 suum

281 3677 500 3731 reverti
546 3678 689 3731 nulla
718 3678 1004 3735 devotione
1036 3680 1277 3735 festinat.
1311 3683 1550 3736 Animam
1600 3699 1729 3738 vero
1766 3701 1885 3739 esu-

277 3772 512 3825 rientem
542 3771 691 3839 dicit,
726 3773 941 3843 quando
982 3774 1090 3840 jam
1120 3774 1300 3829 divina
1335 3776 1505 3845 gratia
1556 3777 1764 3833 visitata
1814 3778 1881 3831 ad

281 3861 509 3915 Domini
541 3860 684 3933 [mss.
711 3863 798 3931 A.,
830 3863 920 3931 B.,
956 3862 1046 3929 F.,
1078 3881 1103 3916 a
1134 3864 1382 3935 Domino]
1406 3866 1675 3923 desiderat
1704 3868 1888 3922 venite

276 3952 640 4007 medicinam.
666 3953 819 4021 Quod
850 3954 1046 4009 factum
1072 3964 1153 4010 est
1182 3956 1233 4009 in
1272 3957 1541 4025 gentibus,
1565 3974 1681 4027 quae
1706 3959 1884 4013 inten-

275 4040 496 4093 tionem
529 4056 680 4095 suam
714 4044 946 4112 primum
988 4046 1039 4098 in
1070 4045 1341 4099 idolorum
1388 4048 1541 4101 vanis
1600 4047 1886 4105 desideriis

271 4134 669 4199 occupabant;
731 4143 858 4189 tunc
914 4137 1057 4190 enim
1119 4146 1272 4192 erant
1323 4139 1508 4199 inanes
1562 4152 1619 4193 et
1672 4153 1883 4205 vacuae,

271 4224 509 4292 quanth
532 4224 686 4278 benis
716 4224 977 4283 fructibus
1010 4226 1360 4297 privabantur
1405 4227 1597 4283 elusa}.
1632 4227 1885 4285 Secundo

270 4316 574 4369 esurientes
614 4318 818 4371 satiata:
858 4325 1004 4383 sunt,
1038 4319 1250 4388 quando
1282 4319 1491 4375 Domini
1541 4320 1886 4376 miseratione

268 4406 666 4473 commonitus,
696 4418 820 4462 vota
847 4423 942 4462 sua
972 4413 1038 4465 ad
1085 4410 1416 4478 ptenitcntia:
1438 4412 1612 4466 studia
1644 4422 1885 4467 transtu-

262 4501 493 4557 leranL

351 4587 645 4643 \'ers.10.
693 4588 945 4646 Sedentes
992 4592 1045 4644 in
1101 4592 1315 4647 tenebris
1356 4603 1402 4646 et
1451 4593 1634 4647 umbra
1674 4597 1885 4650 mortis:

259 4680 513 4733 vinculis
546 4681 750 4750 ligatos,
783 4685 836 4734 in
858 4684 1184 4738 mendicitate
1211 4692 1255 4736 et
1281 4684 1442 4751 ferro.
1489 4684 1737 4740 Gentium
1766 4702 1835 4754 qu
1857 4705 1884 4737 ιε

254 4780 425 4826 ante
453 4772 745 4826 adventum
781 4773 992 4828 Domini
1030 4774 1270 4843 fuerunt,
1319 4775 1372 4829 in
1431 4775 1533 4830 hoc
1578 4793 1735 4831 versu
1777 4780 1885 4831 vita

253 4863 652 4928 describitur;
679 4852 918 4919 sedebant
943 4868 1085 4921 enim
1115 4868 1168 4920 in
1192 4867 1430 4935 tenebris,
1458 4870 1710 4938 quoniam
1741 4870 1883 4941 [mss.

252 4959 371 5019 A.,
414 4953 509 5022 B.,
540 4954 606 5019 F,
638 4956 878 5028 quando]
908 4968 1147 5013 vacuata:
1197 4960 1402 5014 lumine
1452 4959 1598 5025 ﬁdei,
1649 4960 1889 5028 perﬁdia:

250 5044 544 5101 caecitate
574 5048 935 5101 reddebantur
976 5050 1243 5117 obscurae.
1279 5050 1344 5103 Et
1364 5064 1484 5111 cum
1519 5049 1670 5114 dicit,
1702 5051 1888 5104 seden-

248 5149 380 5200 tes,
427 5137 665 5191 ostendit
697 5153 789 5192 eas
831 5138 989 5208 longo
1033 5140 1137 5194 situ
1182 5139 1379 5196 ibidem
1430 5138 1597 5195 fuisse
1626 5146 1888 5195 versatas.

251 5227 502 5282 Umbra
528 5229 705 5281 mortis
765 5229 868 5281 fuit
912 5230 1095 5283 surculi
1158 5230 1309 5285 istius
1359 5227 1467 5283 vita
1526 5230 1738 5297 vitiosa,
1772 5246 1890 5299 quae

1987 3230 2034 3274 et
2062 3223 2264 3274 vincula
2292 3236 2463 3273 eorum
2495 3221 2736 3291 disrupit.
2771 3221 2910 3274 Ecce
2937 3235 3103 3289 quare
3134 3220 3397 3274 bumiliati
3426 3229 3573 3285 sunt,

1987 3326 2156 3380 quare
2187 3310 2467 3374 inﬁrmati;
2510 3310 2715 3363 scilicet
2758 3318 2816 3363 ut
2855 3312 2922 3361 ad
2956 3310 3234 3363 Dominum
3274 3312 3575 3378 clamarent,

1988 3401 2180 3456 delicta
2210 3401 2423 3471 propria
2452 3401 2793 3455 c0nﬁtentes.
2827 3400 3069 3457 Silebant
3094 3401 3237 3457 enim
3264 3402 3317 3455 in
3342 3401 3576 3458 elatione

1990 3476 2177 3563 positi,
2224 3494 2371 3547 velut
2403 3493 2669 3547 insensata
2712 3508 2904 3561 pecora
2945 3493 3151 3549 nullum
3183 3494 3403 3549 verbum
3433 3494 3576 3548 Salu-

1990 3596 2103 3641 tare
2133 3586 2445 3640 fundebant.
2478 3585 2829 3654 Compunctio
2858 3583 2997 3641 facta
3026 3595 3132 3651 est,
3158 3596 3210 3641 et
3238 3596 3364 3641 tunc
3386 3600 3576 3641 vocem

1986 3676 2283 3747 proﬁcuum
2315 3676 2681 3731 reddiderunt.
2719 3677 2784 3731 Et
2816 3676 3017 3745 inspice
3048 3677 3438 3735 misericordiae
3473 3677 3576 3732 Do-

1990 3769 2118 3822 mini
2149 3768 2342 3836 quibus
2371 3766 2807 3831 distinctionibus
2853 3778 3217 3835 exponuntur.
3270 3768 3473 3836 Primo,
3510 3770 3577 3824 de

1990 3862 2281 3913 necessitate
2310 3858 2340 3930 [⁸
2363 3860 2440 3922 d.,
2472 3854 2870 3928 necessitatibus]
2900 3860 3129 3912 liberavit
3159 3875 3264 3924 eos,
3317 3860 3406 3929 qui
3455 3875 3577 3929 pre-

1991 3950 2271 4005 mebantur
2292 3950 2551 4002 servitute
2572 3949 2791 4003 diaboli.
2824 3948 3045 4015 Deinde,
3072 3963 3101 4003 a
3132 3951 3574 4017 superstitionum

1988 4058 2204 4097 suarum
2262 4042 2478 4094 ttnebris
2529 4041 2703 4094 eduxit
2754 4040 2962 4101 animas
3016 4050 3357 4108 peccatorum
3409 4040 3575 4096 sorde

1992 4134 2241 4202 pollutas.
2272 4131 2477 4197 Tertio,
2506 4146 2611 4186 non
2635 4128 2793 4195 dixit,
2814 4128 3018 4183 vincula
3043 4143 3217 4183 eorum
3246 4128 3424 4194 solvit,
3451 4128 3570 4194 sed,

1990 4229 2230 4293 disrupit.
2285 4227 2375 4281 Sic
2404 4224 2603 4280 diaboli
2637 4221 2916 4293 tyrannica
2968 4232 3205 4291 potestas
3232 4219 3453 4286 Christo
3483 4235 3579 4278 ve-

1991 4325 2171 4378 niente
2196 4321 2437 4389 disrupta
2472 4326 2594 4382 est,
2646 4329 2702 4370 ut
2750 4331 3018 4384 nunquam
3069 4317 3120 4371 iu
3168 4314 3313 4370 illam
3344 4328 3447 4384 qua
3478 4314 3577 4370 fuit

1990 4414 2413 4466 dominationem
2446 4408 2624 4464 redire
2656 4408 2965 4475 praevaleat.

1914 4500 1967 4560 Ι)
2066 4502 2218 4557 Vers.
2254 4501 2339 4555 15.
2390 4500 2741 4565 Conﬁteantur
2772 4497 2989 4551 Domino
3034 4495 3400 4559 misericordia:
3440 4499 3573 4565 eius,

1990 4603 2036 4648 et
2066 4592 2321 4646 mirabilia
2349 4595 2457 4663 ejus
2488 4591 2608 4657 ﬁliis
2643 4589 2927 4641 hominum.
2966 4586 3125 4641 Venit
3153 4586 3219 4649 ad
3251 4585 3460 4641 tertiam
3491 4600 3578 4641 se-

1991 4686 2246 4751 ctionem,
2281 4685 2367 4737 ubi
2401 4684 2547 4736 illum
2580 4695 2792 4735 versum
2826 4680 3041 4748 repetit,
3072 4692 3232 4748 quem
3263 4678 3313 4731 in
3340 4678 3574 4733 secunda

1993 4777 2274 4847 parteiam
2307 4775 2458 4829 dixit.
2496 4774 2559 4829 lli
2590 4782 2714 4827 sunt
2740 4772 3105 4836 intercalares,
3138 4770 3285 4838 quasi
3317 4770 3368 4823 in
3392 4770 3572 4825 medio

1994 4868 2131 4920 calle
2180 4864 2368 4933 positi,
2417 4864 2466 4917 id
2515 4872 2597 4917 est
2644 4860 2696 4914 in
2745 4860 2999 4915 carminis
3048 4860 3239 4912 itinere
3276 4859 3574 4914 constituti.

1998 4958 2264 5012 Admonet
2287 4954 2428 5010 enim
2459 4954 2709 5009 liberatos
2736 4952 2878 5022 [ηυξ.
2911 4952 3002 5017 A.,
3030 4949 3117 5014 B.,
3146 4947 3243 5017 F.,
3276 4948 3577 5019 liberatori]

1996 5047 2195 5120 gratias
2239 5059 2421 5114 agere,
2471 5043 2596 5113 quia
2644 5042 2832 5109 januas
2865 5050 3205 5111 peccatorum
3232 5047 3287 5094 et
3315 5040 3578 5097 malorum

1998 5139 2237 5195 omnium
2266 5137 2497 5197 claustra
2528 5134 2695 5188 virtus
2722 5133 2900 5196 divina
2930 5130 3217 5201 confregit.

2068 5230 2223 5284 V’ers.
2257 5226 2343 5281 i6.
2380 5225 2512 5292 Quia
2540 5224 2771 5278 contrivit
2802 5232 2976 5292 portas
3004 5238 3180 5287 a’reas,
3214 5228 3261 5274 et
3289 5227 3447 5274 nectes
3479 5219 3582 5289 {er-

1994 5339 2106 5376 reos
2134 5319 2403 5391 confregit.
2445 5317 2569 5371 llam
2598 5326 2681 5371 est
2707 5328 2873 5370 causa
2900 5330 3002 5383 qua
3034 5314 3165 5368 dicit
3196 5312 3424 5366 Domino
3450 5324 3584 5365 con.

1998 5411 2272 5475 ﬁtendum,
2308 5408 2426 5478 quia
2476 5421 2575 5477 pro
2622 5406 2937 5460 liberatione
2984 5415 3167 5459 nostra
3205 5411 3385 5473 portas
3415 5416 3582 5455 (τηεσε

1994 5513 2250 5568 vectesque
2279 5499 2559 5569 confregit,
2593 5506 2649 5550 ut
2681 5497 2797 5567 ipso
2828 5495 2982 5550 nobis
3010 5497 3147 5549 viam
3182 5493 3476 5562 pra'bente.
3505 5492 3584 5546 vi-

1998 5605 2105 5651 tam
2135 5595 2288 5649 istam
2333 5591 2599 5661 possimus
2642 5589 2743 5645 sub
2784 5588 3070 5644 securitate
3102 5586 3357 5643 transire.
3409 5582 3585 5639 Porta

1996 5695 2120 5743 sunt
2164 5700 2318 5740 tenete
2370 5680 2648 5739 hominum
2699 5678 3117 5736 consuetudines
3171 5678 3413 5746 vitiosas,
3464 5690 3587 5747 qua:

242 5322 449 5376 illius
474 5317 656 5375 futurze
682 5320 872 5376 mortis
899 5321 1236 5377 teterrimam
1282 5320 1532 5389 portabat
1572 5321 1887 5391 imaginem,

262 5410 543 5463 Vinculi:
570 5412 751 5479 utique
783 5412 929 5481 ligati
959 5420 1137 5475 erant,
1162 5412 1251 5481 qui
1275 5410 1641 5465 dominatione
1666 5410 1886 5475 diaboli,

240 5509 645 5570 peccatorum
681 5503 1004 5556 tenebantur
1043 5502 1265 5557 nexibus
1293 5502 1533 5573 obligati.
1580 5502 1887 5557 Mendicitas

232 5592 331 5646 ad
403 5587 759 5662 indigentiam
820 5591 947 5648 boni
1001 5594 1275 5661 pertinet:
1310 5594 1399 5647 ubi
1443 5595 1610 5651 multo
1677 5597 1889 5661 gravior

229 5691 354 5739 est
396 5682 630 5738 omnino
661 5686 901 5753 penuria,
936 5701 1054 5755 qua:
1083 5702 1189 5741 non
1230 5700 1448 5756 corpus,
1483 5682 1600 5749 sed,
1634 5680 1774 5750 quod
1801 5694 1884 5739 est
