4032 6176
364 300 454 357 771

1572 292 1645 350 Μ.
1687 290 1965 350 Αυιιειιι
2017 280 2418 344 CASSIODORI

3532 270 3637 327 7η

365 432 464 472 nos
493 418 563 471 ita
606 416 662 471 in
706 423 1061 485 peccatorum
1082 412 1235 466 atriis
1265 409 1564 473 recludunt,
1612 417 1671 462 ut
1714 404 1946 462 exeundi
1977 405 2026 462 A
2051 396 2313 467 siquidem
2349 407 2529 449 sermo
2556 391 2622 485 ad
2651 388 2998 485 concordiam
3009 385 3283 485 pertinet,
3325 397 3431 485 non
3457 382 3640 485 iddi-

364 517 630 578 ucqueant
678 508 920 575 praebere
967 502 1259 578 licentiam.
1299 500 1476 554 Vectes
1508 507 1684 553 autem
1719 500 1942 567 ferreos,

363 601 583 669 Spiritus
611 596 916 652 immundos
948 610 1055 649 non
1096 570 1341 663 improbe
1388 591 1631 646 videmur
1676 589 1942 658 accipere,

364 694 454 761 qui
503 692 618 744 illas
658 686 852 758 januas
900 695 1269 758 peccatorum,
1318 699 1384 738 ne
1412 681 1769 736 circumdatos
1797 681 1947 734 exire

366 785 540 848 liceat,
559 782 810 835 obserere
826 779 967 851 [mss.
989 778 1076 847 A.,
1096 776 1180 845 B.,
1201 775 1291 840 F.,
1307 772 1617 846 observare]
1633 780 1944 826 noscuntur.

365 872 492 927 Haec
533 870 676 926 enim
722 871 829 924 duo
878 859 1092 923 metalla
1143 883 1240 937 pro
1285 864 1597 920 fortitudine
1633 864 1947 917 delictorum

366 964 616 1018 videntur
632 962 893 1018 adhibita.
917 961 1021 1017 Sed
1040 956 1141 1015 iSta
1159 959 1434 1014 hominum
1454 957 1650 1011 viribus
1669 955 1949 1024 desperata

365 1057 532 1110 virtus
559 1056 735 1108 divina
758 1054 1027 1124 confregit,
1057 1052 1271 1121 quando
1295 1048 1663 1120 periclitantes
1690 1046 1952 1101 adventus

366 1148 444 1203 sui
476 1148 676 1201 lumine
704 1147 951 1199 miserata
981 1143 1246 1212 respexit.

438 1239 589 1293 Vers.
621 1240 708 1293 17.
759 1236 995 1306 Suscepit
1042 1251 1127 1289 eos
1172 1236 1236 1288 de
1274 1234 1357 1287 via
1404 1231 1689 1301 iniquitatis
1733 1243 1949 1281 eorum:

367 1343 571 1400 prepter
600 1330 880 1400 injustitias
909 1328 1045 1380 enim
1073 1342 1193 1380 suas
1224 1324 1484 1379 Itumiliati
1511 1332 1650 1377 sunt.
1696 1322 1953 1389 Quamvis

367 1421 543 1474 omnia
578 1420 833 1474 Dominus
874 1416 1168 1485 maiestatis
1210 1430 1322 1470 suae
1364 1418 1655 1483 praesentia
1681 1413 1953 1480 complere

368 1513 636 1579 videatur,
668 1520 844 1564 tamen
877 1511 954 1562 sic
984 1522 1013 1561 a
1044 1506 1416 1576 peccatoribus
1448 1505 1772 1574 longinquus
1820 1502 1947 1558 red-

369 1604 530 1669 ditur,
577 1612 634 1656 ut
678 1618 784 1656 non
815 1601 863 1655 ei
897 1601 1027 1653 ﬁant
1059 1598 1313 1667 proximi,
1347 1597 1451 1651 nisi
1480 1597 1692 1666 quando
1732 1594 1797 1648 ad
1829 1609 1950 1650 eum

370 1696 536 1761 ipsius
564 1693 906 1747 miseratione
931 1689 1177 1744 venerint
1202 1687 1528 1757 compuncﬁ.
1563 1687 1669 1743 Sed
1693 1697 1951 1758 quantum

2049 489 2299 545 stantiam
2328 484 2644 556 potestatis;
2676 496 2801 536 nam
2831 480 3191 551 aequalitatem
3218 491 3341 533 esse
3372 476 3425 529 in
3457 476 3638 529 Trini-

2052 591 2162 637 tate
2191 579 2446 651 potentia:
2472 578 2555 633 vel
2589 586 2817 641 naturae,
2869 574 2923 628 in
2968 571 3263 641 Scripturis
3306 568 3505 624 divinis
3535 567 3641 621 ire-

2051 683 2277 744 quenter
2305 670 2595 735 asseritur;
2630 667 2775 739 quod
2806 666 2945 721 inter
2973 664 3106 719 alios
3136 663 3394 717 decenter
3424 677 3455 715 a
3481 661 3643 714 Patre

2053 775 2236 819 nostro
2254 762 2553 833 Augustino
2574 761 2628 816 in
2654 761 2792 815 libro
2813 756 3266 814 Testimoniorum
3289 764 3501 811 constat
3520 768 3642 810 esse

2050 859 2333 916 collectum
2367 856 2457 927 (Et
2482 871 2581 910 ser.
2612 853 2734 914 l8l,
2766 851 2830 906 de
2855 846 3084 918 Temp.).

2126 951 2279 1005 Vcrs.
2307 950 2399 1004 2|.
2451 948 2806 1015 Conﬁteantur
2843 943 3060 997 Domino
3092 939 3459 995 misericordia
3502 941 3643 1007 ejus,

2053 1052 2102 1098 et
2132 1041 2391 1096 mirabilia
2416 1043 2529 1113 ejus
2559 1039 2681 1108 filiis
2708 1037 2992 1090 hominum.
3042 1033 3243 1100 Quarta
3277 1031 3446 1086 sectio
3485 1045 3644 1099 repe-

2058 1131 2166 1185 titis
2201 1130 2451 1185 versibus
2499 1128 2777 1191 introitur,
2824 1124 3018 1193 quibus
3066 1121 3331 1191 expositio
3382 1120 3641 1189 praedicta

2057 1222 2304 1277 sufﬁciet.
2356 1220 2681 1275 Commonet
2725 1225 2905 1269 autem
2950 1213 3260 1268 sacerdotes
3305 1218 3365 1265 ut
3414 1211 3644 1264 Domino

2057 1314 2382 1379 sacriﬁcent,
2427 1318 2484 1367 ct
2524 1307 2789 1364 mirabilia
2834 1307 2954 1376 ejus
3002 1304 3214 1375 populis
3250 1317 3357 1358 non
3394 1302 3646 1358 desinant

2060 1407 2372 1479 pra-dicare.

2131 1500 2285 1555 Vers.
2328 1499 2420 1554 29..
2470 1496 2537 1550 Et
2566 1494 2851 1562 sacrificent
2877 1491 3188 1561 sacriﬁcium
3220 1487 3412 1550 laudis,
3448 1495 3493 1541 et
3523 1503 3643 1556 pro-

2058 1593 2290 1647 nuntient
2312 1607 2465 1661 Opera
2483 1592 2592 1659 ejus
2612 1590 2665 1642 in
2685 1587 3048 1642 exsultatione.
3072 1584 3299 1639 Domino
3318 1581 3642 1637 sacrilicium

2061 1684 2233 1740 reddit
2254 1682 2345 1753 qui
2373 1684 2523 1737 lattus
2548 1680 2779 1736 hostiam
2802 1677 2978 1732 laudis
3004 1675 3261 1731 obtulerit
3287 1692 3299 1726 :
3329 1673 3451 1743 quia
3476 1672 3645 1726 multo

372 1759 561 1840 noceat
588 1786 685 1839 ista
714 1782 969 1846 desertio,
1000 1788 1243 1849 patenter
1272 1779 1593 1848 exponitur;
1626 1777 1754 1832 dicit
1782 1778 1951 1842 enim,
1987 1773 2033 1832 B
2062 1777 2405 1847 praestantius
2453 1784 2537 1828 est
2583 1786 2706 1827 cum
2754 1771 2909 1825 bonis
2957 1768 3165 1823 actibus
3211 1765 3523 1834 psalmodiae
3565 1759 3643 1816 illi

370 1886 572 1948 propter
594 1875 872 1945 injustitias
896 1888 1016 1926 suas
1044 1870 1371 1935 humiliatos;
1404 1886 1510 1924 nou
1539 1869 1628 1923 illa
1656 1869 1956 1923 humilitate

371 1970 517 2023 vitali
545 1987 557 2021 :
604 1969 705 2023 alia
738 1975 820 2022 est
849 1967 993 2021 enim
1042 1966 1133 2020 illa
1183 1964 1459 2019 humilitas
1486 1977 1606 2032 qua:
1636 1960 1813 2030 erigit,
1850 1975 1953 2013 non

372 2062 469 2114 ista
498 2075 616 2128 qum
643 2059 844 2128 dejicit.
881 2056 1205 2112 llumiliatur
1229 2057 1424 2125 quippe
1454 2056 1508 2109 in
1540 2054 1838 2121 interitum,
1864 2053 1955 2123 qui

370 2151 433 2205 ad
467 2151 611 2204 illam
642 2166 746 2204 non
780 2149 1038 2205 meruerit
1065 2149 1347 2218 pervenire
1378 2147 1719 2202 medicinam.

446 2240 599 2295 Vcrs.
628 2240 714 2294 18,
737 2240 947 2293 Omnem
974 2255 1139 2292 escam
1155 2240 1447 2292 abominata
1469 2248 1541 2292 est
1561 2239 1734 2292 anima
1755 2252 1953 2303 eorum,

371 2341 418 2384 et
450 2331 877 2400 appropiaverunt
900 2328 1056 2400 (mss.
1083 2328 1173 2396 A.,
1200 2330 1283 2394 8.,
1302 2329 1388 2393 l“.,
1405 2322 1955 2398 apprOpinquaverunt]

371 2439 527 2490 usque
549 2422 615 2475 ad
641 2432 813 2492 portas
837 2421 1032 2475 mortis.
1067 2421 1336 2487 Quantum
1361 2420 1426 2473 ad
1449 2422 1677 2474 litteram
1702 2416 1953 2488 pertinet,

372 2514 735 2581 languentium
766 2512 1099 2568 consuetudo
1128 2512 1473 2577 describitur,
1503 2512 1591 2581 qui
1624 2526 1718 2578 per
1745 2508 1955 2563 fastidia

378 2602 506 2669 cibi,
539 2601 828 2656 discrimen
861 2603 1139 2656 incurrere
1184 2600 1480 2670 probantur
1510 2599 1678 2653 exitii.
1732 2598 1837 2655 Sed
1870 2598 1956 2652 hic

373 2692 671 2762 spiritalem
696 2707 879 2759 escam,
914 2692 967 2746 id
997 2700 1080 2746 est
1125 2691 1295 2761 legem
1341 2689 1555 2744 Domini
1601 2699 1655 2743 et
1704 2688 1955 2743 salutaria

373 2791 639 2851 praecepta
689 2783 864 2852 potius
911 2781 1173 2837 debemus
1228 2781 1541 2844 advertere,
1592 2779 1733 2835 unde
1784 2780 1956 2835 ﬁdelis

371 2874 546 2927 anima
573 2873 734 2939 vivit,
780 2881 834 2927 et
863 2873 1015 2942 c0pia
1048 2887 1281 2939 superna
1316 2871 1591 2926 reﬁcitur:
1625 2871 1691 2925 de
1717 2885 1820 2941 qua
1857 2869 1956 2924 im-

371 2966 575 3034 piorum
600 2980 751 3021 mens
773 2965 998 3020 exitiosa
1022 2964 1160 3020 fame
1179 2965 1360 3034 jejuna
1383 2972 1485 3029 est,
1513 2964 1639 3018 dum
1664 2971 1957 3034 mgrotante

371 3055 547 3113 anima
575 3057 835 3113 bonarum
866 3072 1044 3111 rerum
1083 3057 1324 3111 noscitur
1354 3055 1623 3112 sustinere
1653 3055 1953 3123 penuriam.

2055 1869 2401 1939 jubilationes
2429 1866 2641 1932 oﬁ'erre,
2678 1877 2838 1933 quam
2869 1862 3135 1930 pecudum
3167 1856 3417 1911 victimas
3447 1855 3643 1909 immo-

2058 1960 2195 2014 lare.
2249 1957 2384 2011 Nam
2428 1955 2606 2025 qualia
2654 1951 2917 2008 sacriﬁcia
2964 1950 3073 2004 sint
3117 1946 3405 2016 praebenda
3447 1957 3640 1998 conse-

2058 2058 2287 2121 quenter
2335 2038 2600 2117 exponit;
2669 2044 2880 2100 scilicet
2928 2049 2988 2097 ut
3036 2040 3202 2112 388
3255 2035 3643 2108 praedicatores

2059 2141 2316 2198 beneﬁcia
2345 2142 2461 2208 ejus
2492 2147 2672 2193 tacere
2711 2150 2817 2191 non
2846 2134 3117 2198 debeant;
3168 2138 3431 2200 quatenus
3458 2136 3512 2182 et
3542 2126 3643 2197 ipsi

2060 2236 2289 2292 reddant
2318 2234 2587 2300 debitum,
2642 2240 2697 2286 et
2746 2227 2995 2285 ﬁdelibus
3041 2231 3356 2295 competens
3401 2221 3643 2277 doctrina

2058 2327 2201 2401 [mss.
2220 2328 2309 2393 A.,
2328 2325 2416 2392 B.,
2436 2324 2527 2389 F.,
2556 2319 2841 2391 medicina]
2859 2324 3211 2374 monstretur.
3243 2314 3349 2371 Sed
3377 2313 3551 2384 qualis
3577 2312 3643 2368 sit

2060 2422 2158 2474 ista
2202 2417 2571 2487 pronuntiatio
2609 2414 2887 2485 aptissimo
2924 2411 3091 2466 verbo
3127 2409 3453 2473 declaratur,
3484 2405 3536 2461 id
3564 2414 3644 2461 est

2056 2512 2112 2564 in
2139 2510 2513 2573 exsultatione;
2562 2522 2668 2562 non
2700 2508 2889 2573 tristis,
2923 2520 3031 2560 non
3063 2500 3332 2567 difﬁdens,
3363 2499 3458 2555 sed
3488 2499 3644 2553 laetus

2058 2612 2216 2671 atque
2247 2601 2699 2672 promptissimus,
2734 2610 2791 2656 ut
2819 2600 2885 2654 ab
2913 2594 3253 2653 audientibus
3285 2594 3455 2664 possit
3480 2591 3639 2649 intel-

2061 2693 2152 2763 ligi
2179 2693 2506 2748 conﬁdentia
2543 2690 2908 2762 praidicautis.
2959 2689 3053 2744 llla
3088 2688 3233 2745 enim
3273 2686 3503 2743 celerius
3545 2698 3643 2740 ac-

2059 2784 2386 2853 quiescimus
2431 2782 2677 2849 credere,
2708 2797 2829 2852 qua:
2872 2780 3124 2837 doctores
3164 2778 3407 2835 videmus
3447 2776 3551 2833 ﬁxa
3590 2784 3646 2835 et

2064 2885 2212 2946 grata
2242 2883 2424 2931 mente
2452 2876 2767 2944 prmdicare.

2133 2966 2284 3023 Vers.
2308 2966 2398 3023 23.
2434 2968 2533 3034 Qui
2558 2967 2867 3021 descendunt
2897 2982 3037 3021 mare
3063 2966 3118 3020 in
3145 2964 3377 3031 navibus,
3404 2966 3647 3038 facientes

2059 3058 2405 3127 operationem
2441 3059 2493 3111 in
2521 3057 2669 3128 aquis
2706 3058 2901 3111 multis.
2950 3057 3085 3113 Cum
3119 3056 3283 3123 dicit,
3332 3056 3647 3111 descendunt

372 3151 566 3206 Gravis
592 3150 811 3205 morbus
842 3158 896 3204 et
922 3148 1251 3204 exsecranda
1277 3149 1574 3215 calamitas,
1600 3146 1794 3202 divinae
1821 3147 1954 3217 legis
1982 3145 2026 3208 C
2060 3163 2220 3214 mare,
2250 3148 2515 3218 signiﬁcat
2550 3147 2859 3203 sacerdotes
2886 3148 2975 3218 qui
3005 3148 3190 3204 saeculi
3232 3148 3390 3203 istius
3432 3149 3646 3220 procel-

373 3242 731 3310 appetentiam
763 3255 866 3295 non
900 3240 1133 3305 habere;
1168 3255 1291 3294 nam
1324 3239 1465 3294 unde
1494 3239 1662 3308 possit
1682 3239 1884 3303 vivere,
1908 3237 1954 3291 si

372 3346 522 3385 suam
553 3331 716 3384 vitam
747 3332 970 3399 coeperit
1001 3347 1105 3385 non
1135 3330 1361 3384 amare?
1405 3330 1537 3384 llinc
1567 3330 1761 3383 factum
1787 3338 1869 3384 est
1898 3338 1956 3383 ut

372 3423 437 3476 ad
469 3423 557 3476 illa
587 3423 821 3477 claustra
849 3421 1126 3476 mortifera
1147 3422 1391 3476 venirent
1413 3423 1532 3494 [ms.
1563 3420 1630 3476 ϐ.
1656 3430 1704 3473 et
1732 3421 1838 3486 ed.,
1864 3435 1954 3491 vc;

374 3512 627 3583 niretur];
659 3528 777 3583 quae
808 3513 931 3567 ideo
961 3527 1068 3567 non
1095 3522 1218 3565 sunt
1249 3511 1500 3582 ingressi,
1523 3511 1774 3581 quoniam
1800 3520 1953 3567 erant

372 3605 583 3659 Domini
614 3605 962 3660 miseratione
990 3604 1273 3659 liberandi.

446 3696 597 3751 Vcrs.
616 3698 717 3753 '19.
761 3696 827 3751 Et
862 3699 1204 3751 clamat-erunt
1234 3696 1301 3749 ad
1331 3695 1609 3749 Dominum
1640 3712 1755 3749 cum
1786 3695 1952 3749 tribu-

372 3788 622 3853 larentur,
648 3798 695 3843 et
716 3788 777 3842 de
798 3788 1178 3843 necessitatibus
1200 3804 1374 3842 eorum
1395 3787 1623 3842 liberavit
1648 3772 1752 3841 eos.
1784 3787 1949 3841 lstuut

372 3894 583 3934 versum
611 3888 819 3934 constat
848 3894 969 3935 esse
1001 3881 1287 3950 repetitum
1310 3921 1325 3946 ,
1377 3880 1630 3949 quoniam
1682 3879 1736 3935 in
1787 3879 1950 3935 simili

372 3984 531 4026 causa
558 3986 717 4025 unam
747 3971 927 4026 decuit
950 3986 1072 4028 esse
1101 3972 1441 4027 sententiam.

447 4067 597 4123 Vers.
626 4066 717 4121 ευ.
759 4066 903 4121 Misit
930 4068 1133 4122 verbum
1158 4084 1310 4121 suum
1336 4077 1383 4121 et
1408 4067 1607 4121 sanavit
1635 4082 1743 4132 eos,
1773 4076 1823 4120 et
1847 4068 1949 4121 eri-

372 4158 481 4226 puit
505 4173 588 4212 eos
618 4157 682 4211 de
710 4158 1082 4213 interitionibus
1108 4175 1304 4212 eorum.
1327 4159 1436 4213 llic
1457 4161 1797 4229 agnoscimus
1822 4174 1952 4229 qua-

372 4250 435 4303 lis
464 4250 683 4319 languor
721 4251 789 4304 sit
830 4250 1137 4319 Spiritualcs
1164 4250 1390 4306 delicias
1420 4251 1683 4316 fastidire,
1732 4260 1790 4307 ut
1834 4253 1951 4308 sola

371 4341 604 4396 caelestis
634 4341 823 4395 Medici
856 4342 1138 4410 praisentia
1192 4343 1297 4397 tale
1346 4344 1610 4411 potuisset
1654 4343 1948 4412 periculum

370 4431 696 4500 aegritudinis
722 4443 1023 4501 amputare.
1047 4433 1208 4487 Venit
1232 4434 1374 4488 enim
1402 4435 1657 4489 Dominus
1680 4436 1946 4500 Salvator,

2060 3238 2170 3293 losa
2198 3238 2545 3293 descendunt.
2572 3238 2704 3294 Nam
2729 3254 2848 3295 cum
2872 3239 3026 3304 dicit,
3051 3241 3385 3306 descendunt,
3409 3240 3646 3295 ostendit

2060 3329 2315 3384 inferiora
2366 3331 2481 3386 loca
2529 3345 2649 3387 esse
2697 3332 2904 3399 saeculi,
2956 3332 3023 3386 ad
3070 3346 3191 3402 quae
3218 3332 3460 3386 descendi
3487 3344 3646 3400 posse

2060 3429 2305 3477 testatur.
2349 3421 2414 3475 In
2443 3423 2655 3476 navibus
2685 3431 2864 3478 autem
2891 3422 2978 3493 (ut
3003 3438 3148 3493 saepe
3174 3421 3430 3492 diximus)
3459 3421 3647 3477 Eccle-

2058 3512 2166 3565 sias
2208 3512 2492 3581 signiﬁcat,
2525 3529 2645 3582 qum
2675 3513 2823 3584 ligno
2851 3513 3029 3568 crucis
3063 3514 3247 3568 mundi
3298 3514 3454 3568 istius
3501 3522 3645 3567 tem-

2059 3614 2291 3673 pestates
2322 3606 2624 3676 enavigant.
2670 3605 2759 3661 Sic
2786 3602 2929 3660 eniin
2961 3622 3104 3661 mare
3133 3605 3459 3661 descenditur
3483 3613 3648 3674 atque

2062 3700 2339 3765 transitur,
2374 3699 2419 3754 si
2448 3699 2733 3754 tutissimis
2763 3699 2993 3753 navibus
3039 3698 3359 3764 insideatur,
3412 3698 3502 3752 ubi
3549 3713 3643 3768 gu-

2066 3790 2320 3845 bernator
2368 3797 2454 3844 est
2502 3787 2786 3855 Christus,
2839 3789 2930 3844 ubi
2983 3789 3216 3859 remiges
3266 3787 3536 3858 apostoli,
3590 3795 3648 3842 et

2062 3892 2368 3937 sanctorum
2431 3881 2743 3951 pontiﬁcum
2808 3882 2962 3937 beata
3025 3882 3297 3938 collectio.
3366 3882 3644 3949 Sequitur,

2060 3975 2300 4042 facientes
2321 3975 2665 4042 operationem
2689 3974 2742 4027 in
2762 3976 2908 4044 aqu's
2936 3974 3129 4028 multis.
3161 3974 3347 4029 Adhuc
3373 3976 3424 4029 iu
3455 3973 3644 4028 cadem

2058 4068 2457 4134 comparatione
2506 4066 2765 4134 persistit.
2824 4066 3148 4122 Sacerdotes
3197 4076 3325 4120 sunt
3373 4067 3516 4120 enim
3548 4065 3645 4134 qui

2057 4167 2346 4226 operantur
2380 4159 2431 4212 in
2467 4157 2619 4227 aquis
2656 4157 2861 4223 multis,
2899 4157 2954 4212 id
2991 4167 3074 4213 est
3104 4158 3400 4227 praedicant
3430 4158 3645 4227 pOpulis

2056 4249 2394 4304 Christianis.
2446 4249 2617 4318 Aquas
2647 4251 2789 4305 enim
2822 4250 3034 4317 multas,
3067 4251 3296 4320 populos
3343 4249 3645 4320 signiﬁcare

2057 4356 2163 4394 non
2195 4342 2411 4394 dubium
2444 4352 2556 4409 est,
2594 4343 2808 4409 quando
2842 4342 2892 4396 in
2924 4344 3270 4412 Apocalypsi,
3303 4344 3428 4413 quid
3460 4355 3644 4399 essent

2056 4446 2203 4499 aqua:
2251 4432 2599 4502 interroganti
2648 4433 2843 4488 Joanni
2892 4448 3214 4502 responsum
3264 4444 3395 4489 est:
3449 4432 3646 4503 Populi

366 4523 455 4589 qui
492 4537 587 4576 nos
614 4523 863 4577 reﬁceret
891 4539 954 4577 ac
977 4534 1191 4578 sanaret
1218 4541 1231 4579 :
1267 4540 1334 4579 nc
1364 4526 1655 4594 spiritualis
1684 4528 1785 4582 cibi
1810 4527 1949 4597 jeju-
1980 4526 2033 4584 D
2057 4533 2172 4576 sunt
2198 4523 2388 4591 (Apoc.
2417 4540 2548 4587 xvu,
2578 4526 2688 4591 15).
2740 4525 2871 4591 Quis
2902 4536 3080 4581 autem
3109 4527 3287 4580 verior
3316 4537 3498 4597 potest
3522 4542 3645 4582 ετεθ

366 4613 452 4668 nia
492 4621 827 4680 peccatorum
859 4614 1022 4667 corda
1052 4624 1451 4669 consumerent.
1497 4615 1629 4669 Nam
1672 4624 1813 4685 quod
1851 4619 1945 4686 ait,

364 4701 513 4756 Misit
538 4703 741 4755 verbum
768 4720 935 4769 suum,
964 4704 1029 4757 ad
1058 4703 1373 4759 charitatem
1402 4705 1596 4760 dicitur
1619 4706 1813 4770 Patris,
1842 4723 1945 4762 non

363 4793 429 4847 ad
464 4794 863 4861 imparilitatem
893 4797 1179 4864 potentiae;
1237 4810 1357 4848 nam
1407 4796 1636 4851 mittitur
1665 4807 1715 4852 et
1748 4813 1777 4852 a
1810 4799 1942 4853 Fil.o

370 4884 600 4950 Spiritus
627 4897 864 4949 sanctus,
897 4888 1034 4940 sicut
1063 4896 1116 4940 et
1148 4886 1262 4955 ipse
1292 4886 1343 4940 in
1379 4887 1665 4957 Evangelio
1693 4889 1765 4943 ait
1790 4908 1803 4941 :
1838 4887 1946 4943 Ex-

366 4975 501 5043 pedit
529 4974 663 5026 vobis
692 4984 745 5027 ut
775 4992 866 5046 ego
898 4977 1079 5029 vadam
1104 4991 1123 5030 :
1153 4977 1197 5029 si
1227 4976 1358 5029 enim
1403 4994 1503 5031 non
1549 4977 1742 5043 abiero,
1775 4961 1990 5031 Para-'

366 5066 515 5117 clitus
542 5082 641 5117 non
671 5066 830 5119 veniet
859 5067 927 5119 ad
968 5084 1050 5121 vos
1068 5084 1086 5132 ;
1117 5068 1160 5119 si
1190 5077 1354 5120 autent
1384 5068 1576 5134 abiero,
1608 5070 1805 5121 mittam
1835 5086 1948 5123 eum

365 5160 432 5207 ad
462 5172 547 5209 vos
586 5154 764 5223 (Joau.
796 5174 906 5223 xvr,
937 5158 1013 5224 7).
1075 5158 1142 5211 Et
1185 5160 1377 5213 iterum
1418 5159 1586 5213 Filius
1629 5160 1854 5213 mittitur
1881 5162 1948 5215 ab

364 5246 564 5315 Spiritu
606 5258 823 5316 sancto,
868 5252 1004 5304 sicut
1037 5249 1198 5303 Isaias
1226 5250 1293 5303 de
1323 5249 1536 5304 Christo
1565 5251 1674 5303 ait:
1716 5251 1946 5315 Spiritus

365 5338 573 5393 Domini
601 5359 755 5411 super
779 5358 876 5406 me,
910 5353 1116 5412 prapter
1141 5343 1279 5410 quod
1309 5344 1454 5395 unxit
1480 5360 1576 5407 me,
1602 5344 1951 5409 evangeliz'zre

364 5432 669 5501 pauperibus
702 5432 836 5485 misit
864 5449 942 5485 me
967 5431 1122 5502 (Isai.
1152 5449 1257 5495 ιιι,
1289 5434 1365 5501 1).
1413 5433 1637 5486 Mittitur
1662 5432 1822 5486 etiam
1856 5451 1948 5501 po-

361 5522 467 5574 tior
489 5538 516 5574 a
540 5524 928 5589 minore,‘sicut
952 5524 1147 5577 Tobias
1170 5526 1414 5594 angelum
1440 5524 1604 5579 misit.
1638 5525 1742 5581 Sed
1771 5544 1946 5597 neque

365 5611 538 5663 minor
567 5622 648 5664 est
679 5613 848 5667 Filius
880 5614 1006 5668 dum
1039 5631 1065 5666 a
1100 5616 1257 5669 Patre
1291 5616 1549 5677 mittitur,
1582 5631 1682 5671 nec
1710 5617 1943 5686 Spiritus

362 5707 580 5753 sanctus
606 5702 759 5769 Filio,
810 5708 1060 5773 quoniam
1111 5708 1177 5762 ab
1226 5708 1411 5763 eodem
1452 5707 1773 5763 destinatur.
1835 5712 1939 5766 Iste

2054 4615 2389 4680 intellectus,
2458 4616 2565 4670 nisi
2624 4632 2785 4686 quem
2846 4624 3010 4672 tantae
3060 4619 3306 4673 veritatis
3355 4618 3641 4674 conﬁrmat

2055 4707 2346 4760 auctoritas
2367 4708 2389 4758 ?

2126 4798 2279 4852 Vers.
2306 4799 2397 4853 21.
2438 4798 2553 4868 Ipsi
2579 4800 2816 4855 viderunt
2845 4818 3001 4871 opera
3030 4800 3274 4867 Domini,
3306 4811 3353 4856 et
3382 4804 3641 4857 mirabilia

2054 4893 2162 4960 ejus
2189 4893 2241 4945 in
2273 4896 2553 4961 profundo.
2607 4893 2712 4961 Ipsi
2745 4894 3127 4961 praedicatores
3164 4895 3255 4964 qui
3297 4909 3494 4964 Operas
3523 4898 3643 4965 ejus

2051 4985 2313 5050 Spirituali
2360 4984 2712 5054 intelligentia
2759 4996 3170 5054 cognoverunt;
3221 5000 3279 5040 ut
3327 5003 3481 5043 mare
3524 4988 3641 5042 Ru-

2052 5074 2229 5139 brum,
2259 5074 2617 5143 baptismum;
2671 5084 2729 5129 ut
2769 5075 2920 5132 Jonas
2952 5077 3248 5131 triduanam
3289 5078 3439 5132 illam
3475 5079 3631 5133 ferini

2052 5166 2254 5220 ventris
2297 5168 2572 5221 innoxiam
2623 5167 3017 5223 habitationem
3065 5171 3375 5238 sepulcrum
3423 5171 3636 5226 Domini

2053 5256 2354 5323 signiﬁcare
2382 5266 2799 5325 cognoscerent;
2850 5268 2906 5312 ct
2956 5258 3039 5312 his
3086 5259 3303 5327 similia,
3334 5277 3454 5329 qua:
3496 5263 3643 5318 Scri—

2056 5353 2329 5412 pturarum
2383 5346 2684 5401 divinarum
2742 5349 3264 5417 prteﬁgurationibus
3318 5353 3635 5421 agebantur.

2053 5435 2241 5504 quue
2270 5437 2327 5489 ﬁt
2356 5446 2409 5489 ut
2436 5437 2692 5490 mirabilia
2718 5440 2830 5507 ejus
2857 5438 2911 5492 in
2940 5443 3201 5510 profundo
3233 5443 3523 5511 respiciant
3548 5447 3636 5512 qui

2051 5544 2245 5597 operas
2274 5530 2392 5595 ejus
2423 5530 2689 5597 spirituali
2719 5534 3077 5588 aestimatione
3102 5535 3468 5591 considerant.

2124 5620 2278 5675 Vcrs.
2307 5621 2398 5675 25.
2451 5619 2617 5686 Dixit,
2651 5635 2695 5676 et
2722 5626 2857 5680 stetit
2887 5628 3097 5696 spiritus
3122 5629 3384 5699 procellis,
3414 5639 3461 5683 et
3490 5631 3635 5684 exal—

2049 5715 2142 5766 tati
2169 5725 2285 5767 sunt
2313 5716 2501 5783 ﬂuctus
2530 5718 2660 5785 ejus.
