4032 6176
398 245 499 298 773

1277 247 1633 302 EXPOSITIU
1676 248 1738 303 l'N
1780 248 2235 306 PSAIJ‘ERIUM.
2274 251 2461 306 PSAL.
2508 252 2636 307 CVI.

3548 262 3650 316 774

472 356 623 411 Vers.
656 357 745 413 26.
782 358 1070 413 Αεσεηάιιηι
1100 376 1257 428 usque
1286 361 1355 413 ad
1385 362 1555 427 caelos,
1588 370 1634 413 et
1666 362 1976 414 descendunt
2004 364 2055 422 Α
2082 360 2431 432 Sulq‘ungitur
2464 367 2685 433 repetita
2718 368 2929 435 quidem
2950 412 2964 435 ,
3009 371 3101 425 scd
3148 373 3305 429 nimis
3344 384 3492 444 grata
3521 390 3653 432 cou—

397 462 555 513 usque
591 447 659 499 ad
702 448 911 516 abyssos
934 462 954 501 :
993 448 1163 501 animo
1204 464 1377 502 eorum
1407 451 1460 501 in
1492 450 1638 502 malis
1670 449 1969 504 tabescebat.

395 533 468 588 Ne
512 535 585 588 illi
633 550 767 604 quos
798 536 1044 603 superius
1074 536 1205 590 dixit
1235 551 1452 605 operam
1486 539 1696 593 Domini
1746 540 1800 593 in
1847 556 1971 609 pro-

394 624 555 677 fundo
584 639 738 692 posse
762 625 1096 693 conspicere,
1121 626 1298 696 aliqua
1322 628 1554 682 elatione
1580 637 1965 698 turgescerent,

391 730 530 769 nunc
557 730 744 769 eorum
776 717 1044 784 procellas
1075 726 1129 771 et
1156 718 1350 772 ﬂuctus
1381 730 1778 787 consequenter
1803 734 1969 789 expo-

391 809 485 860 nit.
518 806 680 871 Dixit,
706 816 751 859 et
781 808 917 860 stetit
944 808 1154 876 spiritus
1185 810 1443 875 procellae,
1465 810 1731 878 signiﬁcat
1753 826 1858 880 qua
1882 812 1967 866 udo

390 898 645 951 Dominis
685 906 1032 963 tempestates
1080 898 1481 954 tribulatiomim
1534 910 1833 954 nostrarum
1881 904 1964 972 pia

388 985 732 1040 miseratione
761 986 1039 1054 suspendit
1067 1005 1079 1041 :
1116 1003 1182 1041 ne
1210 989 1361 1042 malis
1385 990 1751 1044 crescentibus
1772 991 1966 1045 obrua-

388 1093 523 1140 mur,
550 1077 643 1131 sed
676 1078 865 1130 iterum
892 1076 993 1130 nisi
1020 1077 1137 1142 ipso
1162 1087 1474 1147 protegente
1498 1080 1808 1134 liberemur.
1842 1081 1964 1135 Haec

386 1166 573 1220 di‘atio
604 1164 757 1220 nobis
801 1166 858 1219 ﬁt
898 1166 1118 1236 majoris
1148 1182 1306 1221 causa
1356 1170 1601 1235 periculi.
1653 1170 1965 1224 Exaltantur

385 1256 525 1309 enim
564 1258 751 1325 ﬂuctus
783 1257 834 1309 in
871 1259 1137 1313 mentibus
1161 1259 1428 1325 humanis,
1466 1262 1678 1329 quando
1719 1271 1964 1329 putamus

385 1348 592 1400 meritis
641 1347 839 1400 nostris
884 1349 1126 1416 attribui,
1177 1349 1319 1403 unde
1365 1349 1479 1403 sola
1508 1350 1753 1405 videmur
1780 1351 1960 1407 divina

384 1438 549 1507 gratia
584 1453 737 1506 posse
768 1439 1006 1494 liberari.
1041 1440 1144 1494 Sed
1174 1440 1262 1494 isti
1290 1444 1481 1509 ﬂuctus
1510 1442 1819 1499 narratione
1848 1446 1963 1510 pul-

384 1530 643 1582 cherrima
672 1529 1065 1583 describuntur.
1097 1531 1389 1583 Ascendunt
1420 1532 1552 1585 enim
1580 1548 1734 1599 usque
1764 1535 1831 1587 ad
1862 1551 1961 1587 cae-

384 1623 477 1687 los,
506 1621 717 1691 quando
746 1621 928 1676 saeculi
956 1622 1275 1676 elationibus
1304 1624 1612 1692 eriguntur;
1642 1626 1958 1679 descendunt

2076 454 2242 507 clusio
2259 495 2277 520 ,
2310 465 2366 509 ut
2393 457 2457 510 de
2484 457 2863 513 necessitatibus
2888 463 3093 517 cunctis
3123 466 3419 522 liberaretur
3441 470 3649 524 animus

2073 545 2369 598 :rstuantis.

2142 634 2299 689 Vers.
2333 636 2422 690 3|.
2474 636 2825 707 Conﬁteantur
2855 641 3073 697 Domino
3114 646 3474 702 ntisericordite
3514 653 3647 717 ejus,

2070 730 2118 775 et
2156 725 2412 777 mirabilia
2452 729 2559 796 ejus
2602 729 2724 797 filiis
2764 731 3044 786 hominum.
3102 734 3253 789 Venit
3296 737 3360 789 ad
3408 741 3647 805 quintam

2069 814 2382 881 sectionem,
2410 817 2502 870 ubi
2533 820 2728 887 gratias
2754 835 2913 890 agere
2942 824 3166 877 Domino
3191 838 3429 880 sanctam
3461 840 3645 883 tnonet

2073 903 2364 958 Ecclesiam
2394 923 2405 958 :
2441 907 2562 977 quia
2607 909 2816 964 diversa
2870 913 3123 968 beneﬁcia
3177 916 3409 972 humano
3456 924 3639 988 generi

2068 993 2188 1062 pius
2233 997 2517 1051 miseratur
2545 999 2785 1055 indulsit.
2836 1003 2941 1057 Sed
2984 1005 3186 1074 inspice
3215 1010 3356 1077 quod
3396 1012 3641 1067 eumdem

2066 1100 2280 1139 versum
2315 1098 2506 1156 quarto
2554 1092 2799 1159 repetiit;
2850 1103 2909 1148 ut
2959 1097 3281 1164 quadrifaria
3328 1101 3416 1155 illa
3456 1104 3641 1159 mundi

2066 1175 2276 1241 divisio,
2311 1193 2468 1247 quam
2497 1183 2746 1248 superius
2788 1183 2953 1252 dixit,
3004 1204 3035 1238 a
3070 1190 3190 1242 solis
3218 1199 3335 1243 ortu
3365 1202 3410 1244 et
3438 1209 3639 1262 occasu,

2064 1272 2127 1323 ab
2156 1272 2392 1340 aquilone
2421 1284 2466 1326 et
2494 1278 2663 1341 mari,
2714 1277 2797 1331 his
2846 1281 3181 1337 concordatis
3228 1285 3469 1350 partibus
3518 1288 3640 1341 red-

2064 1359 2315 1425 deretur;
2365 1374 2625 1434 quatenus
2670 1369 2842 1424 ﬁdelis
2882 1374 3149 1428 confesso
3194 1377 3389 1445 ubique
3418 1380 3637 1445 eadem,

2065 1449 2261 1517 ubique
2301 1453 2653 1508 celeberrima
2702 1469 3025 1514 cantaretur.
3095 1462 3434 1533 Congruebat
3493 1471 3636 1527 enim

2064 1550 2121 1594 ut
2166 1558 2322 1597 unam
2372 1545 2683 1614 religionem
2714 1589 2729 1614 ,
2777 1566 2940 1606 unum
2984 1556 3235 1624 populum
3263 1598 3279 1621 ,
3337 1576 3495 1616 unam
3542 1565 3639 1617 Ec-

2064 1632 2307 1700 clesiam,
2352 1650 2453 1689 una
2496 1653 2706 1708 quoque
2746 1644 3003 1700 sanctitas
3041 1649 3434 1717 przedicationis
3471 1653 3638 1709 inclu-

383 1728 539 1780 sisque
568 1711 633 1763 ad
660 1711 888 1781 abyssos,
929 1726 1049 1765 cum
1082 1711 1137 1764 in
1168 1712 1600 1779 desperationem
1649 1724 1955 1784 metumque
1988 1728 2032 1787 Β
2060 1722 2231 1777 deret.

382 1803 740 1871 pervenerint.
794 1803 859 1855 Et
890 1803 1007 1858 vide
1037 1803 1164 1871 quid
1205 1804 1465 1868 sequitur,
1498 1806 1669 1857 anima
1700 1822 1873 1858 eorum
1902 1807 1957 1859 in

382 1893 527 1944 ntalis
551 1892 866 1956 tabescebat;
890 1894 1092 1961 utique,
1116 1892 1366 1961 quoniam
1391 1909 1558 1960 usque
1581 1895 1644 1948 ad
1670 1895 1956 1963 profundas

380 1981 603 2049 abyssos
633 1981 919 2037 formidine
950 1982 1181 2036 faciente
1209 1983 1617 2038 descenderant.
1656 1984 1957 2041 Tabescebat

380 2071 518 2126 enim
551 2080 605 2125 et
634 2070 685 2125 in
717 2074 856 2125 bono
888 2073 1117 2140 positum
1150 2082 1254 2138 est,
1306 2074 1442 2128 sicut
1477 2076 1779 2144 trigesitnus
1809 2087 1957 2130 octa-

381 2179 479 2216 vus
507 2164 741 2232 psalmus
770 2163 936 2216 dicit:
990 2164 1054 2215 Et
1085 2163 1336 2217 tabescere
1360 2166 1524 2234 fecisti
1554 2166 1682 2218 sicut
1714 2183 1953 2221 araneam

377 2258 601 2310 animam
624 2258 734 2327 ejus
756 2255 925 2328 (Psal.
948 2273 1161 2323 xxxviii,
1187 2259 1298 2326 1‘2).
1334 2259 1434 2313 Sed
1464 2259 1546 2313 hic
1570 2260 1690 2314 ideo
1715 2261 1951 2316 additum

377 2356 486 2413 est,
532 2349 585 2400 in
616 2348 782 2417 malis,
810 2357 867 2401 ut
905 2348 955 2402 in
995 2364 1095 2418 qua
1127 2358 1273 2418 parte
1302 2350 1534 2418 positum
1565 2354 1663 2415 sit,
1711 2354 1953 2410 absolute

376 2436 647 2491 debuisset
679 2437 919 2505 intelligi.

453 2527 603 2581 Vcrs.
628 2528 715 2580 27.
743 2527 951 2580 Turbati
976 2538 1114 2595 sunt,
1141 2538 1187 2582 et
1210 2531 1446 2583 commoti
1473 2540 1588 2583 sunt
1610 2532 1739 2584 sicut
1760 2534 1948 2600 ebrius,

376 2628 423 2671 et
456 2619 616 2672 omnis
641 2619 888 2685 sapientia
918 2636 1089 2672 eorum
1117 2620 1352 2673 devorata
1380 2629 1474 2676 est.
1517 2621 1592 2676 De
1623 2622 1751 2691 ipsis
1777 2624 1951 2678 adhuc

375 2712 504 2766 dicit
542 2712 607 2765 de
648 2712 842 2781 quibus
883 2713 1126 2781 superius
1167 2714 1266 2779 ait,
1316 2714 1487 2767 anima
1514 2731 1686 2768 eorum
1716 2717 1768 2769 in
1800 2718 1948 2769 malis

374 2802 678 2856 tabescebat.
734 2801 946 2855 Turbati
985 2814 1146 2869 sunt,
1196 2802 1259 2857 ad
1309 2804 1675 2858 confusionem
1720 2807 1949 2873 pertinet

373 2910 597 2961 sensus;
642 2896 879 2949 commoti
905 2903 1052 2962 sunt,
1086 2895 1151 2949 ad
1184 2895 1293 2949 iras
1324 2900 1567 2963 protinus
1601 2898 1943 2951 cvomcndas.

371 2984 709 3054 Quapropter
740 2985 920 3039 talium
950 2986 1256 3052 sapientiam
1284 2984 1414 3039 dicit
1454 3001 1575 3039 esse
1611 2986 1945 3055 deglutitam,

372 3076 497 3144 quia
526 3078 785 3144 sapientia
818 3093 921 3131 non
969 3086 1146 3146 potest
1191 3078 1292 3133 nisi
1343 3078 1481 3145 apud
1513 3078 1726 3146 quietos
1765 3080 1948 3147 etim-

374 3169 714 3235 perturbatos
744 3170 949 3223 animos
980 3170 1228 3223 inveniri.
1280 3168 1546 3239 Sapientia
1592 3172 1948 3227 eorumbene

374 3257 444 3311 de
466 3259 567 3311 illis
588 3259 783 3313 dicitur
801 3261 890 3329 qui
913 3261 1010 3314 sibi
1037 3271 1158 3316 ante
1185 3261 1501 3316 videbantur
1523 3276 1642 3317 esse
1663 3263 1947 3318 doctores:

372 3349 467 3404 sed
508 3365 626 3405 eam
664 3360 874 3405 constat
902 3366 1021 3406 esse
1050 3353 1398 3421 deglutitam,
1451 3368 1571 3422 quce
1619 3356 1948 3422 perturbatis

372 3442 643 3497 mentibus
675 3458 781 3496 non
822 3443 1076 3512 praevalet
1111 3458 1391 3512 apparere.
1448 3444 1542 3499 His
1581 3445 1740 3515 igitur
1765 3462 1948 3503 exem-

372 3533 477 3602 plis
521 3544 809 3589 monentur
837 3534 1181 3601 sacerdotes,
1227 3544 1286 3588 ut
1334 3535 1562 3589 Domino
1608 3539 1945 3604 supplicent;

371 3637 631 3695 quatenus
678 3641 774 3681 cor
812 3641 1000 3681 eorum
1052 3628 1103 3680 in
1155 3627 1456 3682 humilitate
1502 3630 1832 3696 consolidat,
1879 3647 1948 3688 ne

371 3717 649 3772 diabolicis
681 3718 1065 3772 tentationibus
1094 3719 1440 3773 ventilentur.

445 3809 599 3864 Vcrs.
629 3810 720 3863 28.
774 3809 842 3863 Et
873 3811 1211 3865 clamauerunt
1240 3812 1308 3864 ad
1337 3810 1614 3865 Dominum
1644 3828 1755 3866 cum
1785 3815 1943 3868 tribu-

372 3904 622 3967 larentur,
653 3913 699 3957 et
728 3905 789 3959 de
816 3904 1197 3958 necessitatibus
1223 3920 1399 3958 eorum
1428 3904 1653 3958 liberavit
1678 3921 1781 3962 eos.

446 3997 595 4051 Vers.
620 3998 710 4051 2‘).
742 3996 808 4050 Et
833 3999 1010 4051 statuit
1042 3998 1317 4063 procellam
1348 3999 1457 4067 ejus
1486 3999 1540 4051 in
1566 4015 1766 4064 auram,
1800 4008 1846 4052 et
1875 4000 1945 4053 si—

371 4087 574 4140 luerunt
595 4090 783 4156 ﬂuctus
810 4090 938 4158 ejus.
973 4088 1051 4142 Illi
1080 4088 1227 4142 velut
1249 4087 1405 4153 ebrii,
1434 4103 1656 4156 quorum
1683 4092 1942 4158 sapientia

370 4178 621 4245 deglutita
655 4175 957 4244 videbatur,
1006 4178 1242 4232 clamore
1271 4176 1471 4232 salubri
1504 4177 1568 4231 ad
1601 4178 1784 4232 vitalia
1812 4194 1942 4232 con-

369 4269 485 4321 silia
516 4268 808 4322 redierunt.
857 4267 938 4320 Ad
967 4266 1239 4320 Dominum
1269 4259 1469 4339 quippe
1504 4269 1783 4332 conversi,
1831 4284 1943 4324 ca:-

368 4367 560 4425 perunt
588 4372 706 4412 esse
731 4358 839 4427 jam
867 4358 1054 4413 sobrii.
1087 4358 1223 4425 Quid
1255 4368 1429 4413 autem
1460 4360 1630 4427 egerit
1659 4360 1939 4413 auxiliaris

2136 1817 2286 1872 Vcrs.
2317 1818 2405 1876 52.
2456 1821 2522 1875 Et
2565 1826 2784 1879 exultent
2816 1844 2926 1881 eum
2958 1831 3010 1882 in
3038 1832 3249 1885 ecclesia
3278 1835 3459 1903 plebis,
3502 1847 3551 1891 et
3581 1838 3635 1891 in

2060 1909 2303 1962 cathedra
2330 1913 2587 1966 seniorum
2614 1914 2737 1986 [ms.
2764 1916 2805 1971 G
2828 1928 2881 1972 et
2902 1921 3012 1985 ed.,
3041 1923 3238 1995 senum]
3265 1926 3470 1980 laudent
3496 1945 3633 1985 eum.

2061 2000 2292 2055 Exaltari
2323 2003 2451 2057 dicit
2481 2006 2761 2062 Dominum
2784 2050 2798 2075 ,
2846 2012 2933 2077 qui
2965 2027 3130 2082 supra
3162 2030 3349 2070 omnes
3378 2018 3632 2076 caelorum

2061 2098 2430 2161 terrarumque
2470 2106 2761 2164 potestates
2791 2101 3041 2156 excelsus
3068 2113 3185 2169 est;
3235 2119 3339 2158 non
3380 2107 3519 2175 quod
3561 2108 3632 2165 illi

2059 2182 2343 2251 quidquam
2375 2187 2540 2253 possit
2570 2188 2727 2254 addi,
2776 2190 2870 2243 sed
2917 2200 2974 2245 ut
3016 2208 3112 2246 nos
3142 2193 3192 2247 in
3228 2194 3392 2261 ipsius
3425 2198 3630 2251 exalta-

2060 2272 2204 2327 tione
2230 2273 2521 2330 debeamus
2548 2280 2746 2348 augeri.
2780 2280 2912 2334 Nam
2940 2283 3153 2351 quando
3184 2299 3303 2338 eum
3331 2287 3632 2356 cogitamus

2056 2370 2215 2427 atque
2262 2363 2571 2430 laudamus,
2624 2366 2917 2424 immensus
2966 2379 3022 2425 et
3070 2373 3628 2442 incomprehensibils

2056 2462 2277 2519 apparet
2304 2454 2628 2511 Altissimus.
2662 2457 2761 2514 Hic
2783 2468 2961 2514 autem
2989 2462 3198 2530 plebem,
3224 2480 3327 2520 nou
3357 2470 3632 2536 quodcun-

2056 2559 2159 2613 que
2188 2545 2451 2615 alijeetum
2478 2549 2752 2607 hominum
2777 2569 2941 2623 genus
2966 2556 3222 2611 debemus
3244 2561 3510 2629 accipere,
3534 2564 3628 2618 sed

2056 2635 2200 2691 illam
2256 2640 2490 2695 nobilem
2540 2659 2772 2715 veraque
2823 2648 3080 2717 religione
3130 2652 3459 2723 pollentem,
3511 2672 3630 2725 qua)

2059 2724 2337 2781 Dominum
2391 2731 2654 2801 religiosis
2702 2734 2908 2788 actibus
2961 2749 3172 2804 semper
3221 2742 3438 2796 exaltat.
3493 2724 3628 2800 Nam

2056 2830 2174 2870 cum
2196 2818 2345 2884 dicit,
2369 2831 2414 2873 et
2439 2822 2490 2875 in
2513 2824 2753 2877 cathedra
2779 2828 3033 2881 seniorum
3059 2831 3264 2884 laudent
3285 2848 3418 2899 eum,
3442 2849 3629 2893 omnes

2057 2906 2303 2964 doctores
2347 2914 2584 2980 principit
2625 2915 2808 2969 laudes
2853 2918 3061 2972 Domini
3096 2935 3420 2989 personare,
3460 2928 3546 2995 qui
3575 2928 3627 2981 in

2057 2998 2298 3053 cathedra
2344 3004 2599 3058 seniorum
2643 3007 2882 3063 residere
2933 3024 3257 3080 noscuntur;
3308 3014 3363 3071 id
3407 3026 3492 3073 est
3537 3020 3627 3089 qui

1980 3109 2023 3170 ρ
2058 3104 2398 3147 successores
2448 3108 2687 3152 veterum
2750 3101 3059 3168 pontiﬁcum
3117 3121 3236 3161 esse
3293 3123 3625 3169 meruerunt.

2053 3181 2215 3252 369
2239 3182 2556 3239 Cathedram
2586 3187 2849 3256 siquidem
2878 3193 3183 3251 doctoribus
3212 3197 3347 3267 dari,
3376 3201 3430 3255 in
3455 3203 3625 3271 primo

2054 3271 2257 3338 psalmo
2284 3271 2614 3330 sufﬁcienter
2639 3280 2939 3346 expositum
2972 3293 3074 3337 est.

2126 3361 2275 3416 Vers.
2300 3364 2387 3418 55.
2423 3365 2554 3429 Quia
2579 3371 2743 3436 posuit
2769 3371 2983 3437 [lumina
3006 3375 3057 3428 in
3085 3375 3359 3445 desertum,
3386 3390 3432 3434 et
3459 3383 3625 3438 exitus

2050 3470 2299 3523 aquarum
2327 3457 2378 3509 in
2405 3458 2563 3511 sitim.
2615 3460 2842 3515 Causam
2887 3464 3062 3520 reddit
3103 3484 3272 3537 quare
3297 3469 3486 3526 debeat
3516 3474 3623 3527 Do-

2050 3547 2194 3599 mino
2235 3549 2481 3602 conﬁteri
2523 3550 2675 3605 turba
2709 3552 2984 3612 ﬁdelium:
3029 3560 3151 3627 quia
3180 3563 3461 3630 reprobate
3498 3580 3624 3633 per-

2049 3635 2173 3688 ﬁdia
2202 3636 2531 3703 Juilrcorum,
2564 3642 2741 3697 omnis
2770 3644 3045 3713 plenitudo
3077 3650 3222 3704 venit
3262 3650 3326 3706 ad
3370 3654 3621 3721 populum

2048 3726 2430 3783 Christianum.
2464 3729 2565 3783 Illa
2588 3733 2851 3801 siquidem
2880 3739 3119 3808 ﬂumina,
3152 3741 3203 3795 id
3235 3751 3317 3797 est
3347 3748 3622 3815 propheta

2047 3816 2129 3870 vel
2158 3818 2385 3885 apostoli
2419 3834 2525 3873 non
2554 3823 2894 3879 credentibus
2924 3826 3124 3883 iudicis
3155 3832 3219 3884 ad
3251 3813 3462 3889 deserta
3491 3813 3622 3905 geu-

2048 3906 2176 3960 tium
2207 3912 2555 3964 transierunt.
2588 3912 2718 3967 Nam
2748 3928 2868 3969 cum
2896 3920 3055 3973 verba
3085 3921 3177 3976 Dei
3208 3934 3493 3979 contumax
3525 3941 3621 3995 po-

2047 3999 2200 4067 pulus
2228 3999 2569 4056 Hebraeorum
2605 4006 2954 4072 spiritualiter
2980 4025 3311 4080 nequaquam
3343 4018 3618 4083 suscipere

2044 4094 2331 4157 voluisset,
2379 4096 2525 4150 velut
2572 4096 2692 4151 fons
2738 4100 2967 4169 irriguus
3004 4103 3274 4158 derivatus
3317 4107 3381 4161 ad
3429 4118 3617 4178 gentes

2044 4185 2469 4239 omnesidivinus
2500 4200 2677 4243 sermo
2720 4192 3006 4246 translatus
3048 4201 3170 4262 est,
3222 4205 3277 4251 et
3318 4196 3444 4253 facti
3493 4213 3618 4259 sunt

2043 4274 2336 4341 uberrimi,
2384 4276 2473 4344 qui
2521 4279 2667 4346 prius
2714 4280 2899 4335 siccati
2948 4282 3158 4339 fuerant
3204 4287 3451 4344 ariditate
3494 4305 3617 4360 pec-

2044 4365 2169 4418 cati.
2220 4365 2532 4421 Mirabiliter
2560 4377 2736 4423 autem
2771 4370 2969 4426 dictum
3003 4382 3114 4438 est,
3161 4376 3325 4431 exitus
3368 4396 3617 4449 aquarum

369 4450 571 4504 clamor
596 4451 897 4518 exponitur,
930 4459 977 4503 et
1007 4450 1068 4501 de
1094 4450 1474 4503 necessitatibus
1503 4466 1681 4503 eorum
1708 4449 1936 4504 liberavit
1970 4480 2022 4539 Ι)
2044 4454 2095 4506 in
2127 4455 2283 4521 sitim,
2318 4455 2368 4509 id
2397 4466 2497 4522 est,
2528 4458 2591 4510 ad
2619 4469 2806 4525 gentes
2834 4476 2951 4526 qua:
2975 4477 3138 4532 aquas
3162 4466 3409 4523 caelestes
3436 4471 3615 4524 sitien-

367 4554 470 4593 eos.
504 4540 637 4609 Ipsa:
659 4550 835 4594 autem
860 4541 1231 4604 necessitates,
1252 4541 1700 4608 quemadmodum
1722 4552 1942 4597 remotae

367 4630 515 4695 sint,
572 4630 853 4698 allegorica
913 4629 1274 4697 descriptione
1325 4639 1633 4683 narrantur.
1689 4630 1941 4701 Sequitur

367 4721 531 4784 enim,
560 4729 605 4773 et
634 4720 812 4773 statuit
857 4720 1132 4788 procellam
1161 4722 1271 4783 eius
1302 4722 1353 4773 in
1382 4737 1586 4788 auram,
1618 4730 1664 4774 et
1693 4723 1939 4774 siluerunt

368 4814 554 4879 fluctus
581 4812 711 4879 ejus.
760 4810 1075 4878 Tempestas
1123 4811 1209 4864 illa
1256 4812 1568 4876 sagvissima,
1600 4827 1717 4879 qua:
1746 4812 1813 4865 ab
1843 4813 1936 4866 hu-

369 4915 519 4953 mana
548 4900 827 4969 "agilitate
851 4917 955 4953 non
980 4909 1188 4968 poterat
1216 4902 1490 4966 sustineri,
1525 4901 1577 4953 in
1606 4915 1763 4955 auras
1787 4900 1935 4970 jussa

373 4990 657 5058 disparuit,
699 4989 1087 5057 confestimque
1120 4989 1292 5057 fragor
1323 4989 1413 5042 ille
1442 4990 1777 5043 sevicntium
1826 5005 1937 5043 ma-

371 5082 538 5135 lorum
567 5082 793 5150 imperio
826 5083 1157 5135 Dominantis
1187 5081 1471 5134 obmutuit.

441 5175 593 5228 Vers.
627 5176 714 5229 50.
760 5173 827 5227 Et
854 5174 1012 5227 ltetati
1040 5185 1155 5228 sunt
1182 5176 1304 5238 quia
1332 5175 1620 5233 siluerunt;
1656 5183 1701 5227 et
1730 5175 1941 5227 deduxit

369 5282 449 5320 eos
494 5268 546 5318 in
594 5278 797 5333 portum
848 5266 1119 5319 voluntatis
1149 5281 1355 5328 eorum,
1396 5275 1441 5317 et
1474 5265 1535 5316 tle
1564 5264 1940 5317 necessitatibus

366 5372 535 5409 eorum
564 5357 791 5409 liberavit
830 5373 934 5410 eos.
993 5356 1127 5410 Dicit
1171 5355 1309 5424 quod
1359 5356 1495 5408 solet
1542 5365 1658 5423 post
1703 5356 1937 5424 pericula

366 5447 543 5503 labore
573 5450 723 5502 fessis
753 5464 1055 5516 emergere,
1090 5458 1145 5501 ut
1173 5464 1231 5502 se
1259 5449 1518 5516 gaudeant
1555 5448 1750 5515 ingenti
1785 5447 1935 5500 clade

364 5537 643 5601 liberatos,
684 5538 895 5607 quando
927 5538 990 5593 ad
1027 5550 1233 5609 portum
1270 5539 1535 5607 coeperint
1564 5539 1747 5592 venire
1780 5538 1934 5591 tutis—

364 5633 574 5685 simum.
620 5631 805 5685 Portus
835 5632 976 5685 enim
1008 5646 1036 5684 a
1068 5632 1345 5700 portandis
1380 5629 1599 5685 navibus
1625 5640 1705 5685 est
1734 5631 1924 5685 dictus.

2048 4553 2129 4599 ter
2175 4546 2478 4611 haurirent,
2529 4563 2633 4602 non
2686 4556 2742 4602 ut
2787 4548 2956 4605 Judcci
3002 4552 3262 4610 exitiabili
3310 4568 3617 4632 contemptu

2046 4647 2382 4705 respuerent.

2114 4726 2266 4780 V'ers.
2299 4730 2386 4782 δι.
2443 4728 2651 4782 Terram
2695 4731 3015 4801 fructiferam
3061 4735 3114 4787 in
3161 4738 3540 4807 salsilaginem,
3585 4759 3617 4796 a

2042 4816 2237 4867 malitia
2267 4816 2658 4871 inhabitantium
2689 4819 2739 4869 in
2768 4836 2844 4873 ea.
2897 4821 3029 4887 Quia
3064 4823 3208 4889 prius
3240 4824 3445 4878 dixerat
3487 4843 3613 4896 gen-

2043 4908 2171 4959 tium
2223 4906 2631 4972 evocationem,
2682 4924 2801 4977 qua:
2869 4914 3098 4980 pertinet
3144 4914 3211 4967 ad
3259 4915 3611 4983 Christianos,

2042 5009 2183 5047 nunc
2228 4994 2356 5048 dicit
2404 4997 2773 5063 expulsionem
2805 4998 3149 5062 Judazorum,
3204 5017 3323 5071 qua:
3372 5005 3474 5060 illis
3522 5022 3613 5075 per

2042 5086 2342 5153 superbiam
2388 5089 2699 5153 provenisse
2740 5088 3064 5146 declaratur.
3119 5092 3277 5147 Terra
3317 5097 3457 5149 enim
3500 5110 3611 5151 erat

2042 5176 2338 5244 fructifera,
2388 5176 2600 5243 quando
2644 5191 2875 5245 superna
2911 5181 3171 5251 religione
3215 5183 3472 5250 florebat;
3521 5190 3612 5243 sed

2046 5265 2178 5319 facta
2209 5276 2290 5319 est
2316 5266 2587 5336 salsilago,
2609 5282 2727 5323 cum
2756 5268 2961 5323 Domini
2988 5282 3251 5341 praecepta
3273 5279 3612 5343 contempsit.

2043 5357 2243 5409 limnor
2290 5359 2433 5410 enim
2482 5359 2655 5412 salsus
2704 5357 2965 5415 fructibus
3014 5362 3268 5431 probatur
3316 5366 3612 5423 adversus:

2038 5446 2159 5514 quia
2194 5447 2495 5516 ubicunque
2524 5449 2832 5505 dominatus
2863 5450 3051 5516 fuerit,
3101 5455 3323 5521 gratiam
3370 5455 3606 5510 fecundi.

2038 5539 2162 5591 tatis
2192 5538 2484 5605 intercipit.
2520 5541 2623 5595 Sed
2654 5557 2819 5610 quare
2850 5543 2955 5598 illis
2981 5546 3266 5615 contigerit
3296 5564 3454 5603 causa
3482 5552 3583 5604 sub

2031 5628 2215 5697 juncta
2256 5636 2375 5684 est:
2419 5640 2633 5701 propter
2666 5635 2912 5689 malitiam
2940 5637 3141 5695 scilicet
3172 5654 3357 5696 eorum
3388 5641 3479 5711 qui
3509 5650 3605 5695 ter-
