3966 6172
479 256 574 318 175

1699 252 1767 310 Μ.
1810 254 2031 310 AUREL

2142 250 2525 314 IASSIODQRI
3583 260 3659 317 775

468 389 581 430 ram
616 375 758 428 illam
788 370 1109 427 l‘rnctil‘eram
1130 410 1146 436 ,
1189 368 1240 422 id
1278 378 1361 424 est
1402 367 1612 423 Domini
1644 367 2045 423 tabernaculum
2077 371 2123 427 Α
2153 364 2476 432 comparati,
2526 360 2846 415 omnimodis
2878 361 3165 429 probantur
3193 362 3384 433 exigui.
3433 364 3496 419 Hi
3522 385 3661 425 vexat:

467 465 769 521 subdolosis
817 463 945 535 [ed.,
976 460 1235 529 subdolis]
1286 461 1556 515 mentibus
1607 460 1849 515 habitare
1902 458 2048 513 vide-

468 556 682 613 bantur.

543 645 695 697 Vers.
728 641 814 695 55.
868 639 1049 693 Posuit
1081 640 1330 694 desertum
1373 642 1425 694 in
1466 650 1647 711 stagna
1678 655 1957 709 aquarum,
2000 649 2048 692 et

468 742 657 787 terram
684 733 792 785 sine
820 747 954 798 aqua
980 733 1030 785 in
1058 733 1222 784 exitus
1249 747 1519 799 aquarum.

537 823 691 878 Vers.
716 822 804 876 56.
843 822 907 875 Et
937 822 1201 875 collocavit
1230 823 1337 874 illic
1367 823 1671 885 esurientes;
1703 830 1747 873 et
1778 822 2049 874 constitue-

465 926 584 971 runt
620 917 869 969 civitatem
906 914 1252 967 habitationis.
1308 912 1409 966 Iste
1453 926 1638 967 versus
1683 912 1745 964 ad
1793 912 2043 979 populum

467 1008 696 1076 pertinet
723 1004 1082 1059 Christianum
1104 1044 1117 1067 ,
1161 1018 1386 1073 quorum
1419 1004 1640 1056 siccitati
1673 1002 1813 1055 sacri
1847 1002 2044 1068 baptis-

467 1100 624 1154 matis
654 1098 774 1151 data
801 1106 880 1152 est
915 1097 1047 1151 unda
1076 1097 1347 1149 salutaris.
1385 1096 1582 1163 Stagna
1621 1094 1761 1146 enim
1797 1107 1891 1162 pro
1923 1093 2042 1145 fon-

467 1189 610 1243 tibus
639 1188 1001 1242 Ecclesiarum
1031 1186 1259 1239 arbitror
1288 1186 1457 1253 posita
1478 1229 1491 1249 ,
1522 1199 1551 1237 a
1579 1184 1769 1252 quibus
1797 1190 2042 1251 suscepta

469 1297 604 1350 aqua
626 1322 642 1345 ,
692 1280 875 1349 quieto
908 1280 1026 1333 lacu
1056 1279 1337 1342 retinetur,
1367 1277 1544 1331 donec
1574 1292 1725 1330 novze
1757 1291 2040 1346 regenera-

463 1373 625 1427 tionis
653 1371 884 1441 dignitas
913 1370 1214 1440 impleatur.
1260 1369 1461 1437 Stagna
1491 1367 1753 1435 siquidem
1791 1381 1820 1419 a
1851 1364 2041 1419 stando

461 1466 605 1520 dicta
634 1473 777 1519 sunt.
811 1462 969 1515 Terra
995 1463 1136 1516 enim
1164 1460 1272 1515 sine
1299 1476 1450 1527 aqua,
1479 1458 1753 1512 incredula
1780 1458 2045 1526 signiﬁcat

460 1556 622 1611 corda
652 1554 950 1625 gentilium,
981 1567 1100 1622 qua:
1131 1552 1303 1619 rigata
1336 1548 1477 1604 unda
1505 1548 1841 1617 baptismatis
1861 1589 1876 1614 ,
1920 1564 2042 1602 san-

460 1657 545 1700 cta
584 1645 966 1714 praedicatione
1003 1644 1319 1696 ﬂoruerunt.
1375 1639 1483 1695 Sed
1526 1638 1577 1694 in
1624 1640 1727 1693 isto
1773 1638 2036 1693 beneﬁcio

2149 462 2266 505 sunt
2294 469 2326 504 a
2353 451 2678 505 tribulatione
2707 452 2961 503 malorum
2998 459 3044 503 et
3080 451 3283 517 dolore;
3310 457 3459 507 vexati
3485 459 3654 528 utique,

2151 544 2361 613 quando
2396 556 2491 597 eos
2530 542 2815 597 diabolicae
2844 542 3050 596 insidiae
3081 543 3421 610 perculerunt.
3467 546 3667 608 Necesse

2153 647 2235 689 est
2278 636 2420 689 enim
2470 635 2567 689 bos
2615 635 2763 688 dolor
2807 644 2862 689 et
2907 636 3171 688 tribulatio
3212 637 3557 706 subsequatur,
3590 646 3663 711 qui

2150 737 2423 780 auctorem
2455 727 2643 781 salutis
2672 727 2958 796 reliquisse
2990 738 3296 782 noscuntur.
3346 731 3597 802 Sequitur,
3633 750 3671 791 et

2149 816 2311 883 e/fusa
2353 826 2423 870 est
2467 820 2723 871 contentio
2763 835 2918 887 super
2945 820 3195 889 principes
3226 837 3411 876 eorum.
3464 827 3671 883 Breviter

2149 911 2455 963 sacerdotes
2487 910 2861 965 haereticorum
2888 912 3149 981 designati
3180 921 3334 980 atque
3364 917 3517 969 notati
3545 929 3672 983 sunt,

2149 1013 2175 1051 a
2206 1000 2397 1068 quibus
2446 1002 2641 1056 merito
2687 1001 2881 1056 dicitur
2908 1002 3071 1067 effusa
3117 1005 3405 1069 contentio;
3453 1008 3563 1074 quia
3588 1024 3674 1063 non

2148 1094 2365 1146 salutari
2399 1095 2673 1159 doctrina,
2719 1096 2812 1149 sed
2847 1103 3049 1148 tantum
3084 1096 3353 1149 mortifera
3395 1098 3677 1167 loquacitate

2147 1185 2502 1249 contendunt;
2541 1186 2734 1255 quippe
2762 1188 2852 1256 qui
2880 1187 3188 1255 Scripturas
3218 1187 3421 1244 divinas
3449 1192 3568 1246 locis
3594 1194 3676 1247 ali-

2150 1277 2341 1346 quibus
2362 1278 2678 1347 suseipinnt,
2699 1288 2752 1333 et
2770 1293 2862 1348 pro
2895 1289 3041 1348 parte
3063 1283 3293 1335 maxima
3317 1281 3679 1353 derelinquunt.

2151 1368 2213 1422 Hi
2240 1370 2489 1438 quoniam
2521 1386 2614 1424 sua
2642 1372 2880 1426 vanitate
2923 1373 3133 1426 seducti
3177 1382 3321 1438 sant,
3350 1389 3441 1443 per
3469 1376 3595 1429 invia
3623 1376 3681 1428 la-

2152 1458 2345 1514 buntur
2369 1462 2565 1514 erroris
2592 1479 2602 1511 :
2637 1460 2833 1530 quippe
2860 1463 2946 1530 qui
2978 1462 3115 1515 viam
3148 1465 3336 1516 salutis
3364 1464 3623 1530 deserunt,
3641 1475 3685 1519 et

2150 1554 2403 1607 tortuosis
2431 1552 2636 1607 semitis
2664 1553 3037 1607 immorantur.
3072 1555 3308 1608 Audiam
3335 1569 3461 1624 ergo
3490 1556 3567 1610 ubi
3594 1571 3687 1610 am-

2150 1643 2352 1710 bulant,
2382 1653 2436 1698 et
2463 1659 2569 1714 quo
2597 1644 2804 1714 possint
2833 1647 3111 1713 pervenire
3142 1659 3486 1717 cognoscant.

460 1739 698 1793 collocati
724 1746 838 1791 sunt
864 1736 954 1806 qui
982 1735 1192 1789 Domini
1222 1747 1445 1787 munera
1477 1731 1709 1801 gloriosa
1739 1731 1900 1785 nimis
1930 1729 2041 1784 avi-
2073 1704 2120 1763 Β
2225 1704 2371 1791 γενέ,
2400 1704 2493 1792 μζ
2536 1704 2612 1789 Et.
2635 1704 3135 1808 αιῆηυείραυρειυριη
3166 1704 3242 1792 αξ
3260 1740 3450 1808 inopia,
3481 1749 3522 1792 εε
3550 1740 3691 1807 posuit

459 1830 624 1884 ditate
661 1829 927 1896 complexi
966 1834 1110 1881 sunt.
1153 1824 1341 1879 Civitas
1379 1834 1558 1878 autem
1589 1822 1925 1876 habitationis
1954 1833 2039 1878 est

462 1922 697 1977 Ecclesia
724 1919 1008 1979 catholica,
1038 1918 1092 1971 in
1120 1932 1222 1986 qua
1253 1915 1480 1969 ﬁrmiter
1503 1928 1562 1969 se
1589 1912 1921 1967 constituunt
1946 1914 2034 1982 qui

457 2014 704 2083 supernis
729 2011 1060 2081 jussionibus
1088 2010 1479 2077 obsequuntur.

529 2105 682 2159 Vers.
713 2105 801 2157 57.
851 2102 917 2155 Et
946 2102 1320 2154 seminaverunt
1350 2115 1501 2168 agros
1520 2140 1534 2163 ,
1585 2110 1631 2151 et
1683 2099 2042 2168 plantat-erunt

460 2195 663 2257 vineas;
695 2202 739 2245 et
769 2192 994 2259 fecerunt
1026 2193 1249 2259 fructum
1280 2188 1577 2242 nativitatis.

530 2286 686 2340 Vers.
716 2284 807 2337 38.
858 2282 924 2335 Et
965 2282 1215 2335 benedixit
1247 2296 1352 2345 eos,
1388 2289 1433 2333 et
1462 2278 1786 2347 multiplicati
1814 2288 1932 2331 sunt
1961 2278 2040 2331 ni-

456 2379 575 2439 mis,
605 2387 653 2431 et
674 2378 912 2446 jumenta
950 2389 1126 2427 eorum
1157 2387 1257 2425 non
1289 2380 1408 2425 sunt
1444 2371 1722 2424 minorata.
1772 2368 2041 2423 Seminant

455 2483 608 2539 agros
646 2475 691 2519 et
731 2464 969 2535 plantant
1008 2462 1212 2524 vineas,
1257 2460 1346 2530 qui
1381 2474 1609 2528 corpora
1641 2474 1735 2513 sua
1767 2458 2037 2512 mundatis

456 2556 697 2612 sentibus
726 2562 1063 2624 peccatorum
1094 2552 1299 2607 caelesti
1329 2550 1666 2604 institutione
1712 2549 2031 2618 puriﬁeant;

456 2655 514 2703 ut
540 2646 742 2701 fructus
783 2644 904 2698 illos
948 2644 1257 2709 inveniant,
1307 2643 1398 2709 qui
1432 2642 1659 2696 Domino
1690 2641 1907 2710 placere
1939 2655 2035 2693 no-

460 2746 702 2793 scuntur.
757 2735 910 2790 Felix
946 2734 1120 2802 labor,
1168 2743 1458 2803 proventus
1489 2732 1770 2797 mirabilis,
1803 2731 1881 2785 sic
1910 2746 2035 2800 ope-

456 2833 565 2888 rari
607 2842 664 2886 ut
707 2830 1033 2899 Redemptor
1062 2828 1298 2898 gentium
1327 2827 1566 2897 placatus
1596 2827 1765 2896 possit
1796 2827 2037 2895 agnosci.

458 2927 593 2996 Ager
622 2924 764 2980 enim
795 2923 969 2977 dictus
1001 2930 1084 2975 est
1121 2920 1187 2974 ab
1228 2918 1455 2988 agendo,
1507 2916 1651 2988 quod
1700 2917 1773 2971 ibi
1822 2916 2035 2971 diversa

2145 1827 2279 1881 sicut
2308 1843 2423 1881 oves
2451 1827 2700 1892 familias.

2218 1915 2374 1971 Vers.
2403 1916 2491 1973 49..
2530 1916 2781 1971 Videbunt
2812 1920 2967 1985 recti,
3013 1929 3062 1972 et
3103 1920 3438 1984 (relabuntur,
3476 1929 3519 1973 et
3556 1920 3693 1971 omnis

2146 2007 2387 2075 iniquitas
2415 2007 2664 2076 oppilabit
2693 2024 2750 2061 os
2775 2025 2944 2063 suum.
2978 2008 3245 2079 Superius
3270 2011 3335 2066 de
3361 2009 3691 2080 arrogantibus

2148 2098 2417 2154 haereticis
2446 2101 2610 2168 dixit,
2659 2117 2800 2156 nunc
2830 2102 2895 2157 ad
2945 2103 3183 2159 humiles
3214 2104 3504 2158 catholicos
3544 2102 3692 2165 redit,

2145 2192 2414 2261 principes
2446 2193 2654 2248 illorum
2683 2193 2899 2264 jejunus
2926 2196 3213 2266 deserens,
3258 2207 3313 2251 et
3343 2198 3553 2251 istorum
3581 2209 3691 2262 pau-

2148 2296 2291 2352 peres
2336 2283 2604 2352 adjutorio
2648 2286 2855 2341 caelesti
2900 2288 3175 2341 reliciens.
3230 2289 3336 2341 Iste
3367 2286 3502 2341 enim
3532 2299 3695 2352 pauper

2143 2380 2225 2427 est
2256 2386 2385 2426 .mus
2406 2388 2469 2427 ex
2497 2371 2616 2445 [ms.
2641 2373 2706 2428 G.
2731 2384 2780 2427 et
2802 2375 2907 2439 ed.,
2933 2372 3008 2445 in]
3026 2376 3307 2441 omnibus,
3338 2376 3423 2442 qui
3445 2372 3693 2427 mundanis

2147 2464 2415 2518 illecebris
2446 2465 2741 2535 derelictis,
2772 2469 3024 2522 continue
3052 2469 3279 2537 januam
3310 2464 3536 2523 coelesus
3560 2465 3697 2521 mise-

2143 2554 2389 2609 ricordiae
2423 2556 2633 2625 pulsat,
2686 2566 2742 2611 ut
2781 2558 2833 2611 in
2865 2558 3007 2611 illam
3039 2557 3306 2612 familiam
3338 2566 3594 2611 mereatur
3618 2555 3697 2608 ad-

2143 2647 2312 2713 mitti,
2364 2663 2483 2716 quae
2529 2650 2669 2704 sicut
2702 2667 2814 2704 oves
2844 2651 3077 2705 innoxiae
3132 2650 3496 2721 simplicitatis
3524 2650 3701 2702 honore

2143 2737 2486 2794 decorentur.
2545 2741 2653 2795 Hoc
2696 2758 2821 2798 cum
2867 2744 3042 2797 sancti
3073 2742 3341 2809 viderint,
3372 2742 3483 2796 sine
3511 2739 3697 2794 dubita-

2143 2831 2287 2886 tione
2316 2832 2650 2901 gaudebunt,
2704 2835 2827 2903 quia
2878 2833 3089 2888 ﬁdelem
3146 2833 3445 2903 respiciunt
3473 2831 3576 2887 suis
3603 2844 3699 2884 cm-

2144 2918 2286 2974 tibus
2314 2922 2658 2990 acquisitum.
2704 2923 2819 2986 Quo
2850 2922 2990 2977 laeto
3018 2922 3227 2978 diaboli
3262 2924 3512 2993 iniquitas
3539 2922 3702 2976 obmu-

455 3018 627 3072 victus
655 3028 811 3069 causa
841 3020 1181 3082 peraguntur.
1217 3010 1456 3073 Addidit,
1487 3017 1533 3061 et
1565 3008 1791 3076 fecerunt
1818 3011 2037 3077 fructum
2066 3032 2113 3096 Ο
2145 3019 2346 3079 tescet,
2392 3015 2606 3083 quando
2636 3015 2821 3070 electis
2852 3016 3066 3070 Domini
3106 3032 3223 3072 non
3254 3017 3359 3073 erit
3386 3016 3522 3087 quod
3560 3013 3703 3084 possit

456 3110 763 3171 nativitatis,
794 3118 839 3160 et
866 3106 1119 3159 benedixit
1146 3120 1249 3167 eos,
1281 3112 1325 3156 et
1354 3100 1680 3172 multiplicati
1717 3108 1838 3153 sunt
1867 3100 2035 3155 nimis.

460 3206 691 3260 Fructus
722 3219 749 3254 a
785 3199 1008 3253 fruendo
1040 3200 1267 3263 dicitur;
1302 3203 1356 3250 et
1386 3195 1507 3249 ideo
1539 3194 1627 3263 qui
1668 3193 1899 3247 fructum
1929 3194 2038 3262 spi-

456 3295 699 3351 ritualem
735 3293 955 3355 faciunt,
995 3289 1368 3345 benedictione
1402 3287 1611 3339 Domini
1646 3284 2031 3353 perfruuntur:

454 3401 588 3455 quos
613 3399 742 3436 vero
780 3380 1094 3434 infecundos
1125 3392 1248 3433 esse
1277 3375 1597 3445 contigerit,
1643 3375 2029 3438 absciduntur;

454 3476 593 3529 sicut
617 3472 885 3541 Evangelii
921 3470 1007 3523 illa
1040 3468 1285 3532 ﬁculnea,
1314 3482 1434 3533 qua:
1465 3465 1865 3519 luxuriantibus
1890 3464 2034 3518 loliis

452 3565 655 3618 sterilis
682 3563 958 3615 videbatur
984 3559 1036 3613 in
1069 3560 1261 3628 pomis.
1306 3554 1645 3624 Multiplicati
1683 3560 1800 3609 sunt
1834 3564 2035 3620 autem,

450 3656 663 3725 quando
693 3654 876 3708 ﬁdeles
906 3652 1171 3706 benedicti
1202 3656 1415 3704 sanctas
1442 3662 1631 3716 operas
1652 3647 1798 3719 [mss.
1826 3647 1913 3712 A.,
1944 3644 2036 3712 B.,

453 3744 775 3818 opulentias]
809 3745 1135 3810 intulerunt,
1169 3752 1223 3798 et
1251 3740 1597 3813 gloriosiores
1624 3739 1748 3793 lacti
1783 3747 1908 3792 sunt
1940 3753 2036 3807 per

451 3843 546 3898 Dei
604 3840 825 3912 gratiam
876 3835 1203 3893 fecunditate
1257 3835 1589 3890 meritorum.
1651 3832 1938 3901 Sequitur,
1987 3842 2035 3886 et

446 3936 674 4008 iumenta
704 3948 875 3985 eorum
904 3946 1004 3984 non
1036 3938 1154 3983 sunt
1186 3929 1461 3981 minorata.
1492 3924 1733 3979 Iumenta
1755 3924 2029 3992 simplices

446 4024 691 4079 homines
721 4022 976 4077 debemus
1008 4019 1274 4088 accipere,
1328 4017 1450 4072 ﬁdei
1497 4015 1715 4085 quidem
1764 4014 2029 4084 probitate

448 4117 737 4188 pollentes,
770 4115 862 4169 sed
897 4114 1040 4168 nulla
1069 4110 1444 4167 disertitudine
1469 4109 1754 4177 gloriosns,
1779 4108 2029 4162 meliores

444 4208 551 4261 vita
582 4222 739 4276 quam
773 4207 947 4272 lingua
976 4222 987 4255 :
1017 4205 1304 4273 plurimum
1332 4201 1595 4264 valentes,
1619 4215 1725 4253 non
1751 4213 2023 4264 sermone,

442 4296 535 4351 sed
568 4295 763 4356 corde,
810 4295 1021 4362 qualem
1058 4293 1293 4345 Paulum
1322 4290 1547 4359 legimus
1592 4288 1889 4358 simplicem
1932 4289 2023 4357 qui

2141 3122 2363 3176 opponn

2216 3198 2372 3253 Vers.
2395 3197 2483 3252 45.
2520 3199 2643 3266 ραῗε
2667 3201 2871 3268 sapiens
2899 3210 2945 3254 et
2972 3203 3226 3257 custodiet
3252 3202 3386 3269 haec,
3413 3211 3458 3254 et
3485 3199 3704 3271 intelliget

2140 3289 2515 3343 misericordias
2547 3290 2800 3345 Domini?
2840 3293 3100 3348 Mirabilis
3134 3295 3381 3362 psalmus
3409 3294 3592 3349 decoro
3617 3290 3705 3346 ﬁne

2141 3382 2428 3435 conclusus
2456 3390 2556 3436 est.
2597 3382 2725 3449 Quis
2756 3383 2955 3450 sapiens
2975 3384 3001 3437 ?
3027 3398 3090 3438 ac
3122 3386 3169 3439 si
3203 3384 3415 3439 diceret
3440 3402 3452 3438 :
3480 3384 3573 3449 Qui
3599 3394 3705 3434 vere

2141 3473 2355 3541 sapiens
2384 3480 2466 3526 est
2493 3473 2725 3526 custodit
2778 3473 2879 3526 ista
2919 3488 3038 3541 quae
3064 3474 3217 3529 dicta
3250 3486 3379 3529 sunt
3403 3515 3417 3538 ,
3451 3484 3507 3527 ut
3531 3469 3708 3526 Christi

2139 3576 2199 3618 se
2241 3564 2411 3633 magis
2452 3564 2584 3617 velit
2627 3577 2748 3617 esse
2790 3578 3103 3632 pauperem,
3139 3581 3307 3634 quam
3359 3564 3706 3617 haereticorum

2146 3655 2494 3723 principem;
2564 3664 2621 3708 ut
2674 3654 2841 3724 eligat
2890 3670 2950 3710 se
3002 3656 3248 3710 caelestis
3305 3654 3468 3725 Regis
3520 3653 3711 3722 pulsare

2135 3746 2390 3815 januam,
2441 3760 2600 3814 quam
2651 3747 2847 3803 docere
2894 3749 3056 3801 verba
3106 3748 3417 3803 nocentiar
3448 3747 3547 3799 Iste
3587 3743 3709 3796 enim

2138 3838 2228 3906 qui
2258 3837 2490 3908 potuerit
2516 3838 2593 3892 sic
2622 3839 2851 3906 eligere,
2893 3836 2971 3892 sic
2997 3836 3290 3913 judicare,
3344 3848 3471 3893 tunc
3510 3834 3711 3903 accipiet

2138 3928 2516 3982 misericordias
2547 3927 2789 3993 Domini,
2839 3942 2959 3998 quae
3005 3929 3157 3985 nullo
3211 3938 3446 3999 possunt
3496 3933 3711 3994 tempore

2139 4020 2434 4077 terminari.

2666 4158 2938 4216 Conclusio
2967 4161 3175 4231 psalmi.

2205 4288 2353 4344 Licet
2379 4291 2556 4345 omnia
2594 4290 2781 4358 psalmi
2822 4291 2979 4359 hujus
3018 4292 3174 4346 suavi
3222 4292 3430 4347 fuerint
3468 4287 3710 4359 praedica—

443 4385 775 4438 dar-monilius
806 4381 1109 4450 imperavit.
1142 4380 1300 4434 Tales
1327 4396 1454 4449 ergo
1486 4394 1592 4433 non
1624 4386 1748 4432 sunt
1786 4379 2025 4434 minores
2056 4373 2107 4430 D
2134 4384 2275 4438 tione
2303 4396 2547 4447 nan-aia,
2573 4383 2664 4440 illo
2695 4396 2871 4439 tamen
2901 4383 3052 4439 locus
3081 4386 3334 4440 animum
3368 4384 3531 4456 3'70
3556 4394 3712 4435 meum

443 4474 595 4538 facti,
639 4474 730 4542 qui
771 4488 1014 4541 magnam
1043 4472 1294 4525 videntur
1324 4470 1534 4524 Domini
1566 4471 1792 4538 gratiam
1830 4485 2023 4526 conse-

443 4566 572 4618 cuti.
624 4565 712 4619 Sic
740 4565 838 4617 ista
873 4564 1148 4617 hominum
1177 4564 1283 4617 duo
1312 4578 1508 4632 genera
1543 4563 1743 4617 habere
1782 4574 2021 4619 sanctam

444 4663 674 4709 testatur
706 4653 1027 4709 Ecclesiam.

516 4745 665 4800 Vers.
696 4745 783 4798 59.
820 4741 982 4796 Pauci
1012 4744 1134 4813 facti
1163 4753 1304 4811 sunt,
1335 4753 1381 4798 et
1408 4744 1573 4798 vexati
1603 4756 1718 4799 sunt
1746 4762 1778 4799 a
1806 4746 2021 4801 tribula-

440 4836 577 4890 tione
604 4835 855 4888 malorum
886 4846 928 4887 et
960 4835 1157 4887 dolore.

513 4928 668 4982 Vers.
704 4928 791 4985 40.
847 4927 911 4981 Et
960 4928 1121 4995 e/fusa
1163 4936 1232 4981 est
1274 4931 1527 4983 contentio
1570 4948 1721 5002 super
1761 4932 2016 5001 principes

436 5035 612 5073 eorum
633 5035 651 5072 :
680 5030 726 5072 et
756 5020 1063 5073 seduxerunt
1092 5034 1175 5072 eos
1206 5034 1336 5072 vana
1364 5036 1567 5083 eorum,
1614 5030 1660 5073 et
1694 5021 1893 5074 seduxit
1933 5038 2019 5075 eos

436 5109 487 5163 in
519 5111 672 5176 invio,
706 5120 751 5163 et
783 5127 883 5162 non
913 5110 965 5161 in
998 5111 1097 5163 via.
1151 5111 1206 5164 ln
1241 5112 1323 5164 his
1364 5111 1572 5165 duobus
1602 5112 1849 5166 versibus
1896 5111 2017 5167 illos

434 5201 692 5257 describit
726 5202 814 5269 qui
857 5202 1108 5256 hmretica
1142 5203 1401 5270 pravitate
1432 5202 1677 5270 decepti,
1727 5201 2015 5256 Ecclesium

436 5294 643 5350 Domini
674 5295 1090 5364 derelinquunt;
1141 5295 1206 5348 de
1237 5294 1427 5361 quibus
1456 5294 1691 5347 Joannes
1725 5292 2013 5362 Apostolus

433 5389 600 5443 dicit:
634 5391 675 5441 A
706 5388 848 5441 nobis
879 5389 1138 5453 exierunt,
1173 5389 1262 5439 sed
1292 5404 1392 5441 non
1424 5397 1567 5440 erant
1598 5404 1661 5441 ex
1689 5389 1865 5452 nobis;
1896 5406 2014 5442 nam

437 5479 479 5533 si
502 5489 664 5532 essent
691 5497 751 5531 ex
776 5481 936 5545 nobis,
968 5482 1267 5533 mansissent
1297 5481 1467 5550 utique
1496 5481 1755 5533 nobiscum
1777 5478 1830 5550 (I
1850 5479 2008 5534 Joan.

437 5583 497 5632 ll,
519 5568 629 5637 l9).
681 5570 766 5624 lsti
795 5586 921 5641 ergo
953 5576 1102 5643 pauci
1128 5581 1270 5636 sunt,
1302 5573 1547 5642 quamvis
1578 5572 1725 5626 multi
1759 5574 1856 5625 sibi
1889 5588 2011 5627 esse

442 5656 758 5728 videantur;
816 5678 935 5717 nam
988 5663 1051 5717 ad
1104 5664 1249 5717 illam
1300 5663 1657 5718 nniversalem
1716 5663 2010 5718 Ecclesium

2133 4474 2397 4542 praecipua
2426 4474 2788 4528 delectatione
2815 4474 3129 4542 permulsit,
3178 4477 3276 4545 qui
3311 4470 3407 4529 Dei
3443 4470 3710 4528 Ecclesiam

2129 4565 2280 4620 brevi
2304 4565 2677 4634 complexione
2719 4564 2787 4619 de
2826 4564 3034 4619 eunetis
3065 4563 3209 4618 dicit
3254 4564 3450 4619 mundi
3494 4560 3711 4633 partibus

2128 4656 2482 4711 adnnandam.
2518 4658 2605 4710 Ait
2628 4659 2769 4710 enim
2798 4671 2812 4708 :
2844 4654 2919 4717 De
2944 4656 3245 4726 regionibus
3271 4654 3597 4727 congregavit
3617 4664 3711 4701 eos.

2126 4750 2170 4802 A
2194 4751 2316 4803 solis
2344 4758 2459 4802 ortu
2488 4757 2535 4802 et
2566 4764 2768 4811 occasu,
2794 4747 2856 4799 ab
2882 4749 3122 4815 aquilone
3148 4757 3196 4799 et
3224 4750 3387 4802 mari.
3421 4746 3527 4805 Sed
3552 4753 3711 4812 opera:

2130 4840 2353 4906 pretium
2384 4847 2465 4893 est
2494 4838 2635 4892 hunc
2669 4854 2881 4893 versum
2933 4838 3087 4906 paulo
3119 4837 3448 4909 diligentius
3480 4848 3711 4907 perscru-

2127 4933 2255 4998 tari;
2288 4942 2371 4986 est
2398 4934 2540 4986 enim
2573 4933 2948 4986 astronomiae
2978 4931 3292 5000 disciplina:
3322 4932 3559 5001 optimus
3589 4924 3710 4980 indi-

2125 5032 2298 5077 cator.
2345 5022 2584 5077 Dicendo
2614 5024 2756 5076 enim
2785 5033 3013 5091 quatuor
3043 5022 3306 5076 cardines
3335 5021 3540 5084 mundi,
3573 5016 3708 5070 sche

2126 5123 2266 5166 mate
2302 5110 2651 5181 quadranguli
2693 5122 2955 5165 terrarum
3007 5112 3201 5165 orbem
3259 5110 3525 5180 depinxit.
3573 5104 3708 5160 Hunc

2124 5214 2299 5259 autem
2331 5205 2590 5272 psalmum
2621 5222 2649 5257 a
2677 5204 2987 5258 doctissimo
3019 5203 3182 5257 Patre
3213 5204 3520 5274 Augustino
3544 5195 3704 5267 reperi

2120 5296 2284 5351 fuisse
2309 5297 2565 5362 divisum;
2600 5312 2757 5366 quem
2788 5297 2860 5350 ita
2891 5311 2951 5351 se
2979 5298 3181 5366 populo
3209 5303 3601 5352 commemorat
3620 5306 3703 5346 ex-

2120 5388 2387 5454 planasse,
2407 5398 2464 5442 ut
2479 5404 2599 5442 eum
2619 5389 2725 5457 jam
2752 5404 2855 5443 non
2880 5389 3015 5445 adeo
3035 5390 3291 5446 crederet
3316 5388 3698 5459 exponendum-

2119 5478 2231 5533 lloc
2261 5494 2380 5543 nos,
2408 5480 2461 5533 in
2489 5489 2743 5548 quantum
2773 5494 3084 5534 concessum
3121 5490 3233 5543 eSt,
3270 5481 3564 5538 imitantes,
3596 5472 3697 5525 uni-

2118 5586 2302 5625 versos
2357 5572 2590 5639 psalmos
2648 5571 2898 5626 adhibitis
2958 5570 3329 5625 divisionibus
3388 5569 3694 5625 credidimus

2116 5665 2468 5730 partiendos:
2507 5663 2809 5729 iudicantes
2838 5662 3316 5726 explanationibus
3360 5660 3557 5717 nostris
3598 5670 3691 5709 non
