3966 6172
246 235 334 294 77⁸1

1171 231 1525 289 EXPOSlTiO
1564 230 1629 286 IN
1669 225 2124 286 PSALTERIUM.
2172 224 2357 280 PSAL.
2403 224 2558 278 CVII.

3393 213 3496 266 778

243 352 450 408 minima
477 352 714 422 praebere
738 352 947 418 solatia,
977 351 1113 423 quod
1143 352 1270 407 tanti
1298 352 1466 406 Patris
1493 348 1812 404 monstravit
1842 353 1890 410 Α
1919 345 2252 399 ινὶιιιρῑεοιιιιηὶ
2285 358 2468 398 revera
2499 339 2831 412 psalterium,
2861 343 3000 412 quod
3031 344 3230 400 sanctis
3258 348 3496 402 modulac

242 446 546 500 auctoritas.

521 575 880 631 EXPOSITIO
921 575 983 628 IN
1027 573 1344 630 PSALMU.“
1385 572 1538 625 CVII.

659 688 922 740 Canticum
953 689 1180 758 psalmus
1213 685 1398 738 David.

313 803 365 856 tn
397 801 499 855 hoc
534 801 738 868 psalmo
769 799 1127 870 perqu'renda
1167 798 1372 851 novitas
1413 799 1586 851 inesse
1614 810 1817 862 cogno-

242 893 435 953 scitur,
497 892 747 959 quoniam
807 904 926 942 eum
976 887 1042 942 de
1102 886 1524 956 quinquagesimi
1584 884 1721 938 sexti
1769 893 1823 937 et

242 981 659 1049 quinquagesimi
688 980 810 1032 noni
839 979 1073 1048 partibus
1102 986 1311 1030 constat
1334 991 1454 1028 esse
1479 983 1816 1028 contextum.

242 1071 342 1126 Sed
369 1087 491 1124 cum
523 1071 633 1138 ipsa
663 1070 822 1123 verba
853 1069 957 1123 sint
990 1069 1179 1134 posita,
1205 1081 1320 1134 quae
1349 1065 1403 1120 in
1431 1066 1539 1118 illis
1567 1073 1689 1118 ante
1713 1063 1822 1131 jam

241 1163 375 1215 dicta
408 1170 553 1224 sunt,
578 1161 642 1214 ad
671 1159 995 1213 intellectum
1027 1169 1202 1211 tamen
1231 1157 1392 1210 alium
1421 1155 1821 1224 perducuntur:

241 1257 494 1326 quoniam
537 1263 769 1308 mutatus
809 1253 1015 1314 titu'us,
1060 1250 1148 1319 qui
1191 1263 1406 1316 semper
1433 1245 1820 1301 continentiam

243 1345 433 1414 psalmi
482 1344 716 1396 indicare
755 1349 1105 1402 monstratur,
1157 1339 1415 1406 aliterque
1447 1347 1624 1404 partes
1655 1337 1824 1406 ipsas,

239 1451 396 1504 quam
430 1434 675 1500 superius
705 1431 861 1485 dicta:
893 1441 1038 1492 sunt,
1073 1443 1261 1497 persna
1286 1431 1357 1482 let
1389 1427 1640 1497 intelligi.
1688 1424 1826 1479 Cau-

241 1530 396 1579 ticunt
434 1527 577 1579 enim
609 1524 913 1592 frequenter
939 1523 1170 1575 diximus
1205 1519 1268 1572 ad
1311 1519 1610 1572 divinarum
1643 1533 1823 1573 rerum

241 1615 750 1683 contemplationem
782 1611 1006 1676 referri;
1053 1613 1301 1678 psalmum
1333 1625 1461 1663 vero
1491 1609 1556 1662 ad
1587 1609 1824 1664 actuales

1921 435 2152 489 tionibus
2178 443 2520 489 consonaret.

1995 526 2144 579 Vers.
2175 526 2230 580 2.
2267 525 2515 594 Exsurge,
2548 525 2713 596 gloria
2749 542 2896 591 mea;
2937 542 3170 598 exsurge,
3201 529 3500 599 psalterium

1921 625 1967 666 et
1993 616 2222 679 cithara;
2253 630 2526 685 exsurgant
2554 615 2806 670 diluculo.
2843 619 3122 687 Postquam
3154 635 3213 674 se
3245 619 3500 674 Dominus

1921 704 2168 760 Chrisuts
2208 707 2497 760 secundum
2537 723 2752 760 carnem
2805 707 2948 761 Patri
2997 720 3216 764 cantare
3263 711 3397 765 dixit
3446 723 3502 766 et

1926 797 2177 864 psallere,
2223 813 2362 850 nunc
2400 798 2504 862 ait,
2541 796 2802 869 Exsurge,
2848 801 3013 869 gloria
3057 819 3194 868 mea,
3243 819 3362 872 qua:
3408 820 3501 872 per

1922 886 2220 954 psalterium
2251 886 2514 940 indicatur
2545 897 2599 942 et
2626 889 2896 942 citharam.
2947 889 3258 944 Psalterium
3286 895 3351 947 ad
3382 910 3499 948 tuo-

1923 993 2039 1030 rum
2094 978 2325 1044 pertinet
2373 981 2732 1046 probitatem,
2784 982 2982 1036 cithara
3031 984 3096 1036 ad
3145 985 3490 1041 aiﬁictionem

1925 1071 2168 1137 corporis
2198 1079 2255 1124 et
2290 1069 2564 1135 dolorem,
2617 1087 2712 1140 per
2753 1074 2866 1144 haec
2913 1075 3202 1129 ostendens
3250 1086 3304 1131 et
3353 1093 3504 1132 actus

1929 1159 2243 1224 laudabiles,
2289 1169 2343 1214 et
2384 1161 2831 1230 gloriosissimam
2877 1165 3204 1232 passionem.
3252 1165 3502 1232 Addidit,

1928 1264 2198 1317 exsurgant
2244 1250 2491 1302 diluculo.
2547 1237 2946 1306 Pulcherritnus
2990 1254 3228 1322 sequitur
3260 1255 3394 1309 ordo
3424 1256 3496 1310 di-

1928 1349 2176 1403 clorum;
2231 1355 2350 1392 nam
2402 1348 2522 1408 post
2565 1340 3010 1410 signiﬁcationem
3059 1344 3356 1413 passionis,
3406 1345 3507 1399 hoc

1929 1433 2230 1485 necessarie
2250 1433 2315 1486 de
2333 1437 2726 1488 resurrectione
2743 1434 2954 1489 Domini
2976 1439 3226 1506 probatur
3248 1439 3471 1508 intelligi
3490 1456 3504 1491 :

1930 1527 2051 1593 quia
2087 1527 2175 1577 tali
2211 1535 2455 1595 tempore
2486 1527 2803 1597 (Evangelio
2836 1530 2994 1600 teste)
3027 1533 3266 1585 surrexit
3300 1547 3329 1585 a
3367 1549 3508 1587 mor-

1932 1619 2055 1670 tuis.
2092 1617 2244 1683 Quod
2273 1617 2315 1670 si
2347 1618 2446 1672 hoc
2477 1628 2531 1672 et
2559 1617 2625 1672 de
2658 1619 2911 1696 membris
2945 1623 3059 1688 ejus
3085 1623 3222 1676 velis
3247 1624 3507 1692 accipere,

241 1720 457 1773 operas,
481 1718 597 1772 qua:
627 1713 800 1758 tamen
828 1702 1020 1756 divinis
1051 1713 1337 1754 noscuntur
1362 1701 1652 1776 convenire
1680 1716 1827 1771 man»
1859 1711 1904 1770 Β
1932 1715 2089 1765 etiam
2118 1713 2185 1766 de
2211 1713 2444 1780 quolibet
2478 1712 2618 1766 ﬁdeli
2647 1725 3004 1784 congruenter
3029 1715 3357 1771 advertitur:
3389 1720 3510 1788 quia

242 1795 426 1858 datis;
480 1793 620 1860 quod
671 1795 722 1847 in
774 1793 951 1863 primo
992 1809 1146 1846 versu
1195 1791 1355 1845 etiam
1404 1792 1516 1862 ipse
1563 1801 1826 1845 testatur:

241 1882 475 1936 Cautabo
501 1894 544 1936 et
576 1884 822 1947 psalmum
850 1884 1014 1935 dicant
1052 1881 1292 1934 Domino.
1348 1881 1514 1934 David
1543 1891 1718 1935 autem
1752 1883 1828 1936 si-

240 1974 459 2042 gniﬁcat
485 1973 680 2043 Regem
704 1973 994 2038 Christum,
1015 1976 1099 2043 qui
1127 1976 1177 2027 in
1203 1976 1301 2027 hoc
1329 1976 1532 2041 psalmo
1559 1978 1832 2030 locuturus

239 2075 336 2118 est.
397 2065 732 2134 Quapropter
761 2064 965 2134 singula
1012 2079 1201 2133 [lngua
1235 2064 1492 2118 debemus
1537 2065 1832 2119 intentione

241 2159 601 2226 perquirere:
635 2155 883 2225 quoniam
937 2155 1127 2224 psalmi
1172 2155 1222 2208 in
1265 2157 1456 2225 quibus
1497 2173 1562 2210 ex
1607 2171 1828 2219 persona

239 2264 327 2302 sua
387 2247 528 2315 loqui
562 2247 835 2317 dignatur,
886 2246 1321 2300 reverentissima
1365 2248 1659 2301 subtilitate
1704 2261 1828 2315 pro-

244 2339 402 2393 fundi
426 2348 570 2402 sunt,
592 2347 649 2393 ut
671 2339 798 2392 tanti
822 2337 1014 2393 secreti
1039 2337 1274 2408 dignitas
1297 2336 1544 2393 densiore
1567 2339 1832 2392 velamine

242 2438 584 2500 protegatur.

827 2518 1021 2572 Divisio
1061 2519 1265 2588 psalmi.

308 2634 425 2689 Per
463 2639 634 2687 totum
677 2631 938 2700 psalmum
981 2631 1149 2700 (sicut
1186 2631 1390 2686 dictum
1431 2631 1548 2699 est)
1597 2631 1832 2700 loquitur

245 2723 513 2779 Dominus
541 2722 807 2777 Christus.
843 2721 1022 2776 Primo
1048 2719 1234 2774 ordine
1272 2735 1365 2789 per
1393 2719 1446 2772 id
1483 2719 1626 2788 quod
1673 2721 1832 2772 homo

242 2828 322 2871 est
353 2825 598 2884 paterna:
637 2814 821 2881 gloriae
865 2813 1088 2882 gratiam
1137 2811 1309 2864 laudis
1340 2811 1661 2864 exsolvens:
1691 2825 1832 2878 quo-

240 2908 395 2962 niam
427 2907 724 2974 suscipiens
768 2903 1011 2958 mirabile
1056 2903 1320 2970 passion's
1351 2915 1604 2955 arcanum
1649 2915 1831 2953 resur-

241 3002 393 3054 rexit
439 2999 494 3052 in
545 2997 768 3067 gloriam
820 2995 1222 3063 sempiternam.
1289 2990 1538 3046 Secundo
1586 2990 1834 3044 humiliat

1932 1803 2157 1856 diluculo
2183 1819 2395 1873 semper
2417 1807 2663 1876 exsurgit,
2688 1807 2773 1872 qui
2807 1805 2901 1874 piis
2927 1807 3179 1874 oneribus
3207 1808 3259 1861 in
3289 1809 3508 1863 ecclesia

1940 1896 2221 1950 Dominum
2275 1885 2581 1952 laudaturos
2631 1899 2852 1952 assistit.
2911 1898 3040 1952 Nam
3086 1899 3209 1953 licet
3252 1900 3508 1968 profunda

1934 1998 2092 2042 nocte
2123 1986 2327 2064 vigilet,
2363 1988 2537 2042 nescit
2566 1991 2817 2044 tenebras
2847 1989 2952 2059 pati
2983 1991 3070 2058 qui
3101 1999 3246 2043 tanto
3276 1990 3510 2044 radiatur

1937 2079 2222 2147 splendore
2255 2079 2525 2147 praeconii.

2004 2168 2156 2224 Vers.
2191 2169 2243 2224 5.
2292 2168 2579 2239 Conﬁtebor
2608 2171 2695 2224 tibi
2734 2172 2786 2224 in
2815 2173 3038 2243 populis,
3072 2173 3324 2237 Domine;
3372 2174 3510 2238 psal-

1931 2277 2069 2314 mum
2107 2262 2274 2315 dicam
2316 2263 2406 2316 tibi
2450 2265 2585 2318 inter
2612 2274 2802 2333 gentes.
2859 2266 2951 2320 llis
2995 2266 3150 2320 dictis
3194 2267 3508 2321 univerSalis

1931 2351 2265 2420 signiﬁcatur
2305 2353 2584 2408 Ecclesia:
2632 2356 2756 2424 quia
2792 2357 2954 2422 (sicut
2995 2372 3138 2425 smpe
3175 2358 3376 2412 dictum
3407 2361 3509 2426 est)

1932 2441 2160 2508 primum
2194 2442 2341 2497 multi
2375 2442 2442 2498 de
2469 2444 2658 2499 Judteo
2689 2448 2886 2516 popqu
2916 2447 3288 2515 crediderunt,
3325 2463 3510 2518 postea

1936 2536 2236 2589 intromissa
2260 2547 2341 2591 est
2366 2539 2600 2608 gentium
2625 2538 2918 2608 plenitudo.
2948 2543 3010 2594 Et
3033 2543 3154 2596 vide
3176 2544 3512 2610 quemadmo~

1933 2627 2055 2681 dum
2093 2629 2327 2698 singulas
2363 2645 2553 2686 causas
2590 2632 2938 2700 congruentia
2971 2633 3128 2688 verba
3165 2635 3510 2704 distinguant.

1935 2722 2179 2791 Cauﬁteri
2217 2738 2276 2777 se
2315 2723 2442 2776 dicit
2483 2723 2534 2776 iu
2575 2724 2767 2792 papula
2806 2723 3144 2790 Judceorum,
3175 2727 3262 2780 ubi
3296 2727 3511 2795 propria

1934 2827 2067 2867 voce
2097 2813 2304 2868 locutus
2334 2824 2443 2879 est;
2479 2815 2696 2884 psallere
2725 2828 2900 2868 au'em
2930 2816 2980 2868 in
3009 2819 3260 2887 gmtilas,
3288 2819 3352 2870 ad
3382 2833 3513 2887 qua:

1935 2903 2124 2958 directi
2154 2904 2380 2973 apostoli
2409 2904 2656 2958 mandata
2685 2906 2801 2976 ejus
2829 2909 3026 2960 sanctis
3053 2907 3514 2974 pr.u-tlie:itionibtts

1937 2995 2334 3065 impleverunt:
2376 3010 2434 3051 se
2475 2996 2661 3052 dicens
2701 3012 2888 3052 revera
2924 2998 3180 3064 psallere,
3231 3001 3374 3069 quod
3420 3017 3514 3069 per

241 3104 467 3158 semper
500 3087 882 3140 humanitatem
913 3099 1094 3148 suam,
1135 3084 1223 3136 ubi
1255 3093 1429 3136 tamen
1461 3090 1516 3136 et
1547 3083 1836 3151 potentiam
1866 3089 1912 3150 ο
1947 3087 2216 3140 ministros
2245 3101 2372 3141 suos
2401 3089 2742 3157 cognoscitur
2769 3087 3031 3142 effecisse.

241 3183 486 3253 propria:
521 3180 813 3248 majeStatis
844 3179 1113 3248 OSIendit;
1168 3187 1222 3231 ut
1262 3177 1393 3229 duas
1427 3186 1642 3228 naturas
1677 3191 1834 3229 vera-

240 3278 382 3331 citer
415 3275 466 3329 in
503 3289 604 3326 una
635 3272 842 3328 Domini
871 3270 1068 3325 Christi
1097 3284 1389 3336 cognoscas
1419 3283 1538 3322 esse
1570 3283 1832 3337 persona,

244 3383 355 3421 non
417 3365 560 3434 quod
614 3365 664 3417 in
715 3363 849 3415 duos
899 3361 1038 3414 ﬁlios
1086 3359 1361 3413 dividatur
1398 3358 1640 3413 Christus
1674 3357 1838 3430 (sicut

239 3458 612 3531 quorumdam
656 3456 820 3512 sentit
865 3451 1162 3524 impietas),
1197 3451 1292 3507 sed
1324 3451 1464 3521 quod
1496 3466 1634 3505 unus
1678 3462 1838 3520 atque

238 3553 390 3606 idem
425 3552 596 3606 Filius
625 3551 748 3614 Dei,
797 3565 935 3602 nunc
973 3547 1266 3602 secundum
1303 3561 1521 3600 earnem
1559 3561 1654 3613 pro
1684 3545 1836 3599 nobis

240 3655 609 3714 assumptam,
644 3657 784 3696 nunc
811 3641 1104 3696 secundum
1134 3639 1422 3708 potentiam
1456 3637 1614 3692 Verbi
1656 3638 1840 3707 loqua-

239 3747 331 3790 tur
361 3747 420 3792 et
443 3735 692 3804 gloriam.
729 3734 981 3787 Discerue
1008 3733 1149 3786 enim
1181 3716 1398 3784 naturas
1431 3740 1535 3783 tam
1563 3729 1655 3783 Dei
1681 3743 1837 3798 quam

243 3827 510 3886 hom’nis,
544 3831 596 3877 et
625 3823 800 3876 omnia
834 3822 948 3876 sine
976 3821 1269 3875 oll'cnsione
1310 3820 1590 3882 transibis,
1635 3820 1772 3873 sicut
1809 3832 1838 3871 a

241 3913 504 3967 Patribus
535 3913 635 3966 sub
661 3899 920 3976 brevitate
951 3920 1274 3980 prazccptum
1305 3920 1425 3964 est:
1463 3910 1534 3964 Da
1564 3910 1840 3978 passiones

237 4007 420 4073 carni,
450 4005 522 4058 da
552 4003 822 4057 Divinitati
855 4005 1130 4058 miracula.

797 4115 1065 4186 Expositio
1099 4115 1301 4186 psalmi.

322 4209 485 4264 Vers.
522 4207 569 4261 Ι.
627 4207 870 4262 Paratum
914 4223 1001 4260 cor
1041 4223 1224 4270 meum,
1270 4205 1427 4267 Deus,
1478 4215 1711 4274 paratum
1756 4221 1851 4261 cor.

235 4318 452 4361 nieuru;
488 4301 705 4352 cantabo
744 4309 791 4351 et
817 4299 1073 4369 psalmum
1096 4298 1263 4351 dicam
1302 4297 1542 4352 Domino.
1578 4296 1841 4352 Sanetitas

239 4392 334 4444 illa
391 4390 650 4460 gloriosae
700 4387 1120 4453 incarnationis,
1176 4388 1300 4442 dum
1350 4403 1501 4442 suam
1553 4394 1838 4456 puritatem

2010 3177 2167 3232 Vers.
2195 3180 2247 3232 4.
2293 3179 2546 3243 Quoniam
2590 3180 2916 3251 magnificam
2955 3190 3026 3234 est
3065 3197 3222 3248 usque
3260 3180 3326 3234 ad
3365 3183 3515 3236 caelos

1940 3271 2288 3325 misericordia
2327 3280 2444 3333 tua,
2489 3281 2534 3324 et
2575 3287 2730 3341 usque
2758 3271 2826 3324 ad
2856 3271 3008 3325 nubes
3037 3274 3218 3326 veritas
3247 3283 3353 3327 tua.
3409 3275 3516 3327 Hoc

1938 3378 2148 3433 quoque
2177 3361 2372 3417 dicitur
2401 3361 2546 3415 Patri
2578 3382 2590 3415 :
2625 3361 2965 3440 Magniﬁcam
3009 3373 3081 3417 est
3124 3364 3271 3418 enim
3315 3365 3518 3418 miseri-

1938 3456 2116 3508 cordia
2141 3456 2257 3530 ejus
2283 3470 2442 3519 usque
2467 3454 2535 3506 ad
2563 3455 2733 3518 ctelos,
2758 3454 2970 3524 quando
2997 3471 3249 3524 superna:
3282 3466 3517 3524 potesta—

1941 3557 2020 3604 tes
2049 3549 2164 3615 ejus
2197 3547 2470 3602 beneﬁciis
2515 3547 2879 3616 perfruuntur.
2929 3547 3059 3602 Nam
3096 3549 3219 3602 licet
3251 3549 3514 3604 bonorum

1940 3640 2252 3712 angelorum
2281 3647 2335 3692 et
2355 3637 2684 3691 diversarum
2709 3647 3029 3706 petestatum
3056 3654 3262 3693 summa
3287 3640 3519 3711 dignitas

1943 3734 2220 3796 habeatur,
2259 3730 2376 3800 ipso
2410 3739 2584 3784 tamen
2619 3738 2908 3800 praestante
2941 3730 3081 3785 beati
3113 3740 3258 3786 sunt.
3308 3731 3521 3801 Magni-

1941 3828 2093 3896 ﬁcata
2121 3836 2192 3879 est
2228 3835 2403 3878 autem
2438 3841 2594 3893 usque
2621 3824 2690 3877 ad
2720 3825 2872 3879 nubes
2901 3825 3082 3878 veritas
3108 3825 3222 3892 ejus
3242 3865 3256 3889 ,
3303 3823 3518 3894 quando

1942 3914 2322 3986 prtrdieatores
2350 3913 2523 3976 verbi,
2552 3913 2696 3967 velut
2725 3913 3012 3966 imbrifera:
3044 3913 3236 3979 nubes,
3273 3912 3517 3968 inﬁdeles

1946 4005 2167 4074 populos
2199 4003 2596 4072 compluerunt.

2017 4106 2163 4158 Vers.
2188 4104 2239 4157 5.
2269 4103 2513 4158 Exaltare
2533 4119 2683 4173 super
2703 4102 2873 4165 caelos,
2895 4101 3059 4164 Deus;
3085 4113 3132 4154 et
3155 4118 3302 4172 super
3323 4119 3519 4156 omnem

1946 4208 2134 4250 terram
2170 4197 2334 4268 gloria
2372 4206 2478 4249 tua.
2533 4195 2642 4249 Hoc
2678 4195 2874 4247 excolit
2901 4195 3038 4263 quod
3072 4193 3313 4260 superius
3343 4195 3514 4268 dixiq:

1943 4287 2101 4358 371
2128 4288 2377 4356 quoniam
2407 4285 2666 4356 praemisit
2697 4284 3084 4354 magnilit-atam
3113 4299 3230 4337 (SS-8
3260 4300 3424 4354 usque
3451 4287 3515 4339 ad

1947 4381 2112 4434 cmlos
2141 4378 2562 4434 misericordiam
2599 4377 2835 4439 Domini;
2873 4389 3110 4431 secutum
3142 4386 3243 4441 est,
3275 4376 3521 4432 E:altare

235 4482 422 4536 refert
446 4521 462 4545 ,
530 4479 978 4550 quemadmodum
1041 4478 1224 4533 laudes
1283 4479 1506 4532 Domino
1550 4479 1836 4541 dicamur,
1869 4462 2099 4539 Dsuper
2126 4473 2295 4532 cwfos,
2332 4469 2504 4535 Deus;
2555 4481 2610 4525 ut
2649 4469 2802 4539 Cujus
2841 4469 3259 4523 miscricmdiam
3300 4471 3521 4526 manife-

234 4573 515 4626 omendit.
569 4569 794 4623 Paratus
825 4569 971 4623 enim
1020 4569 1109 4622 ille
1157 4569 1220 4622 ad
1272 4569 1398 4624 talia
1437 4583 1652 4637 Semper
1691 4577 1838 4635 erat,

231 4664 332 4732 qui
388 4661 460 4713 ad
509 4659 776 4728 praeconia
827 4658 999 4711 Patris
1047 4666 1389 4725 peccatorum
1420 4656 1838 4727 discrepantiam

231 4774 355 4810 non
415 4753 666 4808 habebat.
723 4751 854 4806 Nam
905 4759 959 4805 et
1007 4750 1117 4820 ipSa
1171 4751 1417 4819 repetitio
1463 4749 1839 4804 conﬁdentiam

229 4844 636 4919 promis_sim.is
667 4843 944 4898 ostendit:
979 4842 1100 4911 quia
1134 4842 1435 4896 ﬁrmissime
1466 4851 1673 4896 constat
1701 4841 1837 4910 dici,

225 4939 396 5013 quod
433 4938 654 5006 repetita
683 4936 920 4989 noscitur
943 4934 1276 5003 professiotie
1299 4932 1539 4986 solidari.
1572 4930 1674 4988 Sed
1699 4934 1839 5002 quod

229 5034 335 5088 ille
369 5044 504 5083 vere
533 5030 600 5084 de
643 5041 701 5082 se
736 5027 1033 5095 promittit,
1067 5037 1164 5077 nos
1197 5026 1331 5078 tene
1361 5025 1584 5076 dicimus
1613 5024 1654 5074 si
1689 5023 1844 5075 nobis

228 5133 484 5194 peccata
510 5121 736 5175 relaxari
763 5119 932 5187 ipsius
951 5130 1174 5170 munere
1196 5115 1543 5170 conlidamus.
1569 5114 1839 5180 Sequitur,

1945 4571 2086 4615 stum
2113 4573 2192 4616 est
2217 4563 2454 4616 cwlestia
2482 4563 2780 4627 Continere,
2806 4560 2950 4631 ill-lc
2977 4579 3127 4628 super
3151 4561 3299 4616 caelos
3328 4564 3523 4620 debeat

1947 4655 2186 4707 exaltari.
2222 4654 2285 4707 Et
2317 4654 2506 4708 iterum
2535 4656 2658 4722 quia
2685 4653 2844 4716 dixit,
2878 4671 3031 4720 usque
3060 4655 3128 4706 ad
3159 4655 3311 4708 nubes
3338 4657 3520 4709 veritas

1947 4753 2064 4807 tua,
2110 4745 2302 4798 merito
2334 4743 2671 4813 subiunctum
2708 4754 2786 4798 est
2806 4785 2820 4807 ,
2852 4753 2898 4796 et
2927 4761 3080 4814 super
3104 4759 3301 4798 omnem
3334 4755 3520 4799 terram

1945 4834 2110 4904 gloria
2140 4844 2247 4887 tua.
2304 4834 2416 4903 Ipsa
2457 4836 2598 4887 enim
2639 4849 2698 4888 se
2738 4834 3014 4888 evidenter
3047 4843 3354 4902 exponunt,
3401 4850 3520 4904 qua:

1945 4925 2203 4979 alterutra
2233 4924 2592 4979 declaratioue
2623 4926 2938 4995 panduntur.

2019 5025 2169 5080 Vers.
2196 5025 2246 5079 6.
2274 5024 2339 5078 Ut
2361 5024 2635 5078 liberentur
2655 5025 2822 5078 dilecti
2850 5025 2944 5078 tui.
2977 5023 3185 5078 Salvum
3206 5025 3288 5093 {ac
3308 5023 3518 5080 deatera

1950 5124 2068 5178 tua,
2110 5124 2155 5166 et
2187 5115 2371 5167 exaudi
2403 5131 2499 5167 me.
2535 5113 2690 5168 Venit
2717 5113 2782 5168 ad
2817 5114 3102 5167 secundam
3131 5115 3519 5179 narrationem,

1951 5219 2105 5273 quam
2138 5205 2376 5258 diximus
2415 5204 2840 5273 quinquagesimi
2870 5203 2994 5258 noni
3028 5205 3215 5272 psa'mi
3247 5219 3368 5259 esse
3396 5204 3521 5256 ulti-

1955 5308 2093 5348 mam
2137 5306 2364 5364 p-~.rtem.
2412 5293 2558 5347 Unde
2589 5295 2779 5348 merito
2806 5294 2891 5348 hic
2914 5293 3046 5348 facta
3076 5293 3266 5347 divisio
3287 5304 3402 5357 est,
3434 5294 3524 5348 ubi

1957 5401 2078 5456 pars
2104 5385 2324 5438 alterius
2373 5382 2561 5452 psalmi
2611 5386 2847 5437 noscitur
2889 5398 3007 5437 esse
3040 5384 3343 5452 conjuncta.
3371 5383 3436 5437 Et
3468 5391 3528 5437 ut

1960 5477 2235 5531 evidenter
2274 5474 2533 5542 intelligas
2571 5475 2873 5544 passionem
2906 5475 3109 5527 Domini
3143 5475 3206 5528 ad
3242 5473 3528 5528 utilitatem

223 5215 500 5275 cantabo,
527 5224 573 5264 et
609 5213 864 5278 psalmum
891 5211 1057 5262 dicam
1088 5206 1326 5262 Domino.
1369 5205 1553 5258 Merito
1580 5204 1666 5258 ille
1693 5205 1757 5257 de
1784 5219 1841 5258 se

223 5307 378 5360 talia
419 5301 658 5364 dicebat,
687 5301 844 5367 cujus
875 5309 928 5354 et
958 5315 1136 5353 sermo
1165 5305 1219 5351 et
1244 5307 1394 5350 actus
1425 5295 1617 5348 divinis
1645 5294 1843 5364 regulis

220 5394 618 5452 consonabat.
637 5391 691 5446 In
711 5391 803 5446 illo
821 5390 1083 5460 siquidem
1109 5388 1358 5460 psalterio
1383 5402 1488 5441 non
1510 5395 1624 5440 erat
1645 5385 1842 5439 chorda

221 5491 471 5549 minus,
505 5501 600 5540 nec
625 5500 728 5539 vox
759 5487 876 5553 ejus
907 5485 1084 5554 aliqua
1118 5482 1382 5536 malorum
1415 5489 1628 5535 actuum
1660 5493 1846 5533 rauce-

218 5583 380 5636 dine
436 5578 839 5646 perstrepebat;
895 5577 988 5631 sed
1036 5577 1268 5644 jucunda
1318 5574 1675 5631 exsultatione
1723 5588 1846 5628 cum
1960 5568 2126 5622 lidelis
2161 5566 2334 5634 populi
2367 5563 2530 5618 fuisse
2575 5565 2858 5628 collatam,
2889 5563 3087 5616 salt-um
3117 5581 3169 5616 se
3198 5563 3530 5634 ﬁeridepre-

213 5670 533 5746 ιμ’τῖιυειιί
559 5668 1141 5738 canticojungef-iantur
1164 5678 1214 5723 ct
1239 5677 1438 5739 opera;
1469 5677 1690 5736 eratque
1715 5663 1844 5718 illud
1956 5669 2137 5723 catur,
2174 5666 2230 5710 ut
2257 5656 2584 5711 credentium
2632 5656 2784 5712 turba
2817 5657 3089 5711 liberetur.
3147 5655 3263 5721 Quo
3295 5664 3530 5726 tempore

514 5761 781 5819 PATROL.
828 5758 1031 5820 LXX.
2296 5838 2316 5845 ,ἡ
3176 5746 3255 5806 23
