3966 6172
428 270 533 326 7'79

1633 264 1699 319 M.
1746 264 1832 318 Αιῖ
1846 264 1883 317 li
1898 266 1929 315 l’.
1942 263 2021 317 Lll
2060 263 2142 315 Ct
2153 260 2454 318 DSLODORI

3578 258 3667 311 730

433 382 836 437 resurrectionis
860 381 1101 434 evenisse
1130 393 1230 432 non
1262 378 1479 432 dnhintu
1514 386 1615 438 est,
1642 377 1853 441 quando
1873 392 1998 444 apo-
2030 383 2075 435 Λ
2104 374 2292 428 carnes
2320 382 2593 440 susceptas
2622 371 2889 439 decoquit,
2908 382 2960 426 et
2988 373 3037 424 in
3063 370 3345 443 quamdam
3372 369 3671 421 ~ttavitatcm

429 476 549 528 ειμιιί
590 475 672 527 vel
728 486 916 526 omnes
966 469 1247 523 credentes
1293 470 1544 523 deitatem
1581 467 1786 522 Domini
1826 467 2007 522 Salva-

432 567 560 620 tnris
593 566 678 618 tali
716 563 1145 618 manil’estatione
1178 573 1479 617 senserunt.

499 656 650 709 V'ers.
678 658 729 708 7.
764 653 899 706 Deus
928 654 1124 707 locutus
1154 663 1226 706 est
1256 653 1306 706 in
1335 664 1512 707 sancto
1538 671 1631 708 suo
1656 669 1676 708 :
1726 654 1923 707 lwtabot
1960 675 2006 705 σι

425 746 647 798 dividam
684 744 961 799 Sic/timum
984 786 997 809 ,
1029 756 1075 797 et
1105 744 1386 798 convallem
1434 746 1875 799 tabernaculorum
1904 762 2006 799 me—

424 836 572 887 tibor.
608 834 709 889 I'er
739 834 879 888 hunc
910 844 962 889 et
992 834 1125 888 alios
1177 844 1284 888 tres
1334 850 1519 889 versus
1568 836 1656 905 qui
1688 844 2002 903 sequuntur,

424 929 589 980 mixta
628 925 827 980 Gttccis
877 925 1185 995 Latinisque
1234 927 1602 993 sermonibus,
1657 927 1878 994 ﬁguram
1929 924 2008 977 fa-

423 1006 573 1071 ciunt
626 1018 949 1081 sardisntos,
992 1031 1108 1080 qua:
1141 1017 1196 1069 ﬁt
1242 1015 1574 1069 diversarum
1619 1014 2005 1087 commixtione

424 1113 747 1180 linguarum,
781 1110 914 1163 sicut
942 1109 1050 1177 jam
1079 1109 1127 1162 in
1159 1108 1598 1179 quinquagesimo
1623 1121 1762 1162 nono
1796 1107 2004 1176 psalmo

423 1202 678 1253 diximus.
710 1200 858 1252 Nunc
885 1199 950 1251 ad
990 1199 1300 1267 exponenda
1349 1199 1509 1253 verba
1540 1198 1840 1253 redeamus.
1868 1195 2001 1251 Cum

420 1291 577 1355 dicit,
610 1290 661 1343 in
694 1298 870 1342 sancto
910 1305 1000 1342 suo
1029 1288 1191 1344 Deum
1236 1288 1480 1353 locutum,
1507 1304 1565 1343 se
1594 1287 1857 1357 signiﬁcat
1881 1288 2004 1343 evi-

419 1383 624 1435 denter.
656 1383 720 1434 Et
751 1380 989 1451 intellige
1016 1398 1174 1450 quam
1209 1384 1312 1435 vim
1346 1381 1539 1435 haheat
1560 1423 1575 1446 ,
1609 1383 1662 1435 in
1688 1379 1861 1435 sancto
1886 1398 2003 1445 suo;

422 1488 526 1524 uolt
564 1472 705 1525 enim
759 1470 926 1535 dixit,
966 1486 1063 1541 per
1091 1481 1332 1526 sanctum
1366 1487 1544 1534 suum,
1592 1473 1728 1526 sicut
1755 1488 1849 1541 per
1880 1489 2003 1542 pro-

419 1564 639 1632 phetas,
674 1577 765 1630 per
794 1562 1087 1631 apostolos,
1130 1561 1373 1633 aliosque
1413 1563 1502 1631 qui
1532 1562 1757 1617 Domino
1788 1566 2000 1633 placue-

417 1664 577 1719 runt;
625 1654 714 1708 sed
751 1653 835 1708 hic
884 1653 1031 1718 dicit,
1066 1654 1118 1706 in
1167 1663 1344 1707 sancto
1370 1670 1495 1721 suo,
1523 1664 1583 1709 ut
1618 1654 1844 1710 Verbum
1873 1671 1998 1711 caro

2109 465 2313 518 fervido
2345 478 2538 532 vapore
2573 461 2833 530 perducit;
2866 463 2943 517 sic
2985 462 3071 516 ille
3111 460 3211 515 sibi
3262 458 3484 513 traditos
3515 462 3674 513 inces-

2107 555 2258 609 Sitblll
2305 553 2709 621 consumptione
2738 550 2838 623 [ed.
2865 592 2878 614 ,
2919 548 3399 620 censumtnatione]
3430 550 3674 617 castigat,

2106 662 2305 715 eosque
2354 646 2539 700 nolens
2578 645 2630 699 itt
2675 644 3024 697 humilitatem
3072 642 3426 697 confessionis
3469 642 3678 696 assidua

2108 738 2438 793 insecutione
2491 737 2753 807 perducit.
2806 736 2946 805 Ergo
2996 751 3147 790 more
3196 734 3540 789 humanitatis
3578 734 3678 788 Do-

2108 834 2282 886 minus
2314 832 2442 886 dicit
2489 831 2555 885 de
2599 829 2796 885 diaboli
2830 830 3208 899 persecutione
3238 843 3388 896 spent
3420 826 3520 880 sibi
3544 842 3681 891 esse,

2106 926 2228 994 quia
2260 925 2408 979 multi
2450 938 2582 990 quos
2623 923 2717 977 ille
2768 922 2984 977 festinat
3026 922 3291 989 afﬂigere,
3321 921 3563 975 cenversi
3602 922 3683 974 ui-

2107 1029 2290 1072 tuntnr
2334 1017 2399 1071 ad
2452 1016 2662 1070 Domini
2711 1014 2967 1068 beneﬁcia
2998 1028 3259 1067 remeare.
3294 1014 3571 1082 Sequitur,
3619 1009 3683 1064 In

2107 1110 2391 1165 lduntceam
2448 1109 2714 1163 exlendam
2771 1107 3163 1160 calceamenlum
3216 1122 3407 1159 meum.
3457 1103 3685 1157 lduma'n

2109 1214 2319 1256 terrena
2350 1200 2619 1270 signiﬁcat
2648 1207 2702 1254 et
2744 1200 3063 1266 sanguinea,
3106 1212 3263 1266 quam
3296 1195 3550 1249 Dominus
3592 1211 3685 1261 per

2110 1294 2381 1362 Evangelii
2415 1290 2845 1361 praedicationem
2879 1302 3248 1369 possessurum
3286 1301 3344 1340 se
3375 1300 3493 1340 esse
3522 1286 3688 1353 signi-

2105 1388 2247 1441 ﬁcat.
2290 1384 2699 1439 Calceautcntum
2749 1382 2891 1437 enim
2948 1379 3001 1434 in
3052 1380 3497 1449 quinquagesimo
3545 1393 3690 1429 nono

2111 1478 2343 1547 psalmo,
2392 1475 2732 1542 liv'angelium
2787 1472 3019 1526 diximus
3047 1469 3364 1540 signiﬁcari,
3406 1468 3543 1536 quod
3585 1466 3691 1520 Dzh

2104 1568 2282 1621 minus
2320 1579 2489 1634 usque
2516 1563 2582 1617 ad
2633 1562 2875 1615 homines
2922 1569 3167 1614 terrenos
3197 1557 3522 1619 extendens.
3570 1556 3692 1624 lege

2101 1672 2196 1712 Sua
2219 1657 2471 1711 mundum
2492 1653 2779 1735 universali
2803 1651 3183 1720 praedicatione
3204 1650 3507 1717 complevit.
3527 1646 3694 1716 Adje-

417 1744 612 1797 t‘actum
641 1759 740 1796 una
761 1742 1028 1797 voluntate
1053 1758 1173 1798 cum
1198 1743 1355 1798 Patre
1373 1744 1697 1814 loqueretur.
1724 1744 1993 1816 Sequitur,
2031 1748 2076 1806 B
2103 1751 2205 1817 cit,
2249 1748 2375 1802 mihi
2419 1747 2672 1817 allophyli
2698 1744 2890 1799 subditi
2917 1752 3054 1797 sunt.
3088 1740 3349 1811 Alluphyli
3378 1740 3696 1808 alienigena:

420 1836 629 1889 (tutabor
655 1846 702 1889 et
728 1836 952 1889 dividam
977 1835 1277 1892 Sichimam.
1307 1837 1731 1907 Signiﬁcationes
1759 1841 1995 1894 omnium

417 1928 641 1981 istorum
668 1929 941 1982 nominum
973 1927 1205 1983 sollicite
1240 1928 1499 1984 debemus
1525 1929 1841 1999 exquirere,
1870 1946 2000 2001 quo-

420 2020 561 2073 niam
609 2021 937 2075 oceultarum
978 2037 1155 2077 rerum
1202 2023 1440 2078 revelare
1480 2023 1633 2078 nobis
1692 2025 1988 2093 probantur

417 2126 629 2165 arcana.
652 2111 885 2166 Sichima
915 2112 1295 2181 interpretatur
1324 2112 1554 2180 humeri;
1586 2115 1789 2168 humeri
1821 2125 1996 2170 autem

417 2200 722 2269 signiﬁcant
764 2216 927 2271 opera
966 2202 1158 2271 quibus
1195 2202 1559 2258 adnitentibus
1597 2214 1756 2274 atque
1800 2204 1996 2275 guber-

418 2293 668 2347 nantibus
720 2294 955 2347 solemus
1010 2293 1207 2363 aliquid
1250 2294 1495 2347 manibus
1530 2296 1765 2363 operari.
1798 2296 1999 2350 Sensus

417 2398 543 2452 ergo
577 2384 695 2436 talis
724 2394 805 2438 est
839 2402 852 2437 :
887 2393 1005 2451 post
1034 2384 1480 2439 resurrectionem
1520 2402 1667 2440 suam
1708 2388 1998 2443 lwtaturum

418 2489 475 2528 se
504 2475 665 2539 dicit,
708 2478 957 2544 quoniam
985 2492 1223 2546 operam,
1258 2478 1307 2531 id
1330 2488 1413 2533 est
1442 2480 1663 2549 gratiam
1694 2496 1843 2534 suam
1872 2498 1999 2551 apo-

420 2569 575 2621 stolis
606 2576 659 2623 el
686 2568 934 2624 ﬁdelibus
962 2570 1164 2637 divisit,
1191 2574 1281 2639 qui
1314 2573 1569 2640 passionis
1594 2574 1759 2643 ipsius
1785 2586 1835 2628 et
1865 2592 1999 2644 pra:-

418 2664 697 2718 dirationis
723 2664 943 2734 gloriam
984 2674 1109 2719 sunt
1156 2666 1343 2719 secuti.
1376 2666 1616 2731 Addidit,
1647 2678 1693 2721 et
1719 2669 1999 2722 convallem

419 2755 855 2809 tabernaculorum
884 2755 1113 2810 metibor.
1163 2756 1453 2811 Convallem
1490 2758 1756 2827 signiﬁcat
1784 2760 1998 2814 humili-

401 2855 601 2902 ‘taicm.
653 2847 1124 2902 Tabernaculorum
1167 2850 1513 2904 ecclesiarum
1560 2851 1721 2915 dicit,
1772 2868 1998 2918 quarum

422 2941 723 3011 specialiter
751 2942 1142 2995 sanctissimam
1173 2950 1385 2995 constat
1406 2958 1525 2997 esse
1552 2943 1826 2998 virtutem.
1856 2944 2002 2999 llanc

420 3048 543 3103 ergo
581 3034 934 3089 humilitatem
968 3034 1181 3088 metitus
1214 3043 1296 3088 est
1325 3034 1610 3101 Dominus,
1639 3037 1851 3105 quando
1884 3037 2000 3090 uni-

2103 1843 2552 1911 interpretantur;
2584 1838 2885 1908 signiﬁcant
2923 1842 3101 1889 autem
3145 1832 3393 1902 populum
3428 1829 3694 1885 Christia-

2102 1951 2264 2000 num,
2315 1934 2405 2003 qui
2456 1933 2524 1988 de
2568 1931 2798 1986 diversis
2844 1928 3098 1997 gentibus
3127 1926 3294 1995 ipsius
3346 1924 3696 1979 miseratione

2101 2028 2360 2083 collectus
2386 2034 2489 2080 est.
2523 2022 2773 2079 Subditos
2799 2023 2942 2077 enim
2973 2019 3112 2091 quod
3144 2019 3295 2083 dicit,
3328 2016 3532 2071 futuros
3561 2015 3695 2069 ﬁd.~-

2100 2124 2179 2178 les
2218 2135 2337 2175 esse
2379 2124 2624 2172 testatur.

2175 2210 2329 2265 Vers.
2363 2210 2443 2264 10.
2479 2207 2606 2272 Quis
2650 2205 2865 2260 deducet
2915 2219 2993 2256 me
3031 2203 3085 2255 in
3130 2200 3384 2253 civitatem
3415 2198 3698 2261 ntanitam,

2100 2314 2187 2358 aut
2238 2304 2351 2373 quis
2394 2302 2606 2354 deducet
2656 2315 2733 2352 me
2778 2313 2937 2368 usque
2980 2296 3034 2348 in
3086 2292 3416 2347 ldumwam?
3452 2295 3490 2345 Λ
3541 2303 3698 2359 parte

2103 2395 2250 2468 [mss.
2281 2396 2368 2462 Α.,
2391 2394 2473 2458 Β.¹
2494 2393 2582 2455 F.,
2611 2401 2662 2447 et
2686 2392 2791 2456 ed.,
2817 2386 3027 2459 aperte]
3052 2385 3395 2440 humanitatis
3417 2384 3694 2452 aptissima

2101 2487 2446 2554 interrogatio
2499 2482 2867 2554 prtemittitur,
2914 2490 2971 2534 ιιι
3023 2492 3355 2547 consequens
3402 2478 3689 2544 reSponsio

2104 2580 2478 2648 subsequatur.
2513 2575 2679 2644 Negat
2708 2574 2850 2628 enim
2895 2560 3055 2625 hotnii
3084 2586 3171 2624 um
3221 2584 3277 2623 se
3329 2568 3523 2622 solatio
3570 2583 3692 2632 per-

2104 2672 2220 2726 duci
2250 2684 2442 2739 posse,
2470 2667 2559 2721 nbi
2589 2667 2702 2737 ipse
2748 2665 2811 2718 ad
2849 2662 3155 2718 liberandos
3185 2661 3366 2715 ﬁdeles
3389 2674 3520 2714 suos
3548 2659 3691 2712 desi-

2102 2766 2256 2820 derat
2304 2764 2602 2831 pervenire.
2653 2762 2770 2830 Ipsa
2826 2762 2970 2814 enim
3027 2767 3210 2811 natura
3263 2757 3361 2809 hoc
3416 2754 3696 2808 humiliter

2103 2858 2252 2921 dicit,
2284 2873 2401 2927 quae
2429 2856 2504 2911 ait
2528 2874 2540 2911 :
2586 2854 2723 2910 Deus
2751 2852 2884 2908 Deus
2911 2869 3082 2919 meus,
3104 2852 3295 2920 respice
3318 2852 3371 2903 in
3403 2867 3516 2904 me:
3539 2865 3700 2919 quare

2103 2965 2184 3003 me
2210 2947 2526 3017 dereliquisti
2554 2944 2724 3015 (Psal.
2757 2960 2877 3011 xxi,
2902 2943 2998 3012 2)?
3046 2942 3161 3011 Ipsa
3205 2957 3322 3011 qua:
3367 2940 3504 2993 dixit
3532 2958 3545 2991 :
3598 2937 3703 3003 Qui

2106 3042 2245 3094 misit
2271 3056 2348 3093 me
2374 3040 2542 3107 major
2565 3055 2640 3091 me
2660 3047 2732 3090 cst
2765 3035 2943 3105 (Joan.
2974 3051 3083 3099 xtv,
3110 3033 3224 3103 28).
3258 3033 3334 3087 Ad
3362 3044 3707 3102 postremum

420 3128 608 3197 cuique
664 3128 934 3193 fidelium,
990 3138 1145 3195 prout
1188 3127 1374 3192 Voluit,
1421 3127 1805 3182 charismatum
1865 3130 2000 3182 dona
2030 3126 2073 3187 C
2108 3148 2225 3202 qua:
2269 3132 2385 3185 ait:
2420 3128 2598 3194 Pater,
2629 3129 2673 3182 si
2724 3128 2835 3194 ﬁeri
2878 3137 3072 3192 potest,
3123 3135 3344 3179 transeat
3374 3141 3406 3177 a
3432 3140 3516 3177 me
3565 3124 3707 3176 mli:

421 3219 716 3283 distribuit,
768 3222 904 3273 sicut
958 3219 1087 3273 dicit
1138 3218 1469 3287 Apostolus:
1509 3219 1794 3288 Unicuique
1837 3232 2002 3275 autem

421 3322 644 3365 nostrum
666 3313 784 3365 data
811 3321 882 3365 est
911 3314 1076 3382 gratia
1098 3314 1374 3365 secundum
1398 3330 1689 3368 mensuram
1712 3318 2003 3371 donationis

422 3402 608 3458 Christi
640 3402 868 3473 (Ephcs.
891 3419 961 3467 tv,
990 3403 1072 3471 7).

494 3498 648 3551 Vers.
675 3498 726 3551 8.
764 3496 911 3550 Meus
937 3506 1007 3549 est
1038 3495 1258 3557 Galaud,
1290 3504 1335 3551 et
1366 3513 1505 3551 meus
1530 3508 1601 3550 est
1630 3498 1926 3567 Manasses,
1956 3512 2004 3557 et

409 3590 644 3660 Ephrem
672 3589 919 3658 fortitudo
949 3587 1129 3657 capitis
1154 3587 1270 3639 mei.
1307 3585 1448 3640 Juda
1488 3604 1578 3641 rex
1607 3605 1767 3642 meus.
1799 3588 2001 3644 Galuad

424 3684 609 3736 Latina
638 3682 817 3748 lingua
845 3679 1041 3734 dicitur
1071 3679 1489 3749 transmigratio,
1523 3698 1641 3749 qua:
1684 3697 1867 3736 revera
1901 3683 2003 3737 Do-

423 3774 550 3827 mini
572 3780 677 3837 est,
697 3771 908 3840 quando
934 3780 1148 3842 gentes,
1174 3771 1341 3840 ipsius
1362 3774 1641 3827 vocatione
1663 3785 2000 3843 compuncta,

422 3867 485 3919 ad
517 3882 635 3921 eum
670 3864 900 3919 feliciter
927 3864 1275 3934 etnigrarunt.
1321 3863 1589 3919 Manasscs
1620 3864 2004 3934 interpretatur

423 3957 636 4023 oblivio,
666 3971 770 4026 quo
816 3955 981 4010 verbo
1012 3954 1345 4023 signiﬁcatur
1398 3956 1629 4025 pepulus
1657 3956 1962 4011 Judzeorum
1985 3999 2000 4021 ,

422 4051 509 4119 qui
551 4048 745 4102 oblitus
776 4046 1034 4102 beneﬁcia
1062 4045 1237 4101 divina
1257 4085 1272 4109 ,
1308 4045 1579 4101 Christum
1607 4047 1888 4102 Dominum
1919 4063 2005 4101 sa-

422 4140 615 4208 crilega
648 4141 1063 4208 praesumptione
1104 4137 1403 4202 cruciﬁxit;
1440 4151 1623 4206 postea
1669 4148 1842 4193 tamen
1888 4138 2003 4209 ejus

422 4229 764 4284 mieratione
814 4229 878 4281 ad
934 4228 1099 4297 ipsius
1152 4228 1467 4297 religionem
1517 4230 1887 4300 culturamqne
1919 4248 2005 4286 re-

425 4319 637 4373 meavit.
694 4317 787 4373 Slc
840 4327 1122 4387 utrumque
1166 4319 1415 4387 populum
1466 4319 1740 4375 nominum
1782 4322 2001 4378 istount

425 4415 936 4464 ct'tmtnemoratEonc
980 4424 1135 4463 suum
1168 4424 1289 4465 esse
1344 4420 1587 4465 testatur.
1636 4412 1923 4482 Sequitur,
1955 4426 2002 4469 et

2105 3225 2443 3296 isteUIatth.
2492 3238 2655 3283 XXVI,
2690 3221 2802 3289 59).
2848 3219 2929 3275 Ab
2975 3221 3083 3288 ipsa
3133 3221 3274 3273 enim
3326 3226 3479 3286 parte
3530 3226 3710 3269 totum

2109 3316 2386 3371 humiliter
2433 3313 2714 3381 accipitur,
2769 3319 2826 3365 ut
2873 3311 3035 3363 homo
3080 3308 3216 3362 Dens
3273 3307 3711 3375 perfctissimus

2106 3407 2386 3462 sentiatur.
2418 3403 2605 3458 Civitas
2652 3403 2850 3455 munita
2895 3400 3031 3455 forte
3078 3400 3338 3468 signiﬁcat
3391 3398 3712 3462 infernum,

2107 3514 2264 3569 quam
2299 3497 2441 3551 nulla
2473 3495 2702 3548 humana
2731 3494 2809 3547 vis
2838 3492 3005 3562 potuit
3035 3491 3275 3560 aperire,
3308 3491 3408 3544 nisi
3442 3490 3537 3560 qui
3577 3507 3713 3559 ρο*-

2109 3603 2188 3644 tas
2218 3590 2334 3657 ejus
2364 3587 2705 3657 cognoscitur
2741 3584 3042 3653 infregisse.
3088 3583 3235 3638 Unde
3272 3582 3322 3637 in
3369 3583 3713 3652 prmcedt-nti

2107 3682 2314 3751 psalmo
2342 3680 2539 3734 dictum
2587 3687 2665 3732 est
2701 3694 2713 3730 :
2768 3676 2899 3744 Quia
2949 3676 3181 3729 contrivit
3225 3684 3399 3743 portas
3427 3690 3597 3727 cereas
3619 3717 3635 3737 ,
3664 3684 3714 3725 et

2107 3784 2266 3829 vectes
2297 3774 2484 3843 ferreo;
2516 3771 2759 3841 confregit
2788 3768 2956 3840 (Psal.
2986 3784 3091 3837 cvt,
3126 3768 3236 3835 l6).
3265 3767 3409 3822 Urbs
3438 3768 3507 3819 ad
3533 3767 3713 3820 snsci-

2110 3866 2357 3935 piendum
2384 3877 2598 3934 patens,
2642 3862 2706 3916 ad
2740 3861 3114 3916 dimittendum
3145 3861 3321 3915 clausa
3352 3860 3712 3915 consistens:

2107 3974 2225 4028 qua:
2260 3968 2385 4011 tunc
2430 3955 2741 4010 munitionis
2790 3968 2903 4007 sua:
2951 3952 3119 4021 legem
3172 3950 3436 4019 perdidit,
3485 3949 3712 4020 quando

2107 4068 2226 4107 eam
2273 4051 2508 4121 gentium
2564 4047 2891 4117 Redemptor
2942 4047 3180 4100 intravit.
3228 4046 3361 4099 Nam
3411 4055 3604 4115 portas
3650 4046 3705 4098 iu

2110 4145 2252 4199 male
2279 4154 2335 4199 et
2379 4144 2432 4197 in
2473 4142 2615 4197 bono
2663 4140 2786 4210 poni
2819 4139 3049 4209 psalmus
3081 4138 3375 4202 vigesimus
3402 4139 3595 4191 tertius
3626 4145 3708 4190 te-

2107 4246 2297 4298 statur,
2324 4234 2411 4304 qui
2437 4235 2547 4287 ait:
2573 4230 2759 4285 Tollite
2789 4224 2963 4300 portas
3013 4229 3265 4299 principes
3313 4238 3507 4280 vestras
3564 4225 3672 4297 [εὐ.

2107 4329 2351 4398 principis
2380 4323 2584 4396 vestri],
2616 4332 2664 4378 et
2694 4323 2979 4385 elei-amitti,
3020 4332 3177 4391 portae
3218 4321 3484 4374 wtcrnules
3517 4317 3701 4387 (Psal.

2112 4434 2277 4484 mn,
2305 4420 2385 4487 7).
2418 4417 2702 4470 ldumazam
2751 4414 2983 4467 diximus
3012 4422 3224 4466 terrena
3257 4410 3584 4477 signiﬁcare;
3626 4405 3696 4459 ad

427 4501 649 4572 Ephrem
694 4501 939 4570 fortitudo
980 4502 1162 4571 capitis
1216 4503 1332 4557 mei.
1365 4501 1507 4556 Juda
1547 4519 1640 4557 rex
1672 4522 1829 4558 meus.
1862 4508 2002 4560 lstud
2035 4507 2083 4565 ι)
2110 4526 2265 4579 quam
2300 4509 2558 4562 Dominus
2589 4515 2708 4575 post
2751 4504 3198 4559 resurrecﬁonem
3254 4503 3432 4567 venit,
3478 4498 3693 4570 quando

429 4594 497 4649 de
542 4609 636 4648 sua
693 4596 937 4664 passione
977 4594 1183 4650 loeutus
1223 4604 1325 4650 est.
1401 4595 1624 4665 Ephrem
1672 4597 2007 4654 fructiﬁcatio

430 4687 645 4754 dicitur;
663 4686 927 4757 signiﬁcat
949 4688 1089 4741 enim
1114 4686 1351 4756 spineam
1390 4703 1642 4743 coronam
1671 4704 1826 4758 quam
1846 4705 2007 4758 supra

430 4787 589 4845 caput
616 4778 989 4847 impositamin
1022 4793 1114 4832 sua
1164 4780 1408 4847 passione
1440 4770 1695 4848 suscepit.
1738 4780 1859 4834 lltec
1900 4780 2007 4835 fer-

430 4870 538 4925 tilis
568 4871 704 4924 ultra
739 4886 925 4924 omnes
959 4871 1053 4924 fru'
1076 4883 1158 4924 tus
1192 4874 1308 4936 l‘uit,
1343 4883 1396 4925 nt
1426 4882 1597 4926 totum
1628 4872 1881 4927 utundum
1913 4874 2003 4929 illa

433 4960 727 5014 humilitate
756 4960 1069 5014 lucraretur.
1115 4959 1144 5013 J
1156 4962 1307 5014 udam
1343 4978 1469 5016 vero
1491 4978 1653 5031 regem
1681 4961 1827 5031 iuste
1849 4978 2001 5018 suum

432 5053 591 5115 dixit,
636 5053 757 5121 quia
838 5052 903 5107 de
952 5051 1068 5123 ejus
1132 5055 1342 5121 origine
1385 5056 1561 5108 carnis
1619 5055 2003 5125 propagatione

430 5139 724 5195 descendit.

512 5232 656 5285 Vers.
685 5232 738 5287 9.
767 5230 916 5285 Moab
946 5232 1048 5286 olla
1078 5233 1184 5304 spei
1207 5244 1346 5284 mem.
1368 5228 2007 5289 lnldumwameatendam

432 5324 830 5381 calceamentum
884 5342 1098 5383 nicum:
1150 5326 1273 5378 mihi
1328 5324 1582 5395 allophyli
1628 5326 1817 5379 subditi
1864 5340 2004 5384 sunt.

439 5416 624 5482 Moab,
667 5417 805 5471 sicut
849 5417 1173 5488 Hieronymo
1206 5415 1395 5485 placet,
1427 5415 1693 5484 signiﬁcat
1722 5433 1786 5472 es
1831 5427 2010 5487 patre,

435 5509 573 5578 quod
601 5510 827 5563 estsine
858 5517 1028 5577 patre.
1079 5507 1228 5563 Unde
1271 5506 1543 5562 diabolum
1596 5509 1708 5562 vult
1759 5510 2010 5581 intelligi.

436 5599 525 5668 qui
553 5599 708 5653 malis
730 5598 1129 5668 operationibus
1154 5599 1315 5653 Deum
1349 5614 1451 5653 non
1475 5599 1629 5653 habet
1656 5610 1855 5669 patient
1878 5646 1890 5668 ,
1919 5605 2010 5657 sed

436 5692 636 5757 justum
681 5699 935 5768 judicent.
984 5697 1087 5755 Iste
1138 5712 1264 5770 ergo
1314 5700 1431 5753 otlw
1484 5708 1854 5769 comparatur,
1897 5715 2015 5769 qua:

2112 4597 2469 4654 inursﬁmabili
2491 4597 2659 4667 gloria
2690 4595 2948 4664 patefacta
2968 4637 2980 4654 ,
3008 4593 3272 4647 universis
3301 4592 3543 4662 gentibus
3567 4604 3685 4642 omo

2111 4694 2357 4761 nipotens
2408 4691 2637 4745 innotuit
2681 4698 2951 4757 tegnator.
2999 4687 3117 4755 Ipso
3147 4688 3288 4740 enitn
3324 4686 3477 4740 modo
3504 4695 3555 4740 et
3581 4682 3681 4737 ista

2109 4786 2239 4853 petit
2267 4782 2411 4848 ficti,
2441 4782 2581 4835 sicut
2604 4780 2692 4833 illa
2731 4795 2848 4850 qua:
2878 4781 3125 4847 superius
3148 4779 3301 4832 dixit.

2186 4875 2338 4930 Vers.
2371 4875 2455 4928 ll.
2484 4872 2671 4927 Nonne
2693 4883 2778 4937 tu,
2809 4872 2974 4937 Deus,
3002 4873 3088 4939 qui
3115 4872 3349 4940 repuliin
3372 4888 3489 4937 nos,
3516 4880 3559 4924 et
3577 4883 3672 4923 non

2112 4966 2385 5037 egredieris
2406 5004 2421 5027 ,
2455 4962 2592 5017 Deus
2611 5004 2624 5026 ,
2657 4964 2707 5016 in
2733 4963 2997 5016 virtutibus
3022 4963 3227 5019 nostris.
3251 4962 3442 5019 Secuta
3469 4971 3546 5016 est
3567 4960 3667 5024 illa,

2113 5075 2271 5129 quam
2305 5063 2353 5111 in
2384 5056 2648 5125 superiori
2676 5072 2832 5110 versu
2877 5057 3250 5124 suspenderat,
3284 5056 3521 5109 absoluta
3548 5070 3671 5108 con-

2117 5151 2310 5204 fessio:
2337 5149 2587 5218 quoniam
2613 5147 2724 5201 hare
2746 5162 2863 5215 qure
2892 5148 2941 5200 in
2968 5147 3357 5202 resurrectione
3387 5146 3518 5201 facta
3539 5154 3671 5206 sunt,

2119 5258 2147 5295 a
2178 5243 2289 5296 Sola
2322 5248 2608 5311 potuerunt
2636 5238 2834 5293 deitate
2861 5238 3141 5306 compleri.
3189 5239 3319 5303 Quis
3360 5238 3499 5292 enim
3536 5236 3674 5289 elau-

2117 5345 2287 5387 strutn
2316 5332 2506 5387 mortis
2538 5330 2894 5400 infringeret?
2922 5330 3052 5397 Quis
3074 5329 3265 5399 jauuas
3308 5330 3522 5384 munita:
3562 5326 3678 5383 civi-

2118 5428 2239 5479 tatis
2268 5423 2532 5494 aperiret,
2560 5422 2660 5476 nisi
2692 5424 2804 5490 ipse
2841 5422 3095 5475 Dominus
3126 5422 3285 5492 372
3312 5421 3574 5481 Christus,
3597 5417 3677 5485 qui

2116 5526 2301 5570 contra
2331 5514 2573 5569 ordinem
2606 5514 2851 5568 humana:
2902 5523 3103 5568 natura:
3135 5517 3289 5569 tertia
3339 5514 3428 5568 die
3466 5512 3677 5566 surrexit

2116 5625 2144 5661 ιι
2176 5606 2437 5672 mortuis,
2482 5617 2535 5662 et
2576 5607 2799 5677 gloriam
2852 5623 2963 5663 sua:
3003 5606 3297 5677 maiestatis
3329 5608 3595 5663 ostendit?
3621 5605 3677 5658 Et

2120 5701 2326 5757 intuere
2371 5699 2638 5757 subtiliter
2688 5699 2809 5770 quia
2856 5700 3131 5773 superiora
3176 5700 3429 5774 singulari
3473 5716 3673 5757 numero
