3966 6172
250 290 340 347 781

1182 281 1539 340 EXPOSITIO
1585 282 1645 336 IN
1689 277 2144 334 I’SALTEIiIUII.
2189 274 2381 331 I’SAL.
2421 271 2598 328 CVIII.

3411 266 3518 322 782

248 400 533 473 percurrit;
562 398 646 453 hic
670 407 846 453 autem
878 396 1153 466 pluraliter
1184 395 1426 460 perhibet
1449 408 1509 448 se
1532 393 1823 460 repulsum,
1860 394 1905 450 Α
1938 390 2193 457 probatur
2218 401 2339 442 esse
2364 381 2714 455 perductum?
2740 381 2827 436 Sic
2857 389 2909 435 et
2941 380 3055 449 ipse
3076 378 3242 435 David
3272 378 3324 434 in
3356 378 3521 434 Para-

250 503 301 546 ut
329 500 488 558 eaput
532 504 652 542 cum
703 488 959 543 membris
1001 487 1111 541 suis
1140 486 1266 540 talia
1313 486 1495 540 dicere
1539 485 1823 537 sentiatur.

249 584 499 656 Repulisti
552 600 643 638 nos
690 583 955 650 signﬁcat
1003 581 1291 646 distulisti,
1323 579 1445 648 quia
1481 588 1534 631 et
1563 579 1733 645 ipsum
1762 573 1828 627 ad

245 676 690 749 gloriﬁcationem
732 690 885 730 suam
931 680 1145 726 coirstat
1188 687 1309 726 esse
1347 671 1569 724 dilatum
1613 684 1736 722 cum
1773 668 1827 720 in

247 771 349 824 bac
393 770 498 821 vita
545 777 878 829 moraretur;
912 776 964 819 et
1017 779 1254 817 onmlum
1299 762 1533 816 ﬁdelium
1566 760 1831 828 hodieque

245 860 416 930 gloria
450 857 815 926 suspenditur.
848 856 1022 910 donec
1060 855 1125 907 ad
1170 852 1581 908 resurrectionis
1613 852 1831 920 praemia

246 952 513 1006 veniatur.
541 949 817 1016 Sequitur,
853 957 898 999 et
923 964 1024 999 non
1051 946 1361 1016 egredieris,
1399 945 1563 1006 Deus,
1595 943 1648 996 in
1676 943 1836 996 uirtu-

244 1046 378 1098 tibus
402 1043 611 1099 nostris.
642 1041 879 1109 Tempus
927 1038 1057 1092 illud
1101 1036 1366 1103 signiﬁcat
1395 1035 1606 1105 quando
1655 1043 1835 1088 tentus

245 1148 297 1190 et
323 1132 550 1189 traditus
581 1139 665 1186 est
686 1146 714 1184 a
744 1130 895 1184 turba
928 1129 1237 1183 Judteorum
1257 1168 1272 1191 ,
1305 1126 1519 1195 quando
1546 1125 1772 1194 ﬁagellis
1804 1138 1834 1177 a

246 1228 480 1299 pneside
508 1239 714 1289 cursus,
747 1222 1080 1277 dementium
1130 1219 1437 1274 Judaeorum
1478 1226 1630 1286 sputa
1671 1217 1835 1269 susti-

246 1319 386 1373 nuit.
414 1310 563 1372 Tunc
588 1315 735 1370 enim
765 1312 813 1367 si
844 1310 1108 1367 voluisset
1133 1310 1386 1365 divinitas
1411 1308 1510 1363 ista
1539 1307 1832 1375 repellere,

246 1420 430 1473 omnis
463 1414 759 1470 adversitas
806 1413 1083 1468 confracta
1122 1408 1433 1465 cecidisset.
1479 1408 1585 1464 Sed
1634 1406 1840 1460 distulit

248 1510 571 1567 miraculum
596 1522 707 1561 sua:
729 1503 1012 1574 potestatis
1036 1502 1324 1557 ostendere
1341 1543 1356 1568 ,
1390 1510 1447 1554 ut
1471 1500 1836 1567 dispensatum

248 1602 496 1657 ordinem
524 1599 773 1669 proﬁcuze
801 1596 1064 1667 passionis
1091 1594 1359 1663 impleret.
1386 1593 1494 1646 lIoc
1516 1601 1571 1646 et
1594 1589 1839 1645 ﬁdelibus

249 1711 349 1749 usu
404 1693 677 1759 provenit,
710 1704 830 1743 cum
878 1687 946 1742 ad
994 1686 1365 1758 probationem
1419 1698 1570 1738 suam
1615 1681 1839 1737 diversis

248 1786 498 1843 cladibus
538 1784 872 1851 afﬂiguntur.

320 1878 486 1932 Vers.
505 1877 590 1930 η.
622 1873 700 1927 Da
722 1874 865 1927 nobis
889 1870 1143 1925 auxilium
1165 1870 1229 1923 de
1251 1866 1576 1921 tribulatione
1598 1880 1616 1920 :
1640 1876 1685 1919 et
1710 1881 1841 1919 vana

248 1972 400 2027 salus
431 1968 668 2023 hominis.
703 1965 800 2020 llic
827 1979 949 2019 cum
975 1961 1229 2017 membris
1258 1959 1371 2015 suis
1403 1958 1612 2013 Domini
1647 1956 1843 2013 clamat

250 2061 585 2126 humanitas,
615 2069 673 2113 ut
700 2058 768 2112 de
799 2053 1234 2111 tribulationibus
1269 2052 1423 2108 istius
1447 2051 1631 2106 mundi
1663 2066 1844 2107 resur-

248 2154 517 2209 reCtio..is
543 2147 804 2203 securitas
827 2145 1181 2209 concedatur;
1213 2152 1474 2214 quatenus
1502 2142 1716 2198 tandem
1738 2143 1842 2197 ali-

247 2246 476 2317 quando
528 2251 819 2309 tempestas
866 2237 1024 2308 hujus
1072 2236 1254 2293 saeculi
1305 2236 1676 2305 conquiescat.
1728 2235 1843 2291 Non

248 2339 405 2393 enim
446 2334 697 2388 auxilium
726 2333 857 2401 petit
887 2330 955 2385 de
982 2328 1190 2384 deliciis
1214 2371 1230 2395 ,
1280 2327 1376 2382 sed
1405 2328 1466 2380 de
1485 2326 1843 2393 tribulatione,

249 2428 405 2482 unde
431 2424 735 2479 hominibus
763 2437 857 2492 per
884 2420 1120 2475 divinam
1159 2417 1497 2474 clementiam
1546 2418 1696 2472 novit
1726 2433 1847 2487 pro-

250 2517 447 2572 venire
497 2514 753 2569 remedia.
807 2513 875 2567 Et
921 2527 988 2567 ne
1037 2511 1090 2565 in
1125 2509 1478 2579 potestatibus
1508 2507 1693 2563 mundi
1722 2494 1846 2577 spes

249 2612 360 2663 ulla
401 2615 732 2671 remaneret,
760 2604 981 2673 adjecit,
1014 2590 1073 2656 et
1088 2618 1219 2656 vana
1257 2602 1400 2655 salus
1449 2601 1687 2668 hominis,
1726 2603 1846 2672 quia

250 2716 455 2757 revera
488 2699 696 2753 inﬁrma
730 2698 850 2751 talis
877 2704 964 2751 est
991 2705 1045 2750 et
1064 2694 1263 2749 caduca
1295 2694 1691 2763 prtesumptio.-

325 2789 496 2847 Vera.
528 2790 613 2845 13.
653 2787 713 2841 ln
738 2786 843 2841 Deo
870 2786 1116 2856 faciemus
1137 2786 1371 2839 virtutem
1388 2829 1404 2855 ,
1431 2795 1479 2839 et
1503 2785 1611 2854 ipse
1633 2784 1702 2838 ad
1719 2784 1851 2838 nihi-

248 2884 368 2937 lum
395 2882 606 2935 deducet
630 2878 929 2932 tribulantes
956 2894 1069 2931 nos.
1093 2876 1218 2931 Haec
1238 2886 1291 2932 et
1320 2875 1532 2931 Domini
1556 2873 1853 2932 Salvatoris

246 2984 305 3029 et
327 2984 662 3029 cunctorum
691 2968 928 3024 fidelium
947 2983 1052 3024 vox
1072 2976 1176 3035 est,
1216 2966 1466 3037 quoniam
1488 2965 1853 3036 spiritualibus

248 3080 427 3136 atque
475 3064 782 3119 carnalibus
839 3061 1071 3117 inimicis
1117 3059 1407 3115 efﬁcaciter
1454 3059 1650 3115 divinis
1686 3060 1853 3113 virtu-

1930 481 2234 547 lipomeuon
2258 474 2322 548 (Ι
2360 475 2537 528 Paral.
2566 471 2708 539 xvi),
2747 470 3075 539 psalmorum
3112 470 3354 539 partibus
3387 468 3521 523 adu-

1932 573 2104 637 natis,
2157 569 2259 625 hoc
2313 580 2430 632 est,
2491 565 2767 621 centesimi
2818 565 3025 634 quarti,
3081 574 3136 618 et
3187 563 3521 633 nonagesimi

1932 665 2124 734 quinti,
2150 670 2205 717 et
2232 660 2511 715 centesimi
2541 659 2742 727 quinti,
2790 642 2988 725 Spiritu
3021 666 3206 711 sancto
3247 656 3511 725 repletus,

1934 769 2059 813 ante
2089 771 2267 810 arcam
2311 753 2530 809 fmderis
2575 752 2758 805 laudes
2802 748 3011 803 Domini
3044 749 3247 817 magnis
3279 749 3519 803 exsulta-

1937 850 2171 904 tionibus
2217 846 2558 915 personavit;
2592 856 2647 897 ut
2680 854 2931 911 tanquam
2962 857 3026 896 ex
3060 841 3289 895 diversis
3311 855 3522 895 aroma-

1938 944 2078 997 tibus
2123 954 2288 996 suave
2341 939 2621 993 incensum
2677 935 2850 998 ﬁeret,
2901 933 3041 1003 quod
3076 933 3141 986 ad
3174 942 3521 1002 conspectum

1938 1035 2148 1088 Domini
2193 1031 2418 1086 feliciter
2446 1028 2771 1097 perveniret.
2805 1026 2935 1080 Siue
2980 1024 3294 1077 difﬁcultate
3322 1024 3522 1093 quippe

1937 1124 2307 1193 conjungitur,
2341 1119 2481 1188 quod
2512 1117 2614 1172 sibi
2661 1117 2968 1170 nullatenus
3017 1130 3321 1183 repugnare
3372 1130 3525 1168 mon-

1939 1222 2159 1268 Stratur.
2208 1210 2547 1279 Quapropter
2590 1216 2645 1261 et
2688 1206 2829 1260 hunc
2868 1205 3133 1274 psalmum
3164 1222 3227 1258 ex
3256 1204 3376 1258 aliis
3406 1205 3527 1259 ideo

1939 1305 2226 1359 credamus
2254 1316 2374 1357 esse
2403 1300 2727 1362 formatum,
2766 1308 2822 1352 ut
2861 1300 3040 1351 anima
3088 1297 3335 1352 esuriens
3373 1312 3529 1365 sapo-

1942 1412 2057 1449 rum
2082 1392 2484 1448 diversitatibus
2511 1400 2664 1460 pasta
2693 1398 2989 1444 recreetur.
3018 1389 3172 1444 Unde
3191 1401 3243 1443 et
3267 1389 3531 1458 hodieque

1941 1487 2008 1541 de
2056 1484 2297 1555 partibus
2334 1482 2660 1551 psalmorum
2692 1481 2893 1550 aliquid
2924 1480 3237 1536 cantoribus
3263 1480 3531 1549 compagi—

1944 1594 2075 1633 nare
2096 1575 2327 1631 arbitror
2355 1589 2475 1629 esse
2505 1572 2848 1643 permissum.
2892 1572 3024 1625 Nam
3055 1582 3111 1626 et
3142 1575 3242 1627 hoc
3264 1573 3388 1626 huic
3412 1574 3531 1625 loco

1943 1668 2232 1724 convenire
2260 1666 2497 1737 dijudico
2523 1705 2540 1729 ,
2587 1663 2730 1734 quod
2752 1664 2995 1732 operatio
3019 1662 3287 1719 dominica
3307 1679 3375 1719 ex
3395 1664 3532 1718 duo-

1870 1759 1918 1817 B
1945 1759 2042 1813 bus
2072 1756 2280 1827 populis
2317 1769 2477 1809 unam
2508 1751 2635 1807 fecit
2663 1751 2983 1806 Ecclesiam.

2206 1885 2566 1945 EXPOSITIO
2604 1885 2671 1941 IN
2714 1883 3042 1941 PSALMUM
3082 1882 3257 1938 CVIII.

2348 1980 2415 2033 In
2445 1979 2630 2048 ﬁnem,
2663 1979 2891 2046 psalmus
2931 1976 3121 2031 David.

2015 2094 2224 2148 Titulus
2249 2092 2350 2146 iste
2377 2089 2571 2161 psalmi
2598 2088 3019 2159 praecedentium
3056 2088 3338 2142 verborum
3366 2106 3534 2158 expo~

1945 2188 2140 2244 sitione
2157 2187 2270 2257 jam
2295 2196 2455 2239 notus
2476 2196 2577 2246 esu
2599 2192 2653 2238 et
2673 2182 2792 2237 ideo
2816 2181 3128 2236 referendus
3144 2190 3230 2235 est
3250 2184 3315 2234 ad
3335 2183 3533 2253 ltegem

1947 2296 2278 2350 supernum:
2306 2278 2559 2349 quoniam
2592 2288 2779 2330 omnes
2805 2288 3087 2329 sermones
3119 2274 3286 2342 ipsius
3313 2274 3535 2328 tendunt

1946 2372 2013 2427 ad
2042 2370 2325 2426 Dominum
2355 2366 2648 2423 Christum.
2693 2366 2811 2435 Ipse
2839 2365 2984 2421 enim
3014 2365 3065 2419 in
3098 2365 3197 2421 hoc
3228 2367 3434 2435 psalmo
3466 2367 3537 2419 lo-

1947 2474 2167 2519 cuturus
2192 2470 2278 2517 est
2302 2461 2638 2531 iniquitatem
2663 2457 2813 2512 ludat
2852 2457 2937 2513 vel
2985 2458 3162 2528 populi
3206 2458 3447 2526 Judaici,
3476 2470 3535 2515 et

1950 2555 2212 2628 passionis
2240 2568 2354 2609 sua:
2401 2562 2735 2609 sacramenta
2766 2551 3082 2621 praedicens.

2520 2665 2717 2720 Divisio
2761 2666 2966 2735 psalmi.

2026 2784 2128 2839 Per
2152 2792 2318 2839 totum
2340 2782 2553 2853 quidem
2582 2790 2786 2836 textum
2812 2781 2974 2849 (sicut
3000 2781 3204 2838 dictum
3236 2784 3339 2853 est)
3364 2786 3539 2856 loqui-

1955 2886 2040 2932 tur
2069 2877 2325 2931 Dominus
2345 2876 2613 2931 Christus.
2643 2872 2823 2928 Prima
2857 2881 3009 2944 parte
3031 2875 3244 2931 Iudaeos
3274 2877 3539 2947 increpat,

1954 2968 2045 3037 qui
2077 2968 2217 3023 mala
2242 2984 2339 3036 pro
2369 2967 2523 3022 bonis
2551 2966 2794 3021 Creatori
2832 2980 2931 3021 suo
2958 2966 3185 3023 reddere
3213 2968 3539 3026 maluerunt.

1955 3058 2203 3113 Secunda
2227 3056 2378 3112 Judae
2404 3056 2680 3111 traditoris
2723 3067 2778 3111 et
2822 3057 3006 3126 perﬁdi
3059 3059 3239 3127 populi
3291 3072 3540 3115 narratur

247 3133 411 3219 tibus
439 3160 704 3215 obviatur.
737 3160 967 3215 Audiant
1008 3172 1219 3228 quoque
1252 3158 1392 3211 hunc
1441 3156 1729 3225 psalmum,
1758 3154 1846 3225 qui
1876 3133 1922 3195 (ἶ
1953 3148 2221 3218 iniquitas.
2250 3155 2306 3202 et
2328 3163 2449 3217 qua:
2476 3148 2581 3202 illis
2607 3157 2762 3203 erant
2788 3148 2921 3222 [ed.,
2949 3146 3126 3222 erunt]
3159 3165 3253 3219 pro
3282 3160 3424 3205 tanta
3449 3152 3543 3207 deo

247 3270 488 3312 carnem
516 3253 727 3308 Domini
760 3253 944 3306 dicunt
971 3260 1026 3305 et
1063 3249 1396 3303 divinitatem
1428 3248 1587 3303 unius
1613 3261 1733 3303 esse
1754 3259 1850 3300 na-

248 3360 435 3410 ture;
465 3359 601 3414 quos
628 3345 817 3399 merito
838 3343 1073 3399 caelestis
1093 3350 1273 3395 orator
1298 3340 1614 3395 Ambrosius
1636 3341 1689 3394 in
1711 3339 1851 3395 libro

245 3443 320 3497 de
365 3439 749 3497 Incarnatione
792 3436 1001 3491 Domini
1042 3434 1195 3506 (Cap.
1236 3434 1292 3505 6)
1338 3434 1581 3504 increpat
1629 3432 1846 3488 dicens:

242 3535 397 3602 Qua:
457 3542 661 3585 tantum
708 3529 1044 3597 sacrilegium
1092 3525 1301 3581 inferna
1340 3527 1700 3581 vomuerunt?
1728 3525 1846 3580 .Iam

246 3624 664 3682 tolerabiliores
690 3632 817 3676 sunt
844 3621 1051 3685 Ariani,
1081 3635 1311 3691 quorum
1342 3635 1435 3689 per
1456 3620 1590 3675 istos
1614 3618 1852 3688 perﬁdia:

244 3720 443 3787 ipsius
473 3717 637 3770 robur
665 3714 954 3778 adolescit;
992 3723 1047 3768 ut
1078 3712 1282 3783 majore
1312 3711 1659 3767 contentione
1702 3725 1851 3765 asse-

240 3820 388 3866 rant
424 3810 658 3875 Patrem,
690 3818 745 3863 et
776 3806 967 3862 Filium
987 3852 1002 3876 ,
1031 3816 1085 3861 et
1114 3808 1375 3876 Spiritum
1416 3815 1661 3861 sanctum
1699 3806 1854 3859 unius

242 3921 372 3960 non
407 3918 535 3958 esse
573 3902 884 3956 substantia:
908 3920 920 3954 :
946 3901 1064 3971 quia
1091 3900 1177 3955 isti
1199 3899 1536 3955 divinitatem
1568 3898 1780 3955 Domini
1801 3909 1857 3953 et

242 4011 489 4052 carnem
515 3993 828 4049 substantiae
855 3992 1011 4047 unius
1040 3992 1221 4048 dicere
1245 3999 1619 4056 tentaverunt,
1650 4000 1706 4045 et
1749 4006 1856 4046 ca:-

243 4099 378 4143 tera
439 4102 559 4156 qua
611 4087 758 4140 locus
808 4086 919 4153 ipse
967 4085 1205 4139 noscitur
1235 4085 1515 4139 continere
1563 4083 1855 4141 mirabilis.

238 4182 613 4251 Quapropter
642 4177 945 4246 intelligant
993 4176 1103 4231 illis
1147 4192 1205 4232 se
1248 4178 1591 4232 scelestiores
1644 4177 1859 4245 potissi-

240 4288 422 4327 mum
475 4270 677 4337 dictos,
723 4284 858 4338 quos
888 4283 918 4322 a
956 4284 1013 4323 se
1044 4269 1363 4323 universalis
1409 4268 1649 4324 Ecclesia
1684 4270 1859 4326 reddit

236 4372 585 4417 extraneos.
614 4358 730 4413 Non
776 4360 1070 4425 immerito;
1113 4375 1236 4414 nam
1286 4375 1407 4415 cum
1458 4359 1691 4415 Verbum
1733 4376 1862 4417 caro

236 4454 474 4505 factum
501 4449 697 4503 Christi
739 4464 932 4503 nomen
980 4450 1277 4519 acceperit.
1326 4450 1579 4519 aliudque
1609 4453 1680 4507 sit
1718 4453 1855 4508 Ver-

232 4547 392 4599 lrum
415 4582 435 4605 ,
468 4540 613 4595 aliud
654 4556 825 4597 caro:
868 4542 920 4596 in
952 4558 1053 4596 una
1102 4551 1288 4596 natura
1335 4542 1538 4611 positus
1566 4544 1724 4614 (sic’ut
1752 4546 1852 4614 ipsi
1883 4522 1935 4581 D

233 4622 503 4702 volunt)
531 4632 637 4686 dici
666 4630 942 4698 Christus,
990 4647 1094 4687 non
1144 4643 1316 4702 potest
1357 4637 1584 4691 inveniri
1632 4637 1856 4707 nequior

226 4724 501 4799 perﬁdia
533 4724 659 4793 (nisi
688 4725 863 4795 lallor)
894 4728 1101 4780 cunctis
1123 4725 1437 4782 hmresibus.
1464 4727 1593 4783 Nam
1623 4745 1744 4784 cum
1773 4729 1854 4785 di-

225 4832 448 4874 versa
486 4815 843 4884 particulatim
873 4826 1090 4886 uulgauit
1112 4817 1407 4886 majestatis
1429 4817 1677 4887 iniuriam
1696 4861 1710 4885 ,
1743 4822 1856 4876 haec

1951 3238 2238 3294 testatione
2281 3246 2506 3292 ventura
2538 3236 2925 3306 praedicuntur.
2949 3238 3129 3293 Tertia
3166 3251 3413 3306 precatur
3445 3257 3542 3310 per

1951 3329 2003 3384 id
2030 3329 2170 3398 quod
2204 3329 2367 3383 homo
2409 3338 2521 3397 est,
2565 3337 2625 3382 ut
2675 3328 2935 3384 liberatus
2985 3331 3220 3398 periculo
3245 3333 3540 3402 passionis,

1951 3420 2059 3475 cito
2086 3419 2498 3475 resurrectionis
2519 3419 2744 3490 gloriam
2776 3434 3158 3490 consequatur.

2480 3531 2748 3603 Expositio
2780 3535 3001 3602 psalmi.

2026 3642 2176 3697 Vers.
2206 3643 2255 3697 I.
2284 3642 2420 3696 Deus
2442 3683 2457 3709 ,
2503 3642 2708 3698 laudem
2740 3663 2901 3700 meam
2946 3664 3007 3701 ne
3048 3650 3299 3716 tacueris,
3332 3655 3453 3721 quia
3489 3671 3546 3709 os

1954 3734 2233 3805 peccatoris
2277 3744 2325 3788 et
2370 3751 2426 3789 os
2451 3735 2615 3791 dolosi
2657 3754 2813 3805 super
2856 3756 2934 3793 me
2978 3752 3211 3809 apertum
3241 3756 3330 3799 est.
3366 3746 3547 3802 Loculi

1955 3838 2073 3885 sunt
2099 3830 2369 3884 adversum
2399 3848 2478 3885 me
2504 3832 2679 3902 lingua
2702 3834 2902 3888 dolosa.
2941 3836 3196 3893 Dominus
3216 3855 3277 3894 ac
3298 3842 3548 3898 Salvator

1959 3932 2144 3976 noster
2170 3922 2299 3990 petit
2333 3937 2428 3990 per
2470 3922 2521 3977 id
2551 3924 2690 3993 quod
2726 3924 2949 3979 formam
2982 3932 3123 3983 servi
3170 3940 3253 3985 est
3297 3933 3548 4002 dignatus

1882 4066 1885 4069 .
1960 4026 2270 4077 assumere;
2302 4021 2361 4068 ut
2397 4013 2607 4068 Iaudem
2636 4014 2752 4083 ejus
2783 4020 3189 4075 resurrectionis
3219 4021 3380 4077 silere
3412 4024 3544 4094 [ed.,

1960 4101 2131 4175 sileri]
2175 4120 2278 4158 non
2308 4105 2468 4159 faciat
2500 4105 2677 4171 Pater,
2724 4108 2813 4177 qui
2840 4109 3133 4164 secundum
3162 4104 3343 4167 carnis
3373 4114 3549 4170 humi-

1963 4194 2163 4249 litatem
2194 4194 2504 4252 Judaeorum
2549 4205 2668 4252 erat
2707 4200 2946 4254 convicia
2973 4201 3104 4255 dura
3131 4217 3403 4270 passurus.
3434 4207 3547 4261 lloc

1964 4294 2047 4338 est
2070 4284 2209 4339 enim
2231 4326 2245 4350 ,
2274 4284 2501 4340 Laudem
2530 4302 2695 4341 meam
2719 4304 2783 4342 ne
2810 4299 3008 4357 taceas,
3056 4291 3107 4346 id
3158 4305 3238 4355 est
3278 4310 3343 4350 ne
3368 4305 3544 4352 tacere

1966 4374 2095 4447 [ed.,
2130 4375 2325 4448 taceri]
2356 4376 2540 4433 facias.
2586 4379 2679 4433 Est
2722 4380 2867 4436 enim
2895 4382 3090 4440 decora
3121 4385 3444 4455 diversitas;
3492 4405 3551 4445 ut

1971 4465 2223 4535 quoniam
2255 4467 2455 4522 inimici
2485 4470 2761 4525 mendacia
2803 4473 3179 4543 loquebantur,
3225 4487 3413 4534 contra
3457 4497 3551 4537 eos

1960 4567 2070 4613 toto
2092 4558 2224 4614 orbe
2253 4560 2491 4616 veritatis
2540 4565 2846 4619 testimonia
2895 4581 3239 4624 canerentur.
3284 4570 3377 4628 Sic
3404 4576 3546 4629 enim

1958 4649 2078 4704 illos
2102 4665 2197 4718 per
2217 4650 2440 4720 gloriam
2478 4668 2591 4709 suae
2622 4657 3033 4714 resurrectionis
3059 4662 3303 4718 convinci
3333 4665 3518 4722 deside

1958 4751 2062 4806 rat,
2094 4752 2152 4796 ut
2192 4754 2399 4798 reatum
2443 4750 2673 4815 propria:
2718 4752 3086 4819 perversitatis
3132 4765 3454 4824 agnoscant,
3496 4769 3550 4813 et

1960 4832 2193 4889 celerius
2248 4847 2528 4890 recurrant
2580 4839 2645 4893 ad
2696 4843 2927 4896 remedia
2977 4843 3363 4913 confessionis,
3396 4832 3464 4903 ne
3494 4849 3546 4903 iu

1962 4932 2224 4979 alternum
2278 4927 2457 4995 perire
2502 4928 2735 4985 debeant
2784 4944 3150 4990 contumaces.
3198 4936 3328 5003 Quae
3379 4939 3547 5009 ﬁgura

1964 5016 2159 5071 dicitur
2197 5020 2490 5089 syncrisis,
2546 5022 2598 5076 id
2646 5032 2729 5077 est
2773 5026 3023 5094 collatio,
3070 5043 3190 5097 qua:
3238 5027 3297 5083 ﬁt
3334 5030 3549 5097 quando

1963 5111 2366 5177 comparatione
2413 5112 2641 5180 quadam
2689 5113 2971 5184 justiorem
3035 5134 3251 5174 causam
3309 5136 3544 5175 nostrain

1962 5212 2121 5266 quam
2163 5198 2455 5256 adversarii
2497 5204 2950 5263 demonstramus.
2980 5206 3085 5263 Sed
3128 5208 3225 5263 ista
3264 5209 3380 5263 laus
3399 5221 3545 5265 certa

1965 5300 2112 5357 erat,
2158 5292 2284 5362 quia
2328 5293 2395 5348 de
2433 5297 2656 5351 veritate
2705 5299 2976 5355 manabat.
3027 5301 3218 5356 Sermo
3247 5310 3422 5356 autem
3455 5302 3548 5357 ille

1964 5385 2282 5441 falsissimus
2333 5390 2758 5458 cognoscebatur
2809 5408 2962 5459 esse,
3010 5393 3099 5462 qui
3146 5394 3213 5449 de
3243 5409 3338 5448 ore
3375 5393 3548 5450 dolosi

1964 5484 2019 5529 et
2049 5476 2240 5544 perﬁdi
2270 5479 2598 5545 probabatur
2627 5483 2793 5537 exire.
2819 5482 2949 5537 Nam
2980 5483 3426 5552 quemadmodum
3458 5499 3549 5553 po-

1967 5573 2071 5619 test
2100 5565 2205 5621 dici
2226 5581 2437 5635 verum,
2461 5574 2603 5639 quod
2636 5572 2735 5642 ipsi
2756 5574 2965 5628 veritati
2991 5573 3213 5629 docetur
3234 5575 3553 5630 adversum?

1966 5658 2207 5739 Apertum
2243 5659 2422 5729 itaque
2452 5678 2539 5725 os,
2579 5666 2933 5721 contumelias
2983 5665 3227 5739 designat
3267 5684 3400 5739 quas
3434 5683 3555 5736 per-
3680 5708 3691 5733 ,

1967 5750 2086 5804 tulit
2136 5764 2165 5803 a
2212 5748 2431 5809 Judmis.
2475 5753 2582 5809 Sed
2637 5756 2725 5815 hic
2766 5758 3088 5830 singularem
3122 5776 3399 5819 numerum
3434 5759 3556 5813 ideo

221 4911 370 4965 sola
404 4906 574 4975 (proh
595 4906 801 4975 dolor!)
822 4922 949 4961 ausa
968 4918 1051 4963 est
1076 4924 1418 4978 prmsumere,
1443 4911 1584 4964 unde
1606 4922 1657 4966 et
1681 4912 1853 4980 ipsum

221 5012 475 5056 norsien
501 4995 625 5052 ﬁdei
652 5009 849 5051 nosne
873 4998 1072 5051 nitatur
1093 4998 1326 5053 funditus
1356 5001 1633 5069 abrogare.
1662 5002 1856 5057 Scien-

216 5093 392 5148 dum
454 5104 581 5143 sane
612 5090 752 5143 hunc
788 5089 1046 5155 psalmum
1077 5098 1285 5145 sextum
1333 5105 1455 5146 esse
1502 5108 1571 5147 ex
1602 5094 1684 5148 his
1718 5110 1855 5164 quos

214 5186 307 5240 de
337 5182 573 5238 duabus
603 5182 808 5237 naturis
838 5182 1111 5236 locuturos
1138 5198 1256 5238 esse
1287 5183 1651 5253 praediximus.

811 5321 1083 5379 Conclusio
1119 5324 1324 5395 psalmi.

308 5466 520 5535 Quam
552 5465 687 5519 bene
713 5465 814 5520 sibi
854 5466 1168 5536 copulantur
1196 5482 1313 5533 qua
1358 5465 1426 5522 ad
1466 5467 1696 5523 salutem
1723 5482 1858 5538 Ope-

205 5556 501 5617 randam
528 5557 744 5624 generis
788 5557 1007 5612 humani
1036 5558 1104 5610 ab
1149 5572 1255 5611 uno
1309 5558 1455 5613 fonte
1491 5558 1856 5614 descendunt!

204 5649 394 5717 Quis
438 5644 585 5697 enim
629 5660 735 5701 non
785 5646 1009 5700 miretur
1039 5647 1092 5701 in
1127 5648 1492 5716 superioribus
1521 5649 1859 5720 diversisque

206 5732 507 5811 psalutis
535 5733 769 5807 dictum,
813 5736 954 5808 quod
994 5737 1081 5796 hic
1109 5738 1163 5797 in
1194 5750 1394 5798 tantam
1425 5744 1857 5801 convenientiam
