3966 6172
556 263 665 317 333
1791 261 1857 316 Μ.
1901 261 2108 319 AUii-J

2215 263 2614 322 CASSiODORl
3666 285 3746 342 γει

561 383 733 454 ponit,
760 382 881 452 quia
907 382 1065 451 (sicut
1092 393 1236 448 smne
1265 378 1466 434 dictum
1497 389 1602 448 est)
1630 381 1885 450 populum
1913 391 2138 449 utroque
2170 385 2210 440 Α
2246 379 2478 436 fossione
2505 382 2730 445 salvari,
2773 383 2865 438 sed
2899 383 3271 454 desperatione
3315 391 3549 452 malorum
3595 400 3752 471 laqueo

559 476 716 531 modo
753 475 1011 545 appellati
1065 473 1146 526 fas
1177 481 1292 537 est;
1325 487 1446 526 nam
1479 473 1602 526 licet
1635 471 1852 527 nomine
1881 489 2016 551 unus
2046 489 2140 526 au-
2243 473 2564 541 prmfocattts
2612 476 2893 540 occubuit;
2938 491 3034 532 nec
3077 479 3249 546 potuit
3296 479 3478 538 habere
3520 487 3748 550 duim",

559 571 752 632 uiator,
775 566 1050 620 intellectu
1071 575 1244 619 tamen
1259 565 1418 635 373
1437 564 1646 634 plurimi
1672 579 1793 620 esse
1817 571 2134 618 noscuntur.
2186 603 2194 608 .
2243 563 2483 630 liberam,
2511 567 2598 635 qui
2624 577 2729 620 tota
2763 567 2994 622 sinistrae
3022 571 3184 638 part's
3215 571 3410 626 scelera
3439 578 3662 644 sapiebat.
3683 585 3756 640 Sic

559 659 839 728 Sequitur,
883 657 1066 713 Locnti
1114 667 1230 712 sunt
1269 660 1534 712 adversum
1579 675 1660 712 me
1709 659 1885 728 lingua
1938 659 2135 712 dolosa.
2241 657 2381 709 enim
2411 653 2779 726 unusquisque
2811 657 2986 713 facere
3017 659 3375 730 signiﬁcatur,
3410 668 3562 734 qualis
3588 683 3653 725 est
3682 677 3753 731 ille

556 751 737 806 Locuti
794 759 911 806 sunt
959 752 1118 821 igitur
1171 753 1347 824 lingua
1402 743 1615 822 dolosa,
1655 753 1866 823 quando
1897 761 2136 807 sinrtam
2241 743 2333 812 qui
2362 745 2478 814 ejus
2509 745 2783 801 dex‘eram
2826 755 2989 810 tenet,
3019 757 3076 802 ut
3115 762 3190 804 εει
3221 745 3346 806 illud
3378 755 3424 807 in
3454 758 3578 810 malo
3608 776 3619 812 :
3651 761 3756 816 Des.

556 842 764 898 Domini
805 843 1203 914 simplicitatem
1249 843 1426 899 verbis
1472 844 1879 914 captiosissimis
1922 853 2139 913 appetc-
2241 849 2348 892 tera
2376 831 2550 892 eorum
2575 883 2590 908 ,
2625 841 2834 893 dextera
2875 841 3157 910 iniquitatis
3189 843 3360 911 (Psal.
3390 861 3553 913 exuti,
3584 851 3689 921 il);
3716 857 3756 911 in

558 942 703 1006 baut,
735 938 976 993 dicentes
1008 956 1019 990 :
1045 937 1188 993 Licet
1217 938 1457 992 tributum
1484 937 1608 992 dare
1628 937 1812 991 (lauari
1829 936 1851 989 ?
1881 936 1945 990 Et
1975 935 2132 989 illud:
2239 926 2383 982 bono
2413 946 2426 981 :
2461 928 2798 983 Providtbam
2851 930 3122 985 Dominum
3152 935 3206 986 in
3252 949 3506 1006 campum
3532 958 3628 995 meo
3654 961 3759 998 sem-

558 1030 824 1104 Magister,
869 1033 1056 1085 scimus
1099 1031 1221 1102 quia
1261 1046 1410 1084 verat
1443 1046 1494 1084 es
1519 1029 1712 1102 (Marc.
1737 1045 1829 1092 xu,
1851 1028 1962 1097 id).
2017 1027 2138 1082 llaec
2240 1037 2350 1090 ριν,
2381 1023 2623 1092 quoniam
2654 1041 2685 1076 α
2709 1024 2905 1078 dextris
2950 1033 3022 1079 cst
3053 1025 3175 1078 mihi
3223 1025 3392 1095 (Psal.
3425 1046 3515 1096 xv,
3553 1035 3618 1102 8).
3647 1035 3761 1102 Qua-

557 1127 696 1180 cum,
722 1128 887 1180 vel.”
909 1123 1134 1179 ευυαοεα
1160 1123 1484 1192 cognatione
1518 1121 1884 1205 ρτοῐοι-φιηηι.
2241 1123 2456 1184 propter
2483 1115 2564 1170 his
2594 1115 3078 1191 significationibus
3110 1118 3271 1188 totius
3312 1115 3429 1177 vita:
3457 1137 3630 1182 nostra:
3655 1144 3760 1200 qua-

626 1215 775 1274 Ycrs.
810 1214 862 1267 2.
896 1213 960 1268 Et
981 1215 1294 1268 sermonibus
1320 1214 1424 1267 odii
1463 1212 1900 1269 circumdederunt
1940 1227 2044 1277 me,
2089 1221 2136 1264 et
2239 1207 2360 1278 litas
2387 1207 2668 1264 indicatur.

555 1317 967 1378 expugnaverunt
1013 1325 1091 1362 me
1134 1307 1313 1378 gratis.
1356 1306 1625 1370 Dicendo,
1676 1306 1990 1360 sermonibus
2031 1308 2108 1358 odi

2312 1295 2462 1351 Vers.
2489 1297 2543 1352 5.
2568 1296 2694 1352 Cum
2707 1300 2980 1372 judicatur
3001 1311 3146 1355 exeat
3172 1303 3542 1371 condemnatus,
3571 1319 3611 1361 et
3632 1313 3760 1365 oratio

557 1397 994 1452 circumdederunt
1041 1414 1146 1463 me,
1190 1406 1398 1467 tempus
1445 1397 1573 1451 illud
1613 1397 1876 1466 significat
1921 1395 2108 1466 quandi

2237 1388 2348 1458 ejus
2377 1388 2470 1455 ﬁat
2504 1389 2557 1442 in
2589 1400 2872 1457 peccatum.
2906 1391 3018 1465 Hoc
3055 1392 3254 1448 dicitur
3299 1395 3363 1449 de
3392 1395 3556 1451 futuro
3575 1399 3761 1468 judicio,

555 1492 728 1561 iniqua
761 1490 1162 1560 conspiratione
1193 1491 1368 1544 Pilato
1398 1490 1668 1554 dixerunt,
1703 1487 1979 1558 Cruciﬁge,
2022 1505 2137 1542 cru-
2239 1477 2460 1546 quando
2501 1489 2812 1550 Ρθοθειοτθε
2856 1475 3153 1552 Ῐηειίεδῖῐηε
3199 1491 3611 1556 Ρτοηυηιίδιῖοηε
3647 1493 3760 1548 (1³111-

484 1633 491 1641 ,
555 1581 700 1650 ci/‘ige
729 1580 881 1646 (Luc.
919 1595 1072 1645 mu,
1098 1580 1212 1652 21).
1242 1579 1372 1634 Nam
1395 1597 1648 1635 sermones
1682 1581 1860 1650 utique
1879 1581 2108 1650 odiorum

2238 1567 2533 1638 nabuntur,
2566 1579 2623 1625 ut
2650 1573 2732 1627 est
2753 1573 2880 1628 illud
2915 1573 3186 1645 Evangelii
3217 1595 3229 1630 :
3265 1576 3658 1643 Discediteame.
3679 1601 3764 1637 ma-

550 1687 657 1728 aon
687 1673 926 1726 veritatis
957 1671 1189 1738 fuerunt,
1221 1671 1314 1742 qui
1344 1682 1570 1744 mortem
1618 1674 1942 1729 itnmaculati
1973 1689 2108 1746 expc

2239 1657 2429 1724 (edicti,
2463 1661 2514 1713 in
2545 1661 2713 1732 ignem
2740 1673 2984 1719 teternum
3007 1709 3022 1734 ,
3053 1667 3146 1738 qui
3195 1681 3410 1736 paratus
3435 1683 3502 1726 est
3529 1675 3704 1730 diabolo
3728 1687 3764 1730 et

550 1778 661 1822 tere
683 1767 1022 1822 videbantur.
1038 1764 1494 1822 Circumdederunt
1513 1775 1714 1829 autem,
1737 1765 1977 1820 inSanam
1999 1765 2108 1818 mul

2239 1754 2433 1823 angelis
2459 1757 2570 1827 ejus
2598 1755 2777 1828 (Matt.
2803 1773 2928 1824 xxv,
2953 1757 3070 1828 il).
3095 1758 3161 1816 Et
3180 1759 3460 1818 considera
3493 1767 3616 1834 quod
3645 1767 3766 1832 dixit,

553 1857 833 1913 titudinem
864 1857 1130 1927 signiﬁcat
1155 1897 1172 1924 ,
1201 1873 1320 1926 quae
1368 1871 1798 1928 quaquaversum
1845 1858 2007 1912 verba
2041 1873 2108 1912 ne

2241 1853 2412 1916 egeat,
2439 1847 2652 1916 scilicet
2671 1849 2756 1904 de
2775 1853 3193 1922 congregatione
3221 1853 3511 1923 justorum,
3537 1859 3657 1914 unde
3679 1877 3765 1914 om.

551 1951 805 2020 quissima
839 1950 1181 2018 permnabat.
1222 1950 1657 2022 Expugnaveruut
1701 1952 1893 2023 gratis,
1924 1951 2108 2021 quandi

2243 1938 2328 1993 nis
2385 1939 2479 2009 qui
2526 1942 2799 2012 egreditur
2853 1944 3137 2013 impiorum
3197 1949 3439 2016 partibus
3486 1965 3767 2021 aggregatur.

553 2053 672 2098 ante
710 2045 990 2112 praesidem
1038 2043 1340 2098 innocentis
1372 2043 1683 2113 sanguinem
1719 2043 1868 2097 falsis
1911 2058 2136 2098 accusa-
2247 2028 2426 2084 Ora-'50
2456 2047 2582 2085 Ve")
2623 2033 2755 2102 ejus.
2790 2050 2947 2104 (illam
2993 2037 3132 2090 inler
3172 2039 3318 2094 alios
3343 2049 3593 2110 aposm‘os
3621 2059 3766 2098 επεστε-

481 2149 486 2152 ·
559 2135 796 2190 tionibus
836 2135 1184 2204 impetebaut.
1227 2133 1399 2188 Gratis
1433 2121 1557 2188 vero
1587 2135 1754 2201 dixit,
1785 2135 1907 2201 quia
1941 2135 2108 2188 l'actun

2241 2131 2392 2190 perat
2446 2124 2842 2194 peragendam,
2889 2125 2941 2179 in
2989 2127 3374 2193 gravissimum
3420 2133 3492 2185 illi
3541 2145 3769 2200 peccatum

554 2241 737 2281 eorum
786 2227 990 2280 nullum
1023 2226 1126 2279 illis
1154 2225 1327 2296 potuit
1359 2225 1553 2280 alferre
1599 2225 1972 2295 compendium
1997 2266 2012 2290 ,
2042 2239 2108 2278 sei

2239 2215 2493 2281 probatur
2521 2214 2651 2269 esse'
2671 2230 2930 2271 conversa
2957 2259 2970 2283 ,
3006 2219 3222 2288 quando
3276 2221 3344 2274 ibi
3374 2227 3649 2277 continetur
3675 2243 3685 2275 :
3716 2223 3765 2276 Et

551 2321 718 2387 magis
743 2320 1114 2374 detestabilem
1159 2318 1439 2386 pullulavit
1484 2318 1780 2372 interitum.
1829 2317 1959 2370 Nam
2001 2317 2108 2371 sicu

2239 2307 2433 2362 dimitte
2459 2307 2600 2361 nobis
2631 2308 2800 2362 debita
2828 2320 3002 2363 nostra
3029 2315 3159 2364 sicut
3187 2321 3245 2366 et
3284 2331 3376 2368 nos
3406 2316 3680 2368 dimittimus
3703 2320 3769 2369 de-

551 2408 678 2479 jﬂsri
709 2414 872 2480 graus
917 2421 1096 2464 εηιεηιι
1143 2409 1421 2463 Dominum
1451 2448 1464 2474 ,
1494 2425 1614 2463 cum
1649 2426 1768 2463 eum
1816 2417 2034 2478 propter
2071 2425 2130 2464 se
2239 2398 2480 2454 bitoribus
2506 2401 2692 2454 nostris
2724 2400 2937 2473 (Matth.
2965 2419 3036 2469 Vt,
3071 2404 3180 2473 19.).
3221 2406 3330 2461 Sed
3363 2409 3482 2477 quid
3508 2410 3588 2462 ille
3613 2410 3770 2462 deben-

551 2511 752 2554 tutttutn
786 2502 1036 2570 diligntit,
1068 2489 1170 2554 non
1205 2488 1422 2568 pri-pter
1452 2496 1664 2570 aliquod
1714 2501 2009 2568 temporale
2043 2501 2136 2556 lie-
2241 2489 2379 2544 tibus
2401 2490 2716 2558 dimitteret,
2753 2492 2844 2561 qtti
2890 2493 3283 2550 beneﬁciorum
3315 2499 3542 2551 omnium
3569 2499 3769 2551 tradebat

549 2595 802 2648 neticium
829 2602 1074 2662 quaerunt
1101 2610 1112 2643 :
1145 2592 1395 2662 ita‘impii
1421 2599 1586 2662 grat-s
1616 2603 1982 2654 exsecrantur,
2011 2596 2108 2662 qui:

2236 2581 2548 2634 auctorem?
2579 2583 2764 2637 Merito
2791 2599 2920 2653 ergo
2959 2586 3012 2638 in
3040 2602 3315 2656 pecca'um
3353 2589 3425 2644 ilii
3457 2606 3682 2644 conversa
3709 2599 3771 2642 est

559 2700 776 2739 causam
816 2685 945 2754 justi
977 2684 1084 2738 odii
1125 2684 1364 2753 reperire
1394 2700 1497 2738 non
1545 2693 1794 2752 possunt;
1827 2685 1967 2738 sicut
1997 2693 2051 2738 et
2081 2687 2108 2738 ii

2235 2685 2416 2728 sancta
2448 2677 2635 2739 oratio,
2665 2678 2750 2743 qui
2783 2678 3088 2733 detestabili
3115 2682 3368 2748 peccavit
3391 2682 3634 2747 exemplo.

479 2819 512 2852 η
553 2777 890 2850 sexagesimo
920 2787 1109 2832 octavo
1149 2777 1350 2846 psalmo
1389 2777 1589 2832 dictum
1620 2787 1700 2830 est
1741 2793 1756 2829 :
1805 2775 2136 2846 .ilultiplicati
2244 2815 2248 2818 -
2308 2767 2456 2848 vers.
2491 2769 2542 2832 6,
2572 2767 2728 2823 Fiant
2756 2771 2862 2824 dies
2891 2774 3000 2833 eius
3030 2773 3218 2840 pauci,
3250 2769 3297 2827 et
3326 2775 3656 2844 episcopatum
3693 2777 3777 2841 ejus

548 2878 659 2922 sunt
702 2885 855 2938 super
885 2867 1101 2940 capillos
1147 2869 1326 2938 capitis
1363 2855 1468 2920 mei
1501 2867 1588 2937 qui
1618 2867 1830 2920 oderunt
1863 2883 1939 2920 me
1975 2867 2133 2938 gratis
2233 2861 2451 2930 accipiat
2477 2862 2625 2916 alter.
2662 2863 2749 2918 Sic
2774 2864 2905 2918 dicit
2935 2881 3122 2930 paucos
3148 2868 3270 2920 dies
3300 2867 3449 2922 Iuda:
3479 2868 3581 2937 ﬁeri
3601 2866 3774 2926 debere.

549 2957 719 3025 (Psul.
747 2975 926 3024 vaut,
961 2958 1039 3026 5).
2233 2954 2380 3019 quasi
2412 2951 2564 3021 longa
2594 2964 2726 3007 mtas
2755 2945 2882 3024 'ejus
2916 2971 3007 3024 per
3049 2956 3492 3013 crudelissimum
3537 2968 3766 3026 pec-anna

619 3049 768 3104 Vers.
799 3051 850 3104 5.
888 3049 991 3102 f’ro
1019 3067 1076 3104 eo
1106 3057 1159 3102 ut
1193 3065 1268 3103 me
1295 3049 1593 3121 diligerent,
1627 3049 1955 3103 detrahrbaut
1984 3051 2129 3112 mihi;
2235 3041 2509 3096 imminma
2557 3059 2675 3098 esse
2707 3045 2988 3113 videatur,
3038 3048 3189 3102 sicut.
3234 3061 3288 3105 et
3335 3051 3456 3104 alibi
3486 3051 3607 3103 d'xit
3639 3065 3650 3101 :
3685 3047 3770 3100 Vtri

537 3159 630 3212 ego
651 3152 815 3196 autem
845 3143 1075 3194 orabam.
2160 3155 2203 3216 ρ
2235 3134 2540 3202 sanguinum
2572 3144 2616 3186 et
2646 3136 2810 3187 dolosi
2841 3153 2940 3189 non
2976 3138 3339 3194 dimidiabunt
3365 3143 3470 3193 dies
3496 3157 3606 3195 suos
3632 3137 3776 3208 (Psol.

615 3232 764 3286 Vers.
794 3231 848 3285 4.
880 3230 1166 3285 Posuerunt
1203 3235 1468 3284 adversum
1502 3248 1578 3284 me
1600 3232 1736 3286 mala
1759 3250 1850 3304 pro
1880 3234 2051 3299 bonis,
2081 3244 2128 3286 et
2235 3238 2340 3286 ιῑνν
2370 3224 2484 3294 2U-
2516 3225 2618 3280 Sed
2653 3226 2752 3280 lmc
2789 3229 2899 3282 ﬁcri
2935 3231 3128 3283 merito
3165 3231 3402 3295 videtur.
3433 3249 3546 3286 Cum
3572 3231 3771 3298 Ῐυηίθτθε

543 3323 711 3379 adimi
741 3337 832 3390 pro
866 3321 1133 3376 dilectione
1165 3339 1294 3376 mea.
1330 3321 1384 3375 In
1421 3322 1501 3375 his
1532 3323 1738 3377 duobus
1769 3325 2014 3378 versibus
2045 3323 2125 3376 fa-
2231 3317 2531 3370 Sellinribus
2558 3332 2954 3385 comparantur.
2991 3321 3122 3374 Nam
3168 3338 3294 3378 cum
3327 3326 3414 3378 alii
3457 3323 3674 3378 centenis
3700 3336 3775 3373 an-

542 3413 727 3467 eienda
757 3420 840 3467 est
883 3427 1062 3466 rerum
1096 3413 1390 3481 positarum
1424 3413 1676 3467 distincta
1725 3415 2025 3481 separatio,
2071 3425 2127 3470 ut
2231 3405 2313 3458 llis
2345 3407 2525 3460 vivant
2551 3448 2564 3471 ,
2599 3407 2868 3462 dimidiata
2913 3410 3125 3466 illormn
3170 3423 3306 3468 :ntas
3336 3415 3674 3484 conspiciIur,
3707 3412 3774 3478 qui

543 3520 599 3557 ca
633 3520 751 3574 qua:
800 3504 1009 3559 occulte
1038 3503 1176 3558 dicta
1222 3515 1345 3559 sunt
1388 3504 1724 3560 manifestius
1766 3505 2123 3558 innotest'aut.
2232 3511 2328 3551 ucc
2359 3499 2735 3569 quinquaginta
2779 3503 3050 3556 vixerunt.
3083 3503 3176 3559 Sic
3211 3515 3266 3559 et
3312 3505 3464 3561 Jude
3492 3504 3777 3573 apostolatus

548 3597 732 3650 l‘ribus
781 3598 937 3664 igitur
994 3595 1166 3650 modis
1222 3606 1498 3664 peceatum
1554 3611 1714 3652 Omne
1767 3597 2120 3654 eontraltitur.
2229 3590 2504 3654 Ρηυεῖάίεε
2531 3592 2656 3661 fac”
2691 3603 2828 3658 sunt.
2872 3596 3088 3664 quando
3119 3598 3214 3652 alii
3249 3611 3370 3667 post
3403 3590 3774 3667 ip-umapostnli

543 3689 750 3744 Primus
790 3689 933 3745 delic
958 3705 1110 3743 oruut
1150 3688 1345 3758 gradus
1396 3695 1516 3753 est,
1561 3703 1670 3743 non
1707 3688 1934 3744 reddere
1988 3689 2123 3743 bona
2226 3681 2488 3734 custodita
2519 3683 2723 3738 Domini
2757 3687 3031 3741 voluntate
3065 3701 3329 3744 mansero
3357 3700 3413 3743 it.
3448 3691 3508 3744 Et
3541 3701 3774 3758 uenume-

471 3819 473 3822 ς
541 3796 638 3850 pro
681 3781 850 3835 bonis.
885 3779 1166 3836 Secundis
1211 3780 1436 3834 reddere
1485 3781 1620 3833 mala
1658 3795 1751 3844 iro
1783 3781 1962 3834 malis.
1997 3780 2124 3834 Ter—
2226 3789 2317 3828 rus
2349 3775 2434 3829 ille
2459 3775 2858 3834 sacratissimus
2887 3781 3257 3848 apostolorum
3284 3782 3418 3836 Juda
3453 3795 3645 3834 tuorltto
3664 3793 3773 3830 run»

540 3872 668 3926 tium
691 3878 998 3925 extremum
1028 3877 1112 3925 est
1139 3869 1415 3934 vitiorum,
1445 3871 1680 3924 tribuere
1713 3871 1848 3924 mala
1891 3885 1988 3942 pro
2029 3870 2125 3926 bo-
2227 3876 2475 3937 peretur,
2516 3870 2626 3936 jam
2659 3878 2785 3924 tunc
2834 3871 3123 3939 praedictus
3173 3885 3260 3930 est
3292 3877 3346 3929 in
3391 3875 3507 3941 eius
3537 3875 3642 3928 loco
3674 3868 3774 3920 alter

539 3963 641 4018 nis.
679 3961 904 4029 Contra,
932 3960 1022 4016 tali
1051 3977 1277 4016 numero
1301 3961 1584 4016 laudabilia
1620 3971 1972 4031 peraguntur,
2016 3963 2118 4018 im-
2226 3959 2339 4013 ﬁeri
2363 4003 2376 4023 ,
2410 3969 2468 4014 ut
2496 3960 2855 4017 duodenarius
2895 3965 3136 4020 calculus
3191 3969 3464 4023 custodta
3522 3963 3776 4032 integritate

473 4101 477 4108 .
546 4056 778 4126 pendere
820 4056 956 4110 bona
993 4069 1089 4124 pro
1121 4055 1310 4118 bonis;
1357 4056 1593 4110 secundo
1627 4056 1820 4108 malum
1855 4071 1952 4126 pro
1983 4058 2122 4110 malo
2221 4065 2513 4112 constaret.
2577 4056 2918 4128 Episcopatus
2965 4070 3149 4116 autem
3204 4079 3460 4118 summus
3490 4063 3538 4116 in
3585 4055 3773 4112 EccleSia

539 4165 645 4205 non
692 4149 957 4214 reddere;
1012 4149 1170 4203 tertio
1201 4147 1648 4216 perfectissimum
1696 4149 1911 4202 virtutis
1950 4163 2120 4219 genus
2166 4155 2170 4158 '
2223 4148 2417 4216 gradus
2441 4161 2541 4204 est.
2564 4150 2856 4221 Episcopus
2879 4153 3053 4208 dictus
3099 4157 3569 4227 superinspector,
3593 4166 3650 4205 eo
3668 4143 3780 4217 (ιιιυδ

537 4253 641 4306 est,
675 4242 869 4295 bonum
897 4255 990 4309 pro
1012 4239 1152 4294 man
1180 4240 1433 4293 tribuere.
1462 4239 1526 4293 Et
1557 4247 1680 4292 nota
1708 4239 1958 4308 quoniam
1984 4242 2120 4296 sicut
2226 4238 2440 4294 Domini
2470 4257 2712 4311 gregem,
2759 4244 2926 4310 il-sius
2957 4247 3129 4315 gratia
3173 4249 3530 4321 suifragante,
3556 4240 3687 4315 quasi
3711 4253 3777 4306 pa-

536 4333 706 4388 ludati
733 4341 1027 4388 extremam
1058 4332 1201 4385 illaut
1231 4331 1636 4386 vitiosissimam
1686 4341 1891 4401 partem
1941 4333 2118 4388 facere
2220 4341 2332 4384 stor
2359 4333 2698 4388 cautissimus
2729 4335 2830 4388 alta
2864 4336 2991 4390 sede
3021 4339 3307 4392 custodiat
3335 4381 3349 4404 ,
3385 4341 3521 4393 sicut
3569 4328 3773 4389 Ezechiel

536 4426 923 4490 decreverunt,
970 4433 1028 4479 ut
1056 4439 1178 4478 cum
1230 4423 1455 4494 diligere
1506 4425 1852 4489 debuissent,
1887 4426 1950 4477 ad
1998 4427 2116 4479 odia
2224 4423 2484 4491 preplieta
2531 4424 2655 4480 dicit
2693 4444 2704 4478 :
2743 4427 3138 4493 Speculatorem
3193 4439 3246 4484 te
3276 4433 3428 4502 posui
3478 4423 3779 4500 domuslcd..

539 4516 718 4584 iniqua
746 4515 1088 4585 prosilirent-z
1113 4517 1182 4569 ita
1207 4514 1466 4570 Dominus
1482 4531 1745 4570 smnmnm
1773 4517 1896 4569 illud
1922 4516 2114 4571 bonum
2150 4529 2198 4587 ι)
2221 4513 2417 4583 domui]
2451 4513 2613 4568 Israel
2641 4516 2856 4585 (Such.
2883 4533 2958 4583 tu,
2996 4518 3109 4588 l7).
3151 4520 3221 4574 Et
3257 4530 3383 4574 nota
3417 4521 3534 4590 quia
3565 4519 3610 4570 in
3635 4513 3776 4567 Veteri

535 4607 766 4678 perfecta
792 4607 987 4677 pietate
1009 4606 1273 4671 restituit;
1307 4617 1364 4660 ut
1387 4608 1439 4662 in
1472 4624 1632 4661 cruce
1660 4623 1706 4675 pv
1730 4613 1772 4660 si
1791 4618 1865 4660 ‘us
1889 4623 1984 4676 pro
2009 4609 2112 4662 illis
2223 4605 2572 4661 Testamento
2593 4607 2676 4662 hic
2696 4611 2922 4678 primum
2945 4613 3044 4665 hoc
3067 4627 3281 4666 nomen
3301 4614 3529 4682 positum
3546 4618 3632 4664 est.
3648 4603 3777 4670 Cuius

535 4707 714 4755 oraret
729 4698 818 4768 qui
839 4715 958 4753 cum
979 4697 1330 4754 decreverunt
1357 4697 1517 4767 impia
1534 4699 1802 4752 voluntaze
1824 4699 2109 4752 trucidare.
2221 4703 2297 4754 rei
2320 4702 2568 4756 virtutem
2586 4703 2872 4772 Apostolus
2896 4705 3182 4760 evidenter
3203 4707 3466 4770 insinuat,
3486 4705 3651 4758 dicens
3673 4716 3682 4750 :
3703 4693 3779 4762 Qui

607 4789 757 4845 Vers.
789 4789 1129 4844 LConstitue
1179 4805 1331 4858 super
1373 4806 1488 4842 eum
1521 4800 1867 4858 peccatorem,
1917 4799 1962 4843 et
2002 4791 2114 4842 dia-

532 4885 678 4939 bolus
707 4894 799 4938 stet
827 4901 857 4936 a
879 4884 1070 4937 dextris
1102 4884 1232 4953 ejus.
1273 4883 1426 4938 Venit
1455 4883 1520 4938 ad
1550 4884 1836 4938 secundam
1873 4892 2108 4952 partem,

532 4977 584 5030 in
623 4991 727 5046 qua
776 4975 1002 5044 primum
1045 4975 1112 5029 de
1141 4975 1275 5030 Juda
1327 4975 1585 5028 malorum
1635 4976 1871 5027 omnium
1917 4989 2112 5041 capace

531 5067 697 5122 multa
729 5067 970 5121 dicturus
996 5075 1096 5120 est.
1135 5065 1336 5120 Deinde
1370 5066 1558 5133 plurali
1585 5081 1806 5118 numera
1839 5064 2028 5117 miscet
2059 5075 2111 5118 et

531 5160 722 5229 impios
765 5159 1017 5225 Judaeos,
1061 5161 1148 5229 qui
1201 5159 1290 5212 ﬁlii
1344 5159 1506 5226 ipsius
1548 5157 1842 5210 imitatione
1893 5159 2110 5211 sceleris

471 5265 473 5267 ‘
531 5253 871 5307 exstiterunt.
904 5255 1240 5321 Quapropter
1267 5253 1597 5307 certissimus
1631 5251 1928 5304 futurorum
1976 5269 2112 5320 pce-

531 5343 660 5398 dicit
687 5359 846 5414 supra
871 5345 1057 5400 indutu
1092 5345 1398 5398 traditorem
1425 5342 1832 5398 constituendum
1855 5359 1960 5396 esse
1989 5345 2104 5396 dia-

531 5435 742 5501 bolum;
769 5437 858 5506 qui
885 5439 1074 5491 merito
1099 5447 1332 5503 peccator
1353 5435 1564 5498 dicitur,
1586 5436 1834 5506 quoniam
1854 5437 2107 5490 delictum

530 5526 832 5582 traditionis
862 5527 926 5582 ab
967 5527 1082 5596 ipso
1123 5529 1350 5594 sumpsit
1390 5527 1620 5582 initium‘.’
1681 5527 1742 5582 Et
1783 5544 1849 5581 ne
1883 5527 2105 5582 forsitan

530 5620 802 5675 dubitares
831 5621 898 5676 de
918 5635 1022 5690 quo
1049 5620 1340 5684 diceretur,
1371 5619 1634 5689 adjectum
1661 5629 1765 5684 est,
1800 5630 1848 5673 et
1875 5619 2106 5672 diabolus

532 5717 627 5760 stet
651 5725 688 5762 a
721 5712 912 5764 dextris
944 5713 1092 5779 ejus;
1125 5711 1333 5766 scilicet
1361 5712 1482 5780 quia
1531 5711 1673 5766 nulla
1723 5716 1914 5768 meruit
1982 5729 2106 5766 con-

2221 4900 2299 4951 nt,
2327 4887 2404 4957 l),
2433 4896 2538 4943 etc.
2563 4889 2898 4960 Quapropter
2929 4907 3130 4946 nomen
3167 4893 3318 4948 istud
3345 4909 3450 4948 non
3484 4904 3580 4947 tam
3603 4881 3782 4942 honoris

2219 4989 2302 5034 est
2326 4997 2482 5050 quam
2517 4983 2734 5037 laboris.
2763 4984 2892 5038 Nam
2926 4985 3016 5054 qui
3058 4986 3208 5042 alios
3258 4983 3610 5058 speculandos
3634 4990 3775 5035 susce-

2217 5071 2326 5138 pit,
2374 5089 2432 5127 se
2480 5073 2590 5144 iugi
2634 5075 2796 5129 debet
2838 5077 3212 5134 excubatione
3249 5081 3588 5148 conspicere,
3617 5080 3668 5128 ut
3692 5080 3773 5122 ηοη

2216 5163 2286 5216 illi
2318 5167 2591 5237 contingat
2621 5184 2692 5238 qu
2719 5169 2763 5221 ed
2810 5169 2938 5222 dicit
2971 5173 3282 5238 Apostolus
3319 5191 3332 5228 :
3374 5173 3450 5226 Ne
3483 5171 3594 5224 aliis
3618 5157 3771 5238 pradi-

2221 5270 2342 5308 cans
2366 5299 2380 5320 ,
2426 5259 2535 5322 ipse
2562 5264 2804 5326 reprobus
2835 5261 3017 5329 e/ficiar
3053 5262 3111 5330 (Ι
3143 5262 3269 5319 Cor.
3308 5281 3386 5327 ιι,
3418 5265 3543 5328 9.7).
3581 5255 3774 5319 lliud‘l‘lc

2187 5348 2200 5364 '
2219 5346 2525 5401 meminisse
2553 5363 2650 5400 nos
2678 5353 2928 5404 convenit
2958 5352 3010 5404 in
3043 5353 3126 5408 Ac
3159 5356 3287 5410 ibus
3317 5354 3664 5426 apostolorum
3688 5339 3772 5394 evi-

2215 5435 2528 5492 dentissitne
2557 5439 2880 5494 declaratum
2905 5481 2919 5505 ,
2967 5444 3116 5498 hunc
3154 5464 3377 5502 versum
3425 5447 3488 5500 de
3525 5440 3647 5498 Juda
3674 5443 3770 5489 esse

2214 5530 2601 5599 conscriptum;
2631 5531 2705 5586 ait
2743 5533 2882 5586 enim
2915 5533 3111 5588 Petrus
3145 5555 3160 5590 :
3194 5537 3310 5591 Viri
3352 5542 3533 5607 fratres
3557 5573 3570 5595 ,
3614 5527 3770 5596 opm“

2217 5735 2303 5784 per
2334 5736 2386 5772 os
2414 5717 2576 5772 David
2604 5717 2666 5772 dc
2686 5715 2718 5769 Ι
2725 5719 2846 5786 uda,
2879 5723 2966 5791 qui
2987 5719 3096 5790 fuit
3120 5725 3236 5776 dux
3266 5739 3439 5777 eorum
3469 5720 3548 5785 qui
3568 5722 3762 5776 impr"

2221 4794 2565 4864 episcOpatum
2590 4797 2861 4861 desiderat,
2895 4797 3082 4851 bonum
3120 4817 3260 4869 opus
3289 4801 3544 4855 desiderat
3595 4792 3641 4867 (ι
3670 4791 3776 4846 Tim.
3863 4807 3867 4869 Ι

2211 5625 2419 5696 implere
2462 5627 2784 5696 Scriptorum
2813 5670 2825 5691 ,
2855 5646 3003 5699 quam
3043 5635 3312 5701 prmlixit
3351 5632 3570 5700 Spiritus
3596 5627 3768 5675 santltt!

3855 5099 3861 5123 l

3877 4353 3879 4389 |

3875 4419 3877 4471 |

3873 4485 3875 4553 l

3871 4569 3873 4633 l

3869 4655 3871 4715 1

3865 4731 3869 4816 ll

3863 4817 3867 4879 l

3861 4893 3865 4968 1

3859 4969 3863 5041 1

3859 5051 3861 5099 1

3851 5405 3853 5449 |

3849 5473 3851 5529 1

3847 5545 3849 5611 1

3843 5631 3847 5712 1

3843 5713 3845 5775 1

3838 5787 3843 5969 1
