3966 6172
282 355 354 410 us
998 423 1006 427 _
1159 315 1522 446 Διεκιιοδιτῖιι
1561 359 1626 414 nt
1667 359 1819 416 PSA!

1939 359 2125 417 RIUM.
2173 362 2366 418 l’SAL.
2409 363 2581 418 CVIII.

3395 356 3501 414 786

273 468 512 522 lcuderunt
533 466 707 522 Jesum
739 469 876 539 (Act.
907 487 943 536 ι,
983 473 1088 539 l6).
1126 472 1193 526 Et
1217 472 1385 544 paulo,
1407 481 1527 540 post
1552 471 1814 540 sequitur,
1847 475 1891 532 Α
1924 473 2116 525 dicina.
2150 473 2348 541 Pupilli
2381 490 2507 527 vero
2539 472 2662 526 dicti
2696 481 2820 528 sunt
2850 471 3000 542 quasi
3034 472 3232 541 pusilli,
3264 471 3352 541 qui
3382 467 3526 539 par-i

273 561 496 628 Scriptum
522 569 594 613 est
617 561 749 614 enim
775 563 826 614 in
849 563 980 617 libro
1008 563 1336 617 Psalmorum
1363 578 1382 618 :
1414 561 1536 616 Fiat
1570 564 1816 616 habitatio

269 667 355 716 ejus
381 652 601 718 deserta,
635 664 678 704 et
721 671 820 706 non
851 655 917 708 sit
959 657 1047 726 qui
1072 655 1258 708 habitet
1291 641 1425 726 [cd.,
1452 653 1719 725 inhabitet]
1764 656 1817 706 in

270 751 398 804 ra;et
420 744 761 810 episcopatum
787 747 894 815 ejus
919 748 1136 816 accipiat
1164 747 1327 812 alter;
1357 757 1413 799 ut
1438 747 1566 800 nulli
1599 747 1816 799 dubium

267 833 320 884 sit
357 835 414 888 de
453 835 575 910 ipso.
600 835 701 888 hoc
751 837 1075 892 omnimodis
1123 839 1489 904 sentiendum.
1539 838 1629 892 Sic
1659 838 1816 890 istum

268 925 494 989 psalmum
533 924 600 977 de
641 927 887 993 passione
917 927 1148 993 Domini,
1178 938 1232 981 et
1259 927 1580 996 evangelicis
1611 927 1812 990 verbis,

265 1023 307 1067 ct
330 1015 453 1068 Petri
493 1018 723 1082 apostoli
754 1020 1108 1073 attestatione
1135 1020 1506 1086 Cognoseimus
1534 1032 1656 1072 esse
1691 1035 1816 1086 pro-

265 1106 530 1173 plietatum.
566 1108 626 1161 lu
652 1107 754 1162 hoc
783 1109 959 1164 autem
989 1125 1150 1164 versu
1175 1110 1339 1179 ﬁgura
1363 1119 1443 1163 est
1464 1109 1818 1177 intelligenda

264 1195 623 1262 liypetteresis,
656 1213 772 1266 qua:
806 1197 993 1253 Latine
1024 1199 1219 1253 dicitur
1247 1183 1493 1268 exceptio
1523 1217 1536 1252 :
1566 1199 1819 1267 quiniam

263 1286 402 1341 ludas
430 1289 496 1341 ab
528 1290 728 1343 honore
758 1291 1097 1360 episcopatus
1122 1335 1135 1360 ,
1169 1292 1219 1345 id
1253 1301 1335 1346 est
1367 1291 1700 1360 apostolatus
1729 1307 1820 1344 ex-

263 1378 451 1446 cipitur.
770 1423 775 1427 .
861 1438 864 1440 ,

326 1469 460 1523 Vers.
495 1471 545 1522 7.
573 1468 731 1523 Fiant
758 1471 855 1539 filii
883 1473 993 1538 ejus
1017 1459 1261 1540 orphani,
1286 1483 1330 1526 et
1356 1489 1482 1526 uxor
1511 1473 1622 1539 ejus
1648 1471 1822 1522 viilua.

267 1559 490 1625 Quamvis
521 1561 646 1614 alibi
699 1577 804 1616 non
851 1561 1057 1631 legatur
1085 1563 1277 1617 Judam
1322 1578 1541 1616 uxorem
1574 1561 1824 1615 habuisse

271 1652 335 1704 vel
361 1652 511 1718 lilios,
543 1666 717 1707 tamen
749 1668 817 1706 ex
851 1651 950 1706 ista
977 1654 1255 1723 prophetia
1282 1670 1403 1708 eum
1435 1654 1686 1708 maritum
1725 1667 1821 1720 pa-

272 1753 482 1811 itemque
527 1743 690 1798 fuisse
731 1744 889 1798 datur
930 1744 1173 1820 intelligi.
1219 1743 1382 1815 374
1423 1741 1514 1799 ιιιο
1542 1745 1684 1800 enim
1733 1757 1825 1796 oc-

1925 565 2084 618 vitate
2108 567 2281 619 artatis
2309 569 2370 620 ad
2397 568 2686 636 regendum
2712 583 2770 621 se
2797 566 3084 635 probantur
3114 565 3331 619 inﬁrmi.
3351 563 3500 622 Unde

1919 670 1966 707 ες
2003 657 2200 723 popilla
2225 661 2498 712 oculorum
2525 659 2662 714 dicta
2686 669 2788 721 est,
2813 656 2932 728 quia
2958 657 3175 711 omnino
3204 659 3504 726 incorpore

1923 758 2105 798 nostro
2136 747 2346 802 videtur
2376 751 2594 818 exigua.

1999 835 2147 888 Vers.
2171 836 2253 890 ll.
2278 835 2430 890 Fiant
2453 839 2560 891 noti
2585 842 2694 912 ejus
2717 839 2765 890 iu
2786 838 3046 891 interitum
3064 854 3080 901 ;
3096 821 3154 891 in
3174 836 3496 908 generatione

1922 939 2024 976 una
2053 925 2284 978 deleatur
2315 943 2493 980 nomen
2540 946 2578 993 ej
2594 946 2669 980 us.
2715 926 2944 981 Eosdem
2993 941 3136 984 natos
3177 926 3336 991 dicit,
3366 911 3501 995 quos

1922 1018 2170 1086 superius
2200 1018 2430 1084 pupillos
2459 1020 2562 1083 ait;
2595 1029 2646 1070 et
2687 1018 2940 1086 quoniam
2967 1017 3144 1072 solent
3183 1017 3341 1086 aliqui
3378 1033 3498 1085 pcc~

1921 1118 2161 1162 catorum
2186 1124 2355 1178 genus
2380 1126 2675 1180 propagae
2703 1112 3070 1180 longinquum,
3096 1111 3263 1180 ipsam
3289 1124 3502 1176 quoque

1920 1212 2070 1264 Spem
2106 1198 2208 1251 illis
2240 1201 2570 1268 posteritatis
2602 1199 2853 1264 abscidit,
2873 1184 2946 1253 ne
2967 1214 3072 1268 quo
3100 1213 3157 1252 se
3185 1199 3322 1252 bono
3347 1195 3493 1268 [mss.

1921 1289 2008 1350 Α..
2037 1285 2123 1352 B.,
2157 1291 2344 1356 quottis
2393 1288 2550 1358 bono]
2597 1300 2798 1343 mentes
2831 1289 3080 1358 pessima:
3125 1287 3510 1343 consolentur.’

1924 1374 2047 1428 Sive
2077 1377 2242 1446 magis
2273 1395 2374 1429 una
2415 1380 2678 1448 generatio
2727 1379 2818 1431 illa
2870 1377 3094 1432 dicenda
3136 1386 3252 1442 est,
3291 1375 3503 1446 quando

1925 1469 2194 1522 nascimur
2224 1469 2277 1522 in
2307 1474 2561 1538 peccatis.
2601 1470 2664 1523 Et
2699 1470 2819 1523 ideo
2854 1471 2982 1538 petit
3014 1477 3070 1536 ut
3101 1466 3164 1521 ad
3192 1465 3500 1544 secundam,

1925 1558 1974 1610 id
2007 1569 2088 1612 est
2117 1564 2575 1628 regenerationem
2611 1575 2714 1613 non
2751 1560 3066 1628 perveniant
3098 1550 3212 1628 (qui
3245 1541 3419 1610 tamen
3450 1555 3503 1608 iu

1925 1649 2395 1718 pra'destinatione
2437 1651 2634 1719 repulsi
2692 1652 2870 1719 sunt),
2926 1661 2980 1703 ut
3019 1651 3069 1704 itt
3113 1651 3280 1716 prima
3312 1661 3500 1717 pecca-

1925 1747 2098 1791 tmum
2123 1755 2340 1792 suorum
2370 1739 2502 1794 faece
2530 1740 2864 1807 dispeream,
2893 1753 2992 1793 nec
3016 1738 3266 1792 secundm
3314 1735 3503 1790 nativi-

271 1848 321 1885 cu
342 1861 349 1882 ο
371 1835 554 1899 lieute,
589 1827 869 1890 alicctibus
909 1834 1027 1903 ejus
1070 1837 1184 1889 sine
1225 1835 1387 1889 dubio
1419 1835 1544 1888 talia
1586 1833 1825 1902 con’tigc-
1855 1839 1898 1896 Β
1929 1830 2052 1882 tatis
2084 1829 2343 1888 beneﬁcio
2373 1833 2618 1900 laqueum
2663 1834 2850 1885 mortis
2893 1831 3143 1885 evadant.
3171 1828 3278 1884 Sed
3307 1829 3419 1882 lucc
3451 1839 3503 1882 et

271 1934 386 1990 runt,
417 1934 471 1979 ut
497 1926 666 1979 vidua
681 1928 826 1994 ﬁeret
857 1943 983 1979 uxor
1011 1926 1217 1989 relicta,
1246 1935 1299 1979 et
1335 1926 1432 1993 filii
1459 1924 1672 1995 orphani
1702 1939 1820 1978 cum

271 2026 394 2083 patre
419 2018 738 2069 Caruissent.
764 2018 913 2083 Quod
940 2017 982 2069 si
1007 2015 1070 2068 ad
1095 2015 1428 2083 spiritu-olent
1453 2029 1668 2068 sensum
1693 2013 1825 2067 velis

272 2105 476 2167 πόει-ινα,
504 2105 605 2171 ﬁlii
655 2103 875 2174 possunt
917 2105 1135 2174 intelligi
1170 2105 1260 2174 qui
1292 2121 1411 2160 eum
1443 2106 1493 2165 in
1534 2105 1622 2158 illa
1659 2104 1821 2159 tradi-

270 2197 387 2248 tione
417 2199 584 2250 secuti
635 2207 759 2250 sunt
808 2215 820 2247 :
856 2214 984 2250 uxor
1030 2197 1278 2250 voluntas
1304 2238 1317 2260 ,
1357 2212 1476 2266 qua:
1511 2197 1664 2250 nobis
1705 2204 1823 2250 tan-

269 2303 402 2355 quam
424 2288 615 2358 conjnx
659 2305 869 2356 semper
896 2289 1142 2356 adjuncta
1173 2300 1255 2342 est
1285 2305 1299 2343 :
1331 2288 1396 2342 de
1421 2304 1522 2357 qua
1573 2287 1710 2341 filios
1735 2303 1826 2356 pa-

267 2380 411 2433 rinius
439 2421 455 2446 ,
495 2399 614 2434 tum
643 2397 805 2450 opera
841 2389 1046 2446 nostra,
1072 2381 1221 2450 quasi
1256 2379 1486 2449 quodam
1519 2388 1700 2434 ventre
1728 2393 1820 2449 ge-

268 2487 510 2526 Itt'l'llilllls.
643 2495 650 2502 ‘
1039 2530 1044 2534 .

332 2561 469 2617 Veis.
494 2564 547 2618 8.
589 2561 838 2617 Commoti
867 2571 1194 2617 amoveantur
1229 2563 1326 2632 lilii
1367 2564 1507 2634 ejus,
1545 2572 1590 2617 et
1633 2563 1825 2617 mendi-

265 2665 390 2707 cent:
419 2657 691 2725 ejiciautur
725 2656 787 2709 de
826 2655 1221 2709 habitationibus
1254 2655 1379 2709 suis.
1427 2655 1506 2708 Ad
1543 2665 1826 2724 utrumque

266 2745 391 2809 quod
414 2745 533 2798 dico
559 2762 609 2799 ιιι
640 2755 723 2800 est
771 2750 968 2815 poterit
1011 2746 1280 2817 pertinere
1305 2790 1318 2812 ,
1352 2745 1463 2801 sive
1488 2747 1551 2798 ad
1582 2747 1826 2801 carnales

262 2839 387 2890 lilio-5
416 2880 429 2902 ,
460 2839 573 2893 sive
601 2838 664 2891 ad
709 2855 866 2907 oi-era
915 2849 1116 2895 uestra.
1149 2837 1399 2893 Commoti
1420 2837 1682 2908 signiﬁcat
1713 2837 1827 2892 vio-

257 2925 414 2980 lenter
440 2929 682 2996 expulsi;
713 2940 768 2982 ut
800 2923 899 2984 hoc
926 2929 1162 2998 graviter
1189 2930 1423 2991 doleant,
1457 2930 1596 2998 quod
1620 2929 1827 2998 patiun-

256 3027 332 3069 tur
361 3021 530 3073 inviti.
574 3019 905 3088 Mendicent,
937 3023 1198 3075 bonarum
1249 3037 1430 3075 rerum
1477 3007 1822 3090 indigentiam

253 3110 497 3177 signiﬁcat
522 3156 534 3174 ,
572 3127 626 3168 ut
659 3114 908 3168 omnibus
954 3125 1128 3183 pateat
1157 3115 1355 3167 nullam
1398 3131 1492 3168 eos
1521 3131 1678 3184 opem
1726 3115 1824 3170 hac

1929 1919 2010 1973 his
2033 1920 2225 1973 similia
2270 1920 2336 1974 de
2369 1921 2472 1976 illis
2513 1921 2762 1975 dicuntur
2809 1921 2900 1991 qui
2947 1921 2999 1975 in
3046 1918 3255 1974 Domini
3297 1918 3505 1988 judica-

1929 2014 2073 2066 lione
2108 2015 2396 2068 damnandi
2425 2024 2572 2068 sunt.

2000 2103 2153 2160 Vers.
2207 2105 2288 2160 l9...
2331 2103 2397 2158 In
2444 2109 2739 2159 memoriam
2785 2106 2958 2160 redeat
3009 2105 3250 2175 iniquitas
3302 2112 3501 2172 patrum

1927 2198 2033 2268 ejus
2067 2198 2117 2250 iu
2157 2207 2426 2266 conspectu
2453 2197 2682 2262 Domini,
2707 2208 2752 2252 et
2785 2210 3043 2267 peccatum
3066 2198 3241 2250 matris
3272 2199 3379 2267 ejus
3402 2213 3502 2248 uois

1927 2291 2182 2345 deleatur.
2219 2291 2317 2344 l’cr
2347 2293 2692 2361 tropologiatn
2727 2292 2940 2356 dicitur,
2976 2289 3041 2344 In
3074 2291 3370 2343 memoriam
3403 2290 3506 2343 Do-

1927 2383 2058 2436 mini
2089 2390 2302 2451 peccata
2335 2384 2500 2436 redire
2527 2381 2821 2455 majorum;
2858 2393 2913 2436 ιιι
2951 2390 3008 2438 et
3050 2384 3201 2436 novis
3238 2367 3380 2454 [mss
3412 2383 3503 2448 A.,

1927 2472 2016 2538 B.,
2051 2473 2142 2540 Ρη
2169 2472 2300 2543 suis]
2326 2474 2534 2530 delictis
2563 2476 2796 2529 nefarius
2825 2473 2991 2530 ludas
3019 2481 3074 2529 et
3106 2487 3381 2542 parentum
3414 2488 3503 2527 er-

1927 2564 2140 2619 roribus
2188 2575 2519 2636 torqueatur.
2554 2566 2856 2620 Priscorum
2901 2565 3044 2621 enim
3083 2565 3314 2634 peceatis
3348 2565 3505 2632 (sicut

1927 2669 2071 2722 saepe
2101 2653 2357 2725 diximus)
2385 2641 2454 2708 ita
2480 2657 2598 2725 quis
2626 2672 2748 2710 reus
2776 2666 2854 2710 est
2876 2698 2888 2720 ,
2933 2654 3148 2724 quando
3176 2670 3360 2708 eorum
3386 2669 3504 2709 see-

1929 2747 2130 2800 lcribus
2158 2747 2571 2815 sequacissimus
2601 2747 2889 2802 invenitur.
2922 2747 2988 2800 In
3012 2755 3284 2814 conspectu
3325 2746 3502 2800 Domi-

1928 2839 2020 2904 ui,
2072 2838 2121 2893 id
2170 2851 2256 2903 est
2299 2843 2352 2892 in
2396 2838 2781 2907 disceptatione
2824 2838 3012 2906 jodieii
3043 2856 3054 2889 :
3089 2839 3336 2906 quoniam
3377 2837 3501 2888 dum

1929 2939 2144 3000 peccata
2190 2929 2448 2984 Dominus
2477 2931 2725 2999 respicit,
2757 2938 3004 2984 auctores
3045 2945 3227 2984 eorum
3260 2929 3375 2984 sine
3403 2929 3503 2981 du-

1927 3021 2183 3077 bitatione
2219 3021 2480 3090 percellit.
2516 3020 2638 3075 lude
2668 3032 2720 3075 et
2755 3021 3012 3090 prOpheta
3040 3019 3236 3074 clamat
3272 3037 3284 3071 :
3322 3020 3503 3072 Averte

1930 3113 2113 3182 faciem
2144 3120 2284 3164 tuam
2325 3128 2356 3163 a
2387 3114 2604 3182 peccatis
2643 3111 2769 3165 meis
2799 3108 2966 3181 (Psal.
3003 3125 3055 3176 ι,
3092 3110 3198 3179 Η).
3236 3107 3502 3162 Peccatum

253 3201 421 3256 Diilss"
454 3207 697 3270 rationis,
728 3207 816 3274 qni
850 3206 970 3260 talia
1001 3215 1127 3260 sunt
1154 3207 1341 3260 secuti.
1370 3204 1668 3278 Ejiciuutur
1697 3222 1826 3262 vero
1855 3215 1898 3277 C
1935 3218 2058 3258 vero
2089 3203 2267 3256 matris
2295 3204 2404 3272 ejus
2427 3245 2441 3270 ,
2475 3211 2559 3257 est
2600 3202 2892 3273 Synagogm
2922 3211 3043 3257 nota
3079 3203 3418 3272 protervitas,
3450 3211 3505 3256 ut

248 3293 306 3344 de
347 3297 742 3350 habitationibus
770 3299 892 3362 suis,
928 3299 1140 3367 quando
1179 3299 1245 3351 de
1279 3299 1690 3368 congregatione
1723 3299 1826 3353 Do-

245 3384 423 3438 ttiinici
454 3388 633 3456 populi
665 3389 958 3443 redduotur
990 3389 1148 3444 alieni
1181 3406 1193 3440 :
1229 3383 1316 3442 ulti
1346 3405 1450 3442 non
1485 3397 1662 3444 mente
1687 3434 1701 3458 ,
1729 3389 1824 3444 sed

247 3480 452 3530 tan:uni
483 3493 719 3546 corpore
751 3481 897 3551 prius
928 3480 1198 3533 habitasse
1226 3480 1558 3533 videbantur.

312 3569 464 3624 νει-δ.
522 3572 574 3627 9.
628 3572 896 3626 Scrutetur
944 3574 1198 3641 {emrutor
1245 3589 1446 3627 omnem
1492 3573 1825 3627 substantiam

235 3664 369 3731 ejus,
396 3675 440 3717 et
477 3666 727 3732 diiipiunt
759 3667 916 3720 alieni
941 3683 1111 3721 omnes
1147 3667 1346 3722 labores
1375 3669 1504 3728 eius.
1545 3667 1645 3722 Per
1673 3684 1824 3723 com-

239 3753 541 3818 parationes
576 3755 745 3811 factas
785 3772 970 3812 versus
1003 3756 1100 3812 iste
1127 3758 1481 3814 declarandos
1517 3768 1619 3821 est,
1660 3771 1712 3812 ut
1744 3770 1824 3813 to-

240 3841 347 3895 tius
379 3845 534 3918 nobis
576 3847 909 3902 confusionis
941 3860 1280 3903 removeatur
1304 3849 1623 3904 obscuritas.
1657 3851 1820 3906 Debi-

236 3943 318 3989 tor
348 3939 565 4006 quando
593 3941 658 3993 ad
693 3942 1104 4010 persolvendum
1163 3944 1389 3998 idoneus
1439 3960 1542 3997 non
1592 3953 1702 4008 est,
1746 3946 1824 4012 fe-

229 4041 442 4085 nerator
491 4034 632 4102 ejus,
683 4049 714 4088 a
749 4035 930 4104 judice
985 4044 1235 4105 percepta
1275 4035 1488 4101 liducia,
1531 4036 1824 4104 ingreditur

226 4120 454 4178 domum
482 4127 700 4180 obnoxii
731 4127 834 4194 sui,
859 4135 914 4182 et
941 4128 1120 4182 omnia
1145 4143 1476 4198 quaecunque
1501 4128 1698 4182 habere
1729 4144 1824 4198 po-

227 4219 335 4266 test
370 4216 574 4284 diripit,
613 4225 669 4270 et
707 4217 968 4271 satisl'acit
994 4219 1092 4272 sibi
1136 4233 1232 4287 pro
1279 4218 1506 4287 pecunia
1537 4227 1818 4272 mutuata:

223 4305 308 4357 sic
357 4319 416 4360 et
466 4309 733 4374 diabolus,
768 4310 980 4378 quando
1030 4323 1244 4377 peccata
1299 4309 1602 4367 hominibus
1659 4312 1820 4365 multa

218 4404 668 4470 congregaverit,
705 4413 757 4456 et
787 4403 838 4456 in
872 4403 950 4458 eis
976 4403 1234 4458 obstinata
1268 4403 1540 4458 voluntate
1571 4404 1820 4473 perstite—

217 4489 358 4556 rint,
393 4495 586 4562 accipit
619 4503 938 4563 potestatem
972 4506 1027 4547 ot
1053 4495 1272 4549 obnoxii
1306 4497 1663 4550 substantiam
1693 4497 1820 4550 diri-

1931 3303 1986 3350 et
2014 3295 2303 3364 proiibetas
2329 3294 2616 3359 occideret,
2650 3309 2749 3348 nec
2790 3298 2856 3348 ab
2897 3293 3030 3364 ipsis
3071 3294 3374 3349 dieinonum
3420 3309 3506 3348 sa-

1929 3383 2144 3439 criﬁciis
2174 3385 2491 3440 abstineret.
2541 3385 2798 3455 Sacrilegi
2852 3385 2994 3440 enim
3036 3385 3186 3441 Judae
3234 3384 3506 3440 traditoris

1929 3477 2074 3532 illam
2109 3489 2315 3547 partem
2345 3478 2630 3556 dicit-esse
2672 3479 3030 3548 genitricem,
3070 3495 3176 3534 non
3218 3494 3337 3548 quae
3367 3479 3505 3532 viros

1927 3577 2144 3623 sanctos
2186 3569 2444 3639 protulit,
2479 3569 2573 3624 sed
2612 3584 2730 3640 quae
2775 3569 3144 3626 innocentium
3191 3572 3502 3641 sanguinem

1926 3658 2080 3715 ludit.

2001 3760 2153 3816 Vers.
2185 3761 2270 3816 15.
2302 3759 2456 3816 Fiant
2477 3772 2655 3816 contra
2682 3761 2956 3816 Dominum
2982 3778 3200 3833 semper,
3232 3773 3276 3818 et
3303 3764 3507 3833 disper-

1927 3863 2004 3907 eat
2027 3857 2088 3906 de
2110 3862 2243 3907 terra
2265 3856 2510 3908 memoria
2532 3870 2728 3909 eorum.
2763 3855 2914 3909 Nunc
2947 3856 3201 3924 pluralem
3225 3871 3505 3910 numerum

1929 3947 2098 4020 ponit,
2128 3947 2252 4016 quia
2275 3946 2490 4000 .ludtnos
2515 3947 2716 4000 mavult
2737 3942 3080 4014 contumaces
3102 3946 3351 4015 intelligi.
3372 3945 3503 3998 Nam

1925 4039 2062 4093 sicut
2088 4037 2139 4090 in
2174 4051 2277 4090 uno
2305 4044 2491 4091 sancto
2518 4036 2714 4090 multos
2743 4035 2930 4090 beatos
2959 4035 3310 4101 advertimus,
3346 4043 3402 4087 ut
3425 4046 3504 4088 est

1928 4127 2055 4182 illud
2089 4145 2101 4180 :
2137 4125 2212 4179 Tu
2243 4144 2292 4180 es
2323 4125 2532 4190 Petrus,
2560 4135 2604 4178 et
2632 4142 2785 4195 super
2815 4127 2946 4178 hanc
2999 4135 3192 4196 petram
3234 4123 3502 4193 wdiﬁcabo

1924 4217 2208 4274 Ecclesium
2239 4235 2400 4272 meant
2431 4215 2647 4288 (Matth.
2674 4232 2781 4280 XVI,
2820 4217 2909 4286 18)
2939 4231 2954 4272 :
2979 4216 3057 4272 sic
3086 4217 3279 4270 iterum
3310 4217 3360 4268 in
3396 4231 3502 4269 uno

1926 4314 2159 4382 pessimo
2189 4312 2340 4366 multi
2373 4310 2717 4365 deteStabiles
2741 4312 3104 4365 continentur.
3138 4309 3328 4364 Petrus
3359 4309 3502 4363 enim

1924 4405 2062 4474 gerit
2090 4404 2342 4457 Ecclesia:
2369 4411 2573 4472 typum,
2610 4400 2775 4456 Judas
2821 4417 2948 4455 vero
2985 4400 3301 4455 damnanda:
3329 4400 3505 4471 Baby-

1927 4493 2084 4549 lonia:
2133 4505 2304 4562 portat
2356 4492 2664 4572 imaginem.
2703 4492 2854 4547 Unde
2886 4492 3078 4546 merito
3121 4502 3241 4560 post
3277 4508 3396 4546 eum
3438 4495 3506 4546 de

215 4578 336 4646 piat
364 4624 382 4647 ,
420 4593 472 4637 et
514 4599 613 4653 pro
659 4585 808 4639 libito
849 4599 948 4639 suo
978 4585 1043 4639 de
1075 4587 1303 4640 humana
1351 4587 1451 4640 sibi
1494 4588 1817 4643 laceratione
1848 4595 1897 4653 Ι)
1925 4586 2142 4655 perfidis
2175 4585 2326 4651 dicit,
2358 4585 2480 4653 quia
2515 4585 2686 4652 ipsum
2713 4584 2964 4637 seclerati
2997 4583 3150 4638 malis
3178 4583 3506 4638 facinoribus

214 4673 548 4730 satisfaciat.
583 4677 694 4731 Hoc
726 4691 868 4732 nunc
895 4688 1108 4746 Optatur
1131 4679 1232 4733 Jud
1255 4701 1304 4743 ν.
1337 4688 1399 4734 ιιι
1437 4681 1592 4736 datus
1638 4682 1688 4735 in
1723 4697 1816 4750 po-

216 4774 431 4824 testate
456 4769 657 4824 dlaboli
685 4771 838 4825 bonis
883 4771 1134 4826 omnibus
1172 4773 1454 4826 enndetur.
1484 4774 1647 4827 Alieni
1678 4791 1815 4844 quo-

212 4870 325 4925 que
357 4870 488 4914 sunt
510 4860 730 4929 spiritus
758 4863 1040 4925 immundi,
1067 4863 1260 4932 quibus
1289 4863 1532 4917 diabolus
1557 4874 1810 4934 tanquam

211 4953 516 5023 mancipiis
558 4955 786 5023 imperat
813 4954 878 5008 ad
909 4957 1155 5010 nocendo
1183 4977 1234 5010 ιι.
1274 4956 1340 5011 Et
1371 4957 1507 5012 bene
1537 4958 1661 5012 dicti
1692 4968 1809 5012 sunt

212 5041 389 5097 alieni
413 5085 430 5112 ,
461 5045 551 5115 qui
577 5061 604 5099 a
637 5061 806 5117 regno
859 5045 1073 5102 Domini
1100 5047 1395 5116 probantur
1426 5051 1689 5104 extranei.
1727 5049 1814 5103 Isti

215 5132 434 5190 labores
459 5139 709 5208 diripiunt
742 5138 988 5192 mandata
1026 5139 1236 5194 Domini
1284 5142 1814 5208 transgredientium,

213 5225 354 5279 dum
382 5244 478 5283 eos
494 5229 649 5283 bonis
671 5230 919 5284 Omnibus
944 5231 1290 5298 privaverinl,
1309 5243 1556 5300 percepta
1582 5232 1814 5286 Lcentia.

295 5315 455 5372 Vers.
491 5318 576 5372 l0.
614 5317 732 5372 Non
755 5322 818 5373 sit
849 5321 925 5372 illi
947 5321 1178 5391 adjutor,
1203 5339 1294 5374 nec.
1319 5324 1382 5376 sit
1412 5323 1498 5392 qui
1518 5324 1818 5377 misereatur

214 5411 443 5476 pupillis
474 5413 605 5475 eius.
637 5412 898 5476 Quoniam
946 5422 1000 5466 et
1043 5412 1166 5465 boni
1203 5413 1301 5466 \iri
1343 5414 1538 5466 diaboli
1595 5414 1810 5480 quidem

216 5507 372 5556 lenta
406 5505 526 5559 ioue
553 5506 858 5574 pulsantur;
881 5508 973 5560 sed
999 5507 1276 5560 Dominum
1302 5507 1593 5578 adjutorem
1620 5509 1815 5562 habere

220 5607 330 5644 ι.‹·ιιι
366 5597 647 5660 desinunt,
696 5608 750 5650 ut
795 5599 863 5652 ab
893 5598 1189 5651 imminenti
1227 5599 1460 5666 penicillo
1493 5600 1810 5654 libcrcnlm'.

215 5682 400 5741 Malos
447 5689 580 5743 dicit
611 5691 698 5744 tali
741 5691 1008 5758 adiutorio
1049 5689 1377 5745 deserendos
1401 5733 1415 5756 ,
1452 5700 1506 5745 ut
1537 5701 1812 5745 remaneat

210 5772 482 5847 iniquitas
514 5782 813 5853 desperata,
844 5783 927 5841 cui
955 5782 1286 5839 subtrahitur
1312 5785 1664 5842 saluberrima
1699 5797 1805 5838 tuc-

1925 4680 2341 4746 subsequuntur.
2382 4677 2542 4734 Fiunt
2588 4695 2719 4750 ergo
2771 4688 3083 4748 peccatores
3112 4692 3292 4733 contra
3324 4678 3505 4732 Duriti-

1924 4788 2046 4824 num
2067 4787 2284 4842 semper,
2307 4772 2522 4841 q,.amlo
2543 4787 2574 4826 a
2604 4785 2768 4839 regno
2791 4773 2906 4838 ejus
2923 4769 3139 4824 alienati
3168 4770 3219 4824 in
3241 4769 3504 4838 gehennae

1922 4862 2375 4924 contrarietatem,
2407 4862 2608 4927 justitia
2639 4861 2888 4925 iaciente,
2925 4859 3167 4913 mittendi
3194 4866 3340 4913 sunt.
3371 4858 3502 4912 Nam

1921 4967 2042 5004 cum
2077 4951 2330 5004 Dominus
2377 4951 2448 5004 sit
2491 4959 2688 5004 aeterna
2742 4951 3056 5015 beatitudo,
3105 4958 3291 5004 contra
3325 4949 3500 5016 ipsum

1924 5044 2037 5098 ﬁeri
2068 5045 2202 5098 bene
2227 5043 2446 5107 dicitur,
2470 5045 2556 5113 qui
2590 5043 2808 5108 perenni
2829 5043 3029 5097 ultione
3056 5047 3356 5095 damnatur.
3384 5039 3504 5095 Dis-

1918 5139 2054 5207 perit
2087 5147 2263 5190 antetn
2295 5138 2358 5189 de
2387 5147 2519 5190 terra
2551 5136 2874 5202 viventium,
2908 5136 2996 5204 qui
3044 5136 3094 5189 in
3142 5134 3292 5188 beata
3333 5132 3500 5201 patria

1926 5243 2030 5280 non
2085 5227 2315 5281 videtur.
2362 5225 2470 5280 Nec
2511 5225 2563 5280 in
2616 5225 3192 5280 commemorationem
3239 5227 3498 5286 veniunt,

1924 5321 2136 5389 quando
2167 5320 2365 5373 nullam
2414 5319 2635 5372 ulterius
2687 5317 3111 5372 misericordiam
3160 5329 3503 5384 consequun-

1923 5423 2028 5468 tur.
2065 5415 2187 5466 llios
2223 5414 2364 5466 enim
2411 5414 2641 5466 dicimur
2694 5411 3019 5477 memorari,
3074 5409 3266 5479 quibus
3315 5422 3502 5462 Sumus

1920 5508 2090 5574 aliqua
2126 5505 2435 5573 pratsti‘uti.

1996 5599 2146 5650 \ers.
2184 5599 2266 5650 l4.
2317 5595 2421 5648 Pro
2462 5613 2519 5648 eo
2561 5597 2699 5666 quod
2745 5612 2845 5648 non
2886 5604 2957 5648 est
2989 5592 3284 5648 recordatus
3331 5595 3502 5664 facere

1923 5689 2343 5743 iniseiicordiom.
2404 5688 2541 5742 Dicit
2587 5688 2899 5766 justissima:
2955 5684 3172 5740 ultionis
3225 5701 3493 5741 causam:

1923 5781 2171 5853 quoniam
2207 5781 2458 5852 pictattni
2486 5796 2588 5837 non
2624 5790 2796 5854 potest
2827 5777 3069 5837 invenire
3097 5777 3185 5851 qui
3222 5793 3338 5835 eam
3374 5772 3500 5834 a'iis
