3966 6172
487 309 590 364 787

1697 307 1762 359 Μ.
1819 304 2092 359 AL’REI."
2135 301 2532 359 CASSIODORI
3605 315 3687 370 788

489 423 809 491 contempsit
835 421 1170 487 impendere,
1199 420 1338 473 sicut
1364 418 1618 487 scriptum
1652 426 1734 470 cst
1763 433 1774 469 :
1805 417 1948 470 Beati
1974 431 2069 468 mt-
2100 417 2147 474 Α
2176 430 2342 467 onere
2376 418 2539 469 vestis
2571 414 2786 469 indutus
2814 423 2897 470 est
2921 456 2937 480 ,
2971 419 3056 474 ubi
3092 416 3181 470 tali
3214 416 3470 471 voluntate
3498 424 3698 479 noscitur

487 511 785 572 scricordes,
816 510 1055 578 quoniam
1093 509 1219 577 ipsis
1261 508 1580 561 miserebitur
1607 505 1743 560 Deus
1770 505 1979 575 (Matth.
2009 521 2063 564 v,

486 604 567 667 7).
607 601 712 657 Sed
745 602 988 668 quamvis
1019 600 1084 653 ad
1117 600 1443 667 singularem
1490 613 1770 651 numerum
1815 612 2061 652 reversus

486 693 576 759 sit,
611 692 785 747 adhuc
819 703 995 745 tamen
1038 691 1339 761 intelligere
1388 690 1647 745 debemus
1678 690 1927 759 populum
1974 688 2068 743 Ju—

486 782 749 845 dteorum,
782 783 869 852 qui
908 782 1335 837 misericordiam
1381 798 1487 835 non
1520 779 1645 835 fecit
1688 780 1948 849 apostolis
1980 778 2061 832 vel

488 873 734 928 ﬁdelibus
764 873 983 942 Christi,
1010 873 1223 944 quando
1253 888 1347 925 eos
1379 881 1500 942 post
1529 873 1829 939 passionem
1856 870 2061 924 Domini

486 966 667 1034 iniqua
694 964 1071 1033 persecutione
1095 964 1309 1019 vexavit
1344 980 1356 1015 :
1382 962 1502 1031 quia
1532 961 1673 1015 istud
1702 962 1769 1015 de
1790 961 1927 1016 Jtttla
1958 976 2060 1013 ttou

488 1064 666 1124 potest
692 1057 941 1124 intelligi,
976 1056 1191 1125 quando
1238 1067 1361 1109 ante
1404 1052 1804 1108 crucifixionem
1854 1049 2062 1105 Domini

487 1149 556 1202 de
581 1145 681 1200 bac
708 1146 823 1201 luce
865 1146 1145 1209 transivit;
1172 1155 1224 1199 et
1255 1143 1495 1213 affligere
1543 1158 1645 1196 non
1678 1141 1849 1207 potuit
1878 1140 2064 1194 fideles

497 1239 636 1307 ejus,
665 1239 783 1305 quia
818 1247 1027 1307 tempus
1051 1253 1155 1290 non
1189 1235 1371 1289 habuit
1394 1250 1488 1288 eos
1518 1233 1891 1303 persequendi.

564 1332 701 1386 Vers
758 1332 846 1385 ιδ.
889 1329 953 1383 Et
996 1341 1285 1402 persecutus
1310 1341 1382 1384 est
1410 1331 1664 1383 hominem
1708 1344 1979 1397 pauperem
2016 1338 2063 1381 et

492 1422 777 1475 mendicum
804 1461 819 1486 ,
852 1430 898 1473 et
927 1431 1289 1488 compunctum
1320 1420 1470 1472 corde
1514 1419 1670 1471 morti
1716 1419 1947 1471 tradidit.
2000 1419 2067 1473 Et

487 1511 627 1567 istud
653 1512 826 1565 adhuc
849 1511 913 1564 de
931 1511 1235 1565 .lndzeorum
1257 1520 1339 1564 est
1367 1510 1564 1579 popttlo
1583 1509 1947 1571 sentiendum,
1974 1509 2062 1572 qui

493 1612 547 1657 et
566 1601 837 1657 Christum
858 1611 910 1656 et
932 1602 1230 1671 discipulos
1254 1602 1369 1669 eius
1393 1600 1625 1655 nefanda
1651 1603 2065 1667 prtesumptione

489 1695 797 1749 trucidavit.
818 1694 1061 1762 Persequi
1083 1695 1397 1763 plerumque
1424 1692 1549 1747 facit
1570 1693 1837 1757 homines,
1864 1703 1954 1746 aut
1983 1694 2064 1746 di-

2176 503 2469 560 involutns.
2520 506 2776 562 Secundo
2817 508 3025 561 intrarit
3070 508 3371 562 maledicﬁo
3409 511 3457 564 in
3494 513 3694 570 interiora

2174 597 2287 666 ejus
2325 597 2455 649 sicut
2494 612 2659 667 aqua,
2700 599 2913 667 quando
2950 598 3265 653 deliberavit
3301 597 3464 656 Licere
3496 605 3617 672 quod
3656 608 3696 662 ei

2174 685 2346 740 fuerat
2412 686 2740 756 iniquissima
2801 687 3149 755 inspiratione
3209 700 3515 758 suggestum.
3576 694 3696 763 Aqua

2169 773 2310 829 enim
2361 777 2575 845 quando
2619 776 2913 830 visceribus
2959 776 3167 831 vitiosis
3213 777 3478 847 recipitur,
3520 796 3701 851 semper

2170 866 2467 935 ingreditur
2519 872 2583 921 ad
2636 870 2961 925 nocendum.
3013 871 3198 925 Tertio
3248 871 3446 926 influxit
3486 874 3699 943 iniquitas

2166 959 2295 1010 sicut
2325 958 2490 1011 oleum
2518 960 2568 1012 in
2600 958 2796 1013 ossibus
2827 962 2970 1031 ejus,
3002 961 3215 1031 qut-.ndo
3256 962 3490 1018 eﬁectum
3529 967 3595 1021 rei
3632 969 3703 1021 iu-

2168 1049 2345 1102 andita
2376 1050 2726 1117 perversitate
2754 1052 3080 1120 complevit;
3123 1063 3179 1105 ιιι
3208 1052 3314 1121 jam
3355 1070 3453 1107 non
3487 1055 3699 1111 interiora

2165 1140 2375 1202 carnis,
2428 1140 2521 1193 Sed
2569 1140 2731 1194 etiam
2777 1140 2887 1210 ipsa
2936 1158 3052 1194 ossa
3100 1151 3406 1208 penetrasse
3450 1145 3701 1199 videretur.

2170 1229 2403 1286 Dicendo
2451 1233 2594 1286 enim
2644 1232 2809 1287 oleum
2853 1234 3117 1302 signiﬁcat
3158 1235 3552 1292 delectationem
3596 1241 3702 1293 faci-

2168 1321 2312 1373 noris
2334 1361 2348 1383 ,
2382 1322 2524 1389 quod
2558 1323 2634 1375 sic
2662 1338 2858 1392 corpus
2892 1333 3131 1377 nostrum
3170 1326 3398 1378 molliter
3427 1327 3703 1396 ingreditur,

2167 1421 2223 1465 ut
2267 1428 2364 1465 nos
2394 1413 2620 1479 quadam
2660 1413 2996 1482 jttcttnditate
3041 1417 3386 1485 permulceat.
3428 1418 3564 1486 Quod
3599 1435 3704 1474 con-

2166 1514 2271 1560 stat
2300 1504 2452 1558 malis
2485 1507 2756 1560 mentibus
2783 1507 3027 1561 accidere
3046 1548 3061 1573 ,
3091 1508 3308 1578 quando
3338 1509 3387 1562 itt
3418 1510 3603 1566 scelere
3626 1526 3704 1565 suo

2165 1598 2289 1666 aliqi
2313 1613 2345 1651 a
2376 1598 2731 1652 defeetatione
2761 1600 3073 1666 gloriantur.

2236 1690 2390 1744 Vers.
2436 1690 2519 1744 18.
2562 1688 2685 1743 Fiat
2728 1690 2774 1743 ei
2820 1692 2948 1744 sicut
2994 1692 3345 1745 vestimentum
3381 1708 3476 1762 quo
3519 1695 3706 1763 operitur

488 1786 735 1839 vitiarnm
759 1785 1114 1847 ambitus,aut
1135 1785 1399 1853 superbia:
1420 1785 1606 1840 odiosa
1625 1786 1899 1852 jactantia.
1922 1786 2059 1840 Pau-
2093 1785 2135 1842 B
2164 1780 2326 1853 [mss.
2355 1780 2421 1836 G.
2445 1791 2497 1835 et
2517 1780 2603 1835 ed.
2622 1822 2637 1844 ,
2682 1780 3006 1852 aperietur],
3046 1793 3094 1838 et
3122 1785 3249 1837 sicut
3279 1801 3407 1837 zona
3433 1802 3523 1853 qua
3546 1802 3711 1852 semper

487 1895 655 1944 perem
673 1894 799 1933 vero
823 1889 870 1933 et
894 1880 1182 1932 mendicum
1200 1878 1403 1945 insequi
1428 1879 1538 1931 sola
1566 1879 1767 1932 saevitia
1787 1887 1890 1941 est,
1907 1878 2058 1948 cujus

489 1983 590 2022 nec
613 1967 786 2022 honor
807 1970 1085 2037 αιιιιξιίιιιτ,
1121 1983 1220 2022 nec
1249 1967 1571 2022 abundantia
1604 1968 1871 2021 facultatis
1892 1971 2062 2023 ambi-

487 2069 595 2115 tur.
620 2060 765 2115 More
790 2071 965 2116 autem
998 2075 1097 2114 suo
1124 2074 1151 2112 a
1185 2068 1371 2114 natura
1397 2058 1746 2112 humanitatis
1774 2068 2061 2127 assumpta:

487 2167 761 2219 pauperem
787 2165 845 2204 se
879 2150 1132 2203 Dominus
1158 2159 1207 2204 et
1246 2150 1530 2202 mendicum
1570 2163 1691 2203 esse
1732 2163 2061 2202 commemo-

484 2252 587 2297 rat.
624 2242 890 2296 Mcndicus
917 2242 983 2295 de
1009 2252 1218 2302 nostro,
1260 2240 1410 2294 dives
1446 2239 1513 2292 de
1552 2256 1649 2293 suo
1675 2280 1690 2302 ,
1740 2240 1883 2294 sicut
1932 2240 2062 2293 dicit

486 2333 781 2399 Apostolus
814 2350 825 2384 :
863 2331 962 2398 Qui
1002 2341 1212 2399 propter
1242 2347 1332 2383 nos
1360 2346 1556 2398 pauper
1604 2332 1769 2395 factus
1814 2339 1919 2393 est,
1946 2346 2059 2382 eum

486 2432 612 2476 esset
641 2424 779 2476 dives
807 2438 826 2477 :
861 2432 915 2474 ut
964 2422 1105 2474 illius
1153 2422 1327 2491 inopia
1369 2437 1462 2473 nos
1491 2421 1668 2473 divites
1712 2436 1931 2474 essemus
1970 2418 2058 2490 (11

486 2512 607 2567 Cor.
635 2528 753 2577 vttt,
785 2512 863 2581 9).
900 2512 1270 2581 Compunctum
1300 2525 1429 2565 vero
1472 2511 1537 2565 de
1580 2510 1698 2579 ipso
1724 2508 1913 2579 Capite
1952 2510 2057 2565 dici

489 2617 649 2669 posse
673 2618 779 2656 non
804 2602 1054 2667 arbitror,
1075 2603 1194 2671 quia
1218 2602 1323 2655 tale
1348 2617 1453 2656 non
1478 2602 1710 2656 occurrit
1731 2600 2054 2670 exemplum;

487 2695 581 2749 sed
616 2694 787 2763 ntagis
816 2703 1176 2765 compunctum
1208 2692 1275 2746 ad
1312 2702 1649 2763 peccatorem
1684 2695 1891 2747 aestimo
1921 2694 2047 2748 rele-

489 2785 738 2853 rendum,
769 2786 928 2857 375
954 2787 1038 2855 qui
1063 2786 1379 2841 delictorum
1403 2786 1775 2841 recordatione
1802 2800 2058 2856 compun-

487 2880 655 2949 gitur,
693 2887 753 2932 ttt
796 2880 862 2933 ad
894 2878 1316 2934 satisfactionem
1363 2880 1542 2933 redire
1574 2887 1875 2939 mereatur;
1917 2879 2054 2947 qttod

488 2971 780 3025 innumeris
812 2970 943 3025 locis
973 2970 1252 3039 Scriptura
1302 2978 1550 3025 testatur.
1602 2969 1915 3025 Necessarie
1958 2971 2055 3022 ita--

487 3075 590 3128 que
618 3059 687 3115 de
719 3060 976 3113 membris
1005 3060 1375 3128 accipiendum
1406 3068 1509 3123 est,
1534 3059 1655 3129 quia
1680 3058 1924 3114 Christus
1954 3060 2056 3113 Do-

2166 1873 2512 1943 prwcingitur.
2541 1872 2725 1927 Adhuc
2753 1876 2803 1927 in
2828 1874 2958 1944 ipsis
2985 1875 3474 1944 comparationibus
3497 1891 3709 1945 perseve-

2165 1975 2278 2027 rat,
2330 1974 2384 2018 ut
2415 1964 2512 2018 hoc
2545 1974 2821 2032 peccatum
2854 1981 2959 2033 quo
2990 1965 3077 2020 ille
3108 1966 3309 2021 involvi
3355 1968 3555 2025 maluit.
3591 1967 3712 2020 sinti-

2166 2055 2389 2110 lituditte
2417 2057 2582 2110 vestis
2611 2056 2834 2110 alterius
2864 2056 3150 2112 indicetur.
3181 2058 3363 2126 Supra
3404 2060 3535 2113 enim
3566 2060 3708 2121 dixit,

2163 2146 2366 2211 induit,
2400 2144 2540 2213 quod
2571 2145 2797 2213 pertinet
2831 2145 2896 2199 ad
2927 2148 3158 2201 tunicam
3190 2164 3204 2212 ;
3238 2163 3386 2203 nunc
3425 2148 3577 2215 dicit,
3618 2164 3712 2217 ope-

2162 2237 2317 2297 ritur,
2367 2236 2506 2305 quod
2554 2236 2762 2289 videtur
2806 2236 2966 2305 pallio
3009 2239 3344 2306 convenire,
3394 2248 3447 2292 ut
3484 2240 3711 2307 geminata

2166 2325 2331 2380 vestis
2382 2326 2671 2393 ingentium
2721 2326 2990 2396 signiﬁcet
3034 2342 3199 2382 onera
3250 2340 3596 2398 peccatorum.
3636 2329 3716 2382 Se

2159 2418 2360 2486 quitur,
2410 2428 2454 2470 et
2493 2418 2625 2470 sicut
2674 2434 2803 2470 zona
2841 2435 2942 2487 qua
2985 2435 3181 2490 semper
3219 2422 3564 2493 prwcittgitur.
3595 2420 3714 2472 Zona

2163 2507 2285 2576 hic,
2338 2520 2446 2561 non
2493 2506 2582 2560 il'a
2629 2507 2907 2562 muliebris
2951 2509 3270 2577 accipienda
3313 2522 3428 2578 est,
3474 2510 3561 2565 sed
3598 2508 3715 2563 istud

2161 2597 2395 2652 balteum
2446 2614 2553 2668 quo
2605 2607 2819 2654 nostros
2860 2599 3067 2655 lumbos
3110 2602 3481 2673 aceingimus.
3519 2604 3639 2657 sicut
3673 2602 3715 2654 in

2161 2687 2449 2758 Evangelio
2497 2690 2566 2744 de
2608 2688 2854 2757 Joanne,
2903 2692 2969 2747 de
3003 2693 3116 2746 Elia
3145 2709 3286 2749 vero
3340 2696 3391 2749 in
3421 2695 3607 2765 Regum
3643 2710 3718 2747 vo-

2160 2780 2359 2835 lumine
2407 2781 2640 2851 legitur:
2674 2781 2743 2835 Et
2770 2800 2900 2837 zona
2947 2786 3157 2856 pellicea
3203 2789 3352 2843 circa
3400 2789 3586 2842 lumbos
3627 2790 3719 2858 ejus

2164 2873 2181 2941 (
2212 2870 2399 2924 Matth.
2440 2886 2529 2939 ιιι,
2562 2872 2633 2938 ,ις
2685 2870 2768 2925 ιν
2793 2873 2922 2944 Reg.
2957 2891 3009 2941 t,
3038 2875 3134 2946 8).
3192 2877 3317 2933 Hoc
3368 2879 3505 2932 enim
3555 2892 3719 2931 nomen

2160 2976 2387 3036 utraque
2433 2966 2822 3035 significatione
2873 2969 3127 3022 donatum
3172 2981 3311 3035 est;
3360 2986 3461 3041 qua
3510 2969 3716 3023 similitu-

2161 3057 2285 3112 dine
2334 3055 2464 3111 dicit
2512 3058 2590 3113 sic
2638 3058 2869 3127 peccatis
2908 3060 3267 3129 alligautibtts
3319 3061 3483 3115 fuisse
3527 3058 3721 3115 consui-

489 3151 663 3204 minus
697 3159 911 3217 peccata
939 3165 1045 3204 non
1078 3150 1284 3204 habuit.
1321 3149 1555 3219 Populus
1584 3151 1723 3205 enim
1752 3150 2055 3206 Judceoruut
2086 3130 2130 3190 (ἶ
2163 3159 2306 3201 etum
2330 3188 2343 3211 ,
2378 3156 2436 3201 ut
2464 3163 2732 3216 ttunquam
2774 3149 2887 3201 suis
2926 3150 3180 3203 oneribus
3235 3163 3541 3215 emeretur,
3582 3148 3723 3203 obsti-

489 3253 814 3310 compunctos
843 3243 996 3295 corde
1023 3252 1334 3311 persecutus
1361 3250 1467 3309 est,
1498 3243 1639 3298 sicut
1667 3243 1734 3297 de
1765 3245 1919 3298 beato
1941 3245 2058 3300 Stc-

490 3332 668 3400 pbano
694 3332 778 3387 vel
810 3332 974 3385 Paulo
999 3332 1245 3399 apostolo
1273 3341 1491 3386 constat
1513 3333 1781 3388 ell'ectnm.

562 3419 712 3476 Vers.
748 3420 833 3475 16.
866 3418 931 3473 Et
960 3422 1137 3476 dilexit
1166 3423 1566 3475 ntaledictionem
1590 3468 1604 3491 ,
1635 3433 1683 3477 et
1715 3416 1885 3479 reuiet’
1899 3426 1944 3479 ei
1966 3440 1987 3479 :
2013 3436 2061 3479 et

491 3513 653 3567 noluit
684 3512 1082 3566 benedictionem
1102 3554 1114 3575 ,
1146 3527 1194 3566 et.
1225 3512 1611 3583 prolottgabitur
1641 3516 1813 3589 [mss.
1847 3518 1944 3583 A.,
1975 3519 2057 3583 Β..

493 3605 580 3670 ῐθ..
611 3601 969 3675 efongabitur]
1000 3608 1060 3656 ab
1089 3620 1168 3659 eo.
1204 3604 1392 3660 Adhuc
1420 3606 1487 3661 de
1527 3607 1730 3675 perﬁdo
1761 3609 1957 3677 populo
1984 3610 2063 3663 di-

490 3695 597 3762 cit,
630 3695 751 3760 quia
783 3694 964 3748 dilexit
992 3695 1429 3762 maledictionem,
1464 3704 1590 3752 tunc
1619 3699 1822 3754 scilicet
1850 3702 2062 3770 quando

492 3786 606 3839 ait:
650 3784 872 3855 Sanguis
910 3786 1063 3855 hujus
1100 3802 1254 3853 super
1290 3803 1381 3840 nos
1419 3796 1464 3841 et
1502 3804 1653 3860 super
1689 3789 1827 3858 ﬁlios
1864 3800 2064 3845 nostros

496 3874 711 3943 (.llartlt.
744 3892 888 3932 xxvn
910 3921 923 3943 ,
952 3862 1068 3946 ‘25):
1098 3876 1247 3943 Quod
1279 3879 1356 3931 eis
1386 3880 1695 3948 provenisse
1724 3882 2061 3936 manifestum

491 3978 606 4033 est,
657 3971 745 4037 qui
792 3979 976 4024 contra
1030 3970 1312 4024 Dominum
1364 3971 1523 4039 impia
1564 3973 1837 4029 voluntate
1888 3974 2063 4029 durati

491 4069 635 4117 sunt.
698 4061 882 4116 Noluit
937 4070 1113 4118 autem
1170 4062 1567 4115 benedictionem
1623 4063 1908 4131 praedictus
1966 4079 2063 4132 po-

494 4151 681 4217 pulus,
712 4150 925 4222 quando
962 4168 991 4205 a
1031 4166 1175 4206 eteco
1214 4152 1510 4206 illuminato
1552 4153 1903 4221 interrogatus
1942 4162 2061 4207 est:

494 4240 747 4309 Nunquid
784 4250 833 4294 et
869 4257 954 4293 vos
992 4241 1143 4294 vultis
1181 4242 1418 4309 discipuli
1456 4244 1567 4312 ejus
1606 4242 1717 4308 ﬁeri
1752 4242 1945 4311 (Joan.
1976 4257 2024 4295 ιχ
2047 4283 2063 4307 ,

491 4331 584 4395 27,
615 4330 759 4399 '28)?
792 4331 858 4384 At
888 4332 957 4384 illi
990 4331 1139 4399 quasi
1174 4330 1460 4384 maledicto
1495 4331 1760 4385 acerrimo
1799 4331 2065 4399 provocati

495 4425 934 4489 responderunt:
977 4421 1056 4475 Tu
1104 4423 1175 4476 sis
1222 4423 1502 4494 discipulus
1555 4425 1707 4494 ejus;
1760 4439 1849 4475 nos
1897 4433 2067 4476 autem

2166 3239 2397 3295 nationis
2448 3238 2671 3307 perﬁdia
2728 3249 3109 3307 przegravatus.
3160 3239 3215 3293 0
3266 3241 3448 3295 infelix
3496 3239 3720 3309 populus,

2163 3347 2319 3401 quam
2353 3331 2495 3385 male
2524 3331 2746 3384 vestitus
2775 3331 2895 3385 est!
2935 3330 3052 3385 Istae
3086 3341 3279 3388 vestes
3325 3342 3449 3387 sunt
3481 3346 3589 3397 quae
3625 3342 3725 3395 pec-

2163 3432 2372 3478 catores
2401 3422 2590 3477 ardere
2631 3422 2860 3487 faciunt,
2909 3438 3011 3477 non
3056 3423 3285 3488 calere;
3336 3441 3455 3493 qua:
3494 3425 3542 3478 in
3585 3423 3713 3474 ﬁatn-

2167 3529 2304 3567 tnam
2337 3515 2584 3577 mittunt,
2620 3530 2722 3567 non
2752 3529 2779 3565 a
2814 3515 3021 3585 frigoris
3068 3517 3404 3571 necessitate
3446 3514 3723 3570 defendunt.

2239 3605 2391 3657 Vers.
2430 3608 2493 3660 19
2553 3604 2664 3657 Iloc
2690 3621 2815 3671 Opus
2844 3622 3017 3658 eorum
3048 3608 3135 3675 qui
3164 3608 3452 3661 detrahunt
3479 3605 3592 3658 mihi
3612 3603 3727 3672 apud

2172 3692 2473 3758 Dominum,
2521 3704 2565 3747 ct
2609 3695 2693 3759 qui
2737 3695 3014 3763 loquuntur
3058 3697 3199 3749 mala
3246 3698 3494 3751 adrersus
3536 3697 3729 3749 annuam

2167 3802 2353 3839 meam.
2389 3786 2536 3840 llunc
2570 3802 2779 3840 versum
2808 3798 2991 3840 contra
3024 3802 3221 3842 omnes
3264 3792 3480 3858 quidem
3524 3786 3725 3856 perfidos

2168 3878 2424 3933 debemus
2453 3866 2734 3947 aecittere;
2767 3880 2858 3931 sed
2892 3885 3069 3932 tamen
3116 3881 3439 3948 specialiter
3477 3880 3602 3933 duas
3639 3878 3727 3930 itte-

2168 3984 2316 4023 restts
2364 3971 2574 4024 videtur
2627 3972 2907 4039 impetere.
2962 3972 3115 4040 Apud
3166 3973 3344 4028 Deum
3399 3974 3600 4027 Patrem
3646 3970 3723 4019 de-

2170 4060 2387 4115 trahunt
2427 4062 2649 4128 Ariani,
2697 4064 2907 4131 quando
2957 4071 3012 4116 et
3063 4062 3267 4118 Filium
3324 4067 3585 4119 minorem
3630 4070 3729 4113 esse

2172 4160 2456 4212 testantur.
2502 4160 2554 4205 et
2603 4151 2943 4219 impudenter
2981 4152 3300 4209 inferiorem
3344 4156 3557 4217 dicunt,
3596 4162 3728 4219 quem

2168 4240 2477 4295 Creatorem
2519 4242 2757 4295 omnium
2787 4245 3147 4299 communiter
3173 4246 3532 4301 conﬁtentur.
3564 4240 3731 4312 Apolli-

2171 4335 2382 4387 natista!
2414 4350 2625 4404 quoque
2657 4336 2933 4405 loquuntur
2961 4339 3098 4391 mala
3123 4340 3384 4394 adversus
3413 4341 3621 4394 animam
3651 4335 3733 4387 Do-

2173 4425 2333 4487 mini,
2364 4438 2484 4478 cum
2516 4424 2699 4478 dicunt
2725 4426 2980 4481 deitatem
3011 4427 3132 4496 ejus
3182 4430 3370 4484 solam
3414 4443 3619 4486 carnem
3656 4425 3735 4477 lto.

497 4512 667 4581 Moysi
705 4513 949 4579 discipuli
986 4528 1181 4565 sumus.
1223 4514 1339 4577 Quo
1377 4514 1520 4566 dicto
1558 4514 1860 4583 prolongata
1896 4522 1970 4566 est
2003 4513 2070 4567 ab
2098 4506 2149 4565 Ι)
2175 4517 2332 4570 minis
2380 4517 2709 4584 sumpsisse,
2757 4532 2862 4570 non
2906 4518 3137 4572 animam
3169 4536 3185 4583 ;
3235 4535 3341 4576 nec
3390 4532 3468 4575 tot
3509 4515 3736 4583 exemp‘is

491 4604 572 4655 eis
610 4603 918 4666 benedictio,
961 4602 1175 4672 quando
1214 4604 1319 4656 illis
1355 4603 1628 4657 derelictis
1667 4605 1809 4656 venit
1846 4603 1909 4656 ad
1940 4618 2070 4671 gen-

494 4694 622 4746 tium
679 4692 875 4757 ﬁdem;
926 4694 1062 4747 sicut
1110 4693 1239 4746 dicit
1286 4694 1617 4762 Apostolus:
1671 4692 1823 4746 Vobis
1865 4695 2067 4760 quidem

495 4787 756 4853 oportebat
797 4787 933 4853 loqui
964 4786 1168 4839 verbum
1201 4786 1293 4839 Dei
1315 4802 1334 4849 ;
1359 4787 1446 4839 sed
1475 4787 1592 4853 quia
1620 4787 1875 4856 rrpulistis
1904 4787 2067 4849 illud,

492 4892 540 4932 et
569 4879 807 4948 indignos
837 4895 921 4932 vos
938 4879 1212 4950 judicastis
1240 4888 1443 4931 (eterna:
1481 4879 1629 4941 vitm,
1671 4893 1785 4930 ecce
1824 4879 2069 4929 converti-

493 4987 607 5024 mur
637 4973 703 5023 ad
732 4980 902 5041 gentes
935 4971 1084 5041 (Act.
1115 4985 1238 5035 χιιι,
1268 4969 1337 5023 46
1360 4969 1399 5035 ).

566 5069 719 5122 Vers.
764 5068 847 5121 l7.
894 5066 959 5119 Et
998 5066 1161 5119 induit
1201 5082 1253 5119 se
1292 5065 1697 5117 ma'edictioumt
1742 5063 1869 5115 sicut
1923 5062 2067 5114 vcsti-

494 5171 746 5223 mentum,
780 5167 825 5211 et
855 5158 1060 5210 intravit
1108 5157 1236 5210 sicut
1280 5171 1412 5225 aqua
1458 5154 1510 5207 in
1558 5153 1798 5205 interiora
1845 5156 1987 5222 ejus,
2021 5161 2067 5204 et

490 5252 621 5303 sicut
650 5249 813 5302 oleum
843 5248 897 5300 in
926 5246 1117 5299 ossibus
1145 5247 1277 5317 ejus.
1322 5243 1601 5299 Subtiliter
1642 5241 1951 5294 intuendum
1990 5252 2071 5294 est

491 5340 939 5409 quemadmodum
1001 5337 1200 5405 peccati
1261 5335 1426 5400 ipsius
1475 5334 1701 5398 qualitas
1754 5333 2067 5401 quibusdam

491 5431 814 5485 dictionibus
846 5430 1125 5483 indice'ur.
1163 5427 1340 5480 Primo
1370 5426 1533 5477 induit
1573 5441 1626 5479 se
1652 5424 1937 5493 prtedictus
1981 5440 2072 5490 po-

492 5523 650 5588 pulus
679 5522 1085 5575 maledictimtem
1115 5521 1243 5571 sicut
1276 5519 1646 5583 vestimentum,
1676 5517 1887 5582 quando
1920 5517 2069 5570 insti-

494 5622 649 5675 g-nte
704 5612 919 5666 d'abulo
974 5627 1294 5665 consemnnt
1354 5611 1617 5678 prteltuit,
1674 5617 1732 5663 ut
1788 5608 2067 5663 Dominum

498 5701 683 5754 Pontio
724 5702 891 5755 Pilato
932 5704 1141 5757 tt'alere
1183 5703 1478 5756 maltt'sset.
1528 5701 1599 5755 lbi
1649 5702 1788 5755 enim
1837 5702 2066 5770 quodam

2172 4608 2393 4677 perﬁdia
2428 4608 2663 4675 ipsitrum
2696 4619 2943 4678 superata
2975 4611 3232 4667 discedit.
3284 4613 3615 4683 Quapropter
3649 4621 3737 4662 non

2169 4700 2340 4754 solum
2394 4709 2581 4754 contra
2633 4700 2798 4765 istos,
2849 4702 2941 4756 sed
2995 4712 3188 4758 contra
3244 4722 3443 4760 omnes
3493 4702 3738 4758 haereticus

2169 4790 2417 4858 superius
2446 4790 2581 4843 dicta
2625 4791 2759 4844 bene
2801 4792 3205 4863 intelliguntur,
3248 4798 3342 4865 qui
3384 4796 3664 4865 portionem
3698 4791 3735 4839 in

2169 4897 2334 4952 regno
2366 4883 2573 4937 Domini
2606 4898 2709 4937 non
2744 4883 3035 4939 habebunt.

2245 4972 2395 5027 Vers.
2426 4974 2517 5029 ἑο.
2552 4975 2614 5027 Et
2647 4985 2729 5038 tu,
2766 4974 3011 5037 Domine.
3046 4977 3309 5044 Domine,
3343 4983 3428 5049 {ac
3455 4990 3638 5031 mecum
3664 4969 3738 5023 nu"

2166 5064 2493 5117 sericordiatn
2526 5076 2731 5135 propter
2762 5082 2941 5119 nomen
2978 5077 3157 5133 tuum,
3204 5072 3335 5136 quia
3367 5070 3537 5123 suavis
3562 5075 3628 5119 est
3662 5061 3738 5113 nti-

2169 5157 2447 5209 sericordia
2477 5166 2583 5209 tua.
2620 5156 2802 5209 Libera
2833 5173 2926 5210 me.
2962 5158 3123 5211 Venit
3155 5160 3225 5212 ad
3264 5162 3480 5214 tertiam
3510 5152 3739 5212 narratio-

2174 5263 2332 5310 nem,
2377 5249 2427 5301 itt
2473 5264 2575 5317 qua
2626 5256 2869 5316 precatur
2909 5264 2936 5301 a
2982 5260 3135 5318 parte
3188 5266 3300 5320 q-ta
3352 5265 3537 5320 paeSus
3565 5258 3669 5309 est,
3697 5251 3741 5293 nl

2175 5340 2398 5404 gloriam
2449 5340 2861 5394 resurrectionis
2915 5341 3229 5409 acceleret,
3292 5353 3349 5398 et
3405 5338 3595 5396 inimici
3642 5336 3739 5403 ejus

2174 5432 2504 5484 eonfttsionis
2535 5430 2803 5486 dedecore
2831 5435 3153 5489 vestiantur.
3203 5436 3344 5491 Dum
3387 5436 3545 5495 dicit,
3573 5430 3634 5485 Et
3667 5442 3739 5486 tu.

2182 5520 2425 5584 Domine,
2458 5522 2792 5590 subjungitttr
2820 5525 3195 5593 superioribus
3223 5529 3385 5582 dictis
3406 5570 3421 5593 ,
3456 5528 3549 5580 hoc
3578 5531 3677 5585 est.
3704 5518 3738 5569 Si

2177 5611 2341 5665 Jndas
2371 5612 2621 5675 tradidit,
2652 5614 2695 5665 si
2725 5613 2946 5669 Judaeus
2975 5618 3257 5673 cruciﬁxit
3283 5660 3299 5683 ,
3340 5630 3387 5673 et
3424 5630 3474 5671 tu
3509 5622 3587 5688 [ac
3610 5615 3739 5667 misso

2178 5704 2453 5756 rieordiam
2480 5720 2499 5769 ;
2530 5714 2584 5755 ut
2616 5714 2799 5758 contra
2833 5706 2919 5759 illa
2950 5721 3066 5776 qua:
3118 5708 3261 5762 facta
3304 5719 3426 5764 sunt
3456 5704 3737 5761 resurrectio

3869 5191 3871 5291 i

3868 5334 3869 5391 ι

3860 5506 3865 5693 i

3858 5698 3861 5793 Ι

3858 5814 3859 5880 i
