3966 6172
197 324 291 380 78‘.)
1112 328 1471 391 EXPOSITIO
1514 330 1577 385 IN
1621 328 2073 387 PSALTERIU“.
2119 332 2311 390 PSAL.
2353 332 2531 405 QVI".
3355 338 3455 393 7Ἷο

191 443 413 512 gloriosa
458 441 759 510 proveniat.
795 441 919 498 Sive
960 442 1129 498 Filius
1161 445 1226 498 ad
1260 445 1468 499 Patrem
1501 443 1668 499 dicit:
1706 442 1771 497 Et
1800 446 1848 503 A
1879 445 2068 500 melius
2099 464 2265 518 genua
2296 447 2361 501 ad
2396 449 2563 515 ipsius
2594 449 2830 501 membra
2864 449 3184 516 referamur,
3218 466 3335 519 qum
3369 466 3453 503 re-

188 546 235 587 tu
261 536 378 603 fac,
407 544 467 587 ut
492 534 739 589 virtutem
768 548 881 590 sua:
910 536 1307 604 cuoperationis
1336 536 1618 601 osrendat;
1652 551 1766 591 0m-
1873 553 1995 590 vera
2032 539 2294 603 inﬁrmam
2331 550 2479 604 sunt,
2522 539 2735 607 quando
2776 541 3000 609 apostoli
3040 541 3159 608 ejus
3204 543 3455 609 passione

188 628 264 681 nia
293 630 441 681 enim
473 643 591 696 qua:
625 626 751 681 facit
792 627 970 693 Pater,
1014 639 1269 696 Operatur
1306 639 1359 683 et
1398 627 1598 693 Filius,
1631 629 1770 683 sicut
1873 630 2102 697 dispersi
2136 641 2279 684 sunt.
2313 631 2449 698 Quid
2481 632 2623 686 enim
2662 634 2781 700 p'us
2811 647 2931 687 esse
2973 634 3144 702 potuit
3188 634 3454 688 inﬁrmius

184 718 302 773 dicit
335 718 453 785 ipse
484 736 496 771 :
530 720 716 773 Omnia
744 720 880 773 enim
909 736 1022 791 qua:
1058 720 1209 774 Pater
1245 721 1402 790 facit,
1446 720 1550 774 lucc
1591 731 1635 773 et
1676 721 1773 773 Fi-
1874 734 2037 788 quam
2073 730 2130 773 ut
2162 720 2354 775 Petrus
2388 732 2636 791 negaret,
2678 733 2731 776 et
2772 724 2977 790 reliqua
3022 724 3256 778 lidelium
3302 724 3454 777 turba

185 814 276 867 lius
302 814 541 867 similiter
571 814 713 884 facit.
751 815 815 868 Et
845 832 859 869 :
893 815 1039 871 Sicut
1069 816 1219 869 habet
1252 814 1409 869 Pater
1434 816 1585 869 vitam
1614 817 1665 868 in
1695 833 1772 869 se-
1876 813 2119 867 latuisset
2150 814 2295 885 [ed.,
2324 811 2636 883 latitaret]?
2676 816 2942 884 Sequitur,
2988 825 3033 868 et
3070 831 3190 868 caro
3218 831 3330 868 mea
3358 815 3456 866 int-

184 907 428 976 tnetipso,
459 906 534 959 sic
559 906 697 959 dedit
728 919 773 960 et
806 904 946 960 Filio
975 907 1159 962 habere
1186 909 1340 960 vitam
1366 909 1419 961 in
1457 909 1727 973 semetipso
1754 947 1770 970 ,
1872 910 2070 955 mutata
2097 913 2171 957 est
2212 915 2418 977 praptcr
2458 906 2643 958 olcuttt.
2691 903 2872 958 Oleum
2915 905 3001 960 hic
3038 906 3302 975 signiﬁcat
3338 921 3460 973 gra-

184 1009 229 1052 ut
256 1014 436 1051 omnes
465 997 799 1063 honoriﬁcent
825 996 1022 1052 Filium
1045 1002 1174 1053 sicut
1200 1000 1539 1063 honoriﬁcam
1564 999 1773 1052 Patrem
1876 994 2002 1046 tiam
2035 994 2265 1048 diVinam
2288 1037 2301 1059 ,
2341 998 2477 1049 sicut
2511 997 2561 1050 in
2596 997 3004 1065 quadragesimo
3034 1006 3223 1065 Quarto
3255 998 3460 1065 psalmo

183 1086 355 1157 (Joan.
387 1102 442 1153 ν,
477 1087 578 1153 19,
602 1085 703 1151 26,
736 1089 849 1155 ‘23).
884 1086 1134 1156 Domine,
1170 1088 1423 1156 Domine,
1456 1087 1585 1142 dttm
1618 1104 1775 1158 repe-
1874 1088 1942 1142 de
1974 1088 2090 1156 ipso
2115 1088 2225 1159 jam
2274 1091 2478 1144 dictum
2526 1099 2610 1145 est
2640 1108 2654 1143 :
2702 1088 2987 1153 Propterea
3038 1090 3181 1142 unxit
3225 1100 3271 1143 te
3324 1089 3461 1143 Deus

183 1178 265 1239 tit,
298 1177 557 1231 ail'ectum
588 1177 926 1231 suavissima:
969 1178 1292 1245 precationis
1336 1179 1590 1232 ostendit.
1636 1180 1766 1246 Quas
1877 1181 2013 1236 Deus
2063 1192 2178 1235 tuus
2225 1183 2336 1237 oleo
2383 1184 2573 1237 la'titiat
2620 1200 2726 1247 pra:
2767 1183 3083 1237 consortibus
3129 1183 3229 1235 tuis
3276 1183 3459 1251 (Psal.

184 1269 345 1335 ﬁgura
375 1268 577 1322 dicitur
604 1268 925 1335 epezenxis,
956 1270 1206 1337 quoniam
1241 1270 1292 1322 in
1325 1284 1432 1323 uno
1466 1285 1622 1323 versu
1654 1284 1770 1323 ser-

183 1374 397 1413 monem
430 1361 550 1413 sine
576 1359 748 1428 aliqua
778 1359 1185 1427 interpositione
1215 1361 1525 1429 geminavit.
1560 1361 1778 1430 Propter

182 1467 363 1503 nonren
391 1460 535 1503 tuum
558 1492 572 1516 ,
603 1460 659 1503 ut
687 1450 803 1519 ejus
829 1451 1038 1503 cultura
1067 1460 1178 1503 toto
1208 1451 1340 1506 orbe
1368 1452 1644 1506 dilatetur.
1676 1451 1776 1507 Ubi

182 1554 370 1609 magna
414 1540 705 1595 clementia
754 1540 1059 1594 Divinitatis
1102 1544 1362 1597 asseritnr
1399 1560 1412 1595 :
1446 1543 1571 1611 quia
1616 1543 1777 1597 nullis

182 1631 430 1684 humanis
478 1630 690 1684 meritis
736 1631 906 1698 potuit
936 1631 1288 1700 contingere,
1324 1643 1381 1687 ut
1413 1644 1597 1687 natura
1634 1650 1775 1687 mor-

181 1722 294 1775 talis
332 1731 446 1775 tam
477 1722 784 1790 ingentibus
809 1722 1017 1777 elevata
1050 1724 1306 1791 probetur
1333 1738 1454 1779 esse
1484 1724 1775 1778 miraculis.

1878 1290 1999 1329 xtrv
2021 1319 2035 1343 ,
2066 1275 2160 1345 8).
2196 1276 2311 1345 Ipsa
2341 1285 2424 1329 est
2453 1278 2595 1330 enim
2626 1277 2793 1345 gratia
2814 1316 2833 1343 ,
2863 1292 2984 1346 quae
3014 1276 3203 1329 carnis
3238 1275 3464 1329 infirmi-

1877 1376 2041 1421 tatem
2086 1368 2135 1420 in
2183 1369 2601 1423 immortalitatis
2637 1369 2860 1437 gloriam
2901 1369 3268 1423 commutavit.
3312 1368 3464 1434 Quod

1878 1458 2038 1512 etiam
2074 1458 2330 1511 membris
2358 1458 2553 1512 Christi
2585 1458 2725 1512 hattd
2756 1458 2999 1521 improbe
3034 1458 3239 1513 sidetur
3272 1458 3463 1526 aptari.

1954 1549 2105 1603 Veis.
2134 1548 2226 1602 2i.
2263 1548 2322 1602 Et
2348 1565 2438 1621 ego
2466 1550 2632 1619 factus
2661 1566 2774 1601 sum
2803 1551 3133 1620 opprobrium
3161 1550 3306 1615 illis;
3330 1550 3467 1603 vide-

1879 1650 1999 1693 runt
2040 1657 2153 1703 me,
2199 1650 2245 1693 et
2296 1651 2556 1693 moverunt
2606 1641 2777 1711 capita
2823 1657 2941 1695 sua.
2990 1641 3084 1693 Illa
3133 1643 3302 1709 tangit
3345 1657 3467 1709 qua:

1882 1732 2035 1799 plebs
2071 1741 2188 1786 erat
2224 1731 2532 1786 Judaeorum
2572 1733 2672 1786 sub
2709 1732 3043 1786 detractione
3083 1731 3322 1795 dictura,
3360 1732 3468 1787 sic-

181 1814 599 1871 .ilisericnrdiam
628 1831 758 1871 vero
789 1815 951 1881 dicit,
985 1815 1109 1885 quia
1152 1831 1370 1870 carnem
1412 1824 1496 1870 est
1530 1817 1776 1884 dignatus
1812 1813 1854 1871 B
1882 1833 1939 1878 ut,
1975 1825 2051 1879 ait
2090 1827 2139 1879 in
2184 1825 2471 1896 Evangelia
2501 1842 2512 1877 ;
2558 1823 2624 1877 In
2669 1823 2970 1877 Βεειιεθηιιι
3017 1825 3247 1891 principe
3276 1824 3469 1876 dwmo.

177 1923 503 1973 assumere,
544 1924 639 1978 per
674 1924 834 1978 quam
880 1910 1115 1962 humano
1152 1908 1337 1977 generi
1376 1920 1567 1964 auctor
1606 1910 1779 1977 piissi-

178 2016 291 2055 mus
324 1998 669 2054 subveniret.
704 1999 983 2067 Sequitur,
1016 2000 1175 2053 libera
1202 2018 1307 2066 me,
1340 2017 1365 2054 a
1398 2003 1648 2072 passione
1679 2018 1775 2057 sre-

179 2092 405 2145 vissima
437 2091 626 2160 utique
658 2090 989 2146 Juda‘orum.

246 2185 416 2240 Vera.
448 2185 539 2239 21.
579 2184 835 2251 Quoniam
875 2202 1063 2257 egenus
1103 2195 1148 2239 et
1190 2202 1384 2254 panper
1419 2202 1512 2256 ego
1545 2203 1693 2255 sum,
1732 2196 1780 2240 et

177 2295 259 2331 cor
290 2294 472 2331 meum
503 2278 857 2331 conturbatum
888 2288 960 2331 est
990 2279 1043 2332 in
1084 2295 1181 2332 me.
1219 2276 1454 2349 Egenum
1481 2295 1540 2335 se
1578 2280 1707 2335 dict
1737 2291 1783 2335 et

175 2386 465 2440 pauperem
504 2370 802 2425 humilitate
844 2370 1055 2436 carnis,
1101 2371 1239 2423 sicut
1277 2371 1525 2438 superius
1572 2380 1785 2425 constat

176 2462 513 2530 expositum.
562 2460 795 2514 Audiant
843 2474 1141 2529 pauperes,
1175 2459 1396 2514 audiant
1428 2472 1646 2530 egente:
1668 2504 1683 2528 ,
1730 2471 1785 2516 et

173 2554 481 2624 gloriosum
538 2552 641 2606 sibi
691 2562 1018 2623 cognoscant
1056 2566 1177 2607 esse
1216 2551 1357 2621 quod
1400 2552 1595 2606 dicitur
1630 2552 1787 2608 Chri-

174 2659 314 2703 stus.
367 2645 475 2700 Cor
517 2646 749 2717 denique
775 2647 892 2716 ejus
924 2647 1089 2716 potuit
1123 2647 1420 2701 conturbari
1437 2686 1451 2710 ,
1479 2647 1631 2716 cujus
1661 2662 1788 2725 caro

172 2756 273 2807 pro
306 2738 479 2796 nobis
510 2729 941 2810 cognoscebam?
964 2742 1268 2811 exstingui,
1301 2743 1444 2796 sicut
1474 2742 1589 2810 ipse
1617 2743 1791 2797 vicina

174 2834 452 2900 passione
487 2830 761 2900 professus
792 2841 876 2888 est
905 2850 919 2887 :
970 2832 1151 2886 Tristis
1182 2840 1256 2886 est
1287 2833 1462 2885 anima
1495 2849 1605 2887 mea
1637 2850 1793 2901 usque

170 2926 244 2978 ad
278 2932 512 2978 mortem
543 2921 773 2993 (Matth.
807 2939 971 2989 xxvt,
1003 2922 1134 2993 '58).
1178 2923 1309 2990 Qua:
1350 2923 1531 2977 omnia
1569 2923 1790 2978 salutari

172 3016 554 3087 dispositione
584 3026 899 3081 narrantur,
934 3024 991 3070 ut
1020 3028 1242 3085 propter
1274 3015 1558 3069 haereticos
1587 3024 1640 3069 et
1671 3031 1793 3085 per-

169 3113 323 3167 lecta
392 3120 583 3165 natura
640 3111 884 3165 hominis
942 3110 995 3164 in
1051 3108 1271 3165 Christo
1327 3108 1555 3164 Domino
1617 3109 1794 3163 valeat

1884 1916 2088 1969 niorum
2113 1916 2254 1986 ejicit
2282 1916 2537 1970 dcenronia
2562 1915 2777 1981 (Matth.
2805 1931 2906 1981 xu,
2934 1917 3052 1983 2i).
3087 1916 3151 1969 Et
3178 1915 3283 1968 alio
3307 1914 3426 1968 loco
3457 1932 3469 1967 :

1885 2008 2073 2062 Nonne
2112 2008 2195 2061 hic
2234 2018 2304 2062 est
2345 2008 2485 2077 [ilius
2524 2006 2715 2077 Ioseph
2756 2009 2890 2079 fabri
2933 2006 3084 2078 (Luc.
3116 2023 3198 2073 tv,
3223 2005 3367 2075 92)?
3406 2006 3470 2060 Et

1883 2103 2073 2155 iterum
2106 2100 2325 2155 dicunt:
2370 2100 2518 2153 Vah!
2545 2102 2633 2170 qui
2661 2100 2873 2154 destruit
2907 2102 3149 2170 templum
3178 2100 3303 2167 Dei,
3334 2108 3381 2155 et
3421 2102 3472 2154 in

1887 2192 2057 2244 triduo
2094 2191 2373 2258 reazdiﬁcat
2414 2190 2547 2244 illud
2576 2190 2802 2261 (Matth.
2829 2206 3002 2255 xxvtt,
3026 2193 3094 2245 40
3113 2180 3167 2259 )’;
3198 2199 3252 2244 et
3279 2199 3472 2246 caetera

1886 2298 2005 2351 qua:
2033 2282 2235 2337 insanis
2264 2282 2480 2350 quidem
2511 2281 2779 2341 mentibus
2804 2282 3125 2336 videbantur
3150 2283 3435 2350 opprobria
3457 2324 3470 2340 .

1887 2371 1983 2426 sed
2026 2372 2141 2441 ipsa
2180 2372 2396 2428 fuerunt
2431 2388 2550 2443 quze
2593 2371 2749 2426 nobis
2792 2373 3013 2436 probata
3060 2380 3186 2426 sunt
3230 2372 3476 2426 conferre

1891 2463 2233 2518 medicinam.
2275 2463 2544 2517 Moverunt
2580 2476 2750 2518 autem
2788 2465 2991 2531 capita,
3032 2463 3098 2517 ad
3134 2468 3477 2519 Consuetudi-

1891 2572 2012 2611 nem
2040 2556 2269 2625 pertinet
2294 2556 2458 2609 nimis
2487 2556 2865 2621 irascentium;
2907 2571 3028 2610 nam
3056 2554 3268 2625 quoties
3296 2555 3478 2610 furore

1892 2650 2295 2714 succemlimur,
2346 2649 2653 2704 turbulenta
2695 2648 3057 2703 commotione
3103 2649 3292 2717 capitis
3333 2663 3477 2703 com-

1900 2753 2185 2792 llllﬂiimill‘.

1970 2829 2125 2883 Vcrs.
2152 2828 2249 2882 25.
2275 2827 2474 2899 Adjuva
2507 2844 2615 2893 me,
2650 2827 2868 2881 Domine
2899 2828 3037 2881 Deus
3066 2844 3208 2881 meus
3236 2842 3254 2879 :
3284 2829 3476 2881 salvum

1896 2938 1973 2974 me
2004 2922 2086 2989 fac
2118 2931 2322 2990 propter
2352 2920 2752 2973 miscricordiam
2791 2929 2954 2975 tuam.
2991 2919 3243 2989 Adjuvari
3268 2933 3327 2972 se
3354 2932 3476 2971 sus-

1896 3023 2050 3083 cepta
2101 3013 2423 3083 deprecatur
2473 3010 2773 3066 inﬁrmitas.
2822 3011 2942 3079 Ipse
2986 3011 3129 3066 enim
3178 3009 3479 3064 misericor-

1901 3104 2041 3158 diam
2072 3106 2233 3173 petit,
2262 3105 2351 3173 qui
2379 3112 2433 3159 et
2458 3102 2712 3156 auxilium
2741 3101 2944 3155 tribuit.
2988 3103 3159 3171 Rogat
3187 3110 3243 3155 ιιι
3279 3100 3440 3154 homo
3460 3141 3474 3164 ,

171 3210 447 3273 ostendi,
476 3218 532 3262 ει
559 3221 692 3275 nos,
727 3206 1179 3278 quemadmodum
1214 3204 1585 3276 supplicemus
1607 3245 1622 3270 ,
1669 3218 1793 3273 pos-
1816 3174 1862 3235 (ἶ
1896 3203 2116 3275 prastat
2140 3202 2197 3248 ut
2224 3196 2398 3260 Deus;
2429 3193 2569 3264 quod
2600 3193 2801 3247 nullum
2834 3200 3010 3262 potest
3036 3192 3363 3247 confundere
3391 3196 3478 3259 qui

167 3303 364 3357 simus
402 3301 647 3355 edoceri.

248 3394 431 3449 Vers.
462 3392 557 3447 9%.
592 3390 740 3447 Sicut
769 3391 950 3443 umbra
980 3406 1093 3443 cum
1124 3390 1381 3455 declinat,
1412 3388 1613 3441 ablatus
1639 3403 1750 3440 sum
1773 3428 1789 3451 ,

164 3496 217 3539 et
246 3499 519 3539 excussus
541 3499 653 3536 sum
675 3483 806 3536 sicut
828 3482 1042 3535 locusta.
1077 3480 1172 3534 Hic
1205 3480 1507 3533 facilitatem
1540 3494 1790 3547 persecu-

167 3578 349 3631 tionis
388 3573 633 3628 ostendit
664 3591 679 3627 :
709 3573 835 3643 quia
868 3582 1014 3627 tanta
1054 3572 1332 3626 celeritate
1360 3571 1428 3626 de
1473 3571 1653 3625 medio
1682 3571 1792 3623 dis-

164 3669 506 3737 ripoiorum
542 3676 728 3732 raptus
755 3675 839 3718 est
869 3679 898 3717 a
933 3664 1085 3718 turba
1116 3663 1448 3728 Judteorum,
1475 3671 1673 3729 quanta
1707 3676 1795 3715 so-

162 3760 238 3813 let
309 3756 620 3813 velocitate
660 3756 840 3809 umbra
885 3754 1056 3809 noctis
1116 3754 1247 3808 Solis
1291 3754 1493 3807 lumine
1540 3753 1793 3807 veniente

162 3850 505 3906 discedere.
558 3844 820 3901 Excussus
860 3854 931 3899 est
978 3856 1157 3900 autem
1202 3845 1331 3898 sicut
1392 3844 1625 3905 locusta,
1668 3844 1792 3895 dum

158 3938 673 4011 persecutionibus
721 3937 928 3992 crebris
973 3936 1090 3990 loca
1137 3936 1420 3991 videbatur
1466 3945 1672 3989 mutare
1710 3933 1794 3987 di-

160 4047 339 4088 versa
364 4050 383 4098 ;
416 4030 626 4085 scilicet
657 4029 871 4098 quando
898 4028 965 4083 de
992 4028 1257 4083 Nazareth
1290 4027 1434 4083 venit
1464 4028 1530 4081 ad
1558 4026 1797 4094 Caphar-

154 4140 382 4190 naum,
418 4122 490 4176 de
518 4120 894 4190 Capharnaum
930 4120 1095 4191 376
1121 4120 1174 4174 in
1205 4117 1514 4183 Bcthsaida,
1536 4118 1604 4172 de
1632 4117 1793 4172 Betho

153 4216 335 4268 said:
390 4212 455 4267 in
497 4210 834 4278 Jerusalem,
882 4225 1003 4281 qua:
1048 4211 1163 4265 loca
1210 4209 1584 4279 prospiciendo
1629 4208 1797 4277 magis

145 4306 587 4376 peccatoribus
628 4302 984 4369 circumibat,
1034 4318 1101 4358 ne
1147 4303 1324 4358 scelus
1365 4317 1520 4357 suum
1568 4300 1797 4370 pepulus

147 4405 522 4467 persecutor
551 4395 822 4463 impleret.
860 4394 1080 4447 Locusta
1109 4393 1253 4448 enim
1285 4406 1476 4446 manus
1504 4390 1800 4461 apprehen-

138 4491 373 4545 dentis
412 4474 659 4551 eviﬁns,
691 4485 1009 4557 quibusdam
1042 4484 1266 4539 saltibus
1290 4484 1507 4539 evolat:
1540 4483 1623 4537 cui
1656 4496 1715 4536 se
1744 4495 1799 4536 et

1896 3274 2026 3343 duas
2063 3298 2280 3343 naturas
2316 3290 2369 3342 in
2408 3288 2631 3341 Domino
2667 3286 2881 3341 Christo
2917 3286 3223 3341 salutariter
3258 3286 3479 3339 conﬁte-

1896 3389 2001 3434 tur.
2042 3379 2452 3435 Innumerabilia
2488 3379 2631 3434 enim
2671 3379 3195 3461 talia-reperiuntur,
3232 3393 3349 3447 qua:
3388 3394 3482 3431 ne-

1894 3487 2097 3549 quettnt
2134 3480 2235 3533 alia
2272 3480 2480 3535 ratione
2515 3488 2784 3535 constare.

1972 3571 2121 3628 Vers.
2163 3572 2256 3628 26.
2303 3572 2371 3626 Ut
2408 3573 2571 3627 sciant
2608 3574 2728 3644 quia
2766 3588 2948 3625 manus
2988 3580 3073 3625 tua
3110 3572 3258 3633 ha‘c;
3299 3579 3346 3624 et
3388 3582 3440 3623 tu
3468 3612 3481 3634 ,

1898 3663 2150 3729 Domine,
2185 3666 2348 3732 fecisti
2377 3682 2511 3720 eam.
2557 3665 2633 3719 Ne
2660 3666 2759 3719 sibi
2792 3666 3044 3719 Judaiens
3073 3666 3298 3733 populus
3329 3679 3481 3717 arru-

1897 3764 2048 3822 garet
2085 3766 2348 3827 potestate
2395 3756 2611 3827 propria
2657 3768 2997 3825 persecutum
3041 3756 3326 3809 Dominum
3366 3754 3484 3809 Sal-

1898 3855 2174 3910 vatoreut,
2221 3861 2314 3914 per
2356 3848 2406 3899 id
2451 3846 2591 3915 quod
2636 3862 2826 3916 passus
2855 3857 2939 3900 est
2967 3846 3097 3902 dicit
3128 3846 3437 3900 ad'Patrem
3466 3863 3481 3898 :

1898 3936 2084 3991 Sciant
2116 3937 2359 3991 homines
2391 3936 2529 3991 hanc
2555 3936 3008 4005 dispensationem
3042 3951 3068 3988 a
3102 3946 3154 3990 te
3174 3978 3187 3999 ,
3224 3938 3442 3989 Domine
3465 3977 3479 4001 ,

1900 4028 2065 4084 fuisse
2098 4038 2447 4099 praeparatam
2480 4048 2493 4085 :
2526 4045 2594 4083 ne
2634 4031 2905 4100 applicent
2944 4030 3091 4084 stulti
3134 4031 3333 4083 viribus
3370 4030 3482 4083 suis

1898 4121 2039 4190 quod
2073 4129 2125 4174 tu
2154 4120 2217 4173 ad
2248 4120 2474 4175 salutem
2504 4121 2685 4174 mundi
2717 4120 2831 4175 tieri
2860 4136 3048 4190 magna
3080 4122 3274 4188 pietate
3299 4120 3484 4173 decre-

1901 4211 2042 4265 visti.
2079 4210 2146 4265 Ut
2176 4212 2372 4277 sciant,
2400 4211 2561 4281 dicit,
2593 4219 2963 4281 persecutores
2990 4256 3003 4280 ,
3034 4212 3121 4281 qui
3171 4212 3353 4279 utique
3394 4226 3488 4265 ue«

1907 4304 2168 4359 sciebant.
2198 4304 2317 4371 Ipso
2341 4305 2484 4360 enim
2516 4314 2831 4375 resurgente
2860 4304 3260 4359 evidentissime
3290 4318 3491 4371 cogno-

1907 4404 2098 4448 verunt
2128 4412 2140 4447 :
2175 4395 2296 4464 quia
2330 4395 2432 4449 nisi
2467 4395 2726 4450 Dominus
2768 4396 3097 4463 permisisset
3128 4396 3263 4458 ﬁeri,
3290 4410 3494 4465 nequa-

1907 4502 2064 4557 quam
2114 4488 2373 4556 potuisset
2418 4488 2651 4557 impleri.
2702 4488 2976 4559 Sequitur,
3024 4490 3143 4557 quia
3186 4506 3364 4542 manus
3405 4498 3495 4542 tua

143 4592 427 4652 propter
476 4581 794 4649 parvitatem
842 4588 1158 4647 comparat,
1203 4586 1257 4633 et
1288 4587 1505 4646 propter
1552 4577 1802 4632 celerita-
1827 4550 1882 4613 Ῑ)
1906 4578 2048 4645 hwc,
2092 4579 2142 4633 id
2184 4591 2264 4633 est
2292 4590 2563 4650 potestas,
2596 4589 2649 4635 et
2680 4550 3108 4636 subaudiendum
3138 4592 3354 4649 aperata
3386 4592 3489 4637 est.

136 4691 272 4732 tem
315 4673 701 4731 discessionis
732 4674 991 4738 a~sociat;
1035 4670 1181 4742 quod
1223 4670 1507 4725 humilitati
1555 4686 1659 4724 non
1704 4685 1800 4738 po-
1981 4670 2136 4725 Vers.
2175 4671 2266 4724 2⁵1.
2302 4670 2612 4725 Malediccnt
2642 4670 2754 4738 illi,
2787 4680 2836 4726 et
2867 4681 2921 4725 tu
2954 4672 3251 4737 benedices;
3292 4674 3379 4737 qui
3417 4672 3498 4723 in-

135 4778 267 4824 tcst
306 4766 515 4821 videri
550 4762 679 4836 (ms.
704 4762 771 4819 (ἶ.
794 4806 808 4829 ,
841 4762 996 4835 esse]
1029 4762 1337 4819 indecorum
1362 4803 1377 4827 ,
1410 4761 1500 4831 qui
1540 4776 1599 4816 se
1638 4762 1800 4815 etiam
1908 4770 2125 4831 surgunt
2150 4761 2203 4814 in
2233 4778 2315 4816 me
2342 4764 2731 4832 confundantur
2759 4760 2892 4833 [ed.,
2917 4760 3315 4832 confttndmlttr]
3343 4802 3357 4825 ,
3392 4778 3498 4814 srr-

130 4862 489 4919 u-rmibus
526 4858 857 4927 comparavit
908 4857 1141 4913 dicendo
1182 4874 1194 4909 :
1232 4855 1343 4928 Ego
1384 4866 1498 4908 sum
1541 4855 1723 4909 vermis
1759 4862 1808 4907 ct
1911 4871 2001 4907 vus
2032 4865 2200 4908 autem
2228 4863 2346 4908 tuus
2380 4855 2654 4909 Ioa'abitur.
2701 4855 2803 4909 Per
2833 4856 3054 4923 figuram
3088 4854 3349 4926 syncrisin
3380 4871 3498 4923 qua:

129 4975 259 5011 non
300 4956 497 5008 homo
530 4950 719 5021 (Psal.
746 4966 866 5015 ut,
898 4951 974 5019 7).
1914 4948 1964 4999 in
1999 4945 2152 5013 hujus
2181 4946 2372 5015 psalmi
2407 4945 2669 5014 principio
2703 4945 2873 5014 posita
2902 4956 3004 5000 est.
3042 4944 3350 4999 Maledicent
3380 4946 3499 5009 illi,
3590 4936 3595 4939 ’

228 5048 445 5104 Vers.
480 5044 575 5098 23.
608 5042 784 5098 Genua
815 5058 927 5095 mea
959 5040 1219 5109 infirmata
1250 5048 1364 5092 sunt
1398 5053 1503 5107 pra:
1535 5036 1688 5107 [ηυδε.
1711 5038 1802 5102 A.,
1913 5038 2177 5107 signiﬁcat
2204 5052 2297 5093 eos
2327 5038 2393 5093 de
2420 5039 2614 5107 quibus
2648 5037 2930 5091 Mattlneus
2971 5053 3141 5107 evnng
3180 5037 3214 5091 li
3251 5048 3299 5089 ta
3330 5037 3459 5092 dicit
3486 5055 3499 5089 :

124 5148 235 5207 3,,
257 5139 337 5211 α]
364 5137 617 5209 jejunio,
650 5145 695 5188 et
722 5151 842 5188 caro
864 5149 976 5187 utea
999 5134 1269 5186 immutata
1288 5142 1359 5185 cst
1385 5138 1591 5199 prapter
1618 5130 1803 5183 oleum.
1916 5126 2257 5182 Transeuntes
2297 5137 2466 5182 autem
2498 5128 2913 5197 blasphemabant
2943 5144 3060 5203 eum
3081 5173 3094 5195 ,
3129 5137 3380 5181 moventes
3415 5144 3500 5179 ca-

118 5236 299 5290 σητη
351 5226 676 5296 Evangelia
706 5233 843 5280 teste
872 5223 1089 5297 (Matth.
1115 5239 1188 5288 tv,
1210 5222 1270 5290 2)
1300 5220 1559 5275 doceatur
1584 5222 1806 5289 quadra-
1916 5223 2022 5286 pila
2054 5238 2145 5274 sua
2175 5222 2193 5291 (
2220 5219 2407 5273 Matth.
2435 5236 2580 5274 xxvrt
2602 5262 2615 5284 ,
2641 5220 2709 5274 ’59
2733 5224 2775 5287 ).
2806 5220 2963 5275 Pater
2992 5221 3183 5275 Filium
3216 5220 3462 5272 brnrdicit
3482 5260 3496 5283 ,

114 5332 317 5396 ginta
364 5319 584 5373 diebus
616 5328 671 5372 ct
700 5316 1050 5386 quadraginta
1098 5314 1345 5367 noctibus
1388 5312 1657 5365 Christum
1702 5311 1805 5365 Do-
1917 5331 2036 5368 cum
2070 5313 2233 5368 dicit:
2270 5313 2333 5365 Et
2364 5314 2642 5381 ρίαν-ἱρεαυὶ
2665 5354 2678 5377 ,
2709 5322 2753 5366 et
2786 5316 2965 5366 iterant
2998 5314 3287 5379 cluriﬁmbo
3320 5310 3495 5382 (Joan.

112 5421 406 5475 minuas
464 5408 739 5478 jejunasse
762 5454 775 5476 ,
821 5424 987 5479 genua
1029 5416 1206 5460 tamen
1238 5405 1354 5475 ejus
1385 5404 1646 5471 infirmata
1686 5418 1808 5459 esse
1916 5425 2019 5473 χιι,
2046 5408 2164 5477 9.8).
2196 5406 2300 5462 Sed
2334 5407 2454 5461 vide
2486 5407 2573 5472 qui
2607 5407 2938 5469 maledicent,
2966 5406 3050 5474 qui
3086 5408 3221 5472 pleni
3255 5414 3379 5457 sunt
3408 5405 3502 5457 fal-

112 5528 252 5565 ιεοη
303 5502 586 5571 legimus
606 5546 620 5567 ,
650 5500 745 5554 sed
775 5509 979 5554 tantum
1009 5499 1272 5553 csuriissc
1299 5497 1622 5551 declaratur.
1659 5496 1808 5551 Unde
1914 5500 2093 5563 sitate,
2124 5498 2210 5565 qui
2240 5496 2531 5549 crudeliter
2557 5495 2865 5559 smriebant,
2891 5495 2980 5563 qui
3011 5495 3203 5546 malum
3236 5510 3330 5558 pro
3364 5495 3503 5547 [nmo

106 5608 163 5663 si
215 5608 425 5657 hanc
470 5594 702 5647 t‘SUtiettt
748 5594 813 5647 ad
854 5607 1029 5663 genua
1070 5591 1311 5655 releras,
1356 5589 1405 5643 id
1449 5600 1531 5643 est
1568 5589 1810 5663 corporis
1919 5590 2141 5644 reddere
2173 5587 2515 5642 festinabant.
2562 5586 2831 5640 ltenedirit
2880 5596 3058 5639 autem
3109 5585 3266 5638 Pater
3300 5584 3417 5639 fons
3448 5599 3501 5639 et

102 5662 599 5753 saturitatem,
645 5686 839 5755 quibus
860 5662 1075 5753 semper
1118 5681 1435 5747 insistimus,
1464 5690 1638 5751 potest
1684 5662 1802 5735 con-
1918 5682 2069 5749 origo
2102 5679 2341 5733 veritatis
2365 5719 2380 5740 ,
2418 5680 2579 5733 totius
2610 5687 2797 5731 auctor
2828 5677 3079 5731 bonitatis
3101 5716 3115 5740 ,
3146 5688 3198 5731 et
3249 5679 3502 5730 virtutum

108 5793 485 5865 gruentcr
511 5782 677 5847 aptari
711 5779 886 5834 minus
919 5796 929 5832 :
964 5778 1068 5833 nisi
1104 5777 1205 5832 hoc
1247 5775 1553 5844 scrupulum
1593 5786 1767 5833 movet
1793 5815 1807 5840 ,
1919 5776 2158 5831 omnium
2210 5773 2510 5842 plenitudo.
2561 5770 2949 5829 Admirandum
2993 5772 3045 5828 iu
3088 5780 3313 5843 utraque
3353 5780 3507 5842 parte
