4032 6176
526 359 616 413 791

1733 361 1800 414 Μ.
1847 358 2119 414 Αυιιειιι
2158 356 2554 412 ωδδιοιιιιιιι

3680 361 3786 417 799.

527 475 893 544 prtecouintu;
928 486 982 526 ut
1011 482 1067 527 et
1095 474 1331 542 periidus
1375 475 1602 542 poi-olus
1646 474 2021 540 malediceret,
2055 482 2106 525 et

2213 474 2560 538 asperrimam
2617 474 3068 549 dissolutionem]
3124 477 3414 539 liberatur,
3466 475 3602 530 sicut
3653 475 3790 530 dicit

526 570 793 622 Clu-istum
831 568 1110 620 llotninum
1142 566 1310 635 gloria
1353 578 1571 634 paterna
1622 568 1882 622 laudaret.
1939 569 2073 621 Addi

524 660 632 720 dit,
681 660 768 727 qui
820 660 1010 726 insurgt
1036 669 1087 709 ut
1130 659 1180 710 in
1224 675 1302 710 me
1342 660 1742 726 confundantur.
1787 658 1956 713 Judazi
1985 672 2105 713 sunt

529 751 618 818 qni
667 753 1052 804 insit-restem"!
1099 752 1360 805 adversus
1401 751 1686 806 Dominutn
1728 751 2060 805 Salvatnrem
2089 792 2104 815 ,

531 853 589 894 ut
617 842 735 896 neci
763 858 884 896 eum
917 842 1228 907 traderent,
1263 843 1350 911 qui
1382 842 1448 895 ad
1479 858 1572 897 eos
1605 853 1824 896 venerat
1871 858 1969 909 pro
2008 858 2101 894 sua

524 934 721 998 pietate
752 935 1056 987 salvan-los.
1091 935 1177 988 lsti
1209 936 1410 1002 confusi
1435 944 1591 999 sunt,
1627 935 1832 997 ιςιιτιιιάιι
1863 950 2104 988 ταωνι-θ-

525 1025 718 1080 ctionis
748 1028 862 1094 ejus
895 1027 1148 1080 miracula
1181 1043 1377 1095 cogam
1392 1036 1567 1081 erunt.
1614 1029 1886 1094 Sequitur,
1933 1045 2103 1081 seruus

522 1130 691 1173 autem
719 1130 834 1174 tuus
865 1121 1140 1174 thabitur.
1174 1123 1537 1188 Agttnscamus
1565 1135 1684 1189 qua:
1718 1131 1900 1174 natura
1933 1123 2104 1189 loqui-

525 1219 630 1274 tur,
677 1228 796 1278 qua!
838 1227 896 1265 se
940 1212 1072 1264 dicit
1109 1221 1164 1264 et
1203 1229 1421 1265 servum.
1467 1211 1712 1280 Nunquid
1755 1211 1894 1266 Deus
1928 1223 2104 1280 potest

524 1314 646 1355 esse
676 1303 920 1371 cuiquam
944 1304 1278 1357 srrrns?Si-d
1306 1305 1354 1355 in
1383 1304 1481 1355 hoc
1503 1319 1676 1356 servus
1705 1313 1787 1357 est
1807 1345 1821 1364 ,
1853 1304 1987 1357 sicut
2017 1304 2100 1358 tli-

532 1393 604 1445 cit
635 1394 966 1460 Apostolus:
1015 1394 1132 1460 (pia
1180 1395 1504 1462 temetipsum
1555 1396 1830 1447 exinanirit
1881 1395 2101 1464 formam

526 1485 655 1537 servi
685 1488 939 1556 decipiens
971 1485 1193 1555 (Philip.
1226 1503 1260 1539 tt
1281 1527 1295 1550 ,
1325 1488 1403 1554 7).
1434 1487 1524 1541 Sic
1553 1497 1608 1541 et
1637 1488 1798 1542 Isaias
1842 1489 2098 1557 propheta

525 1579 592 1631 de
619 1577 835 1632 Christo
863 1579 992 1630 dicit
1020 1595 1031 1629 :
1077 1577 1206 1632 Ecce
1245 1594 1415 1632 servus
1447 1596 1618 1645 meus,
1644 1582 1916 1646 suscipiam
1945 1599 2058 1635 eum
2084 1571 2130 1644 ;’

523 1669 712 1721 electus
753 1686 892 1722 meus
913 1710 928 1734 ,
952 1669 1262 1740 comp/aruit
1287 1672 1383 1724 sibi
1431 1673 1482 1726 in
1514 1689 1572 1726 ea
1599 1674 1774 1726 anima
1803 1690 1912 1726 mea
1942 1672 2094 1744 (lani.

521 1777 625 1814 χιιι
649 1802 663 1826 ,
701 1763 784 1832 ι),
817 1772 919 1815 etc.
959 1763 1216 1818 Desinant
1255 1779 1384 1834 ergo
1425 1765 1657 1820 haeretici
1707 1767 1966 1821 minorem
2013 1767 2098 1820 Fi-

530 1852 658 1904 liutn
695 1854 744 1906 in
775 1854 972 1908 deitate
1003 1855 1237 1918 sentire,
1271 1855 1485 1922 quando
1527 1857 1606 1910 sic
1645 1871 1956 1924 expressam
1997 1872 2093 1910 au-
2131 1857 2174 1914 Β

520 1943 675 1996 diunt
705 1943 1058 1999 humilitatem
1100 1947 1311 2009 carnis,
1356 1957 1410 1998 ut
1451 1956 1504 2000 et
1545 1962 1739 2000 nomen
1769 1947 1816 2000 ei
1849 1947 1922 2000 sit
1963 1946 2104 2016 posi-

521 2049 630 2090 tum
665 2040 956 2094 servitutis.

593 2129 746 2184 Vers.
777 2130 811 2184 2
900 2128 1197 2184 Induantur
1221 2133 1308 2199 qui
1334 2131 1604 2184 detrahunt
1635 2132 1760 2185 mihi
1792 2133 2102 2195 reverentia,

519 2230 562 2272 et
595 2221 895 2287 operiuntur
926 2222 1054 2274 sicut
1093 2222 1321 2292 diploide
1361 2222 1660 2290 confusione
1688 2232 1806 2278 sua.
1852 2225 1946 2276 llic
1975 2239 2107 2293 quu-

519 2318 664 2365 nlam
700 2313 878 2380 populi
922 2313 1146 2367 interest
1184 2313 1468 2376 (redituri,
1511 2314 1682 2368 oratio
1723 2315 1898 2382 potius
1945 2329 2102 2384 quam

519 2403 822 2458 maledictio
863 2405 1038 2458 datur.
1080 2403 1213 2458 Nam
1255 2405 1344 2474 qui
1387 2407 1667 2460 reverentia
1699 2407 1952 2473 induitur,
1993 2407 2102 2474 jam

519 2511 656 2564 pcue
683 2495 1054 2550 conversionis
1095 2512 1318 2551 munere
1353 2497 1694 2568 gratulatur;
1742 2506 1798 2551 ut
1840 2498 1986 2550 illum
2033 2498 2096 2550 ti-

519 2598 664 2643 meat
712 2589 912 2653 Dcum,
965 2605 1122 2658 quem
1175 2590 1320 2656 prius
1370 2587 1624 2643 credebat
1667 2588 1936 2643 hominem
1983 2604 2104 2642 esse

521 2683 887 2737 temnentlum.
925 2681 1164 2752 Diplois,
1198 2683 1392 2751 duplex
1421 2697 1594 2750 genus
1631 2691 1713 2737 est
1753 2683 1919 2750 pallii.
1965 2683 2106 2737 Petit

519 2790 646 2844 ergo
677 2784 734 2828 ut
766 2776 1043 2845 utriusque
1077 2775 1207 2846 legis
1258 2775 1611 2846 intelligentia
1653 2777 1971 2839 vestiantur,
2016 2776 2102 2844 qui

520 2881 661 2921 nunc
693 2876 917 2936 utraque
950 2866 1167 2935 perﬁdia
1200 2867 1429 2922 faciente
1460 2867 1644 2922 nudati
1671 2877 1813 2922 sunt.
1861 2866 2106 2935 Con/asia

520 2959 661 3013 enim
691 2959 998 3013 .lutlazorum
1031 2970 1115 3014 est
1149 2961 1316 3027 legem
1351 2975 1456 3014 non
1497 2960 1826 3029 intelligere,
1861 2974 1980 3029 qua:
2024 2968 2105 3013 to-

520 3053 620 3107 ties
651 3053 774 3107 Salv
797 3061 901 3105 'tur
937 3069 986 3105 ιιι
1023 3053 1306 3106 Dominum
1342 3053 1624 3121 princiuuit
1663 3053 1938 3105 advenire.
1982 3052 2105 3105 Sive

520 3144 644 3198 illud
675 3159 842 3214 genus
877 3147 990 3198 vult
1020 3144 1320 3212 exprimere
1342 3184 1356 3208 ,
1386 3144 1526 3214 quod
1557 3143 1694 3197 solet
1725 3143 1774 3196 in
1807 3144 2014 3212 prover!
2037 3143 2103 3196 iis

520 3237 656 3296 dici;
705 3237 754 3289 id
787 3244 904 3300 est,
949 3235 1282 3290 confusionis
1328 3237 1528 3305 duplici
1580 3236 1739 3305 pallio
1781 3236 2099 3299 vestiantur,

521 3329 644 3383 dum
675 3338 800 3382 ante
827 3327 993 3382 Deum
1022 3337 1078 3382 et
1107 3326 1350 3381 homines
1381 3327 1723 3381 erubescunt.

594 3421 747 3475 Vers.
789 3420 880 3475 29.
923 3419 1212 3487 Confitebor
1253 3418 1473 3472 Domino
1503 3417 1654 3470 nimis
1684 3419 1735 3470 in
1766 3433 1851 3471 ore
1877 3433 1989 3470 meo
2009 3458 2023 3480 ,
2058 3424 2106 3468 et

523 3515 573 3567 in
605 3513 770 3566 medio
803 3513 1081 3565 multorum
1110 3511 1334 3564 laudabo
1363 3525 1498 3564 eum.
1535 3510 1646 3564 lloc
1677 3509 1872 3563 dicitur
1897 3524 1925 3562 a
1953 3517 2106 3576 parte

525 3605 920 3667 membrorum,
965 3602 1215 3672 quoniam
1258 3611 1378 3672 post
1417 3601 1826 3656 resurrectionis
1886 3599 2098 3652 manife-

524 3695 809 3749 stationem
843 3703 953 3748 toto
981 3693 1110 3748 orbe
1141 3691 1384 3746 diﬂ‘usam
1416 3690 1532 3760 ipse
1559 3691 1898 3760 deprecatur,
1929 3699 1983 3744 et
2012 3703 2108 3743 ore

527 3783 784 3840 Ecclesia:
830 3783 1107 3838 catholica:
1149 3782 1418 3838 confessio
1449 3783 1590 3837 Patri
1619 3791 1928 3851 competens
1957 3782 2107 3835 exhi-

525 3875 701 3929 betur.
733 3872 799 3927 ln
830 3875 994 3927 medio
1020 3873 1293 3928 multorum
1314 3917 1328 3941 ,
1357 3871 1709 3927 universalem
1738 3872 1978 3941 designat
2005 3869 2106 3925 Ec-

526 3968 764 4031 clesiam,
788 3982 908 4036 qnze
940 3966 1124 4021 laudes
1147 3965 1380 4029 Domini,
1411 3964 1771 4034 circumjectis
1791 3963 1964 4017 adhuc
1989 3978 2108 4032 per-

531 4060 674 4126 ﬁdis,
709 4074 813 4112 non
844 4059 1039 4113 desinit
1080 4057 1344 4112 conﬁteri.
1398 4057 1645 4122 Quandiu
1689 4055 1832 4110 enim
1878 4056 2107 4109 mundus

527 4151 721 4220 agitur,
756 4151 992 4205 Ecclesia
1023 4149 1220 4204 Clll'lSll
1259 4149 1639 4205 maledicorum
1681 4147 1835 4202 turba
1878 4147 2102 4216 praecin-

527 4244 685 4310 gitur.
1246 4259 1250 4264 '

601 4334 754 4388 Vers.
789 4332 873 4388 '50.
913 4333 1046 4400 Quia
1073 4334 1235 4388 astitit
1265 4349 1298 4386 a
1325 4333 1520 4386 dextris
1548 4333 1806 4403 pauperis,
1837 4341 1891 4385 ut
1915 4331 2110 4385 saluam

529 4428 714 4491 {caret
745 4442 776 4477 a
805 4425 1220 4496 persequentibus
1249 4425 1472 4477 animam
1502 4440 1686 4477 meam.
1721 4421 1947 4476 Causam
1976 4421 2106 4477 dicit

527 4531 690 4579 quare
734 4515 872 4570 Patri
913 4515 964 4569 in
1009 4516 1263 4570 membris
1304 4516 1415 4570 suis
1454 4515 1649 4569 debeat
1690 4514 1970 4576 conlitezi;
2001 4515 2106 4568 sci-

529 4605 654 4660 licet
681 4608 933 4676 quoniam
965 4606 1204 4661 confusis
1239 4607 1671 4674 persecutoribus
1715 4608 1828 4674 ipse
1871 4607 2106 4660 salvatus

529 4706 630 4752 est.
665 4697 922 4766 Superius
953 4697 1086 4751 dixit
1115 4711 1143 4748 a
1175 4695 1380 4750 dextris
1407 4695 1554 4750 Judze
1585 4705 1761 4751 astare
1791 4697 2058 4750 diabolum
2087 4736 2102 4762 ,

529 4792 780 4857 quoniam
811 4799 927 4842 erat
953 4789 1271 4844 delictorum
1301 4787 1429 4842 hcce
1469 4788 1702 4856 pollutus
1731 4803 1745 4852 ;
1787 4789 1888 4841 sibi
1931 4797 2106 4841 autem

529 4882 658 4936 dicit
685 4883 902 4935 astitisse
931 4897 961 4933 a
991 4880 1181 4933 dextris
1223 4879 1470 4943 Patrem,
1517 4881 1635 4948 quia
1687 4889 1955 4946 peccatum
2003 4895 2107 4933 non

531 4971 734 5025 habuit.
767 4971 854 5026 Sic
884 4980 935 5026 et
969 4971 1216 5026 lidclibus
1246 4971 1486 5039 assistit,
1518 4987 1638 5025 cum
1671 4972 1859 5026 delicta
1893 4973 2113 5026 remittit

532 5063 672 5134 [ed.,
701 5062 1022 5134 remiserit].
1059 5063 1332 5132 Sequitur,
1370 5074 1423 5117 ut
1451 5063 1644 5118 salvam
1673 5068 1861 5133 faceret
1886 5081 1917 5116 a
1946 5080 2114 5134 perse-

531 5155 793 5223 quentibus
810 5155 1036 5206 animam
1055 5170 1234 5207 meam.
1257 5153 1450 5224 Utique
1474 5156 1614 5206 salva
1640 5156 1776 5224 ['acta
1805 5165 1876 5208 est
1893 5172 1923 5206 ιι
1947 5173 1992 5223 ρι
2010 5172 2114 5208 rse-

532 5247 794 5316 quentibus
823 5248 993 5298 anima
1022 5247 1155 5314 ejus,
1193 5246 1406 5314 quando
1430 5254 1830 5311 persctutorum
1863 5248 2112 5316 nequitia:

532 5339 674 5393 nulla
709 5339 966 5406 pravitate
996 5337 1290 5391 consensit.
1344 5337 1452 5389 Hoc
1502 5346 1557 5388 et
1609 5337 1671 5388 ad
1715 5338 1951 5388 membra
1998 5339 2113 5402 ejus

533 5437 900 5499 eonipe'enter
951 5435 1184 5496 aptatur,
1241 5427 1329 5494 qui
1385 5427 1629 5481 nesciunt
1685 5429 2115 5496 persecutoribus

536 5521 759 5582 cedere,
793 5519 951 5588 377
994 5517 1236 5587 quamvis
1265 5517 1490 5572 diversis
1531 5518 1850 5572 cruciatibus
1879 5518 2119 5587 afﬂigan-

538 5620 644 5663 tur.
688 5613 798 5664 b‘on
831 5611 971 5665 enim
1002 5613 1142 5664 salva
1173 5611 1230 5679 ﬁt
1267 5611 1472 5673 anima,
1519 5612 1730 5678 quando
1769 5627 1796 5662 a
1843 5611 2118 5676 temporali

543 5717 713 5758 morte
753 5706 1063 5760 subd-citur
1094 5722 1107 5758 ε
1139 5707 1234 5760 sc.l
1269 5705 1484 5774 quando
1514 5705 1581 5758 ab
1609 5704 1764 5772 hujus
1793 5702 1971 5756 saeculi
2004 5718 2120 5756 car-

546 5807 670 5848 cere
710 5797 1062 5863 prosperrima
1103 5795 1451 5852 dissolutione
1494 5794 1646 5863 [mss.
1677 5797 1758 5860 .l.,
1786 5791 1871 5857 13.,
1901 5789 1992 5858 Κ,
2023 5807 2117 5862 per

2215 567 2498 630 Apostolus
2535 585 2546 616 :
2582 568 2868 631 Compellor
2906 580 3072 620 autem
3110 585 3173 622 ex
3207 570 3404 622 duobus
3434 571 3450 619 ἑ
3483 568 3792 620 desiderium

2209 659 2396 710 habens
2427 659 2636 711 dissolvi
2665 669 2712 713 et
2740 677 2848 713 esse
2887 677 3002 712 cum
3032 660 3257 725 Christo,
3302 662 3462 712 multo
3494 661 3653 730 magis
3683 677 3789 712 me-

2209 749 2308 800 lius
2334 765 2353 812 ,°
2381 765 2675 817 permanere
2712 764 2879 802 autent
2921 751 2972 802 in
3016 767 3167 803 carne
3203 751 3544 802 necessarium
3581 763 3791 820 propter

2208 857 2292 895 vos
2325 841 2560 913 (Philip.
2595 859 2642 906 ι,
2671 843 2740 897 ‘23
2766 845 2802 908 ).
2854 844 2918 895 Et
2957 844 3080 896 alibi
3113 860 3126 896 :
3171 843 3298 908 Quis
3337 860 3414 895 me
3455 844 3683 895 liberabit
3725 845 3792 895 de

2207 949 2418 999 corpore
2445 937 2621 986 mort’s
2654 936 2719 986 Im
2718 935 2848 1005 jus?
2879 935 3055 988 Gratia
3087 934 3188 987 Dei
3219 952 3302 1001 per
3327 932 3502 988 Iesum
3531 935 3789 987 Christum

2208 1025 2381 1095 (llam.
2414 1043 2512 1094 vit,
2541 1027 2604 1081 Ἡ
2626 1069 2639 1090 ,
2665 1027 2778 1095 25).

2736 1138 3008 1192 Conclusio
3035 1139 3238 1209 psalmi.

2277 1247 2504 1314 Quintus
2549 1250 2648 1302 iste
2691 1250 2922 1318 psalmus
2957 1260 3039 1304 est
3068 1267 3251 1302 eorum
3285 1254 3370 1319 qui
3406 1254 3670 1321 pf;l‘tilt'lls
3703 1273 3787 1311 re—

2205 1340 2343 1409 gulis
2386 1341 2536 1393 latius
2582 1341 2648 1395 de
2693 1341 2899 1396 Domini
2946 1343 3192 1409 passione
3237 1344 3392 1396 locuti
3442 1356 3585 1407 sunt,
3627 1350 3674 1399 nl
3707 1364 3787 1402 est

2207 1431 2494 1484 vicesimus
2537 1435 2760 1498 primus,
2796 1435 3094 1488 trices‘mus
3132 1447 3371 1502 quartus,
3403 1439 3786 1511 quinquagesi-

2207 1539 2322 1577 mus
2350 1541 2472 1594 qua:
2493 1537 2597 1589 tus,
2627 1529 2990 1590 scrape-imus
3017 1537 3256 1593 octavus,
3291 1539 3343 1581 et
3390 1546 3622 1596 pra-setis
3655 1549 3787 1588 cen-

2207 1617 2430 1670 tesimus
2454 1628 2697 1670 oetavns.
2735 1617 2911 1671 Primo
2943 1619 3327 1673 inchoaverunt
3357 1637 3541 1676 omnes
3571 1639 3632 1677 ex
3663 1641 3786 1694 per-

2204 1724 2334 1763 sona
2366 1709 2574 1762 Domini
2603 1709 2841 1775 Christi;
2871 1712 3108 1766 secundo
3132 1712 3198 1765 ab
3225 1715 3466 1768 oratione
3496 1717 3790 1782 probantur

2208 1800 2399 1855 fecisse
2430 1817 2769 1867 sermonem;
2817 1805 2978 1856 tertio
3025 1806 3289 1872 pas~ion7s
3329 1803 3610 1859 dominica:
3641 1821 3787 1877 gesra

2205 1894 2485 1957 dixerunt;
2527 1903 2718 1962 quarto
2770 1895 2949 1949 verbis
2999 1895 3266 1965 Evangelii
3317 1913 3507 1951 assona
3562 1901 3788 1956 veritate

2208 1983 2585 2046 consentiunt;
2619 1984 2806 2052 quinto
2835 1984 2888 2038 in
2930 2000 3025 2052 Spe
3060 1986 3296 2041 ﬁdelium
3329 2003 3516 2058 magna
3552 1989 3790 2044 exsultai

2209 2073 2352 2127 tione
2381 2073 2513 2126 ﬁniti
2557 2086 2681 2128 sunt
2707 2092 2719 2126 :
2746 2083 2802 2128 ut
2829 2078 3053 2146 mystico
3083 2077 3203 2132 huic
3237 2095 3480 2148 numero,
3511 2083 3596 2150 qui
3635 2085 3787 2151 quin-

2207 2179 2308 2232 que
2351 2164 2649 2232 virginibus
2702 2165 2861 2219 datns
2909 2177 3014 2232 est,
3057 2169 3290 2239 quinque
3332 2171 3481 2225 libris
3525 2175 3786 2242 ascriptus

2206 2265 2308 2320 est,
2339 2256 2567 2323 dignitas
2590 2272 2649 2311 se
2676 2261 2957 2326 praesentis
2985 2260 3170 2326 psalmi
3197 2261 3396 2314 sociata
3418 2263 3784 2332 conjungeret.

2206 2347 2309 2400 Sed
2339 2362 2582 2415 quamvis
2624 2355 2678 2400 et
2720 2348 2807 2400 illa
2849 2355 2956 2402 sint
3001 2349 3190 2404 salutis
3230 2362 3426 2406 nostra:
3460 2369 3647 2424 magna
3687 2357 3787 2408 mi-

2209 2443 2410 2507 racula,
2445 2443 2575 2496 nihil
2621 2454 2798 2498 tamen
2845 2443 3165 2510 evidentius,
3201 2447 3328 2505 nibil
3370 2455 3641 2516 acceptius
3681 2461 3784 2517 est,

2208 2551 2367 2602 quam
2402 2535 2661 2590 incarnati
2697 2536 2900 2590 Domini
2928 2537 3252 2592 adorandam
3285 2541 3558 2608 suscipere
3583 2541 3786 2610 passio-

2210 2644 2351 2682 nem.
2386 2629 2576 2682 Omnia
2605 2641 2928 2700 congruunt,
2957 2630 3135 2686 omnia
3169 2629 3268 2685 sibi
3305 2632 3477 2686 lucida
3523 2633 3788 2701 parilitate

2211 2721 2554 2785 respondem-
2585 2721 2744 2789 Virgo
2773 2725 3000 2793 peperit,
3031 2724 3250 2778 Messias
3279 2723 3440 2788 venit,
3475 2728 3654 2790 Agnus
3687 2723 3785 2777 im-

2209 2814 2502 2869 maculatus
2551 2816 2761 2870 occisus
2807 2825 2911 2875 est.
2957 2815 3281 2885 Redemptor
3323 2819 3550 2872 surrexit
3582 2833 3610 2868 a
3646 2833 3784 2870 nmr-

2211 2908 2333 2971 tuis,
2377 2906 2526 2961 orbis
2557 2907 2734 2960 audita
2765 2907 3009 2972 credidit,
3042 2917 3095 2962 et
3129 2908 3306 2962 adhuc
3333 2907 3548 2962 Jndams
3576 2907 3784 2963 simulat

2209 3013 2268 3052 se
2297 2998 2506 3051 nescire
2544 2997 2686 3067 quod
2723 3009 2866 3054 totus
2910 3001 3139 3053 unm-Ius
3166 3001 3400 3068 agnoiit.
3433 3001 3654 3060 Pimsta,
3689 2999 3785 3053 Do-

2210 3096 2372 3161 mine,
2415 3096 2698 3150 obstinatis
2737 3097 3168 3160 conversionem,
3201 3097 3377 3150 lumen
3415 3095 3681 3157 obscuris,
3712 3097 3786 3148 in-

2133 3227 2176 3288 C
2207 3187 2437 3242 credulis
2463 3187 2654 3288 ﬁdem;
2679 3199 2736 3242 ut
2761 3205 2857 3258 pro
2880 3189 3072 3256 quibus
3103 3189 3154 3243 in
3187 3204 3347 3243 cruce
3379 3189 3580 3258 pOslltIS
3603 3189 3781 3250 orasti,

2211 3271 2637 3347 periclitantibus
2669 3278 2959 3334 subvenire
2987 3279 3245 3346 digneris.
3279 3280 3408 3333 Nam
3439 3279 3633 3347 quibus
3663 3292 3786 3331 sua-

2208 3371 2336 3425 dere
2353 3370 2492 3439 justa
2517 3387 2622 3425 non
2646 3386 2951 3440 possumus,
2974 3382 3118 3426 recte
3146 3387 3242 3441 pro
3265 3372 3370 3426 illis
3396 3371 3512 3438 tibi,
3538 3371 3782 3436 Domine,

2209 3461 2593 3532 supplicamus.

2495 3597 2852 3652 EXPOSITIO
2892 3598 2954 3652 IN
2995 3597 3323 3654 PSALMUM
3358 3596 3490 3652 CIX.

2771 3713 3006 3768 Psalmns
3048 3713 3232 3769 David.

2280 3823 2452 3878 Verba
2483 3825 2695 3894 quidem
2740 3827 2835 3879 ἱειί
2880 3827 3154 3880 notissima
3186 3837 3330 3886 sunt,
3366 3843 3482 3894 quze
3525 3828 3667 3881 velut
3696 3841 3790 3896 pro

2209 3918 2409 3985 seripto
2439 3918 2603 3987 regali
2639 3930 2930 3984 praznotata
2974 3919 3176 3974 l'oribus
3220 3920 3524 3987 adiguntur.
3559 3919 3662 3973 Sed
3694 3920 3792 3972 iste

2211 4008 2394 4062 titulus
2425 4023 2529 4062 non
2577 4009 2707 4064 dicit
2738 4025 2750 4062 :
2782 4008 2921 4078 Lege
2966 4021 3018 4063 et
3056 4009 3274 4072 recede;
3308 4011 3422 4072 sed,
3457 4008 3595 4076 Lege
3622 4019 3675 4062 et
3704 4023 3793 4061 ac-

2209 4098 2362 4155 cede.
2396 4100 2734 4169 Quapropter
2758 4101 3018 4170 tuagnalia
3052 4101 3257 4155 Domini
3289 4108 3608 4154 venerantur
3631 4102 3794 4153 intre-

2209 4211 2353 4262 mus,
2393 4196 2514 4261 quia
2558 4197 2775 4248 omnino
2809 4197 3040 4262 psalmus
3071 4195 3155 4248 hic
3185 4205 3237 4248 et
3267 4196 3333 4248 de
3363 4209 3512 4246 sacra
3546 4194 3798 4246 incarna-

2212 4289 2357 4340 tione
2405 4287 2634 4349 Domini,
2654 4270 2718 4341 et
2751 4287 2815 4340 de
2845 4285 3193 4353 omnipotenti
3227 4286 3341 4353 eius
3371 4286 3570 4338 deitate
3600 4285 3804 4352 plenis-

2211 4381 2347 4434 sime
2375 4379 2713 4449 breviterque
2746 4381 2984 4434 dicturus
3015 4388 3123 4443 est;
3152 4390 3207 4432 ut
3239 4379 3289 4432 in
3317 4378 3636 4447 quihusdam
3665 4377 3802 4430 locis

2211 4471 2372 4524 simili
2420 4470 2702 4524 altitudine
2742 4471 2822 4524 vel
2867 4470 3084 4534 dcenre,
3132 4471 3282 4524 initio
3333 4470 3490 4546 illius
3517 4468 3801 4537 Evangelii

2135 4591 2188 4660 Β
2213 4572 2485 4618 cruciatus
2530 4578 2649 4618 esse
2697 4563 2965 4627 videatur,
3013 4564 3103 4618 ubi
3145 4565 3257 4617 ait:
3295 4563 3358 4617 In
3399 4564 3648 4634 principio
3687 4576 3802 4618 erat

2221 4657 2464 4725 Verbum,
2507 4671 2552 4712 et
2600 4659 2822 4712 Verbum
2867 4669 2973 4713 erat
3013 4660 3154 4730 apud
3201 4659 3382 4726 Deum,
3414 4669 3462 4712 et
3506 4658 3640 4710 Deus
3687 4670 3802 4712 erat

2223 4749 2443 4805 Verbum
2475 4751 2653 4821 (Joan.
2687 4769 2722 4817 ι,
2761 4753 2833 4822 1).
2863 4754 3196 4820 Quapropter
3224 4753 3301 4822 (ut
3333 4754 3400 4804 ita
3433 4751 3681 4818 dixerim)
3717 4760 3802 4803 est

2216 4842 2430 4908 quidam
2476 4843 2553 4895 sol
2592 4842 2712 4895 lidei
2757 4853 2972 4904 nostrze,
3021 4843 3295 4909 speculum
3325 4839 3561 4915 etelestis
3590 4839 3798 4906 arcani,

2218 4932 2505 4985 armarium
2538 4943 2838 4984 sanctarum
2868 4932 3264 4999 Scripturarutn
3293 4949 3304 4983 :
3333 4931 3417 4982 ubi
3449 4940 3614 4983 totum
3650 4945 3801 4983 sum-

2222 5023 2404 5076 matim
2443 5022 2638 5076 dicitur
2667 5021 2806 5091 quod
2856 5024 3130 5088 utriusque
3172 5022 3498 5076 Testamenti
3538 5019 3797 5086 prmdiCa-

2221 5114 2364 5165 tione
2414 5124 2679 5165 narratur.
2735 5112 3069 5179 Quapropter
3113 5110 3340 5165 amando
3389 5109 3649 5162 tenendus
3691 5117 3793 5170 est,

2219 5203 2372 5271 Cujus
2398 5203 2623 5257 dulcedo
2651 5207 2843 5258 crescit
2879 5203 2944 5256 ad
2987 5203 3258 5266 meritum,
3291 5201 3429 5272 quod
3461 5211 3513 5253 et
3542 5214 3795 5268 compen-

2219 5291 2369 5346 diosa
2421 5293 2680 5346 brevitate
2725 5293 3014 5361 colligitur.
3061 5291 3210 5346 Nuuc
3255 5291 3564 5344 divisionem
3604 5288 3790 5358 ipsius,

2219 5386 2469 5452 quoniatu
2502 5395 2583 5439 est
2617 5401 2964 5453 personarum
2994 5385 3250 5441 varietate
3275 5383 3577 5447 distinctus,
3609 5381 3794 5436 audia-

2223 5493 2342 5530 mus
2369 5475 2634 5545 intrepidi.

2784 5591 2977 5645 Divisio
3006 5592 3210 5661 psalmi.

2291 5702 2672 5757 Sanctissimus
2707 5703 2964 5772 pmpbeta
2993 5702 3044 5756 in
3077 5712 3340 5758 secretum
3371 5700 3648 5756 altissima:
3671 5712 3788 5758 eos.

2227 5792 2588 5863 templationis
2617 5803 2851 5858 evettus,
2901 5792 2950 5847 in
2994 5794 3165 5863 primo
3209 5808 3363 5849 versu
3410 5789 3785 5850 inaestimabilis
