3966 6172
273 327 380 394 793'

1209 328 1574 388 EXi‘USlTiU‘
1606 331 1668 384 lN
1711 329 2168 388 ι’δειιπιλιιιέιι.
2215 329 2404 385 PSA'L.
2445 331 2579 386 CIX.

3409 327 3504 378 79:

274 456 420 509 verba
455 440 638 521 ruit-rt,
681 471 797 521 qum
828 451 1166 514 titttnipotens
1215 448 1368 499 Pater
1403 443 1753 510 ottttri,.otettti
1783 453 1832 495 et
1867 449 1913 505 Α
1948 448 1956 487 i
1984 446 2286 498 tttttttttitali~
2317 445 2481 513 gloria
2509 446 2831 499 declaretur.
2864 445 2993 498 Nam
3021 445 3240 498 ‘verbum
3265 444 3360 496 hoc
3383 443 3508 498 illud

271 557 532 600 comet-no
560 545 659 598 sibi
692 543 827 596 Filio
850 540 1065 602 dixerit,
1095 547 1336 592 naturam
1361 536 1516 588 simul
1543 534 1762 586 Deitatis
1782 544 1837 587 et

273 636 610 689 humanitatis
639 631 948 687 ostendens.
995 630 1124 682 Nam
1165 643 1286 682 cum
1329 626 1652 694 pronuntiat,
1695 623 1838 677 Dia-it

271 725 516 779 Dommtts
542 725 756 776 Domino
787 736 916 783 meo,
944 729 1184 773 naturam
1213 716 1328 786 ejus
1349 715 1562 768 dt-itatis
1582 713 1834 766 ostendit.

268 820 390 874 Cum
438 816 732 886 subjungit,
787 814 921 882 Sed;
967 829 998 864 ιι
1046 811 1238 864 dextris
1277 809 1418 870 meis,
1451 809 1611 859 donec
1652 821 1837 870 ponam

265 911 491 964 inimicos
540 922 652 961 tuos
699 904 975 959 scabetlum
1017 903 1200 971 pedum
1243 910 1476 961 tuorum;
1516 907 1589 956 et.
1627 895 1836 963 Virgam

264 1004 456 1055 rirttttis
487 1013 584 1052 tute
612 1000 798 1052 emittet
836 995 1086 1049 Dominus
1117 1009 1178 1046 ea:
1215 993 1362 1055 Sion,
1411 999 1456 1044 et
1499 986 1836 1041 dominaberis

263 1095 308 1146 in
349 1093 519 1144 medio
561 1091 883 1142 inimicorum
925 1096 1147 1146 tuorum,
1179 1082 1519 1135 humanitatis
1560 1080 1674 1147 ejus
1712 1078 1840 1131 sub-

261 1184 452 1238 stantia
504 1183 836 1244 declaratur,
884 1195 1002 1248 qua:
1050 1175 1222 1244 potuit
1267 1174 1407 1241 quod
1457 1189 1560 1226 non
1613 1171 1839 1225 habe-bat

257 1275 519 1342 acciper.-.
568 1275 621 1326 lu
671 1269 902 1325 secunda
947 1283 1074 1322 vero
1117 1267 1382 1320 divisione
1421 1265 1640 1318 inchoat
1686 1265 1840 1315 l’ater

258 1375 499 1417 naturam
526 1363 641 1431 ejus
663 1360 954 1415 dLvinitatis
983 1373 1078 1428 pro
1103 1357 1317 1411 modulo
1346 1355 1839 1422 ttostraarcapacita-

257 1459 320 1510 t'rs
350 1456 688 1524 aliquatenus
720 1453 986 1510 indicare.
1039 1451 1172 1504 Dicit
1201 1465 1266 1503 en
1294 1466 1341 1501 ιιι
1380 1465 1390 1499 :
1423 1447 1609 1501 Tecum
1649 1447 1838 1514 princi-

257 1547 392 1617 pium
422 1550 476 1599 in
504 1546 588 1598 die
616 1547 810 1598 rirtutis
842 1555 940 1597 tua:
960 1544 1014 1596 in
1039 1541 1395 1609 splendoribus
1423 1549 1708 1594 εαιιειιηιιιι
1732 1555 1751 1593 .'
1777 1557 1841 1592 ea;
1873 1587 1892 1606 ι

260 1650 398 1694 utero
441 1648 562 1690 ante
590 1639 856 1707 lucifm-nm
901 1636 1052 1707 genui
1092 1644 1156 1686 te.
1194 1633 1374 1686 Tertio
1420 1633 1538 1685 loco
1587 1631 1840 1700 propheta

259 1733 493 1800 loquitur
524 1749 692 1802 usque
717 1736 782 1786 ad
811 1733 990 1790 finem.
1031 1728 1252 1783 fortnam
1283 1729 1474 1780 iterum
1503 1728 1620 1795 ejus
1650 1726 1840 1778 huma-

1940 537 2200 604 desigtat,
2237 548 2287 589 ιιι
2319 535 2487 603 Caput
2517 545 2754 590 nostrum
2797 537 2861 590 ad
2901 535 3072 597 Patris
3099 543 3510 604 cognosceretur

1938 623 2211 677 dente-am
2244 625 2563 679 collocatum
2594 643 2606 677 :
2636 627 2687 678 in
2716 641 2814 692 qua
2844 637 2995 693 parte
3023 624 3246 691 ponendi
3274 631 3398 676 sunt
3417 621 3510 689 qui

1938 727 1967 764 a
2009 714 2226 779 perlidis
2275 714 2574 767 D.vinitatis
2622 730 2840 767 munere
2879 725 3244 782 segtegautur,
3293 722 3511 779 propter

1941 806 2072 858 illud
2100 823 2114 857 :
2147 806 2323 868 l'atcr,
2354 807 2464 858 volo
2496 817 2548 858 ut
2577 807 2661 859 ubi
2686 823 2797 858 sum
2823 822 2936 876 ego,
2959 807 3027 857 ibi
3052 807 3153 858 sint
3173 816 3217 858 rt
3239 805 3291 857 hi
3317 820 3509 857 mecum

1941 893 2120 959 (Jonn.
2157 911 2281 954 xvu,
2314 895 2428 959 Ἡ).
2462 895 2590 948 Nam
2636 897 2677 948 si
2714 908 2954 947 naturam
2985 895 3192 947 deitzttis
3219 895 3508 963 excogites,

1941 1000 2097 1054 quum
2125 986 2296 1037 lorum
2331 997 2503 1050 potest
2536 986 2730 1039 habere
2758 986 2920 1052 partis
2947 985 3174 1049 sinistra:
3197 983 3277 1037 vel
3305 984 3510 1038 dextra:

1942 1078 2030 1137 qui
2053 1089 2227 1126 omn'a
2267 1075 2457 1143 ubique
2481 1076 2784 1140 plenissima
2813 1075 3088 1143 majeState
3111 1075 3509 1150 compleuitut?

1942 1163 2072 1216 Nam
2105 1167 2242 1232 quod
2278 1165 2399 1216 dicit
2436 1165 2564 1217 Filio
2596 1168 2868 1218 dexteram
2906 1166 3100 1225 datam,
3134 1182 3236 1217 non
3264 1175 3318 1217 ιιι
3345 1165 3508 1233 majo-

1943 1268 2052 1308 rem
2092 1257 2367 1322 quisquam
2415 1257 2633 1308 credere
2661 1257 2950 1317 debuisset,
2979 1257 3070 1310 sed
3112 1271 3176 1310 ne
3208 1255 3387 1308 Ariani
3416 1255 3514 1310 nti-

1945 1363 2127 1401 norem
2158 1348 2314 1415 (sicut
2346 1349 2653 1416 prmdicaut)
2697 1359 2954 1417 concepto
2991 1350 3194 1403 scelere
3226 1349 3511 1402 Illelllireﬂ°

1944 1449 2046 1494 tur.
2095 1440 2322 1506 Adjecit,
2373 1443 2532 1493 donec
2580 1458 2762 1509 ponam
2802 1442 3034 1495 inimicos
3083 1452 3194 1494 tuos
3236 1439 3512 1494 scabellum

1945 1536 2127 1599 pedum
2171 1543 2400 1586 tu0runt.-
2444 1531 2732 1587 Scabellum
2782 1533 2980 1585 dictum
3025 1543 3107 1586 est
3154 1532 3221 1585 ab
3265 1547 3328 1583 eo
3374 1528 3512 1598 quod

1944 1622 2252 1685 scandatur,
2287 1622 2334 1674 id
2369 1631 2451 1676 est
2489 1621 2825 1676 ascendatur.
2857 1623 2921 1676 Et
2952 1623 3229 1676 considera
3259 1621 3398 1692 quod
3432 1620 3515 1674 hic

1945 1718 2124 1774 donec,
2157 1715 2360 1768 finitum
2388 1730 2481 1782 pro
2504 1714 2710 1768 infinito
2736 1716 2806 1767 sit
2835 1715 3093 1782 positum;
3119 1715 3268 1780 quasi
3301 1728 3428 1769 vero
3449 1713 3514 1767 ad

258 1827 438 1878 uitatis
467 1821 778 1889 Ostendam,
811 1839 930 1877 cum
960 1821 1084 1874 dicit
1110 1837 1124 1874 :
1148 1818 1348 1872 Jurat-it
1379 1815 1649 1881 Dominus,
1674 1827 1720 1870 et
1743 1834 1841 1870 non
1878 1815 1920 1874 Β
1948 1806 2224 1859 dexteram
2257 1805 2426 1859 Patris
2456 1821 2558 1858 non
2585 1818 2663 1860 est
2690 1805 2782 1859 ille
2807 1818 3073 1870 sessurus,
3106 1815 3378 1874 postquam
3413 1805 3514 1856 ini-

260 1919 514 1985 pamitebit
543 1934 677 1981 tum,
710 1927 848 1980 etc.;
883 1925 940 1968 ut
967 1915 1018 1967 in
1053 1913 1132 1967 his
1159 1912 1419 1978 capitibus
1454 1908 1682 1962 Verbum
1712 1923 1837 1962 caro

263 2011 477 2069 factum,
507 2008 648 2077 quod
677 2007 1022 2061 estDomimts
1049 2005 1312 2065 Christus,
1343 2000 1536 2070 triplici
1566 1999 1835 2054 illumina-

263 2101 402 2152 tiotze
429 2100 690 2168 potuisset
716 2097 951 2165 agnosci.

790 2233 1060 2303 Expositio
1101 2232 1306 2301 psalmi.

332 2379 484 2434 Vera.
521 2378 569 2431 I.
604 2377 744 2430 Dixit
777 2374 1019 2429 Dominus
1049 2373 1267 2426 Domino
1281 2387 1420 2428 meo:
1434 2370 1569 2426 Sede
1593 2387 1624 2422 a
1651 2368 1839 2424 dextris

263 2471 400 2535 meis,
424 2466 586 2521 donat:
613 2483 795 2535 ponam
825 2465 1059 2517 inimicos
1088 2473 1199 2516 tuos
1217 2461 1490 2516 scabellnm
1514 2460 1697 2526 pedum
1727 2469 1840 2512 tuo-

264 2579 388 2613 rum.
424 2560 730 2627 Congruum
761 2555 970 2609 videtur
1000 2555 1224 2622 primum
1255 2554 1474 2620 figuram
1503 2566 1720 2619 ponere,
1745 2564 1840 2617 per

259 2667 416 2718 quam
444 2651 590 2704 initia
624 2649 779 2717 hujus
814 2647 998 2716 psalmi
1033 2645 1348 2698 intrinsecus
1373 2644 1639 2710 possimus
1670 2641 1837 2694 inten-

264 2745 406 2798 dere.
444 2743 562 2797 ldea
595 2742 760 2811 figura
792 2748 874 2792 est
901 2753 1018 2808 quae
1046 2736 1232 2790 Latine
1260 2735 1451 2788 dicitur
1489 2735 1724 2802 species,
1749 2747 1840 2800 per

262 2853 414 2905 quam
447 2851 532 2890 res
574 2834 867 2887 invisibiles
909 2829 1193 2884 cernendze
1239 2829 1483 2882 sensibus
1523 2825 1837 2878 offeruntur.

265 2931 346 2984 Ait
372 2929 512 2983 enim
538 2943 556 2982 :
584 2925 724 2980 Dixit
750 2925 1000 2978 Dominus
1026 2922 1243 2975 Domino
1269 2937 1375 2972 meo
1400 2936 1416 2972 :
1441 2919 1573 2974 Sede
1595 2935 1624 2970 (ι
1648 2918 1796 2970 dextr
1815 2934 1842 2970 ε

265 3020 406 3074 meis.
439 3019 549 3074 Una
577 3017 767 3074 deitas.
801 3031 900 3068 una
929 3023 1184 3082 potestas,
1219 3027 1318 3064 una
1353 3013 1642 3064 aeternitas.
1684 3009 1841 3061 Pater

265 3112 327 3162 du
350 3112 388 3162 it
427 3116 491 3162 ad
538 3107 726 3162 Filium
767 3105 905 3174 quod
949 3119 1045 3157 nrc
1086 3104 1172 3157 ille
1211 3108 1307 3155 ore
1349 3100 1590 3169 protulit,
1621 3114 1719 3153 nec
1752 3098 1838 3151 ille

1946 1896 2064 1948 mici
2109 1895 2274 1961 ipsius
2321 1903 2377 1948 ιιι
2422 1893 2695 1949 διάὺειιιιιη
2741 1894 2960 1962 pedibus
2996 1893 3112 1962 ejus
3143 1893 3336 1947 fuerint
3363 1893 3513 1947 incli-

1944 1985 2076 2038 nati.
2110 1983 2247 2038 Usus
2281 1986 2420 2038 enim
2456 1985 2742 2052 Scriptura:
2769 1984 2962 2039 divinae
2999 1993 3080 2039 est
3121 1984 3338 2038 verbum
3375 1983 3512 2036 istud

1944 2086 1997 2129 et
2040 2091 2135 2145 pro
2175 2075 2322 2130 brevi
2368 2085 2609 2145 tempore
2647 2076 2845 2139 dicere,
2873 2084 2929 2131 et
2965 2090 3060 2142 pro
3089 2076 3385 2129 atternitate
3416 2076 3511 2130 de-

1942 2183 2212 2236 promere.
2261 2169 2671 2238 Temporalitcr,
2703 2179 2758 2223 ut
2797 2180 2882 2224 est
2922 2169 3051 2223 illud
3094 2170 3240 2224 Isaiae
3272 2188 3284 2222 :
3318 2169 3512 2224 Claude

1944 2261 2126 2313 ostium
2156 2278 2292 2314 tuum
2317 2263 2583 2329 pusillum,
2612 2263 2772 2316 donec
2794 2273 3014 2317 transeat
3035 2263 3114 2316 ira
3136 2263 3340 2316 Domini
3360 2262 3514 2333 (lsni.

1945 2366 2089 2415 xxvi,
2121 2353 2236 2422 ΞΟ).
2270 2354 2441 2406 Donec
2480 2365 2658 2409 autem
2697 2365 2748 2408 et
2776 2354 2922 2417 alibi,
2953 2355 3088 2408 sicut
3122 2356 3226 2416 hic.
3258 2354 3351 2423 sig:
3377 2355 3515 2410 iﬁcat

1946 2448 2155 2512 tempus
2203 2453 2490 2510 a'ternum;
2540 2461 2660 2498 nam
2707 2445 2786 2499 sic
2836 2447 2886 2498 in
2937 2445 3230 2499 centesimo
3257 2446 3514 2515 vigesimo

1944 2535 2182 2588 secundo
2213 2535 2416 2602 psalmo
2446 2533 2684 2588 diczurus
2711 2542 2792 2588 est
2823 2551 2834 2586 :
2864 2534 2950 2587 Ita
2979 2535 3112 2587 oculi
3139 2535 3298 2587 nostri
3320 2537 3384 2587 ad
3415 2533 3519 2586 Do-
3550 2523 3569 2540 ⁸

1942 2629 2133 2680 minum
2172 2627 2332 2681 Deum
2373 2637 2621 2693 nostrunt,
2659 2627 2816 2680 donec
2848 2627 3142 2679 misereatur
3171 2627 3315 2680 nobis
3346 2625 3515 2695 (Psal.

1944 2734 2110 2783 cxxu,
2151 2718 2231 2788 5).
2275 2717 2341 2771 Ει
2387 2717 2440 2771 in
2488 2718 2777 2788 Evangelia
2823 2717 3065 2772 similiter
3101 2717 3299 2770 dictum
3339 2730 3417 2770 εει
3449 2719 3515 2771 de

1944 2807 2140 2875 Joseph
2176 2824 2188 2858 :
2222 2805 2341 2860 Non
2373 2809 2601 2877 cognovit
2628 2824 2739 2860 eam
2767 2807 2924 2861 donec
2953 2810 3140 2877 peperit
3174 2808 3336 2876 ﬁlium
3367 2824 3514 2858 suum

1945 2901 2140 2970 primog
2173 2900 2332 2952 nilum
2365 2898 2574 2967 (Matth.
2612 2915 2646 2965 ι,
2671 2897 2765 2967 23)
2791 2916 2802 2950 :
2827 2903 2974 2968 quasi
3007 2914 3132 2952 vero
3155 2911 3272 2967 post
3307 2908 3512 2966 partum

1943 3008 2060 3046 eam
2089 2991 2420 3060 cognoverit,
2445 3005 2560 3059 quas
2583 2990 2730 3058 virgo
2754 2991 3065 3059 permansit.
3097 2989 3206 3043 [ioc
3231 2989 3389 3043 etiam
3418 3002 3516 3042 suo

1945 3082 2063 3136 loco
2093 3081 2316 3150 repetita
2355 3096 2483 3134 cura
2512 3081 2882 3148 tractabimus;
2913 3081 3052 3148 quod
3097 3081 3318 3147 idioma,
3355 3080 3403 3132 id
3439 3093 3519 3134 est

264 3203 478 3254 auribus
505 3200 720 3252 intentis
747 3172 864 3269 Ltus.
891 3194 956 3248 G.
988 3205 1034 3249 et
1061 3194 1167 3255 ed.,
1194 3189 1445 3261 intentus]
1471 3190 1692 3242 audivit.
1724 3188 1844 3242 Vu't
1871 3184 1916 3246 C
1950 3175 2240 3244 proptium,
2271 3173 2558 3242 Scriptura:
2609 3172 2801 3227 divinae
2855 3188 3138 3242 possumus
3193 3187 3516 3239 nuncupare.

264 3293 400 3346 enim
435 3291 606 3353 Pater,
641 3299 693 3340 et
723 3288 867 3341 novit
899 3287 1095 3349 Filius;
1127 3286 1236 3336 vult
1269 3283 1450 3349 Filius,
1477 3292 1532 3337 et
1565 3281 1708 3334 Il0\'il
1738 3280 1839 3334 Pa-

267 3393 359 3436 ter.
389 3383 494 3436 Sed
522 3398 619 3435 nec
643 3383 754 3449 ipsa
777 3380 1020 3432 voluntas
1044 3377 1195 3430 nobis
1215 3375 1709 3441 comprehensibilis
1735 3389 1765 3428 e
1798 3381 1837 3440 t,

263 3491 363 3529 nec
413 3476 525 3544 ipsa
574 3474 720 3528 notio
771 3470 1018 3525 humanis
1053 3468 1302 3522 sensibus
1342 3475 1519 3534 po:est
1559 3479 1837 3533 apparere.

262 3569 453 3623 Merito
489 3583 616 3636 ergo
660 3565 724 3618 ad
765 3576 998 3618 nostram
1039 3559 1478 3615 consuetudinem
1528 3558 1841 3611 descensum

263 3669 362 3723 est,
388 3669 650 3728 quatenus
670 3656 932 3711 imbecilla
957 3655 1307 3708 iusu'ueretur
1330 3648 1650 3713 humanitas,
1677 3662 1844 3715 quan-

264 3754 330 3807 do
362 3766 532 3820 tisque
561 3752 626 3804 ad
675 3751 818 3804 illam
866 3755 1128 3801 secretam
1180 3743 1536 3813 integritatem
1568 3741 1842 3792 hominum

264 3859 368 3895 nun
403 3851 615 3910 poterat
656 3840 906 3909 cogitat'o
956 3835 1254 3905 pervenire.
1307 3831 1556 3886 Dominus
1604 3827 1845 3883 Domino.

267 3935 358 3987 His
397 3933 704 3986 nominibus
749 3930 1029 3998 mqnalitas
1073 3926 1386 3981 substantiae
1414 3933 1466 3978 ct
1493 3923 1707 3976 virtutis
1751 3937 1846 3989 po-

269 4025 429 4078 tentia
453 4024 777 4077 declaratur.
810 4020 1113 4075 Geminatio
1141 4015 1404 4079 siquidem
1431 4014 1528 4069 ista
1565 4013 1720 4067 unius
1753 4026 1848 4066 no-

271 4116 425 4169 minis
471 4123 524 4168 et
579 4127 833 4177 personas
876 4117 1240 4179 competenter
1279 4103 1572 4175 expressit,
1603 4112 1658 4158 et
1689 4118 1845 4157 unam

273 4217 511 4258 naturam
538 4204 749 4258 deitatis
770 4200 1044 4255 evidenter
1063 4196 1311 4251 ostendit.
1338 4194 1449 4249 Nec
1475 4202 1686 4249 moveat
1706 4195 1846 4262 quod

273 4309 649 4363 nonnunquam
699 4291 854 4346 Jesus
901 4289 1144 4342 Christus
1190 4287 1302 4354 ipse
1339 4285 1532 4338 dicitur
1561 4293 1613 4339 et
1647 4282 1844 4348 Filius,

273 4386 382 4453 ipse
425 4397 476 4440 et
525 4385 781 4438 Dominus
834 4381 1017 4435 David.
1063 4379 1194 4432 Nam
1243 4377 1287 4430 si
1325 4391 1513 4431 causas
1557 4376 1846 4440 discutias.

274 4490 496 4550 utraque
526 4479 801 4532 verissima
833 4483 978 4530 sunt.
1015 4473 1180 4529 Filius
1219 4471 1512 4526 secundum
1543 4471 1716 4526 carnis
1743 4472 1850 4524 ori-

273 4570 470 4638 ginem,
514 4570 652 4623 sicut
699 4570 753 4622 in
801 4568 952 4621 initio
999 4566 1229 4622 Matthtei
1259 4567 1516 4632 scriptum
1547 4573 1666 4618 est:
1698 4563 1851 4618 Liber

273 4663 612 4732 generationis
638 4663 764 4715 Jesu
795 4659 1004 4724 Christi,
1037 4659 1136 4729 ﬁlii
1168 4659 1334 4713 David
1369 4656 1584 4728 (Matth.
1615 4671 1654 4720 ι,
1684 4657 1770 4721 i);
1797 4663 1852 4710 et

274 4753 395 4808 alibi
424 4753 754 4808 clamabatur
780 4767 808 4805 a
840 4753 997 4806 catcis
1029 4769 1041 4806 :
1075 4749 1187 4804 Fili
1229 4749 1417 4812 David,
1446 4749 1681 4800 miserere
1709 4746 1851 4798 nobis

277 4843 468 4909 (Idem,
499 4861 590 4908 xx,
635 4844 752 4910 50).
798 4843 892 4897 llic
935 4851 1112 4896 autem
1156 4839 1409 4893 Dominus
1439 4836 1632 4892 dicitur
1663 4833 1849 4898 David,

275 4936 563 4990 secundum
618 4935 872 4988 deitatem
922 4947 1024 5002 qua
1072 4939 1282 4986 creator
1333 4939 1414 4984 est
1462 4928 1662 4998 ipsius;
1711 4923 1851 4995 quod

278 5027 436 5080 etiam
467 5026 519 5079 in
552 5025 651 5080 hac
687 5035 868 5078 nostm
914 5021 1322 5078 conversatione
1353 5017 1615 5086 hodieque
1644 5016 1854 5069 contin-

278 5119 374 5184 git,
408 5128 463 5172 ut
492 5116 632 5170 titius
663 5115 952 5184 cpiscopus
981 5113 1171 5174 factus,
1201 5110 1364 5179 patris
1401 5108 1482 5161 sui
1526 5117 1674 5170 pater
1701 5119 1856 5158 voce-

280 5217 387 5273 tur,
429 5223 535 5262 non
575 5206 826 5261 nascendi
876 5205 1082 5269 ordine,
1128 5201 1219 5257 sed
1269 5201 1492 5254 honore.
1541 5197 1668 5250 Illud
1709 5196 1854 5249 enim

277 5299 417 5367 quod
449 5311 633 5354 natum
664 5308 744 5353 est
773 5311 838 5353 ex
873 5295 1076 5350 semine
1115 5293 1277 5347 David
1304 5291 1381 5345 sic
1411 5291 1746 5352 honoratum,
1778 5287 1857 5340 sic

282 5390 674 5459 magniﬁcatum
708 5398 806 5452 cst,
841 5401 893 5441 ut
931 5396 1078 5442 esset
1107 5385 1245 5440 idem
1293 5394 1346 5438 ct
1390 5381 1643 5435 Dominus
1693 5377 1856 5432 David

276 5491 332 5534 et
372 5482 531 5537 ﬁlius.
566 5482 838 5549 Sequitur,
874 5478 1008 5535 Sede
1035 5494 1066 5531 a
1097 5475 1290 5530 dextris
1319 5474 1461 5526 meis.
1498 5471 1693 5525 Victori
1729 5469 1861 5522 Filio

278 5586 334 5628 et
374 5591 466 5644 per
493 5585 732 5630 sanctam
776 5571 1198 5627 incarnationem
1241 5567 1405 5622 totius
1445 5564 1625 5619 mundi
1673 5563 1862 5616 trium-

283 5670 519 5739 phaturi,
552 5677 672 5736 post
699 5665 1110 5724 resurrectionis
1137 5662 1356 5732 gloriam
1384 5657 1714 5714 honorabilis
1739 5669 1864 5706 con-

277 5776 466 5819 sessus
511 5761 674 5832 318
716 5758 956 5826 otiertur,
989 5767 1046 5811 ut
1079 5770 1171 5826 per
1212 5755 1352 5809 hunc
1401 5751 1560 5808 situm
1601 5753 1864 5814 susccptx

1943 3266 2046 3320 Per
2086 3267 2238 3332 pedes
2282 3276 2460 3318 autem
2495 3263 2704 3318 Domini
2733 3264 2996 3318 stabilitas
3029 3274 3228 3319 aeterna
3259 3264 3520 3332 signiﬁca-

1944 3367 2049 3424 tur,
2082 3358 2172 3411 uhi
2215 3357 2306 3411 ille
2338 3367 2585 3426 tanquam
2616 3355 2851 3425 vestigiis
2895 3356 3079 3424 positis
3120 3357 3519 3426 omnipotentiae

1942 3465 2055 3506 suae
2083 3449 2278 3530 virtute
2307 3449 2571 3503 consistit.
2607 3449 2698 3503 llis
2725 3448 2932 3518 pedibus
2972 3457 3180 3502 constat
3224 3463 3344 3504 esse
3391 3447 3520 3502 sub-

1943 3540 2172 3604 dendos,
2205 3541 2290 3609 qui
2318 3539 2557 3610 quotidie
2585 3539 2829 3594 vitiorum
2860 3541 3235 3593 contrarietate
3265 3539 3519 3594 derelicta

1945 3639 2290 3686 revertuntur
2317 3630 2382 3683 ad
2411 3630 2715 3694 Dominum,
2743 3640 2798 3684 et
2835 3638 3085 3698 tanquam
3124 3631 3398 3684 scabeltum
3427 3646 3518 3696 pe-

1947 3724 2115 3786 dibus,
2145 3725 2215 3777 ita
2241 3722 2356 3791 ejus
2380 3722 2848 3790 pranlicalionibus
2873 3722 3210 3776 inclinantur.
3236 3720 3281 3777 0
3309 3722 3519 3776 beatum

1947 3829 2223 3868 scamnum
2253 3813 2390 3882 quod
2422 3811 2644 3880 pedibus
2671 3812 2872 3867 sanctis
2893 3813 3193 3881 apponitur,
3221 3826 3378 3880 supra
3401 3827 3521 3866 om-

1947 3905 2033 3960 nia
2081 3919 2242 3974 regua
2291 3904 2554 3971 evChitur,
2598 3903 2682 3957 cui
2728 3903 2987 3970 subjectio
3032 3911 3173 3955 tanta
3220 3912 3520 3970 praestatur.

1947 3999 2078 4054 Nam
2115 4012 2236 4052 cum
2272 3995 2475 4050 sedenti
2521 3995 2583 4047 ad
2626 3994 2902 4049 dexteram
2931 3995 3231 4049 scabellunr
3251 3993 3520 4057 subditur,

1949 4088 2065 4143 sine
2093 4085 2256 4142 dubio
2288 4086 2355 4140 de
2392 4085 2500 4139 illis
2540 4084 2767 4138 inimicis
2806 4084 3022 4151 dicitur,
3051 4084 3140 4154 qui
3179 4083 3426 4138 conversi
3455 4081 3523 4138 ad

1947 4179 2225 4234 dexteram
2251 4177 2603 4231 collocantur.

2024 4268 2173 4322 Vers.
2205 4269 2260 4321 ‘2.
2304 4265 2512 4335 i’irgam
2559 4265 2756 4319 virtutis
2800 4273 2902 4318 tuta
2938 4262 3124 4317 emittet
3176 4255 3423 4316 Dominus
3464 4279 3529 4317 ea:

1953 4365 2181 4430 Sion,‘et
2212 4361 2631 4416 dominaberisin
2657 4359 2821 4413 medio
2858 4358 3180 4412 inimicorum
3208 4368 3428 4409 tuorum.
3462 4355 3529 4410 Et

1954 4457 2095 4511 hunc
2125 4471 2338 4510 versum
2373 4453 2633 4521 propheta
2665 4451 2897 4520 loquitur
2919 4465 2984 4503 ex
3018 4462 3245 4516 persona
3267 4461 3386 4512 sua,
3416 4446 3530 4500 lau-

1878 4541 1927 4600 D
1955 4551 2075 4605 dem
2121 4550 2173 4602 in
2217 4564 2281 4602 eo
2324 4545 2559 4601 offerens
2591 4544 2818 4598 Domino
2845 4541 3082 4595 Christo.
3132 4537 3290 4609 Virga
3329 4536 3532 4591 uirtutis

1952 4650 2034 4695 est
2063 4645 2330 4706 sceptrum
2358 4635 2517 4704 regite
2545 4634 2846 4702 potesuttis,
2870 4646 2972 4701 qna
3000 4636 3365 4684 sustentantur
3398 4625 3532 4680 fide-

1957 4730 2064 4794 les,
2092 4728 2398 4797 afﬂiguntur
2446 4723 2742 4788 increduli,
2794 4729 3063 4776 terrentur
3113 4717 3326 4788 ingrati.
3376 4715 3440 4770 Et
3478 4724 3534 4769 ut

1955 4820 2265 4876 ostenderet
2290 4817 2328 4871 F
2335 4817 2480 4870 ilium
2507 4814 2796 4884 cujuslibet
2821 4810 2900 4866 rei
2931 4808 3277 4878 indigentiam
3304 4821 3408 4860 non
3441 4807 3535 4859 ha-

1954 4913 2102 4977 bere,
2135 4919 2234 4963 tua:
2273 4908 2428 4971 dixit,
2459 4905 2581 4976 quia
2614 4912 2848 4973 potestas
2889 4900 2978 4954 illa
3016 4897 3235 4952 deitatis
3266 4911 3376 4950 sua:
3414 4910 3534 4964 pro-

1957 5004 2068 5073 pria
2095 5012 2252 5070 atque
2282 5008 2482 5052 interna
2513 5007 2615 5050 est.
2646 4994 2753 5049 Sed
2783 5001 2839 5046 ut
2869 4991 2970 5044 hoc
2993 4988 3327 5044 manifestius
3361 4984 3534 5054 possis

1956 5094 2256 5156 advertere,
2297 5086 2520 5152 addidit,
2552 5085 2689 5139 hanc
2728 5085 2924 5154 virgam
2968 5081 3157 5135 emittet
3191 5077 3440 5132 Dominus
3473 5089 3536 5128 ea:

1959 5184 2110 5248 Sion,
2136 5182 2224 5251 qui
2254 5187 2336 5234 est
2367 5179 2548 5247 utique
2574 5175 2920 5244 omnipotens
2952 5172 3126 5225 Pater.
3163 5168 3408 5221 Dominus
3437 5178 3535 5218 au-

1960 5287 2064 5331 tem
2089 5291 2152 5329 ex
2176 5275 2304 5329 Sion
2330 5271 2544 5334 dicitur,
2571 5277 2626 5322 et
2650 5267 2832 5329 Filius,
2863 5269 3003 5318 sicut
3029 5262 3189 5316 Isaias
3210 5258 3375 5312 dicit:
3403 5256 3536 5322 Quia

1960 5369 2024 5422 de
2059 5369 2186 5423 Sion
2221 5365 2374 5420 exibit
2413 5365 2515 5426 lex,
2553 5371 2599 5413 et
2639 5360 2841 5413 verbum
2887 5354 3095 5408 Domini
3149 5352 3210 5404 de
3251 5347 3538 5403 Jerusalem

1963 5462 2115 5532 (Isai.
2143 5477 2200 5526 tt,
2227 5460 2307 5528 '5).
2339 5457 2533 5512 Audiat
2566 5451 2847 5508 hmreticus
2880 5450 3087 5503 Patrem
3117 5445 3258 5513 loqui
3288 5441 3355 5497 de
3389 5449 3540 5532 pote-

1966 5531 2102 5608 state
2133 5560 2186 5604 et
2215 5550 2492 5618 majestate
2529 5544 2668 5598 Filii.
2709 5543 2823 5608 Quo
2865 5540 2970 5609 iam
2999 5537 3208 5591 dicente
3240 5533 3409 5602 possit
3435 5531 3540 5586 im-

1969 5647 2078 5709 bui,
2107 5643 2150 5697 si
2183 5657 2278 5697 nec
2307 5641 2404 5709 ipsi
2436 5637 2620 5692 credat
2659 5634 2896 5690 auctori?
2939 5631 3178 5696 Addidit,
3225 5640 3269 5684 et
3310 5626 3544 5680 (lantiun-

1973 5738 2099 5794 beris
2141 5737 2190 5790 in
2241 5734 2398 5787 mulio
2445 5728 2763 5782 inimicorum
2800 5737 3021 5780 tuorum.
3059 5723 3314 5794 Expowtt
3346 5717 3540 5774 emissa
