4032 6176
428 278 534 337 795

1640 282 1709 335 Μ.
1751 280 2028 338 AURELII
2065 281 2471 341 CASSIODORI

3597 289 3701 346 796

426 398 645 455 virtutis
667 397 811 469 virga
842 399 972 471 quid
995 396 1180 464 l‘aciet,
1206 398 1414 455 scilicet
1442 407 1499 454 ut
1523 398 1798 455 domineris
1826 401 1877 453 in
1901 416 2007 453 me-
2037 401 2086 459 Α
2115 405 2407 452 sanctorum
2449 406 2593 464 sunt,
2644 397 2856 469 quando
2904 399 2957 456 in
3007 409 3401 457 resurrectione
3448 400 3701 460 lucebunt

427 490 516 542 dio
555 491 874 543 inimicorum
920 501 1142 544 tuorum.
1193 491 1481 546 Considera
1528 491 2006 548 clementissimum

429 580 679 645 verbum,
712 591 767 634 ut
806 580 895 634 bic
934 579 1208 636 Christum
1257 596 1416 651 supra
1465 584 1714 638 inimicos
1756 584 2010 637 dominari

425 672 642 738 dixerit,
690 688 794 724 non
845 672 1117 727 vindicare
1153 690 1165 725 :
1203 675 1324 743 quia
1372 685 1497 730 tunc
1545 675 1648 730 illis
1686 674 2006 743 dominatur,

422 763 638 829 quando
678 763 742 815 ad
793 764 961 830 ipsum
1002 763 1426 833 delinquentium
1462 767 1610 821 turba
1651 768 2003 822 convertitur.

420 851 593 904 Aliter
619 851 760 903 enitn
804 852 1102 904 dominatur
1133 853 1397 918 ﬁdelibus,
1430 856 1587 909 alit-'r
1616 867 1800 925 regnat
1832 856 2007 925 ingra-

421 943 489 995 tis
525 983 537 995 .
572 944 701 997 istos
735 944 1012 998 beneﬂciis
1042 956 1095 999 et
1124 950 1457 1001 correctione
1493 948 1706 1016 educat,
1740 950 1859 1003 illos
1889 950 2004 1005 vin-

416 1035 571 1091 dicta:
600 1037 936 1092 districtione
968 1040 1225 1105 percellit.
1263 1038 1325 1092 In
1360 1042 1525 1093 medio
1556 1052 1730 1095 autem
1763 1042 1917 1107 dixit,
1950 1044 2001 1099 in

419 1132 622 1194 anima,
651 1133 702 1185 in
733 1132 1061 1199 praecordiis,
1086 1134 1172 1185 ubi
1206 1134 1458 1188 Dominus
1485 1136 1792 1202 requiescit,
1817 1152 2005 1191 cmun-

414 1223 550 1276 datis
600 1223 849 1276 sord~bus
909 1226 1087 1294 utique
1141 1236 1501 1295 peccatorum.
1552 1228 1678 1282 Sive
1727 1229 2000 1284 Christum

412 1316 669 1369 dominari
690 1318 815 1371 dicit
840 1318 890 1369 in
918 1316 1172 1381 Ecclesia,
1200 1335 1314 1387 qua:
1338 1329 1420 1373 est
1448 1319 1587 1376 inter
1615 1320 1999 1377 haereticorum

411 1425 476 1463 ac
504 1411 939 1477 superstitionum
987 1411 1191 1465 rabiem
1238 1412 1289 1465 in
1327 1412 1428 1465 isto
1458 1415 1656 1467 sacculo
1683 1415 1997 1470 constituta.

412 1500 681 1557 Hactenus
711 1504 776 1557 de
807 1513 988 1557 natura
1022 1503 1234 1558 deitatis
1266 1512 1320 1557 et
1353 1504 1701 1575 humanitatis
1728 1505 1843 1574 ejus
1875 1522 1998 1576 pro-

411 1594 569 1661 pheta
603 1596 811 1651 locutus
849 1605 952 1662 est,
987 1612 1127 1651 nunc
1157 1597 1408 1652 secunda:
1443 1598 1606 1668 partis
1647 1596 1997 1653 discutiamus

410 1686 640 1741 initium.

2110 489 2249 545 sicut
2288 490 2461 561 angeli
2516 490 2640 557 Dei,
2684 502 2733 545 et
2792 493 2862 546 ita
2915 492 3175 562 puriﬁcati
3220 503 3382 563 atque
3434 496 3697 566 perspicui

2110 592 2288 649 erunt,
2325 593 2382 637 ut
2426 584 2573 638 illam
2619 584 2952 654 majestatem
2984 594 3182 655 queant
3208 588 3388 641 cordis
3414 589 3582 642 oculis
3610 590 3711 643 in~

2111 680 2269 734 tueri.
2302 679 2432 734 Illud
2461 680 2603 734 enim
2632 679 2813 734 lumen
2861 679 2963 734 nisi
2999 679 3049 733 in
3092 682 3279 735 melius
3321 682 3583 735 immutati
3616 683 3697 737 vi-

2109 771 2238 829 dere
2267 788 2369 826 non
2403 781 2646 842 possunt,
2680 773 2820 826 sicut
2854 772 2987 827 dicit
3018 774 3306 841 Apostolus
3341 791 3356 828 :
3395 774 3580 828 Omnes
3617 793 3697 829 re-

2108 880 2392 932 surgemus,
2417 864 2506 918 sed
2527 881 2626 918 non
2649 881 2824 919 omnes
2845 866 3228 918 immutabimur
3248 865 3299 935 (1
3321 864 3439 921 Cor.
3465 883 3551 936 xv,
3576 868 3695 937 5|).

2180 957 2333 1012 Vers.
2358 958 2411 1011 4.
2436 955 2519 1011 Ea:
2539 968 2680 1011 utero
2700 966 2819 1012 ante
2848 958 3118 1026 luciferum
3136 960 3287 1029 genui
3310 970 3379 1014 te.
3403 960 3690 1028 Postquam

2105 1049 2242 1105 dixit
2268 1051 2318 1104 in
2342 1050 2715 1119 splendoribus
2742 1059 3047 1106 sanctorum
3076 1050 3270 1105 Filium
3293 1065 3413 1107 esse
3432 1053 3695 1122 genitum,

2107 1158 2248 1197 nunc
2279 1141 2345 1196 de
2376 1141 2492 1212 ejus
2532 1150 2715 1195 sancta
2758 1143 3103 1212 generatione
3144 1142 3387 1198 dicturus
3414 1152 3517 1208 est,
3548 1160 3694 1212 quas,

2106 1234 2235 1287 licet
2284 1232 2355 1287 sit
2402 1232 2808 1295 inenarrabilis,
2858 1233 3037 1301 aliqua
3080 1242 3255 1287 tamen
3304 1248 3694 1300 commemora-

2106 1325 2251 1379 tione
2296 1323 2692 1393 perstringitur.
2736 1322 2984 1377 Narratio
3030 1323 3332 1390 ineﬂ‘abilis,
3384 1325 3692 1380 intellectus

2106 1414 2689 1484 incomprehensibilis,
2737 1414 2899 1485 379
2952 1414 3200 1484 cogitatio
3251 1431 3409 1484 supra
3449 1417 3687 1470 omnium

2080 1517 2469 1565 .creaturarum
2502 1507 2664 1573 vires,
2711 1523 2831 1576 quas
2874 1508 3184 1577 angelorum
3215 1524 3425 1578 quoque
3468 1521 3686 1577 superat

2102 1614 2351 1663 sensum;
2384 1605 2439 1653 et
2469 1606 2647 1652 tamen
2680 1598 2833 1652 nobis
2873 1612 2951 1663 se,
3000 1608 3158 1667 prout
3203 1613 3395 1668 capere
3427 1604 3690 1669 potuisse-

2109 1704 2250 1755 mus,
2280 1686 2579 1757 indulgens.
2614 1686 2755 1740 Deus
2782 1685 2925 1741 enim
2948 1694 3180 1741 aeternus
3206 1696 3367 1758 atque
3396 1691 3689 1745 incommu-

484 1778 632 1833 \‘ers.
681 1780 736 1833 5.
788 1778 970 1833 Tecum
1020 1782 1329 1849 principium
1371 1782 1424 1835 in
1470 1782 1554 1836 die
1586 1782 1784 1836 virtutis
1814 1792 1916 1837 tua:
1942 1783 1996 1836 in
2029 1773 2077 1832 B
2106 1779 2279 1833 tahilis
2319 1779 2371 1834 in
2414 1794 2509 1833 sua
2555 1788 2744 1833 natura
2778 1794 3120 1848 permanens,
3152 1780 3400 1851 dignatus
3430 1794 3512 1839 est
3537 1800 3691 1839 assu-

409 1870 756 1938 Sp'endaribut
802 1882 1113 1926 sanctorum.
1165 1872 1327 1928 Venit
1374 1874 1437 1927 ad
1480 1874 1774 1929 secundum
1813 1882 1994 1942 caput,

408 1965 497 2018 ubi
524 1980 617 2033 per
642 1965 738 2019 bos
761 1965 895 2020 duos
922 1981 1111 2021 versus
1132 1967 1287 2021 verba
1320 1966 1493 2021 Patris
1514 1966 1824 2035 accipienda
1848 1976 1993 2031 sunt,

407 2065 463 2108 ut
503 2056 581 2110 fas
629 2056 725 2110 fuit
770 2057 837 2111 de
877 2058 1223 2127 generatione
1277 2057 1400 2112 Filii
1459 2067 1639 2112 saneta
1697 2058 1991 2112 locuturus.

406 2148 538 2203 Nam
585 2161 640 2204 ut
690 2150 1108 2204 coa‘ternitatem
1163 2150 1439 2205 evidenter
1491 2150 1819 2212 ostenderet,
1868 2150 1995 2204 dicit

407 2250 751 2310 omnipotens
780 2241 935 2296 Pater
959 2241 1026 2295 de
1055 2243 1420 2310 omnipotente
1466 2242 1600 2295 Filio
1628 2257 1723 2295 suo
1758 2262 1771 2294 :
1804 2240 1993 2294 Tecum

405 2331 714 2399 principium
741 2332 791 2383 in
819 2332 900 2385 die
920 2332 1117 2384 virtutis
1145 2343 1265 2385 tum.
1294 2332 1424 2386 Nam
1448 2344 1501 2385 et
1529 2332 1643 2400 ipse
1666 2333 1824 2387 Pater
1852 2334 1992 2400 prin-

401 2424 588 2493 cipium
618 2433 722 2489 est,
757 2436 811 2477 ttt
855 2433 940 2478 est
986 2414 1114 2478 illud
1153 2442 1166 2478 :
1209 2424 1275 2478 In
1323 2426 1575 2495 principio
1613 2435 1722 2478 erat
1774 2425 1992 2479 Verbum

402 2512 582 2584 (Joan.
618 2530 655 2578 t,
696 2513 764 2584 l).
813 2516 887 2569 lbi
930 2515 1072 2571 enim
1121 2516 1331 2570 Patrem
1364 2516 1603 2583 designat
1636 2532 1755 2571 esse
1790 2517 1988 2586 princi-

403 2607 544 2673 pium
573 2607 660 2661 ubi
692 2616 806 2660 erat
839 2606 1095 2661 Verbum.
1145 2607 1309 2662 Filius
1350 2623 1562 2677 quoque
1604 2610 1656 2662 in
1700 2608 1990 2678 Evangelia

402 2698 711 2766 principium
740 2699 1059 2765 declaratur,
1088 2700 1211 2757 dum
1241 2702 1313 2754 ait
1343 2719 1354 2753 :
1386 2700 1496 2773 Ego
1518 2718 1631 2754 sum
1659 2701 1987 2773 principium,

404 2801 611 2856 prapter
637 2791 776 2859 quod
817 2800 863 2844 et
903 2792 1083 2857 loquor
1111 2792 1246 2845 vobis
1290 2790 1467 2860 (Joan.
1502 2807 1612 2855 \‘lll,
1641 2790 1758 2861 9.6).
1795 2792 1986 2846 Verum

402 2893 506 2934 non
540 2880 646 2934 duo
677 2882 953 2949 principia,
988 2882 1078 2936 sed
1112 2884 1248 2937 sicut
1277 2899 1412 2936 unus
1448 2884 1606 2946 Deus,
1642 2883 1711 2936 ita
1741 2892 1795 2937 et
1824 2899 1985 2936 ttnnm

402 2983 612 3029 constat
640 2990 758 3029 esse
786 2975 1112 3043 principium.
1147 2976 1255 3029 lloc
1281 2976 1439 3029 etiam
1470 2986 1520 3029 et
1547 2975 1613 3029 de
1640 2974 1839 3046 Spiritu
1866 2990 1989 3029 san-

402 3075 487 3120 cto
528 3073 739 3119 constat
785 3066 901 3120 sine
946 3064 1107 3119 dubio
1155 3067 1513 3121 sentiendum.
1565 3066 1694 3120 Nam
1746 3081 1867 3119 cum
1918 3067 1983 3119 de

2101 1888 2252 1929 mare
2296 1872 2685 1927 humanitatem
2725 1882 2983 1937 nostram,
3030 1882 3088 1927 ut
3130 1884 3365 1929 veterem
3418 1877 3686 1932 hominem

2102 1966 2419 2029 iunovaret,
2464 1970 2524 2016 ut
2569 1962 2637 2017 de
2682 1963 2895 2016 mortali
2948 1962 3148 2018 faceret
3197 1965 3583 2032 immortalem,
3622 1968 3691 2023 de

2101 2062 2382 2123 peccatore
2404 2052 2632 2123 justum,
2663 2053 2730 2107 de
2770 2053 3002 2107 alienato
3035 2056 3115 2107 sui
3148 2056 3296 2123 regni
3325 2056 3540 2121 juberet
3568 2074 3691 2114 esse

2102 2145 2414 2215 paiticipem
2442 2161 2453 2195 :
2482 2159 2550 2199 ne
2592 2144 2876 2213 imaginem
2910 2159 3059 2197 suam
3092 2145 3145 2198 in
3176 2146 3557 2202 conﬁtentibus
3591 2165 3689 2218 pa-

2102 2244 2304 2290 teretur
2336 2238 2510 2304 perire
2542 2234 2681 2303 pius,
2716 2250 2875 2305 quam
2922 2236 3225 2290 annihilare
3261 2238 3423 2291 voluit
3454 2241 3689 2296 crudelis

2100 2327 2371 2380 inimicus.
2398 2326 2549 2381 Nunc
2574 2328 2635 2379 ad
2668 2342 2853 2381 versus
2884 2327 3036 2381 istius
3066 2329 3378 2397 exponenda
3412 2333 3573 2387 verba
3598 2348 3689 2387 ve-

2100 2419 2328 2473 niamus.
2359 2416 2498 2471 Dicit
2526 2418 2669 2472 enim
2705 2418 2863 2473 Pater
2887 2419 2951 2472 ad
2985 2418 3177 2474 Filium
3212 2437 3225 2473 :
3254 2420 3334 2475 Ex
3362 2433 3505 2476 utero
3535 2428 3687 2492 genui

2098 2522 2165 2573 te,
2199 2511 2249 2564 id
2283 2520 2456 2566 estex
2488 2526 2686 2566 arcano
2715 2513 3029 2567 substantias
3058 2530 3212 2579 mea‘,
3237 2531 3300 2570 ex
3334 2516 3444 2583 ipsa
3480 2520 3686 2575 scilicet

2095 2604 2318 2670 deitate,
2356 2612 2525 2657 totum
2573 2618 2635 2658 ex
2679 2612 2813 2669 toto,
2857 2605 3279 2674 omnipotentem
3326 2608 3393 2662 de
3439 2610 3687 2679 omnipo-

2097 2702 2267 2760 tente,
2312 2696 2493 2749 lumen
2533 2709 2601 2749 ex
2636 2694 2854 2759 lumine,
2887 2711 3152 2750 summum
3183 2714 3245 2752 ex
3277 2714 3510 2766 summo,
3540 2702 3683 2770 quod

2096 2786 2239 2841 nulla
2289 2785 2659 2855 investigatio,
2713 2786 2890 2840 nullus
2942 2803 3133 2843 sensus
3183 2790 3349 2857 possit
3395 2792 3680 2862 attingere.

2096 2878 2226 2933 Nam
2273 2878 2721 2949 quemadmodum
2772 2881 2943 2936 valeat
2992 2883 3415 2950 comprehendi,
3462 2884 3530 2940 de
3577 2901 3681 2955 qua

2094 2970 2349 3039 scriptum
2379 2979 2461 3024 est
2492 2987 2503 3022 :
2540 2968 2923 3024 Geuerationem
2953 2982 3123 3025 autem
3150 2974 3261 3041 eius
3284 2976 3396 3044 quis
3423 2978 3681 3032 enarralnit

2095 3060 2261 3133 (lsai.~
2284 3078 2393 3126 LIII,
2424 3060 2516 3130 8)?
2546 3061 2673 3115 Mira
2705 3061 2958 3131 brevitas,
2988 3074 3041 3117 et
3076 3064 3350 3120 sufﬁciens
3379 3083 3471 3136 pro
3497 3080 3679 3124 nostra

401 3157 650 3227 princip’o
681 3156 1007 3225 loqueretur,
1036 3156 1311 3222 subiunxit
1343 3175 1356 3210 :
1394 3155 1459 3209 Et
1501 3157 1729 3226 Spiritus
1772 3156 1867 3212 Dei
1896 3176 1983 3211 su-
2015 3146 2063 3211 ϐ
2099 3155 2408 3209 inﬁrmitate
2436 3170 2686 3209 mensura
2706 3173 2719 3209 :
2739 3155 2861 3223 quia
2894 3171 2991 3211 nec
3013 3158 3128 3226 plus
3157 3173 3440 3227 possumus
3463 3179 3677 3232 capere,

400 3249 746 3318 perferebatur
774 3265 927 3315 super
956 3266 1115 3318 aquas
1144 3248 1295 3315 (Gen.
1335 3264 1374 3313 t,
1402 3248 1480 3319 ‘2).
1515 3249 1619 3303 Sed
1663 3250 1746 3303 hic
1791 3255 1983 3319 sancti,

402 3342 851 3410 quemadmodum
881 3342 949 3394 sit
983 3343 1310 3411 principium,
1341 3342 1391 3394 in
1425 3342 1683 3410 principio
1720 3351 1989 3410 nequeunt

403 3433 618 3485 intueri.
652 3432 781 3486 Nam
818 3449 937 3485 cum
975 3434 1165 3487 Filium
1218 3434 1426 3487 videret
1478 3433 1773 3502 Philippus,
1807 3435 1939 3487 dixit
1972 3454 1985 3489 :

404 3523 626 3575 Ostende
653 3524 794 3576 nobis
828 3521 1056 3578 Patrem.
1089 3524 1289 3591 Quibus
1318 3525 1392 3576 ait
1424 3524 1701 3593 lotegrilas
1727 3542 1739 3576 :
1775 3526 1874 3591 Qui
1908 3542 1987 3577 me

397 3613 555 3677 ri..'et,
603 3614 736 3666 videt
778 3624 826 3667 et
877 3613 1081 3667 Patrem
1129 3614 1304 3682 (Joan.
1353 3632 1466 3680 λιν,
1510 3618 1589 3684 8).
1632 3618 1781 3671 Tunc
1818 3621 1982 3683 enim,

397 3706 610 3769 quando
665 3721 758 3771 per
810 3708 1031 3775 gratiam
1091 3706 1298 3760 Domini
1360 3708 1671 3773 plenissimo
1726 3711 1987 3776 coeperint

396 3797 684 3864 Splendore
740 3799 955 3859 railiari,
1012 3799 1195 3850 vident
1242 3799 1549 3867 principium
1599 3796 1870 3853 Clu-ismm
1930 3799 1982 3852 in

396 3891 650 3961 principio
681 3905 799 3943 chc
834 3888 987 3941 Pa'rc
1018 3904 1137 3942 cum
1171 3901 1354 3941 sancto
1391 3889 1618 3957 Spiritu.
1651 3891 1984 3958 Quapropter

397 3982 613 4051 perﬁdia
656 3980 867 4033 desinat
898 3980 1090 4032 Ariaua
1122 3994 1467 4047 Con-urgere.
1502 3980 1621 4033 Ideo
1660 3981 1800 4032 enim
1838 3981 1984 4051 p-‘in—

394 4074 586 4139 cipiunt
613 4072 767 4125 Pater
795 4083 847 4126 et
878 4071 1041 4125 Filius
1080 4070 1292 4135 dicitur,
1330 4080 1385 4123 ut
1416 4085 1598 4124 eorum
1640 4070 1980 4123 coa-lernitas

395 4163 726 4226 declaretur;
761 4180 880 4215 nam
920 4162 965 4215 si
1006 4173 1146 4217 esset
1196 4172 1403 4230 tempus
1450 4161 1662 4229 quando
1710 4178 1813 4214 non
1865 4171 1981 4215 erat

394 4255 576 4320 Filius,
610 4255 756 4307 solus
805 4255 964 4309 Pater
992 4254 1094 4308 dici
1147 4257 1313 4322 potuit
1356 4268 1476 4309 esse
1519 4255 1847 4320 principium.
1882 4256 1980 4310 Se-

392 4349 591 4410 quitur,
629 4346 679 4397 in
721 4346 801 4398 die
826 4347 1025 4398 virtutis
1055 4356 1154 4397 tutu
1188 4348 1238 4397 in
1273 4346 1626 4414 splendoribus
1657 4355 1973 4398 sanctorum.

396 4437 622 4505 Respice
651 4438 857 4504 singula
889 4438 1045 4489 verba
1076 4452 1231 4503 quam
1264 4439 1368 4489 vim
1408 4438 1655 4500 habeant,
1690 4454 1845 4506 quem
1881 4440 1978 4490 ho-

2094 3254 2147 3300 et
2175 3245 2273 3298 hoc
2305 3246 2515 3300 abunde
2548 3246 2747 3300 sufﬁcit
2776 3248 2958 3315 utique
2985 3250 3304 3305 credidisse.
3342 3254 3469 3307 Ante
3499 3256 3680 3327 lucife-

2091 3352 2205 3388 rum
2236 3352 2355 3389 cum
2399 3336 2559 3403 dicit,
2598 3337 3010 3391 immensitatcm
3060 3340 3377 3395 mternitatis
3422 3347 3677 3401 ostendit.

2092 3428 2299 3497 Lucifer
2340 3430 2480 3481 cnim
2535 3443 2630 3497 pro
2669 3429 2917 3483 omnibus
2959 3431 3129 3483 stellis
3176 3433 3410 3499 ponitur,
3452 3437 3602 3504 quasi
3648 3453 3677 3492 a

2094 3528 2241 3587 parte
2290 3527 2478 3579 totum,
2508 3519 2595 3588 qui
2629 3519 2769 3573 diem
2800 3520 3067 3587 signiﬁcat
3107 3536 3228 3576 esse
3275 3537 3577 3580 venturum.
3615 3528 3677 3582 Et

2094 3622 2148 3661 nt
2186 3610 2494 3662 ostenderct
2542 3612 3083 3678 lllCOlllpt‘ﬂltellslltllc
3131 3616 3312 3667 nescio
3354 3618 3503 3686 quid,
3550 3620 3678 3676 dicit

2093 3706 2242 3771 prius
2269 3721 2387 3757 esse
2417 3707 2642 3775 genitum
2666 3716 2949 3774 antequam
2982 3706 3109 3760 illud
3138 3708 3393 3763 existeret
3416 3710 3556 3776 quod
3588 3727 3675 3764 so-

2094 3796 2165 3848 let
2195 3808 2478 3850 venturum
2512 3799 2649 3850 dicm
2680 3797 2877 3851 saeculo
2906 3800 3169 3852 nuntiare.
3196 3800 3309 3854 Non
3333 3803 3475 3855 enim
3501 3812 3675 3867 potest

2093 3890 2408 3957 p:iucipinm
2453 3890 2568 3957 ejus
2608 3889 3015 3959 comprehendi,
3051 3906 3077 3943 a
3121 3908 3226 3959 quo
3268 3904 3456 3946 cuncta
3492 3905 3669 3947 creata

2092 3992 2236 4037 sunt.
2286 3982 2435 4036 Nunc
2482 3981 2548 4035 ad
2598 3982 2770 4035 tertia:
2816 3983 2982 4050 partis
3030 3983 3307 4037 veniamus
3346 3985 3575 4048 initiutn,
3618 3987 3670 4038 in

2092 4089 2195 4143 qua
2228 4075 2417 4127 iterum
2452 4073 2705 4142 propheta
2746 4074 3061 4142 reloquitur.

2160 4161 2313 4215 Vers.
2350 4162 2404 4215 5.
2447 4160 2650 4215 Juravit
2692 4160 2965 4227 Dominus,
3009 4172 3056 4216 et
3095 4180 3194 4215 non
3228 4164 3479 4232 paenitebit
3507 4183 3618 4217 eum
3650 4182 3672 4218 :

2085 4253 2164 4306 Tu
2203 4270 2254 4306 es
2297 4253 2549 4308 Sacerdos
2592 4255 2643 4305 in
2688 4262 2932 4307 cetcmum
2968 4256 3247 4307 secundum
3280 4257 3506 4310 ordinem
3535 4257 3670 4310 Mel-

2086 4342 2371 4397 chisedeelt.
2420 4343 2515 4396 llic
2566 4343 2754 4395 iterum
2806 4345 3063 4412 prapheta
3118 4345 3278 4414 (sicut
3320 4347 3517 4398 dictum
3559 4349 3665 4415 est)

2089 4437 2495 4506 promissionem
2530 4444 2794 4489 memorat
2837 4436 3033 4490 Patris.
3072 4436 3277 4491 Iuravit
3320 4439 3461 4492 enim
3505 4437 3663 4502 Fi'iu,

393 4543 600 4582 norem.
639 4526 701 4579 In
746 4529 827 4580 die
864 4526 1126 4596 signiﬁcat
1164 4528 1540 4587 mternitatem,
1584 4528 1670 4581 ubi
1718 4542 1852 4581 unus
1891 4534 1974 4581 est
2003 4526 2055 4587 Ι)
2086 4529 2178 4583 sed
2225 4527 2334 4597 jam
2372 4525 2607 4592 Christo,
2640 4527 2729 4594 qui
2771 4541 2834 4579 ex
2883 4526 3045 4579 Maria
3103 4526 3317 4595 Virgine
3362 4538 3515 4582 natus
3558 4538 3660 4581 est.

392 4623 527 4684 dies,
563 4621 646 4675 ubi
691 4623 800 4686 jam
836 4635 866 4673 a
910 4620 1078 4673 beatis
1103 4620 1321 4673 claritas
1348 4630 1401 4673 et
1435 4620 1606 4672 virtus
1635 4620 1814 4673 divina
1846 4636 1976 4673 cun-

392 4713 632 4776 spicitur,
664 4714 730 4764 de
758 4726 861 4777 quo
907 4712 1164 4779 scriptum
1206 4720 1287 4765 est
1327 4726 1343 4764 :
1381 4709 1525 4763 Beati
1565 4712 1757 4764 mundo
1788 4711 1974 4779 corde,

393 4806 630 4874 quoniam
661 4807 758 4872 ipsi
790 4806 948 4858 Deum
981 4806 1218 4859 videbunt
1250 4804 1458 4877 (Matth.
1494 4820 1543 4869 v,
1575 4806 1650 4875 8).
1685 4806 1749 4859 Et
1778 4806 1843 4859 de
1871 4806 1973 4859 im-

395 4898 494 4965 piis
525 4898 712 4965 legitur
746 4916 757 4951 :
791 4898 1025 4952 Tollatur
1070 4900 1278 4970 impius,
1319 4915 1381 4952 ne
1423 4900 1588 4951 videat
1616 4898 1836 4969 gloriam
1872 4898 1976 4952 ‘Dei

391 4987 545 5059 (lsai.
578 5007 722 5056 xxvi,
756 4990 869 5057 10).
900 4992 1096 5045 Omnes
1126 4996 1267 5044 enim
1294 4992 1544 5047 videbunt
1579 4992 1768 5045 Filium
1802 4991 1978 5045 homi-

390 5083 472 5138 nis
514 5081 756 5151 judicare
805 5085 958 5135 vivos
1001 5092 1053 5136 et
1092 5092 1347 5141 mortuos,
1382 5084 1472 5136 scd
1506 5083 1758 5135 deitatem
1811 5082 1973 5147 ipsius

387 5177 487 5229 soli
539 5176 831 5229 beatissimi
871 5186 1213 5230 contuentnr.
1257 5176 1352 5230 libi
1400 5187 1519 5229 sunt
1563 5177 1634 5228 illi
1676 5177 1763 5244 qui
1812 5177 1971 5229 etiam

388 5284 527 5322 nunc
557 5272 688 5323 duas
717 5278 933 5321 naturas
968 5269 1018 5321 in
1052 5268 1265 5321 Christo
1302 5268 1526 5320 Domino
1557 5267 1775 5319 minime
1800 5266 1972 5320 conﬁ-

390 5360 602 5412 tentur?
639 5359 890 5413 l‘cccator
918 5358 1057 5411 videt
1090 5359 1494 5418 humanitatem,
1526 5358 1711 5409 beatus
1751 5358 1967 5422 consm-

386 5452 457 5502 cit
487 5452 638 5503 simul
674 5460 727 5505 et
768 5451 1039 5503 deitatem.
1085 5450 1235 5516 Quod
1270 5450 1313 5503 si
1348 5466 1446 5501 una
1480 5460 1619 5503 esset
1653 5451 1730 5521 (ut
1762 5452 1969 5503 conﬁn-

388 5542 537 5607 gunt)
568 5552 775 5606 natura,
807 5559 909 5595 non
955 5551 1195 5610 poti-rant
1230 5552 1535 5606 peccatores
1566 5557 1779 5596 carnem
1813 5557 1969 5611 quam

392 5645 809 5697 cnnipitmternnt
857 5638 906 5686 in
957 5634 1350 5686 risnrrectione
1386 5634 1554 5686 solam
1600 5636 1885 5701 respicere,
1920 5643 1976 5688 et

394 5718 644 5773 deitatem
676 5722 771 5789 ipsi
801 5740 839 5776 :s
873 5726 1069 5792 pariter
1100 5740 1203 5779 non
1235 5724 1436 5779 videre.
1464 5723 1776 5793 Splcndom
1798 5737 1971 5781 autem

2084 4622 2215 4675 Nam
2259 4619 2361 4674 soli
2404 4618 2579 4673 Verbo
2616 4618 2741 4685 quid
2784 4618 2956 4687 potuit
2995 4619 3329 4687 promittere,
3365 4620 3453 4688 qui
3482 4620 3661 4673 ontuia

2082 4727 2203 4767 Cum
2230 4712 2344 4780 ipso
2371 4723 2585 4777 semper
2607 4710 2752 4763 nosci
2763 4717 2845 4762 tur
2868 4710 3179 4777 possidere?
3196 4708 3386 4763 Jurare
3412 4722 3491 4766 est
3519 4710 3661 4765 enim

2078 4805 2275 4874 aliquid
2318 4803 2528 4857 ﬁrmum
2578 4802 2679 4855 sub
2719 4802 3063 4856 attestatione
3106 4803 3437 4872 promittere.
3476 4804 3541 4857 Et
3575 4804 3660 4856 cui

2084 4897 2275 4950 milius
2303 4894 2591 4950 convenire
2641 4893 2853 4961 poterit,
2900 4893 3000 4945 nisi
3050 4893 3123 4946 illi
3164 4894 3253 4961 qui
3289 4894 3552 4948 sermonis
3578 4894 3660 4947 sui

2081 4989 2330 5042 cll'cclum
2363 4987 2544 5039 divina
2578 4993 2838 5054 potestate
2862 4984 3186 5054 complevit?
3214 4986 3352 5038 sicut
3378 4985 3662 5053 Apostolus

2078 5081 2205 5133 dicit
2230 5080 2282 5132 itt
2309 5079 2539 5146 Epistula
2564 5093 2681 5144 qua:
2704 5076 2957 5129 scribitur
2984 5076 3049 5128 ad
3080 5077 3369 5129 llebrmos:
3400 5077 3466 5130 Ut
3494 5086 3662 5130 esten-

2078 5173 2214 5224 deret
2268 5170 2405 5223 Deus
2470 5170 2856 5239 pollicitationis
2922 5168 3004 5222 Ita:
3034 5169 3209 5222 edibus
3262 5170 3659 5221 immobilitatem

2079 5265 2280 5318 consilii
2310 5264 2410 5326 sui,
2440 5262 2741 5327 interposuit
2775 5263 3165 5332 jusjurandum,
3213 5272 3266 5315 ut
3311 5278 3399 5328 per
3427 5263 3554 5316 duas
3581 5278 3659 5315 res

2074 5354 2376 5420 immobiles,
2405 5353 2588 5423 quibus
2635 5352 2949 5418 impossibile
2988 5363 3058 5407 est
3100 5354 3300 5405 mentiri
3335 5352 3516 5415 Deum,
3550 5357 3651 5418 for-

2076 5448 2328 5501 tissimum
2356 5444 2595 5497 solatium
2623 5442 2919 5507 habeamus,
2945 5444 3029 5510 qui
3056 5443 3376 5513 confugimus
3396 5443 3463 5493 ad
3488 5452 3658 5497 tenen-

2078 5544 2197 5595 dam
2229 5541 2541 5610 prOpositam
2570 5555 2730 5605 spem,
2764 5554 2915 5607 quam
2944 5539 3074 5591 sicut
3116 5542 3388 5591 anchoram
3422 5538 3659 5593 habemus

2078 5633 2267 5685 anima:
2297 5638 2456 5682 tutam
2484 5645 2545 5680 ac
2577 5628 2779 5696 ﬁrmam
2812 5626 2998 5697 (Hebr.
3026 5642 3095 5689 vt,
3136 5627 3218 5693 17,
3255 5626 3340 5691 18,
3382 5629 3490 5693 19).
3525 5627 3656 5682 lliuc

2080 5734 2161 5780 est
2191 5725 2346 5780 (sicut
2383 5723 2492 5792 jam
2531 5721 2732 5777 dictum
2762 5722 2865 5791 εει)
2900 5720 3039 5791 quod
3072 5720 3315 5777 homines
3345 5716 3519 5787 iurare
3544 5734 3655 5775 me-
