3966 6172
235 280 319 338 ῒθτ
1160 288 1526 347 EXPOSITIO
1566 293 1631 349 lN
1675 294 2130 355 PSALTFBIUM.
2174 299 2359 354 PSAL.
2404 300 2534 353 CIX.

3376 307 3474 362 788

230 400 325 450 rita
349 393 724 464 prohibentur,
755 396 879 450 dum
905 398 1041 466 quod
1075 399 1292 457 efﬁcere
1315 413 1606 473 nequeunt,
1635 415 1799 459 teme-
1830 413 1875 469 Α
1903 412 2253 479 conquassabit
2285 414 2451 481 capita
2479 415 2639 467 multa
2669 415 2717 468 in
2751 425 2885 469 terra
2926 419 3147 486 copiosa.
3181 419 3475 491 Proprietao

230 488 357 542 rarie
393 486 496 541 sub
534 485 629 542 Déi
667 491 1011 545 attestatione
1058 494 1390 562 promittunt.
1421 495 1575 551 Iurat
1615 509 1792 552 autem

233 596 316 648 per
340 596 399 635 se
429 580 592 647 Deus,
623 584 761 637 sicut
794 584 1022 638 Abrahzc
1060 587 1302 654 promisit
1334 606 1346 640 :
1387 588 1507 644 Vivo
1532 606 1642 659 ego,
1676 592 1795 644 dicit

237 670 469 727 Dominus
497 689 516 727 :
539 675 783 744 quoniam
812 678 1004 731 audisti
1051 695 1219 732 vocem
1263 698 1447 750 meam,
1488 692 1537 736 et
1576 700 1675 736 non
1708 703 1799 753 pe-

232 764 421 831 percisti
450 763 561 830 filio
592 774 679 815 tuo
709 766 860 819 unico
888 778 1094 835 propter
1117 786 1195 823 me
1222 785 1240 823 :
1269 772 1367 824 nisi
1389 772 1685 827 benedicens
1717 776 1798 827 be-

232 853 446 905 iudicum
485 862 535 907 te
582 853 735 924 (Gen.
782 872 914 921 χιιι,
956 857 1045 922 16,
1097 860 1211 931 l7),
1254 871 1356 916 etc.
1396 861 1502 916 Nec
1542 865 1799 934 paenitebit

228 958 352 1009 eum,
385 943 592 1013 utique,
623 946 875 1015 quoniam
905 948 973 1003 de
1006 950 1095 1005 tali
1126 966 1189 1006 ac
1223 961 1365 1006 tanta
1401 954 1800 1025 dispensatione

228 1046 405 1091 cuncta
446 1038 626 1106 gavisa
668 1049 811 1093 sunt.
854 1040 1010 1110 Legis
1050 1046 1235 1111 etiam,
1268 1044 1488 1101 Paenitet
1518 1065 1596 1102 me
1622 1051 1800 1121 fecisse

228 1123 472 1179 hominem
503 1125 658 1194 (Cen.
689 1145 762 1191 vr,
797 1130 874 1200 7),
906 1135 1122 1203 quando
1148 1144 1274 1192 ante
1304 1138 1484 1194 diluvii
1513 1141 1796 1196 adventum

225 1215 377 1269 corda
421 1218 728 1273 mortalium
770 1220 1140 1279 demerserant
1171 1227 1221 1281 in
1253 1231 1514 1298 gurgitem
1556 1244 1800 1299 peceato-

222 1321 354 1359 rmn.
395 1308 506 1359 lloc
545 1302 721 1363 autem
752 1311 947 1367 dicitur
990 1331 1086 1383 pro
1134 1316 1476 1375 humanitatis
1514 1334 1800 1377 consuetu-

222 1396 357 1460 diue,
382 1398 469 1450 cui
500 1398 660 1453 aliter
685 1416 770 1455 res
794 1417 953 1471 quam
983 1406 1265 1461 videbatur
1291 1425 1511 1477 sperare
1536 1414 1794 1469 succedit.

221 1487 488 1555 Sequitur,
521 1501 573 1541 tu
605 1507 656 1544 es
684 1492 939 1549 Sacerdos
972 1496 1024 1549 in
1056 1507 1301 1552 a’ternum
1337 1505 1613 1555 secundum
1654 1505 1797 1557 ordi-

218 1595 328 1630 nem
370 1580 770 1637 Melchisedech.
824 1584 935 1640 lloc
975 1588 1132 1640 etiam
1187 1591 1443 1655 proitheta
1492 1594 1798 1660 promisisse

220 1668 349 1722 Filio
377 1681 766 1726 commemorat
792 1673 1023 1729 Patrem.
1049 1678 1145 1732 Cui
1167 1684 1309 1734 enim
1339 1692 1512 1750 p0test
1540 1685 1797 1740 veraciter

1901 510 1980 553 tes
2012 502 2215 555 intuere
2256 504 2555 559 verborum.
2591 506 2761 575 Reges
2791 506 3203 579 confringendos
3232 512 3285 566 in
3315 528 3474 580 supe-

1900 591 2042 646 riore
2066 608 2218 646 versu
2237 594 2367 647 dixit
2392 608 2604 661 propter
2626 597 2930 663 superbiam
2956 602 3306 669 tyrannicatn,
3332 618 3476 656 nunc

1900 683 2123 749 populos
2143 684 2374 755 judicari
2400 685 2643 753 perhibet
2673 698 2887 756 propter
2912 701 3123 756 peccata
3146 693 3469 759 communia;

1901 774 2108 843 utrique
2140 785 2314 829 tamen
2345 794 2369 826 a
2405 779 2512 830 suis
2554 778 2935 836 intentionibus
2982 780 3207 838 feliciter
3253 785 3472 854 cadunt,

1901 866 2026 919 dum
2054 882 2085 921 a
2116 869 2292 935 priore
2321 870 2644 938 maligni:a'e
2675 871 2813 925 bono
2855 876 3125 942 proposito
3163 881 3472 935 conversio-

1901 958 1984 1011 nis
2028 958 2341 1013 abscedunt.
2383 961 2452 1014 Et
2495 964 2773 1017 considera
2824 968 3090 1034 quomodo
3134 970 3217 1024 hic
3254 972 3470 1038 dicitur,

1892 1050 2133 1117 judicare
2163 1060 2216 1103 ιιι
2246 1050 2453 1118 impleat
2482 1052 2679 1108 ruinas.
2715 1053 2898 1125 Implet
2926 1058 3065 1112 enim
3088 1062 3282 1125 ruinas,
3308 1079 3473 1131 quan.

1900 1138 1970 1191 do
1996 1139 2061 1194 de
2090 1142 2339 1194 cordibus
2372 1144 2615 1196 humanis
2652 1145 2771 1199 facit
2801 1160 3012 1214 peccata
3043 1166 3314 1217 corruere,
3339 1154 3473 1209 deli-

1900 1242 2090 1298 ctaque
2152 1232 2304 1282 noxia
2369 1233 2744 1289 emendatione
2794 1237 3137 1292 saluberrima
3188 1242 3471 1310 diSperire.

1900 1321 2050 1388 Quod
2103 1338 2195 1389 per
2237 1324 2364 1377 illud
2410 1327 2710 1393 exetnplutn
2751 1339 2923 1395 potest
2953 1331 3203 1403 intelligi,
3237 1335 3321 1389 tibi
3351 1336 3424 1389 ait
3458 1353 3471 1389 :

1905 1411 2140 1467 Destrues
2168 1432 2270 1479 eos,
2304 1426 2350 1468 et
2395 1434 2493 1470 non
2538 1420 2815 1487 trdi/icabis
2859 1439 2942 1475 eos
2987 1422 3156 1493 (Psal.
3193 1441 3352 1491 xxvtl,
3386 1427 3473 1496 5);

1899 1504 2037 1587 quod
2072 1506 2250 1574 utique
2292 1524 2393 1560 non
2436 1509 2722 1573 diceretur,
2755 1513 2855 1566 nisi
2887 1514 3289 1571 destt-uerentur
3313 1518 3473 1587 aliqui

1870 1576 2205 1664 .prosperius
2255 1598 2561 1654 innovandi.
2613 1603 2883 1670 Sequitur,
2920 1609 3275 1677 conquassabit
3305 1612 3474 1679 capita

1900 1688 2058 1740 multa
2082 1691 2131 1740 in
2155 1701 2287 1744 terra
2306 1693 2532 1757 copiosa.
2564 1692 2750 1759 Capita
2772 1695 2984 1750 illorum
3006 1699 3186 1766 utique
3206 1702 3293 1769 qui
3317 1713 3474 1772 caput

216 1774 267 1819 et
294 1767 575 1822 evidenter
603 1772 798 1838 aptari,
830 1771 932 1825 nisi
980 1773 1206 1829 Domino
1241 1776 1525 1842 Salvatori,
1556 1780 1642 1848 qui
1674 1797 1795 1834 cor-
1832 1780 1871 1837 Β
1904 1794 2005 1830 ιιοΠ
2049 1779 2238 1835 habent
2282 1782 2582 1849 Christum;
2632 1800 2753 1839 nam
2804 1788 2890 1854 qui
2942 1767 3473 1848 diabolitmoiversis

216 1870 307 1924 pus
334 1867 387 1911 et
417 1859 732 1928 sanguinein
760 1876 914 1915 suum
957 1864 1008 1915 in
1047 1866 1198 1934 panis
1239 1882 1300 1920 ac
1340 1868 1444 1922 vini
1484 1872 1796 1940 erogatione

214 1948 515 2002 salutariter
535 1952 905 2007 consecravit?
925 1954 1063 2010 sicut
1094 1956 1204 2022 ipsc
1234 1957 1285 2011 itt
1316 1958 1608 2028 Evangelia
1629 1962 1790 2017 dicit:

216 2037 329 2092 Nisi
357 2041 782 2098 manducaueritis
810 2062 1014 2099 carnem
1054 2042 1180 2100 Filii
1218 2048 1457 2117 hominis,
1486 2062 1531 2103 et
1573 2052 1793 2109 biberitis

215 2131 318 2200 ejus
363 2134 684 2203 sanguinem,
720 2151 821 2189 non
866 2136 1111 2191 habebitis
1153 2139 1304 2192 vitam
1342 2150 1583 2195 wternam
1611 2141 1788 2214 (Joan.

220 2236 287 2283 vi,
328 2223 440 2291 54).
475 2224 578 2279 Sed
612 2225 663 2279 in
697 2227 793 2279 ista
825 2243 987 2281 carne
1017 2242 1079 2282 ac
1104 2232 1360 2299 sanguine
1391 2233 1462 2286 nil
1488 2244 1788 2301 cruentum,

218 2316 281 2367 nil
320 2320 670 2387 COl'tUpliiJiiC
714 2337 867 2377 mens
916 2323 1149 2378 humana
1197 2328 1458 2396 concipiat
1493 2344 1506 2379 :
1540 2346 1605 2383 ne
1631 2329 1788 2398 (sicut

213 2410 335 2464 dicit
357 2412 666 2481 Apostolus)
691 2414 792 2479 Qui
813 2416 948 2469 enim
974 2432 1168 2486 corpus
1193 2419 1396 2473 Domini
1421 2421 1625 2491 indigne
1646 2438 1787 2475 man-

212 2506 380 2568 ducut,
424 2507 669 2571 iudicium
715 2509 811 2561 sibi
856 2510 1126 2563 manducat
1168 2510 1217 2582 (I
1250 2510 1367 2566 Cor.
1420 2529 1493 2578 st,
1536 2512 1658 2584 “29);
1692 2514 1784 2568 sed

210 2598 603 2652 viviticatricem
635 2601 987 2655 substantiam
1016 2611 1175 2671 atque
1198 2603 1508 2670 salutarem,
1539 2616 1588 2657 et
1619 2603 1785 2672 ipsius

208 2689 365 2745 Verbi
407 2694 677 2761 prepriam
733 2692 949 2760 factam,
994 2710 1089 2763 per
1127 2711 1283 2765 quam
1327 2707 1663 2764 peccatorum
1697 2712 1784 2771 re-

206 2782 386 2836 missio
409 2792 463 2837 et
488 2792 701 2838 aeterna:
730 2784 850 2840 vita:
889 2785 1030 2847 dona
1071 2796 1408 2855 praestantur.
1440 2788 1607 2854 Quem
1639 2789 1784 2841 ordi-

205 2890 322 2930 nem
346 2892 441 2947 per
460 2878 738 2947 mysticam
764 2877 1164 2932 similitudinem
1194 2878 1578 2933 Melchisedech
1597 2879 1784 2949 justis-

202 2969 367 3022 sitnus
410 2984 502 3023 rex
553 2968 799 3034 instituit,
847 2969 1061 3038 quando
1107 2970 1331 3023 Domino
1378 2970 1527 3038 panis
1572 2980 1625 3024 et
1674 2971 1779 3023 vini

200 3057 404 3113 fructus
432 3060 643 3114 obtulit.
682 3058 904 3114 Constat
930 3060 1072 3115 enim
1105 3060 1371 3129 pecudum
1405 3060 1646 3115 victimas
1687 3075 1778 3131 pe—

1898 1881 2189 1936 sequuutnr
2218 1872 2512 1934 erroribus,
2536 1882 2655 1927 eum
2686 1875 2881 1931 fuerint
2906 1880 3156 1942 correcti,
3179 1880 3352 1949 capite
3374 1897 3472 1936 suo

1896 1965 2014 2019 sine
2061 1966 2392 2020 dubitatione
2432 1981 2772 2037 quassantur.
2806 1970 2971 2040 Caput
3001 1988 3128 2028 vero
3155 1974 3349 2030 dicitur
3375 1991 3469 2030 su-

1896 2055 2058 2110 blime
2102 2068 2259 2124 atque
2302 2059 2612 2114 honorabile
2642 2060 2851 2115 culmen
2880 2063 3121 2132 corporis
3151 2064 3343 2130 nostri,
3370 2080 3469 2133 ap-

1896 2147 2150 2215 pellatum
2198 2162 2227 2201 a
2275 2148 2564 2215 capiendo,
2612 2150 2754 2220 quod
2801 2166 2991 2207 sensus
3036 2162 3248 2210 nostros
3293 2157 3469 2224 capiat

1895 2238 2198 2298 univorsos.
2248 2238 2298 2291 id
2346 2249 2427 2294 est
2474 2241 2668 2306 visum,
2718 2243 2977 2309 auditum,
3025 2254 3260 2314 gustum,
3306 2247 3470 2318 380

1892 2328 2165 2393 ollactum,
2202 2338 2421 2397 tactum,
2454 2332 2595 2398 quod
2642 2333 2821 2402 utique
2865 2334 2968 2387 alia
3018 2337 3254 2390 membra
3288 2347 3466 2392 nostra

1891 2432 2117 2490 excepto
2148 2432 2289 2475 tactu
2322 2440 2426 2476 non
2466 2426 2700 2493 Cupiunt.
2748 2426 2810 2479 Et
2858 2428 2980 2481 ideo
3022 2440 3176 2496 caput
3225 2440 3465 2486 nostrum

1889 2524 2035 2565 recte
2060 2530 2342 2581 possumus
2364 2515 2564 2579 dicere,
2595 2533 2753 2587 quem
2780 2519 3118 2574 decernimus
3140 2523 3311 2589 sequi.
3341 2521 3466 2575 Ter-

1887 2617 1999 2653 ram
2032 2617 2159 2655 vero
2184 2605 2441 2672 copiosam
2468 2603 2616 2669 dicit,
2645 2621 2763 2674 qua:
2796 2618 3102 2673 peccatores
3132 2610 3465 2666 abundantes

1887 2693 2108 2754 enutrit,
2137 2695 2286 2761 quasi
2320 2710 2547 2749 messem
2587 2710 2913 2767 germenque
2942 2698 3211 2753 vitiorum.

1962 2783 2112 2837 Vers.
2146 2786 2197 2838 ι’.
2246 2783 2319 2837 De
2347 2794 2567 2838 torrente
2594 2787 2644 2838 in
2675 2787 2753 2839 via
2783 2787 2913 2841 bibet
2939 2786 3091 2859 [mss.
3122 2790 3215 2857 A.,
3248 2790 3332 2849 Β..
3372 2788 3458 2855 F.,

1885 2872 2058 2946 bibit];
2089 2883 2356 2941 propterea
2396 2874 2639 2929 eraltabit
2678 2887 2851 2947 caput.
2882 2877 3114 2933 Torrens
3145 2879 3240 2932 luit
3271 2880 3460 2934 turbu-

1884 2968 2025 3023 lenta
2073 2969 2374 3037 persecutio
2403 2967 2731 3033 Judazorum,
2763 2969 2833 3026 de
2873 2986 2975 3041 qua
3024 2971 3279 3026 Dominus
3305 2972 3460 3027 Chri-

1882 3070 1997 3114 stus
2037 3059 2159 3112 bibit
2196 3061 2246 3113 in
2278 3059 2379 3125 via,
2403 3059 2453 3113 id
2480 3069 2562 3113 est
2588 3061 2638 3114 in
2670 3058 2769 3115 hac
2800 3060 2905 3115 vita
2931 3060 3058 3116 dum
3089 3077 3313 3132 corpore
3339 3079 3461 3134 per.

200 3151 375 3216 riisse,
405 3166 523 3222 qua:
554 3151 768 3207 fuerunt,
813 3152 1018 3208 ordinis
1063 3152 1241 3207 Aaron
1285 3162 1339 3208 et,
1385 3153 1774 3210 Melchisedech
1806 3155 1851 3217 ρ
1884 3149 2019 3203 tulit.
2045 3148 2153 3204 Sed
2179 3149 2304 3202 dum
2333 3149 2384 3201 in
2412 3150 2493 3203 via
2521 3149 2736 3215 dicitur,
2766 3149 2911 3205 illata
2942 3152 3024 3205 vis
3050 3153 3374 3219 ostenditur,
3404 3163 3461 3209 et

200 3256 419 3296 manere
465 3243 640 3312 podus
687 3243 1020 3309 institutum,
1068 3244 1208 3314 quod
1254 3253 1364 3299 toto
1411 3244 1543 3299 orbe
1593 3246 1643 3298 in
1692 3259 1777 3299 sa—

197 3345 594 3389 cramentorum
651 3336 962 3405 erogatione
1020 3337 1349 3400 celebratur;
1405 3336 1546 3407 quod
1603 3336 1778 3391 adhuc

194 3423 361 3480 Judaei
394 3441 499 3479 non
528 3426 831 3495 intelligunt
858 3427 1131 3493 obstinati,
1161 3443 1281 3482 cum
1311 3443 1494 3483 eorum
1523 3438 1577 3483 et
1603 3444 1781 3485 sacer-

194 3517 288 3571 dos
316 3528 372 3573 et
402 3518 660 3573 sacriﬁcia
693 3520 758 3573 de
788 3518 963 3574 medio
993 3519 1285 3587 probentur
1303 3520 1500 3573 ablata.
1527 3519 1778 3575 Sacerdos

193 3620 368 3664 autem
412 3613 677 3681 prmciptle
709 3613 904 3667 dicitur
932 3612 1193 3679 Christus,
1237 3612 1324 3682 qui
1369 3613 1532 3668 semel
1577 3628 1635 3667 se
1682 3629 1778 3682 pro

194 3702 346 3755 nobis
372 3702 566 3756 obtulit
606 3703 1009 3765 immolandum,
1042 3703 1108 3757 de
1140 3719 1244 3772 quo
1278 3703 1405 3756 dicit
1441 3704 1726 3771 Apostolus
1761 3720 1775 3757 :

196 3792 333 3848 Talis
362 3796 498 3850 enim
540 3795 766 3859 decebat,
796 3807 850 3847 ut
894 3796 1037 3849 nobis
1078 3806 1204 3849 esset
1252 3797 1503 3865 pontifex.
1546 3806 1776 3859 sanctus,

193 3887 454 3954 innocens,
491 3888 809 3958 impollutus,
838 3900 1129 3959 segregatus
1154 3906 1185 3941 a
1216 3889 1587 3957 peccatoribus,
1614 3900 1661 3942 et
1690 3905 1779 3942 ca:-

195 3980 370 4031 celsior
396 3978 533 4033 uelis
564 3962 728 4047 factus
757 3977 942 4048 (Hebr.
975 3993 1065 4043 vn,
1097 3978 1213 4049 26).
1242 3978 1410 4046 Quem
1438 3993 1652 4033 sensum
1679 3980 1780 4032 mi-

195 4072 429 4127 rabiliter
467 4084 521 4126 et
560 4073 839 4127 evidenter
876 4075 1205 4142 exsequitur.
1253 4072 1319 4125 In
1363 4082 1610 4127 wternum
1649 4087 1779 4126 vero

198 4176 310 4217 eam
338 4165 555 4227 dicitur,
602 4165 713 4232 ipse
756 4164 1088 4233 signiﬁcatur
1120 4165 1374 4219 Dominus
1398 4164 1660 4229 Christus,
1684 4162 1779 4233 qui

198 4266 469 4321 permanet
500 4256 549 4309 in
584 4254 751 4324 gloria
782 4257 1130 4324 sempiterna.

264 4347 411 4403 Vers.
442 4350 496 4403 6.
529 4347 779 4402 Dominus
803 4365 833 4400 a
853 4349 1046 4403 dextris
1071 4350 1172 4405 tuis
1195 4365 1213 4403 :
1240 4350 1489 4420 confregit
1513 4350 1565 4403 in
1590 4351 1672 4403 die
1690 4350 1781 4403 ira:

208 4452 295 4493 stne
323 4457 486 4513 reges.
510 4441 659 4508 Quod
700 4441 856 4495 Pa'er
891 4440 1083 4496 dicitur
1112 4440 1324 4508 fecisse,
1358 4442 1456 4495 hoc
1483 4453 1532 4494 et
1563 4442 1777 4507 Filium,

1880 3238 2250 3294 velocissimus
2278 3238 2533 3293 transitus
2564 3238 2845 3303 indicatur,
2880 3255 2973 3309 per
3011 3254 3167 3311 quem
3199 3242 3459 3298 itinerari-

1880 3340 1961 3384 tes
2002 3330 2121 3385 vehi
2149 3330 2324 3385 solent
2362 3330 2428 3384 ad
2468 3330 2629 3384 aliam
2670 3331 3023 3387 mansionem.
3072 3332 3191 3399 Ipse
3236 3342 3321 3388 est
3365 3349 3460 3388 au-

1879 3430 1984 3474 tem
2023 3422 2110 3491 qui
2158 3420 2377 3482 audivit,
2423 3420 2558 3476 Sede
2594 3439 2627 3474 a
2671 3422 2863 3476 dextris
2899 3424 3062 3488 meis;
3110 3425 3224 3492 ipse
3253 3434 3337 3480 est
3373 3426 3459 3481 cui

1878 3511 2093 3574 dicitur,
2128 3511 2205 3565 Ttt
2227 3528 2277 3565 es
2311 3510 2564 3566 Sacerdos
2590 3512 2644 3566 in
2672 3522 2917 3566 teternum
2934 3517 3208 3569 secundum
3232 3517 3459 3571 ordinem

1881 3603 2287 3668 Melchisedech;
2310 3606 2421 3672 ipse
2437 3605 2524 3675 qui
2550 3615 2871 3674 conquassat
2893 3607 3064 3677 capita
3088 3618 3455 3676 peccatorum;

1878 3695 1961 3748 cui
2006 3704 2223 3765 propter
2266 3696 2513 3775 meritum
2567 3696 2814 3766 gloriosa:
2863 3700 3125 3767 passionis
3170 3702 3345 3754 datum
3385 3713 3458 3757 est

1880 3802 2060 3839 nomen
2087 3788 2221 3850 quod
2253 3797 2322 3839 est
2353 3802 2504 3854 super
2531 3804 2678 3841 omne
2706 3805 2910 3855 nomen,
2944 3800 2997 3843 ut
3030 3792 3083 3843 in
3118 3793 3320 3845 nomine
3348 3796 3459 3863 ejus

1878 3893 2024 3931 amne
2050 3894 2181 3947 genu
2208 3879 2442 3945 flectatur
2473 3879 2765 3943 caelestium,
2812 3883 3121 3933 terrestrium
3154 3893 3200 3936 et
3233 3884 3459 3953 inferno-

1878 3982 1991 4019 rum
2032 3965 2255 4036 (Philip.
2304 3981 2362 4032 ιι,
2397 3966 2449 4030 9,
2495 3967 2605 4035 l0).
2650 3968 2812 4022 Audis
2861 3984 3094 4037 passum,
3138 3987 3340 4042 pagane
3371 3976 3454 4029 vel

1878 4056 2082 4121 Judaee,
2118 4058 2231 4126 lege
2260 4066 2317 4112 et
2346 4057 2518 4127 ipsum
2548 4072 2668 4113 esse
2697 4058 2931 4113 futurum
2957 4061 3209 4129 judicem,
3236 4072 3294 4117 ut
3322 4078 3456 4118 con-

1878 4149 2158 4204 tremiscas
2181 4149 2601 4219 omnipotentem
2629 4149 2817 4218 Deum,
2842 4152 2935 4221 qui
2962 4152 3231 4209 hominem
3248 4154 3458 4223 iudicas

1878 4240 2273 4311 negligendum.

2413 4382 2685 4438 Conclusio
2724 4384 2928 4455 psalmi.

209 4527 291 4583 hoc
323 4542 378 4586 et
415 4532 670 4600 Spiritum
712 4543 955 4587 sanctum
995 4533 1112 4587 sine
1140 4533 1301 4587 dubio
1340 4545 1545 4588 constat
1580 4550 1771 4603 opera-

1951 4522 2220 4590 Septimus
2271 4523 2484 4593 quidem
2536 4525 2769 4593 psalmus
2816 4534 2897 4580 est
2944 4540 3103 4596 quem
3146 4525 3216 4582 de
3253 4526 3459 4584 duabus

208 4629 320 4677 tum.
355 4625 489 4679 Illud
521 4636 696 4679 autem
730 4641 947 4681 movere
978 4634 1172 4694 potest,
1203 4642 1322 4680 cum
1361 4627 1413 4680 in
1454 4626 1639 4695 psalmi
1672 4627 1772 4679 hu-

207 4709 275 4781 ius
323 4716 478 4769 initio
519 4716 675 4771 Pater
718 4716 909 4770 dixerit
958 4714 1091 4769 Filio
1122 4732 1135 4769 :
1172 4716 1306 4770 Sede
1334 4732 1365 4768 a
1395 4717 1583 4769 dextris
1615 4717 1770 4781 meis;

210 4816 331 4860 nunc
359 4808 552 4862 iterum
585 4810 843 4876 propheta
870 4806 996 4861 dicit
1022 4825 1053 4859 a
1080 4808 1271 4861 dextris
1307 4806 1422 4861 Filii
1452 4808 1619 4861 Patris
1647 4822 1774 4875 0pc-

209 4906 359 4952 tstsm
392 4898 557 4955 fuisse
587 4902 858 4953 virtutem.
883 4899 1033 4964 Quod
1064 4899 1181 4954 ideo
1208 4901 1403 4953 dictum
1434 4909 1534 4963 est,
1569 4909 1626 4953 ut
1655 4916 1774 4954 cum

208 4982 303 5044 haec
331 4992 646 5047 vicissitudo
675 4993 894 5061 :equalis
925 4993 1156 5060 ponitur,
1182 4991 1355 5059 majus
1379 4990 1465 5046 hic
1490 5002 1576 5044 aut
1600 4991 1776 5046 minus

203 5080 388 5147 aliquid
430 5084 577 5138 nullo
619 5084 779 5137 modo
828 5085 1107 5139 sentiatur.
1160 5084 1320 5153 Reges
1349 5085 1622 5154 confregit,
1658 5084 1775 5138 illos

196 5167 451 5237 Signiﬁcat
477 5175 545 5230 de
571 5175 763 5244 quibus
792 5190 954 5229 secuti
978 5178 1059 5228 lus
1089 5176 1327 5244 psalmus
1350 5175 1424 5228 ait
1451 5191 1465 5228 :
1497 5176 1778 5229 Astiterunt

194 5269 330 5329 "ges
354 5275 522 5330 terra,
554 5276 601 5318 et
634 5266 891 5332 principes
917 5276 1253 5319 convenerunt
1276 5266 1329 5318 in
1355 5282 1510 5317 unum
1537 5267 1776 5318 adversus

184 5338 469 5408 Dominum
497 5365 543 5408 et
572 5356 816 5408 adversus
846 5355 1099 5410 Christum
1128 5358 1237 5427 ejus
1270 5354 1440 5422 (Psal.
1471 5370 1532 5421 tt,
1564 5356 1637 5423 2).
1672 5355 1776 5410 llos

174 5447 475 5517 “infregit,
523 5446 738 5518 quando
783 5448 1087 5515 superbiam
1137 5462 1324 5502 eorum
1379 5448 1779 5515 omnipotentis:

162 5538 297 5589 “1:2
324 5539 525 5593 virtute
555 5539 847 5608 prostravit
877 5556 891 5591 :
923 5541 1046 5608 quia
1092 5540 1192 5593 nisi
1236 5539 1459 5593 inissent
1498 5537 1775 5602 confracti,

148 5614 219 5671 5"
266 5630 489 5687 malitia
518 5646 631 5688 sure
659 5632 839 5701 utique
868 5634 1030 5687 noxio
1058 5633 1232 5701 rigore
1260 5632 1630 5687 consli'crant.

261 5718 417 5777 Vers.
453 5722 508 5778 7.
553 5720 815 5780 Judicabit
850 5725 901 5779 in
940 5725 1256 5791 nationibus,
1298 5725 1523 5792 implebit
1568 5723 1771 5785 ruinas,

1882 4615 2088 4668 naturis
2120 4613 2325 4667 Domini
2356 4614 2551 4668 Christi
2603 4615 2941 4680 pra-dicatum
2971 4632 3091 4673 esse
3134 4620 3456 4674 memoravi-

1881 4718 2017 4756 mus.
2056 4703 2159 4757 Sed
2212 4705 2458 4772 quoniam
2505 4704 2632 4757 dicit
2674 4706 2959 4775 Apustolus
3002 4706 3069 4760 ad
3116 4708 3455 4762 Timotheum

1880 4797 2160 4852 seribens:
2197 4797 2431 4850 Prwdica
2480 4796 2698 4861 verbum,
2732 4799 2865 4852 insta
2910 4808 3213 4869 opportune,
3260 4801 3454 4866 impor-

1880 4900 2002 4943 tune
2037 4906 2055 4942 :
2082 4906 2262 4959 argue,
2296 4891 2589 4950 exhortare,
2618 4890 2825 4959 increpa
2847 4906 2964 4943 cum
2986 4892 3123 4943 omni
3150 4893 3393 4959 patientia
3413 4902 3460 4946 et

1880 4984 2112 5036 doctrina
2146 4981 2230 5052 (11
2260 4982 2392 5035 Tim.
2431 5000 2499 5047 tv,
2545 4984 2633 5053 2);
2680 4986 2835 5039 velim
2882 4986 3157 5040 vobiscum
3180 4986 3269 5055 qui
3299 5001 3458 5040 unam

1881 5084 2122 5128 naturam
2171 5074 2221 5128 in
2263 5072 2477 5128 Cliri~tu
2524 5074 2749 5128 Domino
2800 5074 2989 5128 iactam
3057 5076 3249 5144 putatis
3289 5075 3461 5131 adhuc

1880 5168 2106 5220 miscere
2141 5166 2422 5235 eolloquia.
2468 5166 2749 5220 Nobiscum
2791 5178 2938 5221 certe
2976 5167 3195 5221 creditis
3230 5166 3366 5233 quod
3409 5166 3461 5222 in

1881 5270 2031 5312 utero
2060 5258 2236 5311 Marize
2263 5273 2475 5325 semper
2505 5258 2733 5329 Virginis
2770 5259 2990 5313 Verbum
3012 5275 3130 5313 caro
3150 5258 3341 5327 factum
3365 5267 3459 5321 est,

1876 5360 1921 5401 et
1946 5348 2188 5399 habitavit
2220 5349 2269 5399 in
2300 5348 2441 5401 nobis
2484 5347 2665 5417 (Joan.
2700 5364 2735 5413 t,
2771 5348 2888 5416 H);
2922 5364 3146 5416 eumque
3170 5348 3221 5400 in
3250 5362 3459 5400 assum-

1880 5451 1969 5510 pta
2016 5439 2345 5495 humanitate
2392 5456 2603 5509 passum
2652 5450 2703 5495 et
2752 5442 3039 5507 sepulnnn,
3070 5441 3157 5509 qui
3191 5440 3341 5495 tertia
3374 5440 3460 5495 dge

1880 5530 2172 5586 resurrexit
2197 5545 2223 5581 a
2251 5533 2505 5594 mortuis;
2541 5532 2712 5585 visum
2743 5530 2937 5585 deinde
2965 5532 3312 5600 corporaliter
3333 5547 3461 5601 apo-

1879 5622 2036 5676 stolis
2061 5634 2125 5673 ac
2152 5620 2496 5675 credentibus
2526 5621 2657 5682 sibi;
2690 5620 2993 5675 ascendisse
3032 5636 3243 5691 quoque
3275 5622 3325 5675 in
3353 5638 3460 5678 ca:-

1884 5710 1965 5768 lus
1998 5726 2117 5766 cum
2170 5725 2328 5765 carne
2376 5728 2473 5782 qna
2518 5714 2809 5767 resurrexit
2856 5727 2883 5765 a
2927 5714 3171 5782 mortuis,
3207 5718 3459 5771 Laetenus
