  <div class='ocr_page' id='page_1' title='image "/cluster/home/n/w/nwhite01/storage/ocr_20150623/70/hvd.32044054758735/405.png"; bbox 0 0 3966 6172; ppageno 0'>
   <div class='ocr_carea' id='block_1_1' title="bbox 515 321 612 377">
    <p class='ocr_par' dir='ltr' id='par_1_1' title="bbox 515 321 612 377">
     <span class='ocr_line' id='line_1_1' title="bbox 515 321 612 377; baseline 0.031 -3"><span class='ocrx_word' id='word_1_1' title='bbox 515 321 612 377; x_wconf 73' lang='lat'><strong>799</strong></span> 
     </span>
    </p>
   </div>
   <div class='ocr_carea' id='block_1_2' title="bbox 517 517 2093 596">
    <p class='ocr_par' dir='ltr' id='par_1_2' title="bbox 517 517 2093 596">
     <span class='ocr_line' id='line_1_2' title="bbox 517 517 2093 596; baseline -0.008 -16"><span class='ocrx_word' id='word_1_2' title='bbox 517 525 723 596; x_wconf 76' lang='lat' dir='ltr'><strong>sapitis,</strong></span> <span class='ocrx_word' id='word_1_3' title='bbox 756 525 843 593; x_wconf 99' lang='lat' dir='ltr'><strong>qui</strong></span> <span class='ocrx_word' id='word_1_4' title='bbox 877 537 1044 593; x_wconf 85' lang='lat' dir='ltr'><strong>usque</strong></span> <span class='ocrx_word' id='word_1_5' title='bbox 1090 519 1155 574; x_wconf 89' lang='lat' dir='ltr'><strong>ad</strong></span> <span class='ocrx_word' id='word_1_6' title='bbox 1197 520 1434 575; x_wconf 78' lang='lat' dir='ltr'><strong>cmlestia</strong></span> <span class='ocrx_word' id='word_1_7' title='bbox 1486 519 1841 586; x_wconf 86' lang='lat' dir='ltr'><strong>pervcnistis?</strong></span> <span class='ocrx_word' id='word_1_8' title='bbox 1881 517 1975 572; x_wconf 71' lang='lat' dir='ltr'><strong>llbi</strong></span> <span class='ocrx_word' id='word_1_9' title='bbox 2014 526 2093 570; x_wconf 84' lang='lat' dir='ltr'><strong>cst</strong></span> 
     </span>
    </p>
   </div>
   <div class='ocr_carea' id='block_1_3' title="bbox 517 609 2096 686">
    <p class='ocr_par' dir='ltr' id='par_1_3' title="bbox 517 609 2096 686">
     <span class='ocr_line' id='line_1_3' title="bbox 517 609 2096 686; baseline -0.006 -15"><span class='ocrx_word' id='word_1_10' title='bbox 517 632 644 686; x_wconf 80' lang='lat' dir='ltr'><strong>ergo</strong></span> <span class='ocrx_word' id='word_1_11' title='bbox 668 619 754 670; x_wconf 90' lang='lat' dir='ltr'><strong>illa</strong></span> <span class='ocrx_word' id='word_1_12' title='bbox 784 625 970 668; x_wconf 89' lang='lat' dir='ltr'><strong>natura</strong></span> <span class='ocrx_word' id='word_1_13' title='bbox 1000 629 1120 669; x_wconf 84' lang='lat' dir='ltr'><strong>eum</strong></span> <span class='ocrx_word' id='word_1_14' title='bbox 1146 628 1244 684; x_wconf 88' lang='lat' dir='ltr'><strong>qua</strong></span> <span class='ocrx_word' id='word_1_15' title='bbox 1272 611 1526 665; x_wconf 86' lang='lat' dir='ltr'><strong>Dominus</strong></span> <span class='ocrx_word' id='word_1_16' title='bbox 1552 610 1791 664; x_wconf 91' lang='lat' dir='ltr'><strong>ascendit</strong></span> <span class='ocrx_word' id='word_1_17' title='bbox 1820 611 1869 663; x_wconf 90' lang='lat' dir='ltr'><strong>in</strong></span> <span class='ocrx_word' id='word_1_18' title='bbox 1894 609 1992 663; x_wconf 70' lang='lat' dir='ltr'><strong>cod</strong></span> <span class='ocrx_word' id='word_1_19' title='bbox 2019 609 2096 662; x_wconf 70' lang='lat' dir='ltr'><strong>:s?</strong></span> 
     </span>
    </p>
   </div>
   <div class='ocr_carea' id='block_1_4' title="bbox 514 699 2097 777">
    <p class='ocr_par' dir='ltr' id='par_1_4' title="bbox 514 699 2097 777">
     <span class='ocr_line' id='line_1_4' title="bbox 514 699 2097 777; baseline -0.006 -15"><span class='ocrx_word' id='word_1_20' title='bbox 514 709 683 762; x_wconf 81' lang='lat' dir='ltr'><strong>Morte</strong></span> <span class='ocrx_word' id='word_1_21' title='bbox 710 707 818 777; x_wconf 84' lang='lat' dir='ltr'><strong>jam</strong></span> <span class='ocrx_word' id='word_1_22' title='bbox 851 707 1022 776; x_wconf 89' lang='lat' dir='ltr'><strong>perire</strong></span> <span class='ocrx_word' id='word_1_23' title='bbox 1054 721 1158 759; x_wconf 91' lang='lat' dir='ltr'><strong>non</strong></span> <span class='ocrx_word' id='word_1_24' title='bbox 1185 704 1374 773; x_wconf 85' lang='lat' dir='ltr'><strong>putuit,</strong></span> <span class='ocrx_word' id='word_1_25' title='bbox 1406 712 1632 757; x_wconf 83' lang='lat' dir='ltr'><strong>testante</strong></span> <span class='ocrx_word' id='word_1_26' title='bbox 1659 701 1914 768; x_wconf 82' lang='lat' dir='ltr'><strong>Apostoln</strong></span> <span class='ocrx_word' id='word_1_27' title='bbox 1943 719 1958 753; x_wconf 88' lang='lat'><strong>:</strong></span> <span class='ocrx_word' id='word_1_28' title='bbox 1987 699 2097 752; x_wconf 89' lang='lat' dir='ltr'><strong>lloc</strong></span> 
     </span>
    </p>
   </div>
   <div class='ocr_carea' id='block_1_5' title="bbox 513 789 2094 864">
    <p class='ocr_par' dir='ltr' id='par_1_5' title="bbox 513 789 2094 864">
     <span class='ocr_line' id='line_1_5' title="bbox 513 789 2094 864; baseline -0.007 -13"><span class='ocrx_word' id='word_1_29' title='bbox 513 799 727 852; x_wconf 81' lang='lat' dir='ltr'><strong>scientes</strong></span> <span class='ocrx_word' id='word_1_30' title='bbox 753 796 886 858; x_wconf 89' lang='lat' dir='ltr'><strong>quod</strong></span> <span class='ocrx_word' id='word_1_31' title='bbox 919 794 1147 849; x_wconf 81' lang='lat' dir='ltr'><strong>Christus</strong></span> <span class='ocrx_word' id='word_1_32' title='bbox 1178 809 1443 863; x_wconf 77' lang='lat' dir='ltr'><strong>resurgens</strong></span> <span class='ocrx_word' id='word_1_33' title='bbox 1471 791 1607 864; x_wconf 87' lang='lat' dir='ltr'><strong>[od.,</strong></span> <span class='ocrx_word' id='word_1_34' title='bbox 1639 789 1869 860; x_wconf 76' lang='lat' dir='ltr'><strong>surgens]</strong></span> <span class='ocrx_word' id='word_1_35' title='bbox 1899 805 1929 840; x_wconf 83' lang='grc' dir='ltr'><em>α</em></span> <span class='ocrx_word' id='word_1_36' title='bbox 1959 805 2094 840; x_wconf 76' lang='lat' dir='ltr'><strong>mur-</strong></span> 
     </span>
    </p>
   </div>
   <div class='ocr_carea' id='block_1_6' title="bbox 513 881 2094 958">
    <p class='ocr_par' dir='ltr' id='par_1_6' title="bbox 513 881 2094 958">
     <span class='ocr_line' id='line_1_6' title="bbox 513 881 2094 958; baseline -0.005 -18"><span class='ocrx_word' id='word_1_37' title='bbox 513 889 767 958; x_wconf 83' lang='lat' dir='ltr'><strong>tnis,jam</strong></span> <span class='ocrx_word' id='word_1_38' title='bbox 795 904 895 939; x_wconf 89' lang='lat' dir='ltr'><strong>non</strong></span> <span class='ocrx_word' id='word_1_39' title='bbox 929 886 1159 949; x_wconf 81' lang='lat' dir='ltr'><strong>moritur,</strong></span> <span class='ocrx_word' id='word_1_40' title='bbox 1187 901 1322 936; x_wconf 87' lang='lat' dir='ltr'><strong>mors</strong></span> <span class='ocrx_word' id='word_1_41' title='bbox 1355 885 1398 935; x_wconf 80' lang='lat' dir='ltr'><strong>ei</strong></span> <span class='ocrx_word' id='word_1_42' title='bbox 1440 886 1575 935; x_wconf 87' lang='lat' dir='ltr'><strong>ultra</strong></span> <span class='ocrx_word' id='word_1_43' title='bbox 1602 899 1701 934; x_wconf 87' lang='lat' dir='ltr'><strong>non</strong></span> <span class='ocrx_word' id='word_1_44' title='bbox 1731 881 2094 934; x_wconf 76' lang='lat' dir='ltr'><strong>dominabitur.</strong></span> 
     </span>
    </p>
   </div>
   <div class='ocr_carea' id='block_1_7' title="bbox 523 969 2098 1043">
    <p class='ocr_par' dir='ltr' id='par_1_7' title="bbox 523 969 2098 1043">
     <span class='ocr_line' id='line_1_7' title="bbox 523 969 2098 1043; baseline -0.006 -13"><span class='ocrx_word' id='word_1_45' title='bbox 523 977 673 1043; x_wconf 84' lang='lat' dir='ltr'><strong>Quod</strong></span> <span class='ocrx_word' id='word_1_46' title='bbox 702 977 835 1029; x_wconf 88' lang='lat' dir='ltr'><strong>enim</strong></span> <span class='ocrx_word' id='word_1_47' title='bbox 866 984 1093 1027; x_wconf 87' lang='lat' dir='ltr'><strong>mortuus</strong></span> <span class='ocrx_word' id='word_1_48' title='bbox 1137 984 1208 1026; x_wconf 80' lang='lat' dir='ltr'><strong>est</strong></span> <span class='ocrx_word' id='word_1_49' title='bbox 1249 983 1476 1043; x_wconf 84' lang='lat' dir='ltr'><strong>peccato,</strong></span> <span class='ocrx_word' id='word_1_50' title='bbox 1519 981 1749 1025; x_wconf 83' lang='lat' dir='ltr'><strong>mortuus</strong></span> <span class='ocrx_word' id='word_1_51' title='bbox 1788 981 1862 1024; x_wconf 78' lang='lat' dir='ltr'><strong>est</strong></span> <span class='ocrx_word' id='word_1_52' title='bbox 1909 969 2098 1035; x_wconf 87' lang='lat' dir='ltr'><strong>semel;</strong></span> 
     </span>
    </p>
   </div>
   <div class='ocr_carea' id='block_1_8' title="bbox 520 1066 2099 1142">
    <p class='ocr_par' dir='ltr' id='par_1_8' title="bbox 520 1066 2099 1142">
     <span class='ocr_line' id='line_1_8' title="bbox 520 1066 2099 1142; baseline -0.004 -17"><span class='ocrx_word' id='word_1_53' title='bbox 520 1075 655 1142; x_wconf 83' lang='lat' dir='ltr'><strong>quod</strong></span> <span class='ocrx_word' id='word_1_54' title='bbox 694 1081 859 1124; x_wconf 83' lang='lat' dir='ltr'><strong>autem</strong></span> <span class='ocrx_word' id='word_1_55' title='bbox 890 1070 1028 1132; x_wconf 80' lang='lat' dir='ltr'><strong>civit,</strong></span> <span class='ocrx_word' id='word_1_56' title='bbox 1071 1069 1186 1122; x_wconf 82' lang='lat' dir='ltr'><strong>vivit</strong></span> <span class='ocrx_word' id='word_1_57' title='bbox 1230 1068 1332 1120; x_wconf 87' lang='lat' dir='ltr'><strong>Deo</strong></span> <span class='ocrx_word' id='word_1_58' title='bbox 1377 1067 1553 1137; x_wconf 79' lang='lat' dir='ltr'><strong>(Rom.</strong></span> <span class='ocrx_word' id='word_1_59' title='bbox 1589 1082 1661 1130; x_wconf 78' lang='lat' dir='ltr'><strong>Vl,</strong></span> <span class='ocrx_word' id='word_1_60' title='bbox 1693 1067 1747 1130; x_wconf 89' lang='lat'><strong>9,</strong></span> <span class='ocrx_word' id='word_1_61' title='bbox 1784 1067 1891 1133; x_wconf 78' lang='lat' dir='ltr'><strong>lli).</strong></span> <span class='ocrx_word' id='word_1_62' title='bbox 1927 1066 2099 1131; x_wconf 89' lang='lat' dir='ltr'><strong>Quare</strong></span> 
     </span>
    </p>
   </div>
   <div class='ocr_carea' id='block_1_9' title="bbox 521 1155 2101 1228">
    <p class='ocr_par' dir='ltr' id='par_1_9' title="bbox 521 1155 2101 1228">
     <span class='ocr_line' id='line_1_9' title="bbox 521 1155 2101 1228; baseline -0.005 -13"><span class='ocrx_word' id='word_1_63' title='bbox 521 1163 742 1227; x_wconf 87' lang='lat' dir='ltr'><strong>diceret,</strong></span> <span class='ocrx_word' id='word_1_64' title='bbox 771 1163 889 1214; x_wconf 79' lang='lat' dir='ltr'><strong>vivit</strong></span> <span class='ocrx_word' id='word_1_65' title='bbox 927 1160 1048 1228; x_wconf 78' lang='lat' dir='ltr'><strong>Deo,</strong></span> <span class='ocrx_word' id='word_1_66' title='bbox 1082 1170 1132 1213; x_wconf 90' lang='lat' dir='ltr'><strong>et</strong></span> <span class='ocrx_word' id='word_1_67' title='bbox 1165 1175 1268 1212; x_wconf 90' lang='lat' dir='ltr'><strong>non</strong></span> <span class='ocrx_word' id='word_1_68' title='bbox 1302 1159 1428 1210; x_wconf 89' lang='lat' dir='ltr'><strong>vivit</strong></span> <span class='ocrx_word' id='word_1_69' title='bbox 1455 1155 1612 1218; x_wconf 70' lang='lat' dir='ltr'><strong>Dens,</strong></span> <span class='ocrx_word' id='word_1_70' title='bbox 1637 1156 1681 1209; x_wconf 88' lang='lat' dir='ltr'><strong><em>si</em></strong></span> <span class='ocrx_word' id='word_1_71' title='bbox 1713 1171 1815 1209; x_wconf 90' lang='lat' dir='ltr'><strong>una</strong></span> <span class='ocrx_word' id='word_1_72' title='bbox 1851 1155 1985 1208; x_wconf 78' lang='lat' dir='ltr'><strong>facta</strong></span> <span class='ocrx_word' id='word_1_73' title='bbox 2017 1163 2101 1208; x_wconf 84' lang='lat' dir='ltr'><strong>est</strong></span> 
     </span>
    </p>
   </div>
   <div class='ocr_carea' id='block_1_10' title="bbox 522 1248 2098 1323">
    <p class='ocr_par' dir='ltr' id='par_1_10' title="bbox 522 1248 2098 1323">
     <span class='ocr_line' id='line_1_10' title="bbox 522 1248 2098 1323; baseline -0.004 -16"><span class='ocrx_word' id='word_1_74' title='bbox 522 1263 708 1308; x_wconf 87' lang='lat' dir='ltr'><strong>natura</strong></span> <span class='ocrx_word' id='word_1_75' title='bbox 739 1270 858 1323; x_wconf 66' lang='lat' dir='ltr'><strong>quae</strong></span> <span class='ocrx_word' id='word_1_76' title='bbox 889 1252 1049 1306; x_wconf 85' lang='lat' dir='ltr'><strong>vivit?</strong></span> <span class='ocrx_word' id='word_1_77' title='bbox 1089 1251 1194 1307; x_wconf 88' lang='lat' dir='ltr'><strong>Sed</strong></span> <span class='ocrx_word' id='word_1_78' title='bbox 1221 1261 1303 1305; x_wconf 79' lang='lat' dir='ltr'><strong>cst</strong></span> <span class='ocrx_word' id='word_1_79' title='bbox 1330 1250 1491 1314; x_wconf 96' lang='lat' dir='ltr'><strong>aliud,</strong></span> <span class='ocrx_word' id='word_1_80' title='bbox 1535 1249 1776 1304; x_wconf 87' lang='lat' dir='ltr'><strong>videlicet</strong></span> <span class='ocrx_word' id='word_1_81' title='bbox 1815 1248 1954 1316; x_wconf 87' lang='lat' dir='ltr'><strong>quod</strong></span> <span class='ocrx_word' id='word_1_82' title='bbox 1983 1249 2098 1301; x_wconf 80' lang='lat' dir='ltr'><strong>vivit</strong></span> 
     </span>
    </p>
   </div>
   <div class='ocr_carea' id='block_1_11' title="bbox 523 1339 2100 1414">
    <p class='ocr_par' dir='ltr' id='par_1_11' title="bbox 523 1339 2100 1414">
     <span class='ocr_line' id='line_1_11' title="bbox 523 1339 2100 1414; baseline -0.004 -15"><span class='ocrx_word' id='word_1_83' title='bbox 523 1347 653 1410; x_wconf 88' lang='lat' dir='ltr'><strong>Deo,</strong></span> <span class='ocrx_word' id='word_1_84' title='bbox 678 1347 859 1413; x_wconf 81' lang='lat' dir='ltr'><strong>utique</strong></span> <span class='ocrx_word' id='word_1_85' title='bbox 888 1346 1026 1414; x_wconf 90' lang='lat' dir='ltr'><strong>quod</strong></span> <span class='ocrx_word' id='word_1_86' title='bbox 1059 1353 1328 1398; x_wconf 92' lang='lat' dir='ltr'><strong>mortuum</strong></span> <span class='ocrx_word' id='word_1_87' title='bbox 1360 1352 1440 1396; x_wconf 85' lang='lat' dir='ltr'><strong>est</strong></span> <span class='ocrx_word' id='word_1_88' title='bbox 1469 1341 1633 1396; x_wconf 85' lang='lat' dir='ltr'><strong>semel</strong></span> <span class='ocrx_word' id='word_1_89' title='bbox 1661 1350 1896 1408; x_wconf 87' lang='lat' dir='ltr'><strong>peccato.</strong></span> <span class='ocrx_word' id='word_1_90' title='bbox 1933 1339 2100 1394; x_wconf 87' lang='lat' dir='ltr'><strong>Audis</strong></span> 
     </span>
    </p>
   </div>
   <div class='ocr_carea' id='block_1_12' title="bbox 523 1430 2098 1506">
    <p class='ocr_par' dir='ltr' id='par_1_12' title="bbox 523 1430 2098 1506">
     <span class='ocr_line' id='line_1_12' title="bbox 523 1430 2098 1506; baseline -0.004 -16"><span class='ocrx_word' id='word_1_91' title='bbox 523 1435 771 1506; x_wconf 79' lang='lat' dir='ltr'><strong>donique,</strong></span> <span class='ocrx_word' id='word_1_92' title='bbox 802 1436 963 1490; x_wconf 85' lang='lat' dir='ltr'><strong>Sedet</strong></span> <span class='ocrx_word' id='word_1_93' title='bbox 1001 1435 1064 1487; x_wconf 90' lang='lat' dir='ltr'><strong>ad</strong></span> <span class='ocrx_word' id='word_1_94' title='bbox 1106 1435 1379 1488; x_wconf 81' lang='lat' dir='ltr'><strong>dexteram</strong></span> <span class='ocrx_word' id='word_1_95' title='bbox 1424 1432 1614 1495; x_wconf 83' lang='lat' dir='ltr'><strong>Patris,</strong></span> <span class='ocrx_word' id='word_1_96' title='bbox 1646 1447 1693 1485; x_wconf 76' lang='lat' dir='ltr'><strong>ei</strong></span> <span class='ocrx_word' id='word_1_97' title='bbox 1731 1430 1943 1485; x_wconf 61' lang='grc' dir='ltr'>ᾶιιϋίιθδ</span> <span class='ocrx_word' id='word_1_98' title='bbox 1976 1445 2098 1485; x_wconf 89' lang='lat' dir='ltr'><strong>eum</strong></span> 
     </span>
    </p>
   </div>
   <div class='ocr_carea' id='block_1_13' title="bbox 525 1521 2130 1596">
    <p class='ocr_par' dir='ltr' id='par_1_13' title="bbox 525 1521 2130 1596">
     <span class='ocr_line' id='line_1_13' title="bbox 525 1521 2130 1596; baseline -0.007 -15"><span class='ocrx_word' id='word_1_99' title='bbox 525 1528 756 1581; x_wconf 86' lang='lat' dir='ltr'><strong>retinere</strong></span> <span class='ocrx_word' id='word_1_100' title='bbox 807 1527 946 1595; x_wconf 90' lang='lat' dir='ltr'><strong>quod</strong></span> <span class='ocrx_word' id='word_1_101' title='bbox 1006 1523 1318 1578; x_wconf 86' lang='lat' dir='ltr'><strong>humanitati</strong></span> <span class='ocrx_word' id='word_1_102' title='bbox 1364 1522 1479 1591; x_wconf 84' lang='lat' dir='ltr'><strong>ejus</strong></span> <span class='ocrx_word' id='word_1_103' title='bbox 1539 1528 1719 1590; x_wconf 80' lang='lat' dir='ltr'><strong>potest</strong></span> <span class='ocrx_word' id='word_1_104' title='bbox 1765 1521 2130 1596; x_wconf 51' lang='grc' dir='ltr'><strong>εοῐιιηηηοιιίδ</strong></span> 
     </span>
    </p>
   </div>
   <div class='ocr_carea' id='block_1_14' title="bbox 523 1613 2102 1685">
    <p class='ocr_par' dir='ltr' id='par_1_14' title="bbox 523 1613 2102 1685">
     <span class='ocr_line' id='line_1_14' title="bbox 523 1613 2102 1685; baseline -0.004 -11"><span class='ocrx_word' id='word_1_105' title='bbox 523 1619 844 1674; x_wconf 72' lang='lat' dir='ltr'><strong>convenire?</strong></span> <span class='ocrx_word' id='word_1_106' title='bbox 887 1617 1201 1680; x_wconf 85' lang='lat' dir='ltr'><strong>Permittite,</strong></span> <span class='ocrx_word' id='word_1_107' title='bbox 1244 1630 1566 1685; x_wconf 67' lang='lat' dir='ltr'><strong>qumsumus,</strong></span> <span class='ocrx_word' id='word_1_108' title='bbox 1603 1629 1750 1682; x_wconf 85' lang='lat' dir='ltr'><strong>spem</strong></span> <span class='ocrx_word' id='word_1_109' title='bbox 1789 1613 1976 1668; x_wconf 89' lang='lat' dir='ltr'><strong>salutis</strong></span> <span class='ocrx_word' id='word_1_110' title='bbox 2005 1628 2102 1667; x_wconf 86' lang='lat' dir='ltr'><strong>no-</strong></span> 
     </span>
    </p>
   </div>
   <div class='ocr_carea' id='block_1_15' title="bbox 523 1707 2102 1777">
    <p class='ocr_par' dir='ltr' id='par_1_15' title="bbox 523 1707 2102 1777">
     <span class='ocr_line' id='line_1_15' title="bbox 523 1707 2102 1777; baseline -0.003 -13"><span class='ocrx_word' id='word_1_111' title='bbox 523 1719 648 1765; x_wconf 77' lang='lat' dir='ltr'><strong>stra:</strong></span> <span class='ocrx_word' id='word_1_112' title='bbox 674 1710 943 1764; x_wconf 85' lang='lat' dir='ltr'><strong>Christum</strong></span> <span class='ocrx_word' id='word_1_113' title='bbox 979 1708 1255 1763; x_wconf 89' lang='lat' dir='ltr'><strong>Dominum</strong></span> <span class='ocrx_word' id='word_1_114' title='bbox 1290 1721 1503 1775; x_wconf 88' lang='lat' dir='ltr'><strong>semper</strong></span> <span class='ocrx_word' id='word_1_115' title='bbox 1532 1707 1657 1770; x_wconf 92' lang='lat' dir='ltr'><strong>dici,</strong></span> <span class='ocrx_word' id='word_1_116' title='bbox 1689 1707 1776 1777; x_wconf 88' lang='lat' dir='ltr'><strong>qui</strong></span> <span class='ocrx_word' id='word_1_117' title='bbox 1825 1715 1969 1760; x_wconf 89' lang='lat' dir='ltr'><strong>recte</strong></span> <span class='ocrx_word' id='word_1_118' title='bbox 2011 1723 2102 1773; x_wconf 90' lang='lat' dir='ltr'><strong>po-</strong></span> 
     </span>
    </p>
   </div>
   <div class='ocr_carea' id='block_1_16' title="bbox 1717 310 2547 369">
    <p class='ocr_par' dir='ltr' id='par_1_16' title="bbox 1717 310 2547 369">
     <span class='ocr_line' id='line_1_16' title="bbox 1717 310 2547 369; baseline -0.006 0"><span class='ocrx_word' id='word_1_119' title='bbox 1717 315 1784 369; x_wconf 78' lang='grc' dir='ltr'><strong>Μ.</strong></span> <span class='ocrx_word' id='word_1_120' title='bbox 1836 312 2110 369; x_wconf 67' lang='grc' dir='ltr'>Αυιιιίιιι</span> <span class='ocrx_word' id='word_1_121' title='bbox 2149 310 2547 368; x_wconf 67' lang='grc' dir='ltr'><strong>(ἋΞΞΞΟΒΟΒΙ</strong></span> 
     </span>
    </p>
   </div>
   <div class='ocr_carea' id='block_1_17' title="bbox 516 427 2160 503">
    <p class='ocr_par' dir='ltr' id='par_1_17' title="bbox 516 427 2160 503">
     <span class='ocr_line' id='line_1_17' title="bbox 516 427 2160 503; baseline -0.009 -14"><span class='ocrx_word' id='word_1_122' title='bbox 516 438 734 489; x_wconf 77' lang='lat' dir='ltr'><strong>cumino</strong></span> <span class='ocrx_word' id='word_1_123' title='bbox 783 431 1098 503; x_wconf 75' lang='lat' dir='ltr'><strong>pra-dicatis.</strong></span> <span class='ocrx_word' id='word_1_124' title='bbox 1143 427 1249 485; x_wconf 84' lang='lat' dir='ltr'><strong>Sed</strong></span> <span class='ocrx_word' id='word_1_125' title='bbox 1291 428 1413 498; x_wconf 88' lang='lat' dir='ltr'><strong>quid</strong></span> <span class='ocrx_word' id='word_1_126' title='bbox 1461 428 1513 482; x_wconf 89' lang='lat' dir='ltr'><strong>in</strong></span> <span class='ocrx_word' id='word_1_127' title='bbox 1558 436 1827 497; x_wconf 89' lang='lat' dir='ltr'><strong>posterum</strong></span> <span class='ocrx_word' id='word_1_128' title='bbox 1874 433 2086 480; x_wconf 81' lang='lat' dir='ltr'><strong>terrena</strong></span> <span class='ocrx_word' id='word_1_129' title='bbox 2117 430 2160 482; x_wconf 70' lang='grc' dir='ltr'><strong>Α</strong></span> 
     </span>
    </p>
   </div>
   <div class='ocr_carea' id='block_1_18' title="bbox 3616 316 3697 374">
    <p class='ocr_par' dir='ltr' id='par_1_18' title="bbox 3616 316 3697 374">
     <span class='ocr_line' id='line_1_18' title="bbox 3616 316 3697 374; baseline 0.037 -3"><span class='ocrx_word' id='word_1_130' title='bbox 3616 316 3697 374; x_wconf 64' lang='lat'><strong>800</strong></span> 
     </span>
    </p>
   </div>
   <div class='ocr_carea' id='block_1_19' title="bbox 2761 409 3191 494">
    <p class='ocr_par' dir='ltr' id='par_1_19' title="bbox 2761 409 3191 494">
     <span class='ocr_line' id='line_1_19' title="bbox 2761 409 3191 494; baseline 0.007 -19"><span class='ocrx_word' id='word_1_131' title='bbox 2761 409 2953 478; x_wconf 77' lang='lat' dir='ltr'><strong>Divisio</strong></span> <span class='ocrx_word' id='word_1_132' title='bbox 2991 428 3191 494; x_wconf 81' lang='lat' dir='ltr'><strong>psalmi.</strong></span> 
     </span>
    </p>
   </div>
   <div class='ocr_carea' id='block_1_20' title="bbox 2268 514 3704 592">
    <p class='ocr_par' dir='ltr' id='par_1_20' title="bbox 2268 514 3704 592">
     <span class='ocr_line' id='line_1_20' title="bbox 2268 514 3704 592; baseline 0.007 -28"><span class='ocrx_word' id='word_1_133' title='bbox 2268 514 2504 582; x_wconf 72' lang='lat' dir='ltr'><strong>Pupulus</strong></span> <span class='ocrx_word' id='word_1_134' title='bbox 2535 514 2812 569; x_wconf 81' lang='lat' dir='ltr'><strong>beatorum</strong></span> <span class='ocrx_word' id='word_1_135' title='bbox 2841 517 3064 571; x_wconf 83' lang='lat' dir='ltr'><strong>diversis</strong></span> <span class='ocrx_word' id='word_1_136' title='bbox 3095 515 3276 571; x_wconf 89' lang='lat' dir='ltr'><strong>mundi</strong></span> <span class='ocrx_word' id='word_1_137' title='bbox 3319 519 3529 586; x_wconf 85' lang='lat' dir='ltr'><strong>partibus</strong></span> <span class='ocrx_word' id='word_1_138' title='bbox 3553 537 3704 592; x_wconf 56' lang='grc' dir='ltr'><strong>θεῖτε.</strong></span> 
     </span>
    </p>
   </div>
   <div class='ocr_carea' id='block_1_21' title="bbox 2196 608 3705 678">
    <p class='ocr_par' dir='ltr' id='par_1_21' title="bbox 2196 608 3705 678">
     <span class='ocr_line' id='line_1_21' title="bbox 2196 608 3705 678; baseline 0.009 -21"><span class='ocrx_word' id='word_1_139' title='bbox 2196 617 2367 674; x_wconf 76' lang='lat' dir='ltr'><strong>gaius,</strong></span> <span class='ocrx_word' id='word_1_140' title='bbox 2415 608 2586 673; x_wconf 91' lang='lat' dir='ltr'><strong>primo</strong></span> <span class='ocrx_word' id='word_1_141' title='bbox 2633 608 2871 675; x_wconf 78' lang='lat' dir='ltr'><strong>ingressu</strong></span> <span class='ocrx_word' id='word_1_142' title='bbox 2919 610 3106 678; x_wconf 85' lang='lat' dir='ltr'><strong>psalmi</strong></span> <span class='ocrx_word' id='word_1_143' title='bbox 3131 609 3368 664; x_wconf 90' lang='lat' dir='ltr'><strong>confiteri</strong></span> <span class='ocrx_word' id='word_1_144' title='bbox 3401 625 3453 666; x_wconf 87' lang='lat' dir='ltr'><strong>se</strong></span> <span class='ocrx_word' id='word_1_145' title='bbox 3477 611 3588 667; x_wconf 88' lang='lat' dir='ltr'><strong>dicit</strong></span> <span class='ocrx_word' id='word_1_146' title='bbox 3623 616 3705 670; x_wconf 88' lang='lat' dir='ltr'><strong>Do-</strong></span> 
     </span>
    </p>
   </div>
   <div class='ocr_carea' id='block_1_22' title="bbox 2201 698 3708 767">
    <p class='ocr_par' dir='ltr' id='par_1_22' title="bbox 2201 698 3708 767">
     <span class='ocr_line' id='line_1_22' title="bbox 2201 698 3708 767; baseline 0.008 -19"><span class='ocrx_word' id='word_1_147' title='bbox 2201 698 2348 749; x_wconf 89' lang='lat' dir='ltr'><strong>mino</strong></span> <span class='ocrx_word' id='word_1_148' title='bbox 2379 698 2430 749; x_wconf 92' lang='lat' dir='ltr'><strong>iu</strong></span> <span class='ocrx_word' id='word_1_149' title='bbox 2455 699 2868 765; x_wconf 73' lang='lat' dir='ltr'><strong>congregatione</strong></span> <span class='ocrx_word' id='word_1_150' title='bbox 2891 699 3178 767; x_wconf 53' lang='lat' dir='ltr'><strong>iustorum,</strong></span> <span class='ocrx_word' id='word_1_151' title='bbox 3205 700 3290 752; x_wconf 91' lang='lat' dir='ltr'><strong>ubi</strong></span> <span class='ocrx_word' id='word_1_152' title='bbox 3317 711 3390 755; x_wconf 88' lang='lat' dir='ltr'><strong>est</strong></span> <span class='ocrx_word' id='word_1_153' title='bbox 3415 713 3589 757; x_wconf 72' lang='lat' dir='ltr'><strong>aztcrna</strong></span> <span class='ocrx_word' id='word_1_154' title='bbox 3611 705 3708 761; x_wconf 75' lang='lat' dir='ltr'><strong>laus</strong></span> 
     </span>
    </p>
   </div>
   <div class='ocr_carea' id='block_1_23' title="bbox 2198 789 3712 865">
    <p class='ocr_par' dir='ltr' id='par_1_23' title="bbox 2198 789 3712 865">
     <span class='ocr_line' id='line_1_23' title="bbox 2198 789 3712 865; baseline 0.005 -22"><span class='ocrx_word' id='word_1_155' title='bbox 2198 799 2252 844; x_wconf 90' lang='lat' dir='ltr'><strong>et</strong></span> <span class='ocrx_word' id='word_1_156' title='bbox 2296 789 2412 842; x_wconf 89' lang='lat' dir='ltr'><strong>sine</strong></span> <span class='ocrx_word' id='word_1_157' title='bbox 2461 789 2563 842; x_wconf 87' lang='lat' dir='ltr'><strong>flne</strong></span> <span class='ocrx_word' id='word_1_158' title='bbox 2606 791 2952 858; x_wconf 67' lang='lat' dir='ltr'><strong>prmconium.</strong></span> <span class='ocrx_word' id='word_1_159' title='bbox 3003 791 3250 845; x_wconf 77' lang='lat' dir='ltr'><strong>(Inntinrt</strong></span> <span class='ocrx_word' id='word_1_160' title='bbox 3288 803 3450 848; x_wconf 86' lang='lat' dir='ltr'><strong>autem</strong></span> <span class='ocrx_word' id='word_1_161' title='bbox 3484 793 3583 848; x_wconf 64' lang='lat' dir='ltr'><strong>hate</strong></span> <span class='ocrx_word' id='word_1_162' title='bbox 3615 812 3712 865; x_wconf 81' lang='lat' dir='ltr'><strong>pars</strong></span> 
     </span>
    </p>
   </div>
   <div class='ocr_carea' id='block_1_24' title="bbox 2200 880 3712 952">
    <p class='ocr_par' dir='ltr' id='par_1_24' title="bbox 2200 880 3712 952">
     <span class='ocr_line' id='line_1_24' title="bbox 2200 880 3712 952; baseline 0.007 -21"><span class='ocrx_word' id='word_1_163' title='bbox 2200 881 2440 948; x_wconf 61' lang='lat' dir='ltr'><strong>pra&#39;dicti</strong></span> <span class='ocrx_word' id='word_1_164' title='bbox 2476 880 2741 949; x_wconf 85' lang='lat' dir='ltr'><strong>alpltabeti</strong></span> <span class='ocrx_word' id='word_1_165' title='bbox 2776 881 2977 935; x_wconf 89' lang='lat' dir='ltr'><strong>litteras</strong></span> <span class='ocrx_word' id='word_1_166' title='bbox 3022 897 3136 936; x_wconf 79' lang='lat' dir='ltr'><strong>sex.</strong></span> <span class='ocrx_word' id='word_1_167' title='bbox 3179 881 3416 938; x_wconf 61' lang='lat' dir='ltr'><strong>Scerndo</strong></span> <span class='ocrx_word' id='word_1_168' title='bbox 3441 884 3600 939; x_wconf 62' lang='lat' dir='ltr'><strong>fideles</strong></span> <span class='ocrx_word' id='word_1_169' title='bbox 3622 891 3712 952; x_wconf 62' lang='lat' dir='ltr'><strong>e,’us</strong></span> 
     </span>
    </p>
   </div>
   <div class='ocr_carea' id='block_1_25' title="bbox 2201 973 3716 1040">
    <p class='ocr_par' dir='ltr' id='par_1_25' title="bbox 2201 973 3716 1040">
     <span class='ocr_line' id='line_1_25' title="bbox 2201 973 3716 1040; baseline 0.006 -16"><span class='ocrx_word' id='word_1_170' title='bbox 2201 973 2329 1024; x_wconf 90' lang='lat' dir='ltr'><strong>dicit</strong></span> <span class='ocrx_word' id='word_1_171' title='bbox 2377 973 2596 1040; x_wconf 86' lang='lat' dir='ltr'><strong>Copioso</strong></span> <span class='ocrx_word' id='word_1_172' title='bbox 2647 987 2866 1026; x_wconf 88' lang='lat' dir='ltr'><strong>munere</strong></span> <span class='ocrx_word' id='word_1_173' title='bbox 2918 974 3175 1038; x_wconf 86' lang='lat' dir='ltr'><strong>satiatos,</strong></span> <span class='ocrx_word' id='word_1_174' title='bbox 3226 975 3496 1029; x_wconf 86' lang='lat' dir='ltr'><strong>adventum</strong></span> <span class='ocrx_word' id='word_1_175' title='bbox 3545 973 3716 1033; x_wconf 87' lang='lat' dir='ltr'><strong>Domini</strong></span> 
     </span>
    </p>
   </div>
   <div class='ocr_carea' id='block_1_26' title="bbox 2200 1062 3718 1132">
    <p class='ocr_par' dir='ltr' id='par_1_26' title="bbox 2200 1062 3718 1132">
     <span class='ocr_line' id='line_1_26' title="bbox 2200 1062 3718 1132; baseline 0.005 -19"><span class='ocrx_word' id='word_1_176' title='bbox 2200 1062 2660 1129; x_wconf 88' lang='lat' dir='ltr'><strong>compromittcns,</strong></span> <span class='ocrx_word' id='word_1_177' title='bbox 2705 1071 2761 1114; x_wconf 91' lang='lat' dir='ltr'><strong>ut</strong></span> <span class='ocrx_word' id='word_1_178' title='bbox 2801 1063 3167 1116; x_wconf 72' lang='lat' dir='ltr'><strong>haereditatem</strong></span> <span class='ocrx_word' id='word_1_179' title='bbox 3210 1063 3480 1132; x_wconf 85' lang='lat' dir='ltr'><strong>pollicitam</strong></span> <span class='ocrx_word' id='word_1_180' title='bbox 3517 1067 3718 1120; x_wconf 79' lang='lat' dir='ltr'><strong>avidissi-</strong></span> 
     </span>
    </p>
   </div>
   <div class='ocr_carea' id='block_1_27' title="bbox 2202 1151 3723 1222">
    <p class='ocr_par' dir='ltr' id='par_1_27' title="bbox 2202 1151 3723 1222">
     <span class='ocr_line' id='line_1_27' title="bbox 2202 1151 3723 1222; baseline 0.005 -19"><span class='ocrx_word' id='word_1_181' title='bbox 2202 1166 2284 1203; x_wconf 91' lang='lat' dir='ltr'><strong>ma</strong></span> <span class='ocrx_word' id='word_1_182' title='bbox 2320 1154 2614 1206; x_wconf 87' lang='lat' dir='ltr'><strong>intentione</strong></span> <span class='ocrx_word' id='word_1_183' title='bbox 2641 1151 2983 1220; x_wconf 88' lang='lat' dir='ltr'><strong>perquiraut;</strong></span> <span class='ocrx_word' id='word_1_184' title='bbox 3016 1153 3066 1206; x_wconf 92' lang='lat' dir='ltr'><strong>in</strong></span> <span class='ocrx_word' id='word_1_185' title='bbox 3099 1170 3202 1222; x_wconf 92' lang='lat' dir='ltr'><strong>quo</strong></span> <span class='ocrx_word' id='word_1_186' title='bbox 3232 1154 3348 1207; x_wconf 73' lang='lat' dir='ltr'><strong>alia:</strong></span> <span class='ocrx_word' id='word_1_187' title='bbox 3376 1155 3544 1209; x_wconf 83' lang='lat' dir='ltr'><strong>decem</strong></span> <span class='ocrx_word' id='word_1_188' title='bbox 3571 1156 3723 1210; x_wconf 71' lang='lat' dir='ltr'><strong>littera</strong></span> 
     </span>
    </p>
   </div>
   <div class='ocr_carea' id='block_1_28' title="bbox 2202 1242 3722 1311">
    <p class='ocr_par' dir='ltr' id='par_1_28' title="bbox 2202 1242 3722 1311">
     <span class='ocr_line' id='line_1_28' title="bbox 2202 1242 3722 1311; baseline 0.005 -17"><span class='ocrx_word' id='word_1_189' title='bbox 2202 1252 2324 1294; x_wconf 90' lang='lat' dir='ltr'><strong>sunt</strong></span> <span class='ocrx_word' id='word_1_190' title='bbox 2367 1242 2608 1311; x_wconf 67' lang='lat' dir='ltr'><strong>digestas.</strong></span> <span class='ocrx_word' id='word_1_191' title='bbox 2644 1242 2823 1296; x_wconf 88' lang='lat' dir='ltr'><strong>Tertio</strong></span> <span class='ocrx_word' id='word_1_192' title='bbox 2855 1243 3156 1311; x_wconf 87' lang='lat' dir='ltr'><strong>redemptos</strong></span> <span class='ocrx_word' id='word_1_193' title='bbox 3197 1247 3386 1300; x_wconf 65' lang='lat' dir='ltr'><strong>asserit</strong></span> <span class='ocrx_word' id='word_1_194' title='bbox 3426 1246 3722 1310; x_wconf 77' lang='lat' dir='ltr'><strong>Clitistianus,</strong></span> 
     </span>
    </p>
   </div>
   <div class='ocr_carea' id='block_1_29' title="bbox 2202 1333 3726 1405">
    <p class='ocr_par' dir='ltr' id='par_1_29' title="bbox 2202 1333 3726 1405">
     <span class='ocr_line' id='line_1_29' title="bbox 2202 1333 3726 1405; baseline 0.002 -18"><span class='ocrx_word' id='word_1_195' title='bbox 2202 1343 2257 1387; x_wconf 86' lang='lat' dir='ltr'><strong>et</strong></span> <span class='ocrx_word' id='word_1_196' title='bbox 2282 1333 2678 1388; x_wconf 82' lang='lat' dir='ltr'><strong>Testamentum</strong></span> <span class='ocrx_word' id='word_1_197' title='bbox 2722 1334 2925 1387; x_wconf 84' lang='lat' dir='ltr'><strong>Novum</strong></span> <span class='ocrx_word' id='word_1_198' title='bbox 2963 1345 3160 1388; x_wconf 68' lang='lat' dir='ltr'><strong>arterna</strong></span> <span class='ocrx_word' id='word_1_199' title='bbox 3193 1335 3357 1405; x_wconf 82' lang='lat' dir='ltr'><strong>gratia</strong></span> <span class='ocrx_word' id='word_1_200' title='bbox 3389 1342 3726 1391; x_wconf 77' lang='lat' dir='ltr'><strong>consecratum.</strong></span> 
     </span>
    </p>
   </div>
   <div class='ocr_carea' id='block_1_30' title="bbox 2206 1425 3729 1499">
    <p class='ocr_par' dir='ltr' id='par_1_30' title="bbox 2206 1425 3729 1499">
     <span class='ocr_line' id='line_1_30' title="bbox 2206 1425 3729 1499; baseline 0.004 -21"><span class='ocrx_word' id='word_1_201' title='bbox 2206 1425 2306 1479; x_wconf 89' lang='lat' dir='ltr'><strong>Ista</strong></span> <span class='ocrx_word' id='word_1_202' title='bbox 2337 1441 2462 1479; x_wconf 88' lang='lat' dir='ltr'><strong>vero</strong></span> <span class='ocrx_word' id='word_1_203' title='bbox 2489 1427 2729 1480; x_wconf 78' lang='lat' dir='ltr'><strong>residuas</strong></span> <span class='ocrx_word' id='word_1_204' title='bbox 2756 1443 2846 1480; x_wconf 83' lang='lat' dir='ltr'><strong>sex</strong></span> <span class='ocrx_word' id='word_1_205' title='bbox 2873 1427 3076 1481; x_wconf 83' lang='lat' dir='ltr'><strong>litteras</strong></span> <span class='ocrx_word' id='word_1_206' title='bbox 3101 1429 3382 1496; x_wconf 69' lang='lat' dir='ltr'><strong>recipiens,</strong></span> <span class='ocrx_word' id='word_1_207' title='bbox 3407 1437 3561 1482; x_wconf 88' lang='lat' dir='ltr'><strong>totum</strong></span> <span class='ocrx_word' id='word_1_208' title='bbox 3580 1428 3729 1499; x_wconf 85' lang='lat' dir='ltr'><strong>alpha-</strong></span> 
     </span>
    </p>
   </div>
   <div class='ocr_carea' id='block_1_31' title="bbox 2204 1515 3295 1587">
    <p class='ocr_par' dir='ltr' id='par_1_31' title="bbox 2204 1515 3295 1587">
     <span class='ocr_line' id='line_1_31' title="bbox 2204 1515 3295 1587; baseline 0.001 -18"><span class='ocrx_word' id='word_1_209' title='bbox 2204 1516 2383 1570; x_wconf 86' lang='lat' dir='ltr'><strong>betum</strong></span> <span class='ocrx_word' id='word_1_210' title='bbox 2407 1515 2599 1570; x_wconf 87' lang='lat' dir='ltr'><strong>decora</strong></span> <span class='ocrx_word' id='word_1_211' title='bbox 2634 1517 2963 1586; x_wconf 80' lang='lat' dir='ltr'><strong>perfectione</strong></span> <span class='ocrx_word' id='word_1_212' title='bbox 2984 1519 3295 1587; x_wconf 83' lang='lat' dir='ltr'><strong>complevit.</strong></span> 
     </span>
    </p>
   </div>
   <div class='ocr_carea' id='block_1_32' title="bbox 2724 1658 3232 1728">
    <p class='ocr_par' dir='ltr' id='par_1_32' title="bbox 2724 1658 3232 1728">
     <span class='ocr_line' id='line_1_32' title="bbox 2724 1658 3232 1728; baseline 0.006 -18"><span class='ocrx_word' id='word_1_213' title='bbox 2724 1658 2990 1727; x_wconf 65' lang='lat' dir='ltr'><strong>Expositio</strong></span> <span class='ocrx_word' id='word_1_214' title='bbox 3030 1660 3232 1728; x_wconf 72' lang='lat' dir='ltr'><strong>psalni.</strong></span> 
     </span>
    </p>
   </div>
   <div class='ocr_carea' id='block_1_33' title="bbox 525 1783 3740 1872">
    <p class='ocr_par' dir='ltr' id='par_1_33' title="bbox 525 1783 3740 1872">
     <span class='ocr_line' id='line_1_33' title="bbox 525 1783 3740 1872; baseline -0.001 -18"><span class='ocrx_word' id='word_1_215' title='bbox 525 1809 627 1854; x_wconf 87' lang='lat' dir='ltr'><strong>test</strong></span> <span class='ocrx_word' id='word_1_216' title='bbox 675 1801 764 1854; x_wconf 88' lang='lat' dir='ltr'><strong>tali</strong></span> <span class='ocrx_word' id='word_1_217' title='bbox 812 1800 1030 1854; x_wconf 87' lang='lat' dir='ltr'><strong>nomine</strong></span> <span class='ocrx_word' id='word_1_218' title='bbox 1078 1800 1392 1867; x_wconf 89' lang='lat' dir='ltr'><strong>nuncupari,</strong></span> <span class='ocrx_word' id='word_1_219' title='bbox 1425 1813 1545 1852; x_wconf 88' lang='lat' dir='ltr'><strong>cum</strong></span> <span class='ocrx_word' id='word_1_220' title='bbox 1579 1799 1631 1853; x_wconf 92' lang='lat' dir='ltr'><strong>in</strong></span> <span class='ocrx_word' id='word_1_221' title='bbox 1660 1799 1865 1852; x_wconf 86' lang='lat' dir='ltr'><strong>duabus</strong></span> <span class='ocrx_word' id='word_1_222' title='bbox 1898 1799 2102 1851; x_wconf 86' lang='lat' dir='ltr'><strong>naturis</strong></span> <span class='ocrx_word' id='word_1_223' title='bbox 2135 1796 2182 1855; x_wconf 90' lang='lat' dir='ltr'><strong>B</strong></span> <span class='ocrx_word' id='word_1_224' title='bbox 2285 1796 2427 1852; x_wconf 83' lang='lat' dir='ltr'><strong>Vers.</strong></span> <span class='ocrx_word' id='word_1_225' title='bbox 2481 1798 2534 1854; x_wconf 76' lang='grc' dir='ltr'><strong>Ι.</strong></span> <span class='ocrx_word' id='word_1_226' title='bbox 2568 1798 2770 1862; x_wconf 67' lang='grc' dir='ltr'>Αιενιι,</span> <span class='ocrx_word' id='word_1_227' title='bbox 2811 1783 2975 1852; x_wconf 66' lang='lat' dir='ltr'><strong>Bern.</strong></span> <span class='ocrx_word' id='word_1_228' title='bbox 3011 1798 3303 1869; x_wconf 81' lang='lat' dir='ltr'><strong>Conﬁte‘bor</strong></span> <span class='ocrx_word' id='word_1_229' title='bbox 3340 1797 3447 1872; x_wconf 73' lang='lat' dir='ltr'><strong>tibi,</strong></span> <span class='ocrx_word' id='word_1_230' title='bbox 3478 1797 3680 1862; x_wconf 79' lang='lat' dir='ltr'><strong>Domine,</strong></span> <span class='ocrx_word' id='word_1_231' title='bbox 3700 1800 3740 1853; x_wconf 84' lang='lat' dir='ltr'><strong>in</strong></span> 
     </span>
    </p>
   </div>
   <div class='ocr_carea' id='block_1_34' title="bbox 527 1890 2108 1962">
    <p class='ocr_par' dir='ltr' id='par_1_34' title="bbox 527 1890 2108 1962">
     <span class='ocr_line' id='line_1_34' title="bbox 527 1890 2108 1962; baseline 0 -17"><span class='ocrx_word' id='word_1_232' title='bbox 527 1892 769 1947; x_wconf 78' lang='lat' dir='ltr'><strong>adunatis</strong></span> <span class='ocrx_word' id='word_1_233' title='bbox 800 1904 961 1962; x_wconf 88' lang='lat' dir='ltr'><strong>atque</strong></span> <span class='ocrx_word' id='word_1_234' title='bbox 989 1891 1239 1961; x_wconf 87' lang='lat' dir='ltr'><strong>perfectis</strong></span> <span class='ocrx_word' id='word_1_235' title='bbox 1268 1893 1321 1944; x_wconf 92' lang='lat' dir='ltr'><strong>in</strong></span> <span class='ocrx_word' id='word_1_236' title='bbox 1351 1891 1517 1962; x_wconf 81' lang='lat' dir='ltr'><strong>gloria</strong></span> <span class='ocrx_word' id='word_1_237' title='bbox 1551 1890 1723 1945; x_wconf 79' lang='lat' dir='ltr'><strong>Patris</strong></span> <span class='ocrx_word' id='word_1_238' title='bbox 1752 1900 2029 1959; x_wconf 85' lang='lat' dir='ltr'><strong>permanet</strong></span> <span class='ocrx_word' id='word_1_239' title='bbox 2057 1892 2108 1945; x_wconf 90' lang='lat' dir='ltr'><strong>in</strong></span> 
     </span>
    </p>
   </div>
   <div class='ocr_carea' id='block_1_35' title="bbox 529 1981 2109 2050">
    <p class='ocr_par' dir='ltr' id='par_1_35' title="bbox 529 1981 2109 2050">
     <span class='ocr_line' id='line_1_35' title="bbox 529 1981 2109 2050; baseline -0.002 -11"><span class='ocrx_word' id='word_1_240' title='bbox 529 1985 722 2039; x_wconf 63' lang='lat' dir='ltr'><strong>saecula</strong></span> <span class='ocrx_word' id='word_1_241' title='bbox 774 1983 1116 2038; x_wconf 66' lang='lat' dir='ltr'><strong>saeculorum.</strong></span> <span class='ocrx_word' id='word_1_242' title='bbox 1169 1983 1300 2037; x_wconf 88' lang='lat' dir='ltr'><strong>Nam</strong></span> <span class='ocrx_word' id='word_1_243' title='bbox 1347 1982 1392 2037; x_wconf 88' lang='lat' dir='ltr'><strong>si</strong></span> <span class='ocrx_word' id='word_1_244' title='bbox 1449 1983 1587 2035; x_wconf 91' lang='lat' dir='ltr'><strong>dicta</strong></span> <span class='ocrx_word' id='word_1_245' title='bbox 1640 1992 1816 2036; x_wconf 85' lang='lat' dir='ltr'><strong>vestra</strong></span> <span class='ocrx_word' id='word_1_246' title='bbox 1873 1981 2109 2050; x_wconf 79' lang='lat' dir='ltr'><strong>diligenti</strong></span> 
     </span>
    </p>
   </div>
   <div class='ocr_carea' id='block_1_36' title="bbox 536 2071 2115 2144">
    <p class='ocr_par' dir='ltr' id='par_1_36' title="bbox 536 2071 2115 2144">
     <span class='ocr_line' id='line_1_36' title="bbox 536 2071 2115 2144; baseline -0.001 -16"><span class='ocrx_word' id='word_1_247' title='bbox 536 2074 934 2129; x_wconf 75' lang='lat' dir='ltr'><strong>examinatione</strong></span> <span class='ocrx_word' id='word_1_248' title='bbox 958 2073 1215 2144; x_wconf 88' lang='lat' dir='ltr'><strong>pensetis,</strong></span> <span class='ocrx_word' id='word_1_249' title='bbox 1235 2074 1444 2143; x_wconf 88' lang='lat' dir='ltr'><strong>quoties</strong></span> <span class='ocrx_word' id='word_1_250' title='bbox 1466 2071 1644 2127; x_wconf 89' lang='lat' dir='ltr'><strong>Jesum</strong></span> <span class='ocrx_word' id='word_1_251' title='bbox 1663 2071 1932 2126; x_wconf 89' lang='lat' dir='ltr'><strong>Christum</strong></span> <span class='ocrx_word' id='word_1_252' title='bbox 1959 2071 2115 2126; x_wconf 90' lang='lat' dir='ltr'><strong>unius</strong></span> 
     </span>
    </p>
   </div>
   <div class='ocr_carea' id='block_1_37' title="bbox 528 2161 2117 2232">
    <p class='ocr_par' dir='ltr' id='par_1_37' title="bbox 528 2161 2117 2232">
     <span class='ocr_line' id='line_1_37' title="bbox 528 2161 2117 2232; baseline -0.004 -14"><span class='ocrx_word' id='word_1_253' title='bbox 528 2177 650 2218; x_wconf 83' lang='lat' dir='ltr'><strong>esse</strong></span> <span class='ocrx_word' id='word_1_254' title='bbox 682 2173 885 2217; x_wconf 84' lang='lat' dir='ltr'><strong>naturae</strong></span> <span class='ocrx_word' id='word_1_255' title='bbox 915 2163 1112 2226; x_wconf 90' lang='lat' dir='ltr'><strong>dicitis,</strong></span> <span class='ocrx_word' id='word_1_256' title='bbox 1155 2165 1314 2218; x_wconf 92' lang='lat' dir='ltr'><strong>toties</strong></span> <span class='ocrx_word' id='word_1_257' title='bbox 1352 2179 1474 2218; x_wconf 91' lang='lat' dir='ltr'><strong>eum</strong></span> <span class='ocrx_word' id='word_1_258' title='bbox 1503 2162 1667 2216; x_wconf 76' lang='lat' dir='ltr'><strong>lilium</strong></span> <span class='ocrx_word' id='word_1_259' title='bbox 1712 2170 1913 2216; x_wconf 74' lang='lat' dir='ltr'><strong>Sancta:</strong></span> <span class='ocrx_word' id='word_1_260' title='bbox 1948 2161 2117 2232; x_wconf 82' lang='lat' dir='ltr'><strong>\‘irgi—</strong></span> 
     </span>
    </p>
   </div>
   <div class='ocr_carea' id='block_1_38' title="bbox 535 2253 2111 2324">
    <p class='ocr_par' dir='ltr' id='par_1_38' title="bbox 535 2253 2111 2324">
     <span class='ocr_line' id='line_1_38' title="bbox 535 2253 2111 2324; baseline 0.001 -18"><span class='ocrx_word' id='word_1_261' title='bbox 535 2255 616 2307; x_wconf 89' lang='lat' dir='ltr'><strong>nis</strong></span> <span class='ocrx_word' id='word_1_262' title='bbox 647 2254 948 2324; x_wconf 80' lang='lat' dir='ltr'><strong>abnegatis.</strong></span> <span class='ocrx_word' id='word_1_263' title='bbox 975 2255 1040 2308; x_wconf 85' lang='lat' dir='ltr'><strong>Et</strong></span> <span class='ocrx_word' id='word_1_264' title='bbox 1062 2253 1239 2307; x_wconf 84' lang='lat' dir='ltr'><strong>videte</strong></span> <span class='ocrx_word' id='word_1_265' title='bbox 1269 2253 1410 2308; x_wconf 88' lang='lat' dir='ltr'><strong>unde</strong></span> <span class='ocrx_word' id='word_1_266' title='bbox 1433 2254 1541 2322; x_wconf 87' lang='lat' dir='ltr'><strong>jam</strong></span> <span class='ocrx_word' id='word_1_267' title='bbox 1570 2253 1720 2308; x_wconf 87' lang='lat' dir='ltr'><strong>vobis</strong></span> <span class='ocrx_word' id='word_1_268' title='bbox 1743 2254 1884 2307; x_wconf 75' lang='lat' dir='ltr'><strong>salus</strong></span> <span class='ocrx_word' id='word_1_269' title='bbox 1913 2255 2111 2317; x_wconf 87' lang='lat' dir='ltr'><strong>veniat,</strong></span> 
     </span>
    </p>
   </div>
   <div class='ocr_carea' id='block_1_39' title="bbox 533 2343 2118 2412">
    <p class='ocr_par' dir='ltr' id='par_1_39' title="bbox 533 2343 2118 2412">
     <span class='ocr_line' id='line_1_39' title="bbox 533 2343 2118 2412; baseline 0.001 -14"><span class='ocrx_word' id='word_1_270' title='bbox 533 2345 629 2398; x_wconf 81' lang='lat' dir='ltr'><strong>sia</strong></span> <span class='ocrx_word' id='word_1_271' title='bbox 659 2344 806 2398; x_wconf 82' lang='lat' dir='ltr'><strong>vobis</strong></span> <span class='ocrx_word' id='word_1_272' title='bbox 850 2344 1128 2398; x_wconf 83' lang='lat' dir='ltr'><strong>Dominum</strong></span> <span class='ocrx_word' id='word_1_273' title='bbox 1169 2345 1496 2399; x_wconf 87' lang='lat' dir='ltr'><strong>Salvatorcm</strong></span> <span class='ocrx_word' id='word_1_274' title='bbox 1539 2344 1862 2412; x_wconf 86' lang='lat' dir='ltr'><strong>perversitas</strong></span> <span class='ocrx_word' id='word_1_275' title='bbox 1908 2343 2118 2399; x_wconf 81' lang='lat' dir='ltr'><strong>confes-</strong></span> 
     </span>
    </p>
   </div>
   <div class='ocr_carea' id='block_1_40' title="bbox 537 2435 997 2489">
    <p class='ocr_par' dir='ltr' id='par_1_40' title="bbox 537 2435 997 2489">
     <span class='ocr_line' id='line_1_40' title="bbox 537 2435 997 2489; baseline 0 -1"><span class='ocrx_word' id='word_1_276' title='bbox 537 2435 705 2488; x_wconf 74' lang='lat' dir='ltr'><strong>sionis</strong></span> <span class='ocrx_word' id='word_1_277' title='bbox 736 2435 997 2489; x_wconf 76' lang='lat' dir='ltr'><strong>abscidat.</strong></span> 
     </span>
    </p>
   </div>
   <div class='ocr_carea' id='block_1_41' title="bbox 771 2593 1822 2651">
    <p class='ocr_par' dir='ltr' id='par_1_41' title="bbox 771 2593 1822 2651">
     <span class='ocr_line' id='line_1_41' title="bbox 771 2593 1822 2651; baseline -0.001 -1"><span class='ocrx_word' id='word_1_278' title='bbox 771 2637 774 2639; x_wconf 22' lang='grc' dir='ltr'><strong>Α</strong></span> <span class='ocrx_word' id='word_1_279' title='bbox 846 2595 1203 2651; x_wconf 67' lang='grc' dir='ltr'><strong>ΕΧΡΟΞΙΤΙΟ</strong></span> <span class='ocrx_word' id='word_1_280' title='bbox 1242 2595 1308 2650; x_wconf 85' lang='grc' dir='ltr'><strong>ΙΝ</strong></span> <span class='ocrx_word' id='word_1_281' title='bbox 1348 2594 1672 2651; x_wconf 67' lang='lat' dir='ltr'><strong>PSAIMUM</strong></span> <span class='ocrx_word' id='word_1_282' title='bbox 1709 2593 1822 2650; x_wconf 83' lang='lat' dir='ltr'><strong>CX.</strong></span> 
     </span>
    </p>
   </div>
   <div class='ocr_carea' id='block_1_42' title="bbox 1202 2727 1445 2782">
    <p class='ocr_par' dir='ltr' id='par_1_42' title="bbox 1202 2727 1445 2782">
     <span class='ocr_line' id='line_1_42' title="bbox 1202 2727 1445 2782; baseline 0.004 -1"><span class='ocrx_word' id='word_1_283' title='bbox 1202 2727 1445 2782; x_wconf 81' lang='lat' dir='ltr'><strong>Alleluia.</strong></span> 
     </span>
    </p>
   </div>
   <div class='ocr_carea' id='block_1_43' title="bbox 615 2887 2126 2959">
    <p class='ocr_par' dir='ltr' id='par_1_43' title="bbox 615 2887 2126 2959">
     <span class='ocr_line' id='line_1_43' title="bbox 615 2887 2126 2959; baseline -0.001 -16"><span class='ocrx_word' id='word_1_284' title='bbox 615 2889 869 2959; x_wconf 87' lang='lat' dir='ltr'><strong>Quamvis</strong></span> <span class='ocrx_word' id='word_1_285' title='bbox 913 2889 1015 2945; x_wconf 90' lang='lat' dir='ltr'><strong>hoc</strong></span> <span class='ocrx_word' id='word_1_286' title='bbox 1054 2903 1249 2945; x_wconf 87' lang='lat' dir='ltr'><strong>nomen</strong></span> <span class='ocrx_word' id='word_1_287' title='bbox 1297 2888 1470 2944; x_wconf 89' lang='lat' dir='ltr'><strong>laudis</strong></span> <span class='ocrx_word' id='word_1_288' title='bbox 1501 2888 1750 2959; x_wconf 78' lang='lat' dir='ltr'><strong>generale</strong></span> <span class='ocrx_word' id='word_1_289' title='bbox 1788 2903 1908 2944; x_wconf 87' lang='lat' dir='ltr'><strong>esse</strong></span> <span class='ocrx_word' id='word_1_290' title='bbox 1943 2887 2126 2942; x_wconf 64' lang='lat' dir='ltr'><strong>videav</strong></span> 
     </span>
    </p>
   </div>
   <div class='ocr_carea' id='block_1_44' title="bbox 547 2978 2125 3050">
    <p class='ocr_par' dir='ltr' id='par_1_44' title="bbox 547 2978 2125 3050">
     <span class='ocr_line' id='line_1_44' title="bbox 547 2978 2125 3050; baseline -0.003 -15"><span class='ocrx_word' id='word_1_291' title='bbox 547 2991 652 3047; x_wconf 87' lang='lat' dir='ltr'><strong>tur,</strong></span> <span class='ocrx_word' id='word_1_292' title='bbox 690 2993 868 3036; x_wconf 88' lang='lat' dir='ltr'><strong>tamen</strong></span> <span class='ocrx_word' id='word_1_293' title='bbox 901 2980 974 3035; x_wconf 90' lang='lat' dir='ltr'><strong>ibi</strong></span> <span class='ocrx_word' id='word_1_294' title='bbox 1015 2981 1247 3035; x_wconf 82' lang='lat' dir='ltr'><strong>maxime</strong></span> <span class='ocrx_word' id='word_1_295' title='bbox 1282 2980 1582 3049; x_wconf 89' lang='lat' dir='ltr'><strong>apponitur,</strong></span> <span class='ocrx_word' id='word_1_296' title='bbox 1611 2980 1701 3034; x_wconf 91' lang='lat' dir='ltr'><strong>ubi</strong></span> <span class='ocrx_word' id='word_1_297' title='bbox 1734 2993 1921 3050; x_wconf 82' lang='lat' dir='ltr'><strong>magna</strong></span> <span class='ocrx_word' id='word_1_298' title='bbox 1949 2978 2125 3034; x_wconf 80' lang='lat' dir='ltr'><strong>exsul-</strong></span> 
     </span>
    </p>
   </div>
   <div class='ocr_carea' id='block_1_45' title="bbox 543 3071 2125 3142">
    <p class='ocr_par' dir='ltr' id='par_1_45' title="bbox 543 3071 2125 3142">
     <span class='ocr_line' id='line_1_45' title="bbox 543 3071 2125 3142; baseline -0.002 -14"><span class='ocrx_word' id='word_1_299' title='bbox 543 3074 746 3129; x_wconf 88' lang='lat' dir='ltr'><strong>tatione</strong></span> <span class='ocrx_word' id='word_1_300' title='bbox 785 3073 1064 3142; x_wconf 84' lang='lat' dir='ltr'><strong>gaudetur.</strong></span> <span class='ocrx_word' id='word_1_301' title='bbox 1116 3071 1321 3142; x_wconf 86' lang='lat' dir='ltr'><strong>Laudat</strong></span> <span class='ocrx_word' id='word_1_302' title='bbox 1371 3072 1514 3127; x_wconf 82' lang='lat' dir='ltr'><strong>enim</strong></span> <span class='ocrx_word' id='word_1_303' title='bbox 1565 3072 1844 3126; x_wconf 88' lang='lat' dir='ltr'><strong>Dominum</strong></span> <span class='ocrx_word' id='word_1_304' title='bbox 1898 3071 2125 3141; x_wconf 87' lang='lat' dir='ltr'><strong>populus</strong></span> 
     </span>
    </p>
   </div>
   <div class='ocr_carea' id='block_1_46' title="bbox 2217 1886 3743 1959">
    <p class='ocr_par' dir='ltr' id='par_1_46' title="bbox 2217 1886 3743 1959">
     <span class='ocr_line' id='line_1_46' title="bbox 2217 1886 3743 1959; baseline 0.001 -19"><span class='ocrx_word' id='word_1_305' title='bbox 2217 1897 2320 1940; x_wconf 90' lang='lat' dir='ltr'><strong>toto</strong></span> <span class='ocrx_word' id='word_1_306' title='bbox 2347 1889 2499 1941; x_wconf 84' lang='lat' dir='ltr'><strong>corde</strong></span> <span class='ocrx_word' id='word_1_307' title='bbox 2531 1903 2662 1955; x_wconf 83' lang='lat' dir='ltr'><strong>meo,</strong></span> <span class='ocrx_word' id='word_1_308' title='bbox 2694 1890 2746 1940; x_wconf 88' lang='lat' dir='ltr'><strong>in</strong></span> <span class='ocrx_word' id='word_1_309' title='bbox 2776 1889 2988 1940; x_wconf 87' lang='lat' dir='ltr'><strong>consilio</strong></span> <span class='ocrx_word' id='word_1_310' title='bbox 3019 1890 3284 1959; x_wconf 85' lang='lat' dir='ltr'><strong>justorum</strong></span> <span class='ocrx_word' id='word_1_311' title='bbox 3315 1899 3359 1940; x_wconf 88' lang='lat' dir='ltr'><strong>et</strong></span> <span class='ocrx_word' id='word_1_312' title='bbox 3387 1886 3743 1958; x_wconf 76' lang='lat' dir='ltr'><strong>congregatim.</strong></span> 
     </span>
    </p>
   </div>
   <div class='ocr_carea' id='block_1_47' title="bbox 2215 1978 3745 2049">
    <p class='ocr_par' dir='ltr' id='par_1_47' title="bbox 2215 1978 3745 2049">
     <span class='ocr_line' id='line_1_47' title="bbox 2215 1978 3745 2049; baseline -0.002 -15"><span class='ocrx_word' id='word_1_313' title='bbox 2215 1978 2506 2047; x_wconf 80' lang='lat' dir='ltr'><strong>Conﬁtebor</strong></span> <span class='ocrx_word' id='word_1_314' title='bbox 2546 1978 2703 2049; x_wconf 84' lang='lat' dir='ltr'><strong>(sicut</strong></span> <span class='ocrx_word' id='word_1_315' title='bbox 2747 1995 2890 2048; x_wconf 70' lang='lat' dir='ltr'><strong>saepe</strong></span> <span class='ocrx_word' id='word_1_316' title='bbox 2926 1980 3177 2048; x_wconf 79' lang='lat' dir='ltr'><strong>diximus)</strong></span> <span class='ocrx_word' id='word_1_317' title='bbox 3224 1979 3552 2047; x_wconf 69' lang='lat' dir='ltr'><strong>aequivocum</strong></span> <span class='ocrx_word' id='word_1_318' title='bbox 3589 1993 3745 2032; x_wconf 87' lang='lat' dir='ltr'><strong>nomen</strong></span> 
     </span>
    </p>
   </div>
   <div class='ocr_carea' id='block_1_48' title="bbox 2216 2069 3746 2142">
    <p class='ocr_par' dir='ltr' id='par_1_48' title="bbox 2216 2069 3746 2142">
     <span class='ocr_line' id='line_1_48' title="bbox 2216 2069 3746 2142; baseline 0 -20"><span class='ocrx_word' id='word_1_319' title='bbox 2216 2079 2319 2136; x_wconf 83' lang='lat' dir='ltr'><strong>est,</strong></span> <span class='ocrx_word' id='word_1_320' title='bbox 2369 2070 2462 2124; x_wconf 90' lang='lat' dir='ltr'><strong>sed</strong></span> <span class='ocrx_word' id='word_1_321' title='bbox 2509 2082 2606 2140; x_wconf 87' lang='lat' dir='ltr'><strong>pro</strong></span> <span class='ocrx_word' id='word_1_322' title='bbox 2648 2072 2884 2125; x_wconf 81' lang='lat' dir='ltr'><strong>locerum</strong></span> <span class='ocrx_word' id='word_1_323' title='bbox 2924 2070 3237 2125; x_wconf 86' lang='lat' dir='ltr'><strong>diversitate</strong></span> <span class='ocrx_word' id='word_1_324' title='bbox 3282 2072 3440 2142; x_wconf 77' lang='lat'><strong>381</strong></span> <span class='ocrx_word' id='word_1_325' title='bbox 3486 2069 3746 2137; x_wconf 72' lang='lat' dir='ltr'><strong>suscipitur.</strong></span> 
     </span>
    </p>
   </div>
   <div class='ocr_carea' id='block_1_49' title="bbox 2218 2146 3751 2232">
    <p class='ocr_par' dir='ltr' id='par_1_49' title="bbox 2218 2146 3751 2232">
     <span class='ocr_line' id='line_1_49' title="bbox 2218 2146 3751 2232; baseline 0.001 -17"><span class='ocrx_word' id='word_1_326' title='bbox 2218 2155 2534 2230; x_wconf 84' lang='lat' dir='ltr'><strong>Conﬁtentur</strong></span> <span class='ocrx_word' id='word_1_327' title='bbox 2575 2163 2718 2218; x_wconf 86' lang='lat' dir='ltr'><strong>enim</strong></span> <span class='ocrx_word' id='word_1_328' title='bbox 2760 2173 2814 2218; x_wconf 88' lang='lat' dir='ltr'><strong>et</strong></span> <span class='ocrx_word' id='word_1_329' title='bbox 2859 2146 2948 2232; x_wconf 85' lang='lat' dir='ltr'><strong>qui</strong></span> <span class='ocrx_word' id='word_1_330' title='bbox 2995 2148 3209 2232; x_wconf 86' lang='lat' dir='ltr'><strong>peccata</strong></span> <span class='ocrx_word' id='word_1_331' title='bbox 3247 2164 3542 2232; x_wconf 79' lang='lat' dir='ltr'><strong>deplorant,</strong></span> <span class='ocrx_word' id='word_1_332' title='bbox 3581 2165 3685 2218; x_wconf 85' lang='lat' dir='ltr'><strong>item</strong></span> <span class='ocrx_word' id='word_1_333' title='bbox 3711 2171 3751 2216; x_wconf 85' lang='lat' dir='ltr'><strong>et</strong></span> 
     </span>
    </p>
   </div>
   <div class='ocr_carea' id='block_1_50' title="bbox 2218 2243 3752 2324">
    <p class='ocr_par' dir='ltr' id='par_1_50' title="bbox 2218 2243 3752 2324">
     <span class='ocr_line' id='line_1_50' title="bbox 2218 2243 3752 2324; baseline 0.001 -17"><span class='ocrx_word' id='word_1_334' title='bbox 2218 2255 2306 2324; x_wconf 90' lang='lat' dir='ltr'><strong>qui</strong></span> <span class='ocrx_word' id='word_1_335' title='bbox 2339 2254 2565 2309; x_wconf 91' lang='lat' dir='ltr'><strong>Domino</strong></span> <span class='ocrx_word' id='word_1_336' title='bbox 2593 2256 2793 2324; x_wconf 77' lang='lat' dir='ltr'><strong>gratias</strong></span> <span class='ocrx_word' id='word_1_337' title='bbox 2823 2256 3061 2311; x_wconf 80' lang='lat' dir='ltr'><strong>referunt</strong></span> <span class='ocrx_word' id='word_1_338' title='bbox 3087 2259 3441 2320; x_wconf 86' lang='lat' dir='ltr'><strong>confitentur;</strong></span> <span class='ocrx_word' id='word_1_339' title='bbox 3467 2257 3552 2310; x_wconf 89' lang='lat' dir='ltr'><strong>sed</strong></span> <span class='ocrx_word' id='word_1_340' title='bbox 3583 2243 3692 2310; x_wconf 87' lang='lat' dir='ltr'><strong>illud</strong></span> <span class='ocrx_word' id='word_1_341' title='bbox 3712 2256 3752 2308; x_wconf 81' lang='lat' dir='ltr'><strong>in</strong></span> 
     </span>
    </p>
   </div>
   <div class='ocr_carea' id='block_1_51' title="bbox 2221 2347 3754 2419">
    <p class='ocr_par' dir='ltr' id='par_1_51' title="bbox 2221 2347 3754 2419">
     <span class='ocr_line' id='line_1_51' title="bbox 2221 2347 3754 2419; baseline 0 -19"><span class='ocrx_word' id='word_1_342' title='bbox 2221 2348 2488 2418; x_wconf 85' lang='lat' dir='ltr'><strong>lacrymis,</strong></span> <span class='ocrx_word' id='word_1_343' title='bbox 2536 2350 2674 2403; x_wconf 90' lang='lat' dir='ltr'><strong>istud</strong></span> <span class='ocrx_word' id='word_1_344' title='bbox 2724 2350 2776 2404; x_wconf 93' lang='lat' dir='ltr'><strong>in</strong></span> <span class='ocrx_word' id='word_1_345' title='bbox 2821 2351 3012 2419; x_wconf 83' lang='lat' dir='ltr'><strong>gaudio</strong></span> <span class='ocrx_word' id='word_1_346' title='bbox 3059 2360 3168 2414; x_wconf 87' lang='lat' dir='ltr'><strong>est;</strong></span> <span class='ocrx_word' id='word_1_347' title='bbox 3214 2349 3353 2405; x_wconf 89' lang='lat' dir='ltr'><strong>illud</strong></span> <span class='ocrx_word' id='word_1_348' title='bbox 3397 2350 3448 2404; x_wconf 92' lang='lat' dir='ltr'><strong>in</strong></span> <span class='ocrx_word' id='word_1_349' title='bbox 3491 2347 3754 2412; x_wconf 79' lang='lat' dir='ltr'><strong>afflictione,</strong></span> 
     </span>
    </p>
   </div>
   <div class='ocr_carea' id='block_1_52' title="bbox 2222 2441 3755 2498">
    <p class='ocr_par' dir='ltr' id='par_1_52' title="bbox 2222 2441 3755 2498">
     <span class='ocr_line' id='line_1_52' title="bbox 2222 2441 3755 2498; baseline -0.004 -1"><span class='ocrx_word' id='word_1_350' title='bbox 2222 2442 2360 2498; x_wconf 89' lang='lat' dir='ltr'><strong>istud</strong></span> <span class='ocrx_word' id='word_1_351' title='bbox 2401 2441 2452 2495; x_wconf 87' lang='lat' dir='ltr'><strong>in</strong></span> <span class='ocrx_word' id='word_1_352' title='bbox 2495 2453 2675 2497; x_wconf 84' lang='lat' dir='ltr'><strong>sancta</strong></span> <span class='ocrx_word' id='word_1_353' title='bbox 2722 2443 2918 2497; x_wconf 80' lang='lat' dir='ltr'><strong>mentis</strong></span> <span class='ocrx_word' id='word_1_354' title='bbox 2953 2444 3234 2498; x_wconf 82' lang='lat' dir='ltr'><strong>alacritate</strong></span> <span class='ocrx_word' id='word_1_355' title='bbox 3279 2443 3515 2497; x_wconf 83' lang='lat' dir='ltr'><strong>noscitur</strong></span> <span class='ocrx_word' id='word_1_356' title='bbox 3541 2441 3755 2496; x_wconf 81' lang='lat' dir='ltr'><strong>censtitu-</strong></span> 
     </span>
    </p>
   </div>
   <div class='ocr_carea' id='block_1_53' title="bbox 2224 2530 3758 2603">
    <p class='ocr_par' dir='ltr' id='par_1_53' title="bbox 2224 2530 3758 2603">
     <span class='ocr_line' id='line_1_53' title="bbox 2224 2530 3758 2603; baseline -0.001 -17"><span class='ocrx_word' id='word_1_357' title='bbox 2224 2543 2355 2587; x_wconf 91' lang='lat' dir='ltr'><strong>tum.</strong></span> <span class='ocrx_word' id='word_1_358' title='bbox 2392 2532 2538 2588; x_wconf 88' lang='lat' dir='ltr'><strong>Unde</strong></span> <span class='ocrx_word' id='word_1_359' title='bbox 2565 2533 2652 2588; x_wconf 87' lang='lat' dir='ltr'><strong>hic</strong></span> <span class='ocrx_word' id='word_1_360' title='bbox 2680 2535 2890 2603; x_wconf 85' lang='lat' dir='ltr'><strong>profusa</strong></span> <span class='ocrx_word' id='word_1_361' title='bbox 2920 2533 3100 2587; x_wconf 66' lang='lat' dir='ltr'><strong>laetitia</strong></span> <span class='ocrx_word' id='word_1_362' title='bbox 3135 2535 3377 2589; x_wconf 76' lang='lat' dir='ltr'><strong>exsultat</strong></span> <span class='ocrx_word' id='word_1_363' title='bbox 3411 2533 3622 2600; x_wconf 85' lang='lat' dir='ltr'><strong>populus</strong></span> <span class='ocrx_word' id='word_1_364' title='bbox 3653 2530 3758 2597; x_wconf 84' lang='lat' dir='ltr'><strong>lide-</strong></span> 
     </span>
    </p>
   </div>
   <div class='ocr_carea' id='block_1_54' title="bbox 2224 2623 3759 2697">
    <p class='ocr_par' dir='ltr' id='par_1_54' title="bbox 2224 2623 3759 2697">
     <span class='ocr_line' id='line_1_54' title="bbox 2224 2623 3759 2697; baseline -0.003 -17"><span class='ocrx_word' id='word_1_365' title='bbox 2224 2626 2309 2690; x_wconf 82' lang='lat' dir='ltr'><strong>lis,</strong></span> <span class='ocrx_word' id='word_1_366' title='bbox 2343 2629 2625 2695; x_wconf 86' lang='lat' dir='ltr'><strong>quamdam</strong></span> <span class='ocrx_word' id='word_1_367' title='bbox 2657 2627 2937 2697; x_wconf 78' lang='lat' dir='ltr'><strong>imaginem</strong></span> <span class='ocrx_word' id='word_1_368' title='bbox 2971 2628 3132 2682; x_wconf 91' lang='lat' dir='ltr'><strong>l&#39;uturi</strong></span> <span class='ocrx_word' id='word_1_369' title='bbox 3159 2629 3349 2684; x_wconf 75' lang='lat' dir='ltr'><strong>saeculi</strong></span> <span class='ocrx_word' id='word_1_370' title='bbox 3380 2627 3664 2697; x_wconf 79' lang='lat' dir='ltr'><strong>designans,</strong></span> <span class='ocrx_word' id='word_1_371' title='bbox 3694 2623 3759 2678; x_wconf 73' lang='lat' dir='ltr'><strong>ubi</strong></span> 
     </span>
    </p>
   </div>
   <div class='ocr_carea' id='block_1_55' title="bbox 2227 2714 3764 2785">
    <p class='ocr_par' dir='ltr' id='par_1_55' title="bbox 2227 2714 3764 2785">
     <span class='ocr_line' id='line_1_55' title="bbox 2227 2714 3764 2785; baseline -0.003 -16"><span class='ocrx_word' id='word_1_372' title='bbox 2227 2732 2384 2772; x_wconf 89' lang='lat' dir='ltr'><strong>voces</strong></span> <span class='ocrx_word' id='word_1_373' title='bbox 2416 2718 2531 2772; x_wconf 79' lang='lat' dir='ltr'><strong>ista:</strong></span> <span class='ocrx_word' id='word_1_374' title='bbox 2565 2718 2832 2772; x_wconf 70' lang='lat' dir='ltr'><strong>continua:</strong></span> <span class='ocrx_word' id='word_1_375' title='bbox 2872 2727 3015 2785; x_wconf 88' lang='lat' dir='ltr'><strong>sunt,</strong></span> <span class='ocrx_word' id='word_1_376' title='bbox 3051 2728 3104 2772; x_wconf 83' lang='lat' dir='ltr'><strong>&#39;et</strong></span> <span class='ocrx_word' id='word_1_377' title='bbox 3145 2717 3339 2771; x_wconf 86' lang='lat' dir='ltr'><strong>laudes</strong></span> <span class='ocrx_word' id='word_1_378' title='bbox 3382 2717 3580 2770; x_wconf 88' lang='lat' dir='ltr'><strong>Domini</strong></span> <span class='ocrx_word' id='word_1_379' title='bbox 3610 2714 3764 2768; x_wconf 79' lang='lat' dir='ltr'><strong>devota</strong></span> 
     </span>
    </p>
   </div>
   <div class='ocr_carea' id='block_1_56' title="bbox 2225 2802 3764 2863">
    <p class='ocr_par' dir='ltr' id='par_1_56' title="bbox 2225 2802 3764 2863">
     <span class='ocr_line' id='line_1_56' title="bbox 2225 2802 3764 2863; baseline -0.005 -1"><span class='ocrx_word' id='word_1_380' title='bbox 2225 2817 2405 2863; x_wconf 87' lang='lat' dir='ltr'><strong>mente</strong></span> <span class='ocrx_word' id='word_1_381' title='bbox 2433 2808 2898 2863; x_wconf 73' lang='lat' dir='ltr'><strong>concelebrentur.</strong></span> <span class='ocrx_word' id='word_1_382' title='bbox 2933 2807 3060 2862; x_wconf 79' lang='lat' dir='ltr'><strong>Nam</strong></span> <span class='ocrx_word' id='word_1_383' title='bbox 3089 2819 3145 2862; x_wconf 92' lang='lat' dir='ltr'><strong>ut</strong></span> <span class='ocrx_word' id='word_1_384' title='bbox 3175 2802 3542 2862; x_wconf 81' lang='lat' dir='ltr'><strong>sinceritatem</strong></span> <span class='ocrx_word' id='word_1_385' title='bbox 3579 2820 3676 2857; x_wconf 79' lang='lat' dir='ltr'><strong>sua:</strong></span> <span class='ocrx_word' id='word_1_386' title='bbox 3707 2803 3764 2855; x_wconf 87' lang='lat' dir='ltr'><strong>in-</strong></span> 
     </span>
    </p>
   </div>
   <div class='ocr_carea' id='block_1_57' title="bbox 2229 2899 3769 2967">
    <p class='ocr_par' dir='ltr' id='par_1_57' title="bbox 2229 2899 3769 2967">
     <span class='ocr_line' id='line_1_57' title="bbox 2229 2899 3769 2967; baseline -0.005 -14"><span class='ocrx_word' id='word_1_387' title='bbox 2229 2901 2484 2954; x_wconf 89' lang='lat' dir='ltr'><strong>tentionis</strong></span> <span class='ocrx_word' id='word_1_388' title='bbox 2537 2899 2819 2967; x_wconf 88' lang='lat' dir='ltr'><strong>ostendat,</strong></span> <span class='ocrx_word' id='word_1_389' title='bbox 2867 2899 3205 2954; x_wconf 85' lang='lat' dir='ltr'><strong>laudaturum</strong></span> <span class='ocrx_word' id='word_1_390' title='bbox 3262 2915 3323 2955; x_wconf 86' lang='lat' dir='ltr'><strong>se</strong></span> <span class='ocrx_word' id='word_1_391' title='bbox 3368 2901 3498 2954; x_wconf 88' lang='lat' dir='ltr'><strong>dicit</strong></span> <span class='ocrx_word' id='word_1_392' title='bbox 3537 2913 3648 2955; x_wconf 90' lang='lat' dir='ltr'><strong>eum</strong></span> <span class='ocrx_word' id='word_1_393' title='bbox 3687 2903 3769 2949; x_wconf 84' lang='lat' dir='ltr'><strong>toto</strong></span> 
     </span>
    </p>
   </div>
   <div class='ocr_carea' id='block_1_58' title="bbox 2226 2987 3770 3062">
    <p class='ocr_par' dir='ltr' id='par_1_58' title="bbox 2226 2987 3770 3062">
     <span class='ocr_line' id='line_1_58' title="bbox 2226 2987 3770 3062; baseline -0.006 -16"><span class='ocrx_word' id='word_1_394' title='bbox 2226 2991 2404 3046; x_wconf 87' lang='lat' dir='ltr'><strong>cordis</strong></span> <span class='ocrx_word' id='word_1_395' title='bbox 2434 2991 2658 3056; x_wconf 84' lang='lat' dir='ltr'><strong>all‘ectu,</strong></span> <span class='ocrx_word' id='word_1_396' title='bbox 2701 2999 2758 3045; x_wconf 91' lang='lat' dir='ltr'><strong>ut</strong></span> <span class='ocrx_word' id='word_1_397' title='bbox 2805 2991 2934 3045; x_wconf 78' lang='lat' dir='ltr'><strong>nihil</strong></span> <span class='ocrx_word' id='word_1_398' title='bbox 2978 2991 3236 3062; x_wconf 78' lang='lat' dir='ltr'><strong>cogitatio</strong></span> <span class='ocrx_word' id='word_1_399' title='bbox 3267 2992 3497 3046; x_wconf 84' lang='lat' dir='ltr'><strong>adversa</strong></span> <span class='ocrx_word' id='word_1_400' title='bbox 3515 2987 3770 3056; x_wconf 74' lang='lat' dir='ltr'><strong>‘subripiat,</strong></span> 
     </span>
    </p>
   </div>
   <div class='ocr_carea' id='block_1_59' title="bbox 2231 3072 3775 3152">
    <p class='ocr_par' dir='ltr' id='par_1_59' title="bbox 2231 3072 3775 3152">
     <span class='ocr_line' id='line_1_59' title="bbox 2231 3072 3775 3152; baseline -0.006 -15"><span class='ocrx_word' id='word_1_401' title='bbox 2231 3098 2330 3137; x_wconf 89' lang='lat' dir='ltr'><strong>nec</strong></span> <span class='ocrx_word' id='word_1_402' title='bbox 2374 3082 2704 3150; x_wconf 86' lang='lat' dir='ltr'><strong>splendidam</strong></span> <span class='ocrx_word' id='word_1_403' title='bbox 2753 3080 3094 3152; x_wconf 87' lang='lat' dir='ltr'><strong>lucidamque</strong></span> <span class='ocrx_word' id='word_1_404' title='bbox 3145 3072 3397 3136; x_wconf 84' lang='lat' dir='ltr'><strong>mentem</strong></span> <span class='ocrx_word' id='word_1_405' title='bbox 3437 3078 3680 3134; x_wconf 75' lang='lat' dir='ltr'><strong>diabolica</strong></span> <span class='ocrx_word' id='word_1_406' title='bbox 3712 3075 3775 3128; x_wconf 84' lang='lat' dir='ltr'><strong>vi-</strong></span> 
     </span>
    </p>
   </div>
   <div class='ocr_carea' id='block_1_60' title="bbox 547 3151 2118 3246">
    <p class='ocr_par' dir='ltr' id='par_1_60' title="bbox 547 3151 2118 3232">
     <span class='ocr_line' id='line_1_60' title="bbox 547 3151 2118 3232; baseline 0.001 -15"><span class='ocrx_word' id='word_1_407' title='bbox 547 3179 694 3229; x_wconf 86' lang='lat' dir='ltr'><strong>suus,</strong></span> <span class='ocrx_word' id='word_1_408' title='bbox 729 3165 873 3232; x_wconf 89' lang='lat' dir='ltr'><strong>quia</strong></span> <span class='ocrx_word' id='word_1_409' title='bbox 905 3163 1088 3217; x_wconf 90' lang='lat' dir='ltr'><strong>mundi</strong></span> <span class='ocrx_word' id='word_1_410' title='bbox 1127 3151 1289 3217; x_wconf 30' lang='lat' dir='ltr'><strong>&#39;clade</strong></span> <span class='ocrx_word' id='word_1_411' title='bbox 1335 3162 1608 3228; x_wconf 87' lang='lat' dir='ltr'><strong>liberatus,</strong></span> <span class='ocrx_word' id='word_1_412' title='bbox 1661 3164 1909 3218; x_wconf 89' lang='lat' dir='ltr'><strong>vitiorum</strong></span> <span class='ocrx_word' id='word_1_413' title='bbox 1951 3166 2118 3219; x_wconf 86' lang='lat' dir='ltr'><strong>nescit</strong></span> 
     </span>
    </p>
   </div>
   <div class='ocr_carea' id='block_1_61' title="bbox 2224 3151 3775 3246">
    <p class='ocr_par' dir='ltr' id='par_1_61' title="bbox 2227 3169 3775 3246">
     <span class='ocr_line' id='line_1_61' title="bbox 2227 3169 3775 3246; baseline -0.008 -15"><span class='ocrx_word' id='word_1_414' title='bbox 2227 3176 2452 3231; x_wconf 87' lang='lat' dir='ltr'><strong>deantur</strong></span> <span class='ocrx_word' id='word_1_415' title='bbox 2483 3175 2692 3230; x_wconf 80' lang='lat' dir='ltr'><strong>fuscare</strong></span> <span class='ocrx_word' id='word_1_416' title='bbox 2719 3175 3006 3246; x_wconf 67' lang='lat' dir='ltr'><strong>prtcStig&#39;ia.</strong></span> <span class='ocrx_word' id='word_1_417' title='bbox 3032 3169 3313 3241; x_wconf 86' lang='lat' dir='ltr'><strong>Sequitur,</strong></span> <span class='ocrx_word' id='word_1_418' title='bbox 3341 3177 3394 3228; x_wconf 84' lang='lat' dir='ltr'><strong>in</strong></span> <span class='ocrx_word' id='word_1_419' title='bbox 3420 3170 3630 3234; x_wconf 74' lang='lat' dir='ltr'><strong>consitio</strong></span> <span class='ocrx_word' id='word_1_420' title='bbox 3646 3170 3775 3233; x_wconf 80' lang='lat' dir='ltr'><strong>iusto-</strong></span> 
     </span>
    </p>
   </div>
   <div class='ocr_carea' id='block_1_62' title="bbox 546 3257 2124 3329">
    <p class='ocr_par' dir='ltr' id='par_1_62' title="bbox 546 3257 2124 3329">
     <span class='ocr_line' id='line_1_62' title="bbox 546 3257 2124 3329; baseline 0 -13"><span class='ocrx_word' id='word_1_421' title='bbox 546 3263 812 3316; x_wconf 87' lang='lat' dir='ltr'><strong>snstinere</strong></span> <span class='ocrx_word' id='word_1_422' title='bbox 843 3263 1138 3315; x_wconf 80' lang='lat' dir='ltr'><strong>servitium.</strong></span> <span class='ocrx_word' id='word_1_423' title='bbox 1173 3259 1301 3326; x_wconf 66' lang='lat' dir='ltr'><strong>Quae</strong></span> <span class='ocrx_word' id='word_1_424' title='bbox 1328 3260 1444 3314; x_wconf 81' lang='lat' dir='ltr'><strong>laus</strong></span> <span class='ocrx_word' id='word_1_425' title='bbox 1473 3257 1664 3314; x_wconf 65' lang='lat' dir='ltr'><strong>futurae</strong></span> <span class='ocrx_word' id='word_1_426' title='bbox 1696 3259 1916 3329; x_wconf 83' lang='lat' dir='ltr'><strong>ﬁguram</strong></span> <span class='ocrx_word' id='word_1_427' title='bbox 1949 3263 2124 3316; x_wconf 85' lang='lat' dir='ltr'><strong>nosci-</strong></span> 
     </span>
    </p>
   </div>
   <div class='ocr_carea' id='block_1_63' title="bbox 546 3352 2124 3422">
    <p class='ocr_par' dir='ltr' id='par_1_63' title="bbox 546 3352 2124 3422">
     <span class='ocr_line' id='line_1_63' title="bbox 546 3352 2124 3422; baseline 0.002 -15"><span class='ocrx_word' id='word_1_428' title='bbox 546 3365 632 3407; x_wconf 90' lang='lat' dir='ltr'><strong>tur</strong></span> <span class='ocrx_word' id='word_1_429' title='bbox 673 3365 887 3422; x_wconf 90' lang='lat' dir='ltr'><strong>portare</strong></span> <span class='ocrx_word' id='word_1_430' title='bbox 935 3354 1167 3418; x_wconf 70' lang='lat' dir='ltr'><strong>lzetitize,</strong></span> <span class='ocrx_word' id='word_1_431' title='bbox 1215 3352 1304 3407; x_wconf 89' lang='lat' dir='ltr'><strong>ubi</strong></span> <span class='ocrx_word' id='word_1_432' title='bbox 1348 3353 1601 3406; x_wconf 90' lang='lat' dir='ltr'><strong>Dominus</strong></span> <span class='ocrx_word' id='word_1_433' title='bbox 1648 3370 1673 3404; x_wconf 89' lang='lat' dir='ltr'><strong>a</strong></span> <span class='ocrx_word' id='word_1_434' title='bbox 1725 3353 1970 3408; x_wconf 88' lang='lat' dir='ltr'><strong>fidelibus</strong></span> <span class='ocrx_word' id='word_1_435' title='bbox 2014 3357 2124 3411; x_wconf 85' lang='lat' dir='ltr'><strong>suis</strong></span> 
     </span>
    </p>
   </div>
   <div class='ocr_carea' id='block_1_64' title="bbox 546 3429 2126 3516">
    <p class='ocr_par' dir='ltr' id='par_1_64' title="bbox 546 3429 2126 3516">
     <span class='ocr_line' id='line_1_64' title="bbox 546 3429 2126 3516; baseline 0.001 -16"><span class='ocrx_word' id='word_1_436' title='bbox 546 3447 644 3500; x_wconf 87' lang='lat' dir='ltr'><strong>abs</strong></span> <span class='ocrx_word' id='word_1_437' title='bbox 666 3462 750 3516; x_wconf 67' lang='lat' dir='ltr'><strong>me</strong></span> <span class='ocrx_word' id='word_1_438' title='bbox 792 3429 1186 3500; x_wconf 73' lang='lat' dir='ltr'><strong>itttertiziSSimte</strong></span> <span class='ocrx_word' id='word_1_439' title='bbox 1223 3431 1548 3514; x_wconf 86' lang='lat' dir='ltr'><strong>conspicitur</strong></span> <span class='ocrx_word' id='word_1_440' title='bbox 1574 3455 1629 3500; x_wconf 90' lang='lat' dir='ltr'><strong>et</strong></span> <span class='ocrx_word' id='word_1_441' title='bbox 1658 3445 1775 3500; x_wconf 85' lang='lat' dir='ltr'><strong>sine</strong></span> <span class='ocrx_word' id='word_1_442' title='bbox 1805 3435 1909 3500; x_wconf 78' lang='lat' dir='ltr'><strong>line</strong></span> <span class='ocrx_word' id='word_1_443' title='bbox 1944 3446 2126 3501; x_wconf 88' lang='lat' dir='ltr'><strong>lauda-</strong></span> 
     </span>
    </p>
   </div>
   <div class='ocr_carea' id='block_1_65' title="bbox 546 3537 2124 3607">
    <p class='ocr_par' dir='ltr' id='par_1_65' title="bbox 546 3537 2124 3607">
     <span class='ocr_line' id='line_1_65' title="bbox 546 3537 2124 3607; baseline 0.001 -17"><span class='ocrx_word' id='word_1_444' title='bbox 546 3551 650 3601; x_wconf 90' lang='lat' dir='ltr'><strong>tur,</strong></span> <span class='ocrx_word' id='word_1_445' title='bbox 685 3541 824 3591; x_wconf 90' lang='lat' dir='ltr'><strong>sicut</strong></span> <span class='ocrx_word' id='word_1_446' title='bbox 862 3539 914 3592; x_wconf 90' lang='lat' dir='ltr'><strong>in</strong></span> <span class='ocrx_word' id='word_1_447' title='bbox 950 3539 1054 3592; x_wconf 80' lang='lat' dir='ltr'><strong>alio</strong></span> <span class='ocrx_word' id='word_1_448' title='bbox 1088 3537 1294 3603; x_wconf 86' lang='lat' dir='ltr'><strong>psalmo</strong></span> <span class='ocrx_word' id='word_1_449' title='bbox 1336 3538 1525 3607; x_wconf 82' lang='lat' dir='ltr'><strong>legitur</strong></span> <span class='ocrx_word' id='word_1_450' title='bbox 1557 3556 1571 3591; x_wconf 87' lang='lat'><strong>:</strong></span> <span class='ocrx_word' id='word_1_451' title='bbox 1608 3539 1751 3592; x_wconf 84' lang='lat' dir='ltr'><strong>Beati</strong></span> <span class='ocrx_word' id='word_1_452' title='bbox 1783 3540 1868 3607; x_wconf 89' lang='lat' dir='ltr'><strong>qui</strong></span> <span class='ocrx_word' id='word_1_453' title='bbox 1898 3539 2124 3593; x_wconf 83' lang='lat' dir='ltr'><strong>habitant</strong></span> 
     </span>
    </p>
   </div>
   <div class='ocr_carea' id='block_1_66' title="bbox 547 3626 2122 3702">
    <p class='ocr_par' dir='ltr' id='par_1_66' title="bbox 547 3626 2122 3702">
     <span class='ocr_line' id='line_1_66' title="bbox 547 3626 2122 3702; baseline 0.002 -22"><span class='ocrx_word' id='word_1_454' title='bbox 547 3630 598 3680; x_wconf 87' lang='lat' dir='ltr'><strong>in</strong></span> <span class='ocrx_word' id='word_1_455' title='bbox 627 3629 775 3680; x_wconf 85' lang='lat' dir='ltr'><strong>doma</strong></span> <span class='ocrx_word' id='word_1_456' title='bbox 803 3637 887 3680; x_wconf 78' lang='lat' dir='ltr'><strong>tua</strong></span> <span class='ocrx_word' id='word_1_457' title='bbox 915 3643 934 3682; x_wconf 88' lang='lat'><strong><em>:</em></strong></span> <span class='ocrx_word' id='word_1_458' title='bbox 962 3629 1012 3680; x_wconf 87' lang='lat' dir='ltr'><strong>in</strong></span> <span class='ocrx_word' id='word_1_459' title='bbox 1035 3626 1224 3683; x_wconf 69' lang='lat' dir='ltr'><strong>uacula</strong></span> <span class='ocrx_word' id='word_1_460' title='bbox 1250 3630 1549 3683; x_wconf 71' lang='lat' dir='ltr'><strong>sa’culorum</strong></span> <span class='ocrx_word' id='word_1_461' title='bbox 1575 3629 1858 3683; x_wconf 86' lang='lat' dir='ltr'><strong>laudabunt</strong></span> <span class='ocrx_word' id='word_1_462' title='bbox 1887 3640 1931 3682; x_wconf 78' lang='lat' dir='ltr'><strong>te.</strong></span> <span class='ocrx_word' id='word_1_463' title='bbox 1953 3628 2122 3702; x_wconf 80' lang='lat' dir='ltr'><strong>(Psal.</strong></span> 
     </span>
    </p>
   </div>
   <div class='ocr_carea' id='block_1_67' title="bbox 547 3719 2126 3790">
    <p class='ocr_par' dir='ltr' id='par_1_67' title="bbox 547 3719 2126 3790">
     <span class='ocr_line' id='line_1_67' title="bbox 547 3719 2126 3790; baseline 0.001 -17"><span class='ocrx_word' id='word_1_464' title='bbox 547 3735 766 3786; x_wconf 79' lang='lat' dir='ltr'><strong>Lxxxnt,</strong></span> <span class='ocrx_word' id='word_1_465' title='bbox 808 3719 886 3782; x_wconf 73' lang='lat'><strong>5’).</strong></span> <span class='ocrx_word' id='word_1_466' title='bbox 943 3720 1035 3773; x_wconf 85' lang='lat' dir='ltr'><strong>Est</strong></span> <span class='ocrx_word' id='word_1_467' title='bbox 1077 3719 1238 3774; x_wconf 90' lang='lat' dir='ltr'><strong>etiam</strong></span> <span class='ocrx_word' id='word_1_468' title='bbox 1284 3721 1519 3789; x_wconf 88' lang='lat' dir='ltr'><strong>psalmus</strong></span> <span class='ocrx_word' id='word_1_469' title='bbox 1561 3720 1681 3775; x_wconf 69' lang='lat' dir='ltr'><strong>iste&#39;</strong></span> <span class='ocrx_word' id='word_1_470' title='bbox 1705 3721 1838 3790; x_wconf 91' lang='lat' dir='ltr'><strong>apud</strong></span> <span class='ocrx_word' id='word_1_471' title='bbox 1874 3721 2126 3777; x_wconf 65' lang='lat' dir='ltr'><strong>Hebraeos</strong></span> 
     </span>
    </p>
   </div>
   <div class='ocr_carea' id='block_1_68' title="bbox 545 3795 2128 3896">
    <p class='ocr_par' dir='ltr' id='par_1_68' title="bbox 545 3795 2128 3896">
     <span class='ocr_line' id='line_1_68' title="bbox 545 3795 2128 3896; baseline 0.003 -33"><span class='ocrx_word' id='word_1_472' title='bbox 545 3810 814 3877; x_wconf 75' lang='lat' dir='ltr'><strong>alpliabcti</strong></span> <span class='ocrx_word' id='word_1_473' title='bbox 849 3801 1040 3865; x_wconf 88' lang='lat' dir='ltr'><strong>ordine</strong></span> <span class='ocrx_word' id='word_1_474' title='bbox 1079 3812 1384 3896; x_wconf 76' lang='lat' dir='ltr'><strong>decoratus,</strong></span> <span class='ocrx_word' id='word_1_475' title='bbox 1417 3812 1504 3881; x_wconf 88' lang='lat' dir='ltr'><strong>qui</strong></span> <span class='ocrx_word' id='word_1_476' title='bbox 1545 3829 1642 3883; x_wconf 92' lang='lat' dir='ltr'><strong>per</strong></span> <span class='ocrx_word' id='word_1_477' title='bbox 1679 3795 1852 3882; x_wconf 87' lang='lat' dir='ltr'><strong>capita</strong></span> <span class='ocrx_word' id='word_1_478' title='bbox 1893 3829 2128 3868; x_wconf 85' lang='lat' dir='ltr'><strong>comma-</strong></span> 
     </span>
    </p>
   </div>
   <div class='ocr_carea' id='block_1_69' title="bbox 550 3899 2127 3973">
    <p class='ocr_par' dir='ltr' id='par_1_69' title="bbox 550 3899 2127 3973">
     <span class='ocr_line' id='line_1_69' title="bbox 550 3899 2127 3973; baseline 0.004 -20"><span class='ocrx_word' id='word_1_479' title='bbox 550 3912 661 3954; x_wconf 90' lang='lat' dir='ltr'><strong>tum</strong></span> <span class='ocrx_word' id='word_1_480' title='bbox 712 3904 824 3956; x_wconf 89' lang='lat' dir='ltr'><strong>sive</strong></span> <span class='ocrx_word' id='word_1_481' title='bbox 855 3903 1175 3956; x_wconf 71' lang='lat' dir='ltr'><strong>divisionum</strong></span> <span class='ocrx_word' id='word_1_482' title='bbox 1211 3904 1415 3973; x_wconf 88' lang='lat' dir='ltr'><strong>primus</strong></span> <span class='ocrx_word' id='word_1_483' title='bbox 1453 3899 1658 3958; x_wconf 79' lang='lat' dir='ltr'><strong>conctis</strong></span> <span class='ocrx_word' id='word_1_484' title='bbox 1690 3905 1879 3958; x_wconf 86' lang='lat' dir='ltr'><strong>litteris</strong></span> <span class='ocrx_word' id='word_1_485' title='bbox 1905 3905 2127 3958; x_wconf 83' lang='lat' dir='ltr'><strong>adnota-</strong></span> 
     </span>
    </p>
   </div>
   <div class='ocr_carea' id='block_1_70' title="bbox 550 3995 2125 4069">
    <p class='ocr_par' dir='ltr' id='par_1_70' title="bbox 550 3995 2125 4069">
     <span class='ocr_line' id='line_1_70' title="bbox 550 3995 2125 4069; baseline 0.002 -19"><span class='ocrx_word' id='word_1_486' title='bbox 550 4005 635 4050; x_wconf 93' lang='lat' dir='ltr'><strong>tur</strong></span> <span class='ocrx_word' id='word_1_487' title='bbox 665 4013 678 4048; x_wconf 90' lang='lat'>:</span> <span class='ocrx_word' id='word_1_488' title='bbox 711 3996 830 4051; x_wconf 88' lang='lat' dir='ltr'><strong>illos</strong></span> <span class='ocrx_word' id='word_1_489' title='bbox 880 3997 1030 4052; x_wconf 77' lang='lat' dir='ltr'><strong>nobis</strong></span> <span class='ocrx_word' id='word_1_490' title='bbox 1076 3995 1252 4066; x_wconf 86' lang='lat' dir='ltr'><strong>justos</strong></span> <span class='ocrx_word' id='word_1_491' title='bbox 1290 3998 1553 4065; x_wconf 87' lang='lat' dir='ltr'><strong>indicans,</strong></span> <span class='ocrx_word' id='word_1_492' title='bbox 1585 3997 1673 4064; x_wconf 92' lang='lat' dir='ltr'><strong>qui</strong></span> <span class='ocrx_word' id='word_1_493' title='bbox 1722 3998 1918 4069; x_wconf 85' lang='lat' dir='ltr'><strong>(divina</strong></span> <span class='ocrx_word' id='word_1_494' title='bbox 1958 3999 2125 4068; x_wconf 81' lang='lat' dir='ltr'><strong>gratia</strong></span> 
     </span>
    </p>
   </div>
   <div class='ocr_carea' id='block_1_71' title="bbox 549 4087 2126 4158">
    <p class='ocr_par' dir='ltr' id='par_1_71' title="bbox 549 4087 2126 4158">
     <span class='ocr_line' id='line_1_71' title="bbox 549 4087 2126 4158; baseline 0 -17"><span class='ocrx_word' id='word_1_495' title='bbox 549 4087 838 4158; x_wconf 70' lang='lat' dir='ltr'><strong>tribuente)</strong></span> <span class='ocrx_word' id='word_1_496' title='bbox 870 4089 1116 4157; x_wconf 83' lang='lat' dir='ltr'><strong>perfectis</strong></span> <span class='ocrx_word' id='word_1_497' title='bbox 1150 4089 1435 4144; x_wconf 90' lang='lat' dir='ltr'><strong>virtutibus</strong></span> <span class='ocrx_word' id='word_1_498' title='bbox 1468 4091 1793 4144; x_wconf 89' lang='lat' dir='ltr'><strong>clucescunt.</strong></span> <span class='ocrx_word' id='word_1_499' title='bbox 1828 4089 1957 4143; x_wconf 87' lang='lat' dir='ltr'><strong>Nam</strong></span> <span class='ocrx_word' id='word_1_500' title='bbox 1991 4089 2126 4144; x_wconf 82' lang='lat' dir='ltr'><strong>sicut</strong></span> 
     </span>
    </p>
   </div>
   <div class='ocr_carea' id='block_1_72' title="bbox 549 4181 2128 4251">
    <p class='ocr_par' dir='ltr' id='par_1_72' title="bbox 549 4181 2128 4251">
     <span class='ocr_line' id='line_1_72' title="bbox 549 4181 2128 4251; baseline 0.001 -18"><span class='ocrx_word' id='word_1_501' title='bbox 549 4181 855 4248; x_wconf 85' lang='lat' dir='ltr'><strong>superiores</strong></span> <span class='ocrx_word' id='word_1_502' title='bbox 888 4181 1073 4249; x_wconf 55' lang='lat' dir='ltr'><strong>psalmi</strong></span> <span class='ocrx_word' id='word_1_503' title='bbox 1101 4181 1482 4250; x_wconf 83' lang='lat' dir='ltr'><strong>alphabctodcs</strong></span> <span class='ocrx_word' id='word_1_504' title='bbox 1509 4181 1762 4251; x_wconf 90' lang='lat' dir='ltr'><strong>quasdam</strong></span> <span class='ocrx_word' id='word_1_505' title='bbox 1797 4181 1999 4235; x_wconf 85' lang='lat' dir='ltr'><strong>litteras</strong></span> <span class='ocrx_word' id='word_1_506' title='bbox 2031 4181 2128 4236; x_wconf 92' lang='lat' dir='ltr'><strong>mi-</strong></span> 
     </span>
    </p>
   </div>
   <div class='ocr_carea' id='block_1_73' title="bbox 550 4270 2130 4342">
    <p class='ocr_par' dir='ltr' id='par_1_73' title="bbox 550 4270 2130 4342">
     <span class='ocr_line' id='line_1_73' title="bbox 550 4270 2130 4342; baseline 0.001 -19"><span class='ocrx_word' id='word_1_507' title='bbox 550 4285 651 4323; x_wconf 90' lang='lat' dir='ltr'><strong>nus</strong></span> <span class='ocrx_word' id='word_1_508' title='bbox 679 4270 956 4334; x_wconf 83' lang='lat' dir='ltr'><strong>habentes,</strong></span> <span class='ocrx_word' id='word_1_509' title='bbox 986 4271 1106 4325; x_wconf 91' lang='lat' dir='ltr'><strong>illos</strong></span> <span class='ocrx_word' id='word_1_510' title='bbox 1135 4271 1420 4341; x_wconf 85' lang='lat' dir='ltr'><strong>designant</strong></span> <span class='ocrx_word' id='word_1_511' title='bbox 1451 4273 1539 4342; x_wconf 88' lang='lat' dir='ltr'><strong>qui</strong></span> <span class='ocrx_word' id='word_1_512' title='bbox 1569 4288 1671 4327; x_wconf 83' lang='lat' dir='ltr'><strong>non</strong></span> <span class='ocrx_word' id='word_1_513' title='bbox 1703 4271 1838 4326; x_wconf 90' lang='lat' dir='ltr'><strong>adeo</strong></span> <span class='ocrx_word' id='word_1_514' title='bbox 1866 4271 2130 4326; x_wconf 65' lang='lat' dir='ltr'><strong>universis</strong></span> 
     </span>
    </p>
   </div>
   <div class='ocr_carea' id='block_1_74' title="bbox 550 4363 2128 4434">
    <p class='ocr_par' dir='ltr' id='par_1_74' title="bbox 550 4363 2128 4434">
     <span class='ocr_line' id='line_1_74' title="bbox 550 4363 2128 4434; baseline 0.003 -20"><span class='ocrx_word' id='word_1_515' title='bbox 550 4363 755 4417; x_wconf 90' lang='lat' dir='ltr'><strong>meritis</strong></span> <span class='ocrx_word' id='word_1_516' title='bbox 796 4363 980 4431; x_wconf 86' lang='lat' dir='ltr'><strong>repleti</strong></span> <span class='ocrx_word' id='word_1_517' title='bbox 1025 4375 1168 4429; x_wconf 88' lang='lat' dir='ltr'><strong>sunt,</strong></span> <span class='ocrx_word' id='word_1_518' title='bbox 1214 4363 1309 4434; x_wconf 85' lang='lat' dir='ltr'><strong>sed</strong></span> <span class='ocrx_word' id='word_1_519' title='bbox 1353 4373 1532 4419; x_wconf 89' lang='lat' dir='ltr'><strong>tamen</strong></span> <span class='ocrx_word' id='word_1_520' title='bbox 1579 4364 1633 4418; x_wconf 93' lang='lat' dir='ltr'><strong>in</strong></span> <span class='ocrx_word' id='word_1_521' title='bbox 1681 4374 1867 4418; x_wconf 87' lang='lat' dir='ltr'><strong>sancto</strong></span> <span class='ocrx_word' id='word_1_522' title='bbox 1897 4364 2128 4418; x_wconf 88' lang='lat' dir='ltr'><strong>concilio</strong></span> 
     </span>
    </p>
   </div>
   <div class='ocr_carea' id='block_1_75' title="bbox 550 4452 2129 4527">
    <p class='ocr_par' dir='ltr' id='par_1_75' title="bbox 550 4452 2129 4527">
     <span class='ocr_line' id='line_1_75' title="bbox 550 4452 2129 4527; baseline 0.003 -22"><span class='ocrx_word' id='word_1_523' title='bbox 550 4452 794 4509; x_wconf 79' lang='lat' dir='ltr'><strong>habitare</strong></span> <span class='ocrx_word' id='word_1_524' title='bbox 826 4466 1136 4523; x_wconf 90' lang='lat' dir='ltr'><strong>noscuntur,</strong></span> <span class='ocrx_word' id='word_1_525' title='bbox 1187 4458 1256 4510; x_wconf 88' lang='lat' dir='ltr'><strong>ita</strong></span> <span class='ocrx_word' id='word_1_526' title='bbox 1279 4467 1332 4512; x_wconf 89' lang='lat' dir='ltr'><strong>et</strong></span> <span class='ocrx_word' id='word_1_527' title='bbox 1361 4457 1466 4525; x_wconf 93' lang='lat' dir='ltr'><strong>isti,</strong></span> <span class='ocrx_word' id='word_1_528' title='bbox 1493 4457 1774 4527; x_wconf 88' lang='lat' dir='ltr'><strong>completis</strong></span> <span class='ocrx_word' id='word_1_529' title='bbox 1801 4457 1990 4511; x_wconf 89' lang='lat' dir='ltr'><strong>litteris</strong></span> <span class='ocrx_word' id='word_1_530' title='bbox 2013 4472 2129 4509; x_wconf 89' lang='lat' dir='ltr'><strong>om-</strong></span> 
     </span>
    </p>
   </div>
   <div class='ocr_carea' id='block_1_76' title="bbox 551 4537 2416 4618">
    <p class='ocr_par' dir='ltr' id='par_1_76' title="bbox 551 4537 2416 4618">
     <span class='ocr_line' id='line_1_76' title="bbox 551 4537 2416 4618; baseline 0.004 -22"><span class='ocrx_word' id='word_1_531' title='bbox 551 4542 728 4606; x_wconf 88' lang='lat' dir='ltr'><strong>nibus,</strong></span> <span class='ocrx_word' id='word_1_532' title='bbox 767 4545 1136 4618; x_wconf 73' lang='lat' dir='ltr'><strong>excellentium</strong></span> <span class='ocrx_word' id='word_1_533' title='bbox 1169 4547 1354 4601; x_wconf 89' lang='lat' dir='ltr'><strong>merita</strong></span> <span class='ocrx_word' id='word_1_534' title='bbox 1395 4549 1641 4601; x_wconf 84' lang='lat' dir='ltr'><strong>videntur</strong></span> <span class='ocrx_word' id='word_1_535' title='bbox 1677 4541 1913 4603; x_wconf 71' lang='lat' dir='ltr'><strong>indicare</strong></span> <span class='ocrx_word' id='word_1_536' title='bbox 1949 4552 2124 4617; x_wconf 73' lang='lat' dir='ltr'><strong>jnsm-</strong></span> <span class='ocrx_word' id='word_1_537' title='bbox 2160 4537 2206 4593; x_wconf 78' lang='grc' dir='ltr'>υ</span> <span class='ocrx_word' id='word_1_538' title='bbox 2234 4551 2416 4604; x_wconf 87' lang='lat' dir='ltr'><strong>dicens</strong></span> 
     </span>
    </p>
   </div>
   <div class='ocr_carea' id='block_1_77' title="bbox 551 4635 2128 4711">
    <p class='ocr_par' dir='ltr' id='par_1_77' title="bbox 551 4635 2128 4711">
     <span class='ocr_line' id='line_1_77' title="bbox 551 4635 2128 4711; baseline 0.003 -22"><span class='ocrx_word' id='word_1_539' title='bbox 551 4649 690 4690; x_wconf 89' lang='lat' dir='ltr'><strong>rum.</strong></span> <span class='ocrx_word' id='word_1_540' title='bbox 723 4635 818 4688; x_wconf 83' lang='lat' dir='ltr'><strong>Est</strong></span> <span class='ocrx_word' id='word_1_541' title='bbox 857 4646 910 4690; x_wconf 90' lang='lat' dir='ltr'><strong>et</strong></span> <span class='ocrx_word' id='word_1_542' title='bbox 951 4637 1050 4690; x_wconf 85' lang='lat' dir='ltr'><strong>alia</strong></span> <span class='ocrx_word' id='word_1_543' title='bbox 1077 4652 1256 4704; x_wconf 89' lang='lat' dir='ltr'><strong>causa,</strong></span> <span class='ocrx_word' id='word_1_544' title='bbox 1287 4647 1343 4692; x_wconf 92' lang='lat' dir='ltr'><strong>ut</strong></span> <span class='ocrx_word' id='word_1_545' title='bbox 1367 4638 1524 4692; x_wconf 86' lang='lat' dir='ltr'><strong>Pater</strong></span> <span class='ocrx_word' id='word_1_546' title='bbox 1559 4638 1787 4692; x_wconf 81' lang='lat' dir='ltr'><strong>l-lilarius</strong></span> <span class='ocrx_word' id='word_1_547' title='bbox 1814 4640 1943 4693; x_wconf 88' lang='lat' dir='ltr'><strong>dicit</strong></span> <span class='ocrx_word' id='word_1_548' title='bbox 1967 4639 2128 4711; x_wconf 82' lang='lat' dir='ltr'><strong>(Pro-</strong></span> 
     </span>
    </p>
   </div>
   <div class='ocr_carea' id='block_1_78' title="bbox 550 4725 2127 4800">
    <p class='ocr_par' dir='ltr' id='par_1_78' title="bbox 550 4725 2127 4800">
     <span class='ocr_line' id='line_1_78' title="bbox 550 4725 2127 4800; baseline 0.003 -20"><span class='ocrx_word' id='word_1_549' title='bbox 550 4729 656 4797; x_wconf 88' lang='lat' dir='ltr'><strong>log.</strong></span> <span class='ocrx_word' id='word_1_550' title='bbox 683 4729 734 4780; x_wconf 85' lang='lat' dir='ltr'><strong>in</strong></span> <span class='ocrx_word' id='word_1_551' title='bbox 754 4725 946 4796; x_wconf 86' lang='lat' dir='ltr'><strong>Psal.),</strong></span> <span class='ocrx_word' id='word_1_552' title='bbox 965 4727 1122 4796; x_wconf 84' lang='lat' dir='ltr'><strong>positi</strong></span> <span class='ocrx_word' id='word_1_553' title='bbox 1145 4729 1300 4798; x_wconf 86' lang='lat' dir='ltr'><strong>hujus</strong></span> <span class='ocrx_word' id='word_1_554' title='bbox 1332 4729 1598 4799; x_wconf 76' lang='lat' dir='ltr'><strong>alplialieti</strong></span> <span class='ocrx_word' id='word_1_555' title='bbox 1621 4729 1860 4784; x_wconf 84' lang='lat' dir='ltr'><strong>:Scimus</strong></span> <span class='ocrx_word' id='word_1_556' title='bbox 1883 4733 2127 4800; x_wconf 85' lang='lat' dir='ltr'><strong>parvulos</strong></span> 
     </span>
    </p>
   </div>
   <div class='ocr_carea' id='block_1_79' title="bbox 547 4820 2124 4894">
    <p class='ocr_par' dir='ltr' id='par_1_79' title="bbox 547 4820 2124 4894">
     <span class='ocr_line' id='line_1_79' title="bbox 547 4820 2124 4894; baseline 0.004 -21"><span class='ocrx_word' id='word_1_557' title='bbox 547 4829 606 4873; x_wconf 87' lang='lat' dir='ltr'><strong>et</strong></span> <span class='ocrx_word' id='word_1_558' title='bbox 635 4820 791 4874; x_wconf 66' lang='lat' dir='ltr'><strong>rudus</strong></span> <span class='ocrx_word' id='word_1_559' title='bbox 822 4837 914 4888; x_wconf 90' lang='lat' dir='ltr'><strong>per</strong></span> <span class='ocrx_word' id='word_1_560' title='bbox 945 4822 1146 4876; x_wconf 89' lang='lat' dir='ltr'><strong>litteras</strong></span> <span class='ocrx_word' id='word_1_561' title='bbox 1193 4823 1413 4887; x_wconf 82' lang='lat' dir='ltr'><strong>erudiri,</strong></span> <span class='ocrx_word' id='word_1_562' title='bbox 1446 4833 1502 4877; x_wconf 92' lang='lat' dir='ltr'><strong>ut</strong></span> <span class='ocrx_word' id='word_1_563' title='bbox 1549 4824 1824 4892; x_wconf 80' lang='lat' dir='ltr'><strong>sapientiae</strong></span> <span class='ocrx_word' id='word_1_564' title='bbox 1867 4840 2124 4894; x_wconf 56' lang='lat' dir='ltr'><strong>prmcrp&#39;a</strong></span> 
     </span>
    </p>
   </div>
   <div class='ocr_carea' id='block_1_80' title="bbox 546 4913 2126 4984">
    <p class='ocr_par' dir='ltr' id='par_1_80' title="bbox 546 4913 2126 4984">
     <span class='ocr_line' id='line_1_80' title="bbox 546 4913 2126 4984; baseline 0.003 -19"><span class='ocrx_word' id='word_1_565' title='bbox 546 4913 902 4980; x_wconf 77' lang='lat' dir='ltr'><strong>Conquirant;</strong></span> <span class='ocrx_word' id='word_1_566' title='bbox 936 4913 1012 4968; x_wconf 91' lang='lat' dir='ltr'><strong>sic</strong></span> <span class='ocrx_word' id='word_1_567' title='bbox 1043 4914 1338 4983; x_wconf 88' lang='lat' dir='ltr'><strong>bujnsmodi</strong></span> <span class='ocrx_word' id='word_1_568' title='bbox 1371 4915 1556 4983; x_wconf 85' lang='lat' dir='ltr'><strong>psalmi</strong></span> <span class='ocrx_word' id='word_1_569' title='bbox 1592 4916 1767 4984; x_wconf 67' lang='lat' dir='ltr'><strong>pueris</strong></span> <span class='ocrx_word' id='word_1_570' title='bbox 1794 4925 1846 4970; x_wconf 89' lang='lat' dir='ltr'><strong>et</strong></span> <span class='ocrx_word' id='word_1_571' title='bbox 1873 4917 2126 4984; x_wconf 58' lang='lat' dir='ltr'><strong>incipicuv</strong></span> 
     </span>
    </p>
   </div>
   <div class='ocr_carea' id='block_1_81' title="bbox 548 5001 2126 5078">
    <p class='ocr_par' dir='ltr' id='par_1_81' title="bbox 548 5001 2126 5078">
     <span class='ocr_line' id='line_1_81' title="bbox 548 5001 2126 5078; baseline 0.006 -24"><span class='ocrx_word' id='word_1_572' title='bbox 548 5001 693 5056; x_wconf 81' lang='lat' dir='ltr'><strong>tibus</strong></span> <span class='ocrx_word' id='word_1_573' title='bbox 724 5003 939 5070; x_wconf 89' lang='lat' dir='ltr'><strong>dantur,</strong></span> <span class='ocrx_word' id='word_1_574' title='bbox 971 5014 1026 5058; x_wconf 92' lang='lat' dir='ltr'><strong>ut</strong></span> <span class='ocrx_word' id='word_1_575' title='bbox 1070 5007 1354 5074; x_wconf 81' lang='lat' dir='ltr'><strong>primordia</strong></span> <span class='ocrx_word' id='word_1_576' title='bbox 1400 5021 1583 5059; x_wconf 85' lang='lat' dir='ltr'><strong>eorum</strong></span> <span class='ocrx_word' id='word_1_577' title='bbox 1618 5007 1768 5076; x_wconf 90' lang='lat' dir='ltr'><strong>quasi</strong></span> <span class='ocrx_word' id='word_1_578' title='bbox 1812 5010 2126 5078; x_wconf 64' lang='lat' dir='ltr'><strong>quihusdam</strong></span> 
     </span>
    </p>
   </div>
   <div class='ocr_carea' id='block_1_82' title="bbox 549 5094 2129 5169">
    <p class='ocr_par' dir='ltr' id='par_1_82' title="bbox 549 5094 2129 5169">
     <span class='ocr_line' id='line_1_82' title="bbox 549 5094 2129 5169; baseline 0.003 -19"><span class='ocrx_word' id='word_1_579' title='bbox 549 5094 834 5150; x_wconf 80' lang='lat' dir='ltr'><strong>clementis</strong></span> <span class='ocrx_word' id='word_1_580' title='bbox 898 5097 1210 5152; x_wconf 87' lang='lat' dir='ltr'><strong>docentibus</strong></span> <span class='ocrx_word' id='word_1_581' title='bbox 1277 5099 1624 5153; x_wconf 87' lang='lat' dir='ltr'><strong>instruantur.</strong></span> <span class='ocrx_word' id='word_1_582' title='bbox 1689 5100 1819 5153; x_wconf 84' lang='lat' dir='ltr'><strong>Nam</strong></span> <span class='ocrx_word' id='word_1_583' title='bbox 1885 5103 2129 5169; x_wconf 85' lang='lat' dir='ltr'><strong>quamvis</strong></span> 
     </span>
    </p>
   </div>
   <div class='ocr_carea' id='block_1_83' title="bbox 549 5187 2131 5257">
    <p class='ocr_par' dir='ltr' id='par_1_83' title="bbox 549 5187 2131 5257">
     <span class='ocr_line' id='line_1_83' title="bbox 549 5187 2131 5257; baseline 0.008 -17"><span class='ocrx_word' id='word_1_584' title='bbox 549 5187 805 5251; x_wconf 87' lang='lat' dir='ltr'><strong>quosdam</strong></span> <span class='ocrx_word' id='word_1_585' title='bbox 839 5197 890 5241; x_wconf 85' lang='lat' dir='ltr'><strong>et</strong></span> <span class='ocrx_word' id='word_1_586' title='bbox 921 5188 1034 5242; x_wconf 83' lang='lat' dir='ltr'><strong>sine</strong></span> <span class='ocrx_word' id='word_1_587' title='bbox 1066 5189 1259 5244; x_wconf 84' lang='lat' dir='ltr'><strong>litteris</strong></span> <span class='ocrx_word' id='word_1_588' title='bbox 1293 5189 1599 5257; x_wconf 85' lang='lat' dir='ltr'><strong>Scripturas</strong></span> <span class='ocrx_word' id='word_1_589' title='bbox 1629 5191 1837 5246; x_wconf 68' lang='lat' dir='ltr'><strong>divinas</strong></span> <span class='ocrx_word' id='word_1_590' title='bbox 1879 5193 2131 5252; x_wconf 67' lang='lat' dir='ltr'><strong>didicis~e</strong></span> 
     </span>
    </p>
   </div>
   <div class='ocr_carea' id='block_1_84' title="bbox 555 5277 2135 5354">
    <p class='ocr_par' dir='ltr' id='par_1_84' title="bbox 555 5277 2135 5354">
     <span class='ocr_line' id='line_1_84' title="bbox 555 5277 2135 5354; baseline 0.007 -25"><span class='ocrx_word' id='word_1_591' title='bbox 555 5277 863 5346; x_wconf 72' lang='lat' dir='ltr'><strong>legerimus,</strong></span> <span class='ocrx_word' id='word_1_592' title='bbox 899 5279 1098 5332; x_wconf 65' lang='lat' dir='ltr'><strong>facilior</strong></span> <span class='ocrx_word' id='word_1_593' title='bbox 1128 5289 1304 5335; x_wconf 83' lang='lat' dir='ltr'><strong>tamen</strong></span> <span class='ocrx_word' id='word_1_594' title='bbox 1343 5296 1430 5334; x_wconf 82' lang='lat' dir='ltr'><strong>res</strong></span> <span class='ocrx_word' id='word_1_595' title='bbox 1471 5293 1550 5334; x_wconf 83' lang='lat' dir='ltr'><strong>est</strong></span> <span class='ocrx_word' id='word_1_596' title='bbox 1594 5283 1681 5336; x_wconf 78' lang='lat' dir='ltr'><strong>Dei</strong></span> <span class='ocrx_word' id='word_1_597' title='bbox 1733 5284 1900 5349; x_wconf 72' lang='lat' dir='ltr'><strong>gratia</strong></span> <span class='ocrx_word' id='word_1_598' title='bbox 1936 5285 2135 5354; x_wconf 79' lang='lat' dir='ltr'><strong>fragili-</strong></span> 
     </span>
    </p>
   </div>
   <div class='ocr_carea' id='block_1_85' title="bbox 552 5371 2130 5442">
    <p class='ocr_par' dir='ltr' id='par_1_85' title="bbox 552 5371 2130 5442">
     <span class='ocr_line' id='line_1_85' title="bbox 552 5371 2130 5442; baseline 0.008 -25"><span class='ocrx_word' id='word_1_599' title='bbox 552 5371 644 5419; x_wconf 83' lang='lat' dir='ltr'><strong>tati</strong></span> <span class='ocrx_word' id='word_1_600' title='bbox 691 5379 886 5422; x_wconf 66' lang='lat' dir='ltr'><strong>nostra:</strong></span> <span class='ocrx_word' id='word_1_601' title='bbox 935 5385 1028 5437; x_wconf 87' lang='lat' dir='ltr'><strong>per</strong></span> <span class='ocrx_word' id='word_1_602' title='bbox 1082 5372 1281 5423; x_wconf 89' lang='lat' dir='ltr'><strong>litteras</strong></span> <span class='ocrx_word' id='word_1_603' title='bbox 1327 5371 1662 5438; x_wconf 70' lang='lat' dir='ltr'><strong>pt‘ltde&#39;ttli.iltt</strong></span> <span class='ocrx_word' id='word_1_604' title='bbox 1714 5372 1942 5438; x_wconf 77' lang='lat' dir='ltr'><strong>discere,</strong></span> <span class='ocrx_word' id='word_1_605' title='bbox 1974 5392 2130 5442; x_wconf 83' lang='lat' dir='ltr'><strong>quam</strong></span> 
     </span>
    </p>
   </div>
   <div class='ocr_carea' id='block_1_86' title="bbox 554 5460 2130 5535">
    <p class='ocr_par' dir='ltr' id='par_1_86' title="bbox 554 5460 2130 5535">
     <span class='ocr_line' id='line_1_86' title="bbox 554 5460 2130 5535; baseline 0.005 -23"><span class='ocrx_word' id='word_1_606' title='bbox 554 5460 683 5512; x_wconf 86' lang='lat' dir='ltr'><strong>illud</strong></span> <span class='ocrx_word' id='word_1_607' title='bbox 738 5461 1050 5514; x_wconf 76' lang='lat' dir='ltr'><strong>miraculum</strong></span> <span class='ocrx_word' id='word_1_608' title='bbox 1097 5462 1380 5516; x_wconf 78' lang='lat' dir='ltr'><strong>sustinere.</strong></span> <span class='ocrx_word' id='word_1_609' title='bbox 1430 5460 1843 5516; x_wconf 51' lang='lat' dir='ltr'><strong>Cnmmoncn‘tnr</strong></span> <span class='ocrx_word' id='word_1_610' title='bbox 1873 5481 1998 5535; x_wconf 86' lang='lat' dir='ltr'><strong>ergo</strong></span> <span class='ocrx_word' id='word_1_611' title='bbox 2037 5483 2130 5526; x_wconf 80' lang='lat' dir='ltr'><strong>per</strong></span> 
     </span>
    </p>
   </div>
   <div class='ocr_carea' id='block_1_87' title="bbox 553 5547 2131 5622">
    <p class='ocr_par' dir='ltr' id='par_1_87' title="bbox 553 5547 2131 5622">
     <span class='ocr_line' id='line_1_87' title="bbox 553 5547 2131 5622; baseline 0.003 -18"><span class='ocrx_word' id='word_1_612' title='bbox 553 5547 657 5604; x_wconf 75' lang='lat' dir='ltr'><strong>hoc</strong></span> <span class='ocrx_word' id='word_1_613' title='bbox 686 5565 1097 5615; x_wconf 87' lang='lat' dir='ltr'><strong>sacramentum,</strong></span> <span class='ocrx_word' id='word_1_614' title='bbox 1132 5564 1393 5622; x_wconf 88' lang='lat' dir='ltr'><strong>quatenus</strong></span> <span class='ocrx_word' id='word_1_615' title='bbox 1437 5553 1745 5621; x_wconf 86' lang='lat' dir='ltr'><strong>pronissimi</strong></span> <span class='ocrx_word' id='word_1_616' title='bbox 1778 5554 1840 5609; x_wconf 85' lang='lat' dir='ltr'><strong>ad</strong></span> <span class='ocrx_word' id='word_1_617' title='bbox 1873 5557 2131 5610; x_wconf 72' lang='lat' dir='ltr'><strong>et‘lidlllo-</strong></span> 
     </span>
    </p>
   </div>
   <div class='ocr_carea' id='block_1_88' title="bbox 555 5640 2129 5713">
    <p class='ocr_par' dir='ltr' id='par_1_88' title="bbox 555 5640 2129 5713">
     <span class='ocr_line' id='line_1_88' title="bbox 555 5640 2129 5713; baseline 0.006 -19"><span class='ocrx_word' id='word_1_618' title='bbox 555 5640 640 5694; x_wconf 89' lang='lat' dir='ltr'><strong>nis</strong></span> <span class='ocrx_word' id='word_1_619' title='bbox 667 5643 839 5695; x_wconf 76' lang='lat' dir='ltr'><strong>studTa</strong></span> <span class='ocrx_word' id='word_1_620' title='bbox 872 5642 1182 5698; x_wconf 83' lang='lat' dir='ltr'><strong>festinemus</strong></span> <span class='ocrx_word' id='word_1_621' title='bbox 1211 5659 1223 5697; x_wconf 90' lang='lat'>:</span> <span class='ocrx_word' id='word_1_622' title='bbox 1253 5643 1465 5713; x_wconf 81' lang='lat' dir='ltr'><strong>quando</strong></span> <span class='ocrx_word' id='word_1_623' title='bbox 1498 5655 1553 5696; x_wconf 91' lang='lat' dir='ltr'><strong>ut</strong></span> <span class='ocrx_word' id='word_1_624' title='bbox 1582 5644 1848 5699; x_wconf 65' lang='lat' dir='ltr'><strong>elementa</strong></span> <span class='ocrx_word' id='word_1_625' title='bbox 1888 5647 2025 5700; x_wconf 78' lang='lat' dir='ltr'><strong>medi</strong></span> <span class='ocrx_word' id='word_1_626' title='bbox 2054 5649 2129 5702; x_wconf 81' lang='lat' dir='ltr'><strong>ari</strong></span> 
     </span>
    </p>
   </div>
   <div class='ocr_carea' id='block_1_89' title="bbox 561 5729 2090 5806">
    <p class='ocr_par' dir='ltr' id='par_1_89' title="bbox 561 5729 2090 5806">
     <span class='ocr_line' id='line_1_89' title="bbox 561 5729 2090 5806; baseline 0.007 -24"><span class='ocrx_word' id='word_1_627' title='bbox 561 5743 627 5786; x_wconf 77' lang='lat' dir='ltr'><strong>ac</strong></span> <span class='ocrx_word' id='word_1_628' title='bbox 647 5729 855 5787; x_wconf 82' lang='lat' dir='ltr'><strong>discere</strong></span> <span class='ocrx_word' id='word_1_629' title='bbox 883 5733 1192 5804; x_wconf 87' lang='lat' dir='ltr'><strong>debeamus,</strong></span> <span class='ocrx_word' id='word_1_630' title='bbox 1227 5737 1359 5791; x_wconf 87' lang='lat' dir='ltr'><strong>ordo</strong></span> <span class='ocrx_word' id='word_1_631' title='bbox 1390 5737 1501 5805; x_wconf 82' lang='lat' dir='ltr'><strong>ipse</strong></span> <span class='ocrx_word' id='word_1_632' title='bbox 1531 5736 1744 5806; x_wconf 89' lang='lat' dir='ltr'><strong>ponitur</strong></span> <span class='ocrx_word' id='word_1_633' title='bbox 1776 5736 2090 5794; x_wconf 80' lang='lat' dir='ltr'><strong>litterarum.</strong></span> 
     </span>
    </p>
   </div>
   <div class='ocr_carea' id='block_1_90' title="bbox 2226 3260 3778 3339">
    <p class='ocr_par' dir='ltr' id='par_1_90' title="bbox 2226 3260 3778 3339">
     <span class='ocr_line' id='line_1_90' title="bbox 2226 3260 3778 3339; baseline -0.006 -18"><span class='ocrx_word' id='word_1_634' title='bbox 2226 3285 2339 3321; x_wconf 86' lang='lat' dir='ltr'><strong>rum</strong></span> <span class='ocrx_word' id='word_1_635' title='bbox 2368 3277 2415 3321; x_wconf 88' lang='lat' dir='ltr'><strong>et</strong></span> <span class='ocrx_word' id='word_1_636' title='bbox 2442 3269 2846 3336; x_wconf 79' lang='lat' dir='ltr'><strong>congregatione.</strong></span> <span class='ocrx_word' id='word_1_637' title='bbox 2887 3266 2942 3322; x_wconf 89' lang='lat' dir='ltr'><strong>Si</strong></span> <span class='ocrx_word' id='word_1_638' title='bbox 2985 3260 3266 3319; x_wconf 75' lang='lat' dir='ltr'><strong>consilium</strong></span> <span class='ocrx_word' id='word_1_639' title='bbox 3299 3269 3566 3339; x_wconf 84' lang='lat' dir='ltr'><strong>justorum</strong></span> <span class='ocrx_word' id='word_1_640' title='bbox 3605 3271 3647 3316; x_wconf 85' lang='lat' dir='ltr'><strong>et</strong></span> <span class='ocrx_word' id='word_1_641' title='bbox 3680 3275 3778 3313; x_wconf 80' lang='lat' dir='ltr'><strong>con-</strong></span> 
     </span>
    </p>
   </div>
   <div class='ocr_carea' id='block_1_91' title="bbox 2227 3344 3780 3429">
    <p class='ocr_par' dir='ltr' id='par_1_91' title="bbox 2227 3344 3780 3429">
     <span class='ocr_line' id='line_1_91' title="bbox 2227 3344 3780 3429; baseline -0.005 -21"><span class='ocrx_word' id='word_1_642' title='bbox 2227 3344 2569 3429; x_wconf 82' lang='lat' dir='ltr'><strong>gregationem</strong></span> <span class='ocrx_word' id='word_1_643' title='bbox 2623 3357 2708 3411; x_wconf 89' lang='lat' dir='ltr'><strong>bic</strong></span> <span class='ocrx_word' id='word_1_644' title='bbox 2760 3357 2891 3413; x_wconf 83' lang='lat' dir='ltr'><strong>velis</strong></span> <span class='ocrx_word' id='word_1_645' title='bbox 2942 3358 3234 3424; x_wconf 84' lang='lat' dir='ltr'><strong>exquirere</strong></span> <span class='ocrx_word' id='word_1_646' title='bbox 3262 3387 3298 3422; x_wconf 56' lang='grc' dir='ltr'><strong>,κ</strong></span> <span class='ocrx_word' id='word_1_647' title='bbox 3336 3357 3560 3412; x_wconf 82' lang='lat' dir='ltr'><strong>Omnino</strong></span> <span class='ocrx_word' id='word_1_648' title='bbox 3606 3353 3780 3406; x_wconf 85' lang='lat' dir='ltr'><strong>videtur</strong></span> 
     </span>
    </p>
   </div>
   <div class='ocr_carea' id='block_1_92' title="bbox 2228 3439 3784 3508">
    <p class='ocr_par' dir='ltr' id='par_1_92' title="bbox 2228 3439 3784 3508">
     <span class='ocr_line' id='line_1_92' title="bbox 2228 3439 3784 3508; baseline -0.001 -7"><span class='ocrx_word' id='word_1_649' title='bbox 2228 3447 2448 3502; x_wconf 68' lang='lat' dir='ltr'><strong>difficile</strong></span> <span class='ocrx_word' id='word_1_650' title='bbox 2481 3457 2537 3502; x_wconf 92' lang='lat' dir='ltr'><strong>ut</strong></span> <span class='ocrx_word' id='word_1_651' title='bbox 2564 3448 2614 3501; x_wconf 90' lang='lat' dir='ltr'><strong>in</strong></span> <span class='ocrx_word' id='word_1_652' title='bbox 2647 3449 2746 3501; x_wconf 83' lang='lat' dir='ltr'><strong>lioc</strong></span> <span class='ocrx_word' id='word_1_653' title='bbox 2770 3448 2968 3502; x_wconf 72' lang='lat' dir='ltr'><strong>szeculo</strong></span> <span class='ocrx_word' id='word_1_654' title='bbox 2991 3448 3193 3503; x_wconf 88' lang='lat' dir='ltr'><strong>electos</strong></span> <span class='ocrx_word' id='word_1_655' title='bbox 3222 3464 3422 3504; x_wconf 88' lang='lat' dir='ltr'><strong>omnes</strong></span> <span class='ocrx_word' id='word_1_656' title='bbox 3447 3439 3784 3508; x_wconf 74' lang='lat' dir='ltr'><strong>invenias,ubi</strong></span> 
     </span>
    </p>
   </div>
   <div class='ocr_carea' id='block_1_93' title="bbox 2231 3540 3785 3610">
    <p class='ocr_par' dir='ltr' id='par_1_93' title="bbox 2231 3540 3785 3610">
     <span class='ocr_line' id='line_1_93' title="bbox 2231 3540 3785 3610; baseline -0.005 -15"><span class='ocrx_word' id='word_1_657' title='bbox 2231 3540 2470 3596; x_wconf 84' lang='lat' dir='ltr'><strong>Ecclesia</strong></span> <span class='ocrx_word' id='word_1_658' title='bbox 2516 3541 2872 3610; x_wconf 82' lang='lat' dir='ltr'><strong>permixtione</strong></span> <span class='ocrx_word' id='word_1_659' title='bbox 2925 3541 3192 3595; x_wconf 90' lang='lat' dir='ltr'><strong>bonorum</strong></span> <span class='ocrx_word' id='word_1_660' title='bbox 3249 3541 3625 3608; x_wconf 88' lang='lat' dir='ltr'><strong>malorumque</strong></span> <span class='ocrx_word' id='word_1_661' title='bbox 3661 3549 3785 3592; x_wconf 88' lang='lat' dir='ltr'><strong>com-</strong></span> 
     </span>
    </p>
   </div>
   <div class='ocr_carea' id='block_1_94' title="bbox 2227 3618 3788 3704">
    <p class='ocr_par' dir='ltr' id='par_1_94' title="bbox 2227 3618 3788 3704">
     <span class='ocr_line' id='line_1_94' title="bbox 2227 3618 3788 3704; baseline -0.003 -18"><span class='ocrx_word' id='word_1_662' title='bbox 2227 3633 2368 3704; x_wconf 84' lang='lat' dir='ltr'><strong>pleta</strong></span> <span class='ocrx_word' id='word_1_663' title='bbox 2415 3641 2519 3689; x_wconf 86' lang='lat' dir='ltr'><strong>est.</strong></span> <span class='ocrx_word' id='word_1_664' title='bbox 2567 3632 2669 3687; x_wconf 88' lang='lat' dir='ltr'><strong>Sed</strong></span> <span class='ocrx_word' id='word_1_665' title='bbox 2723 3628 2808 3699; x_wconf 88' lang='lat' dir='ltr'><strong>qui</strong></span> <span class='ocrx_word' id='word_1_666' title='bbox 2860 3634 2942 3686; x_wconf 86' lang='lat' dir='ltr'><strong>hic</strong></span> <span class='ocrx_word' id='word_1_667' title='bbox 2992 3642 3094 3686; x_wconf 84' lang='lat' dir='ltr'><strong>toto</strong></span> <span class='ocrx_word' id='word_1_668' title='bbox 3143 3635 3308 3686; x_wconf 83' lang='lat' dir='ltr'><strong>corde</strong></span> <span class='ocrx_word' id='word_1_669' title='bbox 3353 3618 3670 3702; x_wconf 79' lang='lat' dir='ltr'><strong>conﬁtentur,</strong></span> <span class='ocrx_word' id='word_1_670' title='bbox 3705 3625 3788 3695; x_wconf 72' lang='lat' dir='ltr'><strong>iam</strong></span> 
     </span>
    </p>
   </div>
   <div class='ocr_carea' id='block_1_95' title="bbox 2227 3709 3788 3796">
    <p class='ocr_par' dir='ltr' id='par_1_95' title="bbox 2227 3709 3788 3796">
     <span class='ocr_line' id='line_1_95' title="bbox 2227 3709 3788 3796; baseline -0.001 -18"><span class='ocrx_word' id='word_1_671' title='bbox 2227 3727 2473 3780; x_wconf 87' lang='lat' dir='ltr'><strong>videntur</strong></span> <span class='ocrx_word' id='word_1_672' title='bbox 2495 3727 2546 3778; x_wconf 86' lang='lat' dir='ltr'><strong>in</strong></span> <span class='ocrx_word' id='word_1_673' title='bbox 2571 3709 2671 3780; x_wconf 19' lang='lat' dir='ltr'><strong>illa.</strong></span> <span class='ocrx_word' id='word_1_674' title='bbox 2689 3728 3077 3796; x_wconf 77' lang='lat' dir='ltr'><strong>congregatione</strong></span> <span class='ocrx_word' id='word_1_675' title='bbox 3101 3730 3380 3796; x_wconf 87' lang='lat' dir='ltr'><strong>jnstorum</strong></span> <span class='ocrx_word' id='word_1_676' title='bbox 3404 3726 3647 3794; x_wconf 85' lang='lat' dir='ltr'><strong>psallere,</strong></span> <span class='ocrx_word' id='word_1_677' title='bbox 3664 3732 3788 3790; x_wconf 81' lang='lat' dir='ltr'><strong>quam</strong></span> 
     </span>
    </p>
   </div>
   <div class='ocr_carea' id='block_1_96' title="bbox 2229 3811 3789 3886">
    <p class='ocr_par' dir='ltr' id='par_1_96' title="bbox 2229 3811 3789 3886">
     <span class='ocr_line' id='line_1_96' title="bbox 2229 3811 3789 3886; baseline -0.005 -16"><span class='ocrx_word' id='word_1_678' title='bbox 2229 3816 2295 3870; x_wconf 91' lang='lat' dir='ltr'><strong>de</strong></span> <span class='ocrx_word' id='word_1_679' title='bbox 2323 3817 2527 3870; x_wconf 89' lang='lat' dir='ltr'><strong>cunctis</strong></span> <span class='ocrx_word' id='word_1_680' title='bbox 2556 3818 2805 3886; x_wconf 84' lang='lat' dir='ltr'><strong>gentibus</strong></span> <span class='ocrx_word' id='word_1_681' title='bbox 2847 3819 2898 3871; x_wconf 94' lang='lat' dir='ltr'><strong>in</strong></span> <span class='ocrx_word' id='word_1_682' title='bbox 2937 3818 3169 3872; x_wconf 75' lang='lat' dir='ltr'><strong>l‘titurum</strong></span> <span class='ocrx_word' id='word_1_683' title='bbox 3217 3817 3574 3872; x_wconf 78' lang='lat' dir='ltr'><strong>manifestum</strong></span> <span class='ocrx_word' id='word_1_684' title='bbox 3605 3823 3681 3870; x_wconf 82' lang='lat' dir='ltr'><strong>est</strong></span> <span class='ocrx_word' id='word_1_685' title='bbox 3713 3811 3789 3864; x_wconf 78' lang='lat' dir='ltr'><strong>llo-</strong></span> 
     </span>
    </p>
   </div>
   <div class='ocr_carea' id='block_1_97' title="bbox 2230 3893 3789 3980">
    <p class='ocr_par' dir='ltr' id='par_1_97' title="bbox 2230 3893 3789 3980">
     <span class='ocr_line' id='line_1_97' title="bbox 2230 3893 3789 3980; baseline -0.004 -18"><span class='ocrx_word' id='word_1_686' title='bbox 2230 3911 2430 3965; x_wconf 91' lang='lat' dir='ltr'><strong>minum</strong></span> <span class='ocrx_word' id='word_1_687' title='bbox 2483 3893 2830 3978; x_wconf 74' lang='lat' dir='ltr'><strong>congregare.</strong></span> <span class='ocrx_word' id='word_1_688' title='bbox 2885 3909 2949 3964; x_wconf 86' lang='lat' dir='ltr'><strong>Et</strong></span> <span class='ocrx_word' id='word_1_689' title='bbox 3001 3910 3294 3966; x_wconf 89' lang='lat' dir='ltr'><strong>videamus</strong></span> <span class='ocrx_word' id='word_1_690' title='bbox 3343 3911 3473 3980; x_wconf 89' lang='lat' dir='ltr'><strong>quid</strong></span> <span class='ocrx_word' id='word_1_691' title='bbox 3526 3907 3674 3963; x_wconf 88' lang='lat' dir='ltr'><strong>nobis</strong></span> <span class='ocrx_word' id='word_1_692' title='bbox 3713 3905 3789 3958; x_wconf 79' lang='lat' dir='ltr'><strong>ista</strong></span> 
     </span>
    </p>
   </div>
   <div class='ocr_carea' id='block_1_98' title="bbox 2230 3991 3792 4072">
    <p class='ocr_par' dir='ltr' id='par_1_98' title="bbox 2230 3991 3792 4072">
     <span class='ocr_line' id='line_1_98' title="bbox 2230 3991 3792 4072; baseline -0.002 -16"><span class='ocrx_word' id='word_1_693' title='bbox 2230 4004 2390 4059; x_wconf 89' lang='lat' dir='ltr'><strong>verba</strong></span> <span class='ocrx_word' id='word_1_694' title='bbox 2437 3995 2771 4056; x_wconf 82' lang='lat' dir='ltr'><strong>denuntient.</strong></span> <span class='ocrx_word' id='word_1_695' title='bbox 2822 4000 3100 4055; x_wconf 82' lang='lat' dir='ltr'><strong>Consilium</strong></span> <span class='ocrx_word' id='word_1_696' title='bbox 3139 4002 3424 4072; x_wconf 83' lang='lat' dir='ltr'><strong>justorum</strong></span> <span class='ocrx_word' id='word_1_697' title='bbox 3472 4010 3575 4062; x_wconf 88' lang='lat' dir='ltr'><strong>est,</strong></span> <span class='ocrx_word' id='word_1_698' title='bbox 3621 3991 3792 4068; x_wconf 71' lang='lat' dir='ltr'><strong>quando</strong></span> 
     </span>
    </p>
   </div>
   <div class='ocr_carea' id='block_1_99' title="bbox 2228 4084 3796 4162">
    <p class='ocr_par' dir='ltr' id='par_1_99' title="bbox 2228 4084 3796 4162">
     <span class='ocr_line' id='line_1_99' title="bbox 2228 4084 3796 4162; baseline -0.01 -13"><span class='ocrx_word' id='word_1_699' title='bbox 2228 4095 2370 4150; x_wconf 90' lang='lat' dir='ltr'><strong>beati</strong></span> <span class='ocrx_word' id='word_1_700' title='bbox 2419 4109 2539 4148; x_wconf 91' lang='lat' dir='ltr'><strong>cum</strong></span> <span class='ocrx_word' id='word_1_701' title='bbox 2596 4092 2819 4146; x_wconf 89' lang='lat' dir='ltr'><strong>Domino</strong></span> <span class='ocrx_word' id='word_1_702' title='bbox 2866 4093 3286 4162; x_wconf 74' lang='lat' dir='ltr'><strong>rcsurremionis</strong></span> <span class='ocrx_word' id='word_1_703' title='bbox 3343 4103 3593 4161; x_wconf 89' lang='lat' dir='ltr'><strong>tempore</strong></span> <span class='ocrx_word' id='word_1_704' title='bbox 3629 4084 3796 4156; x_wconf 79' lang='lat' dir='ltr'><strong>judica-</strong></span> 
     </span>
    </p>
   </div>
   <div class='ocr_carea' id='block_1_100' title="bbox 2229 4179 3795 4252">
    <p class='ocr_par' dir='ltr' id='par_1_100' title="bbox 2229 4179 3795 4252">
     <span class='ocr_line' id='line_1_100' title="bbox 2229 4179 3795 4252; baseline -0.008 -13"><span class='ocrx_word' id='word_1_705' title='bbox 2229 4185 2379 4252; x_wconf 87' lang='lat' dir='ltr'><strong>bnnt,</strong></span> <span class='ocrx_word' id='word_1_706' title='bbox 2413 4183 2551 4238; x_wconf 90' lang='lat' dir='ltr'><strong>sicut</strong></span> <span class='ocrx_word' id='word_1_707' title='bbox 2602 4180 2652 4237; x_wconf 87' lang='lat' dir='ltr'><strong>in</strong></span> <span class='ocrx_word' id='word_1_708' title='bbox 2704 4182 2875 4252; x_wconf 88' lang='lat' dir='ltr'><strong>primo</strong></span> <span class='ocrx_word' id='word_1_709' title='bbox 2929 4184 3132 4248; x_wconf 80' lang='lat' dir='ltr'><strong>psalmo</strong></span> <span class='ocrx_word' id='word_1_710' title='bbox 3178 4184 3400 4238; x_wconf 73' lang='lat' dir='ltr'><strong>dictum</strong></span> <span class='ocrx_word' id='word_1_711' title='bbox 3431 4191 3553 4238; x_wconf 89' lang='lat' dir='ltr'><strong>est:</strong></span> <span class='ocrx_word' id='word_1_712' title='bbox 3585 4179 3697 4233; x_wconf 73' lang='lat' dir='ltr'><strong>Ideo</strong></span> <span class='ocrx_word' id='word_1_713' title='bbox 3719 4187 3795 4226; x_wconf 76' lang='lat' dir='ltr'><strong>nos</strong></span> 
     </span>
    </p>
   </div>
   <div class='ocr_carea' id='block_1_101' title="bbox 2229 4262 3800 4344">
    <p class='ocr_par' dir='ltr' id='par_1_101' title="bbox 2229 4262 3800 4344">
     <span class='ocr_line' id='line_1_101' title="bbox 2229 4262 3800 4344; baseline -0.008 -16"><span class='ocrx_word' id='word_1_714' title='bbox 2229 4283 2498 4344; x_wconf 78' lang='lat' dir='ltr'><strong>resurgunt</strong></span> <span class='ocrx_word' id='word_1_715' title='bbox 2524 4273 2668 4340; x_wconf 85' lang='lat' dir='ltr'><strong>impii</strong></span> <span class='ocrx_word' id='word_1_716' title='bbox 2695 4275 2745 4326; x_wconf 87' lang='lat' dir='ltr'><strong>in</strong></span> <span class='ocrx_word' id='word_1_717' title='bbox 2768 4273 2987 4343; x_wconf 86' lang='lat' dir='ltr'><strong>judicio,</strong></span> <span class='ocrx_word' id='word_1_718' title='bbox 3015 4288 3173 4340; x_wconf 84' lang='lat' dir='ltr'><strong>neque</strong></span> <span class='ocrx_word' id='word_1_719' title='bbox 3204 4284 3515 4340; x_wconf 79' lang='lat' dir='ltr'><strong>peccatores</strong></span> <span class='ocrx_word' id='word_1_720' title='bbox 3544 4271 3595 4323; x_wconf 89' lang='lat' dir='ltr'><strong>in</strong></span> <span class='ocrx_word' id='word_1_721' title='bbox 3623 4262 3800 4320; x_wconf 70' lang='lat' dir='ltr'><strong>consilio</strong></span> 
     </span>
    </p>
   </div>
   <div class='ocr_carea' id='block_1_102' title="bbox 2225 4353 3798 4440">
    <p class='ocr_par' dir='ltr' id='par_1_102' title="bbox 2225 4353 3798 4440">
     <span class='ocr_line' id='line_1_102' title="bbox 2225 4353 3798 4440; baseline -0.009 -21"><span class='ocrx_word' id='word_1_722' title='bbox 2225 4371 2479 4440; x_wconf 70' lang='lat' dir='ltr'><strong>iustorum</strong></span> <span class='ocrx_word' id='word_1_723' title='bbox 2506 4363 2673 4436; x_wconf 84' lang='lat' dir='ltr'><strong>(Psal.</strong></span> <span class='ocrx_word' id='word_1_724' title='bbox 2701 4380 2738 4429; x_wconf 82' lang='grc' dir='ltr'>ι,</span> <span class='ocrx_word' id='word_1_725' title='bbox 2767 4364 2842 4436; x_wconf 80' lang='grc'><strong>5).</strong></span> <span class='ocrx_word' id='word_1_726' title='bbox 2885 4353 2995 4418; x_wconf 75' lang='lat' dir='ltr'><strong>Hoc</strong></span> <span class='ocrx_word' id='word_1_727' title='bbox 3027 4366 3165 4419; x_wconf 90' lang='lat' dir='ltr'><strong>enim</strong></span> <span class='ocrx_word' id='word_1_728' title='bbox 3197 4366 3253 4418; x_wconf 90' lang='lat' dir='ltr'><strong>in</strong></span> <span class='ocrx_word' id='word_1_729' title='bbox 3288 4364 3590 4434; x_wconf 78' lang='lat' dir='ltr'><strong>Evangelia</strong></span> <span class='ocrx_word' id='word_1_730' title='bbox 3616 4364 3798 4428; x_wconf 60' lang='grc' dir='ltr'><strong>προδιο-</strong></span> 
     </span>
    </p>
   </div>
   <div class='ocr_carea' id='block_1_103' title="bbox 2235 4449 3801 4528">
    <p class='ocr_par' dir='ltr' id='par_1_103' title="bbox 2235 4449 3801 4528">
     <span class='ocr_line' id='line_1_103' title="bbox 2235 4449 3801 4528; baseline -0.002 -15"><span class='ocrx_word' id='word_1_731' title='bbox 2235 4459 2300 4513; x_wconf 90' lang='lat' dir='ltr'><strong>lis</strong></span> <span class='ocrx_word' id='word_1_732' title='bbox 2341 4468 2394 4513; x_wconf 90' lang='lat' dir='ltr'><strong>et</strong></span> <span class='ocrx_word' id='word_1_733' title='bbox 2431 4460 2632 4512; x_wconf 87' lang='lat' dir='ltr'><strong>sanctis</strong></span> <span class='ocrx_word' id='word_1_734' title='bbox 2662 4458 2771 4512; x_wconf 91' lang='lat' dir='ltr'><strong>suis</strong></span> <span class='ocrx_word' id='word_1_735' title='bbox 2803 4457 3105 4528; x_wconf 84' lang='lat' dir='ltr'><strong>specialiter</strong></span> <span class='ocrx_word' id='word_1_736' title='bbox 3141 4455 3418 4511; x_wconf 92' lang='lat' dir='ltr'><strong>Dominus</strong></span> <span class='ocrx_word' id='word_1_737' title='bbox 3448 4449 3801 4525; x_wconf 65' lang='lat' dir='ltr'><strong>compromisit.</strong></span> 
     </span>
    </p>
   </div>
   <div class='ocr_carea' id='block_1_104' title="bbox 2461 4545 3803 4617">
    <p class='ocr_par' dir='ltr' id='par_1_104' title="bbox 2461 4545 3803 4617">
     <span class='ocr_line' id='line_1_104' title="bbox 2461 4545 3803 4617; baseline -0.011 -15"><span class='ocrx_word' id='word_1_738' title='bbox 2461 4567 2472 4602; x_wconf 94' lang='lat'>:</span> <span class='ocrx_word' id='word_1_739' title='bbox 2521 4550 2778 4604; x_wconf 77' lang='lat' dir='ltr'><strong>Sedebitis</strong></span> <span class='ocrx_word' id='word_1_740' title='bbox 2829 4563 2984 4610; x_wconf 82' lang='lat' dir='ltr'><strong>super</strong></span> <span class='ocrx_word' id='word_1_741' title='bbox 3031 4549 3308 4602; x_wconf 82' lang='lat' dir='ltr'><strong>duodecim</strong></span> <span class='ocrx_word' id='word_1_742' title='bbox 3342 4549 3518 4610; x_wconf 81' lang='lat' dir='ltr'><strong>sedes,</strong></span> <span class='ocrx_word' id='word_1_743' title='bbox 3551 4545 3803 4617; x_wconf 71' lang='lat' dir='ltr'><strong>jndicantes</strong></span> 
     </span>
    </p>
   </div>
   <div class='ocr_carea' id='block_1_105' title="bbox 2237 4629 3807 4711">
    <p class='ocr_par' dir='ltr' id='par_1_105' title="bbox 2237 4629 3807 4711">
     <span class='ocr_line' id='line_1_105' title="bbox 2237 4629 3807 4711; baseline -0.006 -19"><span class='ocrx_word' id='word_1_744' title='bbox 2237 4641 2507 4693; x_wconf 86' lang='lat' dir='ltr'><strong>duodecim</strong></span> <span class='ocrx_word' id='word_1_745' title='bbox 2553 4641 2710 4693; x_wconf 83' lang='lat' dir='ltr'><strong>tribus</strong></span> <span class='ocrx_word' id='word_1_746' title='bbox 2740 4637 2906 4692; x_wconf 86' lang='lat' dir='ltr'><strong>Israel</strong></span> <span class='ocrx_word' id='word_1_747' title='bbox 2947 4637 3162 4706; x_wconf 80' lang='lat' dir='ltr'><strong>(Matth.</strong></span> <span class='ocrx_word' id='word_1_748' title='bbox 3193 4656 3320 4706; x_wconf 69' lang='lat' dir='ltr'><strong>XII,</strong></span> <span class='ocrx_word' id='word_1_749' title='bbox 3354 4640 3478 4711; x_wconf 71' lang='lat' dir='ltr'><strong>c28).</strong></span> <span class='ocrx_word' id='word_1_750' title='bbox 3510 4629 3807 4706; x_wconf 76' lang='lat' dir='ltr'><strong>Congregatio</strong></span> 
     </span>
    </p>
   </div>
   <div class='ocr_carea' id='block_1_106' title="bbox 2234 4721 3805 4802">
    <p class='ocr_par' dir='ltr' id='par_1_106' title="bbox 2234 4721 3805 4802">
     <span class='ocr_line' id='line_1_106' title="bbox 2234 4721 3805 4802; baseline -0.008 -16"><span class='ocrx_word' id='word_1_751' title='bbox 2234 4735 2364 4786; x_wconf 89' lang='lat' dir='ltr'><strong>vero</strong></span> <span class='ocrx_word' id='word_1_752' title='bbox 2393 4731 2659 4802; x_wconf 81' lang='lat' dir='ltr'><strong>signiﬁcat</strong></span> <span class='ocrx_word' id='word_1_753' title='bbox 2700 4731 2859 4785; x_wconf 91' lang='lat' dir='ltr'><strong>totius</strong></span> <span class='ocrx_word' id='word_1_754' title='bbox 2903 4729 3156 4785; x_wconf 66' lang='lat' dir='ltr'><strong>Ecclesiae</strong></span> <span class='ocrx_word' id='word_1_755' title='bbox 3204 4733 3434 4786; x_wconf 70' lang='lat' dir='ltr'><strong>lii-alant</strong></span> <span class='ocrx_word' id='word_1_756' title='bbox 3470 4742 3728 4789; x_wconf 79' lang='lat' dir='ltr'><strong>coronam,</strong></span> <span class='ocrx_word' id='word_1_757' title='bbox 3754 4721 3805 4774; x_wconf 79' lang='lat' dir='ltr'><strong>de</strong></span> 
     </span>
    </p>
   </div>
   <div class='ocr_carea' id='block_1_107' title="bbox 2235 4824 3280 4891">
    <p class='ocr_par' dir='ltr' id='par_1_107' title="bbox 2235 4824 3280 4891">
     <span class='ocr_line' id='line_1_107' title="bbox 2235 4824 3280 4891; baseline 0 -13"><span class='ocrx_word' id='word_1_758' title='bbox 2235 4825 2458 4878; x_wconf 78' lang='lat' dir='ltr'><strong>divorsis</strong></span> <span class='ocrx_word' id='word_1_759' title='bbox 2489 4825 2665 4878; x_wconf 88' lang='lat' dir='ltr'><strong>mundi</strong></span> <span class='ocrx_word' id='word_1_760' title='bbox 2699 4825 2933 4891; x_wconf 84' lang='lat' dir='ltr'><strong>partibus</strong></span> <span class='ocrx_word' id='word_1_761' title='bbox 2962 4824 3280 4878; x_wconf 87' lang='lat' dir='ltr'><strong>adunatam.</strong></span> 
     </span>
    </p>
   </div>
   <div class='ocr_carea' id='block_1_108' title="bbox 2305 4905 3806 4986">
    <p class='ocr_par' dir='ltr' id='par_1_108' title="bbox 2305 4905 3806 4986">
     <span class='ocr_line' id='line_1_108' title="bbox 2305 4905 3806 4986; baseline -0.007 -16"><span class='ocrx_word' id='word_1_762' title='bbox 2305 4916 2460 4970; x_wconf 57' lang='grc' dir='ltr'><strong>νοτε.</strong></span> <span class='ocrx_word' id='word_1_763' title='bbox 2501 4916 2553 4968; x_wconf 70' lang='grc'><strong>2.</strong></span> <span class='ocrx_word' id='word_1_764' title='bbox 2600 4914 2798 4978; x_wconf 72' lang='lat' dir='ltr'><strong>Gtttt-‘L,</strong></span> <span class='ocrx_word' id='word_1_765' title='bbox 2842 4915 3081 4969; x_wconf 77' lang='lat' dir='ltr'><strong>DALETII.</strong></span> <span class='ocrx_word' id='word_1_766' title='bbox 3138 4914 3347 4986; x_wconf 72' lang='lat' dir='ltr'><strong>Magna</strong></span> <span class='ocrx_word' id='word_1_767' title='bbox 3400 4929 3563 4982; x_wconf 82' lang='lat' dir='ltr'><strong>opera</strong></span> <span class='ocrx_word' id='word_1_768' title='bbox 3596 4905 3806 4962; x_wconf 66' lang='lat' dir='ltr'><strong>Domini;</strong></span> 
     </span>
    </p>
   </div>
   <div class='ocr_carea' id='block_1_109' title="bbox 2237 5003 3810 5077">
    <p class='ocr_par' dir='ltr' id='par_1_109' title="bbox 2237 5003 3810 5077">
     <span class='ocr_line' id='line_1_109' title="bbox 2237 5003 3810 5077; baseline -0.006 -18"><span class='ocrx_word' id='word_1_769' title='bbox 2237 5005 2485 5076; x_wconf 71' lang='lat' dir='ltr'><strong>exquisita</strong></span> <span class='ocrx_word' id='word_1_770' title='bbox 2511 5007 2562 5058; x_wconf 85' lang='lat' dir='ltr'><strong>in</strong></span> <span class='ocrx_word' id='word_1_771' title='bbox 2589 5023 2760 5058; x_wconf 86' lang='lat' dir='ltr'><strong>omnes</strong></span> <span class='ocrx_word' id='word_1_772' title='bbox 2786 5004 3068 5059; x_wconf 73' lang='lat' dir='ltr'><strong>voluntates</strong></span> <span class='ocrx_word' id='word_1_773' title='bbox 3094 5007 3223 5077; x_wconf 79' lang='lat' dir='ltr'><strong>ejus.</strong></span> <span class='ocrx_word' id='word_1_774' title='bbox 3261 5005 3406 5058; x_wconf 84' lang='lat' dir='ltr'><strong>Hinc</strong></span> <span class='ocrx_word' id='word_1_775' title='bbox 3430 5003 3544 5073; x_wconf 84' lang='lat' dir='ltr'><strong>jam</strong></span> <span class='ocrx_word' id='word_1_776' title='bbox 3569 5006 3810 5056; x_wconf 55' lang='lat' dir='ltr'><strong>enumeﬂk</strong></span> 
     </span>
    </p>
   </div>
   <div class='ocr_carea' id='block_1_110' title="bbox 2236 5095 3807 5167">
    <p class='ocr_par' dir='ltr' id='par_1_110' title="bbox 2236 5095 3807 5167">
     <span class='ocr_line' id='line_1_110' title="bbox 2236 5095 3807 5167; baseline -0.005 -19"><span class='ocrx_word' id='word_1_777' title='bbox 2236 5099 2409 5150; x_wconf 82' lang='lat' dir='ltr'><strong>tiones</strong></span> <span class='ocrx_word' id='word_1_778' title='bbox 2439 5097 2814 5150; x_wconf 65' lang='lat' dir='ltr'><strong>sincerissima:</strong></span> <span class='ocrx_word' id='word_1_779' title='bbox 2837 5095 3192 5149; x_wconf 74' lang='lat' dir='ltr'><strong>confessionis</strong></span> <span class='ocrx_word' id='word_1_780' title='bbox 3228 5097 3564 5167; x_wconf 75' lang='lat' dir='ltr'><strong>ingreditur,</strong></span> <span class='ocrx_word' id='word_1_781' title='bbox 3599 5096 3807 5153; x_wconf 76' lang='lat' dir='ltr'><strong>magnam</strong></span> 
     </span>
    </p>
   </div>
   <div class='ocr_carea' id='block_1_111' title="bbox 2240 5173 3807 5252">
    <p class='ocr_par' dir='ltr' id='par_1_111' title="bbox 2240 5173 3807 5252">
     <span class='ocr_line' id='line_1_111' title="bbox 2240 5173 3807 5252; baseline -0.006 -12"><span class='ocrx_word' id='word_1_782' title='bbox 2240 5189 2651 5242; x_wconf 69' lang='lat' dir='ltr'><strong>immensitatem</strong></span> <span class='ocrx_word' id='word_1_783' title='bbox 2697 5187 2945 5241; x_wconf 87' lang='lat' dir='ltr'><strong>bonitatis</strong></span> <span class='ocrx_word' id='word_1_784' title='bbox 2975 5187 3236 5241; x_wconf 65' lang='lat' dir='ltr'><strong>ostendit.</strong></span> <span class='ocrx_word' id='word_1_785' title='bbox 3277 5188 3425 5252; x_wconf 78' lang='lat' dir='ltr'><strong>Quid</strong></span> <span class='ocrx_word' id='word_1_786' title='bbox 3457 5183 3602 5240; x_wconf 83' lang='lat' dir='ltr'><strong>enim</strong></span> <span class='ocrx_word' id='word_1_787' title='bbox 3633 5173 3807 5244; x_wconf 82' lang='lat' dir='ltr'><strong>magni-</strong></span> 
     </span>
    </p>
   </div>
   <div class='ocr_carea' id='block_1_112' title="bbox 2240 5263 3811 5349">
    <p class='ocr_par' dir='ltr' id='par_1_112' title="bbox 2240 5263 3811 5349">
     <span class='ocr_line' id='line_1_112' title="bbox 2240 5263 3811 5349; baseline -0.008 -16"><span class='ocrx_word' id='word_1_788' title='bbox 2240 5281 2486 5334; x_wconf 79' lang='lat' dir='ltr'><strong>ficentius</strong></span> <span class='ocrx_word' id='word_1_789' title='bbox 2518 5296 2675 5349; x_wconf 88' lang='lat' dir='ltr'><strong>quam</strong></span> <span class='ocrx_word' id='word_1_790' title='bbox 2716 5281 2782 5332; x_wconf 87' lang='lat' dir='ltr'><strong>de</strong></span> <span class='ocrx_word' id='word_1_791' title='bbox 2813 5281 2973 5347; x_wconf 85' lang='lat' dir='ltr'><strong>impio</strong></span> <span class='ocrx_word' id='word_1_792' title='bbox 3014 5279 3189 5333; x_wconf 81' lang='lat' dir='ltr'><strong>facere</strong></span> <span class='ocrx_word' id='word_1_793' title='bbox 3231 5280 3480 5349; x_wconf 85' lang='lat' dir='ltr'><strong>justum,</strong></span> <span class='ocrx_word' id='word_1_794' title='bbox 3513 5276 3579 5331; x_wconf 86' lang='lat' dir='ltr'><strong>de</strong></span> <span class='ocrx_word' id='word_1_795' title='bbox 3607 5275 3744 5327; x_wconf 84' lang='lat' dir='ltr'><strong>hoste</strong></span> <span class='ocrx_word' id='word_1_796' title='bbox 3765 5263 3811 5316; x_wconf 49' lang='lat' dir='ltr'><strong>ﬁo</strong></span> 
     </span>
    </p>
   </div>
   <div class='ocr_carea' id='block_1_113' title="bbox 2241 5355 3810 5441">
    <p class='ocr_par' dir='ltr' id='par_1_113' title="bbox 2241 5355 3810 5441">
     <span class='ocr_line' id='line_1_113' title="bbox 2241 5355 3810 5441; baseline -0.005 -13"><span class='ocrx_word' id='word_1_797' title='bbox 2241 5373 2390 5435; x_wconf 88' lang='lat' dir='ltr'><strong>linttt,</strong></span> <span class='ocrx_word' id='word_1_798' title='bbox 2419 5377 2482 5427; x_wconf 84' lang='lat' dir='ltr'><strong>de</strong></span> <span class='ocrx_word' id='word_1_799' title='bbox 2505 5373 2713 5441; x_wconf 83' lang='lat' dir='ltr'><strong>Captivo</strong></span> <span class='ocrx_word' id='word_1_800' title='bbox 2739 5373 2997 5427; x_wconf 82' lang='lat' dir='ltr'><strong>liberum?</strong></span> <span class='ocrx_word' id='word_1_801' title='bbox 3027 5374 3095 5427; x_wconf 66' lang='grc' dir='ltr'><strong>Ιῖι</strong></span> <span class='ocrx_word' id='word_1_802' title='bbox 3123 5376 3169 5424; x_wconf 91' lang='lat' dir='ltr'><strong>in</strong></span> <span class='ocrx_word' id='word_1_803' title='bbox 3199 5379 3285 5426; x_wconf 83' lang='lat' dir='ltr'><strong>eis</strong></span> <span class='ocrx_word' id='word_1_804' title='bbox 3317 5355 3810 5438; x_wconf 64' lang='lat' dir='ltr'><strong>rmnplra’ttr{tum1</strong></span> 
     </span>
    </p>
   </div>
   <div class='ocr_carea' id='block_1_114' title="bbox 2238 5465 3813 5534">
    <p class='ocr_par' dir='ltr' id='par_1_114' title="bbox 2238 5465 3813 5534">
     <span class='ocr_line' id='line_1_114' title="bbox 2238 5465 3813 5534; baseline -0.002 -11"><span class='ocrx_word' id='word_1_805' title='bbox 2238 5467 2527 5534; x_wconf 69' lang='lat' dir='ltr'><strong>Apostolus</strong></span> <span class='ocrx_word' id='word_1_806' title='bbox 2563 5468 2688 5519; x_wconf 88' lang='lat' dir='ltr'><strong>dicit</strong></span> <span class='ocrx_word' id='word_1_807' title='bbox 2721 5485 2733 5518; x_wconf 86' lang='lat'>:</span> <span class='ocrx_word' id='word_1_808' title='bbox 2772 5466 2868 5522; x_wconf 81' lang='lat' dir='ltr'><strong>Ubi</strong></span> <span class='ocrx_word' id='word_1_809' title='bbox 2897 5478 3064 5518; x_wconf 78' lang='lat' dir='ltr'><strong>autent</strong></span> <span class='ocrx_word' id='word_1_810' title='bbox 3100 5465 3396 5520; x_wconf 62' lang='lat' dir='ltr'><strong>(stimulavit</strong></span> <span class='ocrx_word' id='word_1_811' title='bbox 3433 5472 3708 5531; x_wconf 71' lang='lat' dir='ltr'><strong>peccatum.</strong></span> <span class='ocrx_word' id='word_1_812' title='bbox 3740 5469 3813 5505; x_wconf 71' lang='grc' dir='ltr'><strong>δυ’·</strong></span> 
     </span>
    </p>
   </div>
   <div class='ocr_carea' id='block_1_115' title="bbox 2237 5543 3813 5627">
    <p class='ocr_par' dir='ltr' id='par_1_115' title="bbox 2237 5543 3813 5627">
     <span class='ocr_line' id='line_1_115' title="bbox 2237 5543 3813 5627; baseline -0.008 -17"><span class='ocrx_word' id='word_1_813' title='bbox 2237 5557 2604 5627; x_wconf 72' lang='lat' dir='ltr'><strong>prrabundavit</strong></span> <span class='ocrx_word' id='word_1_814' title='bbox 2641 5566 2687 5609; x_wconf 83' lang='lat' dir='ltr'><strong>et</strong></span> <span class='ocrx_word' id='word_1_815' title='bbox 2722 5558 2886 5625; x_wconf 81' lang='lat' dir='ltr'><strong>gratia</strong></span> <span class='ocrx_word' id='word_1_816' title='bbox 2916 5556 3090 5622; x_wconf 84' lang='lat' dir='ltr'><strong>(llam.</strong></span> <span class='ocrx_word' id='word_1_817' title='bbox 3124 5569 3174 5618; x_wconf 87' lang='lat' dir='ltr'><strong>v,</strong></span> <span class='ocrx_word' id='word_1_818' title='bbox 3206 5558 3337 5624; x_wconf 69' lang='lat'><strong>‘20).</strong></span> <span class='ocrx_word' id='word_1_819' title='bbox 3373 5553 3659 5624; x_wconf 66' lang='lat' dir='ltr'><strong>Exquisita,</strong></span> <span class='ocrx_word' id='word_1_820' title='bbox 3681 5543 3727 5600; x_wconf 80' lang='lat' dir='ltr'><strong>id</strong></span> <span class='ocrx_word' id='word_1_821' title='bbox 3745 5547 3813 5594; x_wconf 65' lang='grc' dir='ltr'><strong>εει</strong></span> 
     </span>
    </p>
   </div>
   <div class='ocr_carea' id='block_1_116' title="bbox 2239 5633 3809 5715">
    <p class='ocr_par' dir='ltr' id='par_1_116' title="bbox 2239 5633 3809 5715">
     <span class='ocr_line' id='line_1_116' title="bbox 2239 5633 3809 5715; baseline -0.008 -15"><span class='ocrx_word' id='word_1_822' title='bbox 2239 5647 2542 5715; x_wconf 73' lang='lat' dir='ltr'><strong>singularis,</strong></span> <span class='ocrx_word' id='word_1_823' title='bbox 2594 5656 2800 5711; x_wconf 80' lang='lat' dir='ltr'><strong>exacta,</strong></span> <span class='ocrx_word' id='word_1_824' title='bbox 2849 5647 2933 5702; x_wconf 83' lang='lat' dir='ltr'><strong>Cui</strong></span> <span class='ocrx_word' id='word_1_825' title='bbox 2982 5649 3113 5701; x_wconf 84' lang='lat' dir='ltr'><strong>nihil</strong></span> <span class='ocrx_word' id='word_1_826' title='bbox 3157 5658 3353 5714; x_wconf 86' lang='lat' dir='ltr'><strong>potest</strong></span> <span class='ocrx_word' id='word_1_827' title='bbox 3386 5647 3564 5701; x_wconf 78' lang='lat' dir='ltr'><strong>simile</strong></span> <span class='ocrx_word' id='word_1_828' title='bbox 3592 5633 3809 5708; x_wconf 75' lang='lat' dir='ltr'><strong>reperiri.</strong></span> 
     </span>
    </p>
   </div>
   <div class='ocr_carea' id='block_1_117' title="bbox 2241 5726 3806 5809">
    <p class='ocr_par' dir='ltr' id='par_1_117' title="bbox 2241 5726 3806 5809">
     <span class='ocr_line' id='line_1_117' title="bbox 2241 5726 3806 5809; baseline -0.003 -14"><span class='ocrx_word' id='word_1_829' title='bbox 2241 5739 2670 5795; x_wconf 75' lang='lat' dir='ltr'><strong>Pcrmittitcnim</strong></span> <span class='ocrx_word' id='word_1_830' title='bbox 2700 5738 2968 5796; x_wconf 80' lang='lat' dir='ltr'><strong>diabolum</strong></span> <span class='ocrx_word' id='word_1_831' title='bbox 3011 5739 3227 5809; x_wconf 70' lang='lat' dir='ltr'><strong>saevire,</strong></span> <span class='ocrx_word' id='word_1_832' title='bbox 3266 5748 3330 5796; x_wconf 88' lang='lat' dir='ltr'><strong>ut</strong></span> <span class='ocrx_word' id='word_1_833' title='bbox 3372 5755 3442 5796; x_wconf 77' lang='lat' dir='ltr'><strong>cx</strong></span> <span class='ocrx_word' id='word_1_834' title='bbox 3476 5737 3614 5795; x_wconf 85' lang='lat' dir='ltr'><strong>illius</strong></span> <span class='ocrx_word' id='word_1_835' title='bbox 3640 5726 3806 5800; x_wconf 66' lang='lat' dir='ltr'><strong>iniqui&#39;</strong></span> 
     </span>
    </p>
   </div>
  </div>
