  <div class='ocr_page' id='page_1' title='image "/cluster/home/n/w/nwhite01/storage/ocr_20150623/70/hvd.32044054758735/406.png"; bbox 0 0 3966 6172; ppageno 0'>
   <div class='ocr_carea' id='block_1_1' title="bbox 232 292 323 346">
    <p class='ocr_par' dir='ltr' id='par_1_1' title="bbox 232 292 323 346">
     <span class='ocr_line' id='line_1_1' title="bbox 232 292 323 346; baseline 0 0"><span class='ocrx_word' id='word_1_1' title='bbox 232 292 323 346; x_wconf 75' lang='lat' dir='ltr'><strong>sui</strong></span> 
     </span>
    </p>
   </div>
   <div class='ocr_carea' id='block_1_2' title="bbox 1179 295 2527 354">
    <p class='ocr_par' dir='ltr' id='par_1_2' title="bbox 1179 295 2527 354">
     <span class='ocr_line' id='line_1_2' title="bbox 1179 295 2527 354; baseline 0.004 -6"><span class='ocrx_word' id='word_1_2' title='bbox 1179 295 1532 354; x_wconf 72' lang='lat' dir='ltr'><strong>EXPOSITIO</strong></span> <span class='ocrx_word' id='word_1_3' title='bbox 1573 299 1636 354; x_wconf 70' lang='lat' dir='ltr'><strong>IN</strong></span> <span class='ocrx_word' id='word_1_4' title='bbox 1683 297 2133 352; x_wconf 70' lang='lat' dir='ltr'><strong>PSAl.TERllJ-.\l.</strong></span> <span class='ocrx_word' id='word_1_5' title='bbox 2182 298 2373 354; x_wconf 73' lang='lat' dir='ltr'><strong>PSAL.</strong></span> <span class='ocrx_word' id='word_1_6' title='bbox 2416 298 2527 354; x_wconf 72' lang='grc' dir='ltr'><strong>(ΣΧ.</strong></span> 
     </span>
    </p>
   </div>
   <div class='ocr_carea' id='block_1_3' title="bbox 3396 299 3498 363">
    <p class='ocr_par' dir='ltr' id='par_1_3' title="bbox 3396 299 3498 363">
     <span class='ocr_line' id='line_1_3' title="bbox 3396 299 3498 363; baseline 0.02 -2"><span class='ocrx_word' id='word_1_7' title='bbox 3396 299 3498 363; x_wconf 70' lang='lat'><strong>80‘-</strong></span> 
     </span>
    </p>
   </div>
   <div class='ocr_carea' id='block_1_4' title="bbox 230 405 3505 484">
    <p class='ocr_par' dir='ltr' id='par_1_4' title="bbox 230 405 3505 484">
     <span class='ocr_line' id='line_1_4' title="bbox 230 405 3505 484; baseline 0.004 -23"><span class='ocrx_word' id='word_1_8' title='bbox 230 417 337 462; x_wconf 84' lang='lat' dir='ltr'><strong>tate</strong></span> <span class='ocrx_word' id='word_1_9' title='bbox 357 406 460 460; x_wconf 86' lang='lat' dir='ltr'><strong>sibi</strong></span> <span class='ocrx_word' id='word_1_10' title='bbox 483 405 674 462; x_wconf 84' lang='lat' dir='ltr'><strong>debeat</strong></span> <span class='ocrx_word' id='word_1_11' title='bbox 705 405 1039 461; x_wconf 79' lang='lat' dir='ltr'><strong>fidelissimos</strong></span> <span class='ocrx_word' id='word_1_12' title='bbox 1068 407 1336 473; x_wconf 81' lang='lat' dir='ltr'><strong>invenire;</strong></span> <span class='ocrx_word' id='word_1_13' title='bbox 1372 423 1624 478; x_wconf 72' lang='lat' dir='ltr'><strong>novoque</strong></span> <span class='ocrx_word' id='word_1_14' title='bbox 1655 411 1812 463; x_wconf 90' lang='lat' dir='ltr'><strong>modo</strong></span> <span class='ocrx_word' id='word_1_15' title='bbox 1845 417 1884 467; x_wconf 73' lang='grc' dir='ltr'><strong>Α</strong></span> <span class='ocrx_word' id='word_1_16' title='bbox 1917 421 1968 464; x_wconf 87' lang='lat' dir='ltr'><strong>et</strong></span> <span class='ocrx_word' id='word_1_17' title='bbox 1991 411 2266 480; x_wconf 79' lang='lat' dir='ltr'><strong>sanguinis</strong></span> <span class='ocrx_word' id='word_1_18' title='bbox 2294 412 2457 478; x_wconf 81' lang='lat' dir='ltr'><strong>sacri,</strong></span> <span class='ocrx_word' id='word_1_19' title='bbox 2488 427 2606 482; x_wconf 78' lang='lat' dir='ltr'><strong>qua:</strong></span> <span class='ocrx_word' id='word_1_20' title='bbox 2627 421 2713 468; x_wconf 89' lang='lat' dir='ltr'><strong>est</strong></span> <span class='ocrx_word' id='word_1_21' title='bbox 2740 412 2884 468; x_wconf 89' lang='lat' dir='ltr'><strong>salus</strong></span> <span class='ocrx_word' id='word_1_22' title='bbox 2911 415 3147 484; x_wconf 80' lang='lat' dir='ltr'><strong>gentium</strong></span> <span class='ocrx_word' id='word_1_23' title='bbox 3172 427 3225 472; x_wconf 88' lang='lat' dir='ltr'><strong>et</strong></span> <span class='ocrx_word' id='word_1_24' title='bbox 3255 417 3505 476; x_wconf 69' lang='lat' dir='ltr'><strong>remiss‘o</strong></span> 
     </span>
    </p>
   </div>
   <div class='ocr_carea' id='block_1_5' title="bbox 205 497 1815 568">
    <p class='ocr_par' dir='ltr' id='par_1_5' title="bbox 205 497 1815 568">
     <span class='ocr_line' id='line_1_5' title="bbox 205 497 1815 568; baseline 0.001 -17"><span class='ocrx_word' id='word_1_25' title='bbox 205 498 470 562; x_wconf 76' lang='lat' dir='ltr'><strong>nascitur</strong></span> <span class='ocrx_word' id='word_1_26' title='bbox 497 497 566 552; x_wconf 87' lang='lat' dir='ltr'><strong>de</strong></span> <span class='ocrx_word' id='word_1_27' title='bbox 589 497 876 550; x_wconf 74' lang='lat' dir='ltr'><strong>aluit-tione</strong></span> <span class='ocrx_word' id='word_1_28' title='bbox 898 497 1170 568; x_wconf 80' lang='lat' dir='ltr'><strong>gaudium,</strong></span> <span class='ocrx_word' id='word_1_29' title='bbox 1192 499 1259 553; x_wconf 90' lang='lat' dir='ltr'><strong>de</strong></span> <span class='ocrx_word' id='word_1_30' title='bbox 1289 502 1659 564; x_wconf 78' lang='lat' dir='ltr'><strong>persecutione</strong></span> <span class='ocrx_word' id='word_1_31' title='bbox 1683 510 1815 554; x_wconf 89' lang='lat' dir='ltr'><strong>tem-</strong></span> 
     </span>
    </p>
   </div>
   <div class='ocr_carea' id='block_1_6' title="bbox 224 590 1818 659">
    <p class='ocr_par' dir='ltr' id='par_1_6' title="bbox 224 590 1818 659">
     <span class='ocr_line' id='line_1_6' title="bbox 224 590 1818 659; baseline 0.001 -16"><span class='ocrx_word' id='word_1_32' title='bbox 224 590 398 658; x_wconf 83' lang='lat' dir='ltr'><strong>porali</strong></span> <span class='ocrx_word' id='word_1_33' title='bbox 433 599 632 646; x_wconf 62' lang='lat' dir='ltr'><strong>aeterna</strong></span> <span class='ocrx_word' id='word_1_34' title='bbox 657 590 937 644; x_wconf 76' lang='lat' dir='ltr'><strong>securitas.</strong></span> <span class='ocrx_word' id='word_1_35' title='bbox 972 591 1036 644; x_wconf 83' lang='lat' dir='ltr'><strong>Et</strong></span> <span class='ocrx_word' id='word_1_36' title='bbox 1066 606 1132 646; x_wconf 89' lang='lat' dir='ltr'><strong>ne</strong></span> <span class='ocrx_word' id='word_1_37' title='bbox 1165 601 1381 659; x_wconf 86' lang='lat' dir='ltr'><strong>putares</strong></span> <span class='ocrx_word' id='word_1_38' title='bbox 1405 608 1499 658; x_wconf 82' lang='lat' dir='ltr'><strong>pro</strong></span> <span class='ocrx_word' id='word_1_39' title='bbox 1531 600 1682 659; x_wconf 86' lang='lat' dir='ltr'><strong>parte</strong></span> <span class='ocrx_word' id='word_1_40' title='bbox 1711 595 1818 646; x_wconf 85' lang='lat' dir='ltr'><strong>latt-</strong></span> 
     </span>
    </p>
   </div>
   <div class='ocr_carea' id='block_1_7' title="bbox 222 681 1813 754">
    <p class='ocr_par' dir='ltr' id='par_1_7' title="bbox 222 681 1813 754">
     <span class='ocr_line' id='line_1_7' title="bbox 222 681 1813 754; baseline 0.001 -17"><span class='ocrx_word' id='word_1_41' title='bbox 222 683 435 745; x_wconf 82' lang='lat' dir='ltr'><strong>datttm,</strong></span> <span class='ocrx_word' id='word_1_42' title='bbox 468 681 682 754; x_wconf 88' lang='lat' dir='ltr'><strong>adjecit,</strong></span> <span class='ocrx_word' id='word_1_43' title='bbox 727 683 778 734; x_wconf 87' lang='lat' dir='ltr'><strong>in</strong></span> <span class='ocrx_word' id='word_1_44' title='bbox 817 699 987 735; x_wconf 87' lang='lat' dir='ltr'><strong>omnes</strong></span> <span class='ocrx_word' id='word_1_45' title='bbox 1028 683 1315 737; x_wconf 76' lang='lat' dir='ltr'><strong>voluntates</strong></span> <span class='ocrx_word' id='word_1_46' title='bbox 1363 685 1496 752; x_wconf 88' lang='lat' dir='ltr'><strong>ejus.</strong></span> <span class='ocrx_word' id='word_1_47' title='bbox 1546 685 1813 752; x_wconf 79' lang='lat' dir='ltr'><strong>Quidquid</strong></span> 
     </span>
    </p>
   </div>
   <div class='ocr_carea' id='block_1_8' title="bbox 219 773 1816 846">
    <p class='ocr_par' dir='ltr' id='par_1_8' title="bbox 219 773 1816 846">
     <span class='ocr_line' id='line_1_8' title="bbox 219 773 1816 846; baseline -0.001 -17"><span class='ocrx_word' id='word_1_48' title='bbox 219 774 368 830; x_wconf 77' lang='lat' dir='ltr'><strong>enim</strong></span> <span class='ocrx_word' id='word_1_49' title='bbox 401 773 548 840; x_wconf 85' lang='lat' dir='ltr'><strong>facit,</strong></span> <span class='ocrx_word' id='word_1_50' title='bbox 579 774 772 829; x_wconf 77' lang='lat' dir='ltr'><strong>eximie</strong></span> <span class='ocrx_word' id='word_1_51' title='bbox 799 785 958 844; x_wconf 83' lang='lat' dir='ltr'><strong>atque</strong></span> <span class='ocrx_word' id='word_1_52' title='bbox 988 776 1597 844; x_wconf 83' lang='lat' dir='ltr'><strong>incompreltcnsibiliter</strong></span> <span class='ocrx_word' id='word_1_53' title='bbox 1625 791 1816 846; x_wconf 79' lang='lat' dir='ltr'><strong>opera-</strong></span> 
     </span>
    </p>
   </div>
   <div class='ocr_carea' id='block_1_9' title="bbox 201 853 1817 934">
    <p class='ocr_par' dir='ltr' id='par_1_9' title="bbox 201 853 1817 934">
     <span class='ocr_line' id='line_1_9' title="bbox 201 853 1817 934; baseline 0.001 -15"><span class='ocrx_word' id='word_1_54' title='bbox 201 877 333 932; x_wconf 86' lang='lat' dir='ltr'><strong>.tur,</strong></span> <span class='ocrx_word' id='word_1_55' title='bbox 366 871 504 922; x_wconf 87' lang='lat' dir='ltr'><strong>sicut</strong></span> <span class='ocrx_word' id='word_1_56' title='bbox 536 866 587 920; x_wconf 91' lang='lat' dir='ltr'><strong>in</strong></span> <span class='ocrx_word' id='word_1_57' title='bbox 631 865 826 920; x_wconf 86' lang='lat' dir='ltr'><strong>Genesi</strong></span> <span class='ocrx_word' id='word_1_58' title='bbox 860 867 1115 934; x_wconf 89' lang='lat' dir='ltr'><strong>scriptum</strong></span> <span class='ocrx_word' id='word_1_59' title='bbox 1154 875 1237 921; x_wconf 91' lang='lat' dir='ltr'><strong>est</strong></span> <span class='ocrx_word' id='word_1_60' title='bbox 1264 885 1275 918; x_wconf 90' lang='lat'>:</span> <span class='ocrx_word' id='word_1_61' title='bbox 1308 864 1455 919; x_wconf 82' lang='lat' dir='ltr'><strong>Fecit</strong></span> <span class='ocrx_word' id='word_1_62' title='bbox 1485 865 1622 921; x_wconf 96' lang='lat' dir='ltr'><strong>Deus</strong></span> <span class='ocrx_word' id='word_1_63' title='bbox 1645 853 1817 921; x_wconf 73' lang='lat' dir='ltr'><strong>omina</strong></span> 
     </span>
    </p>
   </div>
   <div class='ocr_carea' id='block_1_10' title="bbox 220 955 1814 1027">
    <p class='ocr_par' dir='ltr' id='par_1_10' title="bbox 220 955 1814 1027">
     <span class='ocr_line' id='line_1_10' title="bbox 220 955 1814 1027; baseline 0.002 -18"><span class='ocrx_word' id='word_1_64' title='bbox 220 956 375 1012; x_wconf 68' lang='lat' dir='ltr'><strong>valde</strong></span> <span class='ocrx_word' id='word_1_65' title='bbox 421 957 554 1010; x_wconf 87' lang='lat' dir='ltr'><strong>bona</strong></span> <span class='ocrx_word' id='word_1_66' title='bbox 595 955 748 1027; x_wconf 83' lang='lat' dir='ltr'><strong>(Gen.</strong></span> <span class='ocrx_word' id='word_1_67' title='bbox 785 972 820 1018; x_wconf 83' lang='grc' dir='ltr'><strong>ι.</strong></span> <span class='ocrx_word' id='word_1_68' title='bbox 867 958 978 1027; x_wconf 83' lang='grc'>51).</span> <span class='ocrx_word' id='word_1_69' title='bbox 1021 956 1109 1021; x_wconf 80' lang='lat' dir='ltr'><strong>Sic</strong></span> <span class='ocrx_word' id='word_1_70' title='bbox 1146 957 1234 1011; x_wconf 91' lang='lat' dir='ltr'><strong>illa</strong></span> <span class='ocrx_word' id='word_1_71' title='bbox 1287 957 1693 1026; x_wconf 76' lang='lat' dir='ltr'><strong>investigabilis,</strong></span> <span class='ocrx_word' id='word_1_72' title='bbox 1724 958 1814 1012; x_wconf 90' lang='lat' dir='ltr'><strong>illa</strong></span> 
     </span>
    </p>
   </div>
   <div class='ocr_carea' id='block_1_11' title="bbox 219 1047 1574 1105">
    <p class='ocr_par' dir='ltr' id='par_1_11' title="bbox 219 1047 1574 1105">
     <span class='ocr_line' id='line_1_11' title="bbox 219 1047 1574 1105; baseline 0.001 -3"><span class='ocrx_word' id='word_1_73' title='bbox 219 1047 616 1103; x_wconf 63' lang='lat' dir='ltr'><strong>inzstimabilis</strong></span> <span class='ocrx_word' id='word_1_74' title='bbox 640 1050 753 1103; x_wconf 86' lang='lat' dir='ltr'><strong>laus</strong></span> <span class='ocrx_word' id='word_1_75' title='bbox 781 1048 880 1102; x_wconf 85' lang='lat' dir='ltr'><strong>sub</strong></span> <span class='ocrx_word' id='word_1_76' title='bbox 911 1051 1166 1103; x_wconf 88' lang='lat' dir='ltr'><strong>brevitate</strong></span> <span class='ocrx_word' id='word_1_77' title='bbox 1189 1049 1439 1104; x_wconf 85' lang='lat' dir='ltr'><strong>conclusa</strong></span> <span class='ocrx_word' id='word_1_78' title='bbox 1470 1058 1574 1105; x_wconf 88' lang='lat' dir='ltr'><strong>est.</strong></span> 
     </span>
    </p>
   </div>
   <div class='ocr_carea' id='block_1_12' title="bbox 289 1138 1815 1213">
    <p class='ocr_par' dir='ltr' id='par_1_12' title="bbox 289 1138 1815 1213">
     <span class='ocr_line' id='line_1_12' title="bbox 289 1138 1815 1213; baseline 0.001 -17"><span class='ocrx_word' id='word_1_79' title='bbox 289 1138 458 1196; x_wconf 72' lang='lat' dir='ltr'><strong>Vers.</strong></span> <span class='ocrx_word' id='word_1_80' title='bbox 507 1142 557 1194; x_wconf 83' lang='grc'>5.</span> <span class='ocrx_word' id='word_1_81' title='bbox 595 1139 696 1204; x_wconf 76' lang='lat' dir='ltr'><strong>lle,</strong></span> <span class='ocrx_word' id='word_1_82' title='bbox 731 1140 866 1196; x_wconf 74' lang='lat' dir='ltr'><strong>Van.</strong></span> <span class='ocrx_word' id='word_1_83' title='bbox 917 1140 1178 1208; x_wconf 68' lang='lat' dir='ltr'><strong>Confessio</strong></span> <span class='ocrx_word' id='word_1_84' title='bbox 1202 1151 1248 1194; x_wconf 87' lang='lat' dir='ltr'><strong>et</strong></span> <span class='ocrx_word' id='word_1_85' title='bbox 1276 1143 1657 1213; x_wconf 75' lang='lat' dir='ltr'><strong>magniﬁcentia</strong></span> <span class='ocrx_word' id='word_1_86' title='bbox 1686 1160 1815 1211; x_wconf 85' lang='lat' dir='ltr'><strong>opus</strong></span> 
     </span>
    </p>
   </div>
   <div class='ocr_carea' id='block_1_13' title="bbox 216 1230 1812 1302">
    <p class='ocr_par' dir='ltr' id='par_1_13' title="bbox 216 1230 1812 1302">
     <span class='ocr_line' id='line_1_13' title="bbox 216 1230 1812 1302; baseline 0.002 -19"><span class='ocrx_word' id='word_1_87' title='bbox 216 1232 351 1300; x_wconf 75' lang='lat' dir='ltr'><strong>ejus,</strong></span> <span class='ocrx_word' id='word_1_88' title='bbox 383 1237 434 1282; x_wconf 84' lang='lat' dir='ltr'><strong>et</strong></span> <span class='ocrx_word' id='word_1_89' title='bbox 470 1231 674 1299; x_wconf 87' lang='lat' dir='ltr'><strong>justitia</strong></span> <span class='ocrx_word' id='word_1_90' title='bbox 704 1230 814 1299; x_wconf 67' lang='lat' dir='ltr'><strong>t-jus</strong></span> <span class='ocrx_word' id='word_1_91' title='bbox 844 1242 1010 1284; x_wconf 84' lang='lat' dir='ltr'><strong>manet</strong></span> <span class='ocrx_word' id='word_1_92' title='bbox 1051 1231 1104 1284; x_wconf 88' lang='lat' dir='ltr'><strong>in</strong></span> <span class='ocrx_word' id='word_1_93' title='bbox 1133 1232 1377 1284; x_wconf 76' lang='lat' dir='ltr'><strong>swrulum</strong></span> <span class='ocrx_word' id='word_1_94' title='bbox 1418 1234 1612 1285; x_wconf 77' lang='lat' dir='ltr'><strong>stecnlt&#39;.</strong></span> <span class='ocrx_word' id='word_1_95' title='bbox 1641 1233 1812 1302; x_wconf 81' lang='lat' dir='ltr'><strong>Opera</strong></span> 
     </span>
    </p>
   </div>
   <div class='ocr_carea' id='block_1_14' title="bbox 218 1320 1812 1392">
    <p class='ocr_par' dir='ltr' id='par_1_14' title="bbox 218 1320 1812 1392">
     <span class='ocr_line' id='line_1_14' title="bbox 218 1320 1812 1392; baseline 0.002 -18"><span class='ocrx_word' id='word_1_96' title='bbox 218 1320 305 1374; x_wconf 84' lang='lat' dir='ltr'><strong>illa</strong></span> <span class='ocrx_word' id='word_1_97' title='bbox 334 1320 569 1382; x_wconf 67' lang='lat' dir='ltr'><strong>Domini,</strong></span> <span class='ocrx_word' id='word_1_98' title='bbox 608 1336 725 1388; x_wconf 75' lang='lat' dir='ltr'><strong>qua:</strong></span> <span class='ocrx_word' id='word_1_99' title='bbox 762 1321 1011 1389; x_wconf 79' lang='lat' dir='ltr'><strong>superius</strong></span> <span class='ocrx_word' id='word_1_100' title='bbox 1039 1323 1192 1388; x_wconf 85' lang='lat' dir='ltr'><strong>dixit,</strong></span> <span class='ocrx_word' id='word_1_101' title='bbox 1227 1337 1369 1390; x_wconf 84' lang='lat' dir='ltr'><strong>nunc</strong></span> <span class='ocrx_word' id='word_1_102' title='bbox 1399 1322 1589 1392; x_wconf 82' lang='lat' dir='ltr'><strong>iterum</strong></span> <span class='ocrx_word' id='word_1_103' title='bbox 1622 1339 1812 1392; x_wconf 89' lang='lat' dir='ltr'><strong>quem-</strong></span> 
     </span>
    </p>
   </div>
   <div class='ocr_carea' id='block_1_15' title="bbox 217 1409 1814 1478">
    <p class='ocr_par' dir='ltr' id='par_1_15' title="bbox 217 1409 1814 1478">
     <span class='ocr_line' id='line_1_15' title="bbox 217 1409 1814 1478; baseline 0.004 -17"><span class='ocrx_word' id='word_1_104' title='bbox 217 1409 513 1462; x_wconf 83' lang='lat' dir='ltr'><strong>admodum</strong></span> <span class='ocrx_word' id='word_1_105' title='bbox 539 1410 898 1478; x_wconf 78' lang='lat' dir='ltr'><strong>intelligantur</strong></span> <span class='ocrx_word' id='word_1_106' title='bbox 923 1413 1166 1478; x_wconf 80' lang='lat' dir='ltr'><strong>ettponit.</strong></span> <span class='ocrx_word' id='word_1_107' title='bbox 1191 1411 1369 1466; x_wconf 83' lang='lat' dir='ltr'><strong>Gloria</strong></span> <span class='ocrx_word' id='word_1_108' title='bbox 1401 1411 1540 1468; x_wconf 88' lang='lat' dir='ltr'><strong>enim</strong></span> <span class='ocrx_word' id='word_1_109' title='bbox 1571 1423 1625 1467; x_wconf 87' lang='lat' dir='ltr'><strong>et</strong></span> <span class='ocrx_word' id='word_1_110' title='bbox 1650 1413 1814 1468; x_wconf 86' lang='lat' dir='ltr'><strong>decor</strong></span> 
     </span>
    </p>
   </div>
   <div class='ocr_carea' id='block_1_16' title="bbox 219 1502 1811 1574">
    <p class='ocr_par' dir='ltr' id='par_1_16' title="bbox 219 1502 1811 1574">
     <span class='ocr_line' id='line_1_16' title="bbox 219 1502 1811 1574; baseline 0.004 -20"><span class='ocrx_word' id='word_1_111' title='bbox 219 1502 388 1570; x_wconf 80' lang='lat' dir='ltr'><strong>(sicut</strong></span> <span class='ocrx_word' id='word_1_112' title='bbox 443 1503 596 1555; x_wconf 72' lang='lat' dir='ltr'><strong>Pater</strong></span> <span class='ocrx_word' id='word_1_113' title='bbox 628 1503 980 1571; x_wconf 45' lang='lat' dir='ltr'><strong>Hieronymus</strong></span> <span class='ocrx_word' id='word_1_114' title='bbox 1031 1504 1326 1573; x_wconf 82' lang='lat' dir='ltr'><strong>transtulit)</strong></span> <span class='ocrx_word' id='word_1_115' title='bbox 1373 1513 1456 1558; x_wconf 85' lang='lat' dir='ltr'><strong>est</strong></span> <span class='ocrx_word' id='word_1_116' title='bbox 1501 1521 1629 1573; x_wconf 79' lang='lat' dir='ltr'><strong>Opus</strong></span> <span class='ocrx_word' id='word_1_117' title='bbox 1659 1506 1811 1574; x_wconf 84' lang='lat' dir='ltr'><strong>ejus:</strong></span> 
     </span>
    </p>
   </div>
   <div class='ocr_carea' id='block_1_17' title="bbox 217 1597 1817 1669">
    <p class='ocr_par' dir='ltr' id='par_1_17' title="bbox 217 1597 1817 1669">
     <span class='ocr_line' id='line_1_17' title="bbox 217 1597 1817 1669; baseline 0.003 -20"><span class='ocrx_word' id='word_1_118' title='bbox 217 1597 480 1666; x_wconf 72' lang='lat' dir='ltr'><strong>quoniam</strong></span> <span class='ocrx_word' id='word_1_119' title='bbox 506 1605 557 1649; x_wconf 85' lang='lat' dir='ltr'><strong>et</strong></span> <span class='ocrx_word' id='word_1_120' title='bbox 591 1598 674 1649; x_wconf 91' lang='lat' dir='ltr'><strong>lau</strong></span> <span class='ocrx_word' id='word_1_121' title='bbox 699 1597 870 1650; x_wconf 71' lang='lat' dir='ltr'><strong>labilis</strong></span> <span class='ocrx_word' id='word_1_122' title='bbox 897 1606 1021 1650; x_wconf 91' lang='lat' dir='ltr'><strong>sunt</strong></span> <span class='ocrx_word' id='word_1_123' title='bbox 1055 1598 1236 1664; x_wconf 89' lang='lat' dir='ltr'><strong>nimis,</strong></span> <span class='ocrx_word' id='word_1_124' title='bbox 1267 1608 1320 1652; x_wconf 91' lang='lat' dir='ltr'><strong>et</strong></span> <span class='ocrx_word' id='word_1_125' title='bbox 1350 1599 1544 1653; x_wconf 89' lang='lat' dir='ltr'><strong>decora</strong></span> <span class='ocrx_word' id='word_1_126' title='bbox 1585 1614 1706 1669; x_wconf 76' lang='lat' dir='ltr'><strong>qua:</strong></span> <span class='ocrx_word' id='word_1_127' title='bbox 1737 1599 1817 1654; x_wconf 84' lang='lat' dir='ltr'><strong>la-</strong></span> 
     </span>
    </p>
   </div>
   <div class='ocr_carea' id='block_1_18' title="bbox 217 1686 1810 1758">
    <p class='ocr_par' dir='ltr' id='par_1_18' title="bbox 217 1686 1810 1758">
     <span class='ocr_line' id='line_1_18' title="bbox 217 1686 1810 1758; baseline 0.001 -17"><span class='ocrx_word' id='word_1_128' title='bbox 217 1689 307 1741; x_wconf 85' lang='lat' dir='ltr'><strong>cit.</strong></span> <span class='ocrx_word' id='word_1_129' title='bbox 335 1687 581 1739; x_wconf 72' lang='lat' dir='ltr'><strong>Diximtts</strong></span> <span class='ocrx_word' id='word_1_130' title='bbox 601 1688 742 1742; x_wconf 81' lang='lat' dir='ltr'><strong>enim</strong></span> <span class='ocrx_word' id='word_1_131' title='bbox 764 1686 1136 1754; x_wconf 74' lang='lat' dir='ltr'><strong>Confessiouem</strong></span> <span class='ocrx_word' id='word_1_132' title='bbox 1155 1689 1294 1742; x_wconf 91' lang='lat' dir='ltr'><strong>illatn</strong></span> <span class='ocrx_word' id='word_1_133' title='bbox 1319 1689 1404 1744; x_wconf 85' lang='lat' dir='ltr'><strong>hic</strong></span> <span class='ocrx_word' id='word_1_134' title='bbox 1424 1689 1810 1758; x_wconf 82' lang='lat' dir='ltr'><strong>accipiendam,</strong></span> 
     </span>
    </p>
   </div>
   <div class='ocr_carea' id='block_1_19' title="bbox 1924 514 2284 570">
    <p class='ocr_par' dir='ltr' id='par_1_19' title="bbox 1924 514 2284 570">
     <span class='ocr_line' id='line_1_19' title="bbox 1924 514 2284 570; baseline 0.017 -20"><span class='ocrx_word' id='word_1_135' title='bbox 1924 514 2260 570; x_wconf 76' lang='lat' dir='ltr'><strong>peccatorum</strong></span> <span class='ocrx_word' id='word_1_136' title='bbox 2271 542 2284 556; x_wconf 96' lang='lat'><strong>.</strong></span> 
     </span>
    </p>
   </div>
   <div class='ocr_carea' id='block_1_20' title="bbox 1992 594 3498 669">
    <p class='ocr_par' dir='ltr' id='par_1_20' title="bbox 1992 594 3498 669">
     <span class='ocr_line' id='line_1_20' title="bbox 1992 594 3498 669; baseline 0.009 -25"><span class='ocrx_word' id='word_1_137' title='bbox 1992 594 2142 647; x_wconf 80' lang='lat' dir='ltr'><strong>Vers.</strong></span> <span class='ocrx_word' id='word_1_138' title='bbox 2192 596 2242 649; x_wconf 89' lang='lat'><strong>6.</strong></span> <span class='ocrx_word' id='word_1_139' title='bbox 2276 595 2438 659; x_wconf 68' lang='lat' dir='ltr'><strong>CAP&quot;,</strong></span> <span class='ocrx_word' id='word_1_140' title='bbox 2486 596 2690 651; x_wconf 62' lang='lat' dir='ltr'><strong>Lauso.</strong></span> <span class='ocrx_word' id='word_1_141' title='bbox 2740 598 2986 654; x_wconf 81' lang='lat' dir='ltr'><strong>Virtutem</strong></span> <span class='ocrx_word' id='word_1_142' title='bbox 3029 617 3242 669; x_wconf 85' lang='lat' dir='ltr'><strong>operum</strong></span> <span class='ocrx_word' id='word_1_143' title='bbox 3284 619 3498 658; x_wconf 86' lang='lat' dir='ltr'><strong>suorum</strong></span> 
     </span>
    </p>
   </div>
   <div class='ocr_carea' id='block_1_21' title="bbox 1916 687 3498 763">
    <p class='ocr_par' dir='ltr' id='par_1_21' title="bbox 1916 687 3498 763">
     <span class='ocr_line' id='line_1_21' title="bbox 1916 687 3498 763; baseline 0.009 -27"><span class='ocrx_word' id='word_1_144' title='bbox 1916 687 2234 739; x_wconf 82' lang='lat' dir='ltr'><strong>annuntiarit</strong></span> <span class='ocrx_word' id='word_1_145' title='bbox 2251 688 2440 755; x_wconf 86' lang='lat' dir='ltr'><strong>populo</strong></span> <span class='ocrx_word' id='word_1_146' title='bbox 2457 706 2566 747; x_wconf 86' lang='lat' dir='ltr'><strong>suo.</strong></span> <span class='ocrx_word' id='word_1_147' title='bbox 2594 699 2648 742; x_wconf 90' lang='lat' dir='ltr'><strong>ut</strong></span> <span class='ocrx_word' id='word_1_148' title='bbox 2665 690 2746 742; x_wconf 84' lang='lat' dir='ltr'><strong>de!</strong></span> <span class='ocrx_word' id='word_1_149' title='bbox 2763 691 2864 744; x_wconf 83' lang='lat' dir='ltr'><strong>illis</strong></span> <span class='ocrx_word' id='word_1_150' title='bbox 2881 692 3226 746; x_wconf 71' lang='lat' dir='ltr'><strong>hwredilatem</strong></span> <span class='ocrx_word' id='word_1_151' title='bbox 3247 697 3498 763; x_wconf 80' lang='lat' dir='ltr'><strong>gentium.</strong></span> 
     </span>
    </p>
   </div>
   <div class='ocr_carea' id='block_1_22' title="bbox 1919 776 3496 850">
    <p class='ocr_par' dir='ltr' id='par_1_22' title="bbox 1919 776 3496 850">
     <span class='ocr_line' id='line_1_22' title="bbox 1919 776 3496 850; baseline 0.009 -22"><span class='ocrx_word' id='word_1_152' title='bbox 1919 776 2015 830; x_wconf 89' lang='lat' dir='ltr'><strong>Hic</strong></span> <span class='ocrx_word' id='word_1_153' title='bbox 2043 787 2124 832; x_wconf 86' lang='lat' dir='ltr'><strong>est</strong></span> <span class='ocrx_word' id='word_1_154' title='bbox 2155 779 2373 847; x_wconf 88' lang='lat' dir='ltr'><strong>impleta</strong></span> <span class='ocrx_word' id='word_1_155' title='bbox 2405 782 2689 842; x_wconf 82' lang='lat' dir='ltr'><strong>sententia,</strong></span> <span class='ocrx_word' id='word_1_156' title='bbox 2720 799 2837 850; x_wconf 61' lang='lat' dir='ltr'><strong>qum</strong></span> <span class='ocrx_word' id='word_1_157' title='bbox 2865 785 3032 840; x_wconf 87' lang='lat' dir='ltr'><strong>tribus</strong></span> <span class='ocrx_word' id='word_1_158' title='bbox 3064 787 3304 841; x_wconf 76' lang='lat' dir='ltr'><strong>versibus</strong></span> <span class='ocrx_word' id='word_1_159' title='bbox 3325 790 3496 842; x_wconf 88' lang='lat' dir='ltr'><strong>conti-</strong></span> 
     </span>
    </p>
   </div>
   <div class='ocr_carea' id='block_1_23' title="bbox 1919 867 3496 944">
    <p class='ocr_par' dir='ltr' id='par_1_23' title="bbox 1919 867 3496 944">
     <span class='ocr_line' id='line_1_23' title="bbox 1919 867 3496 944; baseline 0.008 -24"><span class='ocrx_word' id='word_1_160' title='bbox 1919 877 2095 922; x_wconf 90' lang='lat' dir='ltr'><strong>netur.</strong></span> <span class='ocrx_word' id='word_1_161' title='bbox 2134 867 2312 922; x_wconf 80' lang='lat' dir='ltr'><strong>Virtus</strong></span> <span class='ocrx_word' id='word_1_162' title='bbox 2337 886 2544 937; x_wconf 82' lang='lat' dir='ltr'><strong>Operam</strong></span> <span class='ocrx_word' id='word_1_163' title='bbox 2577 872 2693 936; x_wconf 78' lang='lat' dir='ltr'><strong>fuit,</strong></span> <span class='ocrx_word' id='word_1_164' title='bbox 2735 889 2890 940; x_wconf 89' lang='lat' dir='ltr'><strong>quam</strong></span> <span class='ocrx_word' id='word_1_165' title='bbox 2921 875 3042 929; x_wconf 90' lang='lat' dir='ltr'><strong>dicit</strong></span> <span class='ocrx_word' id='word_1_166' title='bbox 3081 876 3132 928; x_wconf 91' lang='lat' dir='ltr'><strong>in</strong></span> <span class='ocrx_word' id='word_1_167' title='bbox 3169 876 3496 944; x_wconf 78' lang='lat' dir='ltr'><strong>Evangelia:</strong></span> 
     </span>
    </p>
   </div>
   <div class='ocr_carea' id='block_1_24' title="bbox 1917 959 3498 1030">
    <p class='ocr_par' dir='ltr' id='par_1_24' title="bbox 1917 959 3498 1030">
     <span class='ocr_line' id='line_1_24' title="bbox 1917 959 3498 1030; baseline 0.007 -18"><span class='ocrx_word' id='word_1_168' title='bbox 1917 959 2049 1014; x_wconf 80' lang='lat' dir='ltr'><strong>Cteci</strong></span> <span class='ocrx_word' id='word_1_169' title='bbox 2075 960 2266 1026; x_wconf 78' lang='lat' dir='ltr'><strong>vident,</strong></span> <span class='ocrx_word' id='word_1_170' title='bbox 2294 963 2437 1014; x_wconf 77' lang='lat' dir='ltr'><strong>surdi</strong></span> <span class='ocrx_word' id='word_1_171' title='bbox 2465 964 2703 1028; x_wconf 85' lang='lat' dir='ltr'><strong>audiunt,</strong></span> <span class='ocrx_word' id='word_1_172' title='bbox 2735 965 2924 1029; x_wconf 84' lang='lat' dir='ltr'><strong>leprosi</strong></span> <span class='ocrx_word' id='word_1_173' title='bbox 2955 969 3287 1030; x_wconf 75' lang='lat' dir='ltr'><strong>inundantur,</strong></span> <span class='ocrx_word' id='word_1_174' title='bbox 3311 971 3498 1023; x_wconf 81' lang='lat' dir='ltr'><strong>mortui</strong></span> 
     </span>
    </p>
   </div>
   <div class='ocr_carea' id='block_1_25' title="bbox 1915 1053 3498 1122">
    <p class='ocr_par' dir='ltr' id='par_1_25' title="bbox 1915 1053 3498 1122">
     <span class='ocr_line' id='line_1_25' title="bbox 1915 1053 3498 1122; baseline 0.008 -21"><span class='ocrx_word' id='word_1_175' title='bbox 1915 1061 2185 1118; x_wconf 84' lang='lat' dir='ltr'><strong>resurgunt</strong></span> <span class='ocrx_word' id='word_1_176' title='bbox 2207 1063 2287 1105; x_wconf 86' lang='lat' dir='ltr'><strong>:et</strong></span> <span class='ocrx_word' id='word_1_177' title='bbox 2316 1053 2485 1106; x_wconf 87' lang='lat' dir='ltr'><strong>beatus</strong></span> <span class='ocrx_word' id='word_1_178' title='bbox 2514 1056 2599 1122; x_wconf 86' lang='lat' dir='ltr'><strong>qui</strong></span> <span class='ocrx_word' id='word_1_179' title='bbox 2631 1071 2730 1107; x_wconf 88' lang='lat' dir='ltr'><strong>non</strong></span> <span class='ocrx_word' id='word_1_180' title='bbox 2757 1056 2908 1122; x_wconf 77' lang='lat' dir='ltr'><strong>fuerit</strong></span> <span class='ocrx_word' id='word_1_181' title='bbox 2939 1057 3315 1112; x_wconf 72' lang='lat' dir='ltr'><strong>scandalizatus</strong></span> <span class='ocrx_word' id='word_1_182' title='bbox 3344 1061 3393 1112; x_wconf 87' lang='lat' dir='ltr'><strong>in</strong></span> <span class='ocrx_word' id='word_1_183' title='bbox 3421 1077 3498 1114; x_wconf 85' lang='lat' dir='ltr'><strong>me</strong></span> 
     </span>
    </p>
   </div>
   <div class='ocr_carea' id='block_1_26' title="bbox 1917 1142 3500 1223">
    <p class='ocr_par' dir='ltr' id='par_1_26' title="bbox 1917 1142 3500 1223">
     <span class='ocr_line' id='line_1_26' title="bbox 1917 1142 3500 1223; baseline 0.008 -27"><span class='ocrx_word' id='word_1_184' title='bbox 1917 1142 2130 1214; x_wconf 79' lang='lat' dir='ltr'><strong>(Matth.</strong></span> <span class='ocrx_word' id='word_1_185' title='bbox 2163 1161 2240 1206; x_wconf 73' lang='grc' dir='ltr'>ιι,</span> <span class='ocrx_word' id='word_1_186' title='bbox 2271 1145 2350 1213; x_wconf 78' lang='lat'><strong>5).</strong></span> <span class='ocrx_word' id='word_1_187' title='bbox 2374 1148 2727 1210; x_wconf 81' lang='lat' dir='ltr'><strong>Annuntiarit,</strong></span> <span class='ocrx_word' id='word_1_188' title='bbox 2763 1149 3098 1203; x_wconf 81' lang='lat' dir='ltr'><strong>manifestam</strong></span> <span class='ocrx_word' id='word_1_189' title='bbox 3129 1152 3275 1217; x_wconf 85' lang='lat' dir='ltr'><strong>fecit,</strong></span> <span class='ocrx_word' id='word_1_190' title='bbox 3302 1156 3500 1223; x_wconf 83' lang='lat' dir='ltr'><strong>populo</strong></span> 
     </span>
    </p>
   </div>
   <div class='ocr_carea' id='block_1_27' title="bbox 1916 1233 3500 1311">
    <p class='ocr_par' dir='ltr' id='par_1_27' title="bbox 1916 1233 3500 1311">
     <span class='ocr_line' id='line_1_27' title="bbox 1916 1233 3500 1311; baseline 0.009 -25"><span class='ocrx_word' id='word_1_191' title='bbox 1916 1233 2123 1289; x_wconf 87' lang='lat' dir='ltr'><strong>scilicet</strong></span> <span class='ocrx_word' id='word_1_192' title='bbox 2148 1236 2472 1302; x_wconf 86' lang='lat' dir='ltr'><strong>Christiano,</strong></span> <span class='ocrx_word' id='word_1_193' title='bbox 2507 1254 2664 1306; x_wconf 88' lang='lat' dir='ltr'><strong>quem</strong></span> <span class='ocrx_word' id='word_1_194' title='bbox 2695 1240 2922 1294; x_wconf 92' lang='lat' dir='ltr'><strong>redemit</strong></span> <span class='ocrx_word' id='word_1_195' title='bbox 2947 1243 3208 1311; x_wconf 77' lang='lat' dir='ltr'><strong>sanguine</strong></span> <span class='ocrx_word' id='word_1_196' title='bbox 3242 1247 3500 1309; x_wconf 74' lang='lat' dir='ltr'><strong>pretioso.</strong></span> 
     </span>
    </p>
   </div>
   <div class='ocr_carea' id='block_1_28' title="bbox 1917 1326 3496 1402">
    <p class='ocr_par' dir='ltr' id='par_1_28' title="bbox 1917 1326 3496 1402">
     <span class='ocr_line' id='line_1_28' title="bbox 1917 1326 3496 1402; baseline 0.005 -22"><span class='ocrx_word' id='word_1_197' title='bbox 1917 1326 2022 1380; x_wconf 88' lang='lat' dir='ltr'><strong>Sed</strong></span> <span class='ocrx_word' id='word_1_198' title='bbox 2066 1326 2166 1381; x_wconf 91' lang='lat' dir='ltr'><strong>hoc</strong></span> <span class='ocrx_word' id='word_1_199' title='bbox 2206 1328 2281 1380; x_wconf 86' lang='lat' dir='ltr'><strong>illi</strong></span> <span class='ocrx_word' id='word_1_200' title='bbox 2317 1329 2606 1396; x_wconf 68' lang='lat' dir='ltr'><strong>prophetiae</strong></span> <span class='ocrx_word' id='word_1_201' title='bbox 2632 1331 2818 1396; x_wconf 80' lang='lat' dir='ltr'><strong>spiritu</strong></span> <span class='ocrx_word' id='word_1_202' title='bbox 2867 1331 3074 1396; x_wconf 87' lang='lat' dir='ltr'><strong>dicunt,</strong></span> <span class='ocrx_word' id='word_1_203' title='bbox 3107 1334 3195 1402; x_wconf 90' lang='lat' dir='ltr'><strong>qui</strong></span> <span class='ocrx_word' id='word_1_204' title='bbox 3247 1346 3370 1388; x_wconf 88' lang='lat' dir='ltr'><strong>ante</strong></span> <span class='ocrx_word' id='word_1_205' title='bbox 3399 1336 3496 1388; x_wconf 89' lang='lat' dir='ltr'><strong>ad-</strong></span> 
     </span>
    </p>
   </div>
   <div class='ocr_carea' id='block_1_29' title="bbox 1917 1417 3500 1481">
    <p class='ocr_par' dir='ltr' id='par_1_29' title="bbox 1917 1417 3500 1481">
     <span class='ocr_line' id='line_1_29' title="bbox 1917 1417 3500 1481; baseline 0.007 -14"><span class='ocrx_word' id='word_1_206' title='bbox 1917 1427 2133 1469; x_wconf 82' lang='lat' dir='ltr'><strong>ventum</strong></span> <span class='ocrx_word' id='word_1_207' title='bbox 2162 1417 2370 1470; x_wconf 87' lang='lat' dir='ltr'><strong>Domini</strong></span> <span class='ocrx_word' id='word_1_208' title='bbox 2401 1418 2452 1471; x_wconf 92' lang='lat' dir='ltr'><strong>iu</strong></span> <span class='ocrx_word' id='word_1_209' title='bbox 2477 1435 2598 1472; x_wconf 91' lang='lat' dir='ltr'><strong>eum</strong></span> <span class='ocrx_word' id='word_1_210' title='bbox 2624 1431 2804 1474; x_wconf 84' lang='lat' dir='ltr'><strong>sancta</strong></span> <span class='ocrx_word' id='word_1_211' title='bbox 2825 1422 2926 1474; x_wconf 88' lang='lat' dir='ltr'><strong>fide</strong></span> <span class='ocrx_word' id='word_1_212' title='bbox 2953 1423 3320 1481; x_wconf 84' lang='lat' dir='ltr'><strong>crediderunt.</strong></span> <span class='ocrx_word' id='word_1_213' title='bbox 3348 1425 3500 1478; x_wconf 73' lang='lat' dir='ltr'><strong>Dedit</strong></span> 
     </span>
    </p>
   </div>
   <div class='ocr_carea' id='block_1_30' title="bbox 1917 1510 3500 1586">
    <p class='ocr_par' dir='ltr' id='par_1_30' title="bbox 1917 1510 3500 1586">
     <span class='ocr_line' id='line_1_30' title="bbox 1917 1510 3500 1586; baseline 0.007 -24"><span class='ocrx_word' id='word_1_214' title='bbox 1917 1521 2090 1562; x_wconf 82' lang='lat' dir='ltr'><strong>autem</strong></span> <span class='ocrx_word' id='word_1_215' title='bbox 2115 1510 2186 1562; x_wconf 87' lang='lat' dir='ltr'><strong>eis</strong></span> <span class='ocrx_word' id='word_1_216' title='bbox 2210 1511 2553 1564; x_wconf 75' lang='lat' dir='ltr'><strong>hwreditntem</strong></span> <span class='ocrx_word' id='word_1_217' title='bbox 2575 1513 2817 1586; x_wconf 76' lang='lat' dir='ltr'><strong>gentium,</strong></span> <span class='ocrx_word' id='word_1_218' title='bbox 2849 1514 3060 1582; x_wconf 78' lang='lat' dir='ltr'><strong>quando</strong></span> <span class='ocrx_word' id='word_1_219' title='bbox 3086 1517 3374 1570; x_wconf 61' lang='lat' dir='ltr'><strong>Ecclt&#39;siatn</strong></span> <span class='ocrx_word' id='word_1_220' title='bbox 3410 1533 3500 1572; x_wconf 85' lang='lat' dir='ltr'><strong>ca-</strong></span> 
     </span>
    </p>
   </div>
   <div class='ocr_carea' id='block_1_31' title="bbox 1879 1579 3501 1672">
    <p class='ocr_par' dir='ltr' id='par_1_31' title="bbox 1879 1579 3501 1672">
     <span class='ocr_line' id='line_1_31' title="bbox 1879 1579 3501 1672; baseline 0.006 -20"><span class='ocrx_word' id='word_1_221' title='bbox 1879 1579 2171 1653; x_wconf 54' lang='lat' dir='ltr'><strong>‘tltolicam</strong></span> <span class='ocrx_word' id='word_1_222' title='bbox 2209 1601 2276 1653; x_wconf 88' lang='lat' dir='ltr'><strong>de</strong></span> <span class='ocrx_word' id='word_1_223' title='bbox 2301 1602 2505 1654; x_wconf 86' lang='lat' dir='ltr'><strong>cunctis</strong></span> <span class='ocrx_word' id='word_1_224' title='bbox 2535 1603 2844 1656; x_wconf 79' lang='lat' dir='ltr'><strong>nationibus</strong></span> <span class='ocrx_word' id='word_1_225' title='bbox 2875 1605 3008 1658; x_wconf 87' lang='lat' dir='ltr'><strong>vivis</strong></span> <span class='ocrx_word' id='word_1_226' title='bbox 3038 1606 3304 1672; x_wconf 76' lang='lat' dir='ltr'><strong>lapidibus</strong></span> <span class='ocrx_word' id='word_1_227' title='bbox 3335 1607 3501 1662; x_wconf 83' lang='lat' dir='ltr'><strong>fabri-</strong></span> 
     </span>
    </p>
   </div>
   <div class='ocr_carea' id='block_1_32' title="bbox 1917 1692 3496 1764">
    <p class='ocr_par' dir='ltr' id='par_1_32' title="bbox 1917 1692 3496 1764">
     <span class='ocr_line' id='line_1_32' title="bbox 1917 1692 3496 1764; baseline 0.006 -16"><span class='ocrx_word' id='word_1_228' title='bbox 1917 1694 2076 1748; x_wconf 81' lang='lat' dir='ltr'><strong>cavit.</strong></span> <span class='ocrx_word' id='word_1_229' title='bbox 2118 1692 2231 1760; x_wconf 82' lang='lat' dir='ltr'><strong>lpsa</strong></span> <span class='ocrx_word' id='word_1_230' title='bbox 2262 1705 2339 1747; x_wconf 87' lang='lat' dir='ltr'><strong>est</strong></span> <span class='ocrx_word' id='word_1_231' title='bbox 2372 1693 2641 1748; x_wconf 73' lang='lat' dir='ltr'><strong>ltwreditas</strong></span> <span class='ocrx_word' id='word_1_232' title='bbox 2673 1711 2789 1763; x_wconf 69' lang='lat' dir='ltr'><strong>qua:</strong></span> <span class='ocrx_word' id='word_1_233' title='bbox 2823 1699 3080 1764; x_wconf 78' lang='lat' dir='ltr'><strong>promissa</strong></span> <span class='ocrx_word' id='word_1_234' title='bbox 3111 1710 3194 1753; x_wconf 61' lang='lat' dir='ltr'><strong>eu</strong></span> <span class='ocrx_word' id='word_1_235' title='bbox 3227 1701 3496 1758; x_wconf 69' lang='lat' dir='ltr'><strong>Abrahae:</strong></span> 
     </span>
    </p>
   </div>
   <div class='ocr_carea' id='block_1_33' title="bbox 216 1777 3500 1855">
    <p class='ocr_par' dir='ltr' id='par_1_33' title="bbox 216 1777 3500 1855">
     <span class='ocr_line' id='line_1_33' title="bbox 216 1777 3500 1855; baseline 0.005 -25"><span class='ocrx_word' id='word_1_236' title='bbox 216 1793 339 1846; x_wconf 82' lang='lat' dir='ltr'><strong>qu.c</strong></span> <span class='ocrx_word' id='word_1_237' title='bbox 379 1778 562 1831; x_wconf 65' lang='lat' dir='ltr'><strong>verbis</strong></span> <span class='ocrx_word' id='word_1_238' title='bbox 607 1779 1022 1851; x_wconf 72' lang='lat' dir='ltr'><strong>prteconialibus</strong></span> <span class='ocrx_word' id='word_1_239' title='bbox 1068 1780 1384 1849; x_wconf 68' lang='lat' dir='ltr'><strong>explicatur.</strong></span> <span class='ocrx_word' id='word_1_240' title='bbox 1439 1777 1719 1850; x_wconf 82' lang='lat' dir='ltr'><strong>Sequitur,</strong></span> <span class='ocrx_word' id='word_1_241' title='bbox 1765 1791 1811 1836; x_wconf 81' lang='lat' dir='ltr'><strong>et</strong></span> <span class='ocrx_word' id='word_1_242' title='bbox 1845 1796 1890 1855; x_wconf 82' lang='grc' dir='ltr'><strong>Β</strong></span> <span class='ocrx_word' id='word_1_243' title='bbox 1919 1782 2275 1848; x_wconf 79' lang='lat' dir='ltr'><strong>Multiplicabo</strong></span> <span class='ocrx_word' id='word_1_244' title='bbox 2314 1800 2479 1837; x_wconf 88' lang='lat' dir='ltr'><strong>semen</strong></span> <span class='ocrx_word' id='word_1_245' title='bbox 2500 1793 2644 1850; x_wconf 78' lang='lat' dir='ltr'><strong>tuum</strong></span> <span class='ocrx_word' id='word_1_246' title='bbox 2664 1786 2988 1842; x_wconf 78' lang='lat' dir='ltr'><strong>sicutsteltas</strong></span> <span class='ocrx_word' id='word_1_247' title='bbox 3015 1789 3126 1841; x_wconf 73' lang='lat' dir='ltr'><strong>caeli</strong></span> <span class='ocrx_word' id='word_1_248' title='bbox 3155 1800 3198 1842; x_wconf 90' lang='lat' dir='ltr'><strong>et</strong></span> <span class='ocrx_word' id='word_1_249' title='bbox 3227 1792 3358 1844; x_wconf 88' lang='lat' dir='ltr'><strong>sicut</strong></span> <span class='ocrx_word' id='word_1_250' title='bbox 3385 1809 3500 1845; x_wconf 91' lang='lat' dir='ltr'><strong>are-</strong></span> 
     </span>
    </p>
   </div>
   <div class='ocr_carea' id='block_1_34' title="bbox 215 1869 1810 1944">
    <p class='ocr_par' dir='ltr' id='par_1_34' title="bbox 215 1869 1810 1944">
     <span class='ocr_line' id='line_1_34' title="bbox 215 1869 1810 1944; baseline 0.004 -25"><span class='ocrx_word' id='word_1_251' title='bbox 215 1869 426 1939; x_wconf 71' lang='lat' dir='ltr'><strong>justit.’a</strong></span> <span class='ocrx_word' id='word_1_252' title='bbox 475 1872 587 1940; x_wconf 76' lang='lat' dir='ltr'><strong>ejus</strong></span> <span class='ocrx_word' id='word_1_253' title='bbox 620 1879 784 1922; x_wconf 77' lang='lat' dir='ltr'><strong>manet</strong></span> <span class='ocrx_word' id='word_1_254' title='bbox 814 1871 864 1922; x_wconf 85' lang='lat' dir='ltr'><strong>in</strong></span> <span class='ocrx_word' id='word_1_255' title='bbox 898 1869 1141 1924; x_wconf 68' lang='lat' dir='ltr'><strong>saeculum</strong></span> <span class='ocrx_word' id='word_1_256' title='bbox 1189 1873 1381 1924; x_wconf 67' lang='lat' dir='ltr'><strong>saaculi.</strong></span> <span class='ocrx_word' id='word_1_257' title='bbox 1436 1871 1529 1926; x_wconf 87' lang='lat' dir='ltr'><strong>llic</strong></span> <span class='ocrx_word' id='word_1_258' title='bbox 1551 1874 1810 1944; x_wconf 80' lang='lat' dir='ltr'><strong>justitiam</strong></span> 
     </span>
    </p>
   </div>
   <div class='ocr_carea' id='block_1_35' title="bbox 218 1959 1810 2031">
    <p class='ocr_par' dir='ltr' id='par_1_35' title="bbox 218 1959 1810 2031">
     <span class='ocr_line' id='line_1_35' title="bbox 218 1959 1810 2031; baseline 0.004 -19"><span class='ocrx_word' id='word_1_259' title='bbox 218 1959 461 2022; x_wconf 86' lang='lat' dir='ltr'><strong>Domini,</strong></span> <span class='ocrx_word' id='word_1_260' title='bbox 493 1959 811 2014; x_wconf 80' lang='lat' dir='ltr'><strong>senten&#39;iam</strong></span> <span class='ocrx_word' id='word_1_261' title='bbox 840 1959 1200 2031; x_wconf 83' lang='lat' dir='ltr'><strong>futurijudicii</strong></span> <span class='ocrx_word' id='word_1_262' title='bbox 1226 1962 1483 2015; x_wconf 83' lang='lat' dir='ltr'><strong>debemus</strong></span> <span class='ocrx_word' id='word_1_263' title='bbox 1511 1964 1810 2028; x_wconf 86' lang='lat' dir='ltr'><strong>advertere,</strong></span> 
     </span>
    </p>
   </div>
   <div class='ocr_carea' id='block_1_36' title="bbox 214 2051 1813 2126">
    <p class='ocr_par' dir='ltr' id='par_1_36' title="bbox 214 2051 1813 2126">
     <span class='ocr_line' id='line_1_36' title="bbox 214 2051 1813 2126; baseline 0.006 -25"><span class='ocrx_word' id='word_1_264' title='bbox 214 2066 338 2116; x_wconf 65' lang='lat' dir='ltr'><strong>qum</strong></span> <span class='ocrx_word' id='word_1_265' title='bbox 372 2051 594 2105; x_wconf 91' lang='lat' dir='ltr'><strong>omnino</strong></span> <span class='ocrx_word' id='word_1_266' title='bbox 623 2063 874 2121; x_wconf 81' lang='lat' dir='ltr'><strong>perpetua</strong></span> <span class='ocrx_word' id='word_1_267' title='bbox 903 2065 1006 2107; x_wconf 78' lang='grc' dir='ltr'>εει.</span> <span class='ocrx_word' id='word_1_268' title='bbox 1039 2053 1253 2106; x_wconf 80' lang='lat' dir='ltr'><strong>.lustitia</strong></span> <span class='ocrx_word' id='word_1_269' title='bbox 1280 2054 1474 2124; x_wconf 83' lang='lat' dir='ltr'><strong>quippe</strong></span> <span class='ocrx_word' id='word_1_270' title='bbox 1504 2057 1614 2126; x_wconf 83' lang='lat' dir='ltr'><strong>ejus</strong></span> <span class='ocrx_word' id='word_1_271' title='bbox 1644 2067 1813 2110; x_wconf 87' lang='lat' dir='ltr'><strong>manet</strong></span> 
     </span>
    </p>
   </div>
   <div class='ocr_carea' id='block_1_37' title="bbox 213 2144 1814 2213">
    <p class='ocr_par' dir='ltr' id='par_1_37' title="bbox 213 2144 1814 2213">
     <span class='ocr_line' id='line_1_37' title="bbox 213 2144 1814 2213; baseline 0.003 -17"><span class='ocrx_word' id='word_1_272' title='bbox 213 2144 265 2198; x_wconf 86' lang='lat' dir='ltr'><strong>in</strong></span> <span class='ocrx_word' id='word_1_273' title='bbox 305 2145 562 2197; x_wconf 65' lang='lat' dir='ltr'><strong>saeculum</strong></span> <span class='ocrx_word' id='word_1_274' title='bbox 587 2144 780 2206; x_wconf 77' lang='lat' dir='ltr'><strong>steculi,</strong></span> <span class='ocrx_word' id='word_1_275' title='bbox 818 2159 938 2198; x_wconf 85' lang='lat' dir='ltr'><strong>cum</strong></span> <span class='ocrx_word' id='word_1_276' title='bbox 971 2145 1342 2213; x_wconf 87' lang='lat' dir='ltr'><strong>peccatoribus</strong></span> <span class='ocrx_word' id='word_1_277' title='bbox 1371 2145 1566 2199; x_wconf 79' lang='lat' dir='ltr'><strong>dixerit</strong></span> <span class='ocrx_word' id='word_1_278' title='bbox 1600 2163 1612 2200; x_wconf 90' lang='lat'><strong>:</strong></span> <span class='ocrx_word' id='word_1_279' title='bbox 1651 2148 1728 2201; x_wconf 87' lang='lat' dir='ltr'><strong>Ite</strong></span> <span class='ocrx_word' id='word_1_280' title='bbox 1761 2148 1814 2201; x_wconf 87' lang='lat' dir='ltr'><strong>in</strong></span> 
     </span>
    </p>
   </div>
   <div class='ocr_carea' id='block_1_38' title="bbox 211 2237 1816 2310">
    <p class='ocr_par' dir='ltr' id='par_1_38' title="bbox 211 2237 1816 2310">
     <span class='ocr_line' id='line_1_38' title="bbox 211 2237 1816 2310; baseline 0.001 -19"><span class='ocrx_word' id='word_1_281' title='bbox 211 2238 394 2307; x_wconf 81' lang='lat' dir='ltr'><strong>ignem</strong></span> <span class='ocrx_word' id='word_1_282' title='bbox 420 2247 686 2299; x_wconf 64' lang='lat' dir='ltr'><strong>internum,</strong></span> <span class='ocrx_word' id='word_1_283' title='bbox 712 2238 798 2305; x_wconf 85' lang='lat' dir='ltr'><strong>qui</strong></span> <span class='ocrx_word' id='word_1_284' title='bbox 838 2247 1048 2304; x_wconf 87' lang='lat' dir='ltr'><strong>paratus</strong></span> <span class='ocrx_word' id='word_1_285' title='bbox 1076 2247 1150 2292; x_wconf 66' lang='lat' dir='ltr'><strong>est</strong></span> <span class='ocrx_word' id='word_1_286' title='bbox 1171 2237 1375 2291; x_wconf 81' lang='lat' dir='ltr'><strong>diabolo</strong></span> <span class='ocrx_word' id='word_1_287' title='bbox 1405 2248 1450 2292; x_wconf 86' lang='lat' dir='ltr'><strong>et</strong></span> <span class='ocrx_word' id='word_1_288' title='bbox 1481 2239 1679 2309; x_wconf 85' lang='lat' dir='ltr'><strong>angelis</strong></span> <span class='ocrx_word' id='word_1_289' title='bbox 1706 2243 1816 2310; x_wconf 70' lang='lat' dir='ltr'><strong>ejus</strong></span> 
     </span>
    </p>
   </div>
   <div class='ocr_carea' id='block_1_39' title="bbox 211 2324 1812 2399">
    <p class='ocr_par' dir='ltr' id='par_1_39' title="bbox 211 2324 1812 2399">
     <span class='ocr_line' id='line_1_39' title="bbox 211 2324 1812 2399; baseline 0.002 -20"><span class='ocrx_word' id='word_1_290' title='bbox 211 2324 443 2395; x_wconf 70' lang='lat' dir='ltr'><strong>(Hatrlt.</strong></span> <span class='ocrx_word' id='word_1_291' title='bbox 482 2343 608 2388; x_wconf 79' lang='lat' dir='ltr'><strong>xxv,</strong></span> <span class='ocrx_word' id='word_1_292' title='bbox 641 2325 757 2396; x_wconf 73' lang='grc'>41).</span> <span class='ocrx_word' id='word_1_293' title='bbox 792 2325 1098 2394; x_wconf 83' lang='lat' dir='ltr'><strong>lterumque</strong></span> <span class='ocrx_word' id='word_1_294' title='bbox 1137 2328 1344 2397; x_wconf 87' lang='lat' dir='ltr'><strong>justitia</strong></span> <span class='ocrx_word' id='word_1_295' title='bbox 1388 2330 1497 2399; x_wconf 84' lang='lat' dir='ltr'><strong>ejus</strong></span> <span class='ocrx_word' id='word_1_296' title='bbox 1544 2341 1715 2381; x_wconf 87' lang='lat' dir='ltr'><strong>manet</strong></span> <span class='ocrx_word' id='word_1_297' title='bbox 1758 2329 1812 2382; x_wconf 88' lang='lat' dir='ltr'><strong>in</strong></span> 
     </span>
    </p>
   </div>
   <div class='ocr_carea' id='block_1_40' title="bbox 210 2416 1808 2488">
    <p class='ocr_par' dir='ltr' id='par_1_40' title="bbox 210 2416 1808 2488">
     <span class='ocr_line' id='line_1_40' title="bbox 210 2416 1808 2488; baseline 0.003 -16"><span class='ocrx_word' id='word_1_298' title='bbox 210 2416 469 2472; x_wconf 68' lang='lat' dir='ltr'><strong>secutum</strong></span> <span class='ocrx_word' id='word_1_299' title='bbox 506 2417 698 2478; x_wconf 65' lang='lat' dir='ltr'><strong>siccati,</strong></span> <span class='ocrx_word' id='word_1_300' title='bbox 734 2417 948 2488; x_wconf 85' lang='lat' dir='ltr'><strong>quando</strong></span> <span class='ocrx_word' id='word_1_301' title='bbox 977 2417 1160 2472; x_wconf 89' lang='lat' dir='ltr'><strong>fideles</strong></span> <span class='ocrx_word' id='word_1_302' title='bbox 1191 2417 1551 2486; x_wconf 83' lang='lat' dir='ltr'><strong>advocaverit,</strong></span> <span class='ocrx_word' id='word_1_303' title='bbox 1579 2421 1765 2476; x_wconf 87' lang='lat' dir='ltr'><strong>dicens</strong></span> <span class='ocrx_word' id='word_1_304' title='bbox 1794 2439 1808 2478; x_wconf 93' lang='lat'>:</span> 
     </span>
    </p>
   </div>
   <div class='ocr_carea' id='block_1_41' title="bbox 221 2507 1813 2583">
    <p class='ocr_par' dir='ltr' id='par_1_41' title="bbox 221 2507 1813 2583">
     <span class='ocr_line' id='line_1_41' title="bbox 221 2507 1813 2583; baseline 0.003 -22"><span class='ocrx_word' id='word_1_305' title='bbox 221 2507 434 2574; x_wconf 78' lang='lat' dir='ltr'><strong>Venite,</strong></span> <span class='ocrx_word' id='word_1_306' title='bbox 488 2510 734 2564; x_wconf 82' lang='lat' dir='ltr'><strong>benedicti</strong></span> <span class='ocrx_word' id='word_1_307' title='bbox 781 2507 955 2562; x_wconf 85' lang='lat' dir='ltr'><strong>Patris</strong></span> <span class='ocrx_word' id='word_1_308' title='bbox 990 2510 1106 2576; x_wconf 87' lang='lat' dir='ltr'><strong>mei,</strong></span> <span class='ocrx_word' id='word_1_309' title='bbox 1139 2510 1384 2579; x_wconf 82' lang='lat' dir='ltr'><strong>percipite</strong></span> <span class='ocrx_word' id='word_1_310' title='bbox 1432 2527 1647 2583; x_wconf 83' lang='lat' dir='ltr'><strong>regnum</strong></span> <span class='ocrx_word' id='word_1_311' title='bbox 1676 2513 1813 2578; x_wconf 89' lang='lat' dir='ltr'><strong>quod</strong></span> 
     </span>
    </p>
   </div>
   <div class='ocr_carea' id='block_1_42' title="bbox 212 2595 1814 2674">
    <p class='ocr_par' dir='ltr' id='par_1_42' title="bbox 212 2595 1814 2674">
     <span class='ocr_line' id='line_1_42' title="bbox 212 2595 1814 2674; baseline 0.003 -19"><span class='ocrx_word' id='word_1_312' title='bbox 212 2602 363 2656; x_wconf 75' lang='lat' dir='ltr'><strong>vobis</strong></span> <span class='ocrx_word' id='word_1_313' title='bbox 412 2614 652 2673; x_wconf 88' lang='lat' dir='ltr'><strong>paratum</strong></span> <span class='ocrx_word' id='word_1_314' title='bbox 693 2612 766 2657; x_wconf 87' lang='lat' dir='ltr'><strong>est</strong></span> <span class='ocrx_word' id='word_1_315' title='bbox 802 2602 864 2655; x_wconf 88' lang='lat' dir='ltr'><strong>ab</strong></span> <span class='ocrx_word' id='word_1_316' title='bbox 895 2603 1038 2655; x_wconf 87' lang='lat' dir='ltr'><strong>initio</strong></span> <span class='ocrx_word' id='word_1_317' title='bbox 1070 2595 1246 2656; x_wconf 81' lang='lat' dir='ltr'><strong>mundi</strong></span> <span class='ocrx_word' id='word_1_318' title='bbox 1279 2601 1524 2674; x_wconf 82' lang='lat' dir='ltr'><strong>(Ibidem,</strong></span> <span class='ocrx_word' id='word_1_319' title='bbox 1558 2603 1674 2674; x_wconf 72' lang='grc'>54).</span> <span class='ocrx_word' id='word_1_320' title='bbox 1721 2597 1814 2660; x_wconf 87' lang='lat' dir='ltr'><strong>Sic</strong></span> 
     </span>
    </p>
   </div>
   <div class='ocr_carea' id='block_1_43' title="bbox 210 2696 1810 2774">
    <p class='ocr_par' dir='ltr' id='par_1_43' title="bbox 210 2696 1810 2774">
     <span class='ocr_line' id='line_1_43' title="bbox 210 2696 1810 2774; baseline 0.001 -24"><span class='ocrx_word' id='word_1_321' title='bbox 210 2696 264 2751; x_wconf 88' lang='lat' dir='ltr'><strong>in</strong></span> <span class='ocrx_word' id='word_1_322' title='bbox 297 2705 535 2765; x_wconf 88' lang='lat' dir='ltr'><strong>utraque</strong></span> <span class='ocrx_word' id='word_1_323' title='bbox 565 2697 956 2774; x_wconf 29' lang='lat' dir='ltr'><strong>parte‘justitia</strong></span> <span class='ocrx_word' id='word_1_324' title='bbox 989 2697 1194 2751; x_wconf 91' lang='lat' dir='ltr'><strong>Domini</strong></span> <span class='ocrx_word' id='word_1_325' title='bbox 1237 2706 1490 2767; x_wconf 89' lang='lat' dir='ltr'><strong>perpetua</strong></span> <span class='ocrx_word' id='word_1_326' title='bbox 1523 2712 1570 2753; x_wconf 75' lang='lat' dir='ltr'><strong>et</strong></span> <span class='ocrx_word' id='word_1_327' title='bbox 1605 2699 1810 2774; x_wconf 84' lang='lat' dir='ltr'><strong>in‘cout-</strong></span> 
     </span>
    </p>
   </div>
   <div class='ocr_carea' id='block_1_44' title="bbox 210 2787 860 2857">
    <p class='ocr_par' dir='ltr' id='par_1_44' title="bbox 210 2787 860 2857">
     <span class='ocr_line' id='line_1_44' title="bbox 210 2787 860 2857; baseline 0 -15"><span class='ocrx_word' id='word_1_328' title='bbox 210 2787 500 2842; x_wconf 77' lang='lat' dir='ltr'><strong>mutabilis</strong></span> <span class='ocrx_word' id='word_1_329' title='bbox 534 2798 860 2857; x_wconf 83' lang='lat' dir='ltr'><strong>perseverat.</strong></span> 
     </span>
    </p>
   </div>
   <div class='ocr_carea' id='block_1_45' title="bbox 284 2881 1812 2954">
    <p class='ocr_par' dir='ltr' id='par_1_45' title="bbox 284 2881 1812 2954">
     <span class='ocr_line' id='line_1_45' title="bbox 284 2881 1812 2954; baseline -0.001 -16"><span class='ocrx_word' id='word_1_330' title='bbox 284 2883 454 2938; x_wconf 73' lang='lat' dir='ltr'><strong>Vers.</strong></span> <span class='ocrx_word' id='word_1_331' title='bbox 487 2881 540 2934; x_wconf 68' lang='grc'><strong>4.</strong></span> <span class='ocrx_word' id='word_1_332' title='bbox 574 2881 730 2949; x_wconf 66' lang='grc' dir='ltr'><strong>ΖΜΝ,</strong></span> <span class='ocrx_word' id='word_1_333' title='bbox 782 2883 956 2939; x_wconf 68' lang='lat' dir='ltr'><strong>ﬂatu.</strong></span> <span class='ocrx_word' id='word_1_334' title='bbox 1000 2881 1220 2937; x_wconf 82' lang='lat' dir='ltr'><strong>Memori</strong></span> <span class='ocrx_word' id='word_1_335' title='bbox 1255 2900 1304 2936; x_wconf 88' lang='lat' dir='ltr'><strong>m</strong></span> <span class='ocrx_word' id='word_1_336' title='bbox 1346 2884 1462 2954; x_wconf 79' lang='lat' dir='ltr'><strong>fecit</strong></span> <span class='ocrx_word' id='word_1_337' title='bbox 1501 2883 1812 2937; x_wconf 87' lang='lat' dir='ltr'><strong>mirabilittm</strong></span> 
     </span>
    </p>
   </div>
   <div class='ocr_carea' id='block_1_46' title="bbox 210 2971 1810 3028">
    <p class='ocr_par' dir='ltr' id='par_1_46' title="bbox 210 2971 1810 3028">
     <span class='ocr_line' id='line_1_46' title="bbox 210 2971 1810 3028; baseline 0.001 -2"><span class='ocrx_word' id='word_1_338' title='bbox 210 2989 437 3026; x_wconf 81' lang='lat' dir='ltr'><strong>suorum</strong></span> <span class='ocrx_word' id='word_1_339' title='bbox 461 2972 744 3026; x_wconf 82' lang='lat' dir='ltr'><strong>misericors</strong></span> <span class='ocrx_word' id='word_1_340' title='bbox 767 2982 813 3026; x_wconf 91' lang='lat' dir='ltr'><strong>et</strong></span> <span class='ocrx_word' id='word_1_341' title='bbox 834 2974 1100 3026; x_wconf 85' lang='lat' dir='ltr'><strong>miserator</strong></span> <span class='ocrx_word' id='word_1_342' title='bbox 1119 2971 1392 3026; x_wconf 76' lang='lat' dir='ltr'><strong>Dominus.</strong></span> <span class='ocrx_word' id='word_1_343' title='bbox 1416 2973 1495 3026; x_wconf 88' lang='lat' dir='ltr'><strong>Ad</strong></span> <span class='ocrx_word' id='word_1_344' title='bbox 1517 2974 1810 3028; x_wconf 86' lang='lat' dir='ltr'><strong>secundum</strong></span> 
     </span>
    </p>
   </div>
   <div class='ocr_carea' id='block_1_47' title="bbox 210 3061 1813 3132">
    <p class='ocr_par' dir='ltr' id='par_1_47' title="bbox 210 3061 1813 3132">
     <span class='ocr_line' id='line_1_47' title="bbox 210 3061 1813 3132; baseline 0.002 -18"><span class='ocrx_word' id='word_1_345' title='bbox 210 3063 372 3118; x_wconf 82' lang='lat' dir='ltr'><strong>venit</strong></span> <span class='ocrx_word' id='word_1_346' title='bbox 417 3063 742 3132; x_wconf 79' lang='lat' dir='ltr'><strong>ingressum,</strong></span> <span class='ocrx_word' id='word_1_347' title='bbox 783 3062 873 3116; x_wconf 93' lang='lat' dir='ltr'><strong>ubi</strong></span> <span class='ocrx_word' id='word_1_348' title='bbox 905 3061 1141 3116; x_wconf 86' lang='lat' dir='ltr'><strong>ostendit</strong></span> <span class='ocrx_word' id='word_1_349' title='bbox 1167 3076 1287 3116; x_wconf 88' lang='lat' dir='ltr'><strong>esca</strong></span> <span class='ocrx_word' id='word_1_350' title='bbox 1319 3063 1522 3117; x_wconf 83' lang='lat' dir='ltr'><strong>caelesti</strong></span> <span class='ocrx_word' id='word_1_351' title='bbox 1569 3063 1813 3118; x_wconf 90' lang='lat' dir='ltr'><strong>fidelissi-</strong></span> 
     </span>
    </p>
   </div>
   <div class='ocr_carea' id='block_1_48' title="bbox 1916 1876 3500 1950">
    <p class='ocr_par' dir='ltr' id='par_1_48' title="bbox 1916 1876 3500 1950">
     <span class='ocr_line' id='line_1_48' title="bbox 1916 1876 3500 1950; baseline 0.008 -24"><span class='ocrx_word' id='word_1_352' title='bbox 1916 1891 2033 1926; x_wconf 87' lang='lat' dir='ltr'><strong>nam</strong></span> <span class='ocrx_word' id='word_1_353' title='bbox 2057 1891 2176 1944; x_wconf 63' lang='lat' dir='ltr'><strong>qua:</strong></span> <span class='ocrx_word' id='word_1_354' title='bbox 2200 1884 2272 1929; x_wconf 82' lang='lat' dir='ltr'><strong>est</strong></span> <span class='ocrx_word' id='word_1_355' title='bbox 2309 1877 2547 1928; x_wconf 71' lang='lat' dir='ltr'><strong>adorant</strong></span> <span class='ocrx_word' id='word_1_356' title='bbox 2576 1876 2910 1948; x_wconf 74' lang='lat' dir='ltr'><strong>maris.(Gen.</strong></span> <span class='ocrx_word' id='word_1_357' title='bbox 2949 1894 3078 1942; x_wconf 77' lang='lat' dir='ltr'><strong>xx&quot;,</strong></span> <span class='ocrx_word' id='word_1_358' title='bbox 3113 1881 3222 1948; x_wconf 82' lang='lat' dir='ltr'><strong>l7).</strong></span> <span class='ocrx_word' id='word_1_359' title='bbox 3274 1883 3500 1950; x_wconf 81' lang='lat' dir='ltr'><strong>Aperuit</strong></span> 
     </span>
    </p>
   </div>
   <div class='ocr_carea' id='block_1_49' title="bbox 1914 1967 3497 2039">
    <p class='ocr_par' dir='ltr' id='par_1_49' title="bbox 1914 1967 3497 2039">
     <span class='ocr_line' id='line_1_49' title="bbox 1914 1967 3497 2039; baseline 0.004 -17"><span class='ocrx_word' id='word_1_360' title='bbox 1914 1967 2056 2022; x_wconf 85' lang='lat' dir='ltr'><strong>enim</strong></span> <span class='ocrx_word' id='word_1_361' title='bbox 2088 1981 2300 2020; x_wconf 83' lang='lat' dir='ltr'><strong>causam</strong></span> <span class='ocrx_word' id='word_1_362' title='bbox 2333 1984 2498 2036; x_wconf 87' lang='lat' dir='ltr'><strong>quare</strong></span> <span class='ocrx_word' id='word_1_363' title='bbox 2545 1970 2776 2024; x_wconf 82' lang='lat' dir='ltr'><strong>virtutem</strong></span> <span class='ocrx_word' id='word_1_364' title='bbox 2805 1987 3014 2039; x_wconf 75' lang='lat' dir='ltr'><strong>operum</strong></span> <span class='ocrx_word' id='word_1_365' title='bbox 3045 1986 3260 2027; x_wconf 87' lang='lat' dir='ltr'><strong>suorum</strong></span> <span class='ocrx_word' id='word_1_366' title='bbox 3289 1991 3497 2029; x_wconf 87' lang='lat' dir='ltr'><strong>annun-</strong></span> 
     </span>
    </p>
   </div>
   <div class='ocr_carea' id='block_1_50' title="bbox 1914 2058 3498 2127">
    <p class='ocr_par' dir='ltr' id='par_1_50' title="bbox 1914 2058 3498 2127">
     <span class='ocr_line' id='line_1_50' title="bbox 1914 2058 3498 2127; baseline 0.006 -17"><span class='ocrx_word' id='word_1_367' title='bbox 1914 2059 2060 2112; x_wconf 89' lang='lat' dir='ltr'><strong>tiabit</strong></span> <span class='ocrx_word' id='word_1_368' title='bbox 2107 2058 2296 2127; x_wconf 83' lang='lat' dir='ltr'><strong>populo</strong></span> <span class='ocrx_word' id='word_1_369' title='bbox 2338 2077 2468 2124; x_wconf 82' lang='lat' dir='ltr'><strong>suo;</strong></span> <span class='ocrx_word' id='word_1_370' title='bbox 2516 2061 2721 2116; x_wconf 77' lang='lat' dir='ltr'><strong>scilicet</strong></span> <span class='ocrx_word' id='word_1_371' title='bbox 2749 2070 2809 2116; x_wconf 91' lang='lat' dir='ltr'><strong>ut</strong></span> <span class='ocrx_word' id='word_1_372' title='bbox 2860 2065 3003 2116; x_wconf 90' lang='lat' dir='ltr'><strong>daret</strong></span> <span class='ocrx_word' id='word_1_373' title='bbox 3047 2065 3120 2116; x_wconf 82' lang='lat' dir='ltr'><strong>eis</strong></span> <span class='ocrx_word' id='word_1_374' title='bbox 3149 2065 3498 2120; x_wconf 65' lang='lat' dir='ltr'><strong>hrcreditatem</strong></span> 
     </span>
    </p>
   </div>
   <div class='ocr_carea' id='block_1_51' title="bbox 1915 2150 3498 2222">
    <p class='ocr_par' dir='ltr' id='par_1_51' title="bbox 1915 2150 3498 2222">
     <span class='ocr_line' id='line_1_51' title="bbox 1915 2150 3498 2222; baseline 0.004 -18"><span class='ocrx_word' id='word_1_375' title='bbox 1915 2151 2154 2222; x_wconf 82' lang='lat' dir='ltr'><strong>gentium.</strong></span> <span class='ocrx_word' id='word_1_376' title='bbox 2190 2150 2300 2220; x_wconf 82' lang='lat' dir='ltr'><strong>IpSu</strong></span> <span class='ocrx_word' id='word_1_377' title='bbox 2333 2151 2476 2206; x_wconf 87' lang='lat' dir='ltr'><strong>enim</strong></span> <span class='ocrx_word' id='word_1_378' title='bbox 2507 2152 2855 2206; x_wconf 87' lang='lat' dir='ltr'><strong>intentiofuit</strong></span> <span class='ocrx_word' id='word_1_379' title='bbox 2886 2154 3262 2208; x_wconf 85' lang='lat' dir='ltr'><strong>miraculorum</strong></span> <span class='ocrx_word' id='word_1_380' title='bbox 3293 2165 3348 2208; x_wconf 90' lang='lat' dir='ltr'><strong>nt</strong></span> <span class='ocrx_word' id='word_1_381' title='bbox 3373 2171 3498 2210; x_wconf 87' lang='lat' dir='ltr'><strong>cre—</strong></span> 
     </span>
    </p>
   </div>
   <div class='ocr_carea' id='block_1_52' title="bbox 1915 2240 3496 2312">
    <p class='ocr_par' dir='ltr' id='par_1_52' title="bbox 1915 2240 3496 2312">
     <span class='ocr_line' id='line_1_52' title="bbox 1915 2240 3496 2312; baseline 0.004 -16"><span class='ocrx_word' id='word_1_382' title='bbox 1915 2240 2125 2306; x_wconf 73' lang='lat' dir='ltr'><strong>derent,</strong></span> <span class='ocrx_word' id='word_1_383' title='bbox 2145 2251 2200 2296; x_wconf 91' lang='lat' dir='ltr'><strong>et</strong></span> <span class='ocrx_word' id='word_1_384' title='bbox 2223 2244 2437 2309; x_wconf 57' lang='lat' dir='ltr'><strong>praemia</strong></span> <span class='ocrx_word' id='word_1_385' title='bbox 2459 2244 2842 2312; x_wconf 85' lang='lat' dir='ltr'><strong>compromissa</strong></span> <span class='ocrx_word' id='word_1_386' title='bbox 2863 2244 3144 2300; x_wconf 56' lang='lat' dir='ltr'><strong>credentes</strong></span> <span class='ocrx_word' id='word_1_387' title='bbox 3169 2248 3296 2312; x_wconf 65' lang='lat' dir='ltr'><strong>:tcci;</strong></span> <span class='ocrx_word' id='word_1_388' title='bbox 3317 2256 3496 2302; x_wconf 89' lang='lat' dir='ltr'><strong>ereut.</strong></span> 
     </span>
    </p>
   </div>
   <div class='ocr_carea' id='block_1_53' title="bbox 1991 2333 3499 2407">
    <p class='ocr_par' dir='ltr' id='par_1_53' title="bbox 1991 2333 3499 2407">
     <span class='ocr_line' id='line_1_53' title="bbox 1991 2333 3499 2407; baseline 0.003 -19"><span class='ocrx_word' id='word_1_389' title='bbox 1991 2333 2145 2389; x_wconf 81' lang='lat' dir='ltr'><strong>Vers.</strong></span> <span class='ocrx_word' id='word_1_390' title='bbox 2177 2336 2229 2388; x_wconf 87' lang='lat'><strong>7.</strong></span> <span class='ocrx_word' id='word_1_391' title='bbox 2265 2335 2409 2397; x_wconf 70' lang='lat' dir='ltr'><strong>Matt,</strong></span> <span class='ocrx_word' id='word_1_392' title='bbox 2458 2334 2588 2390; x_wconf 64' lang='lat' dir='ltr'><strong>Non.</strong></span> <span class='ocrx_word' id='word_1_393' title='bbox 2627 2335 3200 2407; x_wconf 77' lang='lat' dir='ltr'><strong>Opera-manuum.ejus</strong></span> <span class='ocrx_word' id='word_1_394' title='bbox 3240 2340 3421 2392; x_wconf 84' lang='lat' dir='ltr'><strong>veritas</strong></span> <span class='ocrx_word' id='word_1_395' title='bbox 3448 2349 3499 2392; x_wconf 74' lang='lat' dir='ltr'><strong>et</strong></span> 
     </span>
    </p>
   </div>
   <div class='ocr_carea' id='block_1_54' title="bbox 1905 2424 3503 2498">
    <p class='ocr_par' dir='ltr' id='par_1_54' title="bbox 1905 2424 3503 2498">
     <span class='ocr_line' id='line_1_54' title="bbox 1905 2424 3503 2498; baseline 0.004 -21"><span class='ocrx_word' id='word_1_396' title='bbox 1905 2424 2162 2494; x_wconf 83' lang='lat' dir='ltr'><strong>judicium</strong></span> <span class='ocrx_word' id='word_1_397' title='bbox 2193 2440 2210 2477; x_wconf 91' lang='lat'><strong><em>:</em></strong></span> <span class='ocrx_word' id='word_1_398' title='bbox 2243 2425 2417 2491; x_wconf 81' lang='lat' dir='ltr'><strong>ﬁdelia</strong></span> <span class='ocrx_word' id='word_1_399' title='bbox 2452 2426 2624 2479; x_wconf 85' lang='lat' dir='ltr'><strong>omnia</strong></span> <span class='ocrx_word' id='word_1_400' title='bbox 2655 2427 2896 2480; x_wconf 87' lang='lat' dir='ltr'><strong>mandata</strong></span> <span class='ocrx_word' id='word_1_401' title='bbox 2938 2429 3067 2498; x_wconf 86' lang='lat' dir='ltr'><strong>ejus.</strong></span> <span class='ocrx_word' id='word_1_402' title='bbox 3115 2429 3503 2484; x_wconf 81' lang='lat' dir='ltr'><strong>Pulclterritnis-</strong></span> 
     </span>
    </p>
   </div>
   <div class='ocr_carea' id='block_1_55' title="bbox 1915 2507 3496 2586">
    <p class='ocr_par' dir='ltr' id='par_1_55' title="bbox 1915 2507 3496 2586">
     <span class='ocr_line' id='line_1_55' title="bbox 1915 2507 3496 2586; baseline 0.003 -17"><span class='ocrx_word' id='word_1_403' title='bbox 1915 2507 2182 2583; x_wconf 84' lang='lat' dir='ltr'><strong>variisque</strong></span> <span class='ocrx_word' id='word_1_404' title='bbox 2211 2515 2493 2570; x_wconf 74' lang='lat' dir='ltr'><strong>sententiis</strong></span> <span class='ocrx_word' id='word_1_405' title='bbox 2523 2517 2574 2570; x_wconf 91' lang='lat' dir='ltr'><strong>in</strong></span> <span class='ocrx_word' id='word_1_406' title='bbox 2607 2517 2708 2572; x_wconf 91' lang='lat' dir='ltr'><strong>ltoc</strong></span> <span class='ocrx_word' id='word_1_407' title='bbox 2741 2527 2797 2572; x_wconf 85' lang='lat' dir='ltr'><strong>et</strong></span> <span class='ocrx_word' id='word_1_408' title='bbox 2824 2520 3068 2586; x_wconf 84' lang='lat' dir='ltr'><strong>sequenti</strong></span> <span class='ocrx_word' id='word_1_409' title='bbox 3121 2536 3275 2574; x_wconf 68' lang='lat' dir='ltr'><strong>vui-su</strong></span> <span class='ocrx_word' id='word_1_410' title='bbox 3310 2520 3496 2576; x_wconf 85' lang='lat' dir='ltr'><strong>laudes</strong></span> 
     </span>
    </p>
   </div>
   <div class='ocr_carea' id='block_1_56' title="bbox 1920 2606 3502 2678">
    <p class='ocr_par' dir='ltr' id='par_1_56' title="bbox 1920 2606 3502 2678">
     <span class='ocr_line' id='line_1_56' title="bbox 1920 2606 3502 2678; baseline 0.004 -18"><span class='ocrx_word' id='word_1_411' title='bbox 1920 2607 2126 2661; x_wconf 88' lang='lat' dir='ltr'><strong>Domini</strong></span> <span class='ocrx_word' id='word_1_412' title='bbox 2154 2606 2550 2674; x_wconf 87' lang='lat' dir='ltr'><strong>describuntur.</strong></span> <span class='ocrx_word' id='word_1_413' title='bbox 2576 2607 2704 2671; x_wconf 69' lang='lat' dir='ltr'><strong>Quae</strong></span> <span class='ocrx_word' id='word_1_414' title='bbox 2728 2607 3041 2663; x_wconf 88' lang='lat' dir='ltr'><strong>duodecima</strong></span> <span class='ocrx_word' id='word_1_415' title='bbox 3063 2623 3140 2663; x_wconf 72' lang='lat' dir='ltr'><strong>es:</strong></span> <span class='ocrx_word' id='word_1_416' title='bbox 3170 2613 3382 2678; x_wconf 79' lang='lat' dir='ltr'><strong>Species</strong></span> <span class='ocrx_word' id='word_1_417' title='bbox 3405 2611 3502 2666; x_wconf 88' lang='lat' dir='ltr'><strong>dc-</strong></span> 
     </span>
    </p>
   </div>
   <div class='ocr_carea' id='block_1_57' title="bbox 1918 2698 3498 2768">
    <p class='ocr_par' dir='ltr' id='par_1_57' title="bbox 1918 2698 3498 2768">
     <span class='ocr_line' id='line_1_57' title="bbox 1918 2698 3498 2768; baseline 0.003 -17"><span class='ocrx_word' id='word_1_418' title='bbox 1918 2698 2196 2760; x_wconf 83' lang='lat' dir='ltr'><strong>finitionis,</strong></span> <span class='ocrx_word' id='word_1_419' title='bbox 2215 2713 2374 2768; x_wconf 88' lang='lat' dir='ltr'><strong>quam</strong></span> <span class='ocrx_word' id='word_1_420' title='bbox 2397 2698 2568 2753; x_wconf 71' lang='lat' dir='ltr'><strong>Grtrei</strong></span> <span class='ocrx_word' id='word_1_421' title='bbox 2591 2699 2700 2754; x_wconf 79' lang='grc' dir='ltr'><strong>κατ’</strong></span> <span class='ocrx_word' id='word_1_422' title='bbox 2724 2698 2944 2765; x_wconf 74' lang='grc' dir='ltr'><strong>ἔπαινον,</strong></span> <span class='ocrx_word' id='word_1_423' title='bbox 2972 2700 3142 2754; x_wconf 82' lang='lat' dir='ltr'><strong>[.atiui</strong></span> <span class='ocrx_word' id='word_1_424' title='bbox 3169 2717 3262 2768; x_wconf 89' lang='lat' dir='ltr'><strong>per</strong></span> <span class='ocrx_word' id='word_1_425' title='bbox 3287 2703 3498 2758; x_wconf 85' lang='lat' dir='ltr'><strong>laudem</strong></span> 
     </span>
    </p>
   </div>
   <div class='ocr_carea' id='block_1_58' title="bbox 1916 2788 3500 2860">
    <p class='ocr_par' dir='ltr' id='par_1_58' title="bbox 1916 2788 3500 2860">
     <span class='ocr_line' id='line_1_58' title="bbox 1916 2788 3500 2860; baseline 0.001 -18"><span class='ocrx_word' id='word_1_426' title='bbox 1916 2788 2118 2842; x_wconf 81' lang='lat' dir='ltr'><strong>dicunt.</strong></span> <span class='ocrx_word' id='word_1_427' title='bbox 2167 2788 2335 2855; x_wconf 82' lang='lat' dir='ltr'><strong>Opera</strong></span> <span class='ocrx_word' id='word_1_428' title='bbox 2374 2788 2570 2858; x_wconf 88' lang='lat' dir='ltr'><strong>quippe</strong></span> <span class='ocrx_word' id='word_1_429' title='bbox 2600 2789 2813 2844; x_wconf 89' lang='lat' dir='ltr'><strong>virtutis</strong></span> <span class='ocrx_word' id='word_1_430' title='bbox 2843 2790 2958 2858; x_wconf 76' lang='lat' dir='ltr'><strong>ejus</strong></span> <span class='ocrx_word' id='word_1_431' title='bbox 2987 2798 3089 2854; x_wconf 71' lang='lat' dir='ltr'><strong>est,</strong></span> <span class='ocrx_word' id='word_1_432' title='bbox 3125 2793 3338 2860; x_wconf 86' lang='lat' dir='ltr'><strong>quando</strong></span> <span class='ocrx_word' id='word_1_433' title='bbox 3366 2809 3500 2847; x_wconf 88' lang='lat' dir='ltr'><strong>con-</strong></span> 
     </span>
    </p>
   </div>
   <div class='ocr_carea' id='block_1_59' title="bbox 1916 2878 3500 2949">
    <p class='ocr_par' dir='ltr' id='par_1_59' title="bbox 1916 2878 3500 2949">
     <span class='ocr_line' id='line_1_59' title="bbox 1916 2878 3500 2949; baseline 0.003 -17"><span class='ocrx_word' id='word_1_434' title='bbox 1916 2878 2185 2934; x_wconf 85' lang='lat' dir='ltr'><strong>titentibus</strong></span> <span class='ocrx_word' id='word_1_435' title='bbox 2209 2879 2400 2949; x_wconf 87' lang='lat' dir='ltr'><strong>parcit,</strong></span> <span class='ocrx_word' id='word_1_436' title='bbox 2418 2889 2473 2934; x_wconf 89' lang='lat' dir='ltr'><strong>et</strong></span> <span class='ocrx_word' id='word_1_437' title='bbox 2493 2879 2676 2933; x_wconf 83' lang='lat' dir='ltr'><strong>beatos</strong></span> <span class='ocrx_word' id='word_1_438' title='bbox 2698 2893 2763 2933; x_wconf 78' lang='lat' dir='ltr'><strong>ex</strong></span> <span class='ocrx_word' id='word_1_439' title='bbox 2783 2880 2960 2948; x_wconf 90' lang='lat' dir='ltr'><strong>impiis</strong></span> <span class='ocrx_word' id='word_1_440' title='bbox 2984 2880 3126 2944; x_wconf 87' lang='lat' dir='ltr'><strong>facit,</strong></span> <span class='ocrx_word' id='word_1_441' title='bbox 3155 2882 3350 2936; x_wconf 84' lang='lat' dir='ltr'><strong>deinde</strong></span> <span class='ocrx_word' id='word_1_442' title='bbox 3372 2897 3500 2937; x_wconf 82' lang='lat' dir='ltr'><strong>cum</strong></span> 
     </span>
    </p>
   </div>
   <div class='ocr_carea' id='block_1_60' title="bbox 1913 2969 3494 3043">
    <p class='ocr_par' dir='ltr' id='par_1_60' title="bbox 1913 2969 3494 3043">
     <span class='ocr_line' id='line_1_60' title="bbox 1913 2969 3494 3043; baseline 0.001 -16"><span class='ocrx_word' id='word_1_443' title='bbox 1913 2970 2191 3027; x_wconf 88' lang='lat' dir='ltr'><strong>obstinatis</strong></span> <span class='ocrx_word' id='word_1_444' title='bbox 2233 2985 2418 3040; x_wconf 67' lang='lat' dir='ltr'><strong>pinnas</strong></span> <span class='ocrx_word' id='word_1_445' title='bbox 2457 2969 2661 3026; x_wconf 86' lang='lat' dir='ltr'><strong>debitas</strong></span> <span class='ocrx_word' id='word_1_446' title='bbox 2689 2970 2882 3026; x_wconf 89' lang='lat' dir='ltr'><strong>reddit.</strong></span> <span class='ocrx_word' id='word_1_447' title='bbox 2917 2972 3249 3040; x_wconf 86' lang='lat' dir='ltr'><strong>Quapropter</strong></span> <span class='ocrx_word' id='word_1_448' title='bbox 3279 2976 3494 3043; x_wconf 80' lang='lat' dir='ltr'><strong>prOprie</strong></span> 
     </span>
    </p>
   </div>
   <div class='ocr_carea' id='block_1_61' title="bbox 1914 3062 3500 3136">
    <p class='ocr_par' dir='ltr' id='par_1_61' title="bbox 1914 3062 3500 3136">
     <span class='ocr_line' id='line_1_61' title="bbox 1914 3062 3500 3136; baseline 0 -18"><span class='ocrx_word' id='word_1_449' title='bbox 1914 3063 2116 3130; x_wconf 79' lang='lat' dir='ltr'><strong>dictum</strong></span> <span class='ocrx_word' id='word_1_450' title='bbox 2145 3064 2306 3135; x_wconf 75' lang='lat'><strong>382</strong></span> <span class='ocrx_word' id='word_1_451' title='bbox 2337 3073 2441 3126; x_wconf 89' lang='lat' dir='ltr'><strong>est,</strong></span> <span class='ocrx_word' id='word_1_452' title='bbox 2469 3062 2607 3134; x_wconf 85' lang='lat' dir='ltr'><strong>Opus</strong></span> <span class='ocrx_word' id='word_1_453' title='bbox 2623 3064 2732 3133; x_wconf 82' lang='lat' dir='ltr'><strong>ejus</strong></span> <span class='ocrx_word' id='word_1_454' title='bbox 2762 3065 2940 3117; x_wconf 86' lang='lat' dir='ltr'><strong>veritas</strong></span> <span class='ocrx_word' id='word_1_455' title='bbox 2963 3075 3008 3118; x_wconf 89' lang='lat' dir='ltr'><strong>et</strong></span> <span class='ocrx_word' id='word_1_456' title='bbox 3030 3064 3308 3136; x_wconf 86' lang='lat' dir='ltr'><strong>judicium.</strong></span> <span class='ocrx_word' id='word_1_457' title='bbox 3349 3065 3500 3118; x_wconf 78' lang='lat' dir='ltr'><strong>Veri-</strong></span> 
     </span>
    </p>
   </div>
   <div class='ocr_carea' id='block_1_62' title="bbox 211 3153 3495 3228">
    <p class='ocr_par' dir='ltr' id='par_1_62' title="bbox 211 3153 3495 3228">
     <span class='ocr_line' id='line_1_62' title="bbox 211 3153 3495 3228; baseline 0 -18"><span class='ocrx_word' id='word_1_458' title='bbox 211 3172 344 3211; x_wconf 89' lang='lat' dir='ltr'><strong>mos</strong></span> <span class='ocrx_word' id='word_1_459' title='bbox 372 3164 574 3226; x_wconf 86' lang='lat' dir='ltr'><strong>pastos,</strong></span> <span class='ocrx_word' id='word_1_460' title='bbox 600 3155 651 3209; x_wconf 93' lang='lat' dir='ltr'><strong>id</strong></span> <span class='ocrx_word' id='word_1_461' title='bbox 685 3165 767 3210; x_wconf 87' lang='lat' dir='ltr'><strong>est</strong></span> <span class='ocrx_word' id='word_1_462' title='bbox 788 3155 1022 3208; x_wconf 88' lang='lat' dir='ltr'><strong>adventu</strong></span> <span class='ocrx_word' id='word_1_463' title='bbox 1054 3153 1261 3208; x_wconf 87' lang='lat' dir='ltr'><strong>Domini</strong></span> <span class='ocrx_word' id='word_1_464' title='bbox 1287 3156 1466 3224; x_wconf 81' lang='lat' dir='ltr'><strong>utique</strong></span> <span class='ocrx_word' id='word_1_465' title='bbox 1494 3155 1805 3210; x_wconf 85' lang='lat' dir='ltr'><strong>Salvatoris.</strong></span> <span class='ocrx_word' id='word_1_466' title='bbox 1839 3162 1883 3224; x_wconf 84' lang='lat' dir='ltr'>C</span> <span class='ocrx_word' id='word_1_467' title='bbox 1916 3165 1992 3210; x_wconf 86' lang='lat' dir='ltr'><strong>tas</strong></span> <span class='ocrx_word' id='word_1_468' title='bbox 2007 3167 2090 3211; x_wconf 89' lang='lat' dir='ltr'><strong>est</strong></span> <span class='ocrx_word' id='word_1_469' title='bbox 2105 3157 2247 3212; x_wconf 91' lang='lat' dir='ltr'><strong>enim</strong></span> <span class='ocrx_word' id='word_1_470' title='bbox 2266 3171 2386 3212; x_wconf 90' lang='lat' dir='ltr'><strong>cum</strong></span> <span class='ocrx_word' id='word_1_471' title='bbox 2405 3156 2648 3211; x_wconf 78' lang='lat' dir='ltr'><strong>fidelibus</strong></span> <span class='ocrx_word' id='word_1_472' title='bbox 2669 3158 2929 3226; x_wconf 88' lang='lat' dir='ltr'><strong>promissa</strong></span> <span class='ocrx_word' id='word_1_473' title='bbox 2947 3157 3168 3211; x_wconf 87' lang='lat' dir='ltr'><strong>restituit</strong></span> <span class='ocrx_word' id='word_1_474' title='bbox 3188 3173 3205 3222; x_wconf 88' lang='lat'><strong>;</strong></span> <span class='ocrx_word' id='word_1_475' title='bbox 3215 3158 3495 3228; x_wconf 84' lang='lat' dir='ltr'><strong>judicium,</strong></span> 
     </span>
    </p>
   </div>
   <div class='ocr_carea' id='block_1_63' title="bbox 214 3246 1815 3318">
    <p class='ocr_par' dir='ltr' id='par_1_63' title="bbox 214 3246 1815 3318">
     <span class='ocr_line' id='line_1_63' title="bbox 214 3246 1815 3318; baseline -0.001 -16"><span class='ocrx_word' id='word_1_476' title='bbox 214 3246 538 3302; x_wconf 78' lang='lat' dir='ltr'><strong>Memoriam</strong></span> <span class='ocrx_word' id='word_1_477' title='bbox 563 3261 692 3318; x_wconf 80' lang='lat' dir='ltr'><strong>ergo</strong></span> <span class='ocrx_word' id='word_1_478' title='bbox 718 3248 837 3317; x_wconf 69' lang='lat' dir='ltr'><strong>fecit</strong></span> <span class='ocrx_word' id='word_1_479' title='bbox 867 3247 1177 3299; x_wconf 78' lang='lat' dir='ltr'><strong>mirabitium</strong></span> <span class='ocrx_word' id='word_1_480' title='bbox 1202 3263 1430 3311; x_wconf 88' lang='lat' dir='ltr'><strong>suorum,</strong></span> <span class='ocrx_word' id='word_1_481' title='bbox 1463 3247 1672 3316; x_wconf 84' lang='lat' dir='ltr'><strong>quando</strong></span> <span class='ocrx_word' id='word_1_482' title='bbox 1700 3246 1815 3315; x_wconf 86' lang='lat' dir='ltr'><strong>plu-</strong></span> 
     </span>
    </p>
   </div>
   <div class='ocr_carea' id='block_1_64' title="bbox 211 3322 1814 3395">
    <p class='ocr_par' dir='ltr' id='par_1_64' title="bbox 211 3322 1814 3395">
     <span class='ocr_line' id='line_1_64' title="bbox 211 3322 1814 3395; baseline 0.001 -1"><span class='ocrx_word' id='word_1_483' title='bbox 211 3340 364 3394; x_wconf 84' lang='lat' dir='ltr'><strong>rima</strong></span> <span class='ocrx_word' id='word_1_484' title='bbox 398 3353 535 3392; x_wconf 90' lang='lat' dir='ltr'><strong>nova</strong></span> <span class='ocrx_word' id='word_1_485' title='bbox 561 3347 614 3393; x_wconf 92' lang='lat' dir='ltr'><strong>et</strong></span> <span class='ocrx_word' id='word_1_486' title='bbox 643 3322 890 3392; x_wconf 86' lang='lat' dir='ltr'><strong>inusitata</strong></span> <span class='ocrx_word' id='word_1_487' title='bbox 921 3339 1258 3391; x_wconf 84' lang='lat' dir='ltr'><strong>monstravit.</strong></span> <span class='ocrx_word' id='word_1_488' title='bbox 1291 3337 1441 3392; x_wconf 89' lang='lat' dir='ltr'><strong>Tunc</strong></span> <span class='ocrx_word' id='word_1_489' title='bbox 1463 3339 1604 3393; x_wconf 90' lang='lat' dir='ltr'><strong>enim</strong></span> <span class='ocrx_word' id='word_1_490' title='bbox 1636 3339 1814 3395; x_wconf 85' lang='lat' dir='ltr'><strong>omnia</strong></span> 
     </span>
    </p>
   </div>
   <div class='ocr_carea' id='block_1_65' title="bbox 213 3428 1816 3499">
    <p class='ocr_par' dir='ltr' id='par_1_65' title="bbox 213 3428 1816 3499">
     <span class='ocr_line' id='line_1_65' title="bbox 213 3428 1816 3499; baseline -0.001 -14"><span class='ocrx_word' id='word_1_491' title='bbox 213 3431 402 3486; x_wconf 88' lang='lat' dir='ltr'><strong>Deum</strong></span> <span class='ocrx_word' id='word_1_492' title='bbox 436 3444 625 3499; x_wconf 78' lang='lat' dir='ltr'><strong>regere</strong></span> <span class='ocrx_word' id='word_1_493' title='bbox 657 3430 824 3498; x_wconf 82' lang='lat' dir='ltr'><strong>putuit</strong></span> <span class='ocrx_word' id='word_1_494' title='bbox 851 3430 1127 3484; x_wconf 83' lang='lat' dir='ltr'><strong>evidenter</strong></span> <span class='ocrx_word' id='word_1_495' title='bbox 1165 3428 1392 3494; x_wconf 84' lang='lat' dir='ltr'><strong>adverti,</strong></span> <span class='ocrx_word' id='word_1_496' title='bbox 1437 3429 1648 3498; x_wconf 89' lang='lat' dir='ltr'><strong>quando</strong></span> <span class='ocrx_word' id='word_1_497' title='bbox 1686 3431 1816 3485; x_wconf 68' lang='lat' dir='ltr'><strong>visa:</strong></span> 
     </span>
    </p>
   </div>
   <div class='ocr_carea' id='block_1_66' title="bbox 209 3521 1814 3590">
    <p class='ocr_par' dir='ltr' id='par_1_66' title="bbox 209 3521 1814 3590">
     <span class='ocr_line' id='line_1_66' title="bbox 209 3521 1814 3590; baseline -0.002 -11"><span class='ocrx_word' id='word_1_498' title='bbox 209 3532 358 3579; x_wconf 79' lang='lat' dir='ltr'><strong>sunt.</strong></span> <span class='ocrx_word' id='word_1_499' title='bbox 404 3522 820 3576; x_wconf 81' lang='lat' dir='ltr'><strong>consuetudines</strong></span> <span class='ocrx_word' id='word_1_500' title='bbox 850 3537 1029 3576; x_wconf 90' lang='lat' dir='ltr'><strong>rerum</strong></span> <span class='ocrx_word' id='word_1_501' title='bbox 1068 3521 1238 3576; x_wconf 89' lang='lat' dir='ltr'><strong>sacris</strong></span> <span class='ocrx_word' id='word_1_502' title='bbox 1261 3521 1591 3590; x_wconf 87' lang='lat' dir='ltr'><strong>jussionibus</strong></span> <span class='ocrx_word' id='word_1_503' title='bbox 1614 3523 1814 3577; x_wconf 61' lang='lat' dir='ltr'><strong>immuo</strong></span> 
     </span>
    </p>
   </div>
   <div class='ocr_carea' id='block_1_67' title="bbox 211 3613 1817 3681">
    <p class='ocr_par' dir='ltr' id='par_1_67' title="bbox 211 3613 1817 3681">
     <span class='ocr_line' id='line_1_67' title="bbox 211 3613 1817 3681; baseline -0.002 -9"><span class='ocrx_word' id='word_1_504' title='bbox 211 3617 357 3672; x_wconf 79' lang='lat' dir='ltr'><strong>tari.</strong></span> <span class='ocrx_word' id='word_1_505' title='bbox 404 3614 734 3669; x_wconf 85' lang='lat' dir='ltr'><strong>Convertere</strong></span> <span class='ocrx_word' id='word_1_506' title='bbox 774 3613 915 3673; x_wconf 83' lang='lat' dir='ltr'><strong>enim</strong></span> <span class='ocrx_word' id='word_1_507' title='bbox 949 3613 1212 3668; x_wconf 86' lang='lat' dir='ltr'><strong>veraciter</strong></span> <span class='ocrx_word' id='word_1_508' title='bbox 1251 3628 1354 3666; x_wconf 91' lang='lat' dir='ltr'><strong>non</strong></span> <span class='ocrx_word' id='word_1_509' title='bbox 1387 3622 1563 3681; x_wconf 88' lang='lat' dir='ltr'><strong>potest</strong></span> <span class='ocrx_word' id='word_1_510' title='bbox 1602 3614 1817 3669; x_wconf 88' lang='lat' dir='ltr'><strong>ordines</strong></span> 
     </span>
    </p>
   </div>
   <div class='ocr_carea' id='block_1_68' title="bbox 209 3704 1820 3775">
    <p class='ocr_par' dir='ltr' id='par_1_68' title="bbox 209 3704 1820 3775">
     <span class='ocr_line' id='line_1_68' title="bbox 209 3704 1820 3775; baseline -0.003 -11"><span class='ocrx_word' id='word_1_511' title='bbox 209 3721 439 3772; x_wconf 80' lang='lat' dir='ltr'><strong>rerum,</strong></span> <span class='ocrx_word' id='word_1_512' title='bbox 471 3705 569 3760; x_wconf 86' lang='lat' dir='ltr'><strong>nisi</strong></span> <span class='ocrx_word' id='word_1_513' title='bbox 603 3706 692 3775; x_wconf 89' lang='lat' dir='ltr'><strong>qui</strong></span> <span class='ocrx_word' id='word_1_514' title='bbox 718 3720 809 3758; x_wconf 91' lang='lat' dir='ltr'><strong>eas</strong></span> <span class='ocrx_word' id='word_1_515' title='bbox 843 3713 897 3759; x_wconf 89' lang='lat' dir='ltr'><strong>et</strong></span> <span class='ocrx_word' id='word_1_516' title='bbox 921 3704 1111 3759; x_wconf 83' lang='lat' dir='ltr'><strong>fecisse</strong></span> <span class='ocrx_word' id='word_1_517' title='bbox 1136 3711 1191 3759; x_wconf 91' lang='lat' dir='ltr'><strong>et</strong></span> <span class='ocrx_word' id='word_1_518' title='bbox 1220 3704 1596 3758; x_wconf 85' lang='lat' dir='ltr'><strong>administrare</strong></span> <span class='ocrx_word' id='word_1_519' title='bbox 1623 3720 1820 3774; x_wconf 76' lang='lat' dir='ltr'><strong>cogno-</strong></span> 
     </span>
    </p>
   </div>
   <div class='ocr_carea' id='block_1_69' title="bbox 211 3796 1819 3867">
    <p class='ocr_par' dir='ltr' id='par_1_69' title="bbox 211 3796 1819 3867">
     <span class='ocr_line' id='line_1_69' title="bbox 211 3796 1819 3867; baseline -0.004 -12"><span class='ocrx_word' id='word_1_520' title='bbox 211 3800 420 3855; x_wconf 71' lang='lat' dir='ltr'><strong>scitur.</strong></span> <span class='ocrx_word' id='word_1_521' title='bbox 447 3797 512 3851; x_wconf 87' lang='lat' dir='ltr'><strong>Et</strong></span> <span class='ocrx_word' id='word_1_522' title='bbox 536 3807 592 3851; x_wconf 90' lang='lat' dir='ltr'><strong>ut</strong></span> <span class='ocrx_word' id='word_1_523' title='bbox 612 3797 918 3851; x_wconf 82' lang='lat' dir='ltr'><strong>ostenderet</strong></span> <span class='ocrx_word' id='word_1_524' title='bbox 939 3797 1025 3867; x_wconf 87' lang='lat' dir='ltr'><strong>qui</strong></span> <span class='ocrx_word' id='word_1_525' title='bbox 1051 3797 1165 3865; x_wconf 77' lang='lat' dir='ltr'><strong>fecit</strong></span> <span class='ocrx_word' id='word_1_526' title='bbox 1191 3797 1487 3848; x_wconf 89' lang='lat' dir='ltr'><strong>memoriam</strong></span> <span class='ocrx_word' id='word_1_527' title='bbox 1511 3796 1819 3849; x_wconf 87' lang='lat' dir='ltr'><strong>mirabilium</strong></span> 
     </span>
    </p>
   </div>
   <div class='ocr_carea' id='block_1_70' title="bbox 211 3885 1814 3958">
    <p class='ocr_par' dir='ltr' id='par_1_70' title="bbox 211 3885 1814 3958">
     <span class='ocr_line' id='line_1_70' title="bbox 211 3885 1814 3958; baseline -0.003 -11"><span class='ocrx_word' id='word_1_528' title='bbox 211 3909 469 3952; x_wconf 77' lang='lat' dir='ltr'><strong>suarum,</strong></span> <span class='ocrx_word' id='word_1_529' title='bbox 527 3889 786 3958; x_wconf 83' lang='lat' dir='ltr'><strong>sequitur,</strong></span> <span class='ocrx_word' id='word_1_530' title='bbox 834 3889 1121 3941; x_wconf 80' lang='lat' dir='ltr'><strong>misericors</strong></span> <span class='ocrx_word' id='word_1_531' title='bbox 1168 3894 1216 3939; x_wconf 89' lang='lat' dir='ltr'><strong>et</strong></span> <span class='ocrx_word' id='word_1_532' title='bbox 1249 3887 1516 3939; x_wconf 86' lang='lat' dir='ltr'><strong>ntiserator</strong></span> <span class='ocrx_word' id='word_1_533' title='bbox 1547 3885 1814 3942; x_wconf 82' lang='lat' dir='ltr'><strong>Dominus.</strong></span> 
     </span>
    </p>
   </div>
   <div class='ocr_carea' id='block_1_71' title="bbox 217 3976 1817 4047">
    <p class='ocr_par' dir='ltr' id='par_1_71' title="bbox 217 3976 1817 4047">
     <span class='ocr_line' id='line_1_71' title="bbox 217 3976 1817 4047; baseline -0.004 -8"><span class='ocrx_word' id='word_1_534' title='bbox 217 3984 534 4038; x_wconf 70' lang='lat' dir='ltr'><strong>ﬂisericors</strong></span> <span class='ocrx_word' id='word_1_535' title='bbox 578 3992 820 4036; x_wconf 85' lang='lat' dir='ltr'><strong>naturam</strong></span> <span class='ocrx_word' id='word_1_536' title='bbox 851 3979 966 4047; x_wconf 73' lang='lat' dir='ltr'><strong>eius</strong></span> <span class='ocrx_word' id='word_1_537' title='bbox 998 3979 1208 4045; x_wconf 89' lang='lat' dir='ltr'><strong>pietatis</strong></span> <span class='ocrx_word' id='word_1_538' title='bbox 1238 3976 1501 4040; x_wconf 84' lang='lat' dir='ltr'><strong>ostendit;</strong></span> <span class='ocrx_word' id='word_1_539' title='bbox 1533 3979 1817 4044; x_wconf 72' lang='lat' dir='ltr'><strong>misrrator,</strong></span> 
     </span>
    </p>
   </div>
   <div class='ocr_carea' id='block_1_72' title="bbox 213 4061 1822 4144">
    <p class='ocr_par' dir='ltr' id='par_1_72' title="bbox 213 4061 1822 4144">
     <span class='ocr_line' id='line_1_72' title="bbox 213 4061 1822 4144; baseline -0.004 -14"><span class='ocrx_word' id='word_1_540' title='bbox 213 4085 450 4144; x_wconf 74' lang='lat' dir='ltr'><strong>tempus</strong></span> <span class='ocrx_word' id='word_1_541' title='bbox 472 4087 578 4142; x_wconf 90' lang='lat' dir='ltr'><strong>quo</strong></span> <span class='ocrx_word' id='word_1_542' title='bbox 604 4071 836 4124; x_wconf 87' lang='lat' dir='ltr'><strong>adventu</strong></span> <span class='ocrx_word' id='word_1_543' title='bbox 861 4084 958 4124; x_wconf 91' lang='lat' dir='ltr'><strong>suo</strong></span> <span class='ocrx_word' id='word_1_544' title='bbox 988 4061 1414 4123; x_wconf 83' lang='lat' dir='ltr'><strong>misericordiam</strong></span> <span class='ocrx_word' id='word_1_545' title='bbox 1447 4068 1590 4134; x_wconf 85' lang='lat' dir='ltr'><strong>fecit,</strong></span> <span class='ocrx_word' id='word_1_546' title='bbox 1633 4079 1687 4123; x_wconf 83' lang='lat' dir='ltr'><strong>et</strong></span> <span class='ocrx_word' id='word_1_547' title='bbox 1727 4069 1822 4123; x_wconf 83' lang='lat' dir='ltr'><strong>hu-</strong></span> 
     </span>
    </p>
   </div>
   <div class='ocr_carea' id='block_1_73' title="bbox 211 4161 1296 4235">
    <p class='ocr_par' dir='ltr' id='par_1_73' title="bbox 211 4161 1296 4235">
     <span class='ocr_line' id='line_1_73' title="bbox 211 4161 1296 4235; baseline -0.007 -14"><span class='ocrx_word' id='word_1_548' title='bbox 211 4181 400 4221; x_wconf 79' lang='lat' dir='ltr'><strong>mano</strong></span> <span class='ocrx_word' id='word_1_549' title='bbox 427 4165 610 4235; x_wconf 82' lang='lat' dir='ltr'><strong>generi</strong></span> <span class='ocrx_word' id='word_1_550' title='bbox 632 4163 777 4232; x_wconf 80' lang='lat' dir='ltr'><strong>larga</strong></span> <span class='ocrx_word' id='word_1_551' title='bbox 807 4163 1003 4232; x_wconf 87' lang='lat' dir='ltr'><strong>pietate</strong></span> <span class='ocrx_word' id='word_1_552' title='bbox 1031 4161 1296 4215; x_wconf 88' lang='lat' dir='ltr'><strong>subvenit.</strong></span> 
     </span>
    </p>
   </div>
   <div class='ocr_carea' id='block_1_74' title="bbox 303 4251 1823 4319">
    <p class='ocr_par' dir='ltr' id='par_1_74' title="bbox 303 4251 1823 4319">
     <span class='ocr_line' id='line_1_74' title="bbox 303 4251 1823 4319; baseline -0.004 -8"><span class='ocrx_word' id='word_1_553' title='bbox 303 4257 466 4311; x_wconf 67' lang='grc' dir='ltr'>νει-ε.</span> <span class='ocrx_word' id='word_1_554' title='bbox 498 4255 552 4310; x_wconf 87' lang='grc'>5.</span> <span class='ocrx_word' id='word_1_555' title='bbox 594 4255 766 4319; x_wconf 69' lang='lat' dir='ltr'><strong>Tum,</strong></span> <span class='ocrx_word' id='word_1_556' title='bbox 817 4252 936 4309; x_wconf 82' lang='lat' dir='ltr'><strong>Jon.</strong></span> <span class='ocrx_word' id='word_1_557' title='bbox 993 4251 1180 4306; x_wconf 84' lang='lat' dir='ltr'><strong>Escam</strong></span> <span class='ocrx_word' id='word_1_558' title='bbox 1208 4253 1348 4306; x_wconf 84' lang='lat' dir='ltr'><strong>dedit</strong></span> <span class='ocrx_word' id='word_1_559' title='bbox 1403 4252 1691 4305; x_wconf 81' lang='lat' dir='ltr'><strong>timentibus</strong></span> <span class='ocrx_word' id='word_1_560' title='bbox 1730 4267 1823 4314; x_wconf 86' lang='lat' dir='ltr'><strong>se;</strong></span> 
     </span>
    </p>
   </div>
   <div class='ocr_carea' id='block_1_75' title="bbox 210 4341 1825 4411">
    <p class='ocr_par' dir='ltr' id='par_1_75' title="bbox 210 4341 1825 4411">
     <span class='ocr_line' id='line_1_75' title="bbox 210 4341 1825 4411; baseline -0.004 -9"><span class='ocrx_word' id='word_1_561' title='bbox 210 4363 434 4402; x_wconf 68' lang='lat' dir='ltr'><strong>memor</strong></span> <span class='ocrx_word' id='word_1_562' title='bbox 458 4347 550 4400; x_wconf 87' lang='lat' dir='ltr'><strong>erit</strong></span> <span class='ocrx_word' id='word_1_563' title='bbox 570 4347 620 4399; x_wconf 87' lang='lat' dir='ltr'><strong>in</strong></span> <span class='ocrx_word' id='word_1_564' title='bbox 651 4345 895 4400; x_wconf 77' lang='lat' dir='ltr'><strong>sa&#39;culum</strong></span> <span class='ocrx_word' id='word_1_565' title='bbox 925 4345 1212 4398; x_wconf 84' lang='lat' dir='ltr'><strong>testamenti</strong></span> <span class='ocrx_word' id='word_1_566' title='bbox 1232 4345 1334 4398; x_wconf 85' lang='lat' dir='ltr'><strong>sui.</strong></span> <span class='ocrx_word' id='word_1_567' title='bbox 1362 4344 1511 4411; x_wconf 82' lang='lat' dir='ltr'><strong>Quod</strong></span> <span class='ocrx_word' id='word_1_568' title='bbox 1545 4344 1697 4408; x_wconf 82' lang='lat' dir='ltr'><strong>dixit,</strong></span> <span class='ocrx_word' id='word_1_569' title='bbox 1725 4341 1825 4396; x_wconf 82' lang='lat' dir='ltr'><strong>Es-</strong></span> 
     </span>
    </p>
   </div>
   <div class='ocr_carea' id='block_1_76' title="bbox 212 4435 1821 4505">
    <p class='ocr_par' dir='ltr' id='par_1_76' title="bbox 212 4435 1821 4505">
     <span class='ocr_line' id='line_1_76' title="bbox 212 4435 1821 4505; baseline -0.002 -13"><span class='ocrx_word' id='word_1_570' title='bbox 212 4456 352 4492; x_wconf 70' lang='lat' dir='ltr'><strong>eam</strong></span> <span class='ocrx_word' id='word_1_571' title='bbox 383 4438 517 4490; x_wconf 78' lang='lat' dir='ltr'><strong>dedit</strong></span> <span class='ocrx_word' id='word_1_572' title='bbox 546 4437 835 4490; x_wconf 82' lang='lat' dir='ltr'><strong>timentibus</strong></span> <span class='ocrx_word' id='word_1_573' title='bbox 869 4452 942 4501; x_wconf 87' lang='lat' dir='ltr'><strong>se,</strong></span> <span class='ocrx_word' id='word_1_574' title='bbox 992 4436 1258 4503; x_wconf 80' lang='lat' dir='ltr'><strong>significat</strong></span> <span class='ocrx_word' id='word_1_575' title='bbox 1285 4436 1465 4505; x_wconf 90' lang='lat' dir='ltr'><strong>utique</strong></span> <span class='ocrx_word' id='word_1_576' title='bbox 1495 4435 1821 4504; x_wconf 76' lang='lat' dir='ltr'><strong>spiritualem</strong></span> 
     </span>
    </p>
   </div>
   <div class='ocr_carea' id='block_1_77' title="bbox 1920 3246 3498 3318">
    <p class='ocr_par' dir='ltr' id='par_1_77' title="bbox 1920 3246 3498 3318">
     <span class='ocr_line' id='line_1_77' title="bbox 1920 3246 3498 3318; baseline 0.001 -17"><span class='ocrx_word' id='word_1_577' title='bbox 1920 3247 2061 3316; x_wconf 91' lang='lat' dir='ltr'><strong>quod</strong></span> <span class='ocrx_word' id='word_1_578' title='bbox 2089 3247 2266 3318; x_wconf 86' lang='lat' dir='ltr'><strong>impiis</strong></span> <span class='ocrx_word' id='word_1_579' title='bbox 2292 3249 2648 3303; x_wconf 86' lang='lat' dir='ltr'><strong>comminatur</strong></span> <span class='ocrx_word' id='word_1_580' title='bbox 2683 3264 2694 3300; x_wconf 91' lang='lat'>:</span> <span class='ocrx_word' id='word_1_581' title='bbox 2730 3249 2978 3316; x_wconf 86' lang='lat' dir='ltr'><strong>quoniam</strong></span> <span class='ocrx_word' id='word_1_582' title='bbox 3005 3246 3094 3316; x_wconf 90' lang='lat' dir='ltr'><strong>qui</strong></span> <span class='ocrx_word' id='word_1_583' title='bbox 3118 3247 3204 3302; x_wconf 86' lang='lat' dir='ltr'><strong>hic</strong></span> <span class='ocrx_word' id='word_1_584' title='bbox 3231 3259 3498 3318; x_wconf 70' lang='lat' dir='ltr'><strong>praecepta</strong></span> 
     </span>
    </p>
   </div>
   <div class='ocr_carea' id='block_1_78' title="bbox 1917 3339 3505 3412">
    <p class='ocr_par' dir='ltr' id='par_1_78' title="bbox 1917 3339 3505 3412">
     <span class='ocr_line' id='line_1_78' title="bbox 1917 3339 3505 3412; baseline -0.003 -17"><span class='ocrx_word' id='word_1_585' title='bbox 1917 3339 2036 3411; x_wconf 82' lang='lat' dir='ltr'><strong>ejus</strong></span> <span class='ocrx_word' id='word_1_586' title='bbox 2063 3340 2240 3396; x_wconf 85' lang='lat' dir='ltr'><strong>facere</strong></span> <span class='ocrx_word' id='word_1_587' title='bbox 2266 3342 2558 3412; x_wconf 76' lang='lat' dir='ltr'><strong>negligant,</strong></span> <span class='ocrx_word' id='word_1_588' title='bbox 2592 3339 2662 3393; x_wconf 92' lang='lat' dir='ltr'><strong>ibi</strong></span> <span class='ocrx_word' id='word_1_589' title='bbox 2693 3339 2977 3394; x_wconf 88' lang='lat' dir='ltr'><strong>vindictam</strong></span> <span class='ocrx_word' id='word_1_590' title='bbox 3009 3352 3315 3408; x_wconf 81' lang='lat' dir='ltr'><strong>perpetuam</strong></span> <span class='ocrx_word' id='word_1_591' title='bbox 3339 3344 3505 3395; x_wconf 74' lang='lat' dir='ltr'><strong>susti-</strong></span> 
     </span>
    </p>
   </div>
   <div class='ocr_carea' id='block_1_79' title="bbox 1919 3426 3498 3506">
    <p class='ocr_par' dir='ltr' id='par_1_79' title="bbox 1919 3426 3498 3506">
     <span class='ocr_line' id='line_1_79' title="bbox 1919 3426 3498 3506; baseline -0.003 -16"><span class='ocrx_word' id='word_1_592' title='bbox 1919 3426 2137 3490; x_wconf 74' lang='lat' dir='ltr'><strong>nebunt.</strong></span> <span class='ocrx_word' id='word_1_593' title='bbox 2188 3433 2668 3506; x_wconf 82' lang='lat' dir='ltr'><strong>Sequitur,&#39;ﬁdeliu</strong></span> <span class='ocrx_word' id='word_1_594' title='bbox 2698 3434 2869 3485; x_wconf 83' lang='lat' dir='ltr'><strong>omnia</strong></span> <span class='ocrx_word' id='word_1_595' title='bbox 2915 3433 3158 3486; x_wconf 84' lang='lat' dir='ltr'><strong>mandata</strong></span> <span class='ocrx_word' id='word_1_596' title='bbox 3183 3436 3318 3505; x_wconf 83' lang='lat' dir='ltr'><strong>ejus.</strong></span> <span class='ocrx_word' id='word_1_597' title='bbox 3355 3434 3498 3489; x_wconf 82' lang='lat' dir='ltr'><strong>Scri-</strong></span> 
     </span>
    </p>
   </div>
   <div class='ocr_carea' id='block_1_80' title="bbox 1921 3524 3538 3598">
    <p class='ocr_par' dir='ltr' id='par_1_80' title="bbox 1921 3524 3538 3598">
     <span class='ocr_line' id='line_1_80' title="bbox 1921 3524 3538 3598; baseline -0.004 -15"><span class='ocrx_word' id='word_1_598' title='bbox 1921 3539 2066 3598; x_wconf 86' lang='lat' dir='ltr'><strong>ptum</strong></span> <span class='ocrx_word' id='word_1_599' title='bbox 2100 3535 2185 3582; x_wconf 85' lang='lat' dir='ltr'><strong>est</strong></span> <span class='ocrx_word' id='word_1_600' title='bbox 2215 3543 2230 3582; x_wconf 91' lang='lat'><strong>:</strong></span> <span class='ocrx_word' id='word_1_601' title='bbox 2263 3527 2422 3582; x_wconf 84' lang='lat' dir='ltr'><strong>Serua</strong></span> <span class='ocrx_word' id='word_1_602' title='bbox 2449 3526 2712 3589; x_wconf 78' lang='lat' dir='ltr'><strong>mandata,</strong></span> <span class='ocrx_word' id='word_1_603' title='bbox 2747 3535 2792 3577; x_wconf 86' lang='lat' dir='ltr'><strong>et</strong></span> <span class='ocrx_word' id='word_1_604' title='bbox 2823 3527 3088 3578; x_wconf 78' lang='lat' dir='ltr'><strong>servabunt</strong></span> <span class='ocrx_word' id='word_1_605' title='bbox 3118 3535 3164 3576; x_wconf 86' lang='lat' dir='ltr'><strong>te</strong></span> <span class='ocrx_word' id='word_1_606' title='bbox 3189 3524 3373 3594; x_wconf 87' lang='lat' dir='ltr'><strong>(Eccli.</strong></span> <span class='ocrx_word' id='word_1_607' title='bbox 3408 3540 3498 3589; x_wconf 78' lang='lat' dir='ltr'><strong>xv,</strong></span> <span class='ocrx_word' id='word_1_608' title='bbox 3534 3556 3538 3560; x_wconf 63' lang='grc' dir='ltr'><strong><em>π</em></strong></span> 
     </span>
    </p>
   </div>
   <div class='ocr_carea' id='block_1_81' title="bbox 1922 3615 3508 3692">
    <p class='ocr_par' dir='ltr' id='par_1_81' title="bbox 1922 3615 3508 3692">
     <span class='ocr_line' id='line_1_81' title="bbox 1922 3615 3508 3692; baseline -0.003 -17"><span class='ocrx_word' id='word_1_609' title='bbox 1922 3620 2030 3692; x_wconf 84' lang='grc'>16).</span> <span class='ocrx_word' id='word_1_610' title='bbox 2064 3617 2272 3672; x_wconf 84' lang='lat' dir='ltr'><strong>Fidelia</strong></span> <span class='ocrx_word' id='word_1_611' title='bbox 2298 3633 2424 3672; x_wconf 88' lang='lat' dir='ltr'><strong>vero</strong></span> <span class='ocrx_word' id='word_1_612' title='bbox 2450 3624 2594 3680; x_wconf 89' lang='lat' dir='ltr'><strong>sunt,</strong></span> <span class='ocrx_word' id='word_1_613' title='bbox 2618 3615 2868 3687; x_wconf 88' lang='lat' dir='ltr'><strong>quoniam</strong></span> <span class='ocrx_word' id='word_1_614' title='bbox 2894 3617 3039 3670; x_wconf 88' lang='lat' dir='ltr'><strong>nullo</strong></span> <span class='ocrx_word' id='word_1_615' title='bbox 3067 3617 3343 3669; x_wconf 87' lang='lat' dir='ltr'><strong>mendacio</strong></span> <span class='ocrx_word' id='word_1_616' title='bbox 3361 3615 3508 3670; x_wconf 77' lang='lat' dir='ltr'><strong>dicta</strong></span> 
     </span>
    </p>
   </div>
   <div class='ocr_carea' id='block_1_82' title="bbox 1919 3707 3501 3776">
    <p class='ocr_par' dir='ltr' id='par_1_82' title="bbox 1919 3707 3501 3776">
     <span class='ocr_line' id='line_1_82' title="bbox 1919 3707 3501 3776; baseline -0.003 -14"><span class='ocrx_word' id='word_1_617' title='bbox 1919 3712 2224 3776; x_wconf 89' lang='lat' dir='ltr'><strong>variantur;</strong></span> <span class='ocrx_word' id='word_1_618' title='bbox 2257 3710 2349 3764; x_wconf 87' lang='lat' dir='ltr'><strong>sed</strong></span> <span class='ocrx_word' id='word_1_619' title='bbox 2382 3709 2634 3762; x_wconf 80' lang='lat' dir='ltr'><strong>absolute</strong></span> <span class='ocrx_word' id='word_1_620' title='bbox 2657 3722 2753 3762; x_wconf 86' lang='lat' dir='ltr'><strong>nos</strong></span> <span class='ocrx_word' id='word_1_621' title='bbox 2795 3707 3124 3773; x_wconf 85' lang='lat' dir='ltr'><strong>custodiunt,</strong></span> <span class='ocrx_word' id='word_1_622' title='bbox 3168 3721 3286 3760; x_wconf 91' lang='lat' dir='ltr'><strong>cum</strong></span> <span class='ocrx_word' id='word_1_623' title='bbox 3316 3722 3376 3760; x_wconf 86' lang='lat' dir='ltr'><strong>ea</strong></span> <span class='ocrx_word' id='word_1_624' title='bbox 3404 3721 3501 3761; x_wconf 83' lang='lat' dir='ltr'><strong>cu-</strong></span> 
     </span>
    </p>
   </div>
   <div class='ocr_carea' id='block_1_83' title="bbox 1919 3799 2967 3858">
    <p class='ocr_par' dir='ltr' id='par_1_83' title="bbox 1919 3799 2967 3858">
     <span class='ocr_line' id='line_1_83' title="bbox 1919 3799 2967 3858; baseline -0.006 0"><span class='ocrx_word' id='word_1_625' title='bbox 1919 3803 2121 3858; x_wconf 83' lang='lat' dir='ltr'><strong>stodire</strong></span> <span class='ocrx_word' id='word_1_626' title='bbox 2150 3800 2353 3855; x_wconf 92' lang='lat' dir='ltr'><strong>Domini</strong></span> <span class='ocrx_word' id='word_1_627' title='bbox 2385 3815 2605 3854; x_wconf 89' lang='lat' dir='ltr'><strong>munere</strong></span> <span class='ocrx_word' id='word_1_628' title='bbox 2636 3799 2967 3854; x_wconf 75' lang='lat' dir='ltr'><strong>festinamus.</strong></span> 
     </span>
    </p>
   </div>
   <div class='ocr_carea' id='block_1_84' title="bbox 1996 3889 3500 3958">
    <p class='ocr_par' dir='ltr' id='par_1_84' title="bbox 1996 3889 3500 3958">
     <span class='ocr_line' id='line_1_84' title="bbox 1996 3889 3500 3958; baseline -0.005 -11"><span class='ocrx_word' id='word_1_629' title='bbox 1996 3894 2146 3948; x_wconf 87' lang='lat' dir='ltr'><strong>Vers.</strong></span> <span class='ocrx_word' id='word_1_630' title='bbox 2172 3893 2227 3947; x_wconf 83' lang='lat'><strong>8.</strong></span> <span class='ocrx_word' id='word_1_631' title='bbox 2257 3893 2496 3957; x_wconf 62' lang='lat' dir='ltr'><strong>Seneca,</strong></span> <span class='ocrx_word' id='word_1_632' title='bbox 2535 3893 2659 3945; x_wconf 77' lang='lat' dir='ltr'><strong>Aut.</strong></span> <span class='ocrx_word' id='word_1_633' title='bbox 2707 3890 3023 3958; x_wconf 79' lang='lat' dir='ltr'><strong>Conﬁrmata</strong></span> <span class='ocrx_word' id='word_1_634' title='bbox 3055 3891 3107 3942; x_wconf 83' lang='lat' dir='ltr'><strong>in</strong></span> <span class='ocrx_word' id='word_1_635' title='bbox 3130 3889 3374 3943; x_wconf 58' lang='lat' dir='ltr'><strong>sarcufum</strong></span> <span class='ocrx_word' id='word_1_636' title='bbox 3398 3905 3500 3941; x_wconf 78' lang='lat' dir='ltr'><strong>str-</strong></span> 
     </span>
    </p>
   </div>
   <div class='ocr_carea' id='block_1_85' title="bbox 1921 3982 3499 4054">
    <p class='ocr_par' dir='ltr' id='par_1_85' title="bbox 1921 3982 3499 4054">
     <span class='ocr_line' id='line_1_85' title="bbox 1921 3982 3499 4054; baseline -0.003 -14"><span class='ocrx_word' id='word_1_637' title='bbox 1921 3987 2045 4052; x_wconf 82' lang='lat' dir='ltr'><strong>cuti,</strong></span> <span class='ocrx_word' id='word_1_638' title='bbox 2083 3986 2222 4054; x_wconf 77' lang='lat' dir='ltr'><strong>facta</strong></span> <span class='ocrx_word' id='word_1_639' title='bbox 2265 3987 2319 4039; x_wconf 87' lang='lat' dir='ltr'><strong>in</strong></span> <span class='ocrx_word' id='word_1_640' title='bbox 2358 3985 2563 4038; x_wconf 78' lang='lat' dir='ltr'><strong>ueritate</strong></span> <span class='ocrx_word' id='word_1_641' title='bbox 2585 3991 2635 4038; x_wconf 85' lang='lat' dir='ltr'><strong>et</strong></span> <span class='ocrx_word' id='word_1_642' title='bbox 2664 3983 2918 4053; x_wconf 66' lang='lat' dir='ltr'><strong>atquitate.</strong></span> <span class='ocrx_word' id='word_1_643' title='bbox 2955 3982 3194 4038; x_wconf 82' lang='lat' dir='ltr'><strong>Humana</strong></span> <span class='ocrx_word' id='word_1_644' title='bbox 3225 3983 3380 4036; x_wconf 88' lang='lat' dir='ltr'><strong>verba</strong></span> <span class='ocrx_word' id='word_1_645' title='bbox 3423 3985 3499 4035; x_wconf 61' lang='lat' dir='ltr'><strong>in.</strong></span> 
     </span>
    </p>
   </div>
   <div class='ocr_carea' id='block_1_86' title="bbox 1922 4072 3505 4131">
    <p class='ocr_par' dir='ltr' id='par_1_86' title="bbox 1922 4072 3505 4131">
     <span class='ocr_line' id='line_1_86' title="bbox 1922 4072 3505 4131; baseline -0.002 -1"><span class='ocrx_word' id='word_1_646' title='bbox 1922 4092 2132 4131; x_wconf 90' lang='lat' dir='ltr'><strong>cassum</strong></span> <span class='ocrx_word' id='word_1_647' title='bbox 2177 4077 2341 4129; x_wconf 85' lang='lat' dir='ltr'><strong>missa</strong></span> <span class='ocrx_word' id='word_1_648' title='bbox 2361 4076 2642 4129; x_wconf 88' lang='lat' dir='ltr'><strong>solvuntur</strong></span> <span class='ocrx_word' id='word_1_649' title='bbox 2671 4091 2684 4127; x_wconf 90' lang='lat'><strong>:</strong></span> <span class='ocrx_word' id='word_1_650' title='bbox 2715 4072 2926 4128; x_wconf 90' lang='lat' dir='ltr'><strong>Domini</strong></span> <span class='ocrx_word' id='word_1_651' title='bbox 2958 4085 3132 4126; x_wconf 85' lang='lat' dir='ltr'><strong>au&#39;em</strong></span> <span class='ocrx_word' id='word_1_652' title='bbox 3161 4087 3339 4128; x_wconf 85' lang='lat' dir='ltr'><strong>sermo</strong></span> <span class='ocrx_word' id='word_1_653' title='bbox 3368 4088 3505 4127; x_wconf 81' lang='lat' dir='ltr'><strong>con-</strong></span> 
     </span>
    </p>
   </div>
   <div class='ocr_carea' id='block_1_87' title="bbox 1927 4161 3508 4230">
    <p class='ocr_par' dir='ltr' id='par_1_87' title="bbox 1927 4161 3508 4230">
     <span class='ocr_line' id='line_1_87' title="bbox 1927 4161 3508 4230; baseline -0.003 -10"><span class='ocrx_word' id='word_1_654' title='bbox 1927 4167 2166 4221; x_wconf 85' lang='lat' dir='ltr'><strong>tirmatus</strong></span> <span class='ocrx_word' id='word_1_655' title='bbox 2195 4175 2470 4230; x_wconf 77' lang='lat' dir='ltr'><strong>permanet</strong></span> <span class='ocrx_word' id='word_1_656' title='bbox 2499 4164 2550 4217; x_wconf 90' lang='lat' dir='ltr'><strong>in</strong></span> <span class='ocrx_word' id='word_1_657' title='bbox 2579 4172 2862 4217; x_wconf 70' lang='lat' dir='ltr'><strong>teternum.</strong></span> <span class='ocrx_word' id='word_1_658' title='bbox 2894 4161 3070 4216; x_wconf 82' lang='lat' dir='ltr'><strong>Nescit</strong></span> <span class='ocrx_word' id='word_1_659' title='bbox 3100 4163 3243 4217; x_wconf 86' lang='lat' dir='ltr'><strong>enim</strong></span> <span class='ocrx_word' id='word_1_660' title='bbox 3275 4163 3508 4217; x_wconf 86' lang='lat' dir='ltr'><strong>titubare</strong></span> 
     </span>
    </p>
   </div>
   <div class='ocr_carea' id='block_1_88' title="bbox 1925 4249 3510 4323">
    <p class='ocr_par' dir='ltr' id='par_1_88' title="bbox 1925 4249 3510 4323">
     <span class='ocr_line' id='line_1_88' title="bbox 1925 4249 3510 4323; baseline -0.002 -16"><span class='ocrx_word' id='word_1_661' title='bbox 1925 4255 2066 4323; x_wconf 89' lang='lat' dir='ltr'><strong>quod</strong></span> <span class='ocrx_word' id='word_1_662' title='bbox 2097 4251 2311 4307; x_wconf 78' lang='lat' dir='ltr'><strong>Veritas</strong></span> <span class='ocrx_word' id='word_1_663' title='bbox 2357 4251 2610 4318; x_wconf 85' lang='lat' dir='ltr'><strong>loquitur.</strong></span> <span class='ocrx_word' id='word_1_664' title='bbox 2648 4249 2920 4319; x_wconf 78' lang='lat' dir='ltr'><strong>Sequi-tur,</strong></span> <span class='ocrx_word' id='word_1_665' title='bbox 2954 4252 3092 4320; x_wconf 80' lang='lat' dir='ltr'><strong>facta</strong></span> <span class='ocrx_word' id='word_1_666' title='bbox 3137 4250 3187 4302; x_wconf 89' lang='lat' dir='ltr'><strong>in</strong></span> <span class='ocrx_word' id='word_1_667' title='bbox 3220 4251 3430 4304; x_wconf 73' lang='lat' dir='ltr'><strong>veritate</strong></span> <span class='ocrx_word' id='word_1_668' title='bbox 3455 4258 3510 4304; x_wconf 72' lang='lat' dir='ltr'><strong>et</strong></span> 
     </span>
    </p>
   </div>
   <div class='ocr_carea' id='block_1_89' title="bbox 1925 4340 3514 4412">
    <p class='ocr_par' dir='ltr' id='par_1_89' title="bbox 1925 4340 3514 4412">
     <span class='ocr_line' id='line_1_89' title="bbox 1925 4340 3514 4412; baseline -0.002 -13"><span class='ocrx_word' id='word_1_669' title='bbox 1925 4347 2179 4412; x_wconf 75' lang='lat' dir='ltr'><strong>wqttitate.</strong></span> <span class='ocrx_word' id='word_1_670' title='bbox 2216 4342 2457 4396; x_wconf 70' lang='lat' dir='ltr'><strong>Mandata</strong></span> <span class='ocrx_word' id='word_1_671' title='bbox 2490 4342 2597 4401; x_wconf 80' lang='lat' dir='ltr'><strong>illa.</strong></span> <span class='ocrx_word' id='word_1_672' title='bbox 2623 4355 2742 4411; x_wconf 63' lang='lat' dir='ltr'><strong>quae</strong></span> <span class='ocrx_word' id='word_1_673' title='bbox 2763 4341 3014 4411; x_wconf 89' lang='lat' dir='ltr'><strong>superius</strong></span> <span class='ocrx_word' id='word_1_674' title='bbox 3031 4340 3187 4404; x_wconf 76' lang='lat' dir='ltr'><strong>dixit,</strong></span> <span class='ocrx_word' id='word_1_675' title='bbox 3211 4348 3359 4396; x_wconf 87' lang='lat' dir='ltr'><strong>utea</strong></span> <span class='ocrx_word' id='word_1_676' title='bbox 3389 4357 3514 4396; x_wconf 77' lang='lat' dir='ltr'><strong>crc-</strong></span> 
     </span>
    </p>
   </div>
   <div class='ocr_carea' id='block_1_90' title="bbox 1929 4435 3518 4505">
    <p class='ocr_par' dir='ltr' id='par_1_90' title="bbox 1929 4435 3518 4505">
     <span class='ocr_line' id='line_1_90' title="bbox 1929 4435 3518 4505; baseline -0.001 -16"><span class='ocrx_word' id='word_1_677' title='bbox 1929 4438 2084 4490; x_wconf 88' lang='lat' dir='ltr'><strong>deres</strong></span> <span class='ocrx_word' id='word_1_678' title='bbox 2133 4435 2448 4491; x_wconf 60' lang='lat' dir='ltr'><strong>certissimis</strong></span> <span class='ocrx_word' id='word_1_679' title='bbox 2499 4435 2776 4489; x_wconf 70' lang='lat' dir='ltr'><strong>effectibus</strong></span> <span class='ocrx_word' id='word_1_680' title='bbox 2825 4449 2944 4489; x_wconf 85' lang='lat' dir='ltr'><strong>esse</strong></span> <span class='ocrx_word' id='word_1_681' title='bbox 2996 4435 3319 4500; x_wconf 76' lang='lat' dir='ltr'><strong>plenissima,</strong></span> <span class='ocrx_word' id='word_1_682' title='bbox 3369 4435 3518 4505; x_wconf 78' lang='lat' dir='ltr'><strong>facta</strong></span> 
     </span>
    </p>
   </div>
   <div class='ocr_carea' id='block_1_91' title="bbox 207 4525 3520 4600">
    <p class='ocr_par' dir='ltr' id='par_1_91' title="bbox 207 4525 3520 4600">
     <span class='ocr_line' id='line_1_91' title="bbox 207 4525 3520 4600; baseline -0.002 -16"><span class='ocrx_word' id='word_1_683' title='bbox 207 4534 442 4587; x_wconf 82' lang='lat' dir='ltr'><strong>citmut.</strong></span> <span class='ocrx_word' id='word_1_684' title='bbox 485 4529 613 4597; x_wconf 82' lang='lat' dir='ltr'><strong>Quis</strong></span> <span class='ocrx_word' id='word_1_685' title='bbox 633 4530 776 4582; x_wconf 90' lang='lat' dir='ltr'><strong>enim</strong></span> <span class='ocrx_word' id='word_1_686' title='bbox 808 4543 984 4582; x_wconf 87' lang='lat' dir='ltr'><strong>escam</strong></span> <span class='ocrx_word' id='word_1_687' title='bbox 1025 4543 1363 4587; x_wconf 83' lang='lat' dir='ltr'><strong>communem</strong></span> <span class='ocrx_word' id='word_1_688' title='bbox 1399 4535 1547 4595; x_wconf 85' lang='lat' dir='ltr'><strong>putet</strong></span> <span class='ocrx_word' id='word_1_689' title='bbox 1577 4527 1823 4581; x_wconf 86' lang='lat' dir='ltr'><strong>fidelibus</strong></span> <span class='ocrx_word' id='word_1_690' title='bbox 1854 4542 1907 4600; x_wconf 84' lang='lat' dir='ltr'><strong>D</strong></span> <span class='ocrx_word' id='word_1_691' title='bbox 1930 4529 2065 4582; x_wconf 81' lang='lat' dir='ltr'><strong>dixit</strong></span> <span class='ocrx_word' id='word_1_692' title='bbox 2086 4543 2205 4582; x_wconf 87' lang='lat' dir='ltr'><strong>esse</strong></span> <span class='ocrx_word' id='word_1_693' title='bbox 2227 4527 2426 4597; x_wconf 69' lang='lat' dir='ltr'><strong>quam“</strong></span> <span class='ocrx_word' id='word_1_694' title='bbox 2449 4527 2607 4580; x_wconf 83' lang='lat' dir='ltr'><strong>dicta.</strong></span> <span class='ocrx_word' id='word_1_695' title='bbox 2644 4527 2706 4580; x_wconf 83' lang='lat' dir='ltr'><strong>Et</strong></span> <span class='ocrx_word' id='word_1_696' title='bbox 2734 4534 2792 4579; x_wconf 92' lang='lat' dir='ltr'><strong>ut</strong></span> <span class='ocrx_word' id='word_1_697' title='bbox 2818 4525 3049 4595; x_wconf 79' lang='lat' dir='ltr'><strong>dignitas</strong></span> <span class='ocrx_word' id='word_1_698' title='bbox 3073 4541 3257 4579; x_wconf 84' lang='lat' dir='ltr'><strong>eorum</strong></span> <span class='ocrx_word' id='word_1_699' title='bbox 3282 4527 3520 4594; x_wconf 80' lang='lat' dir='ltr'><strong>amplius</strong></span> 
     </span>
    </p>
   </div>
   <div class='ocr_carea' id='block_1_92' title="bbox 209 4617 1825 4690">
    <p class='ocr_par' dir='ltr' id='par_1_92' title="bbox 209 4617 1825 4690">
     <span class='ocr_line' id='line_1_92' title="bbox 209 4617 1825 4690; baseline -0.003 -15"><span class='ocrx_word' id='word_1_700' title='bbox 209 4623 292 4676; x_wconf 76' lang='lat' dir='ltr'><strong>ad</strong></span> <span class='ocrx_word' id='word_1_701' title='bbox 336 4621 618 4690; x_wconf 55' lang='lat' dir='ltr'><strong>premium</strong></span> <span class='ocrx_word' id='word_1_702' title='bbox 648 4619 846 4680; x_wconf 86' lang='lat' dir='ltr'><strong>datam,</strong></span> <span class='ocrx_word' id='word_1_703' title='bbox 881 4634 1000 4687; x_wconf 68' lang='lat' dir='ltr'><strong>quae</strong></span> <span class='ocrx_word' id='word_1_704' title='bbox 1036 4627 1090 4672; x_wconf 90' lang='lat' dir='ltr'><strong>et</strong></span> <span class='ocrx_word' id='word_1_705' title='bbox 1113 4618 1481 4686; x_wconf 88' lang='lat' dir='ltr'><strong>peccatoribus</strong></span> <span class='ocrx_word' id='word_1_706' title='bbox 1512 4617 1708 4686; x_wconf 71' lang='lat' dir='ltr'><strong>passim</strong></span> <span class='ocrx_word' id='word_1_707' title='bbox 1733 4632 1825 4671; x_wconf 83' lang='lat' dir='ltr'><strong>co-</strong></span> 
     </span>
    </p>
   </div>
   <div class='ocr_carea' id='block_1_93' title="bbox 206 4710 1826 4786">
    <p class='ocr_par' dir='ltr' id='par_1_93' title="bbox 206 4710 1826 4786">
     <span class='ocr_line' id='line_1_93' title="bbox 206 4710 1826 4786; baseline -0.002 -20"><span class='ocrx_word' id='word_1_708' title='bbox 206 4713 517 4786; x_wconf 58' lang='lat' dir='ltr'><strong>suasi-itur</strong></span> <span class='ocrx_word' id='word_1_709' title='bbox 556 4711 854 4765; x_wconf 83' lang='lat' dir='ltr'><strong>attributa?</strong></span> <span class='ocrx_word' id='word_1_710' title='bbox 903 4710 1010 4766; x_wconf 89' lang='lat' dir='ltr'><strong>Sed</strong></span> <span class='ocrx_word' id='word_1_711' title='bbox 1055 4720 1115 4765; x_wconf 88' lang='lat' dir='ltr'><strong>ut</strong></span> <span class='ocrx_word' id='word_1_712' title='bbox 1155 4711 1324 4778; x_wconf 78' lang='lat' dir='ltr'><strong>magis</strong></span> <span class='ocrx_word' id='word_1_713' title='bbox 1357 4711 1457 4764; x_wconf 87' lang='lat' dir='ltr'><strong>hoc</strong></span> <span class='ocrx_word' id='word_1_714' title='bbox 1484 4710 1551 4764; x_wconf 89' lang='lat' dir='ltr'><strong>de</strong></span> <span class='ocrx_word' id='word_1_715' title='bbox 1595 4710 1826 4764; x_wconf 76' lang='lat' dir='ltr'><strong>adventu</strong></span> 
     </span>
    </p>
   </div>
   <div class='ocr_carea' id='block_1_94' title="bbox 210 4802 1824 4872">
    <p class='ocr_par' dir='ltr' id='par_1_94' title="bbox 210 4802 1824 4872">
     <span class='ocr_line' id='line_1_94' title="bbox 210 4802 1824 4872; baseline -0.004 -10"><span class='ocrx_word' id='word_1_716' title='bbox 210 4804 458 4862; x_wconf 79' lang='lat' dir='ltr'><strong>Domini</strong></span> <span class='ocrx_word' id='word_1_717' title='bbox 508 4802 804 4858; x_wconf 85' lang='lat' dir='ltr'><strong>Salvatoris</strong></span> <span class='ocrx_word' id='word_1_718' title='bbox 857 4802 1142 4858; x_wconf 89' lang='lat' dir='ltr'><strong>debuisses</strong></span> <span class='ocrx_word' id='word_1_719' title='bbox 1193 4803 1497 4866; x_wconf 87' lang='lat' dir='ltr'><strong>advertere,</strong></span> <span class='ocrx_word' id='word_1_720' title='bbox 1552 4805 1824 4872; x_wconf 87' lang='lat' dir='ltr'><strong>sequitur,</strong></span> 
     </span>
    </p>
   </div>
   <div class='ocr_carea' id='block_1_95' title="bbox 207 4893 1826 4956">
    <p class='ocr_par' dir='ltr' id='par_1_95' title="bbox 207 4893 1826 4956">
     <span class='ocr_line' id='line_1_95' title="bbox 207 4893 1826 4956; baseline -0.007 -3"><span class='ocrx_word' id='word_1_721' title='bbox 207 4911 436 4953; x_wconf 56' lang='lat' dir='ltr'><strong>memor</strong></span> <span class='ocrx_word' id='word_1_722' title='bbox 462 4896 554 4950; x_wconf 87' lang='lat' dir='ltr'><strong>erit</strong></span> <span class='ocrx_word' id='word_1_723' title='bbox 599 4896 654 4947; x_wconf 84' lang='lat' dir='ltr'><strong>in</strong></span> <span class='ocrx_word' id='word_1_724' title='bbox 695 4893 937 4948; x_wconf 69' lang='lat' dir='ltr'><strong>steculum</strong></span> <span class='ocrx_word' id='word_1_725' title='bbox 985 4894 1267 4947; x_wconf 83' lang='lat' dir='ltr'><strong>testamenti</strong></span> <span class='ocrx_word' id='word_1_726' title='bbox 1316 4894 1418 4946; x_wconf 86' lang='lat' dir='ltr'><strong>sui.</strong></span> <span class='ocrx_word' id='word_1_727' title='bbox 1462 4893 1661 4946; x_wconf 76' lang='lat' dir='ltr'><strong>Memor</strong></span> <span class='ocrx_word' id='word_1_728' title='bbox 1708 4893 1826 4956; x_wconf 83' lang='lat' dir='ltr'><strong>erit,</strong></span> 
     </span>
    </p>
   </div>
   <div class='ocr_carea' id='block_1_96' title="bbox 209 4981 1826 5052">
    <p class='ocr_par' dir='ltr' id='par_1_96' title="bbox 209 4981 1826 5052">
     <span class='ocr_line' id='line_1_96' title="bbox 209 4981 1826 5052; baseline -0.005 -10"><span class='ocrx_word' id='word_1_729' title='bbox 209 4985 593 5042; x_wconf 80' lang='lat' dir='ltr'><strong>humanitatis</strong></span> <span class='ocrx_word' id='word_1_730' title='bbox 620 4985 1007 5040; x_wconf 89' lang='lat' dir='ltr'><strong>consuetudine</strong></span> <span class='ocrx_word' id='word_1_731' title='bbox 1029 4983 1245 5050; x_wconf 86' lang='lat' dir='ltr'><strong>dicitur,</strong></span> <span class='ocrx_word' id='word_1_732' title='bbox 1275 4984 1400 5052; x_wconf 85' lang='lat' dir='ltr'><strong>quia</strong></span> <span class='ocrx_word' id='word_1_733' title='bbox 1430 4992 1557 5038; x_wconf 90' lang='lat' dir='ltr'><strong>tunc</strong></span> <span class='ocrx_word' id='word_1_734' title='bbox 1581 4982 1702 5052; x_wconf 88' lang='lat' dir='ltr'><strong>quis</strong></span> <span class='ocrx_word' id='word_1_735' title='bbox 1727 4981 1826 5036; x_wconf 88' lang='lat' dir='ltr'><strong>ali-</strong></span> 
     </span>
    </p>
   </div>
   <div class='ocr_carea' id='block_1_97' title="bbox 203 5076 1830 5150">
    <p class='ocr_par' dir='ltr' id='par_1_97' title="bbox 203 5076 1830 5150">
     <span class='ocr_line' id='line_1_97' title="bbox 203 5076 1830 5150; baseline -0.004 -17"><span class='ocrx_word' id='word_1_736' title='bbox 203 5078 379 5150; x_wconf 64' lang='lat' dir='ltr'><strong>quid</strong></span> <span class='ocrx_word' id='word_1_737' title='bbox 405 5080 454 5132; x_wconf 90' lang='lat' dir='ltr'><strong>in</strong></span> <span class='ocrx_word' id='word_1_738' title='bbox 486 5089 667 5134; x_wconf 84' lang='lat' dir='ltr'><strong>mente</strong></span> <span class='ocrx_word' id='word_1_739' title='bbox 695 5077 948 5133; x_wconf 82' lang='lat' dir='ltr'><strong>habuisse</strong></span> <span class='ocrx_word' id='word_1_740' title='bbox 972 5086 1207 5146; x_wconf 82' lang='lat' dir='ltr'><strong>putatur,</strong></span> <span class='ocrx_word' id='word_1_741' title='bbox 1238 5091 1358 5131; x_wconf 88' lang='lat' dir='ltr'><strong>cum</strong></span> <span class='ocrx_word' id='word_1_742' title='bbox 1390 5076 1651 5144; x_wconf 78' lang='lat' dir='ltr'><strong>promissa</strong></span> <span class='ocrx_word' id='word_1_743' title='bbox 1683 5089 1830 5129; x_wconf 83' lang='lat' dir='ltr'><strong>com-</strong></span> 
     </span>
    </p>
   </div>
   <div class='ocr_carea' id='block_1_98' title="bbox 209 5166 1830 5242">
    <p class='ocr_par' dir='ltr' id='par_1_98' title="bbox 209 5166 1830 5242">
     <span class='ocr_line' id='line_1_98' title="bbox 209 5166 1830 5242; baseline -0.005 -15"><span class='ocrx_word' id='word_1_744' title='bbox 209 5174 491 5242; x_wconf 68' lang='lat' dir='ltr'><strong>[Ilc&#39;el’iL</strong></span> <span class='ocrx_word' id='word_1_745' title='bbox 518 5169 582 5224; x_wconf 90' lang='lat' dir='ltr'><strong>In</strong></span> <span class='ocrx_word' id='word_1_746' title='bbox 595 5173 836 5226; x_wconf 70' lang='lat' dir='ltr'><strong>sarculum</strong></span> <span class='ocrx_word' id='word_1_747' title='bbox 852 5171 1208 5226; x_wconf 67' lang='lat' dir='ltr'><strong>aeternitatem</strong></span> <span class='ocrx_word' id='word_1_748' title='bbox 1224 5168 1507 5238; x_wconf 79' lang='lat' dir='ltr'><strong>signiﬁcat,</strong></span> <span class='ocrx_word' id='word_1_749' title='bbox 1527 5167 1646 5234; x_wconf 78' lang='lat' dir='ltr'><strong>quia</strong></span> <span class='ocrx_word' id='word_1_750' title='bbox 1669 5166 1830 5221; x_wconf 87' lang='lat' dir='ltr'><strong>verba</strong></span> 
     </span>
    </p>
   </div>
   <div class='ocr_carea' id='block_1_99' title="bbox 201 5258 1829 5322">
    <p class='ocr_par' dir='ltr' id='par_1_99' title="bbox 201 5258 1829 5322">
     <span class='ocr_line' id='line_1_99' title="bbox 201 5258 1829 5322; baseline -0.007 0"><span class='ocrx_word' id='word_1_751' title='bbox 201 5265 551 5322; x_wconf 71' lang='lat' dir='ltr'><strong>testamenti</strong></span> <span class='ocrx_word' id='word_1_752' title='bbox 579 5263 666 5319; x_wconf 82' lang='lat' dir='ltr'><strong>sui</strong></span> <span class='ocrx_word' id='word_1_753' title='bbox 689 5263 1008 5318; x_wconf 87' lang='lat' dir='ltr'><strong>solidissima</strong></span> <span class='ocrx_word' id='word_1_754' title='bbox 1035 5263 1257 5318; x_wconf 82' lang='lat' dir='ltr'><strong>veritate</strong></span> <span class='ocrx_word' id='word_1_755' title='bbox 1284 5260 1536 5315; x_wconf 84' lang='lat' dir='ltr'><strong>custodit.</strong></span> <span class='ocrx_word' id='word_1_756' title='bbox 1567 5259 1698 5314; x_wconf 87' lang='lat' dir='ltr'><strong>Nam</strong></span> <span class='ocrx_word' id='word_1_757' title='bbox 1723 5258 1829 5313; x_wconf 89' lang='lat' dir='ltr'><strong>sic-</strong></span> 
     </span>
    </p>
   </div>
   <div class='ocr_carea' id='block_1_100' title="bbox 205 5349 1835 5424">
    <p class='ocr_par' dir='ltr' id='par_1_100' title="bbox 205 5349 1835 5424">
     <span class='ocr_line' id='line_1_100' title="bbox 205 5349 1835 5424; baseline -0.007 -11"><span class='ocrx_word' id='word_1_758' title='bbox 205 5367 287 5413; x_wconf 67' lang='lat' dir='ltr'><strong>ut</strong></span> <span class='ocrx_word' id='word_1_759' title='bbox 335 5355 634 5424; x_wconf 81' lang='lat' dir='ltr'><strong>promissus</strong></span> <span class='ocrx_word' id='word_1_760' title='bbox 660 5364 743 5410; x_wconf 78' lang='lat' dir='ltr'><strong>est</strong></span> <span class='ocrx_word' id='word_1_761' title='bbox 772 5355 827 5410; x_wconf 90' lang='lat' dir='ltr'><strong>in</strong></span> <span class='ocrx_word' id='word_1_762' title='bbox 864 5353 1040 5408; x_wconf 83' lang='lat' dir='ltr'><strong>Veteri</strong></span> <span class='ocrx_word' id='word_1_763' title='bbox 1059 5353 1406 5407; x_wconf 83' lang='lat' dir='ltr'><strong>Testamento</strong></span> <span class='ocrx_word' id='word_1_764' title='bbox 1430 5351 1684 5404; x_wconf 89' lang='lat' dir='ltr'><strong>Dominus</strong></span> <span class='ocrx_word' id='word_1_765' title='bbox 1713 5349 1835 5406; x_wconf 89' lang='lat' dir='ltr'><strong>Sal-</strong></span> 
     </span>
    </p>
   </div>
   <div class='ocr_carea' id='block_1_101' title="bbox 207 5444 1832 5514">
    <p class='ocr_par' dir='ltr' id='par_1_101' title="bbox 207 5444 1832 5514">
     <span class='ocr_line' id='line_1_101' title="bbox 207 5444 1832 5514; baseline -0.002 -16"><span class='ocrx_word' id='word_1_766' title='bbox 207 5460 424 5514; x_wconf 67' lang='lat' dir='ltr'><strong>vator,</strong></span> <span class='ocrx_word' id='word_1_767' title='bbox 457 5449 527 5503; x_wconf 86' lang='lat' dir='ltr'><strong>ita</strong></span> <span class='ocrx_word' id='word_1_768' title='bbox 560 5449 614 5504; x_wconf 90' lang='lat' dir='ltr'><strong>in</strong></span> <span class='ocrx_word' id='word_1_769' title='bbox 647 5445 794 5502; x_wconf 81' lang='lat' dir='ltr'><strong>Novo</strong></span> <span class='ocrx_word' id='word_1_770' title='bbox 820 5445 1076 5502; x_wconf 85' lang='lat' dir='ltr'><strong>advenire</strong></span> <span class='ocrx_word' id='word_1_771' title='bbox 1095 5445 1344 5514; x_wconf 74' lang='lat' dir='ltr'><strong>dignatus</strong></span> <span class='ocrx_word' id='word_1_772' title='bbox 1366 5452 1470 5507; x_wconf 83' lang='lat' dir='ltr'><strong>est,</strong></span> <span class='ocrx_word' id='word_1_773' title='bbox 1501 5444 1552 5497; x_wconf 92' lang='lat' dir='ltr'><strong>in</strong></span> <span class='ocrx_word' id='word_1_774' title='bbox 1583 5458 1690 5511; x_wconf 91' lang='lat' dir='ltr'><strong>quo</strong></span> <span class='ocrx_word' id='word_1_775' title='bbox 1719 5459 1832 5496; x_wconf 82' lang='lat' dir='ltr'><strong>esca</strong></span> 
     </span>
    </p>
   </div>
   <div class='ocr_carea' id='block_1_102' title="bbox 207 5535 1834 5605">
    <p class='ocr_par' dir='ltr' id='par_1_102' title="bbox 207 5535 1834 5605">
     <span class='ocr_line' id='line_1_102' title="bbox 207 5535 1834 5605; baseline -0.004 -8"><span class='ocrx_word' id='word_1_776' title='bbox 207 5543 380 5597; x_wconf 67' lang='lat' dir='ltr'><strong>data</strong></span> <span class='ocrx_word' id='word_1_777' title='bbox 403 5551 470 5595; x_wconf 83' lang='lat' dir='ltr'><strong>est</strong></span> <span class='ocrx_word' id='word_1_778' title='bbox 495 5541 785 5594; x_wconf 83' lang='lat' dir='ltr'><strong>timentibus</strong></span> <span class='ocrx_word' id='word_1_779' title='bbox 799 5554 945 5605; x_wconf 89' lang='lat' dir='ltr'><strong>eum,</strong></span> <span class='ocrx_word' id='word_1_780' title='bbox 974 5539 1024 5593; x_wconf 90' lang='lat' dir='ltr'><strong>id</strong></span> <span class='ocrx_word' id='word_1_781' title='bbox 1045 5546 1127 5593; x_wconf 82' lang='lat' dir='ltr'><strong>est</strong></span> <span class='ocrx_word' id='word_1_782' title='bbox 1149 5535 1564 5593; x_wconf 88' lang='lat' dir='ltr'><strong>communicatio</strong></span> <span class='ocrx_word' id='word_1_783' title='bbox 1585 5535 1834 5604; x_wconf 85' lang='lat' dir='ltr'><strong>corporis</strong></span> 
     </span>
    </p>
   </div>
   <div class='ocr_carea' id='block_1_103' title="bbox 309 5710 1702 5791">
    <p class='ocr_par' dir='ltr' id='par_1_103' title="bbox 309 5710 1702 5791">
     <span class='ocr_line' id='line_1_103' title="bbox 309 5710 1702 5791; baseline -0.011 -13"><span class='ocrx_word' id='word_1_784' title='bbox 309 5719 367 5756; x_wconf 63' lang='grc'>⁸</span> <span class='ocrx_word' id='word_1_785' title='bbox 387 5717 477 5777; x_wconf 72' lang='grc' dir='ltr'><strong>ηις</strong></span> <span class='ocrx_word' id='word_1_786' title='bbox 505 5719 684 5791; x_wconf 81' lang='lat' dir='ltr'><strong>aliqua</strong></span> <span class='ocrx_word' id='word_1_787' title='bbox 717 5720 926 5776; x_wconf 83' lang='lat' dir='ltr'><strong>videtur</strong></span> <span class='ocrx_word' id='word_1_788' title='bbox 948 5718 1137 5773; x_wconf 83' lang='lat' dir='ltr'><strong>deesse</strong></span> <span class='ocrx_word' id='word_1_789' title='bbox 1165 5713 1498 5785; x_wconf 73' lang='lat' dir='ltr'><strong>coniunctio.</strong></span> <span class='ocrx_word' id='word_1_790' title='bbox 1545 5710 1702 5765; x_wconf 77' lang='lat' dir='ltr'><strong>Eutr.</strong></span> 
     </span>
    </p>
   </div>
   <div class='ocr_carea' id='block_1_104' title="bbox 1934 4617 3516 4688">
    <p class='ocr_par' dir='ltr' id='par_1_104' title="bbox 1934 4617 3516 4688">
     <span class='ocr_line' id='line_1_104' title="bbox 1934 4617 3516 4688; baseline -0.004 -14"><span class='ocrx_word' id='word_1_791' title='bbox 1934 4631 2230 4688; x_wconf 87' lang='lat' dir='ltr'><strong>appareret,</strong></span> <span class='ocrx_word' id='word_1_792' title='bbox 2262 4619 2474 4688; x_wconf 79' lang='lat' dir='ltr'><strong>adjecit,</strong></span> <span class='ocrx_word' id='word_1_793' title='bbox 2505 4620 2557 4672; x_wconf 86' lang='lat' dir='ltr'><strong>in</strong></span> <span class='ocrx_word' id='word_1_794' title='bbox 2579 4620 2786 4672; x_wconf 83' lang='lat' dir='ltr'><strong>veritate</strong></span> <span class='ocrx_word' id='word_1_795' title='bbox 2810 4628 2856 4671; x_wconf 82' lang='lat' dir='ltr'><strong>et</strong></span> <span class='ocrx_word' id='word_1_796' title='bbox 2883 4620 3140 4688; x_wconf 70' lang='lat' dir='ltr'><strong>tenuitate.</strong></span> <span class='ocrx_word' id='word_1_797' title='bbox 3181 4617 3380 4672; x_wconf 86' lang='lat' dir='ltr'><strong>Veritas</strong></span> <span class='ocrx_word' id='word_1_798' title='bbox 3411 4629 3516 4680; x_wconf 79' lang='lat' dir='ltr'><strong>est,</strong></span> 
     </span>
    </p>
   </div>
   <div class='ocr_carea' id='block_1_105' title="bbox 1933 4707 3520 4786">
    <p class='ocr_par' dir='ltr' id='par_1_105' title="bbox 1933 4707 3520 4786">
     <span class='ocr_line' id='line_1_105' title="bbox 1933 4707 3520 4786; baseline -0.003 -20"><span class='ocrx_word' id='word_1_799' title='bbox 1933 4716 2050 4786; x_wconf 83' lang='lat' dir='ltr'><strong>quia</strong></span> <span class='ocrx_word' id='word_1_800' title='bbox 2075 4715 2213 4767; x_wconf 87' lang='lat' dir='ltr'><strong>dicta</strong></span> <span class='ocrx_word' id='word_1_801' title='bbox 2239 4712 2608 4780; x_wconf 85' lang='lat' dir='ltr'><strong>complentur;</strong></span> <span class='ocrx_word' id='word_1_802' title='bbox 2639 4711 2853 4780; x_wconf 72' lang='lat' dir='ltr'><strong>aquilas</strong></span> <span class='ocrx_word' id='word_1_803' title='bbox 2874 4719 2975 4774; x_wconf 84' lang='lat' dir='ltr'><strong>est,</strong></span> <span class='ocrx_word' id='word_1_804' title='bbox 2999 4709 3117 4778; x_wconf 87' lang='lat' dir='ltr'><strong>quia</strong></span> <span class='ocrx_word' id='word_1_805' title='bbox 3137 4707 3355 4776; x_wconf 77' lang='lat' dir='ltr'><strong>justitirc</strong></span> <span class='ocrx_word' id='word_1_806' title='bbox 3389 4723 3520 4778; x_wconf 80' lang='lat' dir='ltr'><strong>pou-</strong></span> 
     </span>
    </p>
   </div>
   <div class='ocr_carea' id='block_1_106' title="bbox 1935 4799 3524 4874">
    <p class='ocr_par' dir='ltr' id='par_1_106' title="bbox 1935 4799 3524 4874">
     <span class='ocr_line' id='line_1_106' title="bbox 1935 4799 3524 4874; baseline -0.004 -14"><span class='ocrx_word' id='word_1_807' title='bbox 1935 4809 2062 4861; x_wconf 86' lang='lat' dir='ltr'><strong>dere</strong></span> <span class='ocrx_word' id='word_1_808' title='bbox 2093 4805 2454 4874; x_wconf 78' lang='lat' dir='ltr'><strong>proferuntur.</strong></span> <span class='ocrx_word' id='word_1_809' title='bbox 2485 4804 2590 4857; x_wconf 84' lang='lat' dir='ltr'><strong>llas</strong></span> <span class='ocrx_word' id='word_1_810' title='bbox 2632 4804 2775 4857; x_wconf 91' lang='lat' dir='ltr'><strong>enim</strong></span> <span class='ocrx_word' id='word_1_811' title='bbox 2806 4801 3030 4855; x_wconf 89' lang='lat' dir='ltr'><strong>virtutes</strong></span> <span class='ocrx_word' id='word_1_812' title='bbox 3061 4799 3400 4853; x_wconf 77' lang='lat' dir='ltr'><strong>manifestum</strong></span> <span class='ocrx_word' id='word_1_813' title='bbox 3438 4809 3524 4854; x_wconf 80' lang='lat' dir='ltr'><strong>est</strong></span> 
     </span>
    </p>
   </div>
   <div class='ocr_carea' id='block_1_107' title="bbox 1935 4894 2656 4966">
    <p class='ocr_par' dir='ltr' id='par_1_107' title="bbox 1935 4894 2656 4966">
     <span class='ocr_line' id='line_1_107' title="bbox 1935 4894 2656 4966; baseline -0.007 -15"><span class='ocrx_word' id='word_1_814' title='bbox 1935 4898 2052 4966; x_wconf 84' lang='lat' dir='ltr'><strong>ejus</strong></span> <span class='ocrx_word' id='word_1_815' title='bbox 2079 4899 2354 4950; x_wconf 86' lang='lat' dir='ltr'><strong>continere</strong></span> <span class='ocrx_word' id='word_1_816' title='bbox 2387 4894 2656 4948; x_wconf 87' lang='lat' dir='ltr'><strong>mandata.</strong></span> 
     </span>
    </p>
   </div>
   <div class='ocr_carea' id='block_1_108' title="bbox 2009 4984 3518 5055">
    <p class='ocr_par' dir='ltr' id='par_1_108' title="bbox 2009 4984 3518 5055">
     <span class='ocr_line' id='line_1_108' title="bbox 2009 4984 3518 5055; baseline -0.005 -13"><span class='ocrx_word' id='word_1_817' title='bbox 2009 4991 2163 5044; x_wconf 68' lang='grc' dir='ltr'>νει-ε.</span> <span class='ocrx_word' id='word_1_818' title='bbox 2187 4991 2242 5044; x_wconf 89' lang='grc'>9.</span> <span class='ocrx_word' id='word_1_819' title='bbox 2269 4988 2402 5055; x_wconf 75' lang='lat' dir='ltr'><strong>Pus,</strong></span> <span class='ocrx_word' id='word_1_820' title='bbox 2430 4988 2595 5052; x_wconf 68' lang='lat' dir='ltr'><strong>Sans,</strong></span> <span class='ocrx_word' id='word_1_821' title='bbox 2623 4987 2788 5040; x_wconf 68' lang='lat' dir='ltr'><strong>Corn.</strong></span> <span class='ocrx_word' id='word_1_822' title='bbox 2817 4985 3232 5054; x_wconf 73' lang='lat' dir='ltr'><strong>Redemptiunem</strong></span> <span class='ocrx_word' id='word_1_823' title='bbox 3263 4984 3398 5036; x_wconf 86' lang='lat' dir='ltr'><strong>misit</strong></span> <span class='ocrx_word' id='word_1_824' title='bbox 3428 4998 3518 5049; x_wconf 80' lang='lat' dir='ltr'><strong>po-</strong></span> 
     </span>
    </p>
   </div>
   <div class='ocr_carea' id='block_1_109' title="bbox 1935 5081 3516 5150">
    <p class='ocr_par' dir='ltr' id='par_1_109' title="bbox 1935 5081 3516 5150">
     <span class='ocr_line' id='line_1_109' title="bbox 1935 5081 3516 5150; baseline -0.004 -16"><span class='ocrx_word' id='word_1_825' title='bbox 1935 5083 2057 5150; x_wconf 81' lang='lat' dir='ltr'><strong>pulo</strong></span> <span class='ocrx_word' id='word_1_826' title='bbox 2089 5099 2217 5147; x_wconf 88' lang='lat' dir='ltr'><strong>suo;</strong></span> <span class='ocrx_word' id='word_1_827' title='bbox 2260 5081 2517 5134; x_wconf 85' lang='lat' dir='ltr'><strong>mandavit</strong></span> <span class='ocrx_word' id='word_1_828' title='bbox 2565 5081 2617 5132; x_wconf 88' lang='lat' dir='ltr'><strong>in</strong></span> <span class='ocrx_word' id='word_1_829' title='bbox 2668 5089 2910 5132; x_wconf 79' lang='lat' dir='ltr'><strong>wternum</strong></span> <span class='ocrx_word' id='word_1_830' title='bbox 2961 5087 3313 5132; x_wconf 81' lang='lat' dir='ltr'><strong>testamentum</strong></span> <span class='ocrx_word' id='word_1_831' title='bbox 3342 5092 3516 5128; x_wconf 82' lang='lat' dir='ltr'><strong>suum.</strong></span> 
     </span>
    </p>
   </div>
   <div class='ocr_carea' id='block_1_110' title="bbox 1939 5169 3520 5238">
    <p class='ocr_par' dir='ltr' id='par_1_110' title="bbox 1939 5169 3520 5238">
     <span class='ocr_line' id='line_1_110' title="bbox 1939 5169 3520 5238; baseline -0.005 -10"><span class='ocrx_word' id='word_1_832' title='bbox 1939 5175 2186 5228; x_wconf 86' lang='lat' dir='ltr'><strong>Sanctum</strong></span> <span class='ocrx_word' id='word_1_833' title='bbox 2216 5182 2263 5226; x_wconf 89' lang='lat' dir='ltr'><strong>ct</strong></span> <span class='ocrx_word' id='word_1_834' title='bbox 2294 5171 2512 5226; x_wconf 86' lang='lat' dir='ltr'><strong>terribile</strong></span> <span class='ocrx_word' id='word_1_835' title='bbox 2541 5186 2726 5223; x_wconf 86' lang='lat' dir='ltr'><strong>nomen</strong></span> <span class='ocrx_word' id='word_1_836' title='bbox 2751 5171 2874 5238; x_wconf 71' lang='lat' dir='ltr'><strong>ejus.</strong></span> <span class='ocrx_word' id='word_1_837' title='bbox 2914 5169 3008 5222; x_wconf 91' lang='lat' dir='ltr'><strong>llic</strong></span> <span class='ocrx_word' id='word_1_838' title='bbox 3031 5169 3520 5238; x_wconf 84' lang='lat' dir='ltr'><strong>entltymematictts</strong></span> 
     </span>
    </p>
   </div>
   <div class='ocr_carea' id='block_1_111' title="bbox 1938 5259 3526 5338">
    <p class='ocr_par' dir='ltr' id='par_1_111' title="bbox 1938 5259 3526 5338">
     <span class='ocr_line' id='line_1_111' title="bbox 1938 5259 3526 5338; baseline -0.005 -17"><span class='ocrx_word' id='word_1_839' title='bbox 1938 5267 2280 5338; x_wconf 75' lang='lat' dir='ltr'><strong>syllogismus</strong></span> <span class='ocrx_word' id='word_1_840' title='bbox 2318 5267 2426 5333; x_wconf 82' lang='lat' dir='ltr'><strong>jam</strong></span> <span class='ocrx_word' id='word_1_841' title='bbox 2472 5264 2629 5319; x_wconf 88' lang='lat' dir='ltr'><strong>nobis</strong></span> <span class='ocrx_word' id='word_1_842' title='bbox 2671 5263 3036 5331; x_wconf 86' lang='lat' dir='ltr'><strong>frequentatus</strong></span> <span class='ocrx_word' id='word_1_843' title='bbox 3065 5261 3336 5323; x_wconf 74' lang='lat' dir='ltr'><strong>oboritur;</strong></span> <span class='ocrx_word' id='word_1_844' title='bbox 3368 5259 3526 5328; x_wconf 72' lang='lat' dir='ltr'><strong>cujus</strong></span> 
     </span>
    </p>
   </div>
   <div class='ocr_carea' id='block_1_112' title="bbox 1937 5355 3524 5432">
    <p class='ocr_par' dir='ltr' id='par_1_112' title="bbox 1937 5355 3524 5432">
     <span class='ocr_line' id='line_1_112' title="bbox 1937 5355 3524 5432; baseline -0.006 -15"><span class='ocrx_word' id='word_1_845' title='bbox 1937 5360 2231 5432; x_wconf 46' lang='lat' dir='ltr'><strong>propositio</strong></span> <span class='ocrx_word' id='word_1_846' title='bbox 2257 5369 2336 5414; x_wconf 88' lang='lat' dir='ltr'><strong>est</strong></span> <span class='ocrx_word' id='word_1_847' title='bbox 2361 5376 2372 5410; x_wconf 92' lang='lat'><strong>:</strong></span> <span class='ocrx_word' id='word_1_848' title='bbox 2403 5358 2815 5424; x_wconf 79' lang='lat' dir='ltr'><strong>Redemptionem</strong></span> <span class='ocrx_word' id='word_1_849' title='bbox 2840 5355 2974 5407; x_wconf 88' lang='lat' dir='ltr'><strong>misit</strong></span> <span class='ocrx_word' id='word_1_850' title='bbox 3003 5355 3192 5424; x_wconf 86' lang='lat' dir='ltr'><strong>papqu</strong></span> <span class='ocrx_word' id='word_1_851' title='bbox 3221 5368 3336 5417; x_wconf 91' lang='lat' dir='ltr'><strong>suo,</strong></span> <span class='ocrx_word' id='word_1_852' title='bbox 3366 5369 3524 5407; x_wconf 80' lang='lat' dir='ltr'><strong>matr-</strong></span> 
     </span>
    </p>
   </div>
   <div class='ocr_carea' id='block_1_113' title="bbox 1938 5444 3524 5513">
    <p class='ocr_par' dir='ltr' id='par_1_113' title="bbox 1938 5444 3524 5513">
     <span class='ocr_line' id='line_1_113' title="bbox 1938 5444 3524 5513; baseline -0.005 -5"><span class='ocrx_word' id='word_1_853' title='bbox 1938 5455 2072 5508; x_wconf 77' lang='lat' dir='ltr'><strong>davit</strong></span> <span class='ocrx_word' id='word_1_854' title='bbox 2098 5454 2149 5507; x_wconf 89' lang='lat' dir='ltr'><strong>in</strong></span> <span class='ocrx_word' id='word_1_855' title='bbox 2179 5459 2421 5506; x_wconf 68' lang='lat' dir='ltr'><strong>(etet-num</strong></span> <span class='ocrx_word' id='word_1_856' title='bbox 2461 5457 2809 5503; x_wconf 68' lang='lat' dir='ltr'><strong>testamentum</strong></span> <span class='ocrx_word' id='word_1_857' title='bbox 2849 5461 3017 5500; x_wconf 86' lang='lat' dir='ltr'><strong>suum.</strong></span> <span class='ocrx_word' id='word_1_858' title='bbox 3051 5444 3306 5513; x_wconf 89' lang='lat' dir='ltr'><strong>Sequitur</strong></span> <span class='ocrx_word' id='word_1_859' title='bbox 3329 5459 3524 5513; x_wconf 72' lang='lat' dir='ltr'><strong>exspe-</strong></span> 
     </span>
    </p>
   </div>
   <div class='ocr_carea' id='block_1_114' title="bbox 1939 5537 3526 5607">
    <p class='ocr_par' dir='ltr' id='par_1_114' title="bbox 1939 5537 3526 5607">
     <span class='ocr_line' id='line_1_114' title="bbox 1939 5537 3526 5607; baseline -0.003 -10"><span class='ocrx_word' id='word_1_860' title='bbox 1939 5553 2076 5598; x_wconf 85' lang='lat' dir='ltr'><strong>ctata</strong></span> <span class='ocrx_word' id='word_1_861' title='bbox 2103 5541 2373 5597; x_wconf 87' lang='lat' dir='ltr'><strong>conclusio</strong></span> <span class='ocrx_word' id='word_1_862' title='bbox 2407 5557 2419 5593; x_wconf 88' lang='lat'><strong>:</strong></span> <span class='ocrx_word' id='word_1_863' title='bbox 2453 5538 2700 5594; x_wconf 85' lang='lat' dir='ltr'><strong>Sanctum</strong></span> <span class='ocrx_word' id='word_1_864' title='bbox 2721 5546 2796 5593; x_wconf 81' lang='lat' dir='ltr'><strong>cst</strong></span> <span class='ocrx_word' id='word_1_865' title='bbox 2823 5537 2983 5607; x_wconf 78' lang='lat' dir='ltr'><strong>igitur</strong></span> <span class='ocrx_word' id='word_1_866' title='bbox 3011 5547 3060 5591; x_wconf 89' lang='lat' dir='ltr'><strong>et</strong></span> <span class='ocrx_word' id='word_1_867' title='bbox 3087 5537 3309 5592; x_wconf 72' lang='lat' dir='ltr'><strong>terribile</strong></span> <span class='ocrx_word' id='word_1_868' title='bbox 3333 5553 3526 5593; x_wconf 75' lang='lat' dir='ltr'><strong>nam</strong></span> 
     </span>
    </p>
   </div>
  </div>
