4032 6176
493 285 594 341 8δῦ

496 504 577 545 rst
614 492 678 545 ad
709 493 1002 558 ingressum
1030 487 1262 545 tertium,
1287 484 1335 537 iu
1368 500 1470 553 quo
1498 482 1773 536 Dominum
1815 483 2067 536 Salvatos

498 597 609 636 retu
642 578 944 648 pronuntiat
965 591 1085 632 esse
1109 585 1411 636 venturum,
1449 573 1535 639 qtti
1566 573 1855 635 timendus,
1886 586 2071 624 aman—

497 673 595 722 dus
624 677 678 722 et
701 670 950 723 continua
995 664 1355 719 exsultatione
1387 662 1684 715 laudandus
1715 670 1815 715 est.
1858 661 2069 714 Conve-

498 764 708 817 nienter
736 770 909 814 autem
939 759 1149 821 dicitur,
1194 756 1603 825 ltedemptionem
1638 753 1789 819 misit,
1817 753 2068 821 quaniam

500 854 602 908 hoc
625 852 937 906 videbantur
969 849 1207 917 indigere
1229 849 1443 916 captivi.
1466 847 1569 900 Sed
1599 846 1703 899 tale
1727 848 1948 914 pretium
1975 844 2072 896 fuit

502 944 641 1011 quod
679 955 930 1013 tyrannus
963 956 1065 991 non
1107 948 1364 1001 sumeret,
1399 937 1490 989 sed
1522 936 1613 991 ille
1642 935 1728 998 qui
1758 936 1851 986 abs
1876 935 2071 986 ilveba-

504 1044 590 1088 tur
625 1033 908 1101 acciperet.
974 1031 1229 1081 Lucratus
1281 1038 1365 1081 est
1402 1028 1642 1093 captivus
1682 1024 2075 1092 redemptionem

506 1140 680 1191 suam,
736 1133 789 1177 et
838 1122 949 1189 ipse
979 1132 1060 1174 est
1091 1118 1256 1187 inagis
1303 1118 1425 1171 inde
1456 1117 1655 1170 ditatus
1685 1116 1771 1184 qui
1800 1117 2077 1169 tenebatur

506 1217 785 1273 obnoxius.
816 1214 1085 1282 Sequitur,
1107 1211 1360 1263 mandavit
1391 1209 1442 1260 in
1467 1214 2077 1262 teternumtestamentutn

508 1326 675 1363 suum.
701 1306 951 1361 Mandare
977 1305 1223 1366 dicimus,
1251 1302 1557 1355 absentibus
1580 1300 1736 1352 verba
1763 1313 1856 1364 per
1877 1295 2079 1348 medias

509 1399 777 1453 dealinare
818 1410 1091 1464 personas.
1148 1392 1298 1460 Quod
1338 1389 1531 1443 factum
1576 1396 1814 1448 constat,
1868 1385 2079 1454 quando

511 1491 884 1544 Tes'amentum
913 1487 1115 1541 NuVum
1142 1499 1236 1554 per
1257 1482 1529 1552 aposwlos
1550 1488 1709 1547 atque
1729 1479 2084 1557 evangelista?

513 1599 637 1638 suos
682 1578 972 1634 transmisit
998 1576 1063 1630 ad
1108 1585 1311 1644 gentes.
1347 1571 1411 1626 In
1442 1582 1688 1626 teternum
1722 1580 1899 1622 autem
1939 1580 2084 1622 recte

515 1676 723 1737 dicitur,
755 1675 875 1742 quia
908 1672 1107 1724 nullum
1133 1668 1207 1722 illi
1251 1667 1392 1721 aliud
1423 1679 1793 1721 successurum
1823 1662 2085 1731 signiﬁca-

1686 278 1752 331 M.
1796 273 2072 331 AUllELll
2112 271 2511 330 (IASSIODORI

494 405 624 469 ejus.
670 398 956 455 Audiamus
988 395 1185 463 reliqua
1233 407 1349 461 quae
1380 401 1694 459 sequuntur.
1745 391 2062 444 Perventum
2096 397 2139 447 Α

3641 256 3751 313 ὅὺἱ

2693 382 2963 437 Conclusio
3002 377 3206 451 psalmi.

2242 477 2408 541 Quam
2464 475 2599 529 bene
2632 473 2972 528 ﬁdi-lis~ituus
3004 471 3227 538 populus
3258 470 3362 521 iste
3392 465 3599 519 laetatus
3626 459 3752 519 est!

2173 570 2294 624 Fttit
2317 580 2370 623 et
2394 578 2631 621 nostrum
2652 566 2898 636 gaudium
2922 564 3103 615 audire
3124 559 3460 631 gaudentem.
3484 554 3758 610 Alacritas

2171 660 2310 713 enim
2343 660 2539 711 mentis
2567 665 2807 725 augetur,
2828 653 3039 722 quando
3068 650 3285 704 alterius
3312 647 3538 701 laetantis
3568 642 3756 712 μι-υιτιι

2175 762 2222 805 ta
2271 751 2428 804 verba
2467 750 2699 803 suaviter
2745 745 3081 799 hauriuntur.
3117 742 3220 795 Sed
3254 754 3352 793 nec
3390 740 3491 791 hoc
3534 750 3756 804 quoque

2175 852 2387 912 putetur
2408 842 2660 904 otiosum,
2686 837 2825 907 quod
2859 845 2975 904 post
3004 832 3352 887 centesimum
3385 842 3582 881 nonum
3607 826 3753 895 psal-

2177 949 2319 986 mum
2348 933 2463 985 bazc
2487 929 2775 985 exsultatio
2804 926 3038 981 ﬁdelium
3067 923 3154 976 tali
3186 936 3407 975 numero
3435 918 3758 972 collocatur.

2180 1023 2402 1093 Respice
2421 1024 2562 1077 enim
2593 1019 2927 1075 dulcedinem
2949 1017 3396 1079 securitatemque
3424 1007 3758 1070 canentium,

2179 1124 2232 1171 et
2262 1116 2500 1171 invenies
2528 1114 2610 1166 hic
2644 1112 2926 1180 imaginem
2964 1108 3103 1161 illius
3133 1103 3334 1173 prmtuii
3367 1102 3758 1165 contributatn,

2180 1225 2336 1279 quam
2362 1206 2618 1276 operariis
2642 1206 2691 1258 in
2714 1201 2998 1267 Evangelia
3022 1198 3277 1252 Dominus
3302 1193 3597 1262 pollicetur,
3621 1204 3761 1260 quos
3802 1196 3805 1197 ⁷

2183 1301 2246 1354 ad
2279 1301 2513 1353 laborem
2544 1298 2712 1351 vincte
2741 1292 3035 1349 vocationis
3074 1304 3187 1345 sua:
3229 1285 3537 1340 muneribus
3569 1282 3763 1337 invita-

2182 1397 2278 1451 vit.
2331 1396 2448 1463 lpse
2476 1402 2559 1447 est
2599 1392 2738 1469 enim
2770 1388 3023 1442 denarius
3048 1383 3138 1454 qui
3161 1390 3215 1437 et
3244 1396 3397 1433 mane
3437 1387 3490 1432 et
3514 1392 3635 1432 sero
3665 1390 3763 1430 ve-

2186 1486 2451 1542 nientibus
2489 1468 2718 1536 dabitur.
2755 1478 3031 1539 Denarius,
3060 1474 3309 1545 quoniam
3340 1468 3610 1525 coronalis
3627 1478 3715 1521 est
3747 1483 3763 1529 ;

2186 1593 2346 1640 unus,
2370 1577 2489 1646 quia
2511 1576 2667 1627 linem
2693 1570 2901 1638 penitus
2926 1583 3027 1621 non
3054 1562 3288 1618 habebit.
3309 1560 3498 1614 Addita
3525 1567 3610 1613 est
3638 1557 3767 1609 huic

2191 1670 2395 1739 psalmo
2415 1677 2471 1721 et
2491 1664 2756 1734 alphabeti
2787 1663 2977 1715 decora
3007 1656 3287 1727 perfectio,
3312 1664 3366 1707 ut
3389 1652 3572 1723 gratia:
3601 1656 3770 1703 tanta:

519 1777 623 1831 tur,
656 1767 791 1817 sicut
812 1764 861 1815 iu
888 1761 1064 1815 Veteri
1083 1760 1424 1814 Testamento
1449 1764 1659 1811 constat
1676 1754 1943 1810 etfectum.
1977 1754 2085 1806 lloc
2117 1748 2163 1805 Β
2188 1758 2556 1816 εχευιιειίοιήε
2581 1757 2877 1810 litterarum
2903 1748 3166 1804 institutio
3184 1748 3515 1814 jungeretur.

517 1867 599 1911 est
621 1858 760 1910 enim
785 1854 923 1924 quod
966 1863 1154 1906 cuncta
1206 1848 1502 1912 conclusit,
1546 1847 1666 1917 quia
1701 1844 2089 1914 plenitudinem

518 1964 691 2013 suam,
739 1962 858 2017 quae
889 1946 1033 2015 prius
1082 1943 1253 1998 fuerat
1281 1941 1569 2012 promissa,
1614 1938 1866 1994 restituit.
1898 1936 2086 1992 Merito

520 2056 647 2107 ergo
676 2051 917 2093 retentum
952 2036 1165 2097 dicitur,
1219 2032 1357 2101 quod
1391 2032 1534 2085 nullo
1566 2030 1671 2083 alio
1714 2028 1952 2095 indigere
1992 2042 2087 2080 co-

520 2131 807 2201 gnoscitur.
842 2128 1074 2191 Addidit,
1116 2127 1366 2182 Sanctum
1406 2135 1451 2177 et
1475 2123 1696 2176 terribile
1735 2136 1920 2174 nomen
1953 2121 2085 2190 ejus.

525 2223 775 2277 Sanctum
820 2219 1051 2289 pertinet
1091 2218 1156 2271 ad
1207 2214 1664 2277 incarnationem,
1711 2211 1850 2264 sicut
1872 2210 1986 2277 ipse
2013 2208 2095 2261 di-

524 2314 641 2368 cit:
680 2311 890 2365 Custodi
937 2311 1160 2363 animam
1200 2323 1393 2370 meam,
1446 2304 1685 2370 quoniam
1736 2313 1941 2355 sanctus
1986 2314 2097 2353 sum

527 2402 696 2474 (Psal.
722 2417 914 2465 Lsxxv,
938 2400 1016 2468 2).
1048 2398 1294 2453 Terribile
1315 2396 1379 2450 ad
1407 2394 1846 2463 omnipotentiam
1879 2391 2099 2447 Deitatis

525 2493 775 2559 excelsze,
794 2493 931 2546 sicut
959 2492 1010 2544 in
1041 2490 1146 2544 a'io
1173 2491 1375 2557 psalmo
1403 2487 1595 2541 dicitur
1618 2501 1635 2541 :
1660 2483 1738 2539 Tu
1768 2484 2005 2538 terribilis
2022 2499 2098 2547 es,

528 2594 573 2638 et
592 2584 704 2654 quis
730 2582 922 2637 resistet
948 2581 1035 2634 tibi
1064 2578 1238 2652 (Psal.
1270 2592 1432 2643 Lsxv,
1458 2577 1553 2646 8)?
1582 2576 1712 2643 Quae
1740 2575 1847 2629 duo
1877 2574 1943 2627 ad
1971 2571 2099 2627 illud

532 2673 817 2742 pertinent,
847 2680 905 2726 ut
932 2685 1171 2725 amemus
1190 2669 1525 2731 advocatum,
1558 2666 1875 2734 iudicantem
1908 2665 2101 2717 timere

533 2763 839 2819 debeamus.
872 2763 994 2817 llaec
1019 2761 1162 2817 enim
1186 2769 1552 2828 competenter
1572 2766 1794 2826 utraque
1818 2753 2101 2821 conjuncta

534 2862 681 2918 sunt,
712 2868 780 2906 ne
820 2866 920 2907 nos
948 2861 1039 2905 aut
1068 2851 1213 2905 solus
1238 2864 1389 2904 amor
1422 2849 1748 2917 negligentes
1777 2845 1984 2912 reddat,
2015 2851 2108 2898 aut

535 2955 736 2999 tantum
766 2944 927 2997 timor
953 2945 1262 3012 desperatos
1291 2941 1507 2997 efficiat.

609 3037 758 3094 Vers.
810 3037 897 3106 10,
930 3035 1067 3107 Rt‘s,
1097 3035 1210 3098 Sta.
1238 3033 1377 3095 Tati.
1412 3032 1625 3092 Initium
1661 3029 1924 3104 sapientia?
1959 3030 2107 3089 timor

538 3131 765 3187 Donnni.
819 3130 1113 3187 Intellectus
1153 3132 1312 3186 bonus
1363 3131 1596 3185 omnibus
1644 3131 1940 3199 facientibus
1993 3146 2105 3182 eam

537 3226 688 3297 [tuss.
704 3226 789 3287 A..
808 3225 891 3293 B.,
911 3225 995 3288 Ρ..
1019 3224 1175 3296 eum].
1195 3226 1445 3279 Laudatio
1469 3228 1577 3290 e,'us
1604 3235 1772 3278 manet
1796 3224 1847 3277 in
1869 3223 2112 3277 simulam

541 3317 735 3371 swruli.
767 3316 993 3370 Pulchre
1014 3316 1290 3369 definitum
1314 3326 1395 3370 est
1419 3316 1542 3384 quid
1581 3317 1651 3369 sit
1676 3317 1827 3368 timor
1857 3314 2061 3368 Domini
2087 3330 2107 3379 ,-

542 3406 746 3459 scilicet
772 3402 987 3457 Initium
1022 3407 1303 3475 sapientite.
1351 3406 1452 3459 Per
1480 3404 1621 3458 hunc
1650 3406 1790 3458 enim
1832 3406 1897 3458 ad
1928 3404 2107 3459 Domi-

541 3511 668 3549 num
700 3496 843 3550 velut
870 3496 1182 3564 quibusdatn
1204 3495 1382 3564 jauuis
1407 3495 1673 3548 iutroitur.
1701 3494 1831 3548 Nam
1858 3496 1903 3548 si
1937 3505 2111 3552 metus

541 3585 655 3654 ejus
677 3585 857 3653 judicii
888 3584 1174 3649 ne~ciatur,
1206 3584 1576 3639 conversionis
1607 3585 1866 3638 medicina
1889 3585 2112 3654 negligi-

543 3686 649 3730 tur.
679 3676 984 3730 Timeamus
1007 3677 1369 3739 ulciscentem,
1393 3685 1449 3729 ut
1471 3691 1770 3729 mereamur
1794 3677 2115 3745 Redempto-

543 3770 618 3823 ris
673 3768 798 3841 [ed.,
842 3768 1242 3839 redemptionis]
1286 3768 1515 3837 gratiam
1545 3767 1800 3835 reperire.
1840 3768 2115 3834 Sequitur,

543 3862 820 3915 intellectus
839 3861 997 3913 bonus
1026 3860 1269 3935 omnibus
1296 3858 1596 3929 facientibus
1639 3875 1770 3911 eam.
1803 3857 1880 3913 Ne
1902 3858 2115 3927 sapien-

546 3951 670 4004 tiam
717 3959 928 4019 putares
979 3949 1285 4011 humanam,
1319 3965 1437 4018 qua:
1483 3948 1699 4003 incertis
1725 3948 1936 4002 casibus
1967 3958 2118 4002 nutat

544 4050 593 4093 et
626 4038 861 4103 ﬂuctuat,
885 4037 1014 4092 dicit
1037 4036 1104 4092 de
1134 4039 1231 4091 ista
1258 4036 1463 4091 cmlesti
1491 4036 1753 4103 sapientia
1782 4053 1797 4089 :
1824 4034 2117 4089 Intellectus

545 4128 723 4195 bonus,
756 4127 805 4181 id
836 4136 918 4181 est
957 4142 1115 4181 verus
1154 4137 1313 4195 atque
1342 4128 1611 4189 salutaris,
1647 4142 1803 4195 quem
1835 4136 2043 4181 constat
2066 4128 2117 4180 in

545 4218 630 4270 illa
660 4233 765 4269 nun
793 4232 931 4279 e-se,
958 4215 1025 4270 de
1062 4231 1163 4285 qua
1192 4216 1445 4282 scriptum
1490 4227 1573 4270 est
1604 4233 1616 4268 :
1651 4217 1919 4283 Sapientia
1963 4216 2117 4283 hujus

546 4309 720 4361 mundi
765 4309 977 4361 stultitia
1009 4318 1082 4362 est
1122 4308 1259 4378 apud
1308 4306 1470 4361 Deum
1500 4306 1552 4377 (1
1595 4307 1715 4362 Cor.
1749 4325 1825 4371 Ill,
1861 4308 1972 4377 l9).
2019 4309 2120 4363 Iste

549 4412 679 4466 ergo
706 4397 987 4451 intellectus
1010 4397 1097 4466 qtti
1127 4398 1176 4452 in
1206 4400 1397 4452 timore
1425 4399 1634 4452 Domini
1668 4399 1921 4466 probatur
1946 4400 2119 4454 inten-

2476 1865 2832 1924 EXPOSITIO
2877 1863 2941 1918 IN
2991 1859 3313 1918 PSALMUM
3347 1856 3483 1911 CXI.

2367 1962 2609 2025 Alleluia,
2646 1956 2982 2012 conversionis
3020 1953 3193 2019 Aggtri
3222 1961 3271 2006 et
3299 1948 3586 2002 Zacharite.

2266 2079 2398 2133 Cum
2448 2077 2550 2145 iam
2590 2074 2893 2142 frequenter
2924 2068 3093 2122 solum
3137 2062 3368 2133 posuerit
3415 2058 3660 2123 Alleluia,
3697 2056 3775 2110 vi-

2197 2170 2418 2225 deamus
2458 2165 2685 2232 adiectio
2733 2164 2831 2215 ista
2864 2158 3134 2213 nominum
3189 2154 3314 2223 quid
3345 2151 3473 2205 velit
3523 2145 3771 2209 intelliéi.

2200 2261 2417 2330 Aggteus
2438 2267 2486 2310 et
2507 2252 2784 2309 Zacharias
2802 2250 3074 2321 prophetae
3104 2246 3313 2299 fuerunt
3342 2241 3431 2311 qui
3459 2250 3577 2310 post
3600 2249 3779 2291 trans-

2203 2349 2570 2418 migrationem
2604 2344 2910 2415 Babylonia:
2951 2341 3050 2394 sub
3089 2339 3244 2391 Dario
3274 2351 3397 2401 rege
3454 2334 3611 2400 longo
3656 2339 3783 2400 pust

2202 2453 2445 2510 tempore
2470 2437 2922 2508 prophetaverunt
2950 2445 3107 2501 quam
3148 2430 3251 2483 ista
3275 2428 3380 2480 sint
3412 2435 3643 2479 cantata.
3670 2422 3786 2474 lte-

2202 2516 2342 2585 versi
2374 2529 2514 2583 enim
2541 2528 2595 2580 iu
2616 2523 2915 2579 Jerusalem
2941 2520 3160 2589 patriam
3189 2530 3361 2579 suam,
3393 2528 3512 2567 cum
3539 2510 3787 2579 reparari

2205 2620 2464 2690 templum
2489 2618 2750 2679 viderent,
2772 2614 2955 2668 laudes
2976 2608 3185 2664 Domini
3213 2620 3401 2675 magna
3419 2604 3595 2657 exsult
3613 2604 3788 2657 itione

2206 2712 2578 2784 profuderunt.
2610 2708 2689 2763 Ad
2718 2721 2875 2776 quam
2908 2700 3312 2756 similitudinem
3339 2708 3392 2752 et
3435 2696 3521 2749 hic
3547 2694 3790 2762 psalmus

2209 2783 2536 2873 integerrimi
2568 2796 2835 2867 alphabeti
2892 2794 3107 2857 litteris,
3153 2789 3305 2860 quasi
3351 2787 3553 2856 regulis
3602 2783 3789 2838 aureis

2210 2895 2449 2951 noscitur
2491 2906 2610 2947 esse
2656 2897 2972 2951 contextus;
3028 2898 3185 2952 quem
3225 2889 3346 2949 post
3390 2876 3789 2931 absolutionem

2210 2996 2549 3059 peccatorum
2588 2978 2969 3051 perfectissima
3015 2974 3205 3028 debeat
3229 2970 3565 3025 Christianus
3592 2967 3803 3022 alacri-

2134 3109 2181 3175 ο
2216 3091 2319 3140 tate
2355 3087 2595 3132 cantare.
2643 3073 2706 3125 Et
2751 3077 3020 3124 memento
3048 3064 3188 3135 quod
3238 3062 3511 3117 institutor
3542 3058 3789 3112 ﬁdelium

2788 3168 2799 3175 .
3120 3172 3139 3175 ν-
3161 3155 3223 3175 1:.
3259 3156 3390 3175 -__:---
3440 3160 3551 3175 ..ηρι
3587 3149 3761 3175 ιειιιι-ν.

2214 3178 2301 3233 hic
2327 3186 2545 3247 quartus
2580 3182 2660 3225 est
2691 3168 2958 3239 psalmus;
2992 3155 3231 3219 ostendit
3252 3156 3393 3214 enim
3440 3160 3553 3226 post
3586 3149 3796 3207 libera-

2215 3245 2411 3322 tionem
2442 3262 2603 3333 383
2630 3261 2944 3314 delictorum
2983 3262 3182 3324 quanta
3225 3250 3336 3305 sint
3358 3250 3495 3304 bona
3524 3245 3797 3309 ﬁdelium,

2215 3368 2270 3412 et
2287 3371 2405 3428 qua:
2433 3356 2501 3409 sit
2527 3350 2804 3409 retributio
2832 3347 3179 3417 perlidorum.

2784 3458 2978 3513 Divisio
3013 3457 3216 3528 psalmi.

2287 3560 2390 3613 Per
2449 3568 2616 3613 totum
2674 3555 2935 3623 psalmum
2995 3552 3252 3621 propheta
3308 3545 3561 3615 loquitur.
3616 3540 3801 3595 Prima

2216 3651 2579 3707 admonitione
2624 3648 2749 3717 quid
2784 3648 2940 3699 faciat
2988 3645 3171 3697 beatus
3214 3641 3315 3704 vir,
3339 3649 3392 3693 et
3423 3646 3618 3706 quanta
3657 3636 3802 3689 bona

2222 3743 2429 3799 Domini
2483 3741 2653 3810 gratia
2704 3748 2990 3797 mereatur,
3033 3731 3303 3795 ostendit;
3337 3729 3575 3784 continet
3614 3736 3801 3778 autem

2221 3835 2425 3887 litteras
2470 3845 2586 3884 ses.
2640 3824 2888 3883 Secunda
2940 3827 3225 3877 adventum
3268 3818 3477 3874 Domini
3533 3810 3802 3883 signiﬁcat

2219 3922 2534 3989 Salvatoris,
2582 3937 2679 3989 per
2721 3934 2879 3988 quem
2929 3917 3171 3970 homines
3212 3928 3277 3968 ex
3324 3908 3694 3981 peccatoribus
3743 3916 3801 3962 et

2222 4016 2398 4085 impiis
2427 4016 2477 4068 iu
2509 4024 2767 4067 astet-num
2818 4010 2957 4066 beati
2986 4022 3106 4064 esse
3135 4015 3534 4073 promerentur:
3566 4018 3687 4071 qua:
3716 4003 3800 4055 di-

2223 4108 2361 4161 visio
2394 4105 2643 4159 tredecim
2680 4105 2711 4157 li
2741 4112 2882 4157 teras
2914 4101 3200 4155 llcbraicas
3238 4099 3473 4153 noscitur
3499 4098 3799 4150 continere.

2223 4199 2277 4251 lu
2309 4199 2462 4251 tertia
2510 4205 2657 4263 parte
2686 4191 2953 4249 contraria
2995 4190 3173 4257 impiis
3215 4190 3499 4258 provenire
3530 4195 3781 4245 testatur;

2222 4305 2340 4359 qua:
2369 4286 2609 4341 residuus
2639 4285 2801 4338 habet
2828 4282 3035 4336 litteras
3063 4292 3192 4334 tres.

2758 4396 3026 4467 Expositio
3064 4395 3268 4466 psalmi.

548 4495 652 4549 IIIS,
683 4485 826 4539 utilis
847 4496 1003 4553 atque
1030 4486 1331 4541 fl‘llClllOSUS
1355 4495 1438 4541 081
1468 4504 1484 4540 ζ
1512 4488 1760 4555 quoniam
1795 4488 1917 4540 inde
1941 4492 2116 4541 nasci-
2148 4488 2195 4545 D
2292 4494 2444 4549 Vel-5.
2482 4494 2529 4546 Ι,
2563 4492 2769 4556 Anglia,
2803 4491 2972 4543 Βετη,
3005 4486 3194 4540 Begu“
3224 4486 3299 4539 vir
3445 4484 3582 4537 ιξυιει
3619 4479 3799 4534 Domi-

549 4584 654 4637 tor,
697 4574 837 4643 quod
864 4574 930 4628 ad
960 4590 1246 4642 perennem
1276 4576 1498 4645 gloriam
1532 4577 1822 4644 perducere
1852 4578 2113 4631 videatur.

548 4665 773 4732 Adiecit,
798 4666 1028 4720 laudatio
1057 4669 1169 4739 ejus
1197 4678 1361 4721 manet
1382 4668 1437 4721 in
1472 4666 1719 4721 socculum
1756 4668 1948 4722 siccati.
1978 4669 2115 4723 Ecce

549 4756 770 4811 intentio
801 4757 987 4824 psalmi
1013 4766 1117 4811 tota
1140 4757 1407 4811 declarata
1437 4766 1540 4811 est.
1564 4757 1795 4825 Populus
1822 4757 1909 4811 ille
1941 4757 2117 4813 ﬁdelis

550 4864 578 4902 a
608 4848 867 4904 diabolica
896 4852 1155 4918 pravitate
1176 4849 1447 4914 liberatus,
1471 4849 1668 4918 gratias
1685 4864 1846 4916 agens
1869 4848 2114 4916 Domino,

549 4938 864 4993 sententiam
911 4940 1174 5008 religiosas
1212 4938 1406 4993 mentis
1446 4938 1739 5007 expressit;
1780 4938 1923 5005 quod
1955 4948 2006 4991 et
2039 4938 2125 4993 hic

552 5028 726 5083 facere
754 5029 950 5083 debent
976 5029 1067 5097 qui
1096 5028 1272 5082 devoti
1294 5037 1439 5096 sunt,
1470 5037 1523 5083 et
1547 5028 1597 5082 in
1629 5027 1716 5081 illa
1740 5027 1944 5082 caelesti
1967 5027 2125 5083 Jeru-

550 5121 715 5175 salem
745 5137 773 5174 a
821 5123 988 5176 beatis
1017 5132 1225 5175 constat
1270 5134 1390 5175 esse
1439 5117 1822 5189 peragendum.
1870 5116 2126 5172 Laudatio

551 5213 692 5266 enim
721 5214 831 5280 ejus
859 5227 960 5265 non
990 5212 1250 5266 clauditur
1276 5209 1526 5276 termino,
1552 5212 1674 5279 quia
1701 5223 1800 5265 nec
1828 5211 1987 5263 linem
2017 5210 2119 5263 ha-

553 5303 681 5359 bere
704 5314 873 5373 potest
894 5304 1231 5357 beneficium.
1263 5301 1356 5356 llic
1377 5301 1642 5366 laudatur,
1667 5302 1791 5371 quia
1815 5309 2125 5369 peccatores

553 5393 775 5459 liberat;
808 5393 877 5447 ibi
908 5393 1247 5462 praedicatur,
1269 5391 1393 5461 quia
1416 5391 1636 5446 devotus
1657 5401 1905 5446 coronat.
1933 5390 2126 5445 Merito

550 5502 677 5556 ergo
707 5488 927 5542 Alleluia
953 5486 1009 5541 in
1040 5486 1191 5541 titulo
1221 5486 1454 5553 psalmus
1484 5484 1587 5540 iste
1617 5485 1958 5556 cognoscitur
2002 5498 2125 5536 sus-

551 5577 776 5645 cepisse,
804 5580 891 5636 uni
921 5590 973 5633 et
993 5596 1023 5632 a
1045 5578 1201 5636 laude
1227 5578 1431 5635 Domini
1458 5577 1581 5635 fecit
1604 5578 1832 5645 initium,
1857 5576 1986 5634 etin
2010 5577 2125 5643 ejus

555 5666 707 5722 laude
744 5667 922 5723 [initus
960 5682 1061 5724 ρει.

2224 4602 2348 4640 num
2370 4601 2389 4639 :
2410 4587 2461 4638 in
2490 4582 2744 4636 mandatis
2771 4584 2881 4651 ejus
2905 4581 3069 4650 cupiet
3098 4579 3254 4649 [ωδε.
3294 4575 3486 4639 Α..Β.,
3520 4573 3603 4637 l".,
3636 4568 3799 4639 cupitl

2226 4675 2395 4729 nimis.
2437 4674 2671 4729 Diversis
2702 4672 2873 4727 modis
2903 4669 3094 4722 Beatus
3122 4669 3196 4721 vir
3226 4669 3278 4721 in
3308 4666 3540 4722 medium
3580 4662 3799 4717 deduci-

2228 4777 2351 4823 tur:
2383 4782 2450 4822 ne
2469 4766 2895 4822 dissimulatione
2937 4765 3109 4832 aliqua
3154 4761 3270 4831 ejus
3297 4760 3597 4830 appetentia
3628 4759 3796 4827 negli-

2229 4870 2399 4930 gatur.
2439 4860 2601 4914 Decet
2628 4860 2770 4913 enim
2798 4859 2979 4911 animo
3010 4870 3108 4909 nos
3152 4857 3455 4923 frequenter
3503 4851 3797 4910 revulvmc.

2229 4954 2370 5006 unde
2421 4953 2707 5020 probamur
2746 4948 2844 5002 sub
2882 4948 3180 5001 aeternitate
3227 4945 3484 5015 gaudere.
3532 4942 3638 4996 Sed
3679 4955 3799 4995 cum

2227 5040 2500 5096 beatitudo
2536 5039 2681 5093 nulla
2722 5038 2791 5091 sit
2828 5037 2928 5090 sub
2959 5040 3153 5090 timore
3184 5034 3476 5098 mundano,
3505 5033 3593 5101 qui
3628 5033 3803 5101 potius

2228 5133 2456 5187 miseros
2484 5129 2642 5193 facit,
2690 5127 3031 5182 manifestum
3081 5134 3165 5180 est
3208 5135 3385 5180 tamen
3433 5125 3577 5178 nulla
3602 5138 3803 5177 aeterna

2229 5222 2456 5291 reperiri
2484 5220 2694 5290 gaudia,
2726 5219 2825 5273 nisi
2855 5234 2974 5287 quae
3003 5216 3211 5271 Domini
3242 5215 3441 5270 fuerint
3467 5214 3655 5269 timore
3674 5229 3808 5282 prir-

2232 5320 2434 5383 paratzt.
2486 5311 2605 5379 Ipso
2633 5312 2774 5365 enim
2814 5309 3169 5376 cotnpellente
3194 5347 3210 5371 ,
3255 5306 3623 5361 desideramus
3667 5303 3807 5373 quod

2236 5419 2332 5458 nos
2372 5403 2557 5457 beatos
2599 5402 2765 5470 possit
2794 5398 3030 5454 efﬁcere.
3080 5399 3319 5466 Denique
3354 5399 3433 5451 sic
3461 5399 3721 5466 sequitur,
3757 5397 3809 5450 in

2234 5493 2488 5547 mandatis
2514 5494 2623 5563 ejus
2653 5492 2820 5559 cupiet
2842 5490 3028 5555 nimis;
3065 5489 3204 5559 quod
3239 5503 3333 5557 per
3355 5487 3601 5543 timorem
3630 5487 3809 5541 Domi-

2238 5586 2289 5640 ni
2320 5592 2524 5639 certum
2572 5592 2658 5638 est
2703 5596 2860 5651 posse
2903 5580 3232 5650 contingere,
3283 5580 3496 5650 quando
3526 5580 3805 5634 Dominuu

2240 5674 2509 5745 diligendo
2539 5675 2824 5729 metuimus
2856 5689 2870 5728 :
2898 5687 2964 5728 ne
2995 5687 3092 5727 nos
3115 5686 3146 5727 a
3174 5687 3339 5743 regno
3382 5687 3481 5728 suo
3513 5672 3700 5729 reddat
3722 5688 3803 5730 es-
