3966 6172
236 235 338 290 805

1194 240 1552 295 EXPOSlTIO
1589 241 1651 295 IN
1695 239 2151 295 PSAIJ‘ERlL‘M.
2194 240 2387 296 I’SAL.
2431 240 2562 295 CXI.

3401 247 3502 303 εἰ)ίῖ

234 362 472 405 trancos.
498 350 683 406 Beatus
709 368 836 422 ergo
860 354 948 421 qui
971 353 1108 407 timet
1138 352 1434 420 Dominum,
1456 366 1585 424 etc.,
1610 357 1817 424 species
1852 362 1893 413 Α
1927 364 2053 408 nunt
2083 354 2284 422 justum
2321 354 2436 409 sine
2472 353 2632 408 dubio
2654 353 2990 409 sustinebunt
3022 351 3233 424 (Iidem,
3275 358 3503 410 sustine-

231 442 567 496 duudecimte
610 444 933 499 deﬁnitionis
972 444 1159 501 Graece
1208 445 1405 500 dicitur
1444 449 1553 501 κατ’
1593 446 1815 509 ἔπαινον,

234 533 423 587 Latine
452 550 546 602 per
576 534 806 590 laudem.
1148 542 1151 545 '

298 626 463 681 \‘ers.
493 626 549 679 '2.
582 626 775 692 Gtuct,
805 627 1046 681 DALETH.
1073 625 1260 682 Potens
1285 631 1337 683 iu
1369 640 1505 684 terra
1535 631 1629 684 erit
1652 648 1818 685 semen

223 719 384 788 ejus;
416 720 673 787 generatio
702 728 951 771 rectorum
983 718 1324 774 benedicetur.
1353 721 1471 776 Jam
1504 723 1646 776 illius
1675 722 1815 777 beati

224 825 388 877 quem
422 812 667 878 superius
694 810 848 874 dixit,
885 811 1106 879 prmmia
1133 810 1527 867 describuntur.
1562 815 1667 869 Sed
1696 831 1815 869 cutn

222 900 346 968 ipse
389 900 631 970 prauiicit
680 900 910 956 humiles
958 903 1057 958 sibi
1085 918 1206 958 esse
1252 906 1606 974 gratissimos,
1661 909 1728 961 ita
1760 920 1815 963 ut

221 991 353 1061 juSti
387 993 506 1060 ejus
537 1007 797 1061 pauperes
826 993 1092 1062 dicantur,
1123 1012 1425 1065 qumramus
1457 999 1509 1053 in
1538 1015 1640 1071 qua
1675 1009 1814 1055 terra

221 1096 458 1156 potentes
486 1084 731 1141 dicamur
753 1086 920 1152 efﬁci,
970 1088 1058 1158 qui
1090 1088 1174 1145 hic
1206 1093 1503 1160 probantur
1531 1108 1651 1149 esse
1674 1094 1817 1149 deri-

220 1178 329 1232 sui.
366 1179 423 1233 lu
466 1179 553 1233 illa
577 1179 783 1234 scilicet
830 1196 934 1251 qua
966 1197 1085 1236 cum
1120 1182 1345 1240 Domino
1378 1188 1644 1256 regnaturi
1692 1197 1817 1242 sunt

219 1269 423 1334 saneti,
461 1270 548 1323 ubi
579 1286 679 1323 non
706 1269 913 1326 divitia:
960 1271 1229 1340 humanm,
1260 1289 1359 1330 nec
1396 1276 1631 1332 honores
1676 1285 1815 1333 tem-

218 1364 446 1433 porales
479 1364 678 1419 faciunt
700 1374 966 1431 potentes,
992 1366 1085 1422 sed
1112 1369 1491 1437 contemplatio
1522 1370 1730 1425 Domini
1762 1381 1817 1427 et

219 1456 342 1511 sine
393 1456 500 1510 ﬁne
530 1455 783 1511 laudatio.
822 1456 938 1525 Ipsa
971 1472 1157 1514 ret-era
1201 1467 1284 1514 est
1314 1462 1549 1529 potentia
1580 1461 1663 1515 cui
1710 1476 1815 1516 non

216 1546 469 1601 succedit
500 1547 809 1614 inﬁrmitas;
854 1549 948 1604 sed
979 1550 1118 1619 quod
1149 1566 1271 1607 esse
1307 1553 1585 1618 meruerit,
1616 1564 1815 1608 aeterna

221 1639 484 1693 felicitate
510 1638 765 1693 custodit.
812 1638 996 1696 Semen
1039 1655 1206 1711 opera
1252 1641 1513 1712 signiﬁcat
1556 1645 1813 1700 bonarum

1920 444 2052 499 bunt
2072 442 2377 515 judicium].

1997 534 2147 588 Vers.
2172 533 2227 587 5.
2258 533 2431 598 Tum,
2472 532 2591 589 Job.
2641 533 2913 588 Jucundus
2941 534 3092 589 homo
3121 536 3209 605 qui
3237 539 3503 591 miseretur

1918 634 1963 678 et
1994 626 2317 695 commodat;
2371 628 2603 693 disponet
2630 644 2880 681 sermones
2906 644 3023 681 suos
3049 629 3101 681 in
3121 631 3347 700 judicio.
3392 630 3496 683 Ju-

1918 717 2143 768 cundum
2160 716 2287 769 dicit
2319 733 2422 769 non
2449 727 2554 770 tam
2582 717 2888 772 hominibus
2910 728 3185 786 acceptum
3204 736 3361 788 quam
3391 720 3501 773 Deo

1918 819 2144 881 gratum.
2187 811 2287 875 Qui
2315 812 2604 875 miseretur,
2636 812 2688 866 id
2722 821 2823 875 est,
2861 813 2950 882 qui
2994 814 3273 882 egentibus
3308 813 3494 866 donat.

1918 899 2214 955 Commodat
2246 917 2394 965 vero,
2413 902 2500 968 qui
2534 914 2847 972 recepturus
2862 903 3059 970 aliquid
3090 904 3142 956 in
3173 904 3274 956 hoc
3297 904 3499 958 mundo

1916 993 2254 1060 sperantibus
2300 994 2350 1045 in
2396 994 2719 1047 necessitate
2768 1003 3058 1057 mutuatur,
3108 994 3248 1047 sicut
3284 994 3414 1048 dicit
3443 994 3497 1049 in

1918 1086 2213 1157 Evangelia
2240 1104 2251 1138 :
2286 1085 2439 1139 Omni
2471 1087 2658 1155 petenti
2680 1096 2726 1139 te
2756 1087 2843 1151 da,
2875 1096 2920 1138 et
2948 1087 3132 1139 volenti
3162 1088 3385 1140 mutuari
3407 1089 3496 1142 abs

1918 1189 1983 1247 te,
2010 1196 2073 1233 ne
2103 1179 2371 1249 prohibeas
2393 1196 2507 1233 eum
2530 1178 2747 1250 (Matth.
2773 1196 2824 1246 v,
2855 1179 2944 1249 4‘2)
2977 1197 2990 1234 :
3021 1184 3144 1249 quia
3169 1190 3222 1235 et
3250 1182 3362 1234 haec
3389 1195 3495 1236 non

1916 1272 2140 1326 minima
2172 1287 2379 1326 merces
2408 1284 2488 1325 est
2516 1272 2581 1326 ad
2614 1286 2851 1341 prmsens
2878 1287 3069 1327 eruere
3097 1270 3227 1343 [ed.,
3256 1271 3497 1344 servare}

1918 1364 2397 1433 periclitantem.et
2429 1364 2655 1419 ﬁdeliter
2686 1367 2924 1435 recipere
2947 1369 3114 1421 solam
3151 1367 3398 1436 prmstitm
3416 1383 3498 1436 pe-

1917 1456 2086 1508 cunite
2104 1460 2473 1523 quantitatem.
2495 1456 2865 1511 Potestautem
2886 1457 3131 1527 intelligi,
3152 1465 3210 1512 ut
3236 1459 3336 1511 hoc
3350 1459 3493 1527 quod

1888 1544 2201 1608 ‘miseretur,
2235 1544 2287 1597 id
2337 1553 2417 1598 est
2448 1545 2587 1612 quod
2617 1545 2936 1614 pauperibus
2960 1546 3143 1610 donat,
3167 1547 3496 1600 commodare

1916 1636 2180 1702 videatur,
2232 1638 2444 1706 quando
2472 1638 2563 1692 dat
2594 1640 2755 1693 homo
2800 1641 3137 1709 temporalia,
3181 1649 3497 1711 recepturus

218 1744 433 1794 rerum,
476 1745 591 1799 qua:
622 1729 675 1782 in
708 1728 809 1785 hoc
852 1731 1051 1786 suaequ
1092 1730 1238 1786 velut
1270 1734 1473 1788 semina
1511 1733 1807 1804 jaciuntur,
1840 1748 1885 1810 Β
1916 1736 2137 1782 acterna.
2194 1729 2295 1783 Sed
2340 1731 2463 1785 licet
2512 1741 2738 1801 utraque
2775 1731 2842 1786 ad
2893 1736 3167 1790 manuales
3215 1737 3497 1793 videantur

218 1828 271 1873 ut
310 1819 524 1874 fruetus
551 1822 741 1874 futui-te
769 1821 962 1876 messis
1000 1822 1294 1878 adolescat.
1324 1822 1594 1879 Generatio
1630 1835 1810 1882 autem

216 1919 487 1964 rectorum
516 1912 654 1965 bene
686 1910 905 1979 dicitur,
940 1927 1044 1967 non
1074 1914 1172 1968 ista
1203 1915 1403 1982 carnis,
1430 1915 1525 1971 sed
1566 1917 1655 1972 illa
1693 1935 1812 1988 quae

215 2004 530 2059 imitatione
556 2005 824 2074 iustorum
848 2021 941 2074 per
969 2006 1349 2063 similitudines
1380 2024 1600 2079 operum
1632 2013 1812 2067 nosci-

216 2104 303 2149 tur
329 2110 460 2149 esse
499 2106 807 2165 propagata.
842 2096 994 2152 Unde
1032 2105 1088 2152 et
1116 2098 1363 2154 diabolus
1400 2110 1710 2170 peccatores
1751 2106 1813 2157 ﬁ-

212 2187 314 2242 lios
366 2186 574 2243 habere
606 2196 954 2256 memoratur,
1002 2190 1195 2260 quibus
1243 2191 1439 2246 dictum
1491 2202 1615 2249 est:
1652 2193 1814 2251 Vasa

210 2290 367 2347 patre
393 2280 601 2334 diabolo
630 2282 749 2334 estis
778 2280 953 2352 (Joan.
988 2298 1096 2351 vttt,
1129 2284 1244 2351 M).

280 2370 455 2425 Vers.
483 2372 537 2426 5.
566 2372 666 2436 He,
704 2372 836 2428 Vau.
863 2372 1042 2427 Gloria
1070 2384 1115 2428 et
1143 2375 1330 2428 divitia!
1353 2377 1404 2429 in
1435 2379 1585 2431 domo
1610 2382 1741 2452 ejus,
1765 2389 1811 2434 et

211 2463 421 2527 iustitia
452 2465 565 2533 ejus
597 2477 766 2517 manet
788 2465 840 2517 in
864 2465 1104 2520 satcuium
1132 2468 1327 2522 swculi.
1361 2470 1549 2525 Adhuc
1580 2471 1630 2524 in
1659 2473 1813 2528 bonis

210 2557 363 2612 bcazi
413 2559 689 2624 prtemissa
743 2559 1032 2624 descriptio
1063 2573 1390 2630 perseverat.
1426 2563 1570 2617 Beati
1621 2564 1812 2619 domus

208 2658 293 2701 est
322 2649 530 2702 mentis
560 2656 848 2716 secretum,
890 2650 980 2703 ubi
1016 2651 1219 2704 divitias
1259 2662 1469 2706 sanctas
1505 2662 1560 2706 et
1592 2656 1812 2723 gloriam

208 2750 541 2811 perpetuam
587 2742 795 2811 reponit
817 2743 1057 2813 quisquis
1094 2743 1303 2798 Domini
1330 2758 1592 2815 praecepta
1623 2733 1813 2816 imple-

208 2832 388 2890 verit.
439 2831 544 2887 Sed
575 2833 660 2886 illa
694 2832 860 2903 gloria
903 2848 1009 2888 non
1053 2835 1214 2889 habet
1262 2835 1454 2901 ﬁnem;
1489 2836 1590 2890 illa:
1621 2837 1814 2891 divitiis

206 2940 319 2979 non
356 2923 594 2992 maligna
625 2923 974 2992 subreptione
1018 2924 1351 2994 dispereunt,
1380 2925 1474 2980 sed
1503 2926 1571 2982 de
1598 2927 1811 2983 Domini

112 3018 129 3037 ‘
206 3016 497 3071 mandatis
521 3016 679 3071 veniu
722 3025 775 3081 t;
799 3016 940 3072 unde
960 3017 1214 3086 quidquid
1238 3019 1554 3087 acquiritur,
1588 3021 1809 3088 perenni

1916 1835 2104 1890 operas
2127 1827 2413 1892 pertinere,
2438 1834 2613 1880 tamen
2646 1843 2751 1880 non
2781 1828 2953 1883 solum
2984 1829 3051 1883 de
3076 1831 3295 1899 pecunia
3325 1834 3494 1887 mise-

1914 1915 2136 1969 rendutn
2182 1916 2313 1970 dicit
2367 1917 2617 1988 pauperi,
2664 1930 2755 1974 aut
2794 1924 3133 1990 sperantibus
3171 1926 3494 1978 commodau-

1913 2009 2057 2075 dum,
2099 2011 2191 2065 sed
2223 2012 2289 2065 de
2316 2014 2461 2066 omni
2506 2013 2764 2068 beneﬁcio
2790 2031 2896 2084 quo
2943 2015 3184 2085 indigere
3211 2019 3491 2089 cognosci-

1914 2108 1999 2154 tur
2036 2101 2343 2157 destitutus.
2378 2102 2528 2158 Unde
2583 2105 2794 2176 impigri
2833 2106 3090 2161 debemus
3120 2107 3296 2163 facere
3325 2125 3485 2163 otnue

1913 2194 2052 2263 quod
2100 2204 2274 2263 potest
2329 2196 2482 2250 alteri
2534 2196 2840 2254 subvenire.
2896 2198 3170 2268 Sequitur,
3235 2198 3486 2268 Disponet

1912 2301 2165 2339 sermones
2207 2303 2329 2340 suos
2378 2288 2430 2340 in
2470 2289 2694 2357 judicio.
2741 2288 3026 2358 Dispositio
3063 2304 3372 2345 sermonum
3396 2308 3491 2346 or-

1912 2378 2090 2433 dinem
2141 2378 2405 2449 signiﬁcat
2436 2381 2879 2446 imperturbatum
2917 2391 3081 2451 atque
3120 2385 3490 2453 trantiuillum,

1912 2470 2000 2540 qui
2035 2470 2294 2540 probabili
2327 2473 2534 2526 ratione
2580 2483 2846 2526 narratur.
2885 2473 3127 2529 \‘enienti
3161 2474 3355 2544 quippe
3387 2476 3494 2530 Pa-

1915 2563 2217 2618 tril'amilias
2266 2563 2547 2618 dicendum
2584 2574 2666 2619 est
2700 2581 2713 2618 :
2749 2564 2988 2633 Domine,
3039 2567 3257 2637 quinque
3300 2568 3493 2621 talenta

1912 2655 2098 2710 dedisti
2148 2656 2309 2725 mihi,
2360 2674 2472 2711 ecce
2522 2658 2627 2710 alia
2675 2659 2894 2728 quinque
2942 2660 3321 2726 superlucrafus
3374 2677 3488 2713 sum

1913 2747 2125 2818 (Matth.
2179 2763 2309 2813 xxv,
2357 2748 2469 2816 20).
2507 2748 2624 2816 Ipse
2661 2764 2791 2819 ergo
2822 2751 3048 2816 disponit
3078 2752 3127 2801 in
3149 2750 3353 2821 judicio
3382 2767 3490 2804 ser-

1911 2856 2083 2894 mones
2112 2856 2249 2906 suos,
2280 2840 2368 2909 qui
2400 2853 2458 2894 se
2490 2840 2701 2894 Domini
2734 2842 2871 2894 dona
2899 2856 2998 2910 gea
3024 2842 3199 2896 inasse
3231 2843 3488 2909 probave-

1910 2932 2008 2995 rit;
2043 2946 2147 2985 uon
2175 2943 2231 2985 ut
2258 2932 2343 2985 illo
2368 2932 2457 3001 qui
2483 2930 2767 2985 suﬁ’ossum
2795 2931 3051 2985 talentum
3084 2932 3287 2986 cautela
3319 2932 3490 2987 sterili

1913 3031 1966 3075 et
1997 3022 2150 3075 noxia
2182 3021 2434 3089 parcitate
2466 3022 2724 3076 servavit.
2748 3020 2903 3088 Quod
2936 3032 3109 3091 potest
3139 3025 3296 3077 etiam
3329 3032 3381 3076 et
3418 3023 3484 3075 al

202 3110 532 3180 integritate
562 3120 829 3165 servatur.
866 3110 1105 3180 Denique
1134 3112 1211 3166 sic
1241 3112 1504 3181 sequitur,
1538 3123 1585 3165 et
1606 3115 1807 3185 justi-‘t'a
1838 3133 1884 3196 ρ
1914 3111 2060 3166 il'um
2084 3114 2350 3181 pertinere
2381 3113 2467 3180 qui
2501 3111 2705 3165 divinas
2725 3112 3030 3179 Scripturas
3063 3127 3284 3167 munere
3303 3112 3488 3166 Domi-

203 3205 322 3273 ejus
354 3212 531 3255 manet
560 3203 613 3255 in
636 3204 883 3257 siccatum
911 3205 1103 3257 stt-culi.
1138 3202 1349 3257 Justitia
1379 3204 1591 3274 quidem
1631 3208 1805 3261 homi-

202 3295 291 3349 nis
339 3294 568 3359 dicitur,
600 3294 694 3348 sed
721 3311 860 3361 quae,
895 3295 1001 3348 Deo
1033 3296 1310 3364 largiente,
1341 3306 1642 3364 praestatur.
1676 3295 1807 3351 Nam

202 3403 334 3440 cum
370 3386 445 3439 sit
477 3402 674 3440 nomen
723 3386 994 3456 generale,
1030 3386 1327 3439 adxertitur
1355 3397 1532 3439 tamen
1568 3388 1804 3456 propria,

199 3495 332 3535 cum
362 3480 548 3533 divina
572 3480 973 3548 dispensatione
993 3479 1058 3533 ad
1080 3494 1509 3548 unumquemque
1533 3480 1806 3534 hominem

198 3586 294 3627 res
343 3585 612 3625 concessa
645 3570 970 3636 pervenerit.
1007 3569 1075 3624 Et
1097 3585 1164 3624 ne
1193 3570 1386 3639 aliquis
1416 3584 1475 3625 se
1504 3571 1808 3639 temporali-

201 3672 289 3717 ter
309 3660 664 3717 esiStimaret
690 3661 801 3715 ﬁeri
832 3662 1063 3724 beatum,
1095 3661 1317 3723 addidit,
1368 3672 1538 3715 manet
1566 3663 1617 3714 in
1649 3679 1804 3716 siccu-

199 3758 316 3808 tum
352 3754 561 3808 saguli.
595 3752 861 3807 llaetenus
893 3753 1033 3806 beati
1064 3753 1206 3807 illius
1238 3752 1374 3807 bona
1400 3761 1611 3807 narrata
1641 3765 1804 3818 sunt;

194 3863 358 3903 nunc
408 3845 550 3901 unde
594 3845 706 3900 ﬁeri
755 3846 923 3913 possit
972 3845 1157 3900 beatus
1188 3846 1417 3900 edicitur
1448 3863 1463 3900 :
1491 3861 1557 3901 ne
1602 3853 1806 3900 tantum

192 3939 550 3995 desiderium
580 3937 832 4001 movisse,
866 3953 970 3992 non
997 3937 1157 3992 etiam
1199 3943 1256 3992 et
1295 3950 1509 3991 causam
1559 3935 1808 3992 docuisse

200 4031 332 4084 vide
342 4039 523 4084 retur.

270 4122 454 4175 ναι-ε.
477 4120 530 4172 4.
560 4120 721 4185 ΖΑιιι,
741 4118 913 4174 Hem.
948 4118 1197 4173 Exortum
1219 4129 1292 4174 est
1316 4119 1366 4173 in
1400 4119 1610 4173 tenrbris
1639 4119 1807 4172 lumen

186 4216 365 4267 rectis
400 4212 596 4277 corde;
622 4211 926 4275 misericors,
954 4220 1001 4264 et
1032 4211 1324 4272 miseratur,
1357 4223 1402 4263 et
1426 4214 1599 4283 justus
1632 4208 1809 4261 Domi-

183 4324 320 4361 nus.
369 4303 531 4358 Venit
570 4304 637 4358 ad
665 4303 1085 4358 admonitionem
1129 4303 1438 4365 secundam,
1474 4302 1525 4355 in
1558 4316 1657 4369 qua
1700 4302 1804 4355 Do-

182 4397 339 4452 mini
400 4395 602 4464 primus
647 4395 982 4465 signiﬁciitur
1030 4396 1315 4457 adventus,
1361 4393 1453 4460 qni
1484 4395 1806 4448 conﬁtentes

1916 3204 1965 3258 ni
1997 3214 2374 3274 perscrutatus,
2415 3212 2508 3258 aut
2536 3202 2864 3258 infructuosa
2887 3203 3244 3258 taciturnitate
3266 3203 3492 3271 retinet,

1910 3307 2002 3353 aut
2031 3299 2112 3367 pia
2140 3298 2414 3351 voluntate
2437 3294 2774 3351 disseminat.

1987 3390 2138 3444 Vers.
2172 3389 2222 3444 6.
2268 3389 2433 3456 Csen,
2480 3389 2684 3444 Lauso.
2718 3390 2851 3455 Quia
2878 3388 2928 3441 iu
2958 3389 3199 3442 arculum
3227 3405 3328 3442 non
3355 3404 3491 3442 com-

1911 3482 2190 3535 movebitur
2213 3497 2231 3536 :
2254 3482 2305 3535 in
2334 3481 2577 3534 memoria
2599 3491 2788 3534 (eterna
2814 3484 2909 3533 erit
2931 3484 3126 3551 justus.
3154 3480 3345 3535 Reddit
3365 3498 3491 3536 cau-

1911 3585 2023 3624 sam
2048 3586 2211 3641 quare
2251 3571 2331 3625 vir
2356 3571 2534 3640 justus
2566 3570 2817 3639 disponat
2846 3585 3125 3626 sermones
3155 3587 3281 3626 suos
3322 3571 3373 3625 in
3402 3572 3491 3641 ju-

1911 3662 2081 3727 dicio;
2114 3662 2323 3717 scilicet
2343 3662 2462 3731 quia
2495 3663 2547 3714 iu
2587 3661 2835 3716 siccatum
2864 3677 2966 3715 non
2994 3662 3403 3727 commovebitur,
3436 3664 3489 3718 id

1910 3765 2012 3819 est,
2034 3771 2062 3809 a
2086 3755 2252 3824 gloria
2285 3755 2489 3810 Domini
2514 3755 2815 3809 nullatenus
2841 3754 3198 3823 separabitur.
3216 3752 3495 3825 Sequitur,

1909 3848 1961 3900 in
2011 3846 2255 3899 memoria
2302 3854 2493 3898 teterna
2546 3845 2637 3897 erit
2674 3846 2869 3914 justus.
2913 3843 2980 3897 In
3032 3846 3273 3897 memoria
3305 3846 3490 3914 utique

1910 3947 2098 3991 (eterna
2126 3937 2220 3989 erit
2241 3937 2435 4006 justus,
2468 3936 2588 4005 quia
2620 3945 2846 3989 vocatur
2874 3935 2941 3989 ad
2974 3935 3269 4004 prtemium.
3310 3935 3489 4004 lmpiis

1910 4028 2054 4081 enim
2081 4027 2314 4080 dicitur:
2350 4024 2470 4079 Non
2504 4026 2620 4078 novi
2647 4041 2729 4079 vos
2769 4022 2918 4095 (Luc.
2956 4040 3073 4091 xm,
3108 4026 3219 4093 25).
3251 4025 3491 4094 Quapro-

1911 4129 2029 4190 pter
2081 4116 2246 4189 384.
2274 4118 2409 4171 sicut
2442 4117 2515 4171 illi
2544 4117 2633 4185 qui
2683 4116 3007 4183 deputantur
3052 4115 3117 4169 ad
3167 4130 3377 4184 pmnam
3421 4117 3491 4171 de

1912 4221 2088 4265 mente
2133 4208 2482 4279 perhibentur
2517 4206 2811 4272 eXCedere,
2853 4208 2923 4260 ita
2963 4204 3048 4261 isti
3078 4217 3295 4276 propter
3322 4208 3490 4261 beati-

1912 4301 2149 4355 tudinem
2202 4300 2596 4371 percipiendam
2626 4301 2679 4354 iu
2713 4300 2956 4353 memoria
2994 4298 3245 4353 dicuntur
3276 4298 3489 4354 Domini

1910 4409 2243 4465 permanere.

177 4491 410 4545 beatos
443 4488 586 4550 fecit,
620 4499 674 4542 et
704 4487 964 4565 superbos
995 4501 1094 4557 pro
1139 4502 1234 4540 sua
1276 4486 1554 4553 iniquitate
1586 4485 1805 4538 damua-
1838 4517 1885 4577 υ
1981 4485 2137 4540 Vers.
2168 4486 2222 4539 7.
2274 4484 2421 4550 Men,
2451 4483 2586 4538 Nux.
2620 4482 2696 4537 Ab
2743 4485 2923 4537 auditu
2954 4483 3088 4537 malo
3121 4500 3221 4537 non
3260 4482 3490 4539 timebit:

178 4584 289 4635 vit.
340 4578 461 4635 Sed
505 4581 605 4633 iste
640 4578 906 4632 adventus
951 4577 1161 4632 Domini
1200 4577 1431 4631 mirabili
1472 4578 1802 4645 proprietate

171 4668 559 4728 deseribitur.
597 4669 748 4724 Venit
777 4668 921 4723 enim
951 4668 1038 4722 lux
1066 4683 1185 4736 qua:
1211 4677 1427 4737 superat
1459 4682 1674 4721 omnem
1720 4667 1799 4719 Iu-

170 4779 309 4819 cem
334 4780 353 4827 ;
392 4768 452 4815 et
474 4771 527 4814 ut
554 4761 753 4829 gratior
775 4768 937 4826 es-et,
966 4759 1180 4828 adjecit,
1199 4758 1253 4811 in
1274 4759 1515 4823 tenebris,
1539 4773 1640 4812 non
1670 4759 1799 4812 istas

164 4872 331 4925 quas
362 4852 505 4907 solis
535 4852 659 4906 facit
682 4851 955 4916 absentia;
986 4849 1079 4905 sed
1110 4865 1228 4920 quae
1258 4859 1597 4919 peccatorum
1632 4847 1800 4915 magis

165 4949 501 5021 presenti:
550 4948 948 5001 tenebrescunt.
1002 4944 1148 5001 Intus
1175 4952 1301 4999 sunt
1344 4944 1486 4997 enim
1536 4944 1589 4997 in
1633 4940 1802 4997 corde

158 5042 309 5098 ista:
347 5039 618 5104 tenebrae,
638 5038 728 5091 ubi
749 5038 828 5090 sol
869 5038 1170 5091 mundanus
1195 5053 1297 5089 non
1330 5037 1497 5104 possit
1521 5036 1798 5099 accedere,

156 5148 329 5205 quas
379 5130 513 5183 illud
544 5130 723 5185 lumen
746 5128 988 5198 expellit,
1018 5127 1160 5199 quod
1197 5137 1421 5181 mortem
1452 5126 1601 5191 vicit,
1630 5135 1683 5181 et
1706 5126 1801 5181 de-

154 5232 313 5283 licta
357 5226 645 5277 contrivit.
679 5222 782 5278 Sed
804 5238 924 5276 eum
957 5222 1101 5276 rectis
1130 5221 1281 5275 corde
1310 5220 1525 5284 dicitur,
1560 5219 1797 5288 ροτνιττεί

150 5324 231 5374 ab
271 5321 419 5373 isto
460 5315 655 5370 lumine
700 5325 1035 5382 separantur.
1081 5314 1351 5384 Sequitur,
1399 5312 1709 5389 misericors,
1744 5322 1794 5366 et

142 5416 501 5471 miserata.
527 5418 575 5462 et
592 5410 770 5479 justus
796 5405 1063 5461 Dominus.
1087 5406 1258 5462 Pauca
1283 5414 1407 5460 sunt
1432 5405 1647 5473 quidem
1674 5419 1790 5460 ver-

142 5513 254 5573 ba,
333 5499 459 5557 sed
502 5501 739 5555 omnium
781 5506 1151 5554 creaturarum
1190 5497 1588 5553 rationabilium
1641 5506 1793 5550 actus

136 5594 592 5665 amplexantia.
619 5591 747 5646 Nam
770 5591 859 5660 qui
884 5590 1228 5655 conﬁtentur,
1261 5590 1457 5643 habent
1481 5586 1789 5645 misericor-

140 5692 295 5747 dcm
342 5688 510 5756 Ῑηιω.
543 5684 632 5749 Α..
669 5681 752 5750 Β..
779 5680 873 5752 F.,
904 5678 1382 5751 misericordiam];
1413 5681 1502 5751 qui
1544 5688 1819 5767 conlctth

1912 4587 2145 4649 paratum
2165 4585 2238 4630 est
2267 4591 2354 4629 cor
2370 4578 2481 4647 ejus
2501 4590 2707 4643 sperare
2729 4576 2781 4627 in
2811 4572 3048 4627 Domino.
3079 4573 3230 4628 Illum
3258 4574 3492 4626 auditum

1913 4670 2102 4724 malum
2126 4669 2276 4735 dicit,
2307 4683 2466 4737 quem
2498 4666 2730 4721 audituri
2752 4674 2878 4720 sunt
2903 4664 3048 4734 impii
3082 4682 3095 4718 :
3125 4664 3207 4718 Ite
3242 4666 3293 4717 in
3323 4666 3492 4734 ignem

1910 4771 2157 4815 aeternum
2179 4757 2392 4827 (Matth.
2420 4772 2546 4823 m,
2569 4756 2629 4810 tt
2643 4756 2685 4824 ),
2711 4764 2764 4810 et
2782 4755 3010 4824 reliqua.
3037 4738 3204 4809 Malus
3223 4754 3364 4808 enim
3386 4753 3492 4810 illis

1910 4851 2121 4905 videtur
2151 4849 2240 4918 qui
2260 4849 2401 4916 justa
2438 4848 2724 4902 severitate
2753 4846 3018 4917 plet-tendi
3059 4854 3183 4899 sunt
3209 4862 3221 4896 :
3253 4844 3377 4913 quia
3408 4844 3490 4900 fas

1906 4941 2011 4997 dici
2059 4956 2164 4995 non
2191 4949 2296 5006 est,
2329 4939 2430 4994 nisi
2471 4938 2673 5009 justum
2708 4938 2917 4994 Domini
2960 4952 3173 5006 semper
3200 4935 3487 5006 essejudi-

1905 5035 2072 5089 cium.
2102 5033 2165 5088 Et
2196 5047 2262 5086 ne
2284 5032 2456 5085 solum
2494 5030 2680 5085 beatos
2712 5040 2925 5101 putares
2955 5044 3140 5099 poenas
3170 5031 3355 5082 noxias
3380 5043 3484 5083 non

1906 5126 2117 5189 timere,
2142 5126 2401 5191 sequitur,
2418 5132 2651 5193 paratum
2680 5138 2769 5176 cur
2797 5123 2906 5192 ejus
2927 5137 3137 5189 sperare
3157 5121 3208 5173 in
3230 5118 3447 5173 Domino
3470 5161 3485 5183 ,

1904 5229 1960 5272 ut
1989 5215 2247 5285 promissa
2279 5214 2444 5283 ipsius
2477 5212 2794 5282 percipiant,
2844 5212 2932 5281 qui
2986 5209 3169 5265 saeculi
3202 5208 3483 5264 illecebras

1900 5308 2017 5379 ejus
2035 5307 2305 5377 juvamine
2334 5306 2704 5368 calcaverunt;
2737 5302 2927 5373 quibus
2950 5301 3063 5367 ipse
3093 5300 3332 5353 dicturus
3354 5307 3479 5353 est:

1910 5397 2107 5463 Vertite,
2158 5395 2403 5450 benedicti
2448 5392 2622 5447 Patris
2672 5395 2789 5461 mei,
2821 5390 3061 5463 percipite
3088 5404 3302 5458 regnum
3346 5393 3479 5456 quod

1899 5492 2037 5546 vobis
2066 5498 2301 5561 paratum
2329 5497 2401 5543 est
2432 5488 2491 5541 ab
2519 5488 2716 5557 origine
2744 5484 2923 5538 mundi
2949 5480 3193 5556 (Ibidem,
3230 5480 3347 5549 35).
3379 5478 3482 5534 Cor

1900 5594 2074 5641 autem
2115 5583 2343 5653 positum
2388 5590 2470 5636 est
2514 5595 2610 5647 pro
2638 5590 2798 5635 recta
2836 5578 3027 5633 mentis
3070 5574 3287 5641 aﬁ’ectu,
3340 5575 3483 5646 quod

1900 5678 2016 5735 sine
2043 5676 2216 5747 aliqua
2240 5671 2580 5730 cunctatione
2606 5669 2866 5742 promissa
2901 5666 3046 5727 novit
3077 5676 3348 5739 expetere.
