4032 6176
523 245 624 302 807
669 259 678 266 ·

1729 251 1795 305 Μ.
1831 247 2104 306 Αιιιιιῑιιι
2143 245 2539 302 CASSIODORI

3677 249 3784 306 808

594 359 746 415 Vers.
780 361 831 416 8.
875 358 1112 424 Saxum,
1157 365 1274 416 ΜΝ.
1306 360 1676 429 Conﬁrmatum
1704 372 1776 416 est
1819 379 1907 422 cor
1938 362 2050 433 ejus
2079 377 2097 426 ,'

2210 361 2436 428 impetus
2471 370 2530 416 ut
2553 362 2798 426 deficiat;
2832 376 2891 416 se
2915 360 3025 428 jam
3053 359 3302 415 dentibus
3327 358 3439 413 suis
3462 357 3693 420 mordet.
3723 373 3785 412 se

521 470 622 507 non
647 455 1034 506 Commorebitttr
1055 456 1214 506 donec
1242 455 1405 507 uideat
1435 457 1664 509 inimicos
1684 472 1821 510 suos.
1853 455 1985 521 Quia
2011 471 2097 522 pa-

521 556 689 596 ratum
717 546 878 610 fuerat
897 559 987 594 eor
1018 543 1154 597 beati
1184 560 1390 610 sperare
1420 547 1469 597 in
1501 546 1737 610 hemina,
1764 561 2098 614 consequen-

523 647 604 688 ter
642 633 940 701 adjunctum
979 645 1086 695 est,
1117 635 1469 702 conﬁrmatum
1513 647 1583 690 est
1615 652 1704 689 cor
1741 638 1873 706 ejus.
1911 637 2097 689 Omnia

519 725 661 777 enim
695 723 892 780 caduca
939 725 1253 791 contemnit,
1287 726 1374 792 qui
1421 725 1508 778 illa
1556 725 1717 779 fuerit
1745 727 2100 779 delectatione

518 815 836 880 completus.
873 812 1215 882 Conﬁrmatur
1243 829 1372 884 ergo
1395 831 1481 868 cur
1503 814 1653 885 justi,
1683 832 1802 870 cum
1835 817 1976 868 nulla
1999 831 2098 868 sm-

479 943 483 946 -
518 905 623 958 culi
655 905 908 959 felicitate
939 905 1232 970 mollescit;
1261 915 1316 959 et
1336 916 1672 975 peccatorum
1697 908 1781 961 hic
1806 907 2095 973 respiciens

522 999 834 1064 potentiam,
867 1007 1140 1064 exspectat
1185 997 1360 1064 potius
1402 1013 1586 1050 eorum
1620 998 1848 1052 ruinam.
1903 997 1956 1050 In
2003 996 2102 1049 hoc

520 1085 664 1140 enim
708 1086 905 1139 mundo
959 1085 1194 1139 inimicos
1227 1085 1422 1150 patitur
1453 1095 1694 1152 potentes
1720 1087 1904 1147 ridere,
1947 1096 2002 1138 ut
2029 1086 2100 1138 ibi

521 1193 616 1231 eos
648 1180 816 1245 possit
837 1176 1144 1230 humiliatos
1171 1175 1432 1239 aspicere.
1457 1175 1562 1230 Sed
1584 1191 1704 1228 cum
1735 1175 1817 1228 hic
1838 1176 2098 1228 videamus

519 1270 756 1330 inimicos
782 1276 994 1322 nostros
1036 1282 1156 1322 esse
1199 1267 1464 1327 carnales.
1497 1266 1586 1336 qui
1617 1266 1891 1320 nobiscum
1924 1265 2101 1334 aliqua

521 1359 844 1414 adversitate
868 1356 1180 1427 conﬂigunt,
1211 1356 1520 1427 spirituales
1537 1356 1649 1409 vult
1668 1355 1889 1424 inteliigi
1918 1355 2105 1422 nequi-

523 1451 646 1516 tias,
674 1464 807 1517 quas
844 1449 931 1502 hic
980 1448 1190 1516 penitus
1222 1462 1326 1499 tton
1371 1445 1633 1508 videmus,
1663 1445 1757 1500 sed
1797 1446 1847 1498 itt
1885 1445 1971 1498 illa
2003 1459 2100 1500 nos

521 1548 725 1594 certum
753 1537 1182 1606 estjudieatione
1209 1549 1554 1604 cognoscere.
1593 1535 1796 1589 Etcum
1827 1535 1986 1597 dicit,
2006 1535 2104 1587 do-

520 1648 613 1685 nec
626 1633 789 1686 videat
809 1635 1040 1689 inimicos
1055 1651 1192 1699 suos,
1205 1633 1639 1690 subaudiendum
1663 1642 1766 1697 est,
1795 1633 2102 1696 humiliatos

519 1732 681 1792 atque
705 1726 986 1778 contritas.
1012 1727 1056 1779 0
1079 1726 1359 1794 dispositio
1383 1725 1512 1798 [rd.,
1544 1724 1893 1797 dispensatio]
1916 1735 2099 1782 sancta
2132 1739 2181 1798 Β

520 1810 810 1880 Creatoris,
839 1815 924 1882 qui
948 1824 1072 1869 tunc
1101 1830 1194 1870 eos
1235 1816 1430 1872 fractos
1460 1815 1585 1870 facit
1607 1816 1800 1884 videri,
1829 1831 1950 1871 cum
1977 1832 2100 1886 pos-

519 1907 629 1964 sint
658 1923 778 1964 esse
797 1909 1018 1975 derisui,
1055 1927 1160 1965 non
1189 1912 1366 1966 timori
1391 1912 1404 1962 ι
1695 1963 1698 1968 .

591 1998 746 2052 Vers.
775 1999 829 2058 9.
861 1997 997 2066 Pus,
1027 1999 1191 2064 SADE,
1219 1997 1381 2054 Corn.
1420 1999 1695 2067 Dispersit,
1737 2000 1875 2054 dedit
1915 2016 2105 2066 paupe-

520 2085 660 2140 ribus
687 2102 706 2139 .'
723 2088 927 2158 justitia
964 2091 1078 2159 ejus
1116 2099 1291 2142 manet
1331 2089 1384 2142 in
1412 2090 1654 2143 siccatum
1683 2088 1896 2154 saeculi;
1944 2106 2103 2143 cornu

520 2178 630 2248 ejus
659 2177 967 2232 excitabitur
989 2179 1041 2231 in
1071 2177 1255 2249 gloria.
1283 2180 1408 2233 llaec
1435 2180 1698 2233 sententia
1723 2179 1789 2232 ad
1813 2178 1939 2232 illud
1969 2194 2106 2246 pra:-

520 2275 732 2336 ceptum
783 2267 1106 2322 dominicum
1153 2271 1382 2336 pertinet
1420 2286 1435 2322 :
1469 2268 1530 2323 Si
1573 2269 1646 2321 vis
1675 2284 1784 2324 esse
1827 2269 2104 2337 perfectus,

522 2358 675 2409 vende
696 2357 864 2408 omnia
892 2366 1001 2421 tua;
1031 2366 1078 2411 et
1109 2359 1175 2410 da
1203 2359 1542 2428 pauperibus;
1573 2368 1620 2411 et
1645 2357 1774 2421 veni,
1805 2373 2008 2426 srquere
2029 2373 2106 2410 me

521 2447 735 2519 (Matth.
766 2464 876 2513 xu,
904 2447 1017 2518 21).
1047 2448 1162 2517 Ipsa
1193 2460 1273 2503 est
1295 2447 1560 2516 dispersio
1584 2463 1702 2516 quae
1727 2447 1950 2502 feliciter
1975 2463 2103 2499 ron-

521 2545 737 2607 gregat;
769 2539 882 2606 ipsa
910 2539 1149 2607 erogatio
1176 2555 1293 2608 qure
1319 2537 1575 2593 caelorum
1621 2553 1782 2608 regna
1817 2545 2101 2591 mere-tur.

522 2625 650 2680 llaec
678 2628 765 2696 qui
790 2626 978 2681 fecerit
999 2629 1258 2695 justitiam
1284 2638 1555 2696 operatur,
1581 2626 1702 2696 quia
1732 2628 1936 2680 Domini
1974 2643 2102 2696 prae-

521 2727 672 2787 cepta
705 2719 1021 2786 complevit;
1060 2719 1186 2773 etin
1230 2718 1328 2772 hoc
1353 2719 1442 2772 ille
1472 2734 1684 2785 semper
1728 2727 1930 2784 manet,
1975 2733 2107 2788 quo—

523 2809 666 2864 niam
688 2811 756 2863 ab
779 2809 870 2862 illo
897 2819 1111 2865 auctore
1137 2818 1334 2862 interna
1353 2810 1537 2876 recipit
1571 2809 1732 2874 dona,
1751 2810 1838 2879 qui
1862 2809 2107 2864 condidit

523 2902 742 2956 macula.
796 2901 1070 2970 Sequitur,
1121 2918 1278 2954 cornu
1324 2905 1433 2974 ejus
1475 2901 1782 2954 exaltabitur
1822 2903 1872 2954 in
1917 2902 2104 2971 gloria.

524 2992 697 3046 Cornu
729 3007 823 3061 pro
853 3001 1113 3060 potestate
1146 2992 1266 3060 poni
1291 3007 1434 3060 saepe
1459 2990 1569 3061 jam
1601 2991 1801 3046 dictum
1836 3003 1940 3056 est,
1969 2992 2106 3047 sicut

491 3154 498 3158 _
527 3083 712 3138 Daniel
740 3083 991 3152 propheta
1026 3090 1266 3145 testatur,
1293 3082 1515 3138 dicens:
1546 3081 1775 3146 Quatuor
1803 3093 1971 3135 autem
1993 3098 2105 3135 cor-

523 3189 647 3237 nua,
672 3183 891 3242 quatuor
913 3189 1067 3244 regna
1095 3183 1210 3225 sunt
1234 3170 1393 3241 (Dan.
1420 3187 1510 3237 vn,
1543 3170 1652 3241 l7).
1685 3171 1852 3238 Quam
1885 3187 2106 3226 necesse

523 3275 604 3317 est
642 3264 745 3318 illis
786 3263 858 3316 ibi
888 3263 1024 3328 dari,
1065 3263 1156 3332 qui
1199 3263 1284 3316 hic
1326 3262 1641 3320 videbantur
1677 3262 1763 3332 pia
1814 3262 2107 3315 humilitate

526 3355 781 3424 prostrati
813 3356 826 3407 !
859 3353 1222 3428 llartenusde
1265 3353 1538 3407 beatorum
1572 3354 1723 3407 bonis
1753 3353 1959 3406 locutus
1987 3363 2104 3407 est:

524 3463 664 3502 nunc
685 3449 944 3516 psalmum
967 3448 1032 3501 de
1064 3447 1344 3515 impiorum
1373 3447 1660 3502 afflictione
1680 3450 1970 3503 concludit.

595 3535 746 3590 Vers.
789 3536 870 3590 lO.
910 3537 1038 3604 lies,
1066 3535 1182 3600 SIN,
1209 3536 1341 3590 Τιιυ.
1378 3535 1627 3589 Peccator
1663 3539 1866 3599 uidebit,
1919 3550 1964 3592 tt
1995 3539 2104 3591 ira-

524 3636 728 3692 scetur;
769 3627 1000 3679 dentibus
1040 3627 1142 3679 suis
1172 3630 1348 3696 fremet
1395 3637 1439 3677 rt
1489 3627 1700 3679 tabescet
1739 3643 1758 3682 :
1798 3629 2104 3681 desiderium

525 3729 846 3788 peccatorum
868 3711 1069 3787 peribit.
1108 3718 1388 3783 Postquam
1415 3715 1551 3770 beati
1581 3719 1946 3774 definitionem
1971 3719 2104 3774 dixit

523 3820 576 3865 et
609 3810 846 3880 praemia,
894 3810 945 3864 in
979 3809 1128 3864 tertia
1163 3821 1310 3876 parte
1353 3821 1690 3878 peccatorum
1734 3811 1940 3863 notavit
1970 3811 2106 3864 invi-

523 3902 683 3956 diam.
717 3901 844 3968 Qute
890 3903 1050 3969 figura
1084 3903 1275 3953 dicitur
1307 3903 1632 3971 paradigma,
1675 3903 1881 3970 quoties
1912 3903 2098 3956 beato-

525 4009 644 4048 rum
689 3992 965 4046 hortamur
1019 3993 1191 4058 bonis,
1243 3993 1499 4047 malorum
1544 4003 1721 4048 autem
1771 3994 2105 4048 d~-terremttr

525 4086 804 4150 exemplis.
835 4083 944 4136 [loc
973 4082 1113 4140 enim
1146 4081 1362 4136 schema
1398 4083 1448 4136 in
1482 4082 1563 4136 his
1594 4083 1809 4156 psalmis
1853 4084 2103 4137 omnibus

524 4171 812 4236 invenitur,
845 4173 934 4240 qui
977 4172 1263 4240 loquuntur
1305 4173 1370 4226 de
1400 4174 1728 4227 institutione
1779 4174 2096 4234 beatorum;

523 4264 767 4331 quamvis
795 4271 847 4315 et
883 4262 1008 4314 alibi
1043 4262 1306 4316 interdum
1336 4262 1635 4330 reperiatur
1659 4272 1930 4331 aptatum;
1965 4262 2104 4318 sicut

522 4365 576 4408 et
599 4357 649 4408 in
674 4355 846 4422 primo
877 4337 1080 4423 psalmo
1102 4364 1309 4408 constat
1329 4355 1596 4410 effectum.
1631 4354 1912 4420 Irascetur,
1941 4357 2098 4421 dixit,

522 4446 728 4498 scilicet
758 4445 880 4510 sibi,
911 4446 998 4514 qui
1032 4445 1316 4500 noluerunt
1348 4461 1376 4498 a
1408 4447 1667 4515 pravitate
1697 4447 1973 4512 suspendi.
2009 4447 2097 4501 Vi-

522 4536 718 4589 debant
749 4535 875 4606 [ed.,
910 4532 1114 4606 vident]
1139 4537 1280 4590 enim
1306 4554 1361 4588 se
1393 4540 1795 4606 praesumpsisse
1825 4539 2093 4606 quondam

522 4627 590 4682 de
614 4627 777 4696 gloria
809 4627 1030 4690 caduca,
1055 4630 1120 4681 de
1146 4638 1405 4695 potestate
1439 4630 1670 4697 fugitiva,
1703 4639 1754 4683 et
1776 4633 1907 4683 alios
1935 4632 2100 4685 benti-

523 4722 761 4775 tudinem
794 4723 1058 4791 accipere,
1088 4726 1392 4789 qutcne~cit
1415 4721 1696 4790 aliquando
1717 4723 1994 4788 desinere;
2022 4725 2099 4778 ira

521 4811 682 4886 iusta,
733 4807 1024 4884 indignatio
1057 4829 1199 4880 vera,
1232 4815 1322 4868 sed
1357 4830 1459 4867 non
1493 4815 1728 4884 prolicua
1764 4818 2098 4886 temporibus

499 4905 754 4984 ultionis.
791 4907 1078 4961 Potuerunt
1099 4909 1241 4960 enim
1271 4908 1338 4960 ibi
1369 4924 1473 4962 non
1505 4907 1788 4977 indignari,
1811 4911 1852 4962 si
1885 4911 1968 4963 hic
1990 4911 2100 4962 Suis

522 4997 665 5050 vitiis
691 4998 1039 5052 redderentur
1061 4998 1272 5052 infensi.
1308 4999 1575 5066 Sequitur,
1607 5001 1836 5054 dentibus
1859 5002 1960 5054 suis
1991 5003 2098 5069 fre-

521 5099 618 5140 met
648 5096 691 5139 et
721 5089 950 5142 tabescet.
984 5089 1238 5142 Peccator
1271 5098 1326 5142 et
1357 5092 1565 5142 invidus
1611 5091 1661 5145 in
1691 5106 1782 5142 sua
1835 5094 2098 5146 fluctuans

520 5178 847 5248 malignitate
876 5180 1192 5233 describitur
1225 5198 1235 5234 :
1273 5182 1558 5235 iracundiae
1587 5183 1802 5250 quidem
1835 5198 1943 5234 sua:
1967 5184 2098 5236 reti-

520 5283 652 5322 nens
683 5270 902 5333 malum,
937 5269 1027 5323 sed
1061 5269 1187 5320 nulli
1215 5269 1346 5322 ultra
1378 5271 1672 5323 nociturus.
1707 5271 1801 5323 llic
1825 5271 1967 5324 enim
1999 5272 2099 5325 itit-

521 5362 607 5426 pie
633 5361 1086 5423 commovebatur,
1121 5367 1179 5412 nt
1205 5361 1432 5413 alterum
1466 5360 1676 5416 laideret
1706 5361 1809 5414 :ibi
1837 5362 1980 5430 juste
1997 5364 2096 5416 sibi

521 5451 600 5502 ira
632 5453 790 5518 citur,
829 5451 1075 5517 quoniam
1110 5467 1204 5518 pro
1235 5467 1326 5504 sua
1374 5453 1699 5521 malignitate
1733 5455 1966 5522 punitur.
2011 5455 2098 5508 Sic

519 5556 574 5594 et
608 5543 768 5596 Isaias
797 5544 902 5596 ait:
934 5543 1048 5596 Non
1072 5553 1143 5596 est
1170 5563 1270 5611 pax
1294 5545 1482 5613 impiis,
1514 5548 1635 5599 dicit
1671 5548 1918 5600 Dominus
1943 5546 2094 5618 (Isti.

523 5644 648 5694 Lvu,
687 5632 802 5687 ΞΗ.
846 5633 972 5688 Nam
1011 5634 1250 5691 fremitus
1282 5636 1394 5705 ejus
1446 5638 1544 5692 hoc
1594 5640 1702 5706 agit
1745 5647 1801 5690 ιιι
1831 5639 2094 5703 tabescat,-

2203 455 2418 523 proprio
2447 455 2629 510 dolore
2663 455 2911 521 castigat,
2955 452 3174 521 exigens
3206 467 3232 503 a
3266 463 3325 502 se
3352 449 3621 504 cruciatus
3647 464 3785 516 quos

2203 547 2288 599 hic
2336 548 2600 601 sustinere
2625 546 2852 613 cogebat
2898 545 3160 598 innoxios.
3208 542 3440 609 Adiecit,
3474 542 3786 594 desiderium

2201 649 2522 707 proauorum
2552 638 2770 706 peribit;
2808 637 3014 689 scilicet
3048 636 3168 703 quia
3200 636 3338 686 sicut
3363 633 3472 686 illic
3501 641 3621 685 vota
3653 631 3787 686 bea-

2204 739 2378 783 toium
2409 731 2462 783 in
2495 745 2659 799 regno
2703 729 2910 782 Domini
2951 729 3182 797 piantata
3215 726 3500 787 florebunt,
3547 725 3621 777 ita
3656 736 3786 792 pec-

2201 831 2440 876 catorum
2471 821 2740 875 desideria
2762 819 2969 872 succisa
3005 826 3352 871 marcescent.

2743 931 3011 986 Conclusio
3044 933 3246 993 psalmi.

2275 1047 2440 1114 Quam
2477 1046 2693 1114 pulchre
2735 1045 3013 1112 alphabeto
3061 1042 3424 1097 descendente
3469 1041 3655 1095 beatus
3688 1041 3790 1094 iste

2206 1137 2501 1204 descriptus
2547 1143 2659 1200 est,
2703 1146 2756 1187 ut
2801 1135 2955 1187 simul
3005 1133 3140 1187 facta
3180 1133 3298 1199 ejus
3339 1143 3686 1186 narrarentur
3737 1140 3790 1188 et

2205 1228 2420 1296 prmniia
2449 1228 2461 1281 !
2495 1227 2622 1293 Quis
2653 1239 2710 1280 se
2737 1227 2920 1279 videre
2944 1241 3044 1277 non
3077 1226 3259 1279 credat
3286 1241 3402 1293 qum
3434 1237 3617 1278 sancta
3642 1224 3788 1276 veri-

2206 1328 2288 1372 tas
2314 1318 2629 1387 pollicetur?
2652 1317 2754 1372 Sed
2785 1317 2898 1385 ipse
2923 1331 3018 1371 nos
3051 1316 3208 1369 faciat
3231 1317 3656 1384 accipere,quod
3676 1315 3791 1386 jam

2206 1409 2471 1464 Concessit
2497 1409 2701 1462 audire.
2737 1409 2846 1462 lloc
2871 1409 3010 1461 enim
3043 1407 3407 1476 alphabetum,
3439 1423 3546 1471 quo
3569 1423 3790 1462 carmen

2209 1501 2348 1554 istud
2378 1501 2648 1568 impletum
2685 1508 2784 1562 est,
2815 1498 2878 1552 ad
2905 1498 3286 1567 perfectionem
3316 1498 3592 1564 sapientia:
3624 1499 3790 1564 perti-

2208 1605 2336 1644 nere
2365 1606 2466 1644 non
2498 1590 2716 1644 dubium
2761 1599 2870 1652 est,
2908 1605 3000 1657 per
3027 1590 3166 1658 quod
3198 1596 3252 1642 et
3275 1589 3574 1643 divinarum
3608 1604 3792 1643 rerum

2210 1680 2517 1734 intellectus
2545 1681 2870 1749 agnoscitur,
2901 1691 2953 1733 et
2981 1679 3263 1746 imperitiae
3292 1680 3444 1747 culpa
3467 1678 3792 1733 declinatur.

2211 1769 2298 1825 Sic
2327 1777 2538 1824 constat
2583 1769 2822 1838 psalmos
2867 1769 3084 1822 diversa
3124 1769 3383 1823 suavitate
3435 1770 3702 1831 variatos,
3739 1777 3793 1822 ut

2211 1860 2439 1914 hmnana
2487 1859 2824 1914 imbecillitas
2873 1858 3112 1914 discendi
3163 1859 3267 1913 nati
3302 1859 3485 1928 "pOSsit
3525 1860 3793 1913 sustinere

2213 1949 2448 2006 fastidia.

2505 2061 2861 2116 EXPOSl'f’lO
2893 2061 2955 2114 IN
2989 2061 3303 2117 PSALMUH
3335 2060 3500 2116 CXII.

2884 2152 3128 2206 Alleluia.

2283 2266 2417 2320 Ecce
2437 2265 2597 2320 verba
2625 2265 2757 2318 tituli
2782 2265 2863 2319 sui
2888 2265 3216 2334 subsequens
3247 2267 3483 2335 psalmus
3514 2270 3744 2337 exponit
3774 2313 3789 2335 ,

2209 2373 2329 2410 nam
2366 2371 2483 2410 cum
2515 2357 2604 2419 sit,
2632 2356 2875 2420 Alleluia,
2906 2356 3120 2411 laudate
3154 2359 3454 2422 Dominum,
3504 2361 3572 2413 ita
3601 2370 3656 2416 et
3683 2362 3789 2430 ipse

2210 2446 2332 2502 fecit
2366 2448 2574 2502 initium
2628 2448 2821 2516 magist
2858 2465 2882 2502 r
2911 2463 3088 2512 verus,
3117 2449 3300 2505 doctor
3333 2452 3603 2522 egregius,
3644 2453 3790 2522 cujus

2209 2539 2380 2593 nesrit
2408 2554 2586 2593 sermo
2624 2539 2832 2604 fallere,
2865 2539 2985 2608 quia
3015 2540 3082 2594 de
3123 2541 3360 2593 veritatis
3408 2541 3551 2596 fonte
3579 2552 3790 2597 coitstat

2209 2644 2480 2684 emanare.
2528 2629 2664 2696 Quid
2709 2629 2852 2684 enim
2898 2630 2998 2684 dici
3051 2637 3228 2699 potest
3269 2631 3467 2685 certius
3512 2648 3671 2700 quam
3706 2633 3790 2689 ubi

2210 2735 2385 2774 rerum
2415 2729 2727 2790 praceptor,
2759 2726 3008 2789 preprtus
3040 2720 3295 2790 probatur
3316 2722 3629 2789 expositor?

2788 2832 2981 2887 Divisio
3007 2834 3214 2904 psalmi.

2279 2946 2546 3016 Propheta
2565 2945 2727 3002 David
2759 2946 2947 3016 psalmi
2977 2956 3184 3002 textum
3211 2947 3312 3002 sub
3342 2947 3605 3003 brevitate
3628 2957 3809 3003 trans-

2209 3055 2462 3104 currens,
2505 3040 2670 3108 prima
2704 3048 2854 3108 parte
2878 3048 3182 3094 commonet
3210 3039 3431 3094 devotos
3457 3081 3472 3104 ,
3507 3049 3558 3092 ut
3605 3039 3793 3094 laudes

2131 3123 2176 3182 C
2215 3130 2438 3182 Domino
2460 3129 2661 3198 jugiter
2708 3130 3006 3197 exsolvant,
3029 3130 3154 3183 etin
3187 3138 3299 3182 toto
3325 3131 3458 3183 orbe
3501 3130 3793 3193 praedicare

2210 3235 2314 3273 non
2333 3219 2598 3273 desinant.
2615 3218 2858 3275 Secunda
2878 3229 3027 3288 parte
3054 3221 3170 3288 ipse
3200 3218 3321 3274 facit
3352 3219 3492 3289 quod
3517 3220 3654 3272 alios
3679 3237 3792 3272 mo-

2209 3321 2330 3377 net,
2364 3322 2419 3365 nt
2444 3313 2699 3380 magister
2736 3327 2895 3366 verus
2923 3328 3026 3366 non
3056 3319 3164 3366 tam
3199 3311 3382 3373 verbo,
3415 3328 3570 3381 quam
3597 3312 3793 3368 docere

2209 3403 2448 3458 videatur
2473 3405 2742 3472 exemplo.

2749 3513 3019 3584 Expositi.»
3053 3525 3255 3583 psutrnt‘.

2283 3623 2434 3678 Vers.
2474 3625 2520 3677 l.
2557 3624 2808 3688 Laudare,
2834 3625 2998 3694 pueri,
3028 3622 3343 3688 Dominum;
3374 3625 3581 3678 laudate
3609 3643 3792 3678 nomen

2208 3713 2442 3770 Domini.
2469 3717 2691 3770 Constat
2718 3718 2817 3770 hoc
2845 3731 3035 3770 nomen
3061 3715 3392 3782 simplicibus
3417 3727 3468 3769 et
3493 3721 3793 3783 purissimis

2208 3804 2342 3868 dari,
2376 3807 2586 3873 quando
2609 3814 2662 3859 et
2694 3808 2804 3874 ipse
2834 3806 3087 3859 Dominus
3118 3821 3247 3873 puer
3281 3817 3519 3870 vocatur,
3551 3809 3692 3859 sicut
3713 3820 3791 3860 est

2210 3897 2342 3951 illttd
2370 3917 2382 3948 :
2423 3899 2556 3951 Puer
2582 3909 2733 3953 natus
2764 3909 2835 3952 est
2866 3900 3006 3952 nobis
3039 3897 3191 3968 (Isai.
3223 3915 3297 3963 Ix,
3335 3898 3409 3970 6).
3440 3903 3598 3953 Istam
3631 3903 3790 3968 siqui-

2209 3989 2330 4044 dem
2364 4000 2575 4044 aetatem
2607 4007 2700 4058 pro
2732 3991 3036 4046 innocentia
3064 3992 3225 4061 385
3247 4008 3339 4043 sua
3369 4008 3395 4042 τι
3433 3993 3658 4044 Domino
3679 4009 3805 4046 cou-

2207 4087 2316 4135 stat
2342 4080 2598 4144 electam;
2630 4080 2758 4134 dicit
2786 4081 2925 4133 enim
2958 4081 3233 4146 discipulis
3261 4082 3368 4134 suis
3402 4098 3416 4134 :
3452 4082 3622 4136 Sinite
3667 4099 3791 4152 par-

2207 4171 2349 4224 vulos
2375 4173 2541 4224 venire
2578 4171 2644 4224 ad
2675 4188 2771 4232 me,
2821 4172 2994 4222 talium
3024 4182 3094 4224 est
3130 4173 3271 4224 enim
3314 4189 3520 4241 regnum
3551 4175 3792 4226 caelorum

2207 4263 2422 4330 (Matth.
2458 4279 2568 4322 xix.
2621 4265 2733 4331 is).
2764 4263 2947 4317 lllerito
2975 4278 3103 4333 ergo
3136 4262 3232 4340 hos
3265 4267 3520 4333 propheta
3549 4280 3790 4319 commo-

2208 4365 2297 4410 net
2348 4355 2530 4409 laudes
2563 4356 2788 4408 Dotnino
2835 4356 3032 4411 debere
3063 4365 3299 4419 cantare,
3329 4358 3417 4426 qui
3460 4357 3624 4411 corde
3650 4372 3790 4426 puro

2206 4445 2270 4497 ad
2319 4459 2411 4499 eas
2450 4445 2696 4498 videntur
2735 4447 3008 4501 accedere.
3057 4447 3170 4499 Non
3214 4447 3354 4501 enim
3403 4447 3487 4500 hic
3530 4458 3661 4500 aetas
3710 4459 3791 4501 est

2209 4537 2402 4602 electa,
2438 4537 2529 4590 sed
2561 4552 2658 4605 pur
2685 4549 2782 4590 tas.
2816 4537 3039 4606 Respice
3065 4552 3277 4607 quoque
3303 4538 3355 4591 in
3385 4542 3481 4590 hac
3513 4539 3790 4606 repetitio-

2210 4642 2276 4680 ne
2314 4628 2594 4695 quamdam
2624 4643 2744 4681 esse
2772 4627 3101 4681 dismntiam.
3141 4628 3412 4684 Dominum
3450 4630 3646 4694 (mutat,
3695 4632 3789 4697 qui

2207 4735 2263 4771 se
2281 4719 2539 4787 probabili
2565 4721 2771 4773 actione
2791 4721 3132 4774 commendat
3156 4739 3166 4772 :
3187 4723 3391 4774 Nomen
3417 4721 3621 4774 Domini
3644 4722 3788 4777 idem

2208 4812 2404 4874 laudm,
2440 4808 2528 4878 qui
2559 4811 2782 4862 virtutes
2810 4808 2926 4879 ejus
2966 4823 3147 4866 Sancta
3181 4811 3555 4880 prtedicatione
3586 4827 3785 4865 conce-

2207 4905 2394 4956 lebrat.

2283 4999 2428 5050 \ers.
2469 4995 2522 5048 2.
2567 4995 2646 5049 Sit
2692 5012 2876 5048 nomen
2931 4995 3133 5048 Domini
3181 4995 3528 5059 benedictum,
3576 5014 3642 5049 er
3694 4997 3790 5049 hoc

2205 5103 2340 5138 nunc
2392 5095 2437 5139 et
2480 5082 2637 5156 usque
2674 5088 2726 5138 in
2767 5086 3033 5138 sicanium.
3074 5087 3148 5140 Ne
3181 5087 3258 5137 for
3283 5103 3313 5140 e
3352 5089 3451 5140 sibi
3486 5102 3778 5140 momenta-

2205 5191 2357 5228 ueatn
2393 5174 2599 5228 laudem
2643 5177 2792 5244 pueri
2838 5175 3123 5230 crederent
3167 5177 3514 5245 imperatam,
3562 5177 3689 5230 dicit
3732 5185 3791 5229 et.

2207 5266 2364 5320 modo
2395 5267 2443 5320 in
2477 5267 2576 5320 hoc
2606 5268 2803 5322 saaculo
2834 5268 3253 5336 praedicandum.
3289 5278 3344 5322 et
3373 5267 3427 5321 in
3456 5271 3540 5322 illa
3566 5288 3785 5338 quoque

2203 5361 2499 5414 mterniiate
2525 5359 2872 5413 laudandum.
2917 5361 3018 5416 Sed
3049 5376 3114 5414 nc
3154 5362 3232 5414 vel
3263 5362 3362 5414 hoc
3389 5361 3630 5428 loc:tlitcr
3658 5379 3786 5432 pos-

2202 5455 2270 5506 sit
2293 5452 2531 5522 intelligi,
2563 5451 2748 5506 subter
2776 5453 2905 5506 dit-it
2948 5455 3394 5524 quemadmodum
3427 5456 3513 5509 ubi
3541 5472 3626 5520 ,ne
3666 5459 3786 5511 lau-

2203 5546 2377 5600 detur.

2277 5637 2425 5691 Vers.
2457 5639 2510 5692 5.
2554 5642 2594 5692 Α
2622 5638 2744 5694 solis
2788 5647 2899 5691 ortu
2949 5654 3105 5711 usque
3151 5644 3217 5691 ad
3262 5657 3516 5700 occasum,
3574 5641 3790 5696 laudate
