3966 6172
242 266 322 323 809

1126 254 1491 313 EXPOSHIO
1536 253 1596 308 ιχ
1642 249 2102 308 I’SALTEDIUM.
2149 250 2337 305 I‘S.\L.
2379 246 2560 303 CXIII.

3298 286 3314 299 .
3378 244 3482 300 διῡ

238 395 394 435 nomen
421 375 648 431 Domini.
694 373 787 427 llic
819 371 1168 427 universaletn
1200 372 1441 442 designat
1470 369 1788 431 Ecclesiam,
1823 369 1875 426 Α
1901 384 1993 435 pcs
2026 371 2296 425 vindicent
2322 379 2375 425 et
2401 379 2618 440 egentes
2645 386 2657 433 ;
2694 382 2814 422 nam
2842 370 2905 421 de
2927 379 3146 423 stercore
3174 379 3225 423 et
3256 383 3484 438 pauper-

240 480 284 526 ut
309 486 394 539 per
424 478 590 521 totum
622 464 893 528 mundum,
922 463 1071 531 cujus
1097 463 1388 517 fabricatur
1418 471 1503 516 est
1524 461 1794 524 Christus,

236 562 334 630 ejus
354 560 619 629 praeconia
647 557 881 612 debeant
932 572 1036 615 non
1072 556 1260 609 taceri.
1301 554 1451 608 Justa
1496 552 1797 607 commoni-

237 654 299 707 tio
326 651 439 725 [ms.
471 648 560 713 G.,
594 647 966 718 commonitio]
1014 655 1100 701 est
1148 645 1379 711 Domini,
1420 646 1670 700 salutaris
1720 643 1801 697 in-

231 746 463 813 junctio;
516 752 573 795 ut
627 742 938 795 Creatorem
987 753 1139 793 Suum
1190 747 1442 792 creatura
1489 744 1799 805 cognoscat,

234 850 452 903 eumque
484 832 831 900 magnificare
874 830 1089 892 debeat,
1122 838 1383 897 quatenus
1405 826 1523 895 ejus
1558 825 1803 878 laudibus

233 944 436 995 semper
482 933 776 978 accrescat.
824 922 933 976 lloc
976 921 1193 975 schema
1227 921 1420 973 dicitur
1450 916 1802 987 periphrasis,

233 1022 407 1075 Latine
440 1035 529 1087 per
560 1018 862 1072 circuitum.
907 1015 961 1068 In
1006 1014 1127 1067 aliis
1156 1014 1354 1081 quippe
1385 1011 1536 1075 locis,
1573 1024 1667 1076 per
1713 1024 1806 1064 or-

230 1114 364 1170 bein.
397 1113 454 1164 in
484 1110 600 1161 aliis
636 1125 701 1161 ex
733 1117 962 1175 quatuor
996 1104 1327 1166 cardinibus,
1363 1102 1449 1155 hic
1495 1111 1669 1155 autem
1714 1115 1808 1169 per

226 1206 351 1256 solis
376 1216 616 1263 cinsum,
653 1199 805 1267 quasi
839 1212 931 1265 per
963 1196 1247 1265 quamdam
1281 1193 1477 1247 lineam
1503 1192 1808 1245 declaratus

223 1302 301 1345 est
335 1291 587 1343 mundus.

297 1381 351 1432 νς
377 1396 429 1433 rs
477 1378 529 1430 4.
576 1377 825 1431 Excelsus
857 1392 1011 1444 super
1050 1392 1221 1428 omnes
1250 1383 1421 1446 gentes
1456 1373 1730 1438 Dominus,
1765 1381 1812 1424 et

222 1486 378 1533 super
428 1466 581 1519 culos
611 1466 778 1535 gloria
807 1467 935 1535 ejus.
979 1465 1082 1518 l’er
1129 1466 1222 1516 lius
1263 1462 1398 1517 duas
1445 1472 1644 1531 partes,
1695 1462 1813 1515 uni-

222 1575 408 1612 versas
443 1559 555 1610 vult
583 1558 805 1624 intelligi
837 1567 1135 1609 creaturas.
1180 1554 1387 1616 Gentes,
1440 1564 1649 1607 terrena
1685 1568 1815 1607 cuu-

225 1661 306 1703 cta
356 1651 735 1720 suscipiamus.
778 1647 965 1711 Cazlos,
1016 1648 1359 1702 advertamus
1406 1646 1655 1700 universa
1701 1659 1813 1698 coe-

1904 472 2013 519 tate
2038 465 2281 533 erigitur,
2329 463 2571 531 quisquis
2598 463 2663 517 de
2694 465 2790 516 bac
2838 462 2956 516 labe
2996 462 3237 530 corporis
3270 478 3364 529 per
3394 462 3486 517 Dei

1902 556 2125 626 gratiam
2180 555 2511 610 sublevatur.
2573 554 2686 608 Rex
2739 554 2969 623 denique
3023 557 3138 623 ipse
3184 555 3489 610 mundanus

1906 650 2059 715 inops
2082 659 2162 702 est
2190 664 2473 702 munerum
2507 646 2638 712 Dei,
2668 656 2721 701 et
2752 647 2803 700 in
2836 656 3072 701 stercore
3102 646 3333 700 volvitur
3353 688 3366 711 ,
3400 648 3488 701 cui

1906 740 2083 793 carnis
2109 740 2235 793 vitia
2267 739 2633 792 dominantur.
2681 738 2865 792 Elevat
2909 753 3038 807 ergo
3065 739 3133 791 ab
3157 738 3274 792 istis
3302 738 3486 792 Domi-

1908 845 2010 885 nus
2031 830 2296 899 quoslibet
2323 830 2560 894 ordines,
2612 829 2879 899 quaslibet
2919 837 3127 898 aetates,
3166 845 3287 885 eum
3328 830 3493 885 mise-

1910 922 2154 976 ricordias
2186 935 2297 973 sua:
2328 921 2469 974 dona
2501 922 2744 988 largitur.

1984 1014 2133 1068 Vers.
2168 1016 2221 1067 8.
2248 1013 2315 1067 Ut
2339 1014 2549 1066 collocet
2577 1030 2691 1066 eum
2715 1030 2829 1066 cum
2851 1012 3186 1083 principibus,
3214 1029 3326 1066 cum
3347 1015 3498 1085 prin.

1910 1106 2104 1173 cipibus
2136 1105 2313 1173 pepuli
2344 1106 2442 1158 sui.
2488 1105 2734 1159 Declarat
2761 1102 2825 1159 a'd
2855 1106 2979 1174 quid
3015 1105 3261 1173 pauperis
3289 1116 3343 1159 et
3374 1106 3494 1161 ino-

1914 1201 1993 1266 pis
2018 1199 2297 1266 pervenire
2325 1198 2492 1266 possit
2519 1198 2743 1259 erectio,
2775 1198 2975 1250 scilicet
3006 1204 3059 1248 ut
3082 1196 3358 1250 collocetur
3378 1214 3494 1249 cum

1913 1285 2229 1354 principibus
2276 1285 2452 1353 populi
2497 1287 2595 1339 sui.
2632 1285 2901 1353 Principes
2956 1285 3097 1339 enim
3145 1287 3323 1355 populi
3371 1298 3498 1340 sunt

1914 1375 2255 1445 patriarchze,
2306 1375 2602 1443 prophetae,
2652 1375 2902 1443 apostoli,
2954 1384 3009 1429 et
3036 1376 3337 1445 quicunque
3382 1378 3493 1429 Deo

1916 1468 2176 1536 probabili
2208 1469 2615 1524 conversatione
2666 1472 2998 1537 placuerunt.
3040 1472 3143 1526 Sed
3190 1473 3278 1527 hic
3313 1474 3501 1540 princi—

1918 1568 2121 1629 patum,
2152 1575 2256 1614 non
2284 1559 2542 1614 honorem
2578 1563 2767 1615 credas
2798 1562 2888 1630 qui
2919 1562 3194 1617 hominum
3241 1563 3496 1634 sull‘iagio

1916 1652 2268 1722 conquiritur,
2291 1653 2386 1707 sed
2412 1654 2559 1707 illum
2589 1654 2677 1721 qui
2709 1653 2932 1708 Domino
2981 1655 3243 1725 largiente
3278 1669 3501 1725 prtesta-

227 1742 421 1795 leStia:
455 1740 708 1809 quoniam
744 1754 905 1807 super
936 1741 1113 1791 omnia
1161 1737 1416 1806 probatur
1444 1736 1692 1797 excelsus,
1720 1734 1805 1789 cui
1840 1747 1888 1805 Β
1916 1756 2021 1810 tur,
2064 1746 2152 1813 qui
2211 1744 2511 1799 humilitate
2553 1744 2693 1798 altus
2728 1755 2830 1815 est,
2887 1746 2975 1815 qui
3028 1746 3132 1801 fide
3177 1757 3375 1819 certus,
3409 1755 3501 1820 qui

232 1833 330 1901 ipsi
361 1847 573 1901 quoque
608 1832 731 1885 cmli
764 1830 988 1898 subjecti
1035 1839 1180 1891 sunt.
1212 1830 1349 1882 sicut
1384 1829 1436 1881 in
1470 1828 1575 1881 alio
1603 1827 1808 1896 psalmo

235 1925 459 1992 legitur:
496 1921 744 1975 Exaltare
772 1936 923 1987 super
953 1921 1125 1984 ccelos,
1164 1918 1321 1983 Deus,
1352 1928 1398 1972 et
1434 1934 1587 1986 super
1612 1932 1812 1970 omnem

245 2027 417 2067 terram
447 2014 612 2084 gloria
642 2022 728 2065 tua
758 2011 932 2080 (Psal.
964 2027 1090 2075 cvit,
1126 2010 1200 2078 6).
1252 2010 1378 2065 Sive
1404 2019 1600 2080 gentes,
1626 2023 1813 2062 carna-

251 2109 319 2162 les
348 2107 624 2169 homines;
676 2109 825 2159 cretus
866 2120 995 2158 vero
1035 2103 1338 2171 spirituales
1385 2101 1642 2155 debemus
1674 2102 1817 2154 acci-

255 2215 400 2269 pere;
436 2209 490 2251 ut
518 2213 681 2265 super
700 2212 890 2251 omnes
912 2205 1186 2250 creaturas
1207 2194 1513 2249 Altissimus
1535 2194 1816 2259 sentiatur,

259 2292 332 2359 qui
352 2296 662 2343 cunctarum
692 2303 871 2341 rerum
901 2288 1147 2342 conditor
1172 2301 1293 2341 esse
1321 2286 1669 2355 dignoscitur.

321 2378 462 2433 Vcrs.
503 2380 555 2433 5.
603 2379 730 2443 Quis
761 2380 891 2431 sicut
940 2376 1191 2431 Dominus
1242 2375 1378 2430 Deus
1408 2385 1599 2443 noster,
1651 2376 1819 2446 quiin

263 2472 365 2523 alth
386 2472 617 2523 habitat?
647 2470 806 2524 Venit
826 2470 892 2525 ad
922 2473 1209 2525 secundam
1240 2480 1468 2537 partem,
1496 2470 1547 2524 in
1578 2485 1679 2538 qua
1709 2471 1819 2538 jam

264 2560 362 2627 ipse
387 2561 565 2615 laudes
604 2560 900 2614 dominicas
943 2576 1007 2615 ex
1056 2559 1208 2613 factis
1238 2560 1352 2628 ejus
1381 2560 1533 2615 laetus
1565 2561 1819 2618 exsolvit.

264 2653 379 2707 Dum
407 2654 513 2722 quis
541 2654 757 2717 dicitur,
803 2635 964 2707 nemo
994 2652 1132 2706 alius
1161 2651 1514 2721 signiﬁcatur,
1544 2667 1701 2721 quam
1731 2652 1820 2717 qui

264 2755 447 2799 tantum
492 2746 703 2814 propria
767 2748 1015 2814 potentia:
1056 2760 1167 2798 suae
1214 2745 1495 2813 majestate
1540 2746 1821 2815 glorietur.

266 2836 357 2902 Qui
385 2841 431 2888 in
451 2836 572 2890 altis
598 2838 814 2901 habitat,
850 2836 900 2890 id
930 2844 1037 2901 est,
1068 2837 1119 2890 in
1147 2838 1370 2890 excelsis
1402 2837 1663 2890 creaturis
1687 2837 1820 2901 suis,

260 2944 382 2995 quas
406 2931 513 2997 ipse
533 2945 752 2997 magnas
781 2930 925 2994 facit,
955 2945 1074 2983 cum
1105 2929 1158 2982 in
1181 2930 1259 2983 eis
1288 2929 1514 2982 habitare
1536 2929 1824 2998 dignatur;

262 3034 314 3073 ut
337 3031 454 3075 sunt
479 3024 651 3092 angeli
681 3024 826 3086 boni,
875 3023 1045 3076 sancti
1078 3020 1217 3091 ejus,
1249 3030 1305 3076 et
1332 3022 1551 3090 reliquie
1585 3031 1824 3089 potesta-

1918 1838 2110 1891 mentis
2152 1837 2347 1892 robore
2385 1836 2663 1891 solidatus.
2705 1837 2836 1891 Nam
2877 1838 3017 1908 quod
3061 1839 3282 1907 addidit,
3316 1844 3497 1912 pepuli

1918 1930 2019 1988 sui,
2053 1928 2316 1996 signiﬁcat
2340 1929 2634 1998 Ecclesium
2675 1931 3015 1996 catholicam,
3047 1947 3168 2001 quae
3208 1941 3320 1989 toto
3361 1936 3495 1992 orbe

1920 2020 2109 2074 diﬁ‘usa
2134 2031 2236 2076 est.

1995 2111 2145 2166 Vers.
2174 2114 2224 2166 9.
2259 2114 2359 2180 Qui
2381 2114 2611 2169 habitare
2634 2117 2754 2185 facit
2778 2118 2996 2171 sterilem
3019 2119 3069 2172 in
3092 2117 3266 2185 domo,
3291 2131 3504 2175 matrem

1923 2203 2145 2268 ﬁliorum
2192 2206 2464 2259 ltetantem.
2510 2207 2605 2261 llic
2647 2208 2783 2262 facta
2827 2217 2908 2262 est
2937 2211 3211 2264 conclusio
3256 2212 3500 2279 superio—

1924 2310 2040 2348 rum
2068 2309 2347 2359 sensuum,
2380 2307 2433 2350 et
2471 2296 2905 2354 descendentium
2940 2301 3279 2370 pulchritudo
3306 2305 3501 2358 verbo-

1923 2403 2064 2442 rum.
2104 2389 2234 2441 Nam
2264 2389 2403 2458 quod
2433 2389 2566 2443 dixit
2592 2408 2603 2442 :
2655 2391 2921 2445 Suscitans
2965 2410 2995 2444 a
3026 2402 3160 2445 terra
3186 2394 3409 2463 inepem,
3455 2405 3501 2449 ct

1926 2482 1988 2536 de
2013 2492 2232 2535 stercore
2280 2484 2477 2551 erigens
2520 2500 2794 2553 pauperem
2824 2501 2843 2538 .'
2892 2495 2946 2538 ut
2972 2487 3184 2540 collocet
3230 2504 3343 2541 eum
3389 2504 3506 2541 cum

1928 2573 2261 2641 principibus,
2311 2589 2428 2627 cum
2457 2576 2768 2645 principibus
2812 2578 2990 2646 populi
3032 2579 3133 2646 sui,
3165 2580 3388 2647 exponit
3415 2581 3503 2634 ubi

1930 2666 2029 2720 hoc
2060 2667 2173 2722 ﬁeri
2204 2667 2407 2736 possit;
2450 2668 2657 2722 scilicet
2700 2668 2751 2721 in
2785 2670 3043 2733 Ecclesia,
3092 2685 3213 2739 qua:
3254 2682 3378 2727 ante
3408 2676 3504 2727 ad-

1928 2767 2144 2811 ventum
2174 2758 2367 2827 Sponsi
2393 2759 2473 2812 sui
2503 2760 2689 2812 sterilis
2716 2758 2886 2814 fuerat
2910 2778 2923 2825 ;
2951 2761 3044 2816 sed
3072 2762 3207 2816 facta
3232 2773 3313 2819 est
3342 2775 3506 2818 mater

1930 2847 2052 2903 laeta
2084 2850 2327 2916 ﬁliorum,
2382 2849 2593 2917 quando
2642 2850 3111 2917 praedicationibus
3136 2858 3502 2922 apostolorum

1930 2955 1992 2995 ex
2021 2955 2154 3010 aqua
2184 2950 2237 2994 et
2262 2940 2461 3008 Spiritu
2491 2950 2678 2996 sancto
2713 2944 2959 3011 copiosos
2988 2943 3125 2998 ﬁlios
3153 2944 3205 2999 in
3232 2955 3343 2999 toto
3372 2947 3505 3001 orbe

1930 3035 2250 3103 procreavit.
2292 3034 2569 3100 Quondam
2600 3035 2768 3101 fusco,
2797 3050 2935 3089 nunc
2964 3036 3181 3105 pulchra
3208 3053 3222 3101 ;
3256 3052 3374 3104 quae
3406 3052 3500 3106 per

262 3120 356 3178 tes,
404 3129 517 3182 qua:
565 3116 867 3182 praesentia:
910 3113 1077 3182 ipsius
1127 3114 1388 3184 dignitate
1439 3112 1821 3182 grandescunt.

1934 3140 2123 3193 aquam
2167 3126 2597 3179 fecundissimam
2648 3124 2807 3192 parit,
2859 3133 2914 3179 et
2961 3124 3317 3194 virginitatem
3348 3139 3500 3180 suam

256 3204 355 3257 Sed
402 3222 465 3261 ne
513 3218 731 3276 putares
778 3210 933 3260 istam
980 3206 1387 3274 amplitudinem
1420 3204 1639 3258 humilia
1686 3203 1826 3258 velle

255 3298 543 3368 despicere,
576 3301 697 3354 vide
726 3300 852 3368 quid
880 3298 1142 3368 sequitur.

325 3410 469 3465 Vers.
503 3412 556 3465 6.
601 3410 667 3462 Et
710 3408 923 3462 humilia
966 3409 1170 3477 respicit
1219 3409 1273 3462 in
1320 3409 1445 3463 caelo
1491 3418 1536 3463 et
1587 3411 1638 3463 in
1668 3420 1822 3464 terra.

253 3502 543 3569 Exponitur
572 3502 714 3570 quod
743 3500 988 3568 superius
1012 3500 1211 3554 dictum
1245 3510 1345 3566 est,
1376 3502 1463 3570 qui
1494 3502 1546 3553 in
1587 3501 1705 3554 aliis
1734 3503 1828 3553 lia-

251 3593 393 3646 bitat.
435 3593 550 3663 Ipse
580 3593 722 3646 enim
754 3592 969 3644 humilia
1014 3591 1239 3663 respicit,
1284 3601 1341 3645 ut
1387 3592 1513 3645 fiant
1542 3591 1657 3660 ejus
1686 3592 1829 3645 dono

249 3698 460 3754 semper
488 3684 768 3739 altissima.
814 3684 894 3738 Illi
926 3686 1069 3739 enim
1100 3700 1259 3751 supra
1292 3685 1430 3753 piam
1473 3684 1826 3740 humilitatem

247 3778 406 3830 sedes
428 3787 546 3839 est;
576 3778 745 3845 ipsam
773 3776 953 3830 visitat
976 3789 1095 3843 qua:
1123 3775 1253 3828 nihil
1286 3777 1339 3829 in
1367 3789 1426 3830 se
1462 3790 1702 3844 sperans,
1734 3776 1828 3830 sed

250 3865 318 3917 de
346 3868 462 3920 sola
495 3866 704 3919 Domini
733 3865 976 3936 largitate
1000 3867 1291 3934 praesumit.
1334 3865 1441 3920 Sed
1477 3868 1630 3921 istam
1659 3867 1832 3921 humi-

250 3954 456 4011 litatem
487 3959 540 4011 in
574 3958 831 4023 qualitate
858 3956 1051 4010 mentis
1090 3956 1293 4025 accipe,
1344 3972 1450 4011 non
1480 3958 1545 4010 in
1566 3958 1831 4026 positione

251 4053 535 4100 terrarum.
574 4047 831 4116 Sequitur
853 4046 1020 4111 enim,
1050 4048 1105 4099 in
1145 4047 1270 4099 caelo
1297 4053 1344 4100 et
1406 4049 1457 4100 in
1502 4055 1659 4100 terra.
1703 4046 1832 4114 Quae

251 4151 336 4191 est
358 4143 411 4193 in
433 4144 554 4195 caelo
585 4140 881 4206 humilitas,
913 4142 1013 4194 nisi
1040 4141 1124 4194 illa
1147 4141 1349 4195 scilicet
1397 4142 1449 4194 in
1480 4156 1584 4211 qua
1616 4141 1829 4196 humili-

254 4236 362 4283 tate
393 4247 485 4284 sua
531 4233 702 4285 sancti
747 4232 919 4301 angeli
967 4232 1325 4300 placuerunt?
1368 4231 1600 4287 Virtutes
1641 4247 1830 4287 omnes

251 4322 509 4378 oculorum
556 4328 665 4392 ipsa
697 4324 852 4377 laude
886 4324 1157 4392 praecelsas
1185 4333 1347 4390 sunt;
1389 4335 1444 4379 et
1487 4324 1742 4393 quidquid
1773 4324 1833 4377 ﬁ-

256 4411 450 4468 deliter
476 4415 675 4469 humile
706 4414 885 4479 fuerit,
936 4414 1007 4467 ibi
1036 4414 1127 4468 Dei
1160 4416 1315 4469 sedes
1341 4427 1394 4468 ct
1421 4426 1619 4470 mterna
1646 4426 1833 4484 poten-

1930 3216 2157 3285 gloriosa
2186 3216 2490 3285 integritate
2510 3215 2765 3269 custodit.
2809 3216 2924 3284 Ipsa
2969 3214 3067 3269 fuit
3094 3216 3252 3285 igitur
3293 3218 3504 3281 sterilis,

1930 3321 2086 3374 quam
2119 3306 2373 3359 Dominus
2414 3307 2469 3359 in
2497 3305 2650 3359 domo
2678 3317 2774 3359 sua
2805 3305 3035 3359 habitare
3075 3306 3196 3375 facit
3219 3306 3503 3374 ltetantem,

1929 3397 1998 3454 de
2019 3405 2169 3467 partu
2200 3396 2405 3452 scilicet
2433 3404 2486 3450 et
2515 3394 2895 3450 numerositate
2923 3406 3251 3451 sanctorum.

2460 3486 2733 3539 Conclusio
2758 3486 2965 3557 psalmi.

2006 3580 2359 3634 Vehementer
2383 3578 2622 3632 admiror
2646 3579 2854 3648 quoties
2901 3578 3059 3632 istum
3110 3593 3391 3633 numerum
3424 3592 3513 3634 re-

1934 3671 2084 3741 perio
2106 3672 2397 3741 ingentium
2419 3678 2873 3724 sacramentorum
2892 3670 3094 3725 honore
3118 3670 3482 3741 plenissimum
3497 3710 3509 3723 .

1935 3769 2054 3837 Ipse
2101 3767 2243 3821 enim
2310 3764 2546 3819 calculus
2609 3765 2880 3832 apostolos
2935 3765 3343 3833 complectitur;
3394 3766 3512 3833 ipse

1935 3856 2282 3913 lsraeliticum
2314 3855 2567 3923 populum
2592 3853 2769 3907 divisit
2799 3854 2852 3907 in
2890 3854 3150 3918 tribubus,
3188 3852 3417 3907 futuram
3447 3854 3511 3908 il-

1937 3947 2063 4013 lam,
2086 3948 2225 4000 sicut
2254 3946 2409 3999 Pater
2428 3944 2778 4013 llieronymus
2798 3940 2978 4013 ait(ln
2992 3959 3106 4012 cup.
3125 3958 3245 3996 χιιι
3274 3943 3513 4008 Essem),

1936 4040 2242 4108 signiﬁcans
2263 4036 2642 4093 beatitudinem
2668 4035 2989 4089 duodenaiia
3013 4034 3307 4104 quantitate
3328 4034 3520 4089 distin-

1936 4130 2048 4199 gui.
2090 4129 2249 4184 Verbi
2294 4128 2484 4199 gratia.
2519 4137 2577 4182 ut
2615 4128 2844 4196 primum
2890 4125 3064 4181 locum
3109 4126 3343 4181 habeant
3383 4142 3512 4195 apo-

1939 4222 2082 4288 stoli,
2114 4223 2407 4277 secundum
2438 4219 2736 4289 prophetas,
2784 4219 3004 4273 tertium
3031 4226 3317 4288 martyres,
3353 4232 3512 4285 quar-

1941 4324 2051 4370 tum
2093 4314 2322 4368 infantes
2350 4320 2470 4381 post
2495 4310 2814 4379 baptismum
2860 4310 3017 4380 rapti,
3070 4309 3313 4379 quintum
3357 4308 3521 4379 virgi-

1942 4422 2057 4473 nes,
2112 4414 2320 4460 sextum
2369 4412 2514 4458 recte
2568 4403 2929 4473 pmnitentes;
2987 4408 3045 4456 ut
3094 4402 3173 4455 sic
3229 4416 3398 4471 usque
3451 4401 3519 4456 ad

258 4505 332 4557 tia
376 4510 657 4576 reperitur.
700 4504 766 4559 In
810 4518 945 4559 terra
987 4506 1132 4559 enim
1177 4504 1318 4571 quod
1365 4505 1513 4569 dicit,
1567 4507 1834 4574 signiﬁcat
1864 4519 1913 4579 ι)
1947 4495 2229 4550 duodecim
2278 4504 2459 4564 partes
2504 4508 2598 4563 per
2622 4493 2861 4547 diversas
2891 4492 3206 4547 meritorum
3235 4489 3519 4547 distantias

264 4606 468 4651 sanctos
498 4600 662 4658 viros,
713 4597 780 4650 de
808 4596 999 4663 quibus
1027 4596 1282 4663 scriptum
1312 4603 1431 4649 est:
1475 4595 1647 4664 Super
1688 4612 1834 4663 quem

265 4692 527 4755 requiescet
562 4690 698 4763 [etl.,
746 4686 1037 4757 requiescit]
1072 4686 1301 4755 Spiritus
1348 4704 1509 4753 meus,
1560 4690 1657 4742 nisi
1685 4706 1835 4758 super

268 4784 517 4854 humilem,
566 4800 614 4843 et
650 4792 908 4859 quietum,
956 4800 1003 4842 ct
1033 4797 1327 4841 trementem
1359 4786 1505 4840 verba
1531 4801 1644 4838 mea
1676 4781 1830 4854 (Isai.

270 4892 403 4947 txvt,
436 4884 531 4953 '2)?
563 4883 651 4937 Sic
676 4884 731 4935 in
759 4884 883 4935 caelo
926 4891 972 4935 et
997 4883 1048 4934 in
1091 4891 1227 4935 terra
1277 4878 1547 4932 humilitas
1576 4877 1684 4930 Deo
1716 4874 1833 4956 pla-

268 4974 360 5025 cita
411 4982 697 5044 reperitur,
742 4975 881 5028 sicut
923 4974 1175 5043 superbia
1209 4973 1466 5041 probatur
1494 4984 1681 5032 exosa,
1738 4983 1833 5036 per

268 5077 415 5129 quam
446 5070 686 5125 diabolus
716 5067 929 5134 cecidit,
965 5082 1058 5135 per
1095 5080 1255 5134 quam
1288 5065 1533 5118 homines
1560 5062 1612 5115 in
1645 5060 1837 5115 tartari

271 5164 531 5218 Denctrale
581 5170 913 5232 merguntur.
972 5160 1302 5215 Erubescant
1348 5156 1493 5220 elati,
1538 5165 1591 5210 et
1631 5154 1839 5222 seipsos

266 5258 473 5323 accepta
501 5257 709 5309 ratione
734 5252 1075 5307 convincunt.
1107 5249 1207 5306 Ubi
1230 5247 1640 5304 credantlocum
1672 5246 1839 5300 habe-

262 5351 325 5397 re
363 5350 686 5417 superbiam.
726 5361 846 5401 cum
873 5345 1069 5401 caelum
1100 5353 1157 5399 et
1193 5354 1391 5398 terram
1430 5341 1498 5395 ab
1536 5340 1836 5395 humilitate

256 5436 471 5495 Videant
505 5437 803 5508 occupata?

334 5531 480 5586 νει-ς.
514 5534 568 5585 7.
594 5530 862 5585 Suscitans
902 5546 935 5582 ts
981 5537 1116 5582 terra
1155 5529 1377 5597 inopem,
1424 5533 1471 5579 et
1517 5528 1581 5579 de
1606 5531 1823 5577 stercore

242 5624 449 5697 "ﬁgens
478 5636 773 5693 pauperem.
817 5619 927 5673 Hoc
955 5619 1271 5676 beneﬁcium
1304 5631 1409 5673 non
1436 5615 1540 5672 sibi
1581 5614 1678 5670 soli
1714 5614 1829 5668 ino-

457 5716 731 5775 Ρηιιοι..
778 5708 975 5771 LXX.

1944 4588 2234 4659 gradiatur.
2278 4585 2390 4640 lloc
2421 4592 2637 4655 tangere
2666 4584 2875 4639 videtur
2897 4583 3182 4652 Apostolus
3207 4598 3329 4639 cum
3356 4582 3519 4637 dicit:

1940 4681 2057 4733 Alia
2103 4678 2311 4732 claritas
2356 4678 2498 4741 solis,
2548 4676 2653 4730 alia
2692 4675 2899 4729 claritas
2947 4675 3107 4739 tunc,
3158 4675 3264 4728 alia
3309 4675 3522 4727 claritas

1939 4770 2202 4824 stellarum
2230 4767 2282 4830 (1
2309 4766 2429 4824 Cor.
2455 4783 2542 4834 sv,
2573 4765 2714 4837 bl);
2762 4774 2815 4822 et
2842 4766 2967 4821 alibi
3016 4784 3029 4821 :
3080 4766 3247 4822 Stella
3286 4782 3319 4819 a
3367 4767 3518 4819 stella

1950 4862 2122 4927 αεσενι
2151 4863 2205 4915 in
2233 4861 2466 4914 claritate
2491 4876 2509 4913 :
2549 4862 2621 4914 sic
2648 4860 2743 4913 erit
2774 4868 2820 4912 et
2844 4860 3146 4913 resurrectio
3176 4865 3518 4912 mortuorum.

1947 4954 2113 5025 386
2156 4953 2496 5020 Quapropter
2549 4950 2649 5004 iste
2702 4950 2942 5019 psalmus
3002 4959 3122 5019 post
3167 4950 3521 5004 centesimum

1947 5046 2279 5102 duodenario
2300 5058 2527 5100 numero
2551 5046 2896 5107 constitutus,
2950 5044 3142 5099 future
3189 5043 3345 5099 nobis
3396 5043 3520 5099 bea-

1950 5137 2189 5193 titudinis
2218 5135 2501 5206 imaginem
2530 5136 2917 5201 compromittit
2941 5176 2956 5199 ,
3006 5134 3218 5205 quando
3255 5135 3320 5190 ad
3369 5134 3514 5187 illam

1949 5238 2164 5285 reterns:
2210 5229 2409 5285 laetitia
2458 5228 2863 5283 similitudinem
2910 5227 3109 5298 jugiter
3160 5228 3442 5281 Dominum
3492 5241 3524 5280 δ

1945 5321 2127 5391 pueris
2164 5321 2404 5390 przecipit
2430 5334 2553 5375 esse
2582 5319 2926 5375 laudandum.

2198 5432 2561 5488 EXPOSI'I‘IU
2600 5432 2662 5485 IN
2703 5429 3029 5487 PSALMUM
3070 5428 3255 5484 CXIII.

2619 5522 2861 5576 Alleluia.

2018 5614 2149 5668 Cum
2171 5616 2278 5681 tam
2296 5614 2445 5667 multi
2466 5612 2791 5682 psalmorum
2813 5610 3201 5679 praecesserint,
3216 5617 3268 5663 et
3286 5608 3372 5664 alii
3390 5623 3524 5679 quo-

2967 5701 3046 5761 26
