3966 6172
533 191 627 242 8ll
683 267 688 270 _
1773 197 1839 252 Μ.
1884 197 2158 253 AURELII
2199 197 2591 255 CASSIODJIU
3618 223 3696 278 313

533 317 634 372 quc
657 303 887 356 secuturi
916 303 1019 356 sint
1045 303 1134 371 qui
1161 304 1378 356 Alleluia
1403 313 1782 374 prmnotantur,
1812 320 1915 360 non
1945 306 2113 360 incas-
2140 307 2192 368 Α
2220 306 2414 361 debrre
2458 309 2682 377 suscipi,
2727 311 2815 378 qui
2863 325 3010 367 more
3043 313 3297 367 undarum
3330 320 3512 376 tumidis
3539 333 3700 398 cog'm.

533 411 650 449 sum
679 403 750 448 tet
779 395 964 462 psalmi
994 394 1080 448 tali
1099 397 1271 463 capite
1303 396 1547 451 videntur
1575 399 1776 452 ornari.
1819 398 1947 452 Nam
1976 400 2111 452 sicut

536 485 591 539 in
616 484 839 539 melodia
871 483 970 537 hoc
991 485 1342 552 compositum
1375 501 1567 544 nomen
1588 487 1825 544 diversos
1853 500 2004 543 tonos
2027 505 2110 544 re-

537 576 688 643 cipit,
717 575 786 628 ita
817 585 867 628 et
897 575 1216 644 multiplices
1244 592 1434 632 causas
1476 579 1541 633 ad
1572 580 1676 633 vim
1709 596 1820 636 suae
1852 583 2110 652 praedica-

534 667 689 720 tionis
721 667 963 720 assumit.
1007 667 1120 722 Non
1150 668 1290 722 enim
1339 685 1448 724 uno
1476 670 1636 726 modo
1685 673 1915 728 dicitur:
1969 674 2107 726 Lau-

530 759 646 812 date
691 759 963 813 Dominum
991 777 1008 826 ;
1039 761 1158 824 sed.
1199 763 1335 817 sicut
1377 778 1440 818 ex
1472 763 1696 819 diversis
1743 766 1946 820 aclibus
1997 767 2109 820 laus

533 849 630 900 ista
659 848 949 918 colligitur,
985 851 1052 903 ita
1083 859 1136 903 et
1167 851 1391 906 Alleluia
1417 854 1579 908 variis
1618 853 1844 923 negotiis
1873 864 1926 909 et
1957 869 2107 908 com-

536 939 837 1006 petentibus
868 942 1260 995 narrationibus
1290 943 1604 1011 applicatur.
1639 945 1733 999 Est
1762 945 1904 1000 cnim
1935 947 2106 999 inten-

534 1031 606 1084 tio
637 1030 825 1100 psalmi
876 1031 1028 1084 istius
1055 1071 1070 1094 ,
1122 1041 1177 1084 ut
1224 1033 1290 1084 ab
1322 1032 1473 1085 initio
1505 1033 1748 1087 llebraici
1798 1035 1978 1104 populi
2014 1049 2108 1101 per

534 1136 721 1190 magna
745 1121 1000 1175 miracula
1033 1122 1412 1190 plenitudinem
1445 1123 1576 1193 legis
1607 1124 1715 1192 (qui
1745 1134 1827 1178 est
1863 1124 2106 1178 Christus

537 1212 816 1280 Dominus)
851 1211 1047 1265 mundo
1072 1214 1359 1279 prmstitam
1410 1214 1701 1279 nuntiaret,
1750 1223 1842 1281 per
1873 1230 2003 1283 quas
2033 1215 2106 1266 si-

534 1302 860 1356 militudines
906 1317 1086 1356 rerum
1141 1311 1196 1356 et
1226 1303 1384 1358 hodie
1414 1319 1845 1373 unumquemque
1888 1304 2105 1358 liberari

531 1392 794 1460 approbat
821 1391 1206 1446 Christianum.

1105 1500 1300 1554 Divisio
1329 1505 1533 1572 psalmi.

601 1611 704 1666 Per
757 1620 920 1666 totum
984 1613 1242 1678 psalmum
1297 1615 1552 1682 prepheta
1605 1616 1856 1682 loquitur.
1923 1614 2104 1672 Primo

2218 396 2446 452 tioaibus
2477 396 2734 454 ﬂuctuant
2761 417 2772 464 ;
2808 400 3087 454 Iordanem
3120 418 3247 457 vero
3275 421 3362 474 pro
3396 396 3699 477 quolibet—nu.

2213 489 2356 543 mine
2387 489 2645 544 debemus
2675 492 2937 560 accipere,
2987 495 3073 563 qui
3104 497 3262 551 variis
3287 498 3532 560 desideriis
3560 508 3700 569 humi.

2212 594 2306 633 nes
2332 579 2561 648 rapiunt,
2590 590 2644 636 et
2672 581 2724 636 in
2756 597 2903 637 mare
2938 584 3064 639 illud
3097 600 3338 655 magnum
3375 592 3570 650 nefanda
3600 616 3706 667 pm.

2212 670 2522 738 cipitatione
2547 673 2836 730 deducunt.
2878 677 2981 730 Ista
3029 678 3168 732 enim
3197 679 3300 732 duo
3339 698 3444 751 quae
3466 701 3608 756 genus
3632 693 3708 748 hu.

2212 775 2427 814 manum
2481 763 2689 817 diversa
2757 763 3109 820 delectatione
3167 769 3466 839 rapiebant,
3524 778 3710 838 adventu

2215 848 2424 905 Domini
2457 865 2722 922 respecto,
2771 869 2798 907 a
2831 857 2940 910 suis
2967 858 3428 917 consuetudinibus
3471 878 3710 929 retrorsum

2212 943 2539 1012 prmcipitata
2569 945 2858 1000 redierunt.
2886 946 2952 1000 Et
2977 947 3100 1002 licet
3130 947 3245 1002 haec
3273 948 3479 1008 historia
3499 957 3716 1018 referatur

2210 1033 2262 1086 in
2295 1033 2473 1088 Veteri
2502 1035 2866 1100 Testamento,
2899 1039 3016 1092 aliis
3046 1048 3220 1094 tamen
3256 1033 3338 1096 hic
3366 1046 3524 1100 verbis
3546 1059 3591 1103 et
3609 1051 3715 1107 simi-

2211 1125 2518 1181 litudinibus
2574 1129 2876 1195 indicatur;
2942 1140 2999 1184 ut
3052 1134 3327 1189 evidenter
3383 1137 3718 1199 adverteremus

2209 1217 2425 1286 antiqua
2457 1220 2546 1271 illa
2593 1220 2726 1273 facta
2759 1222 3023 1289 spirituali
3071 1225 3414 1295 intelligentia
3444 1230 3606 1286 salutis
3632 1250 3708 1289 no-

2211 1315 2337 1360 stne
2369 1309 2555 1361 indicia
2589 1312 2882 1366 nuntiasse.

2280 1396 2433 1451 Vers.
2467 1399 2519 1452 4.
2564 1398 2766 1454 Montes
2801 1401 3030 1456 exsultat:
3063 1413 3180 1457 runt
3210 1414 3266 1457 ut
3305 1408 3494 1474 arietes,
3535 1420 3574 1463 et
3600 1413 3722 1466 colles

2217 1488 2343 1541 velut
2376 1490 2498 1558 agni
2518 1490 2703 1544 ovium.
2748 1491 3006 1546 Paulatim
3056 1495 3354 1550 evidentius
3395 1498 3642 1554 descendit
3677 1503 3726 1556 ad

2211 1592 2451 1652 tempora
2472 1584 2792 1640 Christiana.
2826 1586 3023 1642 Montes
3047 1591 3316 1658 aposmlvts
3335 1602 3387 1646 et
3407 1596 3726 1662 evangelisus,

536 1703 694 1756 modo
721 1710 1110 1756 commemorat
1137 1719 1255 1772 qua:
1287 1704 1541 1758 miracula
1571 1705 1826 1760 Dominus
1869 1674 2183 1760 llebraeis’B
2210 1677 2290 1731 ve,
2320 1690 2507 1732 omnes
2536 1679 2683 1772 ver!"
2735 1680 3108 1747 pra'd'cmores
3154 1697 3324 1752 acc'p‘
3370 1699 3520 1754 ⁸³⁸⁵³⁸
3545 1689 3731 1741 mwe'

535 1791 862 1860 praestiterit,
913 1798 966 1845 et
998 1795 1194 1860 populo
1225 1792 1548 1848 Christiano.
1608 1796 1852 1850 Secundo
1902 1799 2001 1851 sub
2031 1799 2110 1852 iu-

535 1884 886 1952 terrogatione
917 1881 1046 1936 dicit
1093 1897 1185 1936 cur
1219 1884 1410 1952 fugerit
1451 1901 1619 1951 mare,
1672 1903 1838 1955 quare
1888 1902 2103 1942 cursum

531 1987 683 2027 suum
710 1971 959 2025 Jordanis
1001 1971 1255 2026 abstinuit
1287 1974 1414 2044 [ed.,
1465 1975 1745 2046 retinuit]:
1798 1977 2103 2044 responsio-

535 2077 653 2116 nem
696 2061 1050 2130 gratissimam
1079 2060 1330 2131 jungens,
1384 2079 1411 2116 a
1463 2064 1593 2119 facie
1644 2066 1853 2120 Domini
1909 2079 2106 2122 terram

535 2152 697 2205 fuisse
727 2161 1069 2204 commotam.
1113 2151 1290 2206 Tertio
1319 2155 1601 2209 simulacra
1636 2157 1870 2226 gentium
1900 2158 2105 2211 inutilia

533 2244 864 2298 demonstrat
916 2243 1283 2297 adorntorihus
1341 2247 1493 2309 suis;
1554 2256 1608 2300 ct
1659 2249 1846 2318 religio
1895 2250 2106 2304 Domini

533 2351 691 2406 quam
733 2336 799 2389 sit
848 2335 995 2389 utilis
1041 2347 1091 2389 et
1144 2337 1490 2393 saluberrima
1543 2343 1774 2411 propriis
1815 2343 2107 2398 cultoribus

536 2434 925 2497 consequenter
955 2429 1197 2494 exponit.

1075 2538 1343 2608 Expositio
1369 2542 1572 2608 psalmi.

605 2652 756 2708 Vers.
787 2652 838 2706 1.
881 2650 945 2705 1η
989 2654 1127 2706 exitu
1175 2651 1340 2706 Israel
1382 2656 1442 2706 de
1488 2654 1624 2726 [ms.
1658 2656 1723 2709 G.
1776 2665 1830 2710 ct
1872 2658 1980 2719 ed.,
2012 2658 2105 2728 ea]

533 2742 782 2813 zEgypto,
813 2743 994 2796 domus
1020 2743 1182 2796 Jacob
1213 2745 1275 2798 de
1301 2745 1492 2814 pOpulo
1516 2746 1752 2801 barbaro.
1793 2748 1886 2801 llic
1914 2750 2105 2802 exitum

537 2835 684 2889 illum
712 2833 969 2889 debemus
998 2834 1258 2904 accipere,
1293 2835 1504 2903 quando
1550 2851 1645 2889 nos
1689 2851 1716 2888 a
1767 2845 2104 2905 peccatorum

534 2927 760 2980 vinculis
791 2926 1050 2994 contingit
1074 2927 1242 2980 exire.
1268 2927 1418 2980 Tunc
1444 2929 1584 2980 enim
1609 2928 1675 2980 ab
1699 2927 2099 2997 Egyptiorum,

2215 1774 2353 1820 stum
2385 1778 2485 1830 est,
2539 1769 2629 1837 qui
2674 1778 2728 1822 et
2777 1784 3060 1839 supernam
3103 1773 3276 1828 lucem
3320 1791 3350 1830 a
3381 1778 3527 1832 terris
3563 1782 3734 1833 cadetis

2217 1862 2460 1930 primitus
2509 1873 2847 1931 acceperunt.
2931 1865 2997 1918 Et
3054 1867 3250 1920 merito
3301 1880 3482 1922 montes
3527 1871 3736 1938 appellati

2213 1961 2357 2016 sunt,
2393 1960 2609 2019 propter
2641 1952 2941 2007 sanctitatis
2970 1954 3359 2022 amplissimum
3409 1972 3655 2022 Cacumen,
3697 1970 3736 2012 et

2215 2039 2335 2095 ﬁdei
2366 2041 2742 2096 solitlissimam
2773 2043 3095 2099 ﬁrmitatem.
3128 2046 3219 2100 Isti
3243 2048 3386 2102 enim
3418 2049 3737 2102 exsultat'eruat

2215 2131 2266 2184 in
2315 2131 2564 2199 operibus
2605 2134 2716 2185 Suis
2762 2142 3003 2201 tanquam
3041 2135 3249 2202 arietes,
3293 2139 3380 2206 qui
3432 2138 3740 2192 ﬁdeli~simum

2214 2236 2424 2290 gregem
2455 2223 2520 2274 ad
2547 2224 2730 2276 caulas
2756 2224 2965 2279 Domini
2995 2226 3177 2280 divino
3215 2228 3488 2297 juvamine
3519 2231 3735 2296 perduce-

2214 2311 2359 2367 bant.
2417 2312 2584 2367 Colles
2623 2323 2801 2369 autem
2854 2318 3282 2373 mediocritatem
3333 2322 3618 2390 signiﬁcant
3662 2324 3744 2375 late

2212 2402 2569 2469 credentium,
2600 2421 2825 2472 quorum
2859 2417 3074 2476 pectora
3109 2408 3237 2464 ﬁdei
3271 2412 3471 2464 semina
3501 2411 3745 2466 efﬁcaciter

2215 2505 2557 2565 acceperunt.
2602 2498 2767 2552 Colles
2798 2501 2937 2553 enim
2965 2500 3092 2554 dicti
3123 2511 3256 2556 sunt
3306 2519 3333 2554 a
3383 2503 3615 2557 colendo.
3670 2502 3748 2557 l5ta

2213 2587 2354 2640 enim
2399 2588 2750 2656 spiritualiter
2788 2590 3066 2655 advertere
3114 2608 3218 2648 nos
3253 2594 3453 2648 debere
3498 2595 3620 2648 ratio
3661 2593 3745 2659 iraa

2215 2678 2514 2743 compellit,
2546 2682 2758 2748 quando
2789 2683 2852 2736 ad
2888 2685 3116 2739 litteram
3146 2687 3481 2741 omnimodis
3507 2689 3751 2756 probantur

2213 2768 2460 2838 absurda.
2497 2769 2563 2823 Et
2595 2771 2713 2826 ideo
2743 2775 2950 2842 respice
2970 2791 3071 2844 qua
3102 2779 3374 2832 suavitate
3407 2779 3600 2846 priores
3633 2779 3749 2830 simi.

2213 2857 2461 2916 litudiues
2491 2862 2557 2916 ad
2599 2863 2734 2918 hanc
2762 2864 3171 2935 intelligentiam
3229 2869 3485 2924 videntur
3529 2883 3636 2923 esse
3661 2883 3755 2935 per-

2212 2950 2408 3018 ductae,
2460 2963 2516 3008 ut
2542 2955 2654 3022 sibi
2671 2958 2847 3012 omnia
2871 2959 3234 3028 pulcherrima
3262 2963 3549 3018 collatione
3572 2977 3756 3029 κεροπ-

535 3016 583 3070 id
616 3024 698 3070 est
741 3031 768 3069 a
821 3016 1120 3070 dmmonum
1175 3017 1326 3070 turba
1371 3017 1680 3082 liberamur,
1736 3020 1947 3088 quando
1979 3021 2104 3074 bar-
2139 3042 2181 3102 ρ
2209 3040 2388 3096 deam.

535 3106 728 3160 baricte
758 3108 1061 3162 severitatis
1094 3109 1234 3161 illius
1275 3107 1395 3177 jura
1427 3123 1529 3162 non
1563 3109 1832 3177 patimur;
1876 3121 1929 3164 et
1978 3127 2106 3167 vere

530 3195 807 3250 reddimur
837 3197 1113 3263 lsraelitte,
1162 3213 1284 3251 cum
1321 3213 1530 3266 pompae
1561 3200 1741 3254 mundi
1769 3200 1923 3268 hujus
1953 3217 1981 3254 a
2011 3217 2106 3256 no-

531 3295 640 3339 stra
671 3287 932 3354 coeperint
977 3296 1154 3341 mente
1183 3286 1482 3346 discedere.
1528 3288 1789 3345 Barbarus
1835 3305 2015 3347 autem
2075 3310 2102 3346 a

533 3377 693 3428 barba
719 3384 773 3429 et
797 3392 919 3430 rure
948 3376 1121 3431 dictus
1145 3387 1243 3444 est,
1272 3379 1411 3448 quod
1436 3396 1699 3449 nunquam
1729 3383 1780 3436 in
1809 3384 1940 3438 urbe
1958 3385 2105 3440 vixe—

533 3469 632 3534 rit,
678 3471 770 3523 sed
798 3483 1009 3539 semper
1047 3480 1103 3524 ut
1143 3471 1253 3526 fera
1286 3474 1334 3525 in
1366 3473 1507 3542 agris
1537 3474 1805 3529 habitasse
1833 3488 2100 3533 noscatur.

536 3558 728 3612 Domus
759 3575 885 3614 vero
911 3559 1072 3614 Iacob
1099 3562 1360 3616 veraciter
1385 3563 1668 3633 efﬁcimur,
1713 3568 1928 3636 quando
1955 3569 2107 3624 Ch.i-

532 3649 692 3703 stiani
718 3649 981 3720 dogmatis
1018 3660 1280 3720 praecepta
1313 3667 1610 3708 servamus.

612 3742 762 3798 Vers.
787 3743 843 3796 2.
886 3743 1050 3797 Facta
1089 3753 1160 3798 est
1204 3745 1388 3798 Iudaea
1415 3748 1753 3812 sanctiﬁcatio
1780 3751 1911 3820 ejus,
1941 3750 2107 3806 Israel

534 3841 758 3902 potestas
794 3834 905 3902 ejus
930 3851 948 3886 :
990 3833 1156 3888 Israel
1197 3837 1424 3905 regnabit
1468 3839 1519 3889 in
1546 3854 1628 3891 ea.
1669 3839 1792 3892 Tria
1826 3845 1922 3894 ista
1953 3857 2104 3897 com-

536 3931 675 3973 mata
710 3937 893 3977 versus
919 3922 1072 3994 hujus
1104 3925 1266 3977 divisa
1299 3927 1631 3993 expositione
1659 3944 1961 3988 noscamus.
2007 3931 2106 3985 Ju-

533 4010 693 4062 damm
722 4011 844 4081 [τηε.
880 4011 942 4065 G.
975 4022 1025 4066 et
1056 4013 1166 4075 ed.,
1193 4011 1405 4083 ludum]
1435 4015 1666 4071 diximus
1698 4033 1801 4071 non
1833 4021 2004 4074 solum
2037 4023 2103 4076 ad

535 4099 877 4154 llebrteorum
913 4103 1179 4169 pertinere
1207 4103 1499 4169 nationem,
1533 4106 1626 4159 sed
1652 4107 1716 4160 ad
1751 4123 1941 4163 omnes
1973 4110 2102 4164 lide-

531 4189 609 4244 les
641 4206 796 4256 posse
840 4196 1128 4263 respicere.
1164 4195 1331 4249 Verus
1361 4198 1503 4252 enim
1552 4199 1714 4255 Judas
1745 4200 1988 4258 Salvator
2019 4211 2102 4258 est

533 4282 810 4348 Dominus,
854 4284 908 4338 in
953 4301 1057 4354 quo
1106 4303 1326 4354 regnum
1374 4299 1428 4343 et
1456 4301 1689 4359 potestas
1717 4293 2096 4362 lsraelitarum,

535 4370 584 4423 id
616 4379 698 4424 est
740 4371 1030 4426 videntium
1063 4375 1224 4428 Deum
1269 4379 1504 4432 noscitur
1534 4395 1652 4434 esse
1685 4392 1934 4449 perpetua
1961 4401 1975 4448 ;
2030 4389 2096 4437 ita

529 4464 622 4532 qui
655 4478 775 4516 eum
813 4466 1126 4519 circumciso
1175 4468 1334 4522 corde
1379 4481 1693 4537 sequuntur,
1746 4474 1914 4528 .Iudtci
1948 4492 2100 4529 vera-

534 4553 668 4607 citer
696 4561 1086 4622 nuncupantur.
1131 4555 1360 4610 Potestas
1390 4571 1566 4613 autem
1612 4563 1724 4626 eius
1765 4561 1931 4616 Israel
1960 4565 2099 4618 dicta

535 4651 638 4711 est,
669 4645 914 4711 quoniam
942 4647 993 4699 in
1018 4645 1134 4714 ipso
1163 4662 1348 4716 magna
1381 4650 1636 4704 miracula
1669 4655 1896 4719 propriae
1932 4658 2098 4708 virtu-

537 4735 602 4788 tis
649 4735 900 4791 ostendit.
943 4735 1071 4789 Nam
1113 4738 1200 4791 ubi
1247 4739 1343 4792 ille.
1388 4755 1492 4792 non
1547 4740 1704 4796 habet
1759 4753 2095 4815 potestatem,

531 4828 621 4896 qui
650 4827 824 4880 omnia
854 4842 972 4896 qua:
996 4829 1102 4881 vult
1135 4829 1256 4883 facit
1289 4831 1338 4884 in
1369 4833 1504 4886 caelo
1529 4842 1581 4886 et
1609 4833 1660 4885 in
1695 4835 1878 4889 terra?
1913 4837 2101 4905 Sequi-

534 4927 638 4983 tur,
671 4917 834 4972 lsrael
860 4919 1087 4989 regnabit
1118 4920 1171 4971 in
1191 4936 1250 4972 ea
1271 4934 1292 4983 ;
1312 4921 1514 4976 scilicet
1540 4925 1786 4991 quoniam
1814 4925 1893 4978 vir
1916 4925 2102 4980 videns

535 5008 697 5061 Deum
731 5008 779 5061 iu
814 5008 964 5063 beata
998 5010 1088 5064 illa
1128 5014 1542 5080 congregatione
1570 5016 1823 5085 regnabit,
1852 5018 1938 5072 ubi
1972 5032 2095 5072 san-

533 5098 602 5150 cti
635 5107 757 5151 sunt
786 5100 1106 5158 omnimodis
1134 5104 1509 5172 congregandi.

607 5215 758 5267 \‘ers.
797 5214 847 5264 5.
891 5211 1040 5265 Mare
1083 5214 1226 5282 vidit,
1267 5223 1313 5267 et
1344 5215 1516 5286 fugit;
1557 5217 1806 5272 Iordanis
1838 5235 2102 5277 conversus

529 5318 606 5361 est
635 5316 934 5359 retrorsum.
977 5305 1176 5362 Videtis
1225 5310 1481 5377 propheta
1533 5311 1820 5378 ingentium
1874 5315 2103 5369 miracu-

538 5399 704 5452 lorum
755 5410 814 5452 se
845 5397 985 5451 mole
1029 5399 1292 5466 superari,
1340 5401 1587 5453 vitiorum
1632 5404 1867 5456 omnium
1915 5419 2102 5462 causas

532 5488 738 5542 duabus
783 5487 1131 5542 allusionibus
1165 5489 1469 5557 plenissima
1512 5491 1772 5547 brevitate
1817 5497 2100 5552 conclusit.

546 5573 710 5640 Mare,
763 5575 1066 5645 frequenter
1112 5577 1346 5632 diximus
1390 5590 1698 5649 peccatores
1736 5583 1891 5636 istius
1921 5587 2102 5641 saeculi

2286 3135 2435 3190 Vers.
2462 3137 2514 3191 5.
2559 3138 2695 3202 Quid
2721 3153 2794 3194 est
2825 3142 2933 3206 tibi,
2973 3159 3132 3210 mare,
3181 3147 3331 3216 quod
3361 3147 3579 3218 fugisti;
3619 3156 3659 3200 et
3697 3155 3758 3217 fit.

2209 3225 2477 3292 Jordanis,
2521 3247 2676 3299 quare
2706 3249 2973 3289 conversus
3012 3253 3062 3289 es
3105 3241 3450 3294 re‘rorsum?
3495 3240 3761 3295 Secundum

2211 3317 2503 3384 ingreditur
2533 3321 2771 3387 modum,
2802 3324 2853 3377 in
2886 3339 2990 3392 quo
3021 3325 3221 3382 decora
3271 3330 3620 3400 interrogatio
3651 3343 3758 3397 prm-

2211 3409 2454 3476 mittitur,
2492 3422 2548 3465 ut
2579 3413 2884 3470 dulcissima
2919 3421 3204 3486 responsio
3237 3424 3616 3493 subsequatur.
3658 3421 3764 3488 Quae

2211 3497 2372 3568 ﬁgura
2404 3500 2597 3555 dicitur
2625 3505 2804 3572 pensis
2833 3515 2886 3560 et
2916 3510 3206 3578 apocrisis,
3231 3512 3447 3578 Latine
3486 3521 3764 3584 percuncta-

2208 3589 2284 3641 tio
2307 3599 2464 3659 atque
2493 3594 2788 3662 responsio.
2826 3595 3132 3667 Requiritur
3161 3602 3318 3657 enim
3367 3620 3533 3671 mare,
3578 3600 3766 3658 discuti-

2209 3688 2294 3734 tur
2322 3681 2512 3737 lluvius
2542 3697 2637 3738 cur
2681 3700 2806 3741 suas
2848 3691 3280 3748 consuetudines
3316 3696 3692 3763 perdiderunt;
3721 3700 3767 3743 ul

2209 3773 2322 3843 ipsa
2349 3791 2566 3844 gressus
2604 3778 2902 3845 deﬁxerint,
2950 3799 3070 3853 quae
3099 3788 3321 3855 pridem
3356 3789 3592 3844 involuta
3617 3783 3766 3840 omnia

2210 3866 2505 3934 rapiebant.
2555 3869 2620 3922 Et
2670 3870 2804 3926 bene
2843 3873 3082 3929 additum
3131 3887 3246 3944 est,
3297 3891 3625 3934 retrorsum:
3667 3890 3772 3946 quo-

2211 3956 2350 4010 niam
2385 3959 2656 4015 universa:
2684 3965 3043 4020 correctiones
3089 3977 3228 4023 tunc
3260 3971 3424 4025 nobis
3465 3969 3769 4040 proveniunt,

2207 4050 2419 4116 quando
2448 4052 2656 4107 Domini
2689 4054 2948 4111 beneﬁcio
2986 4069 3168 4114 nostra
3201 4075 3265 4116 se
3300 4063 3556 4120 instituta
3581 4073 3774 4116 conver-

2209 4148 2339 4194 tunt.
2388 4143 2515 4196 Nam
2546 4146 2685 4214 quod
2726 4163 2862 4216 pene
2892 4150 3002 4218 ipsa
3044 4153 3270 4220 repetiit
3300 4169 3426 4223 qua:
3451 4152 3687 4221 superius
3709 4147 3771 4201 di-

2205 4233 2282 4283 xit
2306 4248 2319 4286 :
2353 4233 2485 4298 Quid
2508 4246 2579 4288 est
2603 4238 2711 4300 tibi,
2745 4255 2904 4305 mare,
2937 4243 3073 4309 quod
3095 4244 3291 4313 fugisti
3317 4262 3337 4310 ;
3366 4255 3412 4298 et
3438 4255 3516 4312 tu,
3538 4241 3776 4302 Iordanis,

2204 4339 2361 4390 quare
2387 4342 2651 4381 conversus
2682 4347 2735 4383 es
2763 4334 3084 4385 retrorsum?
3121 4335 3231 4388 alia
3285 4337 3461 4406 figura
3509 4345 3622 4396 est.
3666 4346 3773 4398 89³⁸

2125 4410 2394 4482 Dnodos,
2441 4415 2491 4468 id
2543 4426 2624 4471 est
2677 4419 2924 4488 repetitio
2979 4437 3158 4477 rerum
3218 4442 3353 4495 qua:
3387 4427 3616 4497 junctim
3645 4424 3778 4479 dictat

2205 4518 2346 4561 sunt.

2278 4597 2428 4651 Vers.
2465 4599 2516 4652 6.
2562 4599 2780 4669 Montes,
2822 4621 2979 4673 quare
3020 4607 3334 4663 exsultastis
3387 4620 3443 4663 ut
3487 4610 3781 4672 arietes;€l.

2204 4687 2378 4752 colles,
2412 4689 2541 4742 velut
2574 4693 2693 4760 agni
2731 4693 2942 4746 ovium?
2981 4694 3234 4750 Priorum
3270 4714 3538 4753 versuum
3563 4696 3780 4750 ordinem

2207 4779 2530 4843 custodivit;
2574 4781 2650 4835 sic
2691 4783 2831 4837 enim
2865 4785 2962 4838 sub
2992 4787 3096 4840 alio
3128 4790 3311 4843 modo
3341 4799 3399 4845 et
3444 4790 3533 4845 hic
3560 4797 3675 4844 sunt
3696 4798 3786 4852 po-

2207 4868 2315 4931 siti,
2343 4868 2474 4921 sicut
2509 4870 2560 4923 in
2594 4870 2759 4938 prima
2792 4873 3052 4928 divisione
3095 4877 3372 4931 videntur
3415 4893 3542 4934 esse
3584 4874 3779 4930 narrati.

2210 4957 2502 5028 interrogat
2526 4962 2665 5014 enim
2694 4963 2948 5017 saeculum
2982 4981 3072 5032 per
3092 4973 3258 5022 mare
3291 4969 3382 5023 vel
3414 4969 3650 5036 fluvium,
3682 4959 3788 5032 quid

2207 5047 2364 5102 fuerit
2394 5051 2534 5117 quod
2566 5051 2680 5120 ejus
2731 5037 3012 5121 ligamenta
3041 5057 3227 5110 soluta
3285 5061 3420 5113 sint.
3463 5062 3529 5112 Et
3558 5058 3783 5126 quoniam

2208 5151 2324 5195 erat
2353 5158 2456 5196 una
2487 5146 2764 5214 responsio
2791 5156 3056 5214 secutura,
3108 5158 3169 5202 et
3223 5152 3606 5225 illosquoque
3641 5149 3785 5203 inter-

2208 5240 2360 5302 rogat
2389 5235 2474 5302 qui
2506 5237 2783 5291 exsultasse
2812 5240 3074 5306 praacipue
3096 5241 3468 5298 videbantur.
3504 5240 3645 5296 Unus
3669 5239 3789 5292 enim

2207 5322 2408 5377 Auctor
2438 5333 2490 5378 et
2521 5327 2610 5378 illa
2656 5327 3217 5398 fecitolismpescere,
3281 5343 3342 5388 et
3400 5334 3520 5389 haec
3568 5328 3790 5403 prmstiti:

2206 5410 2308 5463 ﬁxa
2335 5415 2685 5480 prosperitate
2713 5418 2962 5484 gaudere.

2277 5501 2438 5570 337
2462 5503 2614 5556 Vers.
2647 5507 2696 5557 7.
2741 5509 2782 5558 A
2813 5511 2942 5576 facie
2974 5508 3186 5562 Domini
3235 5522 3506 5566 commota
3543 5521 3614 5566 est
3638 5520 3791 5570 terra.

2205 5607 2235 5642 a
2280 5592 2408 5661 facie
2440 5593 2534 5646 Dei
2561 5595 2742 5650 lat-ob.
2785 5598 2972 5652 Secuta
3006 5607 3084 5654 est
3119 5613 3468 5674 competens
3517 5618 3632 5674 quae
3661 5614 3796 5670 pata-
