3966 6172
202 272 291 330 815

1085 259 1445 318 EXPOSITIO
1483 259 1549 315 IN
1588 259 2045 317 PSALTERIUM.
2090 258 2277 314 l’SAL.
2308 257 2489 313 CXI".

3346 255 3454 312 ιιι

200 390 340 442 batur
365 382 647 452 utriusque
672 378 972 450 responsio.
1016 375 1235 441 Audite,
1276 372 1567 437 conversi;
1605 372 1759 426 andi-
1792 378 1833 432 Α
1866 382 1987 423 enm
2035 367 2460 437 omnipotentem
2513 378 2633 420 esse
2687 378 3016 436 cognoscas,
3085 367 3211 423 dum
3258 367 3454 439 ubique

202 489 266 542 te,
317 472 617 531 ﬁdelissimi
658 468 978 539 Christiani,
1020 466 1435 523 commotionem
1486 465 1666 531 istam,
1712 463 1764 518 id

198 578 271 625 cst
295 565 767 637 permutationem,
793 575 911 631 qua:
938 560 1186 614 humanm
1218 566 1377 612 terrm
1401 554 1630 611 feliciter
1650 570 1767 611 eve—

1874 460 2123 517 elTeClttm
2158 475 2270 516 suae
2299 458 2588 515 voluntatis
2610 457 2878 514 ostendat.

1950 552 2098 607 Vera.
2137 550 2223 605 12.
2258 549 2551 606 Simulacra
2595 547 2821 619 gentium
2862 559 3128 618 argentum
3166 556 3215 603 et
3241 565 3454 616 aurum,

200 659 285 723 nit,
339 670 446 711 non
497 654 693 709 factam
748 660 985 707 tremore
1031 646 1316 712 montium,
1365 645 1461 702 sed
1505 658 1765 715 prospera
1868 662 2029 716 opera
2054 659 2297 699 manuum
2326 642 2611 697 hominum.
2647 639 2801 698 Venit
2846 638 2913 696 ad
2960 642 3180 699 tertium
3208 642 3451 710 modum,

199 744 547 804 conversione
576 741 912 814 papulorum.
943 739 1075 794 Nam
1100 739 1143 793 si
1162 751 1373 807 quaeras
1404 735 1533 806 quid
1565 734 1638 791 sit
1667 735 1771 790 Do-

200 842 387 904 minus,
419 834 566 900 audi,
599 834 738 889 Deus
769 831 951 886 Iacob.
993 828 1116 901 lpso
1157 828 1303 885 enim
1348 826 1773 884 misericorditer

199 934 483 998 apparente
523 925 591 980 ab
611 923 731 994 ejus
770 921 929 987 lacie,
957 919 1013 975 id
1039 927 1124 975 est
1153 918 1437 989 prasentia
1464 916 1774 973 salutariter

201 1029 326 1074 terra
341 1026 593 1073 commota
612 1022 708 1083 est,
728 1026 851 1085 qua:
876 1010 1066 1067 mortis
1087 1018 1304 1079 stupore
1331 1008 1479 1079 pigra
1501 1005 1769 1077 riguerat;

201 1127 307 1181 quae
332 1121 511 1165 tamen
544 1108 622 1163 sic
643 1121 673 1161 a
703 1121 798 1161 sua
825 1102 1206 1174 superstitione
1227 1110 1481 1157 commota
1506 1110 1604 1169 est,
1634 1109 1691 1154 ut
1719 1098 1773 1154 in

199 1201 398 1256 cultura
424 1197 632 1273 Domini
660 1204 867 1251 mterno
895 1192 998 1247 ﬁxa
1031 1191 1225 1247 robore
1244 1197 1608 1261 permaneret.

264 1301 416 1356 Vers.
445 1299 499 1354 8.
544 1298 642 1363 Qui
681 1294 925 1349 convertit
968 1303 1164 1361 petram
1204 1291 1258 1345 in
1282 1300 1466 1362 stagna
1495 1304 1772 1360 aquarum,

199 1401 238 1446 et
263 1407 414 1461 rupes
454 1390 508 1442 in
535 1387 700 1457 fontes
722 1398 994 1454 aquarum.
1032 1379 1246 1435 Petram
1273 1380 1356 1451 (ut
1396 1376 1656 1446 arbitror)
1684 1376 1777 1430 Ju-

201 1484 433 1537 daomm
462 1478 712 1534 duritiam
744 1476 1003 1529 debemus
1026 1472 1327 1537 advertere,
1361 1484 1519 1540 quam
1558 1469 1610 1521 in
1638 1465 1777 1521 sacri

200 1571 527 1641 baptismatis
557 1578 740 1640 stagna
782 1566 1049 1631 conuertit,
1082 1579 1205 1619 cum
1234 1577 1330 1619 eos
1360 1562 1428 1616 ad
1458 1561 1775 1631 religionem

206 1662 317 1716 fecit
341 1661 527 1716 venire
554 1658 919 1729 tranquillam.
958 1656 1129 1723 Quam
1169 1652 1573 1711 similitudinem
1598 1650 1779 1705 Domi-

1873 736 1965 792 ubi
1992 736 2251 807 propheta
2279 735 2558 789 simulacra
2586 732 2814 805 gentium
2840 731 3047 800 irridet,
3085 741 3140 788 et
3168 731 3455 788 Dominum

1877 828 2037 884 Israel
2078 842 2315 899 congrua
2360 824 2514 881 laude
2543 824 2905 882 concelebrat.
2944 825 3058 881 Hoc
3083 840 3253 896 genus
3277 840 3456 883 causae

1876 922 2074 977 dicitur
2101 920 2602 984 demonstrativum,
2642 919 2782 987 quod
2811 926 2865 973 et
2909 917 3352 988 vituperationem
3401 930 3458 976 et

1876 1010 2085 1068 laudem
2113 1009 2445 1081 dignoscitur
2464 1011 2761 1065 continere.
2800 1008 2931 1063 Nam
2953 1009 3189 1080 quinque
3210 1008 3454 1067 versibus

1878 1103 2143 1174 vituperat
2187 1102 2318 1159 deos
2365 1115 2731 1173 paganorum:
2761 1101 2950 1156 decem
2979 1116 3107 1157 vero
3138 1102 3303 1157 Deum
3336 1102 3451 1157 lau.

1874 1196 1968 1252 dat
1993 1198 2291 1263 excelsum,
2315 1204 2372 1252 ut
2410 1205 2465 1252 et
2503 1195 2559 1250 in
2585 1194 2699 1266 ipsa
2727 1195 3026 1262 quantitate
3045 1195 3330 1260 dictorum,
3369 1208 3455 1250 re-

1880 1304 1995 1344 rum
2025 1288 2439 1359 discrepantiam
2486 1293 2815 1342 monstraret
2852 1286 3149 1341 ambarum.
3193 1286 3298 1341 Sed
3324 1300 3453 1355 quo-

1877 1381 2018 1436 niam
2047 1380 2294 1449 superius
2342 1377 2664 1433 invisibilem
2696 1377 2863 1433 Deum
2903 1378 3136 1443 dixerat,
3185 1393 3304 1448 qum
3345 1380 3459 1435 vult

1880 1471 2057 1525 omnia
2104 1471 2411 1537 facientem,
2453 1470 2539 1525 hic
2571 1471 2764 1526 merito
2806 1470 3076 1525 irridenda
3117 1471 3248 1526 dicit
3290 1470 3455 1537 idola,

1881 1575 2001 1631 qua:
2045 1559 2111 1614 ad
2155 1560 2499 1615 humanitatis
2548 1560 2775 1614 formam
2825 1562 3146 1630 composita,
3200 1560 3284 1617 vel
3328 1562 3461 1631 ipsis

1878 1652 2155 1721 corporeis
2204 1651 2453 1706 sensibus
2503 1650 2795 1720 probantur
2833 1663 3111 1706 extranea.
3151 1651 3285 1706 Nam
3339 1652 3464 1707 licet

201 1767 290 1804 nus
316 1752 370 1804 in
405 1750 700 1819 Evangelio
730 1747 896 1803 dicit:
940 1746 1130 1800 Potens
1157 1754 1229 1799 est
1255 1744 1507 1798 Dominus
1549 1742 1611 1795 de
1640 1740 1774 1809 lapi—
1805 1755 1850 1814 Β
1881 1740 2223 1795 inveniantur
2267 1752 2320 1795 et
2350 1756 2495 1795 aenea
2541 1750 2595 1796 et
2623 1740 2796 1811 lignea
2823 1742 3117 1809 simulacra,
3150 1743 3335 1798 utilius
3387 1753 3465 1798 ta-

201 1843 341 1894 dibus
364 1841 444 1893 his
469 1843 714 1893 suscitare
737 1839 875 1907 ﬁlios
895 1837 1113 1891 Abrahae
1139 1834 1350 1905 (Matth.
1396 1850 1477 1903 ιιι,
1517 1830 1595 1904 9).
1627 1832 1773 1888 ldem

198 1950 369 2003 rupes,
400 1932 502 1986 boc
535 1938 617 1985 est
643 1930 791 1985 arida
839 1940 891 1985 et
914 1928 1047 1983 dura
1090 1927 1250 1982 corda
1279 1924 1579 1996 gentilium,
1604 1924 1774 1978 divini

196 2026 389 2094 eloquii
442 2038 659 2079 manare
714 2022 843 2078 fecit
891 2021 1066 2075 fontes
1108 2018 1380 2089 irriguos;
1431 2024 1491 2071 ut
1528 2015 1618 2085 qui
1653 2023 1778 2069 ante

194 2117 469 2172 sterilibus
510 2114 982 2184 superstitionibus
1029 2112 1393 2175 siccabantur,
1440 2117 1563 2178 post
1610 2106 1775 2161 auditi

195 2209 333 2281 [mss.
364 2208 406 2259 Α
438 2250 455 2274 ,
484 2207 574 2272 B.,
620 2204 711 2274 F.,
743 2201 908 2274 avidi]
940 2202 1135 2258 iuerint
1163 2200 1308 2255 verbi
1334 2197 1569 2254 ccelestis
1596 2195 1782 2265 prmdi-

195 2302 435 2355 cationes
464 2298 685 2353 inﬂuere
710 2298 975 2365 copiosas.
1018 2294 1286 2348 llactenus
1331 2290 1637 2359 superiores
1666 2302 1778 2342 ver-

192 2405 278 2445 sus
306 2404 409 2460 per
436 2388 657 2459 ﬁguram
685 2387 938 2457 parabole
968 2395 1261 2441 noscuntur
1282 2398 1403 2439 esse
1429 2382 1666 2438 decursi.

257 2481 422 2536 Vers.
452 2480 505 2534 9.
550 2478 671 2533 Non
698 2479 862 2543 nobis,
895 2476 1135 2542 Domine,
1170 2492 1273 2530 non
1317 2473 1461 2528 nobis
1484 2490 1502 2540 ;
1549 2473 1639 2526 sed
1682 2489 1775 2527 no-

189 2573 311 2626 mini
349 2582 440 2625 tuo
460 2571 524 2625 da
555 2568 998 2641 gloriam..Super
1024 2567 1427 2621 misericordiam
1459 2563 1594 2637 [ed.,
1624 2566 1779 2619 mise-

189 2661 441 2733 ricordia]
468 2672 609 2716 tuam
651 2671 697 2715 et
742 2660 1007 2714 veritatem
1040 2658 1177 2733 [ed.,
1208 2658 1418 2711 ueritate
1443 2654 1559 2726 tua]
1612 2664 1777 2708 tuam.

182 2754 315 2809 Cum
352 2754 519 2807 multa
553 2751 809 2808 beneﬁcia
842 2751 1042 2806 dixerit
1065 2764 1187 2820 qua:
1216 2749 1370 2803 nobis
1400 2747 1645 2803 Christus
1678 2746 1784 2800 Do-

185 2848 373 2899 minus
401 2844 674 2914 proiutura
722 2842 1012 2908 concessit,
1064 2841 1223 2896 nimis
1265 2854 1390 2895 vera
1425 2838 1775 2906 subsequitur

178 2944 233 2991 ct
256 2936 561 2992 all'ectuosa
594 2934 811 3005 petitio;
845 2943 904 2989 ut
932 2942 1151 3005 propter
1183 2947 1373 2987 nomen
1405 2945 1558 2985 suum
1588 2929 1782 2982 buma-

185 3046 254 3084 no
281 3045 353 3100 ge
374 3030 487 3083 neri
519 3036 797 3098 prmstaret
826 3028 1001 3093 utilia,
1040 3026 1128 3096 qui
1175 3023 1473 3095 probabilia
1503 3021 1694 3078 merita
1725 3023 1781 3076 in

182 3120 574 3186 peccatoribus
605 3133 940 3190 nequaquam
976 3125 1185 3186 poterat
1219 3116 1482 3170 invenire.
1509 3114 1640 3167 Nam
1659 3127 1780 3169 cum
1812 3120 1859 3184 α

180 3215 320 3269 bona
350 3214 619 3284 largiatur
651 3210 950 3274 immeritis,
984 3210 1147 3278 ipsius
1168 3210 1352 3279 gloriae
1380 3205 1637 3276 probatur
1660 3219 1784 3262 esse

181 3307 326 3375 quod
358 3303 637 3364 concedit.
667 3302 945 3372 Sequitur,
997 3299 1164 3371 Super
1205 3300 1608 3353 misericordiam
1637 3306 1782 3351 tuam

182 3407 230 3450 et
256 3398 530 3450 ceritatem
555 3402 719 3447 tuam.
762 3392 858 3446 His
894 3390 1101 3446 duabus
1130 3389 1290 3444 rebus
1318 3389 1537 3460 gloriam
1565 3387 1774 3443 Domini

183 3490 433 3557 postulat
453 3487 658 3542 debere
678 3484 925 3541 concedi.
968 3481 1328 3561 Misericordia
1356 3490 1440 3536 est
1464 3480 1631 3546 enim,
1652 3495 1784 3555 cum

180 3581 407 3636 miseris
450 3592 516 3633 ac
554 3562 989 3647 delinquentibus
1028 3581 1243 3644 peccata
1272 3570 1533 3637 dimittit;
1575 3571 1782 3637 veritas,

177 3688 303 3727 cum
333 3670 698 3727 beatitudinis
727 3669 918 3723 iuturte
945 3666 1211 3737 promissa
1241 3662 1515 3729 restituit;
1558 3664 1674 3720 sive
1705 3662 1789 3734 (ut

178 3766 273 3819 alii
316 3762 547 3834 volunt)
578 3774 699 3815 cum
745 3759 1086 3831 judicaturus
1129 3765 1215 3813 est
1254 3756 1472 3826 impios.
1519 3752 1787 3823 Utrasque

176 3857 331 3911 estin
354 3870 487 3919 res,
510 3854 627 3909 sive
652 3852 781 3907 dum
819 3852 1012 3921 parcit,
1032 3851 1148 3907 sive
1173 3848 1299 3905 dum
1324 3846 1555 3921 iudicat,
1578 3844 1644 3898 ad
1670 3844 1787 3915 glo-

174 3950 321 4002 riam
351 3945 585 4002 Domini
619 3944 895 4013 pertinere
922 3940 1260 3998 mnifestum
1290 3947 1391 3995 est.

247 4038 427 4094 Vera.
462 4038 551 4093 lo.
594 4035 884 4105 Nequuudo
922 4030 1097 4089 dicunt
1135 4041 1310 4105 gentes
1346 4045 1367 4086 τ
1411 4028 1512 4085 Ubi
1536 4038 1609 4084 est
1652 4026 1788 4085 Deus

164 4148 362 4186 eorum
393 4133 422 4186 .’
451 4130 751 4187 Subsecuta
780 4136 865 4185 est
897 4142 1061 4184 causa
1108 4141 1276 4197 quare
1320 4125 1573 4196 dignetur
1604 4125 1787 4179 Domi-

169 4239 277 4278 nus
308 4221 547 4280 devotis
577 4220 959 4277 misericordia:
994 4234 1105 4275 suae
1143 4219 1283 4274 dona
1331 4225 1614 4287 praestare.
1655 4216 1789 4286 Quae

164 4320 352 4389 ﬁgura
390 4318 595 4372 dicitur
624 4315 910 4385 mtiologia,
956 4314 1008 4370 id
1051 4325 1136 4371 est
1162 4328 1339 4368 causa:
1382 4312 1633 4368 redditio.
1681 4312 1788 4366 Ne-

165 4408 410 4463 fandam
448 4409 645 4478 quippe
668 4407 1071 4476 imputationem
1095 4406 1228 4471 petit
1251 4404 1514 4465 amoveri.
1544 4418 1702 4474 quam
1730 4403 1782 4457 in

162 4504 278 4555 isto
320 4500 550 4555 sseculo
589 4500 860 4569 patiuntur
906 4498 1237 4554 creberrime
1283 4496 1597 4552 Christiani.
1648 4496 1783 4551 Nam

158 4594 409 4662 quoties
460 4599 755 4662 martyrum
794 4604 1019 4660 corpora
1061 4590 1287 4645 diversis
1327 4589 1608 4660 suppliciis
1651 4589 1785 4644 allii-

155 4692 415 4751 guntnr,
472 4680 588 4749 ipsa
628 4695 731 4735 vox
762 4690 846 4734 est
895 4688 1266 4751 tyrannorum,
1313 4680 1427 4748 ipsa
1463 4680 1781 4749 gentilium:

160 4772 267 4827 Ubi
298 4783 391 4827 est
422 4769 569 4825 Deus
601 4786 776 4826 eorum
802 4773 827 4825 7
856 4771 1019 4839 Quasi
1056 4785 1160 4825 non
1201 4772 1373 4840 possit
1398 4773 1623 4841 eripere.
1650 4786 1785 4842 quos

153 4873 215 4919 ut
242 4869 514 4919 coronet
550 4871 814 4917 tormenta
841 4863 1041 4930 patitur
1069 4864 1355 4917 sustinere.

236 4955 425 5009 νει-ς.
466 4952 550 5007 il.
593 4951 730 5008 Deus
757 4960 922 5008 autem
968 4963 1137 5008 noster
1184 4956 1236 5006 in
1282 4955 1407 5008 coelo
1454 4971 1689 5021 sursum;
1730 4958 1785 5009 in

148 5052 293 5104 caelo
320 5060 379 5104 et
413 5048 479 5102 in
506 5058 640 5101 terra
678 5051 848 5103 omnia
877 5066 1187 5119 quacunque
1219 5052 1376 5105 voluit
1415 5052 1555 5119 fecit.
1579 5052 1782 5110 Contra

146 5142 537 5197 dementiam
584 5143 748 5198 verba
794 5144 1107 5213 gentilium,
1159 5146 1248 5215 qui
1297 5145 1516 5200 dicunt:
1566 5146 1665 5202 Ubi
1710 5156 1786 5202 est

149 5231 315 5285 Deus
376 5230 562 5283 tuus?
604 5233 943 5286 veracissima
988 5234 1144 5286 nimis
1190 5233 1420 5288 infertur
1447 5244 1502 5289 et
1539 5235 1787 5291 absoluta

143 5318 501 5376 sententia.
540 5317 703 5373 Deum
733 5330 961 5374 nostrum
999 5324 1170 5376 omnia
1217 5324 1387 5391 facere
1437 5339 1551 5393 qua
1589 5326 1694 5377 vult
1738 5326 1792 5378 in

140 5414 290 5483 τοζο
325 5421 387 5465 et
426 5410 497 5462 in
522 5417 677 5465 terra.
718 5411 846 5465 Nam
891 5428 1008 5467 cum
1055 5416 1264 5481 dicitur,
1314 5415 1367 5468 in
1409 5415 1534 5469 caelo
1564 5433 1789 5482 sursum,

140 5520 334 5571 supra
376 5514 591 5555 omnes
631 5513 901 5559 creaturas
933 5516 1118 5571 potens
1156 5520 1275 5561 esse
1312 5516 1656 5561 monstratur.
1691 5508 1790 5562 Se-

140 5598 390 5663 quitur,
426 5592 615 5644 omnia
639 5608 759 5647 eum
789 5596 955 5664 facere
981 5612 1295 5666 quacunque
1326 5596 1405 5651 vel
1448 5597 1499 5650 in
1530 5597 1789 5666 minimis,

139 5692 235 5745 τε]
271 5690 343 5744 in
404 5684 682 5739 maximis
731 5692 987 5741 crcaluris
1033 5690 1140 5742 suis
1182 5687 1408 5743 voluerit
1448 5689 1683 5760 operari,
1734 5701 1792 5744 ut

1878 1847 2003 1887 men
2035 1833 2162 1887 illud
2192 1833 2379 1904 elegit,
2424 1831 2564 1902 quod
2608 1832 2881 1904 gentilitas
2903 1833 3176 1902 judicabat
3206 1848 3461 1891 reveren-

1879 1923 1985 1978 tius
2020 1923 2349 1977 adorandum
2375 1941 2388 1989 ;
2419 1933 2475 1977 ιιι
2506 1923 2849 1978 erubesceret
2878 1924 3056 1979 colere
3083 1924 3291 1991 viliora,
3324 1941 3462 1996 quo-

1881 2032 1999 2070 rum
2046 2025 2100 2071 et
2148 2016 2381 2085 pretiosa
2432 2016 2725 2087 probantur
2772 2017 2948 2071 irrisa.
2992 2017 3099 2073 Sed
3147 2034 3215 2074 ne
3244 2028 3462 2089 putares

1881 2105 1997 2161 hmc
2025 2106 2173 2176 signa
2203 2115 2406 2160 natura:
2428 2106 2659 2176 alicujus
2677 2107 2848 2162 vivam
2872 2107 3070 2165 habere
3092 2108 3464 2177 substantiam,

1881 2196 1947 2251 ad
1975 2198 2231 2252 vilitatem
2260 2198 2459 2253 dicitur
2502 2200 2931 2269 exprimendam,
2979 2201 3110 2257 deos
3140 2202 3261 2258 illos
3292 2206 3464 2271 genti-

1881 2287 2011 2345 lium
2041 2290 2345 2345 mortalium
2374 2292 2616 2348 manibus
2648 2293 2956 2349 fabricatos.
2984 2295 3161 2351 Pudor
3181 2298 3469 2354 estdicere

1882 2380 2217 2435 simulacrum
2247 2382 2315 2437 ab
2341 2381 2433 2437 illo
2464 2382 2592 2447 coli,
2640 2384 2792 2453 cujus
2825 2386 2939 2454 ipse
2966 2395 3153 2441 auctor
3180 2389 3357 2457 potuit
3385 2389 3467 2443 in-

1886 2474 2100 2540 veniri;
2134 2474 2321 2545 utquid
2358 2476 2568 2530 mortali
2599 2477 2770 2531 valeat
2806 2468 3084 2547 pr’azstare,
3114 2478 3203 2550 qui
3243 2481 3346 2536 nisi
3376 2496 3472 2535 vo-

1888 2563 2079 2620 luisset
2102 2565 2282 2632 homo,
2313 2566 2513 2621 idolum
2556 2581 2660 2621 non
2692 2569 2956 2636 potuisset
2984 2570 3259 2625 existere?
3288 2571 3379 2627 Sic
3414 2582 3472 2628 et

1884 2654 2151 2710 Jeremias
2167 2655 2290 2710 talia
2313 2656 2659 2712 deliramenta
2678 2657 2896 2727 pulchra
2919 2659 3228 2715 deﬁnitione
3253 2656 3471 2718 conclu-

1887 2744 1975 2810 sit,
2005 2745 2228 2800 dicens:
2258 2745 2410 2800 Nihil
2434 2748 2579 2803 aliud
2608 2750 2723 2815 erit,
2770 2751 2871 2804 nisi
2900 2752 2953 2805 id
2979 2748 3118 2821 quod
3146 2754 3319 2807 uolunt
3361 2771 3472 2810 esse

1886 2838 2124 2904 aut-ilices
2153 2837 2289 2907 (θεν.
2314 2854 2367 2906 x,
2400 2839 2477 2907 9).
2519 2840 2726 2907 Quibus
2748 2843 2912 2896 etiam
2946 2842 3145 2897 Sedulii
3176 2845 3257 2915 (ut
3280 2845 3353 2901 ita
3389 2846 3473 2902 di-

1890 2928 2085 3001 xerim)
2116 2940 2289 3000 poetas
2319 2930 2559 2987 veritatis
2597 2946 2787 2988 versus
2818 2934 2891 2987 illi
2923 2936 3199 3004 repetendi
3228 2946 3394 2992 sunt:

2012 3044 2224 3107 Lignee,
2253 3044 2381 3107 ligna
2417 3058 2561 3107 rogas
2584 3060 2600 3097 :
2627 3045 2790 3096 surdis
2813 3046 3024 3098 clamare
3061 3047 3279 3099 videris:

2009 3106 2053 3154 Α
2073 3108 2217 3155 mutis
2239 3106 2643 3170 reSpousa’petis.

1888 3209 2019 3265 Nam
2060 3210 2107 3264 si
2140 3211 2337 3280 quaeris
2370 3212 2508 3266 scire
2538 3212 2664 3282 quid
2708 3211 2778 3266 sit
2822 3213 3086 3268 veraciter
3134 3213 3292 3281 Deus,
3341 3216 3469 3270 andi

1889 3302 2079 3357 Isaiam
2110 3302 2377 3357 dicentem
2405 3322 2416 3355 :
2448 3301 2561 3374 Ego
2587 3302 2860 3371 Dominus,
2885 3303 2980 3357 hoc
3010 3313 3083 3357 est
3104 3321 3286 3360 nomen
3308 3322 3476 3361 meum

1887 3395 1943 3447 in
1972 3403 2219 3449 teternum
2244 3409 2263 3448 :
2310 3396 2528 3467 gloriam
2557 3411 2720 3449 meam
2767 3396 2916 3449 alteri
2958 3411 3059 3450 non
3111 3397 3267 3465 dabo,
3313 3414 3474 3468 neque

1887 3488 2098 3542 virtutes
2124 3502 2263 3542 meas
2288 3485 2631 3555 sculptilibus.
2664 3484 2793 3552 Qute
2828 3500 2866 3539 a
2890 3485 3149 3555 principio
3177 3494 3318 3556 sunt,
3364 3501 3478 3544 ecce

1888 3587 2021 3656 fiunt
2046 3603 2065 3641 :
2091 3595 2147 3639 ut
2174 3602 2305 3641 noua
2333 3600 2448 3655 quae
2474 3599 2567 3655 ego
2594 3582 2929 3647 annuntiabo,
2960 3592 3008 3636 et
3036 3584 3334 3653 priusquam
3363 3598 3477 3639 ma-

1887 3678 2190 3749 nifestarem
2218 3693 2279 3731 ea
2308 3674 2491 3729 audire
2517 3690 2604 3729 vos
2637 3674 2737 3745 feci
2764 3671 2919 3743 (lsai.
2951 3687 3083 3740 xut,
3128 3674 3182 3738 8,
3210 3674 3289 3745 9).
3335 3672 3479 3740 Quo-

1889 3770 2031 3823 niam
2058 3783 2153 3840 ego
2178 3783 2314 3823 sum.
2348 3766 2478 3820 Ante
2512 3780 2591 3819 me
2628 3764 2764 3819 estita
2802 3779 2904 3819 non
2934 3764 3034 3834 fuit
3060 3762 3198 3819 alius
3229 3760 3395 3830 Deus,
3424 3772 3476 3819 et

1887 3869 2002 3931 post
2026 3875 2229 3915 menon
2256 3859 2354 3913 erit
2384 3856 2547 3929 (Ibid.
2581 3870 2730 3921 xwt,
2764 3856 2876 3926 ιο).
3282 3900 3283 3903 η

1963 3953 2119 4010 Vera.
2152 3951 2242 4007 t3.
2281 3949 2355 4006 0s
2377 3949 2583 4017 habent,
2612 3958 2660 4005 et
2700 3964 2802 4004 non
2828 3948 3143 4019 loquentur;
3170 3949 3349 4004 oculos
3375 3948 3474 4004 ιο.

1888 4045 2027 4111 bent,
2055 4051 2108 4097 et
2126 4058 2229 4097 non
2252 4040 2510 4097 uidebunt.

1966 4136 2120 4193 Vera.
2149 4134 2238 4191 14.
2279 4135 2441 4189 Aures
2471 4134 2679 4198 habent,
2706 4143 2754 4187 et
2791 4148 2894 4188 non
2924 4131 3173 4198 audient;
3209 4147 3358 4189 nares
3379 4133 3472 4188 Ita-

1892 4230 2027 4297 bent,
2057 4235 2105 4282 et
2133 4242 2237 4281 non
2270 4224 2577 4280 odorabunt.

1965 4319 2122 4376 νει-3.
2155 4317 2243 4374 l5.
2282 4316 2471 4371 Manus
2502 4316 2710 4380 habent,
2743 4324 2791 4369 et
2822 4331 2925 4369 non
2957 4314 3285 4388 palpabunt;
3319 4318 3472 4388 pedes

1892 4410 2101 4476 habent,
2132 4417 2180 4462 et
2204 4424 2303 4463 non
2332 4405 2659 4461 ambulabunt
2684 4422 2700 4458 :
2734 4421 2835 4459 non
2866 4405 3158 4461 clamabunt
3185 4409 3237 4460 in
3267 4419 3474 4479 gutture

1895 4518 1989 4556 suo
2015 4514 2032 4568 ;
2054 4516 2213 4571 neque
2236 4500 2371 4555 enim
2395 4510 2466 4554 est
2488 4499 2701 4571 spiritus
2726 4500 2779 4552 in
2806 4513 2893 4553 ore
2917 4499 3167 4568 ipsorum.
3214 4501 3279 4555 Et
3303 4502 3354 4555 in
3388 4502 3474 4558 his

1895 4594 2070 4649 tribus
2104 4592 2349 4649 versibus
2394 4590 2678 4647 verissima
2726 4589 3087 4660 descriptione
3130 4593 3295 4648 notati
3325 4604 3471 4658 sunt,
3508 4644 3525 4649 π

1894 4683 1981 4755 qui
2007 4684 2152 4739 l'a'sis
2182 4682 2490 4738 numinibus
2528 4682 2640 4737 suis
2671 4684 2907 4737 membra
2940 4682 3212 4739 hominum
3241 4686 3470 4741 inaniter

1893 4776 2167 4846 assignare
2199 4776 2500 4829 voluerunt.
2539 4773 2672 4829 Nam
2720 4776 2865 4841 quid,
2901 4789 3055 4847 rogo,
3086 4776 3161 4831 illi
3205 4792 3340 4845 opus
3371 4778 3474 4834 l‘nit

1893 4884 1972 4931 os,
2004 4866 2091 4936 qui
2120 4867 2260 4935 loqui
2289 4881 2391 4920 non
2422 4866 2672 4933 poterat?
2700 4866 2843 4933 Quid
2860 4868 3015 4931 oculi,
3046 4868 3133 4937 qui
3155 4870 3468 4937 conspicere

1896 4972 2000 5010 non
2046 4958 2299 5011 valebat?
2347 4955 2482 5023 Quid
2514 4973 2687 5023 aures,
2735 4957 2823 5026 qui
2858 4972 2962 5011 non
3005 4969 3120 5012 erat
3143 4958 3463 5014 auditurus?

1893 5050 2030 5115 Quid
2061 5065 2227 5114 nares,
2272 5049 2358 5118 qui
2407 5048 2709 5103 nullatenus
2762 5048 3106 5119 fragrantiam
3156 5049 3470 5105 sentiebat?

1897 5140 2067 5195 Nares
2094 5149 2270 5193 autem
2301 5152 2331 5192 a
2360 5139 2623 5209 gnaritate
2643 5138 2799 5194 dicta:
2819 5149 2964 5204 sunt,
2985 5140 3124 5208 quod
3149 5154 3247 5198 nos
3270 5140 3468 5197 faciant

1895 5230 2151 5286 odoratus
2174 5245 2485 5302 agnoscere.
2526 5229 2664 5298 Quid
2694 5246 2897 5296 manus,
2938 5232 3027 5301 qui
3061 5246 3148 5288 res
3170 5231 3467 5303 palpabiles

1896 5324 2220 5395 ignorabat?
2250 5324 2386 5391 Quid
2414 5323 2586 5392 pedes,
2626 5324 2816 5395 quise
2843 5338 3058 5380 movere
3083 5324 3301 5381 minime
3330 5340 3467 5395 prte-

1897 5415 2153 5471 valebat?
2182 5416 2245 5470 Et
2269 5426 2326 5469 ut
2359 5415 2555 5470 talibus
2582 5415 2744 5469 rebus
2772 5423 3058 5485 augeretur
3089 5416 3285 5482 irrisio,
3317 5415 3470 5471 addi-

1896 5505 1973 5560 dit
2001 5522 2016 5571 ;
2048 5515 2107 5559 ut
2148 5521 2247 5563 nec
2277 5507 2407 5575 ipsis
2431 5520 2642 5575 quoque
2668 5508 2985 5562 animalibus
3029 5508 3239 5565 ratione
3280 5524 3472 5565 caren-

1896 5598 2041 5654 tibus
2070 5598 2301 5654 debeant
2326 5599 2653 5668 comparari,
2679 5600 2893 5668 quando
2924 5602 2978 5654 in
3008 5610 3216 5672 gutture
3242 5619 3333 5658 suo
3363 5618 3470 5658 non

1899 5689 2096 5745 habent
2130 5689 2214 5743 vel
2238 5687 2512 5744 confusum
2544 5689 2860 5760 clamorem,
2909 5707 3067 5762 quem
3098 5708 3293 5763 pecora
3318 5697 3478 5752 cmit-
