3966 6172
467 254 569 309 815

1710 248 1778 301 Μ.
1822 245 2063 304 AUREL

2173 245 2534 303 {ASSIODORI
2871 291 2875 294 .
3628 249 3715 305 816

467 380 583 426 tere
629 369 860 440 propriis
907 366 1222 436 quibusdam
1273 362 1493 419 vocibus
1543 371 1902 418 consuerunt.
1953 362 2050 418 Se-
2079 366 2132 427 Α
2230 362 2382 417 Vers.
2415 361 2506 416 Ἡ.
2551 359 2824 415 Benediait
2867 360 3075 414 domum
3117 359 3303 428 Israel,
3347 362 3596 416 benedixit
3635 367 3719 416 do-

467 465 646 534 quitur
676 460 935 517 sententia
965 473 1084 529 quae
1106 465 1300 512 cuncta
1323 454 1632 523 concludat,
1660 464 1717 511 et
1739 455 2050 511 hominibus

463 567 520 613 et
545 552 974 627 pecoribus‘ideo
1001 551 1120 606 illos
1143 550 1602 620 incomparabiles
1632 548 1860 605 inveniri
1885 566 1897 602 :
1927 548 2051 619 quia

465 662 566 702 non
593 657 665 701 est
693 645 906 715 spiritus
934 647 986 698 in
1012 660 1099 698 ore
1126 643 1375 713 ipsorum.
1421 642 1594 698 Voces
1625 642 1771 700 enim
1805 642 2048 708 reddere,

464 740 577 793 sive
603 737 942 798 articulares,
973 735 1088 790 sive
1122 733 1375 790 cenl‘usas
1403 734 1755 788 animantium
1787 747 1910 788 esse
1941 746 2049 786 non

465 833 684 887 dubium
717 832 880 902 383
924 838 1042 884 est:
1095 829 1147 882 in
1186 827 1380 897 quibus
1413 827 1690 897 aptissime
1733 827 1888 896 longa
1919 840 2054 880 enu-

468 924 695 980 meratio
726 921 862 977 facta
885 928 990 987 est,
1024 935 1091 976 ne
1113 919 1219 976 cito
1250 934 1580 989 paganorum
1611 917 1901 989 opprobria
1935 916 2054 970 tini-

467 1027 670 1072 rentur.

541 1110 693 1164 Vers.
732 1105 818 1162 16.
844 1105 1054 1160 Similes
1077 1103 1183 1158 illis
1201 1105 1337 1170 ﬁant
1361 1103 1450 1173 qui
1473 1103 1671 1174 faciunt
1701 1118 1780 1167 ea,
1809 1110 1856 1155 et
1879 1115 2054 1154 omnes

467 1204 553 1270 qui
577 1200 846 1269 conﬁdunt
875 1198 926 1251 in
967 1199 1062 1251 eis.
1104 1195 1268 1250 Audit
1306 1195 1532 1250 forsitan
1564 1207 1800 1264 paganus
1831 1201 1886 1247 et
1917 1207 2051 1261 gau-

473 1296 560 1349 det
584 1307 651 1346 se
691 1292 804 1346 suis
835 1287 1141 1344 numinibus
1186 1298 1598 1357 comparatum;
1648 1287 1740 1339 sed
1793 1285 2053 1353 intelligat

472 1393 728 1455 quantum
783 1380 872 1434 tali
907 1378 1206 1450 patrocinio
1247 1379 1419 1446 potuit
1462 1375 1744 1446 proﬁcere,
1776 1384 1831 1428 ut
1858 1375 1924 1427 de
1972 1389 2056 1426 ra—

468 1474 713 1532 tionabili
760 1473 977 1527 homine
1023 1485 1191 1541 usque
1230 1469 1294 1522 ad
1339 1467 1666 1523 insensibilia
1698 1467 1912 1521 metalla
1946 1479 2056 1519 me-

470 1570 640 1625 ruerit
690 1565 994 1637 pervenire.
1042 1562 1308 1629 lutetligat
1351 1560 1615 1614 culturam
1662 1573 1815 1611 suam
1867 1559 1917 1611 in
1964 1557 2055 1612 da-

473 1660 798 1713 mnationem
839 1654 1108 1725 propriam
1151 1651 1314 1705 fuisse
1343 1665 1682 1714 conversam,
1733 1658 1788 1704 et
1824 1648 2059 1717 refugiat

2158 469 2300 508 mum
2321 455 2515 508 Aaron.
2557 451 2684 508 Haec
2705 451 2893 509 eadem
2932 453 3153 522 pulchra
3179 454 3439 509 varietate
3469 456 3724 526 eongemi-

2159 554 2272 611 nat,
2299 553 2358 599 ut
2384 544 2814 600 benedictionem
2847 545 3052 600 Domini
3085 545 3329 614 prmstari
3359 547 3552 600 talibus
3573 547 3724 601 incul-

2129 647 2277 710 ,cata
2299 638 2509 694 ratione
2529 638 2900 694 crederemus.
2945 638 3076 692 Nam
3103 653 3224 692 cum
3250 638 3399 704 dicit,
3427 657 3612 693 menter
3639 640 3725 710 fuit

2152 733 2341 799 nostri,
2367 733 2592 802 gratiam
2622 733 2818 787 divina:
2851 733 3066 803 pietatis
3091 732 3345 787 ostendit.
3372 732 3576 799 Quibus
3599 735 3724 788 enim

2159 826 2367 882 meritis
2397 826 2711 893 debebatur,
2769 835 2826 880 ut
2853 824 3101 880 Christus
3145 826 3402 880 Dominus
3435 827 3725 893 adveniret,

2159 918 2248 986 qui
2300 926 2352 971 et
2381 925 2625 972 errantes
2663 917 2888 986 populos
2932 916 3172 985 doceret,
3225 927 3279 972 et
3324 931 3608 972 conversos
3643 935 3729 974 sua

2163 1007 2541 1063 benedictione
2563 1008 2792 1062 salvaret
2814 1007 2838 1061 Ἰ
2872 1005 3136 1060 Beuedizit
3153 1008 3293 1061 enini
3319 1007 3529 1060 domum
3550 1005 3728 1072 Israel,

2158 1099 2226 1154 de
2252 1106 2449 1153 sanctae
2480 1098 2659 1152 Mariae
2683 1097 2987 1166 virginitate
3012 1097 3300 1152 nascendo.
3326 1096 3732 1166 Beuedixitquo-

2160 1205 2265 1259 que
2313 1190 2520 1243 domum
2568 1192 2764 1254 Aaron,
2816 1189 3103 1243 sacerdotii
3153 1191 3357 1244 hultOl‘c
3399 1191 3730 1258 praecinctus,

2159 1281 2294 1335 sicut
2318 1279 2382 1335 de
2410 1280 2524 1348 ipso
2561 1281 2615 1334 in
2646 1280 2754 1334 alio
2785 1280 2989 1348 psalmo
3017 1280 3221 1334 dictum
3249 1288 3328 1335 est
3357 1297 3369 1333 :
3425 1279 3500 1332 Tu
3544 1295 3596 1334 es
3638 1280 3736 1334 Sa-

2159 1374 2336 1428 cerdos
2384 1376 2436 1426 in
2473 1384 2720 1428 internum
2760 1374 3043 1428 secundum
3094 1375 3327 1427 ordinem
3371 1373 3738 1428 Melchisedech

2162 1467 2333 1540 (Psal.
2369 1483 2476 1527 crx.
2511 1468 2586 1536 ti).

2235 1560 2388 1613 V'ers.
2417 1559 2504 1612 2'2.
2543 1558 2807 1612 Benedixft
2849 1574 3023 1612 omnes
3061 1559 3288 1612 timentes
3319 1559 3616 1624 Dominum,
3643 1573 3745 1626 pu-

2160 1655 2443 1709 sillosrum
2483 1653 2782 1722 majoribus.
2830 1649 2975 1705 Post
3005 1653 3267 1721 speciales
3314 1654 3752 1705 enumerationes

472 1751 600 1804 illud
642 1749 887 1812 adorare,
937 1745 1081 1800 unde
1123 1742 1680 1814 plectibilejudicium
1712 1741 2056 1810 cognoscitur

2173 1752 2228 1805 id
2256 1749 2685 1804 benedictionem
2717 1746 3082 1816 generalitatis
3125 1744 3408 1799 ascendit:
3465 1745 3550 1797 ubi
3590 1744 3754 1796 simul

471 1839 768 1907 excepisse.
812 1837 1020 1892 Similes
1050 1835 1248 1902 quippe
1292 1831 1396 1885 illis
1430 1832 1577 1899 ﬁunt,
1625 1829 1714 1900 qui
1746 1829 1897 1897 sequi
1931 1829 2054 1881 talia
2101 1870 2106 1876 .

469 1933 844 1985 decreverunt.
888 1926 996 1981 Nec
1033 1924 1163 1978 illud
1195 1922 1549 1978 omittendum
1575 1931 1677 1986 est,
1712 1919 1853 1989 quod
1885 1918 2046 1972 fabri-

469 2031 681 2079 catores
707 2031 760 2076 et
801 2019 1036 2074 cultores
1065 2017 1222 2084 hujus
1253 2014 1327 2068 rei
1356 2029 1460 2067 una
1493 2011 1724 2082 perculsi
1755 2010 2050 2080 probamur

471 2131 591 2171 esse
620 2111 907 2168 sententia.
965 2107 1174 2162 Similis
1206 2115 1291 2161 est
1323 2107 1463 2160 enim
1494 2103 1751 2173 iniquitas
1787 2104 1920 2156 alios
1945 2101 2056 2156 suis

471 2207 723 2276 cperibus
755 2204 1025 2273 decipere,
1055 2210 1108 2256 et
1143 2202 1371 2255 culturis
1402 2215 1460 2253 se
1507 2197 1752 2266 pessimis
1795 2196 2055 2266 obligare.

473 2302 550 2356 De
575 2301 658 2354 his
699 2299 859 2353 etiam
911 2295 1039 2349 dicit
1083 2294 1415 2361 Apostolus:
1463 2290 1566 2355 Qui
1614 2296 2056 2343 commutaverunt

472 2394 730 2448 veritatem
754 2390 848 2444 Dei
876 2390 927 2441 in
955 2385 1298 2448 mendacium,
1331 2393 1378 2437 et
1408 2383 1674 2436 coluerunt
1705 2390 1753 2434 et
1780 2380 2055 2434 servierunt

471 2495 720 2541 creatum
760 2483 928 2552 potius
959 2493 1111 2548 quam
1137 2475 1390 2540 Creatori,
1439 2474 1524 2542 qui
1575 2482 1645 2526 est
1683 2472 1971 2526 benedictus
2004 2469 2056 2523 in

477 2577 670 2633 sarcula
698 2575 874 2646 (Rom.
906 2589 945 2637 ι,
973 2570 1090 2639 ἓὸ).
1138 2568 1232 2621 llic
1261 2568 1420 2621 etiam
1446 2566 1532 2619 illa
1565 2566 1727 2634 ﬁgura
1761 2564 2057 2618 convenire

474 2675 824 2728 monstratur,
855 2679 971 2732 qua:
995 2660 1295 2732 appellatur
1325 2671 1645 2718 sarcasmos,
1683 2654 1735 2708 id
1759 2654 2059 2709 estadver-

477 2761 603 2816 sarii
635 2757 836 2814 deri-io
864 2756 1119 2819 violenta,
1164 2766 1283 2822 qua:
1317 2751 1460 2820 ipsas
1491 2761 1705 2818 quoque
1748 2748 1936 2816 culpas
1971 2761 2058 2817 pc-

473 2863 689 2910 netrare
714 2850 1067 2921 dignoscitur.

549 2949 698 3002 vers.
732 2947 816 3000 ‘l'l.
862 2943 1059 2997 Domus
1091 2939 1256 2995 Israel
1283 2940 1505 3008 speravit
1534 2940 1588 2992 in
1620 2937 1834 2992 Domino
1861 2953 1878 2991 :
1901 2937 2058 3007 adju-

475 3053 552 3097 tor
579 3056 756 3096 eorum
779 3049 826 3092 et
857 3046 1110 3108 protector
1148 3045 1443 3089 earumest.
1489 3033 1762 3088 Damnatis
1805 3030 2058 3101 iniquita-

2160 1858 2349 1898 omnes
2376 1842 2769 1896 benedicuntur
2798 1838 2888 1909 qui
2916 1839 3122 1893 servire
3147 1838 3376 1892 Domino
3403 1851 3530 1906 pura
3567 1848 3755 1890 metite

2159 1935 2494 2003 delegerunt.
2529 1931 2641 1986 Hoc
2670 1931 2812 1985 enim
2846 1929 2973 1983 fecit
3009 1929 3060 1982 in
3095 1927 3462 1997 piscatoribus,
3492 1925 3597 1980 hoc
3628 1926 3761 1981 fecit

2159 2030 2212 2084 in
2263 2031 2497 2099 regibus,
2545 2043 2646 2083 nec
2696 2027 2859 2081 ullum
2909 2040 3077 2094 genus
3108 2025 3382 2077 hominum
3433 2025 3481 2077 ei
3512 2022 3755 2076 credens

2163 2121 2416 2189 probatur
2439 2126 2743 2185 exceptum,
2777 2115 2918 2185 quod
2941 2116 3009 2169 sit
3034 2116 3243 2182 abwjus
3273 2113 3585 2168 muneribus
3615 2112 3758 2166 alie-

2164 2229 2312 2266 num.
2355 2213 2487 2277 Quae
2529 2210 2696 2279 ﬁgura
2741 2209 2936 2264 dicitur
2965 2207 3429 2274 anacephaleo~is,
3479 2206 3531 2259 id
3561 2216 3645 2261 est
3680 2221 3762 2260 re-

2161 2304 2489 2375 capitulatio,
2536 2287 2655 2372 quae
2686 2301 2745 2355 ﬁt
2809 2301 3022 2371 quando
3061 2315 3122 2356 ea
3164 2316 3282 2370 quae
3324 2301 3571 2366 superius
3611 2300 3757 2354 dicta

2161 2404 2287 2452 sunt
2338 2396 2522 2460 latius,
2577 2394 2814 2449 breviter
2861 2394 2914 2446 in
2969 2395 3286 2447 memoriam
3344 2401 3532 2461 postea
3585 2405 3754 2447 revo-

2162 2497 2369 2542 cantur.

2235 2580 2388 2635 Vers.
2419 2579 2511 2633 25.
2551 2577 2779 2648 Adjiciat
2807 2577 3055 2630 Dominus
3083 2592 3236 2645 super
3263 2593 3368 2640 vos,
3407 2590 3559 2645 super
3587 2590 3678 2627 vos
3709 2582 3758 2626 et

2163 2689 2316 2740 super
2342 2673 2482 2741 ﬁlios
2533 2680 2743 2726 vestros.
2789 2669 3040 2741 Adjiciat,
3086 2668 3284 2737 duplici
3336 2667 3494 2721 modo
3543 2665 3758 2720 videtur

2163 2766 2424 2835 intelligi:
2470 2765 2590 2820 sive
2615 2762 3043 2818 benedictionem
3086 2778 3246 2830 quam
3297 2761 3347 2815 in
3400 2759 3504 2814 hoc
3551 2757 3758 2813 saeculo

2163 2858 2360 2913 sanctis
2381 2856 2492 2910 suis
2516 2854 2774 2909 Dominus
2805 2867 2902 2921 pro
2927 2863 3075 2921 parte
3098 2850 3366 2918 concedit,
3395 2851 3509 2903 sive
3530 2847 3757 2918 adjiciat

2165 2966 2390 3007 numero
2415 2958 2598 3005 vestro
2631 2947 2855 3017 populos
2879 2946 3084 3001 ﬁdeles.
3124 2944 3274 3013 Quod
3303 2957 3357 2998 et
3394 2944 3589 2998 nostris
3616 2953 3760 2995 tem-

2167 3043 2383 3113 poribus
2415 3042 2563 3108 lacit,
2615 3053 2667 3095 et
2701 3055 2867 3108 usque
2894 3037 3148 3114 adﬁnem
3179 3037 3363 3092 surculi
3415 3053 3520 3090 non
3552 3035 3762 3090 desinit

473 3136 615 3190 tibus
666 3131 1009 3202 perﬁdorum,
1061 3127 1126 3181 ad
1170 3125 1493 3181 celebranda
1528 3124 1793 3194 prmconia
1847 3121 2056 3177 Domini
2089 3127 2134 3189 C
2167 3137 2418 3207 operari;
2470 3145 2524 3188 υι
2579 3134 2645 3187 de
2699 3131 2946 3200 gentibus
3000 3130 3234 3186 Eccie,ia
3283 3129 3664 3199 prmdeslinala
3701 3126 3760 3178 in

473 3228 626 3281 Italus
653 3221 879 3278 accedit.
929 3219 1123 3274 Domus
1173 3217 1341 3272 Israel
1380 3217 1677 3274 Ecclesiam
1718 3215 2061 3286 cognOscitur

476 3315 710 3370 ﬁdelium
733 3311 1032 3383 signiﬁcare
1067 3309 1407 3379 populorum.
1468 3307 1586 3377 Ipsa
1614 3307 1759 3361 enim
1801 3315 1975 3376 sperat
2005 3305 2058 3358 in

475 3407 717 3470 Domino,
749 3418 866 3473 quae
892 3399 1159 3456 mundana
1203 3399 1469 3454 desideria
1517 3413 1732 3465 semper
1770 3397 2055 3466 abjiciens,

475 3499 588 3555 sola
621 3497 788 3566 ipsius
817 3492 1180 3548 delectatione
1223 3489 1536 3561 perfruitur.
1591 3490 1660 3545 Et
1696 3488 1824 3558 quid
1853 3489 1903 3544 ei
1935 3504 2062 3558 pro-

475 3593 676 3656 veniat,
701 3595 1094 3656 consequenter
1137 3584 1356 3654 exponit
1387 3602 1399 3636 :
1438 3585 1651 3655 adjutor
1691 3583 1834 3637 enim
1870 3591 1915 3635 et
1943 3599 2065 3652 pro-

478 3697 637 3743 tector
666 3684 783 3754 ejus
801 3679 1059 3746 efﬁcitur,
1086 3679 1172 3733 cui
1214 3677 1393 3733 omnia
1428 3677 1634 3732 servire
1680 3675 2064 3730 demonstran-

478 3771 1023 3848 tur.'Adjutor,-quia
1062 3782 1224 3824 carne
1263 3767 1568 3821 laborantes
1610 3766 1661 3819 in
1707 3765 1809 3820 hoc
1836 3763 2056 3830 mundo,

477 3873 530 3926 in
553 3875 813 3939 quantum
845 3865 971 3919 utile
1004 3861 1171 3926 novit,
1203 3861 1456 3929 adjuvat;
1486 3866 1762 3928 protector,
1803 3859 2059 3929 quoniam

479 3965 686 4018 animas
738 3965 953 4016 sanctas
1009 3955 1154 4011 nulla
1203 3953 1333 4008 sinit
1383 3951 1648 4007 diabolica
1699 3950 1888 4006 fraude
1945 3951 2064 4004 sub-

477 4055 636 4112 veru.

549 4146 703 4201 'Vers.
736 4143 840 4200 18.
864 4142 1056 4196 Domus
1088 4141 1260 4194 Aaron
1282 4135 1499 4207 speravit
1523 4137 1575 4190 in
1609 4135 1827 4189 Domino
1853 4149 1872 4187 :
1900 4134 2060 4204 adju-

478 4247 556 4290 tor
579 4251 754 4290 eorum
786 4242 830 4288 et
877 4239 1130 4302 protector
1156 4244 1331 4283 eorum
1376 4239 1469 4282 est.
1511 4227 1663 4294 Quod
1695 4227 1876 4295 priore
1905 4239 2065 4278 versu

481 4324 802 4399 generaliter
827 4325 982 4390 dixit,
1030 4323 1129 4377 hoc
1176 4337 1318 4376 nunc
1352 4322 1419 4376 de
1453 4320 1828 4375 sacerdotibus
1866 4319 2065 4373 decora

483 4423 766 4476 iteratione
793 4419 1049 4482 retexui‘,
1095 4425 1153 4470 ut
1179 4413 1423 4470 excelsus
1455 4414 1588 4469 ordo
1614 4414 1923 4482 pontiﬁcum
1958 4429 2065 4467 non

2167 3244 2332 3284 unum
2356 3242 2570 3297 gregem
2602 3226 2810 3278 redacta
2839 3223 3190 3293 congaudeat,
3233 3231 3286 3278 et
3335 3221 3492 3277 unius
3521 3219 3763 3290 pastoris

2165 3319 2406 3391 glorioso
2439 3318 2701 3385 regimine
2733 3315 3058 3387 perfruatur.

2241 3411 2395 3467 Vers.
2427 3409 2518 3464 24.
2553 3406 2816 3462 Benedicti
2841 3423 2928 3460 vos
2957 3423 2989 3459 α
3020 3405 3265 3475 Domino,
3294 3406 3380 3474 qui
3425 3406 3540 3474 fecit
3569 3403 3764 3457 calum

2166 3514 2452 3558 et-terram.
2492 3501 2622 3557 Cum
2652 3500 2896 3570 superius
2926 3498 3190 3568 Optaverit
3215 3498 3476 3568 propheta
3511 3505 3563 3550 ut
3589 3496 3762 3551 bene—

2166 3597 2474 3652 dicerentur
2521 3594 2728 3660 ﬁdeles,
2757 3593 2867 3662 jam
2910 3593 3024 3663 ipsa
3057 3592 3546 3662 prmdestinatione
3575 3590 3757 3645 (ξενηίί-

2168 3703 2263 3744 sus
2286 3688 2596 3743 benedictos
2622 3685 2749 3739 dicit
2779 3699 2898 3740 esse
2924 3684 3269 3753 justissimos.
3323 3683 3386 3736 Et
3433 3682 3551 3736 vide
3578 3693 3760 3750 genus

2169 3782 2576 3846 benedictionis,
2609 3779 2850 3844 Domino,
2881 3779 3099 3849 posuit:
3132 3778 3254 3848 quia
3310 3779 3423 3846 ipsa
3457 3787 3535 3831 est
3567 3773 3754 3843 perle-

2168 3885 2255 3930 cta
2305 3872 2583 3928 beatitudo
2635 3887 2738 3926 non
2786 3869 2887 3924 sibi
2936 3883 3257 3940 quemquam
3304 3866 3614 3939 praeparari,
3662 3862 3758 3916 sed

2171 3969 2418 4023 Domino.
2450 3967 2560 4021 Hoc
2590 3965 2732 4020 enim
2769 3963 2934 4017 verbo
2961 3971 3015 4018 et
3047 3961 3285 4016 ﬁdelium
3312 3960 3479 4016 corda
3501 3961 3762 4012 roboran-

2171 4070 2277 4128 tur,
2305 4068 2360 4113 et
2381 4058 2556 4112 futura
2583 4055 2880 4118 beatitudo,
2912 4037 3053 4108 unde
3076 4053 3361 4122 provenire
3385 4055 3554 4121 possit
3575 4061 3762 4102 osten-

2171 4155 2336 4209 ditur.
2388 4151 2491 4218 Qui
2517 4152 2634 4222 fecit
2660 4154 2842 4204 caelum
2874 4157 2918 4202 et
2947 4159 3136 4201 terram
3160 4162 3178 4200 :
3202 4148 3314 4199 sive
3337 4149 3559 4200 verbum
3586 4143 3760 4212 signi-

2173 4244 2314 4311 ﬁcat,
2342 4242 2496 4312 cujus
2527 4243 2838 4310 operatione
2866 4239 3044 4293 omnis
3092 4248 3336 4293 creatura
3383 4238 3616 4306 perlecta
3655 4244 3759 4292 est,

2171 4342 2284 4394 sive
2325 4338 2546 4408 pusillos
2589 4345 2644 4391 et
2690 4336 2946 4405 majores,
2998 4348 3133 4400 quos
3184 4335 3436 4402 superius
3481 4333 3641 4392 dixit,
3669 4329 3760 4398 qui

2174 4429 2292 4500 ejus
2320 4428 2688 4484 misericordia
2722 4426 2786 4481 ad
2817 4424 3096 4480 catholicae
3124 4423 3402 4493 religionis
3432 4423 3614 4492 gaudia
3644 4435 3763 4488 per-

484 4517 535 4570 in
567 4510 804 4583 generali
831 4510 1360 4571 commemoratione,
1397 4507 1492 4561 sed
1535 4507 1749 4574 speciali
1797 4507 2067 4574 praeeundo
2098 4511 2148 4571 Ι)
2177 4531 2463 4578 venarum,

484 4605 810 4662 laudaretur.
854 4603 1028 4654 Aaron
1057 4600 1201 4655 enim
1229 4601 1280 4653 in
1307 4600 1507 4668 populo
1532 4597 1837 4652 Judaeorum
1860 4599 2067 4668 primus

483 4696 735 4754 sacerdos
762 4695 965 4749 electus
996 4699 1100 4756 est,
1145 4690 1296 4759 cujus
1328 4688 1844 4745 commemoratione
1872 4688 2068 4742 merito

486 4788 622 4843 ordo
658 4787 774 4856 ipse
801 4784 1124 4839 declaratur.

556 4881 710 4936 \‘crs.
743 4877 829 4933 l9.
875 4876 978 4943 Qui
1009 4877 1183 4928 tilucnt
1222 4872 1496 4926 Demittunt
1529 4880 1733 4940 sperent
1769 4871 1911 4944 [ed.,
1957 4887 2070 4941 spc-

482 4967 743 5040 raverunt]
791 4969 846 5021 in
896 4967 1116 5020 Domino
1141 4980 1159 5018 :
1186 4963 1395 5035 adjutor
1420 4972 1596 5018 eorum
1623 4973 1670 5015 et
1701 4969 1958 5030 protector
1987 4977 2068 5014 eo-

486 5079 597 5116 rum
626 5070 720 5117 est.
765 5058 997 5128 Exponit
1027 5055 1170 5126 quod
1202 5056 1445 5124 superius
1475 5053 1631 5119 dixit,
1660 5051 1853 5105 Domus
1882 5049 2068 5116 Israel,
2123 5099 2127 5103 .

485 5146 744 5206 et'domus
775 5151 966 5202 Aaron.
1009 5147 1111 5218 Ipsi
1143 5155 1265 5200 sunt
1292 5145 1436 5199 enim
1459 5145 1545 5214 qui
1568 5145 1741 5197 timent
1770 5140 2071 5206 Dominum,
2121 5161 2127 5169 -

485 5257 540 5301 et
562 5253 766 5317 sperant
795 5243 848 5296 in
883 5239 1123 5296 Domino.
1167 5237 1281 5292 Duo
1308 5239 1451 5292 enim
1494 5237 1593 5290 ism
1621 5241 1748 5288 sunt
1790 5248 1908 5304 qua:
1946 5234 2073 5287 bea-

489 5351 572 5390 tos
615 5336 814 5391 faciunt
853 5344 908 5391 et
960 5331 1179 5398 felices,
1226 5343 1361 5399 quos
1403 5327 1747 5397 consequitur
1794 5325 1934 5396 quod
1987 5339 2076 5379 su-

493 5431 672 5500 perius
721 5428 874 5492 dixit,
926 5435 982 5481 ut
1025 5427 1102 5480 eis
1147 5433 1201 5480 et
1245 5423 1456 5492 adjutor
1498 5421 1566 5475 sit
1598 5419 1853 5474 Dominus
1881 5426 1929 5472 et
1954 5435 2079 5488 pro-

494 5533 672 5576 rector.

569 5619 719 5671 Vers.
750 5615 841 5671 ΞΟ.
887 5613 1134 5669 Dominus
1182 5625 1375 5664 memor
1418 5609 1520 5678 fuit
1560 5607 1758 5672 nostri,
1793 5616 1836 5659 et
1871 5605 2079 5659 benedi-

488 5709 567 5764 xit
595 5723 709 5760 nos.
1655 5717 1660 5721 ·

2251 4613 2406 4668 Vers.
2579 4610 2772 4665 lennt
2803 4609 2914 4662 caeli
2949 4604 3168 4660 Domino
3189 4624 3212 4671 ς
3261 4615 3448 4658 terram
3477 4611 3644 4657 autem
3672 4600 3762 4652 dc-

2179 4707 2253 4759 dit
2279 4704 2404 4774 ﬁliis
2436 4703 2720 4757 hominum.
2761 4701 2894 4754 Cum
2940 4700 3066 4766 justi
3099 4698 3292 4753 caelum
3335 4697 3604 4760 dicantur,
3655 4693 3756 4746 Do-

2183 4786 2362 4850 minus'
2387 4793 2635 4849 Christus
2663 4792 2868 4848 Casium
2910 4791 3168 4844 castorum
3201 4787 3582 4843 convenienter
3627 4780 3757 4835 acci-

2183 4886 2349 4956 pitur,
2394 4884 2530 4938 sicut
2570 4884 2799 4938 Sanctus
2847 4890 3180 4944 sanctorum,
3232 4878 3375 4933 Deus
3427 4878 3666 4941 deorum,
3705 4879 3752 4922 et

2181 4987 2375 5034 czetera
2422 4991 2539 5046 qua:
2590 4975 2641 5028 in
2691 4975 2831 5027 luu'ic
2875 4972 3091 5026 modum
3141 4969 3414 5040 granditer
3452 4968 3746 5023 efferuntur.

2183 5066 2377 5124 Cwlum
2405 5076 2580 5119 autem
2624 5064 2822 5118 dictum
2851 5072 2953 5126 εει,
3000 5060 3143 5130 quod
3175 5062 3312 5114 intra
3357 5075 3418 5113 se
3462 5058 3598 5112 celet
3643 5051 3744 5105 uui-

2183 5164 2357 5213 ‘versa.
2399 5155 2534 5210 Cum
2560 5154 2706 5209 enim
2736 5153 2917 5208 ccelum
2946 5153 3191 5205 rectorum
3215 5150 3396 5204 datum
3429 5152 3498 5205 sit
3524 5147 3742 5202 Domino,

2182 5251 2322 5306 sicut
2364 5251 2417 5303 iu
2463 5247 2800 5319 sexagesimo
2843 5245 3075 5314 septimo
3121 5245 3332 5314 psalmo
3383 5243 3616 5312 legitur:
3661 5237 3746 5302 Qui

2187 5343 2418 5398 ascendit
2459 5357 2612 5413 super
2658 5341 2809 5394 caelos
2855 5339 3099 5393 caelorum
3139 5339 3203 5391 ab
3245 5339 3480 5401 oriente;
3528 5335 3743 5386 terrae?!

2187 5434 2452 5486 hominum
2479 5432 2601 5499 ﬁliis
2626 5419 2902 5496 attributa,
2958 5429 3048 5481 ubi
3091 5443 3149 5482 se
3181 5442 3275 5496 per
3303 5429 3524 5497 gratiam
3559 5421 3732 5478 Domiti.

2191 5523 2467 5590 multipliri
2492 5521 2870 5575 Colluctatione
2913 5519 3213 5588 puriliceut,
3243 5527 3294 5571 et
3324 5519 3388 5570 ad
3417 5528 3652 5570 aeternam
3676 5509 3738 5559 rio

2190 5625 2294 5668 tam
2327 5631 2390 5669 ex
2421 5615 2574 5667 istius
2605 5612 2786 5666 mundi
2817 5615 2988 5682 agone
3016 5613 3346 5677 perveniant.
3391 5610 3536 5665 Dedit
3565 5619 3730 5667 autem,

2189 5707 2253 5760 ad
2283 5706 2667 5761 humanitatem
2697 5703 2929 5774 pertinet
2973 5703 3362 5759 incarnationis
3393 5719 3405 5767 ;
3443 5718 3557 5756 nam
3591 5694 3732 5750 Verbo
