3966 6172
209 353 294 409 817
325 317 330 322 ’

207 572 411 625 semper
430 562 623 610 cuncta
651 551 894 622 possedit
922 561 974 607 et
1003 550 1284 620 possidet?

267 646 423 702 Vers.
457 645 546 698 εἶθ.
579 641 703 697 Non
728 645 918 696 mortui
945 641 1230 695 laudabunt
1261 650 1324 705 te,
1352 639 1593 703 Domine,
1624 654 1784 707 neque

207 752 370 791 omnes
408 739 496 801 qui
526 733 840 788 descendunt
871 733 923 785 in
953 731 1234 803 infernum.
1278 728 1513 783 Mortuos
1546 727 1636 782 hic
1663 728 1784 782 illos

207 828 324 884 dicit
363 827 474 896 qui'
505 823 776 895 perpetuis
821 820 1150 878 cruciatibus
1178 819 1455 890 atﬁigendi
1499 827 1621 873 sunt
1645 835 1662 884 ;
1689 833 1785 873 eo-

207 934 314 976 rum
341 932 504 972 voces
541 933 646 971 non
674 915 898 985 suscipit
926 914 1207 974 Dominus,
1241 912 1367 982 quia
1397 911 1540 966 beati
1580 919 1786 964 tantum

208 1018 342 1075 sunt,
369 1008 463 1079 qui
495 1006 614 1076 ejus
645 987 912 1074 praeconia
947 1004 1330 1072 personabunt,
1359 1003 1496 1057 sicut
1528 1000 1786 1057 Salomon

207 1103 362 1157 dicit:
416 1103 452 1152 Α
483 1107 711 1161 mortuo,
743 1097 892 1167 quasi
937 1112 998 1150 ex
1043 1111 1101 1149 eo
1141 1096 1229 1164 qui
1257 1109 1355 1146 non
1387 1101 1480 1158 est,
1512 1091 1643 1162 perit
1669 1106 1789 1145 con-

209 1195 348 1264 fessio
379 1192 574 1264 (Ecrli.
615 1205 744 1252 xm,
784 1188 900 1257 ‘26).
944 1189 1008 1242 Et
1038 1187 1196 1257 paulo
1227 1193 1347 1255 post
1386 1201 1400 1238 :
1458 1183 1572 1238 Nos
1621 1191 1790 1236 autent

211 1288 421 1339 sitientes
445 1293 488 1335 et
520 1283 633 1336 sani
664 1280 943 1335 laudamus
984 1293 1166 1330 nomen
1208 1286 1375 1330 tuum.
1419 1273 1657 1328 Dicendo
1689 1288 1787 1326 au-

209 1386 330 1442 tem,
365 1389 530 1443 neque
562 1388 730 1426 omnes
761 1371 848 1439 qui
871 1367 1181 1422 descendunt
1209 1366 1261 1418 in
1293 1365 1574 1436 infernum,
1605 1371 1788 1417 osten-

211 1469 276 1520 uit
302 1479 358 1519 et
388 1475 609 1519 sanctos
638 1463 703 1517 ad
738 1463 945 1515 inferna
970 1459 1185 1530 quidem
1216 1455 1567 1521 descendere,
1609 1454 1702 1512 sed
1734 1454 1786 1508 in

207 1560 410 1616 Domini
462 1556 820 1614 exsultatione
866 1553 1120 1623 gaudere.
1179 1549 1311 1603 Mori
1362 1548 1503 1602 enim
1546 1545 1707 1614 justis
1738 1551 1793 1598 et

207 1649 573 1721 peccatoribus
624 1647 882 1715 probatur
945 1657 1065 1697 esse
1111 1654 1440 1705 commune,
1491 1637 1585 1692 sed
1632 1635 1792 1690 nimis

207 1745 357 1811 leuga
404 1739 734 1793 discretione
778 1744 1117 1806 separantur,
1168 1734 1308 1788 sicut
1357 1731 1412 1786 in
1459 1729 1792 1801 octogesimo

1094 343 1464 400 exeosmo
1501 342 1568 399 tN
1609 338 2084 397 PSALTERIUM;
2116 337 2308 395 esas.
2351 311 2563 395 cxxv.'

207 465 320 537 quid
348 462 468 518 dari
501 461 694 532 potuit,
742 459 832 530 qui
885 473 1007 514 cum
1053 458 1214 514 Patre
1259 466 1314 512 et
1345 445 1570 526 'Spiritu
1602 463 1786 510 sancto
1815 460 1866 516 Α

3361 338 3489 397 818,

2470 451 2668 507 Diuisio
2689 452 2904 522 psalmi.
3422 500 3434 510 .

1961 543 2242 598 Liberatus
2265 543 2522 613 propheta
2555 542 2624 598 de
2648 543 2908 610 profunda
2933 543 3084 598 fovea
3108 551 3474 612 peccatorum,

1891 634 2055 688 etiam
2097 635 2149 687 in
2188 636 2276 688 illa
2323 645 2474 704 petra
2507 635 2893 690 misericordiae
2922 637 3264 702 constitutus,
3297 638 3475 706 primo

1889 726 2134 780 membro
2161 727 2362 796 gratias
2401 727 2546 796 agit:
2595 727 2845 798 quoniam
2886 744 2946 784 se
2993 729 3474 787 exauditumvesse

1887 817 2183 886 cognoscit,
2215 827 2267 873 et
2295 830 2481 874 contra
2504 823 2681 876 omnia
2708 820 2946 891 pericula
2972 824 3160 877 mortis
3184 823 3479 878 efﬁcaciter

1889 925 1948 964 se
1986 911 2282 966 Dominum
2342 913 2620 968 invocasse
2670 923 2919 969 tesmtur.
2985 915 3232 971 Secundo
3281 915 3476 974 iterum

1889 1002 2087 1058 clamat
2114 1003 2178 1057 ad
2205 1004 2512 1072 Dominum,
2541 1015 2600 1060 ut
2628 1005 2885 1061 liberatus
2930 1007 3206 1075 perveniat
3234 1006 3299 1062 ad
3330 1007 3476 1062 illam

1890 1095 2131 1165 requiem
2163 1096 2568 1166 sempiternam,
2604 1112 2762 1167 quam
2804 1097 3054 1154 ﬁdelibus
3083 1098 3480 1169 promittit'Do-

1898 1187 2029 1242 mini
2059 1203 2283 1246 munere
2313 1189 2738 1245 concedendam.
3390 1209 3392 1211 ·

2432 1279 2704 1352 Expositio
2736 1283 2944 1352 psalmi.

1970 1370 2121 1427 Vers.
2150 1374 2199 1426 l.
2243 1372 2436 1442 Dilexi,
2471 1375 2712 1443 quoniam
2743 1375 3004 1430 exaudivit
3037 1374 3287 1429 Dominus
3311 1391 3483 1430 vocem

1896 1463 2142 1518 orationis
2190 1480 2334 1518 mem.
2373 1468 2628 1521 Amorem
2670 1465 2887 1520 Domini
2930 1466 3236 1520 hominibus
3279 1467 3483 1523 duobus

1896 1557 2182 1624 provenire
2221 1566 2431 1612 constat
2481 1558 2744 1612 articulis.
2790 1559 2880 1613 Est
2932 1575 3070 1614 unus
3114 1561 3332 1629 quando
3385 1577 3483 1630 pro

1896 1644 2108 1699 collatis
2139 1644 2416 1700 beneﬁciis
2460 1657 2514 1701 et
2560 1647 2628 1701 ab
2679 1647 2987 1703 inﬁdelibus
3033 1648 3271 1720 diligitur
3319 1661 3483 1719 atque

1896 1737 2163 1802 laudatur,
2191 1739 2332 1794 sicut
2359 1741 2412 1793 in
2463 1740 2572 1794 alio
2604 1741 2810 1809 psalmo
2837 1740 2902 1794 de
2933 1750 3214 1810 peccatore
3248 1743 3482 1811 legitur:

203 1831 384 1901 quinto
414 1829 627 1900 psalmo
649 1827 850 1882 dictum
877 1837 956 1881 est
984 1841 998 1878 :
1031 1824 1093 1878 Et
1111 1825 1346 1895 eripuisti
1366 1823 1595 1878 animam
1629 1835 1792 1876 meam
1823 1827 1870 1888 Β
1899 1825 2232 1896 Conﬁtebitur
2256 1829 2366 1894 tibi,
2397 1845 2514 1883 cum
2535 1828 2839 1898 benefeceris
2869 1831 2915 1884 ei
2947 1829 3119 1900 (Psal.
3146 1847 3336 1897 ιινιη,
3370 1831 3485 1903 l9).

201 1938 258 1974 cz
284 1920 494 1990 inferno
530 1917 765 1987 inferiori
796 1914 967 1987 (Psal.
1001 1929 1195 1980 Lxxxv,
1231 1915 1342 1983 15).

265 2016 434 2086 389
462 2014 615 2069 Vers.
660 2013 752 2068 ‘27.
797 2012 905 2068 Sed
934 2029 1026 2066 nos
1055 2013 1144 2084 qui
1174 2013 1407 2077 vivimus,
1444 2009 1786 2064 benedicimus

201 2106 504 2172 Dominum,
533 2122 596 2159 ex
626 2105 722 2159 hoc
747 2121 886 2161 nunc
913 2114 958 2159 et
992 2120 1150 2175 usque
1176 2104 1228 2157 in
1258 2103 1525 2159 saeculum.
1567 2101 1794 2172 Exposi-

199 2208 248 2254 ta
277 2210 433 2270 parte
459 2197 860 2266 damnatorum,
888 2208 1069 2268 aptum
1112 2198 1211 2252 fuit
1241 2206 1299 2251 ut
1331 2195 1789 2268 pulchritudinem

197 2295 392 2360 psalmi
424 2293 707 2346 beatorum
737 2291 876 2346 bona
903 2288 1308 2346 concluderent.
1351 2289 1609 2343 Vivorum
1643 2287 1788 2342 enim

197 2396 275 2439 cst
325 2383 617 2448 Dominus,
665 2396 770 2436 non
820 2389 1178 2448 mortuorum,
1230 2380 1369 2434 sicut
1417 2379 1470 2432 in
1501 2377 1794 2447 Evangelio

195 2475 392 2545 legitur
421 2493 434 2529 :
472 2474 594 2529 Non
630 2483 706 2529 est
736 2474 873 2527 enim
908 2471 1043 2527 Deus
1080 2472 1413 2535 mortuorum,
1447 2471 1535 2525 sed
1566 2472 1794 2524 vivorum

201 2569 423 2639 (Manli.
461 2583 591 2634 sxn,
624 2567 738 2637 52).
770 2567 1024 2620 Vivorum
1067 2576 1244 2620 autem
1276 2562 1650 2633 accipiendum
1684 2570 1790 2628 est,

194 2675 297 2714 non
338 2660 453 2714 ista
495 2660 604 2713 vita
648 2659 963 2720 viventium,
996 2672 1152 2726 quam
1202 2670 1544 2710 communem
1591 2655 1795 2710 sanctis

193 2761 417 2808 constat
445 2766 566 2806 esse
597 2766 718 2804 cum
753 2750 970 2818 impiis;
997 2749 1089 2804 sed
1123 2749 1213 2803 illa
1237 2748 1303 2803 de
1325 2763 1425 2817 qua
1452 2749 1504 2800 in
1527 2747 1634 2800 alio
1662 2745 1798 2815 psal-

188 2859 278 2898 mo
299 2843 507 2915 legitur
533 2861 546 2895 :
581 2842 804 2896 Placebo
833 2841 1053 2896 Domino
1077 2842 1128 2894 in
1148 2841 1354 2912 regione
1373 2840 1594 2892 rivorum
1619 2836 1792 2906 (Psnl.

187 2948 340 3000 ειη,
367 2932 457 3005 9).
507 2932 576 2987 Et
616 2947 682 2987 ne
711 2931 776 2985 ad
810 2941 1024 2986 terrena
1068 2931 1204 2984 bona
1237 2942 1387 2983 mens
1419 2928 1652 2982 humana
1697 2927 1794 2980 de-

188 3028 520 3091 scenderet,
581 3026 646 3078 ad
693 3025 782 3078 illa
833 3024 1072 3078 emlesﬁa
1120 3028 1478 3090 congruenter
1527 3019 1792 3085 ascendit,

186 3133 308 3186 qua:
351 3131 461 3172 nec
497 3116 552 3170 in
587 3115 834 3169 laudibus
865 3126 1088 3184 possunt
1125 3116 1325 3168 habere
1357 3114 1667 3180 terminum,
1696 3125 1795 3167 nec

186 3206 242 3261 in
272 3207 530 3278 praemiis
556 3207 824 3262 sustinere
855 3206 1149 3275 probantur
1171 3221 1444 3260 occasum.

745 3317 1021 3372 Conclusio
1053 3318 1260 3386 psalmi.

248 3433 554 3491 Luxerunt
598 3434 757 3490 nobis
793 3435 950 3505 quasi
999 3435 1210 3504 granati
1260 3433 1384 3488 mali
1427 3435 1630 3488 minuta
1681 3434 1798 3503 pul-

174 3526 503 3592 cherrima,
545 3539 667 3594 quae
719 3525 957 3580 historiae
1005 3527 1152 3580 corio
1201 3525 1437 3579 revelata
1489 3525 1797 3580 dulcissima

177 3618 345 3673 mella
399 3617 762 3673 sudaverunt.
814 3618 956 3685 Quot
1014 3619 1159 3674 enim
1191 3633 1400 3684 versus,
1451 3628 1528 3674 tot
1575 3620 1794 3689 gratiae;

170 3719 308 3776 quot
353 3710 561 3774 verba,
596 3718 674 3764 tot
702 3725 856 3778 poma
899 3722 1026 3766 sunt
1055 3714 1267 3766 animus.
1328 3713 1607 3768 Moriemur
1633 3711 1796 3768 "'enim

171 3814 270 3866 per
313 3800 720 3855 similitudines
758 3803 960 3857 veteris
991 3801 1194 3871 populi,
1229 3800 1388 3872 hujus
1427 3802 1614 3857 mundi
1644 3803 1798 3872 quasi

163 3890 578 3962 :Egyptiacam
610 3891 1032 3948 dominationem
1063 3894 1409 3962 relinquere;
1444 3901 1502 3948 ut
1529 3895 1798 3963 possimus

162 3982 231 4037 ad
260 3993 491 4039 terram
519 3983 892 4052 promissionis
916 3985 1253 4054 baptismatis
1279 3985 1471 4041 itinere
1496 3977 1794 4054 pervenire.

163 4075 545 4132 Festinemus
578 4077 852 4146 intrepidi,
901 4079 1135 4133 adventu
1183 4081 1396 4134 Domini
1445 4081 1799 4137 adversitates

161 4176 389 4220 nostra:
420 4168 623 4220 solutae
649 4178 795 4220 sunt.
837 4167 979 4221 Mare
1008 4168 1163 4238 fugit,
1189 4169 1441 4224 Jordanis
1472 4182 1622 4226 retro
1649 4172 1798 4226 timo-

153 4273 218 4311 re
249 4273 590 4314 conversus
620 4267 724 4324 est,
757 4260 1039 4315 simulacra
1083 4263 1324 4331 gentium
1376 4266 1525 4333 quasi
1578 4266 1797 4320 metalla

149 4351 477 4406 insensata
535 4361 844 4420 contempta
901 4363 1064 4419 sunt;
1121 4355 1328 4410 Domini
1387 4367 1567 4412 autem
1626 4361 1797 4415 nostri

139 4441 330 4510 gloria
384 4442 605 4510 ubique
655 4444 879 4510 colitur,
925 4446 1121 4515 ubique
1169 4448 1512 4516 prrcdicatur.
1560 4452 1624 4504 Et
1653 4451 1792 4516 ideo,

134 4535 394 4602 iuvante
437 4537 582 4602 Deo,
620 4538 948 4606 psalmorum
980 4539 1204 4594 virtutes
1251 4542 1644 4600 studiosissime
1677 4560 1797 4613 per-

132 4628 475 4695 quiramus
504 4641 518 4678 :
570 4629 822 4695 quoniam
856 4642 915 4684 se
948 4638 1002 4683 ct
1033 4629 1282 4686 ﬁdelibus
1313 4633 1582 4703 aperiunt,
1617 4644 1670 4690 et
1707 4636 1793 4690 in-

132 4726 420 4779 credulis
457 4736 684 4791 semper
715 4724 1071 4781 abscondunt.

459 4831 834 4890 EXPOSITIO
874 4837 940 4890 IN
982 4837 1309 4895 PSALMUM
1347 4839 1530 4896 CXIV.

876 4925 1128 4984 Alleluia.

197 5038 478 5094 Excitat
538 5051 636 5090 nos
678 5038 748 5092 de
787 5053 978 5095 somno
1023 5042 1178 5109 hujus
1221 5043 1402 5098 steculi
1435 5044 1692 5101 solemnis
1731 5064 1795 5104 ac

115 5147 258 5186 vera
297 5131 725 5199 commonitio,
776 5141 829 5185 et
857 5135 1018 5188 velut
1043 5136 1258 5203 quidam
1291 5138 1586 5206 spiritualis
1622 5141 1794 5211 gallus

107 5225 180 5277 ad
229 5239 447 5293 opera
498 5236 601 5275 nos
635 5224 776 5290 cogit
810 5227 995 5282 venire
1027 5229 1282 5284 ﬁdelium.
1330 5232 1624 5289 Audiamus
1665 5251 1792 5290 san-

107 5331 272 5370 ctam
309 5329 577 5379 voc-9m,
613 5315 753 5383 pium
787 5331 1073 5386 sequamur
1104 5323 1389 5391 imperium
1423 5323 1512 5395 [In
1541 5341 1663 5380 mss.
1704 5329 1793 5393 A.,

103 5405 205 5476 8,,
246 5406 371 5473 F.,
422 5405 732 5469 imperium
764 5407 942 5481 deest],
971 5420 1023 5464 et
1053 5413 1418 5480 relinquamus
1449 5417 1667 5485 impium
1699 5418 1796 5491 [Ab

105 5505 174 5551 ed
237 5511 302 5555 et
350 5513 491 5551 ms-
547 5492 638 5561 0.,
682 5508 736 5551 et
764 5500 1131 5571 relinquamus
1160 5505 1378 5574 impium
1411 5508 1627 5581 aberat].
1659 5511 1797 5566 Lau-

99 5594 272 5648 άςιίὶο
309 5590 518 5645 enim
562 5585 770 5642 Domini
798 5591 1024 5662 dignitas
1070 5613 1292 5666 operum
1343 5608 1396 5656 ct
1440 5605 1672 5671 pretium
1704 5615 1794 5659 est

99 5687 444 5742 laturum,
496 5679 727 5744 quando
758 5697 854 5738 nec
883 5687 1098 5744 suavius
1124 5689 1416 5762 quidquam
1454 5704 1631 5766 potest
1662 5695 1788 5760 dici,

95 5791 209 5836 nec
242 5767 600 5832 salubrius
624 5770 856 5828 actitari.

1896 1916 2048 1972 Alter
2095 1927 2180 1972 est
2223 1919 2562 1973 certissimus
2611 1928 2772 1988 atque
2803 1919 3095 1989 perfectus,
3142 1935 3264 1976 cum
3307 1922 3486 1977 devoti

1895 2009 2106 2064 animus
2134 2009 2278 2065 nulla
2309 2010 2668 2066 accidentium
2703 2013 2965 2068 malorum
2991 2012 3317 2069 adversitate
3345 2014 3486 2083 deji-

1897 2101 2042 2157 citur
2069 2117 2081 2155 :
2123 2100 2218 2156 sed
2251 2101 2304 2156 in
2337 2101 2572 2157 miseriis
2611 2104 2724 2157 suis
2749 2117 2843 2172 Spe
2871 2103 3192 2168 futurorum,
3227 2106 3277 2159 in
3309 2105 3488 2160 chari-

1899 2199 2009 2248 tate
2040 2192 2252 2247 Domini
2284 2207 2502 2262 semper
2544 2194 2881 2262 accenditur,
2924 2195 3066 2251 sicut
3091 2196 3223 2250 dicit
3250 2197 3484 2265 Aposto-

1904 2284 1993 2340 lus
2019 2303 2032 2338 :
2063 2284 2190 2351 Quis
2213 2301 2306 2340 nos
2337 2286 2592 2355 separabit
2615 2303 2647 2340 a
2670 2288 2918 2341 charitate
2939 2286 3128 2342 Christi
3149 2289 3172 2342 ?
3193 2288 3490 2344 tribulatio?

1897 2394 1965 2430 an
2013 2379 2301 2448 angustia?
2345 2395 2412 2432 an
2452 2380 2736 2449 persecutio
2761 2382 2784 2434 Ι)
2813 2399 2880 2434 an
2922 2383 3130 2451 fames?
3170 2399 3234 2435 an
3280 2383 3492 2436 nuditas

1901 2467 2079 2538 (Rom.
2117 2485 2230 2536 vni,
2257 2469 2397 2539 35)?
2441 2483 2547 2525 etc.
2594 2471 2747 2525 llunc
2792 2488 2920 2543 ergo
2969 2472 3191 2527 modum
3230 2475 3488 2542 propheta

1898 2560 2083 2615 subter
2103 2563 2349 2630 exponit:
2371 2564 2624 2632 quoniam
2641 2563 2692 2616 in
2715 2564 3147 2620 tribulatiOnibus
3165 2575 3216 2621 et
3231 2565 3490 2636 angustiis

1901 2652 2016 2706 suis
2041 2653 2242 2716 dilexit,
2273 2654 2487 2723 quando
2523 2654 2596 2709 illi
2627 2656 3003 2712 tribulationes
3032 2665 3090 2714 et
3115 2659 3332 2715 dolores
3355 2676 3492 2729 prae-

1905 2743 2164 2807 stiterint,
2202 2757 2258 2798 ut
2289 2744 2570 2800 Dominum
2605 2746 2854 2802 invocare
2887 2760 3204 2805 mereretur.
3239 2752 3484 2820 Quapro-

1904 2845 2020 2902 pter
2058 2836 2220 2890 David
2251 2852 2356 2890 non
2389 2837 2442 2892 in
2475 2839 2624 2908 regni
2654 2840 3002 2909 amplitudine
3045 2842 3198 2896 laetus
3229 2844 3482 2904 exsultat,

1903 2942 2006 2979 non
2038 2927 2104 2980 de
2146 2927 2332 2982 mundi
2372 2928 2628 2985 felicitate
2677 2933 2996 3001 gratulatur,
3047 2945 3205 3002 quam
3262 2945 3488 2987 noverat

1904 3022 2287 3085 transiturum;
2339 3021 2434 3077 sed
2482 3023 2680 3091 gaudet
2710 3025 3008 3081 orationem
3039 3040 3189 3080 suam
3241 3027 3294 3080 in
3328 3042 3488 3096 angu-

1902 3109 2018 3163 stiis
2049 3124 2077 3162 a
2109 3110 2530 3166 clementissimo
2558 3114 2782 3168 Domino
2812 3115 2972 3172 fuisse
2994 3125 3322 3186 susceptam,
3346 3118 3487 3187 quod

1823 3206 1871 3270 ο
1908 3199 2165 3270 prodesse
2195 3202 2300 3256 sibi
2336 3214 2596 3273 perpetue
2627 3207 2915 3263 sentiebat.
2960 3211 3026 3263 Et
3056 3211 3175 3264 vide
3201 3225 3308 3279 quo
3335 3225 3486 3266 com-

1905 3292 2100 3361 pendio
2124 3302 2178 3347 et
2206 3307 2421 3349 causam
2452 3296 2648 3364 posuit,
2678 3306 2731 3352 et
2763 3299 3022 3354 rationem
3047 3313 3224 3355 causa:
3251 3315 3492 3354 momen—

1904 3393 2057 3438 tanea
2111 3384 2397 3442 celeritate
2447 3387 2746 3456 subjunxit.
2819 3389 2969 3457 Quod
3029 3391 3248 3445 schema
3295 3390 3490 3444 dicitur

1902 3477 2312 3546 epitrocasmos,
2354 3479 2408 3533 id
2457 3487 2543 3534 est
2583 3481 2710 3534 dicti
2759 3483 2978 3549 rotatio,
3023 3499 3141 3550 qua:
3173 3482 3414 3537 breviter
3435 3493 3489 3536 ct

1903 3572 2176 3628 succincte
2207 3588 2268 3628 ea
2301 3588 2420 3643 qua:
2446 3585 2569 3628 sunt
2606 3575 2833 3630 dicenda
2866 3577 3196 3647 perstringit.

1979 3664 2132 3718 V'ers.
2160 3665 2218 3717 2.
2265 3664 2399 3731 Quia
2427 3665 2690 3720 inclinavit
2737 3684 2912 3722 aurem
2941 3685 3089 3722 suam
3121 3669 3243 3722 mihi
3264 3687 3289 3736 ;
3338 3678 3386 3723 et
3434 3671 3485 3721 in

1902 3755 2078 3808 diebus
2120 3757 2242 3810 meis
2285 3757 2530 3810 invocabo
2579 3775 2714 3812 eum.
2758 3760 2944 3824 Auris,
2975 3761 3111 3816 sicut
3148 3762 3254 3830 jam
3287 3760 3484 3815 dictum

1903 3855 2007 3913 est,
2034 3847 2303 3917 appellata
2335 3861 2414 3902 εει
2445 3851 2512 3904 ab
2539 3850 2744 3913 auditu,
2778 3866 2937 3920 quam
2965 3854 3156 3907 merito
3180 3853 3243 3906 ad
3278 3870 3376 3907 nos
3408 3854 3487 3904 in-

1902 3939 2096 3992 clinare
2143 3939 2340 3993 dicitur
2372 3941 2534 4007 Deus,
2584 3943 2707 4010 quia
2761 3953 2816 3996 ut
2864 3957 2963 3997 nos
2993 3941 3244 4012 dignetur
3274 3943 3484 4006 audire,

1903 4027 2047 4081 nulla
2089 4029 2153 4081 ad
2205 4028 2376 4098 ipsum
2412 4030 2643 4084 humana
2693 4031 2884 4086 merita
2915 4033 3166 4086 videntur
3195 4032 3482 4102 attingere.

1903 4119 2056 4188 Quod
2091 4121 2285 4176 factum
2311 4123 2363 4178 in
2397 4123 2632 4179 adventu
2664 4123 2872 4178 Domini
2901 4126 3145 4180 veritatis
3182 4127 3350 4195 ipsius
3382 4135 3489 4180 tra-

1902 4211 1980 4268 dit
2010 4215 2328 4282 auctoritas,
2377 4216 2591 4285 quando
2638 4216 2821 4272 mundi
2847 4218 3144 4272 sceleribus
3178 4219 3490 4288 miseratus,

1904 4307 2220 4362 medicinam
2243 4308 2418 4364 beata:
2446 4309 2828 4366 incarnationis
2856 4312 3115 4366 attribuit.
3149 4310 3216 4366 Et
3239 4313 3489 4381 quoniam

1901 4400 2023 4470 ejus
2054 4401 2194 4455 circa
2227 4417 2286 4457 se
2318 4402 2640 4457 uberrimam
2674 4414 2912 4472 cmperat
2961 4406 3164 4460 sentire
3211 4407 3486 4475 pietatem,

1904 4495 1956 4548 in
1987 4494 2177 4548 diebus
2206 4495 2318 4549 suis
2347 4509 2468 4550 cum
2501 4496 2682 4552 multis
2719 4498 3154 4554 tribulationibus
3198 4508 3488 4569 angeretur

1821 4587 1877 4650 D
1905 4586 2069 4656 (sicut
2097 4586 2319 4640 inferius
2350 4587 2501 4656 dicit)
2557 4588 2816 4641 invocasse
2864 4605 2922 4644 se
2957 4590 3237 4645 Dominum
3272 4592 3493 4661 proﬁte-

1903 4688 2010 4734 tur.
2053 4679 2273 4733 Nostros
2314 4682 2458 4734 enim
2492 4680 2614 4736 illos
2662 4682 2776 4736 dies
2828 4683 3082 4748 dicimus,
3133 4686 3219 4739 ubi
3273 4688 3487 4755 propria

1902 4773 2185 4841 iniquitate
2216 4787 2524 4841 peccamus,
2573 4784 2627 4829 et
2677 4775 2863 4830 anxios
2893 4776 3104 4831 dolores
3138 4778 3313 4846 pravis
3344 4781 3490 4848 cogi-

1901 4866 2193 4920 tationibus
2221 4866 2572 4944 sustinemus.
2619 4869 2877 4937 Mirabilis
2905 4872 3189 4936 sententia,
3223 4873 3380 4928 beata
3412 4876 3489 4927 vi-

1902 4957 2180 5022 cissitudo,
2231 4965 2285 5012 et
2333 4957 2545 5014 ﬁdelem
2596 4975 2811 5029 semper
2841 4963 3097 5018 beneﬁcia
3140 4980 3402 5033 quaerere,
3436 4977 3490 5022 et

1901 5051 2224 5106 clementem
2289 5051 2574 5107 Dominum
2639 5055 2891 5110 continua
2956 5055 3288 5128 benignitate
3353 5073 3488 5128 prato

1899 5149 2062 5197 stare.
3245 5129 3254 5138 ”

1978 5232 2125 5287 Vers.
2154 5233 2205 5288 5.
2251 5232 2709 5288 Cirrumdederunt
2741 5254 2816 5290 me
2847 5238 3052 5293 dolores
3084 5241 3281 5303 mortis,
3316 5248 3362 5293 et
3398 5258 3485 5310 pe-

1900 5321 2067 5375 ricula
2118 5324 2307 5392 inferni
2361 5326 2656 5379 invenerunt
2705 5345 2802 5381 me.
2844 5328 3048 5384 Causas
3089 5330 3262 5385 adhuc
3309 5332 3486 5386 reddit

1899 5414 2228 5482 aptissimus,
2258 5429 2353 5469 cur
2383 5419 2461 5469 vir
2492 5429 2710 5474 sanctus
2740 5420 2989 5474 dilexerit
3029 5422 3336 5489 Dominum,
3378 5440 3483 5481 non

1901 5507 2026 5560 illas
2051 5507 2101 5560 in
2133 5508 2325 5574 quibus
2370 5523 2427 5562 se
2457 5511 2623 5563 amari
2659 5523 2809 5579 putat
2841 5512 3170 5580 humanitas,
3214 5515 3257 5568 si
3290 5513 3484 5570 inﬂatis

1909 5601 2202 5655 honoribus
2233 5599 2514 5667 eveliatur,
2546 5602 2589 5656 si
2621 5603 2924 5658 divitiarum
2959 5604 3099 5658 mole
3125 5606 3482 5676 grandeseat;

1903 5692 2000 5745 sed
2042 5693 2161 5747 idco
2189 5707 2247 5747 se
2275 5692 2407 5749 dicit
2443 5694 2625 5748 divina
2658 5698 2824 5766 gratia
2855 5698 3146 5764 visitalum,
3177 5700 3298 5772 quia
3330 5701 3483 5758 dolo-

1902 5782 2050 5840 ribus
2075 5791 2124 5841 ct
2149 5783 2398 5856 periculis
2432 5784 2755 5858 probabatur
2787 5788 3039 5856 aﬂ'ectus;
3074 5793 3285 5864 merito,
3319 5809 3485 5866 quan-
