4032 6176
517 363 618 419 819

1755 359 1824 412 Μ.
1869 356 2148 414 AURELII
2184 358 2585 415 CASSIODORI
3679 366 3773 419 8‘20

523 478 592 530 do
643 459 744 531 ista
787 473 1084 544 perducunt
1128 471 1194 526 ad
1224 470 1472 540 gloriam,
1522 470 1613 525 illa
1657 472 1992 540 praecipitant
2036 470 2104 526 ad
2129 478 2179 535 Α
2211 472 2427 526 cordem
2473 473 2754 529 Dominum
2801 449 3120 545 generaliter
3163 492 3283 533 esse
3330 478 3602 546 professus
3649 490 3771 534 est:

519 568 746 620 ruinam.
790 565 855 617 Et
880 563 1087 632 inspice
1121 565 1285 617 verba
1314 561 1576 631 simplicia
1611 564 1818 630 magnis
1849 562 2095 615 sensibus

517 669 637 710 esse
685 652 891 709 farcita.
935 653 1317 707 Circumdatum
1364 665 1423 705 se
1464 651 1593 706 dicit
1622 652 1918 716 doloribus;
1947 661 2097 706 etne

519 758 732 815 putares
763 745 1084 809 mediocres,
1137 744 1361 810 addidit,
1414 745 1610 799 mortis.
1655 745 1870 814 Adjecit
1910 745 2092 811 etiam,

517 843 705 913 inferni
737 843 984 909 pericula,
1013 858 1134 912 quae
1157 851 1368 896 constat
1398 842 1679 896 tormentis
1707 843 1955 896 omnibus
1976 858 2097 898 esse

523 935 788 1004 graviora.
816 934 1067 1004 Sequitur
1093 949 1328 1004 quoque,
1357 935 1654 987 invenerunt
1681 950 1778 998 me,
1801 935 1946 1002 quasi
1981 935 2095 987 ino-

523 1024 783 1094 pinatum,
814 1025 964 1094 quasi
989 1040 1262 1090 securum,
1303 1026 1452 1093 quasi
1486 1039 1515 1078 a
1544 1025 1756 1079 Domini
1787 1024 2097 1080 defensione

518 1115 860 1183 sepositum;
910 1125 966 1170 ut
1015 1115 1170 1170 facile
1212 1117 1441 1184 petuerit
1487 1115 1624 1186 capi,
1673 1131 1830 1186 quem
1874 1132 1903 1169 a
1952 1125 2097 1171 tanto

522 1206 809 1275 contigerit
840 1207 1134 1260 munimine
1163 1209 1458 1276 segregari.

595 1297 744 1351 Vers.
775 1297 831 1352 4.
871 1297 1271 1354 Tribulationem
1303 1310 1349 1354 et
1376 1301 1601 1354 dolorem
1631 1301 1816 1364 iuveni,
1840 1310 1885 1353 et
1917 1317 2098 1354 nomen

527 1384 740 1440 Domini
765 1387 1011 1442 invocavi.
1059 1388 1224 1444 Audis
1250 1389 1630 1443 tribulationem
1660 1401 1707 1444 et
1741 1390 1999 1455 dolorem,
2046 1400 2100 1446 et

517 1479 764 1534 fortassis
775 1479 1092 1546 oll‘enderis;
1118 1482 1212 1536 sed
1233 1497 1363 1551 quas
1380 1481 1594 1536 divitias
1611 1491 1758 1552 gerat
1776 1481 2097 1538 intrinsecus

521 1571 805 1627 thesaurus
835 1572 960 1639 iste,
985 1586 1273 1642 cognosce.
1314 1571 1406 1626 He
1433 1583 1558 1628 sunt
1588 1573 1958 1628 tribulationes
1979 1590 2098 1644 qua:

517 1657 585 1712 ad
637 1659 922 1714 Dominum
966 1661 1270 1717 exclamare
1319 1660 1596 1728 fecerunt,
1647 1661 1699 1717 hi
1745 1661 1964 1718 dolores
2005 1663 2095 1732 qui

518 1751 909 1809 medicinaliter
935 1753 1096 1810 corda
1121 1753 1426 1824 punxerunt
1449 1795 1464 1820 ,
1513 1762 1572 1812 ut
1615 1754 1681 1810 ad
1711 1770 1894 1812 verum
1927 1755 2097 1812 medi-

517 1858 640 1900 cum
689 1845 946 1902 clamaret
994 1855 1260 1918 aegrotus,
1325 1845 1468 1902 unde
1517 1849 1700 1903 venire
1741 1847 2096 1903 indubitatum

519 1946 729 1994 constat
756 1939 1036 1996 auxilium.
1066 1939 1134 1995 Et
1158 1940 1364 2010 inspice
1393 1940 1521 2010 quid
1551 1948 1750 1996 mutata
1783 1941 1898 1996 haec
1932 1941 2099 1997 verba

521 2030 861 2098 parturiant;
909 2031 1158 2100 superius
1199 2030 1289 2086 ubi
1335 2039 1525 2100 captus
1568 2044 1686 2096 εει,
1739 2047 1769 2086 a
1817 2032 2098 2088 doloribus

519 2119 684 2190 390
708 2121 983 2176 inventum
1022 2135 1082 2177 se
1115 2121 1281 2178 dicit:
1314 2121 1403 2177 hic
1429 2122 1517 2176 ubi
1551 2121 1846 2178 remedium
1876 2123 2097 2190 reperit,

522 2213 774 2267 invenisse
805 2213 1013 2282 seipsos
1060 2213 1260 2270 dolores
1291 2212 1541 2268 asseruit.
1585 2212 1678 2267 Ille
1722 2212 1866 2268 enim
1911 2225 2100 2269 causas

523 2305 842 2360 calamitatis
877 2319 987 2360 suae
1027 2307 1325 2376 cognoscit,
1355 2305 1446 2376 qui
1489 2320 1548 2360 se
1576 2304 1856 2371 afﬂictum,
1888 2313 1946 2358 ut
1975 2319 2102 2359 con-

525 2402 783 2460 vertatur,
829 2396 1094 2466 intelligit.
1135 2395 1265 2451 Nam
1299 2406 1352 2452 et
1382 2397 1623 2451 medicus
1651 2406 1775 2451 tunc
1817 2397 2098 2466 quaeritur,

525 2487 740 2557 quando
769 2490 972 2545 viscera
1004 2490 1235 2545 humana
1266 2491 1485 2545 morbus
1510 2489 1704 2560 aliquis
1729 2504 1951 2559 gravare
1980 2504 2100 2544 sen-

527 2576 676 2631 titur.
719 2577 995 2650 Sequitur,
1023 2589 1071 2635 et
1096 2598 1277 2636 nomen
1312 2581 1521 2635 Domini
1547 2581 1795 2648 invocavi,
1828 2595 1932 2648 quo
1965 2595 2101 2650 pra:-

523 2678 698 2726 stante
721 2681 775 2725 et
795 2671 948 2726 dolor
975 2683 1026 2727 et
1058 2672 1326 2727 tribulatio
1356 2671 1602 2726 celeriter
1629 2671 1988 2726 vincerentur.

592 2760 746 2816 Vers.
779 2763 832 2818 5.
879 2763 921 2816 Ο
954 2761 1190 2829 Domine,
1226 2763 1385 2816 libera
1414 2763 1644 2816 animam
1673 2761 1878 2815 meam!
1903 2761 2100 2814 miseri-

521 2870 632 2907 cors
678 2855 950 2922 Dominus,
993 2865 1040 2910 et
1077 2859 1276 2926 justus,
1323 2866 1366 2909 et
1410 2854 1544 2909 Deus
1569 2865 1738 2909 noster
1784 2854 2098 2908 miserebitur

523 2944 677 3015 [mss.
709 2948 799 3009 A.,
833 2948 914 3013 8.,
948 2947 1031 3014 F.,
1067 2946 1373 3016 miseretur].
1399 2948 1737 3002 Enumeratis
1759 2946 2099 3015 passionibus

521 3036 653 3100 suis,
705 3037 960 3106 propheta
993 3038 1136 3092 venit
1179 3037 1246 3092 ad
1290 3037 1583 3092 secundum
1633 3035 1954 3103 membrum,
2007 3037 2093 3090 ubi

2205 581 2348 620 nunc
2389 576 2566 620 autem
2609 569 2980 623 universaliter
3030 571 3372 638 parvulorum
3421 585 3479 624 se
3508 570 3637 626 dicit
3660 587 3775 626 esse

2199 661 2498 728 custodem,
2543 669 2599 717 et
2648 673 2832 731 postea
2886 663 3220 718 humiliatum
3266 675 3313 718 et
3353 666 3621 718 liberatum
3675 681 3775 719 esse

2201 751 2512 819 proclamat,
2562 762 2618 806 ut
2661 769 2752 822 per
2780 754 2922 808 hunc
2961 756 3202 810 ordinem
3247 770 3422 809 rerum
3474 756 3774 809 ostenderet

2200 845 2341 914 quod
2367 845 2420 899 in
2452 846 2742 916 Evangelio
2783 848 3012 918 legitur;
3063 850 3305 918 quamvis
3351 848 3416 902 de
3444 849 3624 903 multis
3652 864 3774 915 gen-

2202 935 2346 990 tibus
2378 936 2447 990 sit
2474 948 2807 1006 aggregatus,
2840 955 2998 994 unum
3028 955 3239 1009 gregem
3277 939 3508 1004 Domini,
3532 947 3587 994 et
3614 955 3776 994 unum

2201 1024 2274 1079 illi
2298 1040 2418 1082 esse
2443 1037 2732 1097 pastorem.
2757 1028 2969 1083 Parvuli
2995 1039 3120 1084 sunt
3141 1031 3228 1101 qui
3253 1029 3350 1083 sibi
3376 1030 3672 1084 certissime
3701 1031 3777 1084 vi-

2203 1114 2396 1171 dentur
2415 1119 2589 1188 exigui
2614 1136 2628 1184 ;
2657 1120 2751 1174 sed
2775 1121 2887 1174 sola
2912 1120 3116 1175 Domini
3141 1121 3379 1189 largitate
3401 1124 3774 1190 grandescunt.

2205 1207 2274 1260 Et
2320 1208 2441 1264 vide
2471 1210 2626 1278 quale
2660 1209 2882 1265 verbum
2929 1222 3014 1266 est
3053 1211 3284 1281 positum
3314 1229 3326 1263 :
3361 1212 3672 1276 custodiens,
3699 1212 3777 1266 di-

2203 1296 2300 1364 xit,
2328 1307 2578 1367 tanquam
2610 1308 2789 1368 pastor
2811 1301 3058 1367 eximius,
3091 1301 3184 1371 qui
3210 1316 3421 1371 gregem
3448 1316 3600 1355 suum
3628 1317 3657 1354 a
3689 1316 3774 1354 ra-

2203 1389 2318 1456 paci
2346 1387 2452 1456 lupi
2484 1388 2787 1445 incursione
2813 1389 3073 1445 defendit.
3107 1391 3212 1446 Sed
3245 1391 3448 1460 inspice
3472 1392 3610 1460 quod
3643 1391 3779 1443 ordi-

2205 1491 2328 1531 nem
2359 1491 2654 1548 c0ugruum
2685 1493 2927 1547 servans,
2958 1481 3103 1549 prius
3131 1480 3474 1543 humiliantur,
3514 1487 3696 1550 postea
3721 1496 3778 1534 se

2202 1567 2329 1623 dicit
2355 1585 2461 1623 esse
2486 1570 2753 1624 liberatum
2777 1588 2790 1636 ;
2845 1580 2904 1626 ut
2924 1571 3144 1627 vulnera
3185 1571 3370 1628 dolere
3399 1572 3540 1643 [ηυδε.
3569 1573 3657 1636 Α.,
3683 1571 3777 1637 B.,

2202 1655 2298 1725 F.,
2326 1657 2540 1716 dolores
2560 1658 2702 1732 esse]
2727 1674 2832 1716 non
2863 1662 3089 1731 possint,
3116 1679 3234 1732 qua:
3259 1663 3325 1717 ad
3357 1663 3641 1718 sanitatem
3669 1677 3781 1718 ete-

2202 1747 2350 1804 lestis
2375 1750 2562 1806 Medici
2595 1765 2814 1808 munere
2836 1761 3212 1822 pervenerunt.

2275 1838 2427 1895 Vere.
2457 1842 2510 1895 7.
2551 1839 2871 1910 Convertere,
2903 1843 3077 1899 anima
3108 1860 3239 1910 mea,
3274 1845 3326 1898 in
3351 1847 3571 1916 requiem
3599 1855 3778 1916 tuam;

2199 1933 2318 2000 quia
2367 1931 2617 1989 Dominus
2655 1936 2897 2007 benefecit
2949 1937 3040 1992 tibi
3071 1936 3193 2010 [ms.
3229 1938 3299 1994 G.
3349 1946 3397 1995 e!
3445 1939 3560 2007 ed.,
3609 1941 3776 2012 mihi].

2200 2023 2398 2080 Cautet
2448 2025 2550 2084 hoc
2581 2029 2758 2082 anima
2786 2042 2906 2086 cum
2939 2031 3226 2101 propheta,
3256 2046 3377 2100 quze
3408 2034 3780 2104 peregrinatur

2201 2131 2232 2170 a
2267 2117 2512 2172 Domino.
2552 2119 2747 2175 Cantet
2777 2119 2879 2178 hoc
2920 2121 3036 2176 ovis
3077 2121 3168 2177 illa
3207 2137 3327 2191 qua:
3376 2133 3674 2190 erraverat,
3722 2135 3778 2180 et

2200 2207 2450 2263 Custodis
2481 2218 2692 2265 revecta
2737 2211 2998 2279 humeris,
3042 2215 3109 2268 ad
3162 2215 3342 2269 caulas
3373 2217 3569 2270 meruit
3598 2215 3774 2272 redire

2207 2299 2467 2354 Pastoris.
2507 2299 2697 2356 Cantet
2733 2302 2834 2356 hoc
2861 2302 2999 2358 ﬁlius
3026 2303 3116 2360 ille
3142 2305 3232 2374 qui
3261 2314 3500 2360 mortuus
3531 2305 3700 2360 fuerat
3726 2315 3782 2361 et

2203 2392 2414 2460 revixit,
2449 2393 2679 2458 perierat
2707 2401 2762 2448 et
2794 2395 3041 2449 inventus
3071 2404 3171 2449 est.
3215 2394 3405 2450 Culllel
3426 2395 3527 2450 hoc
3554 2397 3781 2465 pepulus

2201 2485 2426 2540 devotus
2453 2486 2564 2555 qui,
2601 2487 2834 2555 pretioso
2856 2489 3115 2558 sanguine
3159 2488 3488 2557 redemptus,
3533 2489 3597 2543 ad
3640 2488 3782 2543 desi-

2202 2577 2442 2630 deratam
2475 2577 2716 2646 requiem
2745 2578 3026 2647 pervenire
3055 2578 3263 2633 Domini
3291 2579 3536 2647 largitate
3565 2593 3779 2647 prome—

2202 2668 2323 2722 ruit.
2367 2669 2701 2736 Quapropter
2725 2669 2956 2722 animam
2987 2683 3135 2723 suam
3166 2669 3406 2724 hortatur
3437 2669 3697 2740 protiheta
3722 2677 3780 2723 ut

2203 2766 2524 2810 convertatur
2553 2756 2617 2809 ad
2648 2757 2949 2823 Dominum,
2983 2760 3121 2813 unde
3145 2759 3218 2812 illi
3250 2769 3301 2813 et
3335 2759 3614 2828 tranquilla
3637 2760 3781 2814 venit

2203 2852 2416 2921 requies
2447 2850 2743 2904 etabolitio
2788 2860 3151 2920 peccatorum.
3194 2852 3358 2907 Suam
3400 2867 3526 2922 ergo
3554 2854 3778 2921 requiem

2199 2940 2348 3008 dicit,
2380 2956 2497 3010 qua:
2527 2941 2599 2995 illi
2637 2941 2760 2996 data
2790 2951 2872 2998 est
2903 2958 2995 3011 per
3022 2944 3272 3012 gratiam,
3315 2959 3421 2998 non
3452 2946 3770 2998 meritorum

2201 3035 2632 3102 compensatione
2656 3049 2920 3102 possessa.
2964 3035 3201 3104 Denique
3226 3037 3305 3090 sic
3335 3035 3577 3107 sequitur
3601 3054 3615 3090 :
3644 3035 3778 3100 Quia

523 3103 780 3178 exclamat
806 3103 880 3179 ad
914 3125 1217 3194 Dominum,
1257 3133 1314 3180 ut
1339 3127 1512 3178 anima
1542 3125 1660 3194 ejus
1692 3140 1719 3177 a
1747 3134 2087 3193 peccatorum
2121 3103 2164 3162 Ο
2199 3121 2448 3176 Dominus
2477 3124 2716 3192 benefecit
2745 3124 2855 3177 tibi.

526 3215 881 3281 profunditate
929 3216 1205 3282 liberetur,
1253 3217 1390 3270 sicut
1433 3216 1561 3270 dicit
1606 3216 1935 3284 Apostolus:
1971 3214 2096 3281 Quis

524 3318 602 3354 me
632 3303 865 3356 liberabit
893 3305 954 3356 de
993 3320 1200 3374 corpore
1234 3305 1409 3357 mortis
1438 3303 1630 3374 hujus?
1659 3303 1841 3357 Gratia
1888 3302 1982 3355 Dei
2007 3318 2097 3372 per

523 3389 699 3454 Iesum
721 3391 976 3447 Christum
1001 3393 1274 3447 Dominum
1305 3403 1530 3448 nostrum
1555 3394 1731 3466 (Rom.
1755 3409 1845 3457 vn,
1871 3393 1960 3458 ΕΗ,
1983 3393 2092 3462 25).

526 3485 655 3548 Qua:
687 3484 854 3554 ﬁgura
882 3484 1076 3540 dicitur
1105 3484 1581 3556 proanaphonesis,
1613 3485 1803 3539 Latine
1834 3484 2097 3538 exclama-

526 3575 620 3635 tio,
654 3575 866 3644 qu0ties
895 3575 1034 3632 inter
1054 3577 1155 3630 alia
1183 3591 1300 3644 qua:
1325 3576 1616 3645 loquimur,
1638 3574 1702 3628 ad
1727 3574 1896 3628 Deum
1921 3573 2098 3628 subito

524 3664 688 3719 verba
739 3667 1120 3720 C0nvet‘timus.
1178 3666 1516 3735 Quapropter
1565 3665 1947 3720 tribulationes
1998 3681 2098 3720 no-

524 3760 664 3808 stras
692 3762 747 3808 et
774 3754 986 3810 dolores
1025 3756 1437 3826 diligentissime
1483 3756 1662 3811 divino
1702 3771 1925 3811 munere
1973 3772 2096 3826 per—

524 3856 860 3914 scrutemur;
892 3849 1056 3904 latent
1082 3851 1224 3905 enim
1265 3850 1443 3915 altius,
1477 3859 1531 3904 et
1560 3850 1874 3918 plerumque
1915 3849 2100 3903 szcculi

523 3941 878 3996 delecmtione
923 3943 1092 3998 velata
1135 3944 1438 4011 sopiuntur,
1471 3957 1589 4008 qua:
1619 3943 1719 3996 nisi
1749 3941 1929 3996 divino
1953 3942 2102 4010 adjuo

528 4035 668 4088 torio
686 4046 1011 4100 qureramus,
1035 4033 1356 4087 intrinsecus
1382 4047 1564 4087 vocem
1611 4032 1766 4086 istam
1812 4033 2098 4086 salutarem

523 4132 768 4179 eructare
799 4139 902 4178 non
937 4139 1237 4193 possumus.
1279 4123 1408 4178 Nam
1455 4139 1575 4179 cum
1604 4124 1752 4190 dicit,
1782 4122 1940 4176 libera
1981 4126 2098 4176 ani.

523 4232 658 4268 mam
684 4233 866 4280 meam,
896 4215 1178 4272 conﬁtetur
1202 4232 1319 4271 eam
1349 4218 1464 4271 sine
1489 4217 1714 4270 Domino
1739 4230 1953 4284 semper
1980 4231 2100 4270 esse

523 4307 807 4374 captivam.
851 4307 1124 4377 Sequitur,
1147 4308 1431 4361 misericors
1457 4307 1728 4372 Dominus,
1759 4315 1806 4361 et
1826 4309 2023 4376 justus,
2051 4317 2097 4360 et

2269 3213 2423 3269 Vers.
2455 3215 2506 3268 8.
2551 3215 2686 3281 Quia
2723 3216 2910 3284 eripuit
2934 3217 3158 3269 animam
3185 3232 3346 3269 meam
3369 3218 3430 3270 de
3453 3226 3630 3282 morte,
3664 3233 3784 3270 ocu-

2200 3306 2277 3358 los
2308 3320 2444 3358 meos
2473 3306 2785 3373 alacrymis,
2817 3307 2969 3376 pedes
2993 3323 3127 3359 meos
3157 3323 3188 3360 a
3221 3307 3391 3376 lapsu.
3435 3309 3783 3362 Declarantur

2199 3409 2372 3450 causa!
2401 3409 2565 3464 quare
2599 3395 2842 3462 superius
2871 3396 3064 3450 dixerit
3089 3416 3100 3449 :
3140 3396 3274 3460 Quia
3305 3396 3553 3450 Dominus
3580 3397 3782 3466 benefe-

2201 3487 2268 3540 cit
2307 3486 2418 3538 tibi.
2466 3485 2573 3540 Sed
2615 3485 2730 3540 haec
2781 3487 3140 3556 intelligamus
3183 3489 3532 3556 prmscientia:
3580 3490 3782 3544 virtute

2205 3578 2519 3646 prophetam
2550 3578 2730 3632 dicere
2759 3579 2825 3633 de
2852 3581 3029 3634 futuro
3058 3599 3069 3632 :
3105 3581 3354 3649 quoniam
3386 3581 3560 3634 adhuc
3591 3582 3641 3634 in
3673 3582 3782 3635 isto

2202 3668 2402 3722 saeculo
2431 3669 2726 3723 viventibus
2754 3669 3039 3724 convenire
3069 3685 3175 3723 non
3207 3681 3446 3739 possunt.
3482 3671 3569 3724 Ait
3591 3670 3734 3725 enim
3765 3689 3780 3724 :

2208 3753 2411 3828 Eripuit
2437 3760 2662 3811 animum
2705 3774 2870 3810 meam
2915 3759 2978 3812 de
3008 3769 3186 3813 morte.
3228 3761 3432 3814 Animze
3482 3763 3676 3829 quippe
3701 3762 3786 3830 ju-

2205 3860 2434 3914 storum,
2461 3863 2582 3903 cum
2613 3848 2681 3902 de
2710 3849 2816 3904 isto
2843 3851 3038 3903 saeculo
3063 3858 3364 3916 transeunt,
3395 3851 3462 3905 ab
3489 3850 3574 3904 illa
3605 3868 3672 3904 mi
3696 3864 3785 3906 rte

2203 3942 2515 4009 liberantur,
2563 3943 2629 3996 de
2668 3957 2770 4011 qua
2816 3943 2867 3996 in
2918 3944 3207 4013 Evangelio
3246 3945 3446 3997 dictum
3481 3953 3603 3998 est:
3650 3944 3781 3999 Sine

2205 4043 2429 4086 mortuos
2451 4033 2695 4102 sepeliant
2725 4042 2949 4086 mortuos
2976 4051 3094 4087 suos
3125 4034 3277 4103 (Luc.
3305 4050 3380 4100 Ix,
3413 4035 3527 4103 60).
3560 4035 3627 4088 Ει
3653 4051 3782 4089 cum

2204 4124 2354 4188 dicit,
2401 4126 2608 4193 eripuit,
2662 4123 2980 4179 beneﬁcium
3028 4126 3220 4180 divinae
3250 4126 3464 4179 virtutis
3512 4127 3776 4190 ostendit,

2202 4214 2322 4283 quia
2355 4215 2452 4267 nisi
2482 4229 2574 4282 per
2603 4215 2717 4283 ejus
2764 4216 3052 4283 potentiam
3103 4230 3208 4268 non
3248 4216 3500 4269 valuisset
3528 4230 3557 4269 a
3592 4223 3776 4270 morte

2208 4315 2459 4374 perpetua
2506 4307 2738 4359 liberari.
2775 4306 3048 4374 Sequitur,
3084 4307 3259 4359 oculos
3288 4321 3420 4358 meos
3449 4324 3479 4357 a
3511 4307 3782 4376 lacrymis.

529 4398 664 4452 Deus
695 4409 862 4452 noster
891 4401 1175 4453 miseretur.
1207 4401 1262 4454 ln
1293 4399 1553 4470 superiori
1583 4409 1850 4454 commate
1882 4398 2099 4454 liberari
2131 4400 2176 4458 ι)
2202 4396 2427 4451 Cessent
2469 4399 2648 4465 utique
2697 4399 2946 4468 lacrymre
3009 4405 3315 4451 sanctorum
3337 4434 3355 4462 ,
3403 4397 3618 4465 quando
3659 4397 3779 4465 jam

523 4490 676 4560 petiit
700 4489 929 4545 animam
960 4506 1133 4558 suam,
1182 4492 1268 4547 hic
1303 4503 1485 4546 autem
1516 4493 1778 4560 promittit
1818 4489 2099 4546 Dominum

523 4581 898 4634 misericordem
935 4591 980 4636 et
1000 4585 1243 4654 justum;
1284 4592 1338 4635 ut
1369 4596 1469 4636 nec
1500 4582 1613 4651 ipse
1640 4581 1694 4637 in
1722 4582 1808 4637 illa
1841 4583 2098 4652 petitione

521 4670 666 4742 fam.
696 4670 785 4738 A.,
820 4669 908 4739 8.,
941 4669 1036 4740 F.,
1082 4665 1417 4744 liberatione]
1471 4673 1742 4728 dubitasse
1795 4673 2092 4741 videretur,

522 4775 621 4816 nec
640 4761 774 4817 alios
796 4761 992 4819 faceret
1013 4763 1175 4817 anxia
1196 4763 1468 4818 voluntate
1492 4763 1745 4833 pendere.
1775 4762 2091 4830 Misericors,

520 4853 642 4922 quia
674 4851 746 4906 illi
771 4853 1038 4907 inclinavit
1070 4869 1245 4908 aurem
1274 4870 1417 4907 suam
1439 4871 1456 4919 ;
1481 4855 1667 4922 iustus,
1697 4852 1945 4923 quoniam
1973 4866 2095 4908 cor-

520 4943 682 5012 ripuit
721 4950 1058 5012 peccatorem
1094 4943 1160 4998 ad
1201 4943 1411 4998 veniam
1441 4943 1842 5012 requirendam.
1884 4941 2095 4996 Misere-

518 5035 672 5100 bitur,
723 5051 843 5090 cum
887 5037 1077 5103 recipit
1128 5035 1294 5091 ﬁlium
1326 5051 1482 5107 quem
1533 5036 1783 5106 ﬂagellat.
1825 5033 1980 5090 Unde
2006 5048 2096 5088 co-

518 5144 717 5197 gnosce
751 5128 866 5184 hac
894 5129 990 5183 tria
1021 5128 1190 5198 posita
1218 5128 1283 5182 ad
1314 5128 1655 5198 fragilitatem
1687 5125 1905 5180 humani
1935 5139 2094 5195 gene-

519 5221 593 5273 ris
622 5217 1013 5284 instruendam,
1042 5232 1161 5287 qute
1186 5218 1367 5272 saeculi
1399 5215 1850 5272 delectationibus
1878 5214 2092 5269 inhian-

518 5312 619 5375 do,
681 5325 904 5380 aSpcros
945 5318 1092 5380 putat
1132 5309 1348 5364 dolores
1397 5308 1488 5378 qui
1545 5323 1642 5377 pro
1681 5307 1854 5362 salute
1901 5305 2095 5361 anima:

517 5403 884 5460 conferuntur.

593 5494 742 5548 Vers.
773 5492 825 5546 6.
867 5493 1167 5546 Custodiens
1196 5492 1437 5563 parvulos
1467 5490 1716 5544 Dominus
1744 5507 1759 5551 ;
1789 5489 2088 5543 humiliatus

514 5602 647 5649 sum,
672 5595 716 5639 et
747 5585 971 5638 liberavit
1000 5601 1096 5638 me.
1143 5585 1198 5638 ln
1230 5599 1473 5654 magnam
1501 5583 1939 5653 signiﬁcationem
1964 5598 2090 5650 pra:-

517 5674 807 5741 posteravit
843 5673 1106 5741 ordinem,
1156 5688 1314 5742 quem
1362 5675 1606 5743 superius
1650 5673 1800 5728 dixit.
1852 5671 2093 5727 Liberari

517 5761 658 5814 enim
688 5761 858 5829 primo
904 5764 1055 5832 petiit
1081 5763 1311 5819 animam
1353 5778 1524 5830 suam,
1578 5772 1631 5818 et
1672 5773 1851 5834 postea
1883 5763 2091 5818 miscri-

2204 4503 2350 4541 mors
2369 4488 2561 4540 anima:
2591 4505 2693 4541 nun
2725 4490 2980 4556 probatur
3004 4503 3124 4542 esse
3154 4495 3403 4556 suSpecta
3432 4501 3447 4550 ;
3497 4502 3603 4540 non
3631 4487 3788 4542 enim

2203 4579 2255 4633 in
2285 4579 2570 4634 securitate
2602 4579 2888 4648 plangitur,
2937 4578 3032 4633 sed
3063 4579 3116 4634 in
3163 4579 3266 4634 isto
3304 4593 3473 4648 agone
3500 4579 3588 4631 ubi
3629 4576 3791 4632 cala-

2203 4672 2357 4727 mitas
2386 4680 2606 4726 ventura
2638 4673 2907 4726 metuitur.
2937 4671 3177 4738 Addidit,
3208 4673 3359 4741 pedes
3382 4688 3514 4727 meos
3545 4688 3578 4725 a
3605 4674 3787 4742 lapsu.

2200 4762 2331 4817 Cum
2381 4761 2532 4827 dicit,
2579 4778 2612 4815 a
2660 4763 2828 4832 lapsu,
2872 4763 3109 4817 ostendit
3152 4762 3416 4817 lubricum
3449 4769 3506 4816 et
3550 4777 3788 4831 pronum

2200 4867 2322 4908 esse
2353 4857 2648 4921 peccatum.
2681 4852 2785 4908 Sed
2828 4853 2963 4908 bene
2987 4852 3093 4909 illic
3122 4868 3228 4908 non
3259 4852 3577 4907 formidatur
3601 4853 3790 4916 ruina,

2203 4942 2290 4996 ubi
2312 4941 2422 5010 jam
2453 4949 2536 4995 est
2570 4949 2772 4996 mterna
2805 4944 3156 5011 prosperitas.
3197 4942 3329 4996 Nam
3364 4942 3416 4994 in
3450 4941 3553 4994 isto
3581 4940 3788 4995 sarculo

2199 5039 2470 5090 constituti
2520 5034 2682 5105 (sicut
2724 5036 2924 5091 dictum
2953 5036 3057 5104 est)
3091 5045 3143 5089 et
3175 5043 3400 5090 mortem
3429 5034 3624 5088 anima:
3648 5033 3787 5101 justi

2198 5131 2406 5193 timent,
2434 5136 2488 5182 et
2517 5128 2730 5182 assidue
2761 5128 3026 5197 lacrymas
3073 5127 3322 5192 fundunt,
3371 5134 3417 5180 et
3449 5126 3601 5195 pedes
3651 5138 3784 5177 suos

2196 5233 2227 5268 a
2257 5217 2405 5285 lapsu
2438 5229 2541 5270 non
2561 5215 2790 5270 credunt
2816 5215 3081 5269 ullatenus
3109 5214 3340 5270 alienos.
3377 5212 3474 5266 llic
3503 5213 3649 5267 enim
3672 5211 3789 5266 col-

2195 5308 2412 5362 luctatio
2456 5314 2559 5374 est,
2612 5315 2666 5362 et
2716 5306 2836 5361 ideo
2881 5314 3072 5360 cuncta
3120 5305 3218 5360 sub
3248 5311 3392 5358 metu
3418 5313 3580 5366 sunt;
3634 5300 3792 5357 unde

2197 5395 2539 5466 intelligimus
2569 5395 2651 5450 bis
2677 5397 2847 5451 tribus
2881 5395 3134 5464 periculis
3164 5395 3441 5463 subjacere
3471 5407 3645 5462 genus
3671 5392 3782 5446 bu-

2197 5503 2436 5554 mauum,
2469 5485 2605 5556 quod
2637 5487 2812 5541 adhuc
2842 5487 2892 5541 in
2924 5486 3079 5540 istius
3111 5486 3232 5538 vita:
3260 5482 3640 5538 colluctatione
3665 5497 3792 5537 ver—

2198 5588 2366 5634 satur.
2409 5577 2539 5632 Nam
2572 5577 2692 5631 vide
2728 5577 2849 5646 quid
2881 5577 3140 5645 sequitur.

2270 5670 2422 5725 Vers.
2458 5671 2511 5724 fl.
2553 5667 2775 5722 Placebo
2810 5667 3030 5721 Domino
3061 5670 3112 5720 in
3147 5667 3347 5738 regione
3375 5668 3621 5722 vivorum.
3653 5667 3795 5721 Pero

2196 5761 2538 5818 scrutandum
2573 5769 2651 5815 est
2683 5776 2841 5831 quare
2872 5760 3060 5816 dixerit
3091 5760 3155 5815 de
3187 5761 3381 5824 futuro,
3412 5757 3634 5814 Placebo
3679 5758 3794 5813 Do-
