3966 6172
241 355 326 409 8‘2!
1147 353 1508 411 EXPOSITIO
1547 353 1612 407 ΙΝ
1660 353 2118 411 PSALTERIUM.
2159 353 2347 410 PSA[..
2381 355 2541 411 CXV.

244 470 364 522 mino
382 469 436 521 in
463 468 668 539 regione
698 468 943 532 rivorum,
975 467 1124 536 quasi
1157 484 1260 520 non
1291 476 1348 520 et
1372 467 1455 519 hic
1494 467 1544 519 in
1593 467 1807 534 regione
1837 471 1880 524 A

244 571 560 618 mortuorum
589 565 829 630 placeant
853 564 1047 627 sancti,
1081 563 1168 632 qui
1198 571 1321 616 sunt
1347 560 1549 616 Judicis
1572 577 1663 614 ore
1697 562 1809 614 lau-

241 655 340 709 dati
367 671 380 719 ;
413 669 532 708 cum
558 661 614 708 et
635 654 687 707 in
708 653 902 708 Genesi
931 653 1162 723 legatur:
1197 652 1398 706 Placuit
1430 651 1608 705 Enoch
1637 669 1809 706 coram

241 744 357 810 Deo,
389 756 434 799 et
464 745 721 798 transtulit
752 746 898 798 illum
948 745 1086 797 Deus
1113 744 1268 814 (Gen.
1305 760 1355 809 ν,
1391 743 1503 814 2-4).
1546 744 1644 797 Job
1675 758 1808 813 quo-

238 853 336 905 que
361 837 569 889 Domini
606 851 737 889 voce
771 836 1012 888 laudatus
1037 845 1117 889 est
1147 833 1267 906 (Job
1298 850 1332 900 ι,
1361 834 1436 904 8).
1472 834 1536 888 Et
1559 834 1611 887 in
1636 834 1810 886 Evan-

240 927 366 995 gelio
399 926 468 980 de
496 925 826 978 Nathanaele
870 924 985 994 ipse
1024 924 1280 978 Dominus
1315 924 1482 978 dicit:
1526 921 1658 977 Ecce
1699 940 1808 976 rere

241 1017 491 1085 Israelita,
522 1019 574 1070 in
604 1034 703 1086 quo
729 1018 877 1070 dolus
903 1033 1003 1070 non
1029 1027 1101 1070 est
1133 1016 1312 1085 (Joan.
1345 1031 1381 1081 ι,
1413 1017 1528 1085 47).
1563 1015 1667 1071 Sed
1701 1015 1804 1080 hic,

237 1111 456 1181 placebo,
502 1109 656 1174 dixit,
685 1109 794 1178 jam
837 1123 1077 1171 securus,
1125 1108 1234 1177 jam
1270 1109 1361 1177 qui
1390 1108 1676 1174 displicere
1700 1121 1807 1160 non

237 1202 451 1271 possim,
498 1217 596 1256 nec
643 1201 930 1270 quidquam
972 1200 1189 1254 dubium
1232 1199 1536 1264 sustinebo,
1570 1200 1804 1268 quando,

234 1295 362 1348 sicut
379 1292 669 1362 Apostolus
691 1291 842 1354 dicit,
861 1290 918 1344 Μ
922 1307 1002 1344 ars
1017 1291 1255 1359 absorpta
1279 1291 1431 1360 fuerit
1453 1293 1502 1343 in
1522 1290 1805 1354 uictoriam,

232 1394 277 1439 et
298 1385 624 1454 corruptibile
654 1386 748 1436 hoc
787 1384 1010 1436 indturit
1036 1383 1489 1452 incorruptionem,
1523 1392 1568 1434 et
1595 1382 1810 1435 mortale

234 1476 321 1530 hoc
361 1476 585 1530 induerit
631 1474 1065 1528 immortalitatem
1104 1472 1159 1541 (I
1205 1473 1324 1528 Cor.
1368 1489 1458 1536 xv,
1506 1472 1635 1541 54);
1685 1481 1809 1528 tunc

232 1568 366 1622 enim
421 1567 554 1636 justi
605 1567 678 1620 ita
735 1566 1001 1634 placebunt
1042 1565 1302 1631 Domino,
1359 1575 1417 1620 ut
1462 1565 1690 1620 ulterius
1740 1565 1808 1619 de

234 1668 566 1728 peccatorum
615 1652 936 1713 adversitate
1000 1657 1132 1711 nihil
1179 1662 1439 1713 metuant.
1497 1653 1564 1708 In
1605 1654 1810 1726 regione

233 1752 492 1814 vivorum,
543 1750 706 1813 dixit,
759 1750 813 1804 in
857 1749 1270 1819 congregatione
1312 1757 1656 1814 sanctorum,
1716 1747 1806 1801 ubi

3391 357 3493 411 8‘22

2442 467 2706 534 Expositio
2749 469 2950 537 psalmi.

1988 556 2136 610 Vers.
2172 558 2220 610 1.
2263 556 2503 624 Credidi,
2544 568 2751 628 propter
2791 561 2926 629 quod
2969 560 3165 614 locutus
3194 575 3304 613 sum
3329 576 3350 614 :
3396 577 3490 632 ego

1920 657 2088 718 autem
2110 647 2409 702 humiliatus
2443 666 2555 703 sum
2606 652 2776 705 nimis.
2820 651 3105 722 Martyrum
3137 652 3362 722 populus
3393 653 3486 708 ille

1913 741 2238 795 reverendus
2258 737 2513 798 ordinem
2545 745 2659 799 veri
2688 744 2950 814 dogmatis
2982 761 3222 812 servans,
3256 747 3401 815 prius
3432 760 3491 801 so

1913 831 2041 885 dicit
2071 833 2363 902 credidisse,
2397 844 2450 889 et
2479 845 2662 904 postea
2693 836 2858 891 fuisse
2889 839 3238 905 prolocutum,
3274 848 3489 907 [ποριεῖ

1913 921 2034 974 illos
2065 923 2269 978 scilicet
2295 925 2669 992 destruendos,
2716 928 2803 996 qui
2837 929 3088 982 veraciter
3129 943 3235 982 non
3267 930 3490 984 creden-

1915 1018 2012 1077 tes,
2049 1011 2303 1066 allectant
2349 1014 2416 1069 de
2447 1015 2562 1083 ejus
2600 1016 2774 1084 aliqua
2808 1016 3100 1084 praedicare
3132 1017 3482 1086 magnalibns.

1914 1102 2038 1156 Post
2071 1119 2248 1158 veram
2281 1105 2544 1174 siquidem
2576 1107 2730 1160 fidem
2762 1117 2943 1161 sancta
2968 1108 3124 1162 debet
3153 1109 3338 1163 venire
3360 1122 3490 1163 con-

1912 1195 2096 1265 fessio,
2132 1211 2198 1250 ne
2248 1197 2376 1252 illud
2407 1198 2588 1252 audiat
2624 1197 2999 1267 importunus:
3037 1198 3297 1252 Peccatori
3322 1207 3491 1252 autem

1911 1275 2040 1340 dixit
2073 1288 2208 1343 Deus
2231 1305 2249 1343 :
2277 1290 2445 1356 Quare
2466 1299 2520 1343 tu
2541 1307 2751 1345 (narras
2763 1293 2990 1362 justitias
3007 1308 3140 1346 meas
3155 1291 3325 1363 (Psal.
3343 1307 3486 1356 xux,

1914 1378 2002 1447 16)
2033 1379 2054 1430 ?
2083 1379 2357 1450 Sequitur,
2390 1398 2478 1451 ego
2511 1390 2676 1436 autem
2723 1383 3022 1437 humiliatus
3062 1399 3174 1438 sum
3214 1385 3383 1437 nimis.
3417 1384 3492 1438 Ne

1913 1471 2239 1542 intelligeres
2289 1473 2694 1543 praedicationes
2746 1474 3116 1530 veracissimas
3167 1474 3488 1540 humiliatas,

1911 1581 2028 1638 quae
2062 1575 2206 1622 tanto
2260 1569 2376 1636 plus
2405 1569 2708 1624 enitescunt
2737 1578 2936 1639 quanto
2966 1569 3195 1637 amplius
3239 1583 3485 1638 persecu~

1913 1669 2087 1714 torum
2126 1660 2302 1714 studio
2341 1662 2782 1730 comprimuntur.
2838 1663 2907 1716 Se
2948 1660 3077 1716 dicit
3109 1677 3218 1715 esse
3252 1661 3489 1714 humiliu-

1913 1763 2040 1820 tum,
2072 1753 2193 1822 quia
2223 1762 2402 1808 sancta
2429 1754 2683 1822 religione
2703 1761 2999 1820 crescente,
3033 1752 3134 1824 ipsi
3171 1753 3488 1810 videbantur

237 1841 406 1896 omnis
433 1840 616 1894 virens
648 1854 832 1894 revera
857 1841 1147 1909 colligitur,
1170 1848 1226 1895 et
1245 1853 1274 1892 a
1298 1839 1638 1896 morientium
1663 1849 1810 1894 sorte
1841 1840 1889 1900 B
1917 1845 2088 1913 pmuis
2119 1845 2498 1914 temporalibus
2527 1845 2824 1914 subjacere.

241 1944 548 2006 separatur,
583 1936 719 1991 sicut
758 1937 811 1993 in
854 1936 1144 2007 Evangelio
1181 1935 1438 1991 Dominus
1485 1935 1616 1990 dicit
1649 1951 1663 1987 :
1709 1935 1808 2000 Qui

244 2029 395 2082 credit
428 2029 482 2082 in
524 2042 626 2096 me,
665 2027 874 2083 transiet
914 2028 977 2081 de
1017 2034 1176 2082 morte
1213 2027 1281 2080 ad
1321 2027 1477 2080 vitam
1521 2024 1713 2098 (Joan.
1753 2040 1804 2090 v,

245 2117 352 2181 Si).

760 2231 1030 2287 Conclusio
1063 2231 1268 2300 psalmi.

312 2343 555 2399 Salutaris
599 2343 789 2414 psalmi
820 2345 974 2398 istius
1004 2343 1300 2398 intentione
1334 2351 1554 2397 tractata
1574 2386 1587 2409 ,
1623 2352 1808 2398 contra

259 2435 412 2489 mundi
439 2435 654 2490 dolores
678 2435 840 2489 animi
874 2434 1242 2490 fortitudinem
1272 2435 1527 2491 debemus
1551 2435 1805 2504 objicere.

260 2522 498 2589 Dicamus,
527 2525 666 2580 sicut
695 2524 925 2595 psalmus
952 2525 1204 2579 inchoat:
1230 2523 1424 2591 Dilexi,
1453 2529 1692 2594 quoniam
1722 2541 1811 2580 ea:-

257 2615 427 2668 audivit
464 2614 721 2668 Dominus
751 2631 920 2669 vocem
950 2615 1320 2686 deprecationis
1359 2631 1484 2670 mea:
1507 2632 1524 2669 :
1547 2616 1668 2686 quia
1701 2631 1806 2670 non

258 2715 324 2760 cst
348 2721 489 2775 poena
516 2723 635 2777 quae
667 2717 964 2775 promovet,
1008 2723 1111 2760 non
1145 2717 1226 2761 est
1256 2707 1407 2761 dolor
1438 2708 1526 2775 qui
1560 2707 1809 2775 perducit

258 2797 311 2848 ad
336 2798 603 2866 requiem;
652 2812 751 2852 nec
782 2797 950 2851 durus
992 2797 1340 2852 aestimandus
1369 2806 1452 2851 est
1501 2799 1674 2864 ﬂetus,
1718 2797 1810 2868 qui

257 2898 432 2942 eterna
461 2889 651 2961 gaudia
701 2889 1088 2944 subministrat.
1130 2891 1473 2945 lnteudamus
1515 2892 1654 2946 enim
1703 2906 1808 2946 non

254 2980 376 3048 quod
425 2983 674 3050 patimur,
727 2983 822 3036 sed
872 2983 1011 3052 quod
1063 2999 1362 3051 speramus,
1416 2991 1471 3037 et
1519 2985 1809 3054 temporale

255 3073 426 3125 malum
459 3073 570 3127 sine
606 3073 935 3129 dubitatione
968 3076 1268 3145 mollescit,
1318 3076 1474 3146 391
1506 3075 1657 3145 cujus
1688 3092 1811 3144 pro-

254 3166 520 3232 sperrimus
564 3165 857 3220 intenditur
903 3166 1042 3220 linis.
1083 3167 1346 3235 Rogemus
1396 3181 1522 3235 ergo
1566 3166 1808 3234 omnipo-

258 3258 451 3312 tentiam
501 3257 724 3322 Christi,
781 3258 870 3325 qui
921 3256 1037 3311 haec
1077 3258 1224 3312 solus
1268 3257 1408 3312 valet
1447 3258 1806 3312 inaestimabili

257 3347 430 3403 virtute
471 3365 765 3418 superare;
817 3359 872 3403 ut
897 3350 1013 3404 acie
1046 3350 1388 3418 malignitatis
1431 3350 1676 3411 infracta,
1711 3365 1807 3404 nec

259 3439 335 3492 illa
359 3442 498 3496 nobis
528 3444 748 3496 ontttino
800 3444 926 3495 fiant
958 3457 1170 3510 aspera,
1205 3457 1324 3511 quae
1371 3457 1508 3497 nunc
1558 3443 1806 3498 videntur

258 3541 466 3586 austera.
508 3533 596 3588 Sic
642 3532 786 3587 enim
821 3533 1046 3586 Domino
1093 3533 1144 3586 in
1178 3533 1397 3601 regione
1425 3537 1668 3587 vivorum
1696 3534 1814 3603 pla-

260 3621 491 3686 cebimus,
518 3625 564 3678 si
593 3625 644 3678 in
674 3625 773 3678 hoc
801 3624 998 3677 saeculo
1030 3623 1356 3678 mortiﬁcare
1376 3632 1556 3678 nostra
1584 3638 1807 3692 corpora

263 3727 345 3779 pro
367 3713 518 3782 ipsius
548 3717 732 3784 gloriae
767 3716 982 3769 nomine
1010 3715 1344 3769 festinemus.

503 3853 858 3936 EXQOSITIO
897 3854 963 3908 IN
1011 3855 1336 3912 PSALMUM
1376 3855 1536 3911 CXV.

483 3972 486 3978 '
898 3967 1144 4021 Alleluia.

324 4075 402 4130 Sic
427 4078 577 4133 debet
600 4079 754 4134 nobis
785 4077 1070 4146 aliquando
1100 4077 1309 4132 Domini
1343 4080 1456 4132 laus
1487 4080 1806 4142 increscere,

264 4174 316 4216 ut
344 4182 437 4220 non
464 4167 782 4222 alleluiatica
829 4169 1096 4238 possimus
1138 4169 1329 4238 gaudia
1379 4169 1642 4223 fastidire.
1699 4169 1812 4223 Vox

261 4255 500 4325 fidelium,
532 4276 710 4314 sermo
738 4261 1036 4327 beatorum,
1075 4263 1367 4315 modulatio
1396 4271 1580 4317 sancta
1612 4276 1810 4316 canen-

256 4348 400 4418 tium,
433 4351 570 4406 unde
610 4362 660 4405 et
711 4350 921 4405 auditus
948 4367 1236 4420 corporeus
1263 4353 1499 4405 suaviter
1529 4352 1807 4419 delinitur,

249 4450 302 4492 et
325 4445 487 4496 anima
521 4443 660 4497 fessa
690 4444 892 4498 cmlcsti
922 4444 1277 4498 delectatione
1317 4454 1608 4498 recreatur.
1642 4447 1811 4498 lntro-

244 4530 474 4589 ducenda
505 4543 630 4590 sunt
654 4537 794 4590 enim
826 4546 1117 4605 martyrum
1169 4535 1348 4600 verba,
1397 4539 1482 4603 qui
1511 4544 1565 4590 et
1601 4535 1808 4590 confes-

241 4622 388 4678 sione
425 4627 656 4695 gloriosa
683 4625 826 4697 [mss.
857 4626 944 4693 A.,
975 4625 1058 4688 3.,
1093 4623 1183 4692 F.,
1217 4625 1568 4679 confessionis
1612 4624 1807 4696 gloria]

247 4715 540 4784 viguerunt,
571 4727 626 4774 et
655 4718 900 4788 passione
935 4717 1162 4772 mirabili
1195 4732 1413 4772 munera
1442 4727 1564 4774 sunt
1594 4719 1806 4773 Domini

257 4809 528 4865 consecuti.

805 4922 1000 4979 Diuisio
1026 4924 1230 4993 psalmi.

317 5039 412 5095 Per
456 5048 627 5095 totum
679 5038 821 5092 hunc
851 5040 1114 5107 psalmum
1161 5039 1475 5094 invictorum
1516 5049 1810 5111 martyrum

247 5134 398 5187 Verba
421 5134 746 5190 referuntur.
789 5132 964 5187 Prima
997 5133 1260 5204 positione
1304 5133 1560 5188 beneﬁcia
1591 5135 1804 5189 Domini

241 5228 683 5293 commemorant,
711 5223 904 5292 quibus
952 5238 1073 5279 cum
1119 5225 1428 5280 htesitarent
1467 5225 1593 5294 quid
1625 5225 1704 5280 eis
1730 5225 1812 5281 di-

237 5318 398 5370 Brtum
425 5318 685 5386 potuisset
711 5316 882 5383 reddi,
933 5319 1166 5372 occurrit
1193 5317 1375 5386 utique
1415 5318 1682 5386 gloriosus
1711 5325 1809 5374 ea-

231 5393 308 5458 lix
347 5409 436 5464 ille
459 5409 722 5479 martyrii,
752 5410 842 5478 qui
868 5417 1044 5466 tamen
1068 5409 1279 5465 Domini
1307 5409 1552 5478 largitate
1595 5421 1813 5480 priests-

226 5495 343 5556 πυτ.
397 5502 666 5566 Secunda,
721 5503 918 5557 chorus
961 5506 1073 5572 ipse
1115 5517 1328 5556 servum
1371 5517 1431 5556 se
1476 5502 1714 5571 Domini,
1761 5512 1814 5558 et

213 5575 402 5662 ﬁlium
436 5591 693 5646 Ecclesia:
721 5593 1000 5646 catholica:
1031 5595 1309 5662 profitetur
1334 5608 1346 5644 :
1375 5607 1440 5646 ne
1464 5603 1656 5662 praeter
1686 5593 1810 5648 fide-

197 5658 465 5740 nssimos
511 5684 658 5738 viros
704 5683 816 5740 Deo
870 5686 1096 5754 placitos
1159 5686 1532 5743 luereticorum
1597 5701 1809 5758 quoque

179 5764 490 5846 quispiam
518 5784 728 5845 putaret
755 5790 872 5830 esse
903 5777 1236 5848 martyrium.

1983 1934 2136 1989 Vers.
2174 1934 2228 1989 2.
2271 1935 2385 2004 Ego
2423 1936 2529 1989 dixi
2568 1938 2620 1989 in
2661 1952 2866 1991 excessu
2901 1935 3052 2008 [ωδε.
3092 1937 3195 2004 A.,
3224 1936 3309 2005 Β..
3353 1934 3484 2006 meo]

1911 2028 2092 2082 mentis
2114 2042 2243 2082 mete
2271 2045 2290 2081 :
2335 2027 2514 2082 Omnis
2545 2028 2695 2082 homo
2730 2030 2966 2082 mendax.
3007 2027 3086 2083 Ne
3137 2028 3278 2083 illam
3327 2042 3482 2082 vera-

1911 2118 2180 2173 cissimam
2227 2117 2620 2173 confessionem
2671 2133 2851 2188 quam,
2904 2119 3130 2174 Domino
3176 2126 3483 2188 praestante,

1912 2217 2246 2276 susceperat,
2272 2208 2463 2277 aliquis
2491 2217 2702 2279 putaret
2731 2209 3038 2264 mortalium
3079 2209 3281 2264 viribus
3313 2202 3485 2278 appli-

1912 2297 2162 2367 candam,
2195 2298 2320 2368 quid
2350 2300 2625 2368 proprium
2659 2299 2964 2355 humanitas
2988 2299 3198 2366 habeat,
3227 2298 3342 2370 ipse
3372 2315 3491 2369 pro-

1915 2387 2118 2457 fitetur,
2152 2405 2350 2443 omnem
2375 2388 2629 2443 hominem
2650 2389 2857 2446 scilicet
2885 2403 3006 2444 esse
3039 2390 3348 2444 mendacem.
3378 2386 3484 2444 Sed

1912 2480 2034 2534 vide
2058 2481 2199 2549 quod
2233 2481 2366 2535 hanc
2388 2479 2870 2536 considerationem
2898 2496 3004 2534 non
3034 2480 3185 2535 facile
3213 2480 3384 2550 patuit
3405 2480 3486 2534 in-

1912 2573 2116 2638 venire,
2148 2572 2250 2625 nisi
2295 2571 2362 2626 ad
2405 2585 2694 2640 supernam
2738 2572 3240 2642 contemplationem
3271 2586 3364 2641 per
3392 2586 3486 2625 ex-

1911 2677 2120 2716 cessum
2155 2665 2349 2717 ment's
2374 2672 2587 2718 evectus
2613 2681 2626 2717 :
2659 2663 2870 2732 quando
2894 2664 3071 2717 anima
3092 2678 3346 2730 corporea
3370 2677 3485 2716 snt-

1913 2755 1978 2808 de
2012 2762 2250 2824 purgata,
2284 2768 2470 2807 causas
2496 2769 2674 2808 rerum
2706 2752 3002 2808 manifestis
3031 2752 3483 2821 speculationibus

1913 2845 2168 2898 intuetur.
2215 2843 2398 2912 Magna
2436 2844 2700 2913 siquidem
2731 2844 3010 2912 prudentia
3036 2843 3260 2912 geritur,
3299 2852 3355 2897 ut
3383 2844 3482 2898 sibi

1912 2937 2102 3006 aliquis
2141 2937 2450 3005 imprudens
2479 2951 2600 2992 esse
2626 2936 2890 2992 videatur.
2933 2937 3065 2991 Nam
3094 2938 3229 2990 sicut
3251 2937 3396 2991 leves
3423 2954 3484 2992 ac

1912 3027 2043 3082 fatui
2081 3044 2139 3084 se
2166 3043 2288 3084 esse
2314 3029 2688 3083 vcracissimos
2719 3031 3066 3095 mentiuntur,
3099 3029 3169 3082 ita
3202 3028 3480 3082 illuminali

1913 3120 2177 3173 mendaces
2207 3135 2266 3173 se
2294 3134 2412 3174 esse
2455 3129 2799 3187 cognoscunt.
2848 3120 3180 3190 Quapropter
3226 3118 3340 3172 haec
3386 3135 3483 3171 nos

1837 3209 1880 3270 C.
1913 3210 2093 3279 regula
2125 3219 2268 3264 certa
2297 3210 2646 3282 constringat,
2677 3219 2733 3265 ut
2755 3210 2963 3280 quando
2992 3210 3168 3264 carnis
3202 3209 3484 3280 fragilitate

1910 3304 2175 3354 mendaces
2207 3316 2412 3364 sumus,
2467 3313 2703 3355 nostrum
2753 3316 2871 3355 esse
2918 3301 3216 3366 fateamur;
3272 3301 3483 3370 quando

1910 3406 2145 3456 veraCes,
2179 3391 2374 3446 divinis
2406 3392 2718 3444 muneribus
2748 3389 3095 3459 applicemus.
3141 3389 3266 3442 ll:ec
3303 3396 3482 3443 autem

1908 3484 2173 3539 sententia
2229 3483 2458 3553 pertinet
2490 3483 2554 3536 ad
2586 3483 2807 3552 figuram
2851 3481 3196 3550 paroemizttn,
3228 3480 3484 3550 quoniam

1911 3580 2011 3633 hoc
2044 3579 2381 3647 Proverbium
2408 3577 2622 3632 humani
2650 3578 2914 3631 sermonis
2945 3576 3370 3643 frequentatione
3405 3588 3488 3628 cc-

1909 3670 2164 3725 lebratur.
2207 3670 2337 3724 Tale
2361 3677 2444 3724 est
2465 3669 2589 3723 illud
2609 3669 2750 3738 quod
2784 3671 2836 3722 in
2870 3669 3088 3721 Actibus
3116 3668 3478 3737 apostolorum

1912 3764 2073 3819 Saulo
2113 3762 2311 3817 dictum
2352 3773 2435 3817 est
2470 3782 2480 3814 :
2529 3761 2728 3814 Durum
2767 3770 2839 3814 est
2883 3761 2972 3814 tibi
3014 3769 3190 3814 contra
3217 3758 3482 3813 stimulum

1909 3854 2175 3907 calcitrare
2205 3852 2338 3920 (Act.
2382 3867 2457 3916 ιχ,
2489 3850 2579 3917 5);
2622 3864 2806 3904 revera
2848 3851 3060 3911 durum,
3091 3850 3338 3917 quoniam
3369 3848 3481 3902 suis

1911 3945 2114 3998 nisibus
2165 3942 2482 4012 percutitur,
2545 3924 2636 4008 qui
2695 3942 2745 3994 in
2804 3949 3017 3992 acutum
3064 3941 3238 3992 calces
3276 3939 3483 3991 elisisse

1911 4044 2259 4090 monstratur.
2281 4033 2578 4089 Notandum
2601 4047 2726 4085 vero
2745 4030 2882 4100 quod
2901 4046 3128 4083 excessus
3155 4030 3330 4081 mentis
3357 4036 3409 4082 et
3429 4027 3478 4078 in

1912 4129 2052 4181 malo
2082 4136 2326 4194 ponatur,
2351 4127 2586 4179 sicutest
2617 4123 2666 4176 in
2697 4122 3133 4189 Paralipzunenon
3159 4135 3174 4176 :
3211 4118 3272 4172 Et
3299 4119 3481 4172 dedisti

1913 4235 1995 4271 eos
2026 4219 2076 4270 in
2106 4218 2315 4283 exstasi,
2351 4217 2401 4270 id
2432 4225 2510 4268 est
2544 4217 2593 4268 in
2627 4227 2844 4267 excessu
2879 4214 3090 4276 mentis,
3122 4211 3240 4265 etin
3263 4227 3489 4264 commo-

1913 4312 2045 4363 tione
2074 4319 2118 4361 et
2147 4310 2198 4361 in
2228 4309 2434 4360 interitu
2460 4304 2543 4376 (ll
2576 4305 2701 4357 Par.
2736 4320 2887 4369 uix,
2917 4303 2994 4372 8).

1989 4399 2140 4454 Veis.
2174 4401 2226 4454 5.
2272 4399 2406 4464 Quid
2440 4396 2713 4450 retribuam
2749 4393 2968 4449 Domino
2999 4410 3091 4464 pro
3123 4395 3351 4446 omnibus
3379 4409 3489 4462 qua:

1915 4494 2148 4548 retribuit
2185 4493 2352 4544 mihi?
2391 4491 2533 4544 Bene
2562 4489 2821 4543 dubitavit
2850 4488 2972 4555 quid
3005 4487 3282 4540 retribuere
3326 4486 3490 4552 possit

1837 4571 1888 4628 D
1915 4586 2234 4649 humanitas,
2268 4600 2384 4652 quae
2417 4583 2536 4634 honi
2571 4579 2844 4650 proprium
2876 4578 3007 4632 nihil
3053 4577 3301 4631 habebat.
3358 4575 3486 4629 Nam

1912 4691 2032 4729 cum
2065 4674 2280 4739 dicitur,
2319 4672 2488 4740 quid?
2537 4669 2803 4724 haesitatio
2851 4683 3039 4738 magna
3091 4668 3232 4738 (rd.,
3277 4665 3483 4736 nostra]

1914 4771 2259 4818 monstratur.
2301 4762 2436 4828 Quid
2465 4761 2608 4815 enim
2659 4760 2728 4813 illi
2758 4758 2823 4812 ab
2854 4758 3068 4812 homine
3099 4764 3270 4826 potest
3313 4757 3485 4818 reddi,
3575 4821 3578 4823 _

1915 4858 2041 4912 dum
2089 4871 2303 4924 semper
2343 4854 2460 4922 ejus
2506 4868 2602 4907 nos
2654 4859 2867 4906 constet
2920 4864 3140 4904 munere
3183 4849 3489 4902 contineri?

1919 4947 2108 5004 Merito
2136 4960 2263 5015 ergo
2292 4945 2584 5009 dubitabat,
2618 4944 2702 4998 cui
2755 4943 2970 5011 dignum
3014 4941 3082 4996 de
3109 4955 3207 4993 suo
3238 4940 3370 4994 nihil
3403 4954 3490 4994 oc-

1917 5048 2176 5096 currerat.
2220 5038 2414 5094 Verum
2446 5053 2512 5092 ne
2539 5037 2756 5091 omnino
2777 5034 3092 5092 redderetur
3117 5035 3335 5101 sterilis,
3368 5050 3490 5088 cou-

1917 5132 2046 5187 fisus
2071 5130 2139 5186 de
2163 5127 2527 5184 misericordia
2564 5125 2796 5193 Domini,
2827 5126 2952 5196 quid
2988 5125 3254 5191 retribuat,
3304 5124 3488 5178 subse-

1915 5231 2144 5293 quenter
2169 5221 2407 5291 exponit.
2451 5218 2556 5276 Sed
2607 5217 2746 5274 istud
2772 5224 2857 5275 est
2899 5231 3224 5287 magnopere
3276 5221 3489 5286 perqui-

1915 5314 2140 5370 rendum
2170 5314 2312 5384 quod
2339 5313 2552 5379 dicitur,
2594 5311 2758 5367 Deum
2809 5309 2964 5366 nobis
3013 5309 3328 5365 retribuisse
3371 5325 3487 5380 qua:

1919 5408 2178 5472 contulit;
2230 5407 2380 5477 quasi
2430 5405 2555 5460 boni
2584 5405 2781 5475 aliquid
2813 5405 2862 5459 ei
2893 5403 3042 5473 prius
3077 5401 3405 5470 dederimus,
3436 5412 3488 5456 et

1919 5505 1994 5558 sic
2024 5502 2091 5557 ab
2121 5503 2237 5568 ipso
2267 5502 2454 5555 collata
2487 5501 2842 5569 suscepimus,
2891 5515 3012 5556 cum
3053 5499 3342 5568 Apostolus
3379 5499 3490 5553 cla-

1917 5603 2064 5648 met:
2100 5593 2236 5658 Quid
2261 5593 2394 5646 enim
2437 5590 2586 5644 habes
2616 5592 2752 5662 quod
2791 5607 2892 5646 non
2922 5592 3160 5662 accepisti
3184 5594 3206 5645 ζ)
3233 5589 3295 5645 Si
3323 5595 3436 5644 aute
3455 5607 3488 5641 η

1916 5687 2183 5754 accepisti,
2236 5685 2358 5755 quid
2391 5685 2632 5757 gloriaris
2670 5688 2814 5756 quasi
2851 5704 2952 5742 non
3004 5689 3256 5754 acceperis
3288 5683 3342 5757 (1
3365 5684 3485 5739 Cor.

1916 5791 1991 5844 tv,
2025 5777 2127 5847 7)?
2173 5776 2427 5832 Dominus
2474 5775 2617 5832 enim
2669 5778 2903 5834 retribuit
2951 5778 3104 5832 nobis
3150 5779 3345 5833 bonum
3396 5790 3491 5845 pre
