3966 6172
497 334 600 388 ελδ

1714 332 1784 387 Μ.
1827 330 2072 390 AURELI

2184 329 2549 388 lASSIODORl
3605 340 3683 397 8εᾶ

494 447 656 513 malo,
707 457 765 502 ut
790 446 930 516 quod
959 445 1266 518 praedicavit
1297 446 1483 516 verbo,
1534 455 1865 504 monstraret
1892 463 2077 503 exem-
2107 450 2157 511 Α
2182 448 2336 502 stium
2367 445 2576 510 laudis;
2604 445 2743 517 quod
2776 445 3097 501 sacriﬁcium
3126 447 3283 502 nimis
3309 448 3501 508 Domino
3523 456 3685 515 videtur

498 540 605 604 nlo.
648 540 743 596 Ille
772 540 914 596 enim
951 540 1121 610 alapis
1146 555 1336 604 catsus,
1387 542 1479 596 ille
1507 541 1672 610 judici
1702 543 1949 606 traditus,
1984 542 2077 597 ille

494 630 718 701 ﬂagellis
761 632 1045 687 immeritis
1089 632 1428 697 verberatus,
1476 633 1628 686 nobis
1668 631 2076 689 resurrectionis

496 735 646 791 spem
672 722 876 788 tribuit,
908 731 962 778 et
992 722 1250 778 caelorum
1284 738 1443 792 regna
1475 724 1739 792 promisit.

566 812 723 868 Vers.
755 815 813 869 4.
853 812 1075 868 Calicem
1102 816 1345 869 salutaris
1366 815 1640 885 accipiant,
1672 825 1717 868 et
1747 832 1930 869 nomen
1973 815 2077 870 Do-

501 904 628 957 mini
658 905 921 959 invocabo.
965 906 1131 976 Digna
1164 906 1378 976 quidem
1426 907 1748 975 promissio;
1799 908 1894 962 sed
1934 907 1980 961 si
2024 908 2078 963 in

498 998 743 1052 humanis
792 999 995 1053 viribus
1049 1010 1309 1070 ponatur,
1360 999 1662 1068 periculosa
1708 999 2075 1069 prasumptio.

496 1087 627 1152 Quis
652 1088 794 1143 enim
824 1098 999 1158 potest
1023 1088 1420 1145 confessor-ibus
1450 1098 1841 1144 tormentorum
1874 1091 2081 1159 patien-

498 1179 625 1232 tiam
664 1180 813 1247 dare,
852 1182 950 1237 nisi
984 1182 1075 1237 ille
1103 1182 1191 1250 qui
1226 1196 1323 1251 pro
1352 1182 1506 1236 nobis
1548 1181 1796 1252 dignatus
1827 1193 1911 1236 cst
1951 1182 2082 1236 cali-

496 1283 614 1323 cem
666 1270 930 1338 passionis
977 1272 1265 1340 accipere?
1316 1271 1447 1327 Nam
1494 1283 1555 1328 ut
1601 1272 1704 1328 hoc
1749 1273 2081 1341 impossibile

500 1360 748 1415 humanae
791 1362 969 1417 virtuti
1013 1363 1257 1418 absolute
1303 1374 1653 1430 monstraret,
1708 1376 1926 1421 secutus
1972 1376 2077 1432 est,

498 1458 545 1502 et
570 1467 753 1506 nomen
782 1451 992 1507 Domini
1019 1455 1282 1509 invocabo.
1324 1454 1492 1524 Cujus
1523 1454 1693 1511 fretus
1734 1458 1934 1511 auxilio
1964 1471 2081 1512 crc-

496 1541 658 1597 tlebat
702 1558 762 1599 se
807 1544 1101 1614 complere,
1155 1547 1240 1601 cui
1289 1560 1539 1601 carneam
1590 1547 1929 1617 fragilitatem
1973 1563 2081 1604 non

496 1633 717 1696 putabat
747 1648 903 1703 posse
933 1635 1200 1692 sufﬁcere.
1248 1636 1616 1693 l’ulcherrime
1645 1653 1772 1693 vero
1801 1653 1863 1693 ac
1894 1639 2074 1695 brevi-

2185 548 2487 606 acceptum.
2528 538 2648 608 Ipse
2672 539 2814 593 enim
2842 539 2894 593 in
2936 539 3222 609 Evangelia
3248 540 3390 596 docet
3414 560 3425 596 :
3458 544 3607 601 Decem
3626 567 3687 604 ta-

2184 629 2291 682 nati
2333 639 2471 693 sunt,
2519 638 2567 682 et
2608 646 2712 682 non
2750 640 2821 683 est
2848 630 3080 683 inventus
3106 632 3194 700 qui
3222 631 3354 686 daret
3380 635 3566 702 gloriam
3589 639 3689 707 Deo,

2187 720 2286 771 nisi
2335 719 2418 773 hic
2452 719 2815 775 Samaritanus
2845 720 2997 787 (Luc.
3030 738 3160 789 xvn,
3200 724 3308 793 18).
3347 725 3449 780 Non
3476 729 3595 783 enim
3619 733 3700 787 iste

2186 808 2256 863 de
2289 810 2391 863 illis
2420 810 2516 865 fuit
2546 812 2634 881 qui
2660 811 2978 866 beneficium
3015 813 3221 867 Domini
3249 814 3437 883 ingrata
3467 820 3696 877 taciturni-

2184 908 2293 954 tate
2344 912 2694 969 presserunt;
2747 902 2843 957 sed
2898 904 2999 959 iste
3041 906 3243 972 accepti
3294 906 3407 960 boni
3452 911 3700 980 gratiarum

2186 992 2451 1048 actionem
2483 1008 2541 1048 se
2576 994 2863 1049 restituere
2896 996 3003 1050 Deo
3031 999 3423 1066 compromittit.

2261 1083 2413 1139 Vcrs.
2442 1084 2493 1139 8.
2547 1084 2676 1137 Vota
2707 1102 2819 1139 mea
2850 1084 3071 1141 Domino
3091 1088 3302 1141 reddam
3330 1090 3380 1143 in
3406 1093 3538 1146 atriis
3561 1094 3710 1150 domus

2188 1172 2422 1229 Domini.
2471 1176 2761 1246 Postquam
2811 1177 3018 1232 dixerat
3074 1178 3371 1234 oblaturum
3429 1198 3484 1237 se
3528 1184 3711 1241 hostiam

2190 1264 2401 1333 laudis,
2450 1283 2518 1322 ne
2570 1267 2884 1323 crederetur
2921 1270 3227 1340 ubicunque
3279 1287 3397 1329 esse
3432 1274 3717 1345 Solvendatn,

2189 1359 2338 1425 dicit,
2363 1360 2418 1413 in
2446 1361 2593 1414 atriis
2624 1361 2804 1413 domus
2847 1360 3076 1429 Domini,
3128 1363 3181 1418 id
3210 1374 3293 1418 est
3322 1365 3374 1419 itt
3417 1367 3627 1422 Ecclesia
3652 1384 3721 1423 ca-

2191 1454 2386 1508 tholica
2420 1464 2530 1509 toto
2554 1455 2687 1511 orbe
2711 1456 2925 1522 diﬁusa,
2957 1470 3060 1525 qua
3093 1457 3434 1511 continentur
3460 1473 3627 1512 omnes
3647 1474 3721 1513 ve-

2191 1546 2392 1600 rissimi
2421 1546 2738 1614 Christiani,
2769 1564 2873 1604 non
2897 1546 3136 1602 haeretici
3165 1549 3258 1617 qui
3288 1558 3411 1603 sunt
3436 1564 3559 1603 vana
3587 1550 3729 1619 pravi.

2192 1648 2301 1693 tate
2328 1639 2569 1694 discreti.
2601 1639 2731 1694 Nam
2761 1641 2903 1711 quod
2939 1640 3089 1707 dicit,
3128 1637 3266 1693 Vota
3292 1628 3401 1693 mea
3427 1641 3621 1693 Domino
3641 1641 3729 1693 red-

499 1738 579 1779 tct‘
599 1725 815 1783 deﬁnita
843 1736 926 1783 est
954 1740 1247 1799 martyrum
1278 1745 1449 1796 mors,
1472 1731 1899 1786 calixsalutaris:
1925 1734 2082 1798 calix,
2117 1773 2163 1830 B
2190 1728 2329 1793 dant,
2362 1730 2600 1797 seipsum
2641 1729 2839 1784 offerre
2882 1728 3134 1784 videlicet
3180 1729 3483 1797 pollicetur.
3523 1731 3732 1786 Durnium

493 1820 617 1885 quia
646 1819 747 1874 sub
776 1835 1029 1877 mensura
1072 1822 1309 1887 bibitur;
1341 1824 1606 1889 salutaris,
1652 1824 1776 1892 quia
1825 1826 1877 1878 in
1919 1834 2084 1880 tuter-

498 1924 620 1964 nam
670 1912 930 1978 salutem,
978 1913 1208 1968 Domino
1254 1920 1565 1983 praestante,
1621 1915 1955 1984 pr0pinatur.
2008 1915 2086 1972 De

495 2003 600 2056 isto
639 2001 807 2059 calice
843 2003 977 2058 dixit
1015 2012 1071 2059 et
1110 2004 1364 2060 Dominus
1406 2008 1459 2058 in
1493 2006 1821 2075 Evangelia:
1858 2005 2085 2062 Potestis

487 2094 660 2150 bibere
687 2096 899 2171 calicem
933 2113 1083 2168 quem
1117 2113 1211 2170 ego
1258 2097 1509 2151 bibiturus
1557 2114 1670 2151 sum
1714 2097 1936 2167 (Matth.
1984 2116 2079 2167 xx,

492 2186 622 2257 ait)?
1768 2183 1783 2196 '

562 2278 719 2336 Vcrs.
752 2281 809 2337 5.
850 2279 1089 2336 Pretiosa
1124 2282 1177 2337 in
1202 2294 1473 2352 conspectu
1522 2282 1731 2337 Domini
1776 2298 1914 2338 mors
1953 2299 2077 2337 san-

492 2384 687 2427 ctorum
714 2375 847 2444 ejus.
894 2374 1035 2429 Bene
1060 2374 1269 2442 dicitur,
1299 2378 1543 2445 pretiosa,
1566 2391 1685 2445 quae
1715 2377 1923 2431 Domini
1951 2391 2082 2431 san-

493 2466 654 2533 guine
682 2468 917 2522 noscitur
958 2479 1263 2538 comparata
1295 2485 1308 2533 ;
1345 2468 1484 2522 illius
1508 2470 1650 2524 enim
1682 2470 1929 2538 passione
1953 2470 2075 2539 glo-

495 2558 700 2613 riﬁcata
729 2569 833 2625 εει,
868 2570 923 2613 ut
949 2560 1004 2613 in
1038 2569 1307 2631 conspectu
1335 2560 1452 2629 ejus
1482 2570 1626 2616 esset
1670 2563 1886 2617 eximia.
1928 2562 2078 2616 Hanc

491 2651 634 2703 cnim
688 2650 1061 2719 cognoscimus
1114 2651 1398 2707 Dominum
1455 2652 1669 2708 famulis
1724 2656 1834 2709 suis
1884 2669 2074 2726 magna

490 2741 674 2809 gratia:
702 2742 947 2797 ubertate
975 2742 1245 2811 conferre,
1268 2760 1428 2815 quam
1465 2747 1580 2816 ipse
1600 2758 1683 2802 est
1717 2748 1964 2817 dignatus
1990 2763 2073 2803 as-

492 2847 725 2888 sumere.
766 2832 811 2888 0
856 2849 1001 2888 mors
1046 2835 1246 2903 vitalis,
1298 2852 1330 2891 ο
1372 2838 1619 2896 interitus
1667 2840 2008 2905 ambiendus,
2042 2855 2074 2894 o

492 2930 753 2984 transitus
784 2929 1074 2997 gloriosus,
1116 2932 1205 3000 qui
1258 2933 1495 2987 membra
1524 2933 1724 2987 Christi
1776 2934 2074 2989 imitatores

488 3022 572 3077 sui
604 3022 794 3091 capitis
824 3022 953 3077 facis
974 3065 987 3088 ,
1022 3034 1074 3078 et
1106 3034 1162 3077 ut
1189 3024 1261 3078 sit
1288 3027 1530 3091 pretiosa,
1557 3042 1662 3080 non
1694 3027 1895 3080 divitiis
1926 3027 2075 3081 obla—

491 3117 559 3171 tis
585 3116 836 3183 efﬁcitur,
867 3117 960 3172 sed
990 3118 1249 3175 eﬁ‘usione
1277 3122 1552 3190 sanguinis
1578 3132 1918 3189 comparatur
1948 3123 1961 3177 !

566 3209 715 3264 Vers.
753 3210 807 3266 6.
851 3211 896 3264 0
925 3210 1162 3276 Domine,
1186 3214 1307 3281 quia
1338 3229 1429 3284 ego
1457 3231 1632 3268 servus
1667 3226 1820 3279 tuus;
1850 3232 1940 3286 ego
1968 3234 2075 3270 ser-

486 3315 579 3353 rus
608 3310 724 3354 tuus
752 3310 801 3354 et
833 3300 972 3367 ﬁlius
1017 3301 1221 3356 ancilla:
1247 3304 1385 3356 tum!
1426 3302 1679 3375 Dirupisti
1703 3308 1908 3359 vincula
1936 3323 2070 3360 mea.

491 3390 649 3446 Venit
675 3393 740 3445 ad
769 3392 1083 3456 positionem
1107 3394 1418 3461 secundam,
1452 3396 1541 3450 ubi
1565 3413 1785 3453 munere
1812 3398 2070 3468 singulari

487 3494 737 3552 suscepto
766 3484 1029 3538 exclamat
1054 3486 1272 3540 dicens:
1305 3487 1465 3557 392
1500 3487 1544 3540 0
1573 3487 1810 3552 Domine,
1841 3506 1932 3561 ego
1961 3507 2069 3544 ser—

481 3591 573 3629 t'us
610 3576 771 3629 tuus!
809 3576 1118 3630 Admiratur
1163 3577 1305 3632 enim
1351 3594 1411 3634 se
1441 3580 1563 3634 talia
1595 3580 1852 3635 beneficia
1883 3596 2069 3636 susce—

486 3672 649 3736 p‘Sse,
683 3668 861 3738 qualia
888 3670 1003 3738 ipse
1032 3686 1129 3739 pro
1161 3670 1528 3741 redemptione
1553 3673 1735 3727 mundi
1766 3682 1850 3729 est
1879 3674 2066 3743 digna-

484 3772 571 3813 tus
603 3772 897 3814 assumere.
938 3760 1403 3826 Quemadmodum
1444 3764 1586 3819 enim
1630 3781 1734 3820 non
1783 3767 2067 3821 miraretur

482 3867 679 3919 servus,
717 3860 774 3906 et
816 3853 1127 3909 conditione
1174 3855 1331 3923 primi
1383 3855 1617 3912 hominis
1664 3859 1969 3927 implicatus
1997 3860 2064 3913 ad

480 3943 571 3996 illa
595 3944 778 3999 venire
804 3959 923 4014 quae
954 3954 1098 4001 tanta
1128 3946 1386 4017 majestas
1416 3950 1630 4019 dignata
1662 3959 1745 4005 est
1796 3952 2067 4020 elegisse?

488 4035 663 4093 Pavor
690 4050 773 4093 est
819 4039 1000 4094 dicere
1024 4056 1143 4108 quae
1191 4040 1451 4096 beneﬁcia
1495 4042 1774 4111 suscipiat,
1820 4045 1907 4111 qui
1960 4044 2069 4096 suis

485 4131 694 4186 actibus
758 4139 999 4187 meretur
1050 4132 1335 4187 offensam.
1399 4133 1530 4187 Nam
1586 4143 1643 4187 ut
1695 4133 2070 4188 admirationis

484 4222 638 4278 istius
665 4222 966 4277 declararet
995 4233 1359 4293 augmentum,
1385 4224 1597 4291 repetit,
1626 4240 1717 4294 ego
1737 4240 1909 4277 servus
1932 4234 2064 4279 tuus.

488 4312 721 4380 Adjecit,
772 4323 819 4367 et
868 4314 1008 4382 ﬁlius
1035 4313 1239 4367 ancillae
1272 4323 1392 4380 lucc,
1443 4322 1500 4368 ut
1533 4314 1886 4369 humilitatem
1914 4327 2064 4367 suam

495 4403 775 4471 triplicatis
803 4405 1229 4459 confessionibus
1254 4405 1532 4460 indicaret.
1569 4403 1739 4458 Filius
1770 4418 1949 4459 autem
1973 4422 2068 4458 au-

482 4490 615 4544 cillw
644 4491 762 4545 ideo
792 4493 1000 4547 videtur
1025 4494 1313 4562 adjectum,
1346 4503 1403 4548 ut
1426 4495 1716 4549 Ecclcsiam
1742 4495 2062 4549 catholicam

485 4583 806 4638 omnimodis
855 4585 1140 4652 indicaret,
1194 4602 1314 4655 qua:
1364 4586 1554 4639 ancilla
1606 4596 1690 4640 est
1715 4588 1842 4642 dum
1876 4592 2063 4656 servit,

491 4691 685 4745 sponsa
716 4677 840 4733 dum
874 4677 1140 4749 jungitur.
1176 4680 1241 4734 Et
1273 4680 1394 4735 ideo
1424 4692 1795 4747 competenter
1830 4682 2066 4736 adverti-

487 4785 604 4825 mus
650 4786 755 4825 non
787 4787 909 4827 esse
941 4772 1279 4844 martyrium,
1310 4774 1412 4828 nisi
1443 4776 1582 4844 quod
1610 4789 1796 4829 servus
1835 4775 2064 4841 Domini,

481 4872 537 4917 ct
562 4864 842 4920 catholicae
872 4865 1012 4919 filius
1055 4874 1291 4921 meretur
1326 4868 1603 4923 Ecclesiae.
1647 4870 1922 4939 Sequitur,
1972 4868 2067 4920 Di-

480 4954 667 5024 νιφόειὶ
706 4956 907 5010 uincula
935 4973 1065 5011 mea.
1112 4957 1375 5013 Virtutem
1407 4959 1492 5014 hic
1521 4962 1760 5030 martyrii
1802 4960 2062 5015 sentimus

484 5048 700 5116 rvponi,
727 5049 880 5117 cujus
907 5051 1106 5119 impetu
1142 5051 1450 5122 triumphali
1493 5052 1857 5121 dirumpuntur
1886 5054 2065 5105 omnia

484 5138 686 5193 t-incula
733 5148 1096 5209 peccatorum.
1138 5142 1292 5197 Nulla
1323 5144 1462 5198 enim
1516 5145 1568 5197 in
1613 5143 1826 5197 homine
1860 5144 2069 5197 macula

486 5244 767 5285 remanere
796 5240 987 5300 potest,
1021 5248 1179 5303 quam
1212 5235 1327 5301 pius
1351 5236 1569 5303 sanguis
1597 5235 1846 5290 ablucrit.
1867 5236 2066 5289 Notan-

483 5324 610 5376 dum
641 5329 819 5378 autem
846 5324 987 5392 qttod
1030 5340 1215 5380 versus
1249 5326 1333 5381 hic
1375 5336 1574 5380 tantam
1606 5329 1853 5382 virtutem
1883 5326 2064 5382 credi-

484 5424 569 5468 tos
593 5405 677 5468 est
704 5414 923 5481 habere,
955 5426 1012 5471 ut
1036 5432 1063 5470 a
1098 5417 1371 5475 nonnullis
1400 5418 1674 5475 diceretur
1698 5435 1858 5490 posse
1888 5421 2063 5474 homi-

488 5508 647 5563 nibus
679 5519 893 5579 peccata
924 5510 1141 5577 dimitti,
1172 5514 1215 5566 si
1248 5528 1368 5567 eum
1399 5514 1449 5567 in
1478 5513 1582 5569 ﬁne
1614 5515 1733 5569 vita:
1762 5530 1873 5569 sua:
1912 5514 2067 5569 tertia

484 5598 820 5654 confessione
848 5604 1205 5671 congeminet.

564 5689 713 5742 \‘ers.
733 5692 785 5743 7.
804 5690 914 5745 Tibi
935 5694 1470 5762 sacriﬁcabohostiam
1491 5698 1678 5749 laudis.
1702 5697 1834 5763 Quia
1857 5697 2067 5764 dirupta

493 5780 700 5831 fuerant
732 5781 939 5837 vincula
986 5795 1341 5851 peccatorum,
1375 5787 1668 5855 sacriﬁcare
1711 5803 1769 5842 se
1818 5788 1940 5842 dicit
1976 5792 2065 5841 Iro-

2191 1819 2333 1874 enim
2352 1819 2584 1874 ﬁdelium
2617 1830 2796 1875 votum
2824 1831 2907 1875 est
2933 1822 3149 1875 Christo
3178 1834 3241 1875 se
3266 1820 3476 1885 offerre,
3502 1830 3553 1875 et
3576 1821 3621 1875 in
3637 1819 3730 1889 ejus

2190 1909 2428 1966 Ecclesia
2478 1918 2623 1966 recta
2670 1911 2989 1967 credulitate
3032 1912 3358 1967 consistere.
3399 1911 3500 1967 Sed
3529 1922 3581 1966 ut
3602 1927 3734 1980 agno-

2187 2015 2369 2056 sccres
2395 2017 2514 2072 quae
2556 2010 2702 2057 esset
2745 2002 2847 2057 ista
2894 2000 3077 2057 domus
3105 1999 3346 2067 Domini,
3395 1998 3515 2057 vide
3538 2001 3647 2072 quid
3668 2016 3736 2056 se-

2187 2094 2391 2164 quitur.

2256 2184 2412 2241 Yers.
2444 2184 2498 2239 9.
2544 2183 2610 2239 In
2630 2196 2903 2255 conspectu
2939 2187 3105 2240 omnis
3138 2186 3329 2256 populi
3362 2189 3492 2255 eius,
3525 2186 3572 2238 in
3605 2186 3739 2239 medio

2184 2277 2278 2342 tui,
2311 2276 2617 2332 Jerusalem.
2664 2277 2799 2332 Ecce
2828 2279 3077 2332 instruxit
3115 2292 3286 2347 quam
3320 2278 3536 2332 domum
3564 2276 3745 2330 Domini

2185 2367 2381 2423 dixerit
2397 2371 2675 2440 superiore
2697 2371 2981 2435 versiculo,
3000 2368 3065 2423 In
3087 2380 3376 2438 conspectu
3398 2371 3594 2443 scilicet
3612 2369 3746 2422 omnis

2186 2460 2366 2530 populi
2395 2462 2526 2530 ejus.
2572 2459 2797 2530 Dignum
2825 2463 2967 2515 enim
2997 2472 3078 2515 est
3107 2472 3169 2515 ut
3206 2461 3429 2529 publice
3463 2459 3639 2515 debeat
3660 2460 3750 2512 lau-

2176 2550 2318 2616 dari,
2353 2550 2444 2618 qui
2472 2553 2577 2620 pati
2604 2566 2697 2620 pro
2722 2552 2960 2605 omnium
2984 2553 3159 2607 salute
3192 2553 3455 2621 dignatus
3480 2560 3577 2606 est.
3607 2550 3750 2604 Domi-

2182 2658 2282 2698 nus
2318 2644 2461 2698 enim
2508 2644 2899 2712 perfectissime
2937 2646 3108 2709 novit,
3144 2646 3377 2701 etiarnsi
3408 2645 3464 2698 in
3492 2643 3751 2699 cordisse-

2180 2744 2327 2789 creto
2358 2735 2470 2788 ﬁat.
2502 2734 2607 2789 Sed
2637 2735 2740 2790 hoc
2767 2739 2832 2788 ad
2861 2736 3287 2792 aediﬁcationem
3320 2736 3505 2805 pupuli
3536 2736 3749 2803 pertinet.

2180 2834 2239 2879 ut
2282 2826 2421 2879 bona
2453 2826 2725 2880 confessio
2762 2827 3135 2895 generalitatis
3192 2828 3428 2882 auribus
3476 2826 3756 2886 imbibatur,

2179 2915 2321 2970 sicut
2348 2917 2402 2969 in
2436 2916 2727 2984 Evangelio
2755 2904 2922 2970 dicit:
2958 2915 3061 2980 Qui
3089 2933 3175 2969 me
3209 2918 3488 2987 confessus
3511 2916 3655 2983 fuerit
3682 2926 3758 2963 co-

2179 3023 2292 3060 ram
2321 3008 2631 3072 ltominibus,
2673 3008 2953 3075 conﬁtebor
2991 3017 3036 3061 et
3083 3024 3187 3078 ego
3220 3010 3381 3063 illum
3429 3022 3603 3062 coram
3631 3003 3759 3057 Patre

2102 3078 2149 3138 (ἶ
2182 3114 2292 3152 meo
2322 3099 2409 3165 qui
2431 3099 2580 3151 estin
2603 3099 2742 3152 caelis
2770 3097 2987 3167 (Matth.
3021 3115 3073 3166 ε,
3099 3100 3229 3167 5‘2).
3263 3100 3512 3164 Addidit,
3546 3100 3595 3150 in
3624 3096 3762 3149 medio

2179 3190 2273 3256 tui,
2302 3188 2611 3257 Jerusalem,
2645 3191 2733 3245 ubi
2765 3206 2866 3261 pax
2899 3191 3110 3244 Domini
3142 3192 3525 3262 conquiescit,
3549 3188 3766 3244 etunitas

2172 3282 2344 3336 sancti
2377 3282 2557 3351 pepuli
2590 3282 2801 3335 Domini
2832 3283 3578 3351 contemplationelzetatur.

2712 3394 2984 3449 Conclusio
3012 3396 3241 3465 psalmi.

2249 3510 2493 3565 Psalmus
2523 3507 2610 3563 hic
2639 3508 2923 3578 magniﬁco
2952 3520 3270 3580 martyrum
3311 3512 3529 3565 honore
3561 3516 3777 3564 sacratus

2176 3608 2280 3665 est,
2309 3600 2401 3669 qui
2424 3599 2577 3653 nobis
2608 3607 2662 3654 et
2689 3599 2755 3651 ad
2786 3599 3096 3667 exemplum
3133 3599 3337 3665 dattts,
3390 3612 3447 3656 et
3479 3600 3548 3654 ad
3582 3594 3782 3669 patroci-

2172 3689 2256 3743 nia
2289 3688 2558 3758 largienda
2589 3688 2817 3742 tributus
2855 3698 2958 3742 est.
3008 3691 3378 3744 Veneremur
3424 3691 3612 3743 talium
3646 3686 3780 3741 dolo.

2172 3795 2282 3846 res,
2341 3779 2644 3847 ltujusmodi
2691 3794 2878 3849 plenas
2905 3778 3086 3832 studio
3122 3780 3302 3835 nobis
3336 3782 3630 3835 charitatis
3654 3785 3782 3847 opte-

2171 3887 2322 3936 mus;
2355 3881 2411 3924 ut
2432 3871 2475 3924 si
2509 3886 2611 3925 non
2638 3885 2907 3925 meremur
2932 3869 3020 3922 tali
3048 3874 3564 3926 consummatione
3590 3880 3785 3923 corona-

2176 3962 2243 4027 ri,
2276 3963 2464 4017 saltem
2494 3963 2545 4016 in
2574 3962 2767 4016 studiis
2796 3962 3060 4032 possimus
3083 3963 3388 4019 similibus
3416 3962 3676 4018 inveniri.
3702 3958 3785 4013 Cur

2175 4059 2317 4113 cnim
2359 4058 2491 4111 tales
2531 4055 2747 4110 dolores
2796 4055 3144 4109 Christianus
3199 4058 3348 4111 velit
3405 4057 3669 4125 effugere,
3716 4064 3793 4121 per

2180 4166 2317 4219 quos
2343 4165 2400 4205 se
2429 4148 2577 4205 novit
2604 4148 2671 4203 ad
2699 4146 2957 4203 cmlorutn
2990 4149 3197 4216 gaudia
3228 4150 3582 4220 perveniret

2432 4289 2790 4346 EXI‘OSlTlO
2832 4288 2898 4342 ΙΝ
2941 4288 3303 4345 ΡδλωιυΜ
3369 4290 3573 4347 CXVI.

2845 4400 3098 4454 Alleluia.

2242 4537 2453 4591 Duobus
2483 4536 2696 4605 quidem
2746 4536 3011 4602 versibus,
3054 4539 3169 4592 sed
3207 4541 3519 4609 plenarius
3549 4536 3686 4594 tituli
3710 4532 3795 4587 ho-

2098 4623 2149 4682 D
2175 4644 2275 4683 nor
2302 4629 2620 4697 apponitur,
2673 4637 2728 4681 ut
2769 4628 3142 4697 intelligamus
3178 4636 3464 4701 quamvis
3498 4647 3667 4703 pauca
3696 4642 3801 4681 ver-

2177 4721 2243 4774 ba
2269 4720 2321 4774 in
2344 4720 2551 4774 Domini
2583 4721 2824 4774 laudibus
2859 4735 3077 4789 semper
3115 4737 3262 4779 esse
3298 4726 3656 4794 plenissima.
3689 4719 3804 4787 Quis

2175 4810 2316 4864 enim
2347 4809 2552 4863 dubitet
2591 4810 2841 4877 exiguum
2873 4825 2978 4863 non
3010 4809 3245 4868 debere
3279 4815 3431 4880 dici,
3468 4816 3617 4870 unde
3660 4816 3811 4880 potest

2176 4900 2567 4970 magniﬁcentia
2598 4914 2826 4968 Superna
2858 4900 3063 4954 laudari
3099 4903 3126 4953 ‘l
3163 4904 3280 4958 Cui
3328 4922 3586 4976 congrue
3611 4898 3810 4972 apponi-

2176 5002 2261 5047 tur
2303 4992 2516 5046 schema
2563 4992 2703 5060 quod
2746 4992 2931 5047 Graece
2976 4992 3181 5047 dictur
3233 4996 3536 5067 hyrmos;
3585 4994 3813 5067 quoniam

2174 5082 2370 5136 seriem
2420 5082 2679 5134 orationis
2729 5096 2899 5149 usque
2946 5081 3011 5134 ad
3067 5084 3365 5140 ultimum
3418 5100 3689 5148 servans,
3733 5089 3813 5132 nec

2177 5189 2457 5244 personam
2501 5175 2742 5227 noscitur
2796 5184 3056 5235 mutasse,
3126 5192 3250 5231 nec
3284 5194 3572 5246 causam;
3615 5176 3705 5233 sed
3729 5186 3819 5228 uno

2113 5311 2116 5314 .
2174 5279 2335 5320 sensu
2372 5279 2539 5334 usque
2568 5263 2633 5317 ad
2668 5265 2949 5317 terminum
2979 5267 3142 5332 quod
3182 5273 3380 5338 ςωρὶι
3411 5273 3751 5340 exsequitur.

2677 5399 2998 5457 Continentia
3031 5407 3291 5473 psalmi.

2242 5514 2392 5568 Licet
2423 5514 2507 5567 hic
2539 5512 2777 5581 psalmus
2814 5528 2909 5582 pro
2948 5518 3259 5580 paucitate
3312 5536 3591 5576 versuum
3622 5512 3818 5572 divisio-

2178 5619 2301 5658 nem
2343 5619 2449 5657 non
2484 5603 2724 5671 recipiat,
2754 5618 2941 5657 omnes
2970 5611 3183 5661 tamen
3218 5613 3579 5681 compendio
3608 5624 3718 5662 sua:
3763 5605 3828 5656 lo-

2176 5696 2404 5750 cutionis
2432 5703 2738 5763 etsuperat.
2774 5695 2866 5749 Est
2897 5696 3044 5750 enim
3086 5700 3334 5765 primus
3370 5704 3601 5775 quidem
3632 5708 3829 5754 atomus

2176 5788 2528 5856 psaltttontt't,
2559 5787 2735 5855 puncti
2769 5788 3069 5857 praeferens
3105 5791 3493 5863 dignitatem.
3533 5795 3671 5849 unde
3698 5792 3827 5845 linea
