  <div class='ocr_page' id='page_1' title='image "/cluster/home/n/w/nwhite01/storage/ocr_20150623/70/hvd.32044054758735/418.png"; bbox 0 0 3966 6172; ppageno 0'>
   <div class='ocr_carea' id='block_1_1' title="bbox 262 315 360 373">
    <p class='ocr_par' dir='ltr' id='par_1_1' title="bbox 262 315 360 373">
     <span class='ocr_line' id='line_1_1' title="bbox 262 315 360 373; baseline -0.041 0"><span class='ocrx_word' id='word_1_1' title='bbox 262 315 360 373; x_wconf 66' lang='grc'><strong>825</strong></span> 
     </span>
    </p>
   </div>
   <div class='ocr_carea' id='block_1_2' title="bbox 1168 309 2617 369">
    <p class='ocr_par' dir='ltr' id='par_1_2' title="bbox 1168 309 2617 369">
     <span class='ocr_line' id='line_1_2' title="bbox 1168 309 2617 369; baseline 0.002 -4"><span class='ocrx_word' id='word_1_2' title='bbox 1168 309 1526 367; x_wconf 78' lang='lat' dir='ltr'><strong>EXPOSITIO</strong></span> <span class='ocrx_word' id='word_1_3' title='bbox 1568 310 1632 366; x_wconf 85' lang='lat' dir='ltr'><strong>IN</strong></span> <span class='ocrx_word' id='word_1_4' title='bbox 1669 311 2129 369; x_wconf 74' lang='lat' dir='ltr'><strong>PSALTERIUM.</strong></span> <span class='ocrx_word' id='word_1_5' title='bbox 2172 312 2363 368; x_wconf 78' lang='lat' dir='ltr'><strong>PSAL.</strong></span> <span class='ocrx_word' id='word_1_6' title='bbox 2405 312 2617 369; x_wconf 76' lang='lat' dir='ltr'><strong>CXVII.</strong></span> 
     </span>
    </p>
   </div>
   <div class='ocr_carea' id='block_1_3' title="bbox 3426 315 3525 370">
    <p class='ocr_par' dir='ltr' id='par_1_3' title="bbox 3426 315 3525 370">
     <span class='ocr_line' id='line_1_3' title="bbox 3426 315 3525 370; baseline -0.03 0"><span class='ocrx_word' id='word_1_7' title='bbox 3426 315 3525 370; x_wconf 70' lang='lat'><strong>826</strong></span> 
     </span>
    </p>
   </div>
   <div class='ocr_carea' id='block_1_4' title="bbox 264 425 3530 497">
    <p class='ocr_par' dir='ltr' id='par_1_4' title="bbox 264 425 3530 497">
     <span class='ocr_line' id='line_1_4' title="bbox 264 425 3530 497; baseline -0.002 -11"><span class='ocrx_word' id='word_1_8' title='bbox 264 432 449 496; x_wconf 87' lang='lat' dir='ltr'><strong>oritur,</strong></span> <span class='ocrx_word' id='word_1_9' title='bbox 479 436 536 483; x_wconf 88' lang='lat' dir='ltr'><strong>et</strong></span> <span class='ocrx_word' id='word_1_10' title='bbox 560 427 789 483; x_wconf 77' lang='lat' dir='ltr'><strong>diversa:</strong></span> <span class='ocrx_word' id='word_1_11' title='bbox 816 426 1144 482; x_wconf 75' lang='lat' dir='ltr'><strong>schematum</strong></span> <span class='ocrx_word' id='word_1_12' title='bbox 1176 427 1384 497; x_wconf 76' lang='lat' dir='ltr'><strong>Species</strong></span> <span class='ocrx_word' id='word_1_13' title='bbox 1407 425 1717 481; x_wconf 84' lang='lat' dir='ltr'><strong>doctissima</strong></span> <span class='ocrx_word' id='word_1_14' title='bbox 1748 440 1842 479; x_wconf 91' lang='lat' dir='ltr'><strong>va-</strong></span> <span class='ocrx_word' id='word_1_15' title='bbox 1873 429 1923 486; x_wconf 81' lang='grc' dir='ltr'><strong>Α</strong></span> <span class='ocrx_word' id='word_1_16' title='bbox 1948 425 2205 495; x_wconf 75' lang='lat' dir='ltr'><strong>Spiritum</strong></span> <span class='ocrx_word' id='word_1_17' title='bbox 2238 436 2479 482; x_wconf 82' lang='lat' dir='ltr'><strong>sanctum</strong></span> <span class='ocrx_word' id='word_1_18' title='bbox 2508 436 2561 481; x_wconf 88' lang='lat' dir='ltr'><strong>et</strong></span> <span class='ocrx_word' id='word_1_19' title='bbox 2600 426 2905 492; x_wconf 88' lang='lat' dir='ltr'><strong>Dominum,</strong></span> <span class='ocrx_word' id='word_1_20' title='bbox 2935 436 2985 481; x_wconf 87' lang='lat' dir='ltr'><strong>et</strong></span> <span class='ocrx_word' id='word_1_21' title='bbox 3016 430 3194 496; x_wconf 88' lang='lat' dir='ltr'><strong>priore</strong></span> <span class='ocrx_word' id='word_1_22' title='bbox 3224 429 3344 483; x_wconf 90' lang='lat' dir='ltr'><strong>loco</strong></span> <span class='ocrx_word' id='word_1_23' title='bbox 3367 430 3530 482; x_wconf 68' lang='lat' dir='ltr'><strong>lui-se</strong></span> 
     </span>
    </p>
   </div>
   <div class='ocr_carea' id='block_1_5' title="bbox 264 520 797 580">
    <p class='ocr_par' dir='ltr' id='par_1_5' title="bbox 264 520 797 580">
     <span class='ocr_line' id='line_1_5' title="bbox 264 520 797 580; baseline -0.011 0"><span class='ocrx_word' id='word_1_24' title='bbox 264 526 449 580; x_wconf 81' lang='lat' dir='ltr'><strong>rietate</strong></span> <span class='ocrx_word' id='word_1_25' title='bbox 477 520 797 576; x_wconf 77' lang='lat' dir='ltr'><strong>formantur.</strong></span> 
     </span>
    </p>
   </div>
   <div class='ocr_carea' id='block_1_6' title="bbox 799 613 1298 682">
    <p class='ocr_par' dir='ltr' id='par_1_6' title="bbox 799 613 1298 682">
     <span class='ocr_line' id='line_1_6' title="bbox 799 613 1298 682; baseline -0.006 -13"><span class='ocrx_word' id='word_1_26' title='bbox 799 613 1067 682; x_wconf 72' lang='lat' dir='ltr'><strong>Expositio</strong></span> <span class='ocrx_word' id='word_1_27' title='bbox 1094 614 1298 681; x_wconf 89' lang='lat' dir='ltr'><strong>psalmi.</strong></span> 
     </span>
    </p>
   </div>
   <div class='ocr_carea' id='block_1_7' title="bbox 331 705 1841 776">
    <p class='ocr_par' dir='ltr' id='par_1_7' title="bbox 331 705 1841 776">
     <span class='ocr_line' id='line_1_7' title="bbox 331 705 1841 776; baseline -0.004 -13"><span class='ocrx_word' id='word_1_28' title='bbox 331 709 485 765; x_wconf 85' lang='lat' dir='ltr'><strong>Vers.</strong></span> <span class='ocrx_word' id='word_1_29' title='bbox 521 708 569 762; x_wconf 81' lang='grc'><strong>1.</strong></span> <span class='ocrx_word' id='word_1_30' title='bbox 612 707 843 761; x_wconf 85' lang='lat' dir='ltr'><strong>Laudate</strong></span> <span class='ocrx_word' id='word_1_31' title='bbox 890 706 1185 774; x_wconf 87' lang='lat' dir='ltr'><strong>Dominum,</strong></span> <span class='ocrx_word' id='word_1_32' title='bbox 1221 722 1392 761; x_wconf 85' lang='lat' dir='ltr'><strong>omnes</strong></span> <span class='ocrx_word' id='word_1_33' title='bbox 1419 713 1610 776; x_wconf 78' lang='lat' dir='ltr'><strong>gentes,</strong></span> <span class='ocrx_word' id='word_1_34' title='bbox 1643 716 1690 759; x_wconf 77' lang='lat' dir='ltr'><strong>et</strong></span> <span class='ocrx_word' id='word_1_35' title='bbox 1735 705 1841 758; x_wconf 87' lang='lat' dir='ltr'><strong>col—</strong></span> 
     </span>
    </p>
   </div>
   <div class='ocr_carea' id='block_1_8' title="bbox 262 794 1841 866">
    <p class='ocr_par' dir='ltr' id='par_1_8' title="bbox 262 794 1841 866">
     <span class='ocr_line' id='line_1_8' title="bbox 262 794 1841 866; baseline -0.005 -12"><span class='ocrx_word' id='word_1_36' title='bbox 262 800 467 854; x_wconf 81' lang='lat' dir='ltr'><strong>laudate</strong></span> <span class='ocrx_word' id='word_1_37' title='bbox 509 816 644 864; x_wconf 88' lang='lat' dir='ltr'><strong>eum,</strong></span> <span class='ocrx_word' id='word_1_38' title='bbox 675 815 848 852; x_wconf 89' lang='lat' dir='ltr'><strong>omnes</strong></span> <span class='ocrx_word' id='word_1_39' title='bbox 896 799 1094 866; x_wconf 81' lang='lat' dir='ltr'><strong>pepuli.</strong></span> <span class='ocrx_word' id='word_1_40' title='bbox 1136 797 1203 850; x_wconf 87' lang='lat' dir='ltr'><strong>Et</strong></span> <span class='ocrx_word' id='word_1_41' title='bbox 1252 798 1412 849; x_wconf 88' lang='lat' dir='ltr'><strong>istum</strong></span> <span class='ocrx_word' id='word_1_42' title='bbox 1455 810 1665 865; x_wconf 90' lang='lat' dir='ltr'><strong>quoque</strong></span> <span class='ocrx_word' id='word_1_43' title='bbox 1694 794 1841 865; x_wconf 84' lang='lat' dir='ltr'><strong>psal-</strong></span> 
     </span>
    </p>
   </div>
   <div class='ocr_carea' id='block_1_9' title="bbox 265 886 1841 959">
    <p class='ocr_par' dir='ltr' id='par_1_9' title="bbox 265 886 1841 959">
     <span class='ocr_line' id='line_1_9' title="bbox 265 886 1841 959; baseline -0.004 -15"><span class='ocrx_word' id='word_1_44' title='bbox 265 907 404 945; x_wconf 89' lang='lat' dir='ltr'><strong>mum</strong></span> <span class='ocrx_word' id='word_1_45' title='bbox 451 889 518 944; x_wconf 89' lang='lat' dir='ltr'><strong>ad</strong></span> <span class='ocrx_word' id='word_1_46' title='bbox 568 903 854 959; x_wconf 85' lang='lat' dir='ltr'><strong>personam</strong></span> <span class='ocrx_word' id='word_1_47' title='bbox 889 899 1181 959; x_wconf 84' lang='lat' dir='ltr'><strong>martyrum</strong></span> <span class='ocrx_word' id='word_1_48' title='bbox 1214 887 1470 942; x_wconf 84' lang='lat' dir='ltr'><strong>debemus</strong></span> <span class='ocrx_word' id='word_1_49' title='bbox 1497 896 1701 955; x_wconf 86' lang='lat' dir='ltr'><strong>aptare.</strong></span> <span class='ocrx_word' id='word_1_50' title='bbox 1751 886 1841 939; x_wconf 82' lang='lat' dir='ltr'><strong>Di-</strong></span> 
     </span>
    </p>
   </div>
   <div class='ocr_carea' id='block_1_10' title="bbox 264 977 1839 1048">
    <p class='ocr_par' dir='ltr' id='par_1_10' title="bbox 264 977 1839 1048">
     <span class='ocr_line' id='line_1_10' title="bbox 264 977 1839 1048; baseline -0.006 -10"><span class='ocrx_word' id='word_1_51' title='bbox 264 992 381 1038; x_wconf 89' lang='lat' dir='ltr'><strong>cunt</strong></span> <span class='ocrx_word' id='word_1_52' title='bbox 409 982 553 1037; x_wconf 86' lang='lat' dir='ltr'><strong>enim</strong></span> <span class='ocrx_word' id='word_1_53' title='bbox 595 982 766 1034; x_wconf 87' lang='lat' dir='ltr'><strong>sancti</strong></span> <span class='ocrx_word' id='word_1_54' title='bbox 800 980 919 1045; x_wconf 87' lang='lat' dir='ltr'><strong>viri,</strong></span> <span class='ocrx_word' id='word_1_55' title='bbox 972 978 1126 1048; x_wconf 89' lang='lat' dir='ltr'><strong>quasi</strong></span> <span class='ocrx_word' id='word_1_56' title='bbox 1172 979 1281 1047; x_wconf 89' lang='lat' dir='ltr'><strong>jam</strong></span> <span class='ocrx_word' id='word_1_57' title='bbox 1325 979 1557 1047; x_wconf 86' lang='lat' dir='ltr'><strong>gloriosa</strong></span> <span class='ocrx_word' id='word_1_58' title='bbox 1589 977 1839 1046; x_wconf 87' lang='lat' dir='ltr'><strong>passione</strong></span> 
     </span>
    </p>
   </div>
   <div class='ocr_carea' id='block_1_11' title="bbox 264 1065 1840 1142">
    <p class='ocr_par' dir='ltr' id='par_1_11' title="bbox 264 1065 1840 1142">
     <span class='ocr_line' id='line_1_11' title="bbox 264 1065 1840 1142; baseline -0.005 -15"><span class='ocrx_word' id='word_1_59' title='bbox 264 1071 543 1142; x_wconf 80' lang='lat' dir='ltr'><strong>perfuncti,</strong></span> <span class='ocrx_word' id='word_1_60' title='bbox 573 1080 631 1125; x_wconf 93' lang='lat' dir='ltr'><strong>ut</strong></span> <span class='ocrx_word' id='word_1_61' title='bbox 655 1087 826 1125; x_wconf 87' lang='lat' dir='ltr'><strong>omnes</strong></span> <span class='ocrx_word' id='word_1_62' title='bbox 856 1079 1026 1140; x_wconf 82' lang='lat' dir='ltr'><strong>gentes</strong></span> <span class='ocrx_word' id='word_1_63' title='bbox 1053 1068 1119 1123; x_wconf 91' lang='lat' dir='ltr'><strong>ad</strong></span> <span class='ocrx_word' id='word_1_64' title='bbox 1165 1068 1351 1123; x_wconf 86' lang='lat' dir='ltr'><strong>laudes</strong></span> <span class='ocrx_word' id='word_1_65' title='bbox 1374 1066 1585 1120; x_wconf 86' lang='lat' dir='ltr'><strong>Domini</strong></span> <span class='ocrx_word' id='word_1_66' title='bbox 1611 1065 1840 1119; x_wconf 83' lang='lat' dir='ltr'><strong>debeant</strong></span> 
     </span>
    </p>
   </div>
   <div class='ocr_carea' id='block_1_12' title="bbox 262 1156 1841 1231">
    <p class='ocr_par' dir='ltr' id='par_1_12' title="bbox 262 1156 1841 1231">
     <span class='ocr_line' id='line_1_12' title="bbox 262 1156 1841 1231; baseline -0.006 -13"><span class='ocrx_word' id='word_1_67' title='bbox 262 1163 500 1227; x_wconf 79' lang='lat' dir='ltr'><strong>excitari,</strong></span> <span class='ocrx_word' id='word_1_68' title='bbox 534 1162 622 1231; x_wconf 88' lang='lat' dir='ltr'><strong>qui</strong></span> <span class='ocrx_word' id='word_1_69' title='bbox 652 1160 774 1214; x_wconf 89' lang='lat' dir='ltr'><strong>talia</strong></span> <span class='ocrx_word' id='word_1_70' title='bbox 807 1159 1062 1228; x_wconf 80' lang='lat' dir='ltr'><strong>praestitit</strong></span> <span class='ocrx_word' id='word_1_71' title='bbox 1099 1159 1267 1212; x_wconf 85' lang='lat' dir='ltr'><strong>servis</strong></span> <span class='ocrx_word' id='word_1_72' title='bbox 1295 1160 1425 1220; x_wconf 88' lang='lat' dir='ltr'><strong>suis,</strong></span> <span class='ocrx_word' id='word_1_73' title='bbox 1455 1166 1511 1210; x_wconf 91' lang='lat' dir='ltr'><strong>ut</strong></span> <span class='ocrx_word' id='word_1_74' title='bbox 1553 1156 1717 1224; x_wconf 90' lang='lat' dir='ltr'><strong>ipsius</strong></span> <span class='ocrx_word' id='word_1_75' title='bbox 1745 1169 1841 1224; x_wconf 59' lang='grc' dir='ltr'><strong>ροι</strong></span> 
     </span>
    </p>
   </div>
   <div class='ocr_carea' id='block_1_13' title="bbox 262 1247 1838 1319">
    <p class='ocr_par' dir='ltr' id='par_1_13' title="bbox 262 1247 1838 1319">
     <span class='ocr_line' id='line_1_13' title="bbox 262 1247 1838 1319; baseline -0.004 -11"><span class='ocrx_word' id='word_1_76' title='bbox 262 1256 362 1308; x_wconf 90' lang='lat' dir='ltr'><strong>tius</strong></span> <span class='ocrx_word' id='word_1_77' title='bbox 389 1253 762 1306; x_wconf 87' lang='lat' dir='ltr'><strong>imbuerentur</strong></span> <span class='ocrx_word' id='word_1_78' title='bbox 786 1251 1067 1319; x_wconf 87' lang='lat' dir='ltr'><strong>exemplis.</strong></span> <span class='ocrx_word' id='word_1_79' title='bbox 1112 1249 1210 1304; x_wconf 88' lang='lat' dir='ltr'><strong>Ubi</strong></span> <span class='ocrx_word' id='word_1_80' title='bbox 1255 1260 1377 1302; x_wconf 89' lang='lat' dir='ltr'><strong>sunt</strong></span> <span class='ocrx_word' id='word_1_81' title='bbox 1409 1249 1715 1310; x_wconf 68' lang='lat' dir='ltr'><strong>Donatistae,</strong></span> <span class='ocrx_word' id='word_1_82' title='bbox 1745 1247 1838 1317; x_wconf 89' lang='lat' dir='ltr'><strong>qui</strong></span> 
     </span>
    </p>
   </div>
   <div class='ocr_carea' id='block_1_14' title="bbox 263 1335 1839 1408">
    <p class='ocr_par' dir='ltr' id='par_1_14' title="bbox 263 1335 1839 1408">
     <span class='ocr_line' id='line_1_14' title="bbox 263 1335 1839 1408; baseline -0.004 -12"><span class='ocrx_word' id='word_1_83' title='bbox 263 1353 464 1396; x_wconf 82' lang='lat' dir='ltr'><strong>tantum</strong></span> <span class='ocrx_word' id='word_1_84' title='bbox 488 1355 602 1394; x_wconf 71' lang='lat' dir='ltr'><strong>sua:</strong></span> <span class='ocrx_word' id='word_1_85' title='bbox 628 1338 1031 1408; x_wconf 71' lang='lat' dir='ltr'><strong>congregationi</strong></span> <span class='ocrx_word' id='word_1_86' title='bbox 1058 1338 1215 1393; x_wconf 88' lang='lat' dir='ltr'><strong>ﬁdem</strong></span> <span class='ocrx_word' id='word_1_87' title='bbox 1244 1340 1535 1407; x_wconf 62' lang='lat' dir='ltr'><strong>praestitam</strong></span> <span class='ocrx_word' id='word_1_88' title='bbox 1568 1335 1839 1391; x_wconf 90' lang='lat' dir='ltr'><strong>mentiun-</strong></span> 
     </span>
    </p>
   </div>
   <div class='ocr_carea' id='block_1_15' title="bbox 265 1423 1839 1495">
    <p class='ocr_par' dir='ltr' id='par_1_15' title="bbox 265 1423 1839 1495">
     <span class='ocr_line' id='line_1_15' title="bbox 265 1423 1839 1495; baseline -0.005 -10"><span class='ocrx_word' id='word_1_89' title='bbox 265 1431 388 1486; x_wconf 74' lang='lat' dir='ltr'><strong>tur?</strong></span> <span class='ocrx_word' id='word_1_90' title='bbox 414 1430 616 1484; x_wconf 84' lang='lat' dir='ltr'><strong>Clamat</strong></span> <span class='ocrx_word' id='word_1_91' title='bbox 644 1427 841 1482; x_wconf 89' lang='lat' dir='ltr'><strong>chorus</strong></span> <span class='ocrx_word' id='word_1_92' title='bbox 864 1427 954 1481; x_wconf 90' lang='lat' dir='ltr'><strong>ille</strong></span> <span class='ocrx_word' id='word_1_93' title='bbox 982 1437 1310 1491; x_wconf 89' lang='lat' dir='ltr'><strong>sanctorum,</strong></span> <span class='ocrx_word' id='word_1_94' title='bbox 1341 1442 1513 1479; x_wconf 87' lang='lat' dir='ltr'><strong>omnes</strong></span> <span class='ocrx_word' id='word_1_95' title='bbox 1540 1436 1709 1495; x_wconf 79' lang='lat' dir='ltr'><strong>gentes</strong></span> <span class='ocrx_word' id='word_1_96' title='bbox 1731 1423 1839 1477; x_wconf 84' lang='lat' dir='ltr'><strong>Da-</strong></span> 
     </span>
    </p>
   </div>
   <div class='ocr_carea' id='block_1_16' title="bbox 262 1514 1835 1588">
    <p class='ocr_par' dir='ltr' id='par_1_16' title="bbox 262 1514 1835 1588">
     <span class='ocr_line' id='line_1_16' title="bbox 262 1514 1835 1588; baseline -0.005 -13"><span class='ocrx_word' id='word_1_97' title='bbox 262 1523 457 1575; x_wconf 71' lang='lat' dir='ltr'><strong>minam</strong></span> <span class='ocrx_word' id='word_1_98' title='bbox 487 1520 689 1575; x_wconf 86' lang='lat' dir='ltr'><strong>debere</strong></span> <span class='ocrx_word' id='word_1_99' title='bbox 717 1518 969 1584; x_wconf 87' lang='lat' dir='ltr'><strong>laudare;</strong></span> <span class='ocrx_word' id='word_1_100' title='bbox 1001 1525 1161 1588; x_wconf 90' lang='lat' dir='ltr'><strong>atque</strong></span> <span class='ocrx_word' id='word_1_101' title='bbox 1186 1517 1385 1571; x_wconf 81' lang='lat' dir='ltr'><strong>utinam</strong></span> <span class='ocrx_word' id='word_1_102' title='bbox 1427 1515 1515 1569; x_wconf 87' lang='lat' dir='ltr'><strong>vel</strong></span> <span class='ocrx_word' id='word_1_103' title='bbox 1557 1514 1835 1569; x_wconf 91' lang='lat' dir='ltr'><strong>nobiscum</strong></span> 
     </span>
    </p>
   </div>
   <div class='ocr_carea' id='block_1_17' title="bbox 262 1608 1832 1682">
    <p class='ocr_par' dir='ltr' id='par_1_17' title="bbox 262 1608 1832 1682">
     <span class='ocr_line' id='line_1_17' title="bbox 262 1608 1832 1682; baseline -0.005 -14"><span class='ocrx_word' id='word_1_104' title='bbox 262 1615 532 1674; x_wconf 87' lang='lat' dir='ltr'><strong>facerent,</strong></span> <span class='ocrx_word' id='word_1_105' title='bbox 582 1613 723 1682; x_wconf 85' lang='lat' dir='ltr'><strong>quod</strong></span> <span class='ocrx_word' id='word_1_106' title='bbox 773 1627 832 1667; x_wconf 92' lang='lat' dir='ltr'><strong>se</strong></span> <span class='ocrx_word' id='word_1_107' title='bbox 877 1624 1036 1680; x_wconf 85' lang='lat' dir='ltr'><strong>agere</strong></span> <span class='ocrx_word' id='word_1_108' title='bbox 1082 1609 1425 1677; x_wconf 78' lang='lat' dir='ltr'><strong>singulariter</strong></span> <span class='ocrx_word' id='word_1_109' title='bbox 1461 1608 1832 1663; x_wconf 85' lang='lat' dir='ltr'><strong>mentiuntur!</strong></span> 
     </span>
    </p>
   </div>
   <div class='ocr_carea' id='block_1_18' title="bbox 263 1699 1836 1775">
    <p class='ocr_par' dir='ltr' id='par_1_18' title="bbox 263 1699 1836 1775">
     <span class='ocr_line' id='line_1_18' title="bbox 263 1699 1836 1775; baseline -0.002 -19"><span class='ocrx_word' id='word_1_110' title='bbox 263 1706 531 1775; x_wconf 81' lang='lat' dir='ltr'><strong>Sequitur,</strong></span> <span class='ocrx_word' id='word_1_111' title='bbox 557 1716 602 1759; x_wconf 89' lang='lat' dir='ltr'><strong>et</strong></span> <span class='ocrx_word' id='word_1_112' title='bbox 632 1703 923 1758; x_wconf 76' lang='lat' dir='ltr'><strong>collaudata</strong></span> <span class='ocrx_word' id='word_1_113' title='bbox 948 1718 1082 1770; x_wconf 87' lang='lat' dir='ltr'><strong>eum,</strong></span> <span class='ocrx_word' id='word_1_114' title='bbox 1120 1717 1292 1755; x_wconf 78' lang='lat' dir='ltr'><strong>omnes</strong></span> <span class='ocrx_word' id='word_1_115' title='bbox 1323 1700 1523 1771; x_wconf 79' lang='lat' dir='ltr'><strong>populi.</strong></span> <span class='ocrx_word' id='word_1_116' title='bbox 1553 1699 1836 1754; x_wconf 78' lang='lat' dir='ltr'><strong>Collauda-</strong></span> 
     </span>
    </p>
   </div>
   <div class='ocr_carea' id='block_1_19' title="bbox 262 1791 1839 1853">
    <p class='ocr_par' dir='ltr' id='par_1_19' title="bbox 262 1791 1839 1853">
     <span class='ocr_line' id='line_1_19' title="bbox 262 1791 1839 1853; baseline -0.004 -2"><span class='ocrx_word' id='word_1_117' title='bbox 262 1799 331 1852; x_wconf 91' lang='lat' dir='ltr'><strong>tio</strong></span> <span class='ocrx_word' id='word_1_118' title='bbox 356 1808 441 1853; x_wconf 89' lang='lat' dir='ltr'><strong>est</strong></span> <span class='ocrx_word' id='word_1_119' title='bbox 470 1810 781 1853; x_wconf 87' lang='lat' dir='ltr'><strong>cunctorum</strong></span> <span class='ocrx_word' id='word_1_120' title='bbox 815 1795 1049 1850; x_wconf 91' lang='lat' dir='ltr'><strong>ﬁdelium</strong></span> <span class='ocrx_word' id='word_1_121' title='bbox 1104 1796 1153 1847; x_wconf 92' lang='lat' dir='ltr'><strong>in</strong></span> <span class='ocrx_word' id='word_1_122' title='bbox 1198 1808 1360 1849; x_wconf 88' lang='lat' dir='ltr'><strong>unum</strong></span> <span class='ocrx_word' id='word_1_123' title='bbox 1413 1793 1624 1847; x_wconf 86' lang='lat' dir='ltr'><strong>redacta</strong></span> <span class='ocrx_word' id='word_1_124' title='bbox 1657 1791 1839 1845; x_wconf 88' lang='lat' dir='ltr'><strong>lauda-</strong></span> 
     </span>
    </p>
   </div>
   <div class='ocr_carea' id='block_1_20' title="bbox 263 1885 1831 1955">
    <p class='ocr_par' dir='ltr' id='par_1_20' title="bbox 263 1885 1831 1955">
     <span class='ocr_line' id='line_1_20' title="bbox 263 1885 1831 1955; baseline -0.003 -12"><span class='ocrx_word' id='word_1_125' title='bbox 263 1888 369 1953; x_wconf 90' lang='lat' dir='ltr'><strong>tio;</strong></span> <span class='ocrx_word' id='word_1_126' title='bbox 400 1888 517 1942; x_wconf 56' lang='lat' dir='ltr'><strong>ba&#39;c</strong></span> <span class='ocrx_word' id='word_1_127' title='bbox 545 1886 687 1941; x_wconf 88' lang='lat' dir='ltr'><strong>enim</strong></span> <span class='ocrx_word' id='word_1_128' title='bbox 715 1886 967 1941; x_wconf 83' lang='lat' dir='ltr'><strong>Ecclesiae</strong></span> <span class='ocrx_word' id='word_1_129' title='bbox 990 1885 1273 1940; x_wconf 66' lang='lat' dir='ltr'><strong>catholicae</strong></span> <span class='ocrx_word' id='word_1_130' title='bbox 1313 1896 1437 1955; x_wconf 89' lang='lat' dir='ltr'><strong>apta</strong></span> <span class='ocrx_word' id='word_1_131' title='bbox 1467 1887 1831 1954; x_wconf 79' lang='lat' dir='ltr'><strong>cognoscitur,</strong></span> 
     </span>
    </p>
   </div>
   <div class='ocr_carea' id='block_1_21' title="bbox 258 1974 1836 2048">
    <p class='ocr_par' dir='ltr' id='par_1_21' title="bbox 258 1974 1836 2048">
     <span class='ocr_line' id='line_1_21' title="bbox 258 1974 1836 2048; baseline -0.003 -15"><span class='ocrx_word' id='word_1_132' title='bbox 258 1994 376 2048; x_wconf 67' lang='lat' dir='ltr'><strong>qua:</strong></span> <span class='ocrx_word' id='word_1_133' title='bbox 408 1978 477 2032; x_wconf 87' lang='lat' dir='ltr'><strong>de</strong></span> <span class='ocrx_word' id='word_1_134' title='bbox 505 1977 739 2031; x_wconf 80' lang='lat' dir='ltr'><strong>diversis</strong></span> <span class='ocrx_word' id='word_1_135' title='bbox 780 1975 962 2030; x_wconf 89' lang='lat' dir='ltr'><strong>mundi</strong></span> <span class='ocrx_word' id='word_1_136' title='bbox 1000 1975 1237 2043; x_wconf 89' lang='lat' dir='ltr'><strong>partibus</strong></span> <span class='ocrx_word' id='word_1_137' title='bbox 1279 1984 1613 2046; x_wconf 83' lang='lat' dir='ltr'><strong>aggregatur.</strong></span> <span class='ocrx_word' id='word_1_138' title='bbox 1649 1974 1836 2029; x_wconf 86' lang='lat' dir='ltr'><strong>Omnes</strong></span> 
     </span>
    </p>
   </div>
   <div class='ocr_carea' id='block_1_22' title="bbox 261 2066 1836 2139">
    <p class='ocr_par' dir='ltr' id='par_1_22' title="bbox 261 2066 1836 2139">
     <span class='ocr_line' id='line_1_22' title="bbox 261 2066 1836 2139; baseline -0.004 -14"><span class='ocrx_word' id='word_1_139' title='bbox 261 2070 405 2125; x_wconf 87' lang='lat' dir='ltr'><strong>enim</strong></span> <span class='ocrx_word' id='word_1_140' title='bbox 437 2078 612 2139; x_wconf 81' lang='lat' dir='ltr'><strong>gentes</strong></span> <span class='ocrx_word' id='word_1_141' title='bbox 629 2067 680 2121; x_wconf 93' lang='lat' dir='ltr'><strong>in</strong></span> <span class='ocrx_word' id='word_1_142' title='bbox 703 2070 814 2122; x_wconf 87' lang='lat' dir='ltr'><strong>suis</strong></span> <span class='ocrx_word' id='word_1_143' title='bbox 837 2067 1045 2136; x_wconf 89' lang='lat' dir='ltr'><strong>populis</strong></span> <span class='ocrx_word' id='word_1_144' title='bbox 1063 2066 1384 2136; x_wconf 71' lang='lat' dir='ltr'><strong>generaliter</strong></span> <span class='ocrx_word' id='word_1_145' title='bbox 1407 2074 1836 2132; x_wconf 88' lang='lat' dir='ltr'><strong>commonentur,</strong></span> 
     </span>
    </p>
   </div>
   <div class='ocr_carea' id='block_1_23' title="bbox 258 2156 1806 2230">
    <p class='ocr_par' dir='ltr' id='par_1_23' title="bbox 258 2156 1806 2230">
     <span class='ocr_line' id='line_1_23' title="bbox 258 2156 1806 2230; baseline -0.005 -15"><span class='ocrx_word' id='word_1_146' title='bbox 258 2177 323 2215; x_wconf 89' lang='lat' dir='ltr'><strong>ne</strong></span> <span class='ocrx_word' id='word_1_147' title='bbox 349 2161 473 2230; x_wconf 81' lang='lat' dir='ltr'><strong>quis</strong></span> <span class='ocrx_word' id='word_1_148' title='bbox 500 2175 561 2214; x_wconf 88' lang='lat' dir='ltr'><strong>se</strong></span> <span class='ocrx_word' id='word_1_149' title='bbox 590 2160 640 2212; x_wconf 90' lang='lat' dir='ltr'><strong>in</strong></span> <span class='ocrx_word' id='word_1_150' title='bbox 668 2158 867 2228; x_wconf 78' lang='lat' dir='ltr'><strong>iudicio</strong></span> <span class='ocrx_word' id='word_1_151' title='bbox 894 2158 1105 2211; x_wconf 89' lang='lat' dir='ltr'><strong>Domini</strong></span> <span class='ocrx_word' id='word_1_152' title='bbox 1136 2157 1276 2211; x_wconf 84' lang='lat' dir='ltr'><strong>dicat</strong></span> <span class='ocrx_word' id='word_1_153' title='bbox 1304 2172 1425 2212; x_wconf 92' lang='lat' dir='ltr'><strong>esse</strong></span> <span class='ocrx_word' id='word_1_154' title='bbox 1456 2156 1806 2226; x_wconf 70' lang='lat' dir='ltr'><strong>praeteritum.</strong></span> 
     </span>
    </p>
   </div>
   <div class='ocr_carea' id='block_1_24' title="bbox 325 2249 1842 2317">
    <p class='ocr_par' dir='ltr' id='par_1_24' title="bbox 325 2249 1842 2317">
     <span class='ocr_line' id='line_1_24' title="bbox 325 2249 1842 2317; baseline -0.005 -8"><span class='ocrx_word' id='word_1_155' title='bbox 325 2250 483 2309; x_wconf 76' lang='lat' dir='ltr'><strong>Ven.</strong></span> <span class='ocrx_word' id='word_1_156' title='bbox 514 2251 571 2303; x_wconf 76' lang='lat'><strong>‘2.</strong></span> <span class='ocrx_word' id='word_1_157' title='bbox 605 2250 855 2315; x_wconf 78' lang='lat' dir='ltr'><strong>Quoniam</strong></span> <span class='ocrx_word' id='word_1_158' title='bbox 889 2249 1190 2317; x_wconf 78' lang='lat' dir='ltr'><strong>conﬁrmata</strong></span> <span class='ocrx_word' id='word_1_159' title='bbox 1218 2261 1288 2303; x_wconf 72' lang='lat' dir='ltr'><strong>cst</strong></span> <span class='ocrx_word' id='word_1_160' title='bbox 1323 2265 1476 2316; x_wconf 82' lang='lat' dir='ltr'><strong>super</strong></span> <span class='ocrx_word' id='word_1_161' title='bbox 1516 2266 1603 2303; x_wconf 85' lang='lat' dir='ltr'><strong>nos</strong></span> <span class='ocrx_word' id='word_1_162' title='bbox 1644 2251 1842 2304; x_wconf 65' lang='lat' dir='ltr'><strong>misert-</strong></span> 
     </span>
    </p>
   </div>
   <div class='ocr_carea' id='block_1_25' title="bbox 255 2342 1845 2414">
    <p class='ocr_par' dir='ltr' id='par_1_25' title="bbox 255 2342 1845 2414">
     <span class='ocr_line' id='line_1_25' title="bbox 255 2342 1845 2414; baseline -0.001 -15"><span class='ocrx_word' id='word_1_163' title='bbox 255 2346 433 2399; x_wconf 82' lang='lat' dir='ltr'><strong>cordia</strong></span> <span class='ocrx_word' id='word_1_164' title='bbox 459 2346 597 2414; x_wconf 79' lang='lat' dir='ltr'><strong>ejus,</strong></span> <span class='ocrx_word' id='word_1_165' title='bbox 621 2351 670 2396; x_wconf 84' lang='lat' dir='ltr'><strong>et</strong></span> <span class='ocrx_word' id='word_1_166' title='bbox 692 2344 874 2397; x_wconf 80' lang='lat' dir='ltr'><strong>veritas</strong></span> <span class='ocrx_word' id='word_1_167' title='bbox 892 2342 1096 2396; x_wconf 87' lang='lat' dir='ltr'><strong>Domini</strong></span> <span class='ocrx_word' id='word_1_168' title='bbox 1122 2352 1287 2396; x_wconf 86' lang='lat' dir='ltr'><strong>manet</strong></span> <span class='ocrx_word' id='word_1_169' title='bbox 1309 2344 1360 2395; x_wconf 87' lang='lat' dir='ltr'><strong>in</strong></span> <span class='ocrx_word' id='word_1_170' title='bbox 1383 2353 1646 2397; x_wconf 62' lang='lat' dir='ltr'><strong>(etet-num.</strong></span> <span class='ocrx_word' id='word_1_171' title='bbox 1673 2343 1845 2398; x_wconf 84' lang='lat' dir='ltr'><strong>Causa</strong></span> 
     </span>
    </p>
   </div>
   <div class='ocr_carea' id='block_1_26' title="bbox 256 2433 1841 2504">
    <p class='ocr_par' dir='ltr' id='par_1_26' title="bbox 256 2433 1841 2504">
     <span class='ocr_line' id='line_1_26' title="bbox 256 2433 1841 2504; baseline -0.003 -11"><span class='ocrx_word' id='word_1_172' title='bbox 256 2436 499 2493; x_wconf 88' lang='lat' dir='ltr'><strong>redditur</strong></span> <span class='ocrx_word' id='word_1_173' title='bbox 529 2449 696 2504; x_wconf 89' lang='lat' dir='ltr'><strong>quare</strong></span> <span class='ocrx_word' id='word_1_174' title='bbox 744 2433 933 2489; x_wconf 78' lang='lat' dir='ltr'><strong>debeat</strong></span> <span class='ocrx_word' id='word_1_175' title='bbox 976 2435 1231 2488; x_wconf 86' lang='lat' dir='ltr'><strong>Dominus</strong></span> <span class='ocrx_word' id='word_1_176' title='bbox 1276 2442 1387 2489; x_wconf 84' lang='lat' dir='ltr'><strong>toto</strong></span> <span class='ocrx_word' id='word_1_177' title='bbox 1431 2435 1560 2489; x_wconf 87' lang='lat' dir='ltr'><strong>orbe</strong></span> <span class='ocrx_word' id='word_1_178' title='bbox 1593 2435 1841 2490; x_wconf 88' lang='lat' dir='ltr'><strong>laudari:</strong></span> 
     </span>
    </p>
   </div>
   <div class='ocr_carea' id='block_1_27' title="bbox 255 2526 1841 2599">
    <p class='ocr_par' dir='ltr' id='par_1_27' title="bbox 255 2526 1841 2599">
     <span class='ocr_line' id='line_1_27' title="bbox 255 2526 1841 2599; baseline -0.002 -16"><span class='ocrx_word' id='word_1_179' title='bbox 255 2529 509 2599; x_wconf 79' lang='lat' dir='ltr'><strong>quoniam</strong></span> <span class='ocrx_word' id='word_1_180' title='bbox 544 2526 925 2594; x_wconf 88' lang='lat' dir='ltr'><strong>promissiones</strong></span> <span class='ocrx_word' id='word_1_181' title='bbox 976 2540 1121 2590; x_wconf 86' lang='lat' dir='ltr'><strong>suas,</strong></span> <span class='ocrx_word' id='word_1_182' title='bbox 1161 2540 1290 2595; x_wconf 87' lang='lat' dir='ltr'><strong>quas</strong></span> <span class='ocrx_word' id='word_1_183' title='bbox 1333 2542 1425 2593; x_wconf 87' lang='lat' dir='ltr'><strong>per</strong></span> <span class='ocrx_word' id='word_1_184' title='bbox 1463 2535 1841 2595; x_wconf 79' lang='lat' dir='ltr'><strong>sanctos‘pro-</strong></span> 
     </span>
    </p>
   </div>
   <div class='ocr_carea' id='block_1_28' title="bbox 258 2616 1839 2687">
    <p class='ocr_par' dir='ltr' id='par_1_28' title="bbox 258 2616 1839 2687">
     <span class='ocr_line' id='line_1_28' title="bbox 258 2616 1839 2687; baseline -0.001 -15"><span class='ocrx_word' id='word_1_185' title='bbox 258 2620 447 2687; x_wconf 87' lang='lat' dir='ltr'><strong>phetas</strong></span> <span class='ocrx_word' id='word_1_186' title='bbox 476 2618 749 2684; x_wconf 80' lang='lat' dir='ltr'><strong>eﬂecerat,</strong></span> <span class='ocrx_word' id='word_1_187' title='bbox 775 2616 1037 2671; x_wconf 86' lang='lat' dir='ltr'><strong>adventus</strong></span> <span class='ocrx_word' id='word_1_188' title='bbox 1069 2617 1148 2669; x_wconf 89' lang='lat' dir='ltr'><strong>sui</strong></span> <span class='ocrx_word' id='word_1_189' title='bbox 1192 2617 1499 2671; x_wconf 85' lang='lat' dir='ltr'><strong>visitatione</strong></span> <span class='ocrx_word' id='word_1_190' title='bbox 1535 2619 1839 2685; x_wconf 81' lang='lat' dir='ltr'><strong>complevit.</strong></span> 
     </span>
    </p>
   </div>
   <div class='ocr_carea' id='block_1_29' title="bbox 256 2705 1843 2779">
    <p class='ocr_par' dir='ltr' id='par_1_29' title="bbox 256 2705 1843 2779">
     <span class='ocr_line' id='line_1_29' title="bbox 256 2705 1843 2779; baseline -0.001 -16"><span class='ocrx_word' id='word_1_191' title='bbox 256 2711 576 2779; x_wconf 77' lang='lat' dir='ltr'><strong>Confirmata</strong></span> <span class='ocrx_word' id='word_1_192' title='bbox 599 2718 671 2763; x_wconf 87' lang='lat' dir='ltr'><strong>est</strong></span> <span class='ocrx_word' id='word_1_193' title='bbox 696 2710 839 2762; x_wconf 89' lang='lat' dir='ltr'><strong>enim</strong></span> <span class='ocrx_word' id='word_1_194' title='bbox 864 2710 913 2761; x_wconf 92' lang='lat' dir='ltr'><strong>in</strong></span> <span class='ocrx_word' id='word_1_195' title='bbox 945 2708 1136 2776; x_wconf 84' lang='lat' dir='ltr'><strong>pOpulo</strong></span> <span class='ocrx_word' id='word_1_196' title='bbox 1162 2705 1463 2763; x_wconf 86' lang='lat' dir='ltr'><strong>Christiano</strong></span> <span class='ocrx_word' id='word_1_197' title='bbox 1498 2710 1843 2763; x_wconf 74' lang='lat' dir='ltr'><strong>misericordia</strong></span> 
     </span>
    </p>
   </div>
   <div class='ocr_carea' id='block_1_30' title="bbox 257 2802 1842 2874">
    <p class='ocr_par' dir='ltr' id='par_1_30' title="bbox 257 2802 1842 2874">
     <span class='ocr_line' id='line_1_30' title="bbox 257 2802 1842 2874; baseline 0.001 -18"><span class='ocrx_word' id='word_1_198' title='bbox 257 2807 385 2874; x_wconf 72' lang='lat' dir='ltr'><strong>ejus,</strong></span> <span class='ocrx_word' id='word_1_199' title='bbox 417 2813 473 2859; x_wconf 89' lang='lat' dir='ltr'><strong>et</strong></span> <span class='ocrx_word' id='word_1_200' title='bbox 500 2816 606 2855; x_wconf 82' lang='lat' dir='ltr'><strong>non</strong></span> <span class='ocrx_word' id='word_1_201' title='bbox 648 2802 1070 2857; x_wconf 75' lang='lat' dir='ltr'><strong>commovebitur</strong></span> <span class='ocrx_word' id='word_1_202' title='bbox 1108 2803 1158 2853; x_wconf 88' lang='lat' dir='ltr'><strong>in</strong></span> <span class='ocrx_word' id='word_1_203' title='bbox 1198 2812 1472 2866; x_wconf 66' lang='lat' dir='ltr'><strong>(sternam,</strong></span> <span class='ocrx_word' id='word_1_204' title='bbox 1505 2803 1712 2870; x_wconf 84' lang='lat' dir='ltr'><strong>quando</strong></span> <span class='ocrx_word' id='word_1_205' title='bbox 1754 2803 1842 2857; x_wconf 86' lang='lat' dir='ltr'><strong>ille</strong></span> 
     </span>
    </p>
   </div>
   <div class='ocr_carea' id='block_1_31' title="bbox 258 2894 1841 2964">
    <p class='ocr_par' dir='ltr' id='par_1_31' title="bbox 258 2894 1841 2964">
     <span class='ocr_line' id='line_1_31' title="bbox 258 2894 1841 2964; baseline 0.001 -17"><span class='ocrx_word' id='word_1_206' title='bbox 258 2895 347 2964; x_wconf 91' lang='lat' dir='ltr'><strong>qui</strong></span> <span class='ocrx_word' id='word_1_207' title='bbox 375 2894 646 2964; x_wconf 72' lang='lat' dir='ltr'><strong>prtestitit,</strong></span> <span class='ocrx_word' id='word_1_208' title='bbox 678 2894 792 2959; x_wconf 84' lang='lat' dir='ltr'><strong>ipse</strong></span> <span class='ocrx_word' id='word_1_209' title='bbox 826 2909 922 2947; x_wconf 91' lang='lat' dir='ltr'><strong>nos</strong></span> <span class='ocrx_word' id='word_1_210' title='bbox 953 2894 1033 2962; x_wconf 89' lang='lat' dir='ltr'><strong>(nt</strong></span> <span class='ocrx_word' id='word_1_211' title='bbox 1061 2894 1277 2948; x_wconf 55' lang='lat' dir='ltr'><strong>(retlt&#39;re</strong></span> <span class='ocrx_word' id='word_1_212' title='bbox 1307 2894 1517 2963; x_wconf 85' lang='lat' dir='ltr'><strong>dignum</strong></span> <span class='ocrx_word' id='word_1_213' title='bbox 1549 2894 1651 2964; x_wconf 89' lang='lat' dir='ltr'><strong>est)</strong></span> <span class='ocrx_word' id='word_1_214' title='bbox 1682 2894 1841 2948; x_wconf 88' lang='lat' dir='ltr'><strong>etiam</strong></span> 
     </span>
    </p>
   </div>
   <div class='ocr_carea' id='block_1_32' title="bbox 257 2985 1845 3049">
    <p class='ocr_par' dir='ltr' id='par_1_32' title="bbox 257 2985 1845 3049">
     <span class='ocr_line' id='line_1_32' title="bbox 257 2985 1845 3049; baseline 0.001 -11"><span class='ocrx_word' id='word_1_215' title='bbox 257 3000 352 3039; x_wconf 86' lang='lat' dir='ltr'><strong>sua</strong></span> <span class='ocrx_word' id='word_1_216' title='bbox 383 2985 731 3040; x_wconf 84' lang='lat' dir='ltr'><strong>miseratione</strong></span> <span class='ocrx_word' id='word_1_217' title='bbox 760 2986 1012 3039; x_wconf 76' lang='lat' dir='ltr'><strong>custodit.</strong></span> <span class='ocrx_word' id='word_1_218' title='bbox 1044 2985 1299 3049; x_wconf 80' lang='lat' dir='ltr'><strong>Addidit,</strong></span> <span class='ocrx_word' id='word_1_219' title='bbox 1345 2996 1392 3038; x_wconf 88' lang='lat' dir='ltr'><strong>et</strong></span> <span class='ocrx_word' id='word_1_220' title='bbox 1423 2988 1605 3039; x_wconf 67' lang='lat' dir='ltr'><strong>veritas</strong></span> <span class='ocrx_word' id='word_1_221' title='bbox 1641 2987 1845 3039; x_wconf 86' lang='lat' dir='ltr'><strong>Domini</strong></span> 
     </span>
    </p>
   </div>
   <div class='ocr_carea' id='block_1_33' title="bbox 259 3075 1844 3143">
    <p class='ocr_par' dir='ltr' id='par_1_33' title="bbox 259 3075 1844 3143">
     <span class='ocr_line' id='line_1_33' title="bbox 259 3075 1844 3143; baseline 0.001 -15"><span class='ocrx_word' id='word_1_222' title='bbox 259 3086 432 3130; x_wconf 81' lang='lat' dir='ltr'><strong>manet</strong></span> <span class='ocrx_word' id='word_1_223' title='bbox 463 3077 514 3129; x_wconf 86' lang='lat' dir='ltr'><strong>in</strong></span> <span class='ocrx_word' id='word_1_224' title='bbox 547 3086 809 3130; x_wconf 78' lang='lat' dir='ltr'><strong>wternum.</strong></span> <span class='ocrx_word' id='word_1_225' title='bbox 842 3075 936 3130; x_wconf 81' lang='lat' dir='ltr'><strong>llic</strong></span> <span class='ocrx_word' id='word_1_226' title='bbox 960 3079 1146 3129; x_wconf 82' lang='lat' dir='ltr'><strong>veritas</strong></span> <span class='ocrx_word' id='word_1_227' title='bbox 1196 3076 1400 3129; x_wconf 85' lang='lat' dir='ltr'><strong>Domini</strong></span> <span class='ocrx_word' id='word_1_228' title='bbox 1442 3077 1603 3130; x_wconf 78' lang='lat' dir='ltr'><strong>Filius</strong></span> <span class='ocrx_word' id='word_1_229' title='bbox 1640 3076 1844 3143; x_wconf 80' lang='lat' dir='ltr'><strong>signiti-</strong></span> 
     </span>
    </p>
   </div>
   <div class='ocr_carea' id='block_1_34' title="bbox 260 3166 1847 3238">
    <p class='ocr_par' dir='ltr' id='par_1_34' title="bbox 260 3166 1847 3238">
     <span class='ocr_line' id='line_1_34' title="bbox 260 3166 1847 3238; baseline 0 -17"><span class='ocrx_word' id='word_1_230' title='bbox 260 3176 431 3232; x_wconf 79' lang='lat' dir='ltr'><strong>catur,</strong></span> <span class='ocrx_word' id='word_1_231' title='bbox 463 3168 622 3238; x_wconf 80' lang='lat'><strong>393</strong></span> <span class='ocrx_word' id='word_1_232' title='bbox 651 3167 787 3221; x_wconf 90' lang='lat' dir='ltr'><strong>sicut</strong></span> <span class='ocrx_word' id='word_1_233' title='bbox 816 3168 930 3236; x_wconf 90' lang='lat' dir='ltr'><strong>ipse</strong></span> <span class='ocrx_word' id='word_1_234' title='bbox 957 3168 1087 3220; x_wconf 84' lang='lat' dir='ltr'><strong>dicit</strong></span> <span class='ocrx_word' id='word_1_235' title='bbox 1112 3184 1123 3218; x_wconf 94' lang='lat'><strong>:</strong></span> <span class='ocrx_word' id='word_1_236' title='bbox 1155 3166 1267 3237; x_wconf 72' lang='lat' dir='ltr'><strong>Ego</strong></span> <span class='ocrx_word' id='word_1_237' title='bbox 1289 3184 1403 3220; x_wconf 87' lang='lat' dir='ltr'><strong>sum</strong></span> <span class='ocrx_word' id='word_1_238' title='bbox 1430 3173 1508 3219; x_wconf 82' lang='lat' dir='ltr'><strong>via</strong></span> <span class='ocrx_word' id='word_1_239' title='bbox 1530 3208 1543 3233; x_wconf 91' lang='lat'><strong>,</strong></span> <span class='ocrx_word' id='word_1_240' title='bbox 1592 3168 1773 3220; x_wconf 84' lang='lat' dir='ltr'><strong>veritas</strong></span> <span class='ocrx_word' id='word_1_241' title='bbox 1799 3178 1847 3221; x_wconf 83' lang='lat' dir='ltr'><strong>et</strong></span> 
     </span>
    </p>
   </div>
   <div class='ocr_carea' id='block_1_35' title="bbox 261 3259 1029 3335">
    <p class='ocr_par' dir='ltr' id='par_1_35' title="bbox 261 3259 1029 3335">
     <span class='ocr_line' id='line_1_35' title="bbox 261 3259 1029 3335; baseline -0.005 -19"><span class='ocrx_word' id='word_1_242' title='bbox 261 3262 362 3316; x_wconf 81' lang='lat' dir='ltr'><strong>rita</strong></span> <span class='ocrx_word' id='word_1_243' title='bbox 392 3259 576 3335; x_wconf 80' lang='lat' dir='ltr'><strong>(Joan.</strong></span> <span class='ocrx_word' id='word_1_244' title='bbox 611 3276 717 3327; x_wconf 82' lang='lat' dir='ltr'><strong>xlv,</strong></span> <span class='ocrx_word' id='word_1_245' title='bbox 764 3260 841 3330; x_wconf 90' lang='lat'><strong>6).</strong></span> <span class='ocrx_word' id='word_1_246' title='bbox 880 3259 1029 3324; x_wconf 84' lang='lat' dir='ltr'><strong>Nam,</strong></span> 
     </span>
    </p>
   </div>
   <div class='ocr_carea' id='block_1_36' title="bbox 261 3352 1847 3425">
    <p class='ocr_par' dir='ltr' id='par_1_36' title="bbox 261 3352 1847 3425">
     <span class='ocr_line' id='line_1_36' title="bbox 261 3352 1847 3425; baseline -0.001 -16"><span class='ocrx_word' id='word_1_247' title='bbox 261 3356 496 3410; x_wconf 81' lang='lat' dir='ltr'><strong>Arianus</strong></span> <span class='ocrx_word' id='word_1_248' title='bbox 522 3353 688 3423; x_wconf 88' lang='lat' dir='ltr'><strong>(quod</strong></span> <span class='ocrx_word' id='word_1_249' title='bbox 719 3353 826 3407; x_wconf 91' lang='lat' dir='ltr'><strong>dici</strong></span> <span class='ocrx_word' id='word_1_250' title='bbox 868 3352 1018 3408; x_wconf 89' lang='lat' dir='ltr'><strong>nefas</strong></span> <span class='ocrx_word' id='word_1_251' title='bbox 1059 3358 1189 3421; x_wconf 88' lang='lat' dir='ltr'><strong>est),</strong></span> <span class='ocrx_word' id='word_1_252' title='bbox 1236 3362 1350 3408; x_wconf 91' lang='lat' dir='ltr'><strong>erat</strong></span> <span class='ocrx_word' id='word_1_253' title='bbox 1390 3364 1597 3423; x_wconf 88' lang='lat' dir='ltr'><strong>tempus</strong></span> <span class='ocrx_word' id='word_1_254' title='bbox 1634 3354 1847 3425; x_wconf 86' lang='lat' dir='ltr'><strong>quando</strong></span> 
     </span>
    </p>
   </div>
   <div class='ocr_carea' id='block_1_37' title="bbox 262 3444 1847 3516">
    <p class='ocr_par' dir='ltr' id='par_1_37' title="bbox 262 3444 1847 3516">
     <span class='ocr_line' id='line_1_37' title="bbox 262 3444 1847 3516; baseline 0.002 -17"><span class='ocrx_word' id='word_1_255' title='bbox 262 3462 367 3499; x_wconf 80' lang='lat' dir='ltr'><strong>non</strong></span> <span class='ocrx_word' id='word_1_256' title='bbox 398 3454 518 3500; x_wconf 86' lang='lat' dir='ltr'><strong>erat</strong></span> <span class='ocrx_word' id='word_1_257' title='bbox 547 3445 709 3499; x_wconf 77' lang='lat' dir='ltr'><strong>Filius</strong></span> <span class='ocrx_word' id='word_1_258' title='bbox 738 3463 748 3496; x_wconf 95' lang='lat'>:</span> <span class='ocrx_word' id='word_1_259' title='bbox 781 3444 953 3499; x_wconf 84' lang='lat' dir='ltr'><strong>fuerat</strong></span> <span class='ocrx_word' id='word_1_260' title='bbox 999 3446 1180 3513; x_wconf 89' lang='lat' dir='ltr'><strong>utique</strong></span> <span class='ocrx_word' id='word_1_261' title='bbox 1226 3455 1434 3514; x_wconf 86' lang='lat' dir='ltr'><strong>tempus</strong></span> <span class='ocrx_word' id='word_1_262' title='bbox 1463 3447 1675 3516; x_wconf 84' lang='lat' dir='ltr'><strong>quando</strong></span> <span class='ocrx_word' id='word_1_263' title='bbox 1704 3457 1847 3503; x_wconf 85' lang='lat' dir='ltr'><strong>esset</strong></span> 
     </span>
    </p>
   </div>
   <div class='ocr_carea' id='block_1_38' title="bbox 262 3534 1845 3607">
    <p class='ocr_par' dir='ltr' id='par_1_38' title="bbox 262 3534 1845 3607">
     <span class='ocr_line' id='line_1_38' title="bbox 262 3534 1845 3607; baseline 0.001 -18"><span class='ocrx_word' id='word_1_264' title='bbox 262 3537 424 3590; x_wconf 77' lang='lat' dir='ltr'><strong>Pater</strong></span> <span class='ocrx_word' id='word_1_265' title='bbox 455 3536 572 3588; x_wconf 91' lang='lat' dir='ltr'><strong>sine</strong></span> <span class='ocrx_word' id='word_1_266' title='bbox 598 3537 843 3601; x_wconf 60' lang='lat' dir='ltr'><strong>veritate,</strong></span> <span class='ocrx_word' id='word_1_267' title='bbox 874 3534 991 3589; x_wconf 75' lang='lat' dir='ltr'><strong>sine</strong></span> <span class='ocrx_word' id='word_1_268' title='bbox 1022 3534 1129 3601; x_wconf 89' lang='lat' dir='ltr'><strong>via,</strong></span> <span class='ocrx_word' id='word_1_269' title='bbox 1163 3538 1278 3589; x_wconf 88' lang='lat' dir='ltr'><strong>sine</strong></span> <span class='ocrx_word' id='word_1_270' title='bbox 1309 3536 1436 3589; x_wconf 87' lang='lat' dir='ltr'><strong>vita.</strong></span> <span class='ocrx_word' id='word_1_271' title='bbox 1463 3537 1568 3590; x_wconf 85' lang='lat' dir='ltr'><strong>Sed</strong></span> <span class='ocrx_word' id='word_1_272' title='bbox 1595 3537 1845 3607; x_wconf 90' lang='lat' dir='ltr'><strong>quoniam</strong></span> 
     </span>
    </p>
   </div>
   <div class='ocr_carea' id='block_1_39' title="bbox 256 3626 1842 3694">
    <p class='ocr_par' dir='ltr' id='par_1_39' title="bbox 256 3626 1842 3694">
     <span class='ocr_line' id='line_1_39' title="bbox 256 3626 1842 3694; baseline 0.001 -13"><span class='ocrx_word' id='word_1_273' title='bbox 256 3630 377 3682; x_wconf 83' lang='lat' dir='ltr'><strong>sine</strong></span> <span class='ocrx_word' id='word_1_274' title='bbox 409 3626 495 3681; x_wconf 76' lang='lat' dir='ltr'><strong>his</strong></span> <span class='ocrx_word' id='word_1_275' title='bbox 525 3626 683 3680; x_wconf 90' lang='lat' dir='ltr'><strong>rebus</strong></span> <span class='ocrx_word' id='word_1_276' title='bbox 716 3626 872 3680; x_wconf 82' lang='lat' dir='ltr'><strong>Pater</strong></span> <span class='ocrx_word' id='word_1_277' title='bbox 910 3640 1018 3679; x_wconf 88' lang='lat' dir='ltr'><strong>nun</strong></span> <span class='ocrx_word' id='word_1_278' title='bbox 1041 3642 1178 3692; x_wconf 64' lang='lat' dir='ltr'><strong>(unm</strong></span> <span class='ocrx_word' id='word_1_279' title='bbox 1225 3626 1387 3681; x_wconf 77' lang='lat' dir='ltr'><strong>fuisse</strong></span> <span class='ocrx_word' id='word_1_280' title='bbox 1414 3627 1711 3681; x_wconf 89' lang='lat' dir='ltr'><strong>credendus</strong></span> <span class='ocrx_word' id='word_1_281' title='bbox 1739 3639 1842 3694; x_wconf 76' lang='lat' dir='ltr'><strong>est,</strong></span> 
     </span>
    </p>
   </div>
   <div class='ocr_carea' id='block_1_40' title="bbox 258 3717 1846 3785">
    <p class='ocr_par' dir='ltr' id='par_1_40' title="bbox 258 3717 1846 3785">
     <span class='ocr_line' id='line_1_40' title="bbox 258 3717 1846 3785; baseline 0 -13"><span class='ocrx_word' id='word_1_282' title='bbox 258 3719 417 3772; x_wconf 87' lang='lat' dir='ltr'><strong>saluti</strong></span> <span class='ocrx_word' id='word_1_283' title='bbox 450 3726 647 3771; x_wconf 65' lang='lat' dir='ltr'><strong>nostra:</strong></span> <span class='ocrx_word' id='word_1_284' title='bbox 680 3726 733 3770; x_wconf 90' lang='lat' dir='ltr'><strong>et</strong></span> <span class='ocrx_word' id='word_1_285' title='bbox 765 3718 863 3785; x_wconf 84' lang='lat' dir='ltr'><strong>ipsi</strong></span> <span class='ocrx_word' id='word_1_286' title='bbox 913 3719 1164 3770; x_wconf 85' lang='lat' dir='ltr'><strong>convenit</strong></span> <span class='ocrx_word' id='word_1_287' title='bbox 1192 3717 1400 3772; x_wconf 84' lang='lat' dir='ltr'><strong>veritati</strong></span> <span class='ocrx_word' id='word_1_288' title='bbox 1433 3728 1761 3777; x_wconf 63' lang='lat' dir='ltr'><strong>comternum</strong></span> <span class='ocrx_word' id='word_1_289' title='bbox 1791 3727 1846 3773; x_wconf 90' lang='lat' dir='ltr'><strong>et</strong></span> 
     </span>
    </p>
   </div>
   <div class='ocr_carea' id='block_1_41' title="bbox 257 3803 1842 3877">
    <p class='ocr_par' dir='ltr' id='par_1_41' title="bbox 257 3803 1842 3877">
     <span class='ocr_line' id='line_1_41' title="bbox 257 3803 1842 3877; baseline 0.001 -17"><span class='ocrx_word' id='word_1_290' title='bbox 257 3807 773 3861; x_wconf 86' lang='lat' dir='ltr'><strong>consubstantialem</strong></span> <span class='ocrx_word' id='word_1_291' title='bbox 818 3803 959 3861; x_wconf 70' lang='lat' dir='ltr'><strong>Pazri</strong></span> <span class='ocrx_word' id='word_1_292' title='bbox 1002 3823 1097 3877; x_wconf 90' lang='lat' dir='ltr'><strong>per</strong></span> <span class='ocrx_word' id='word_1_293' title='bbox 1136 3810 1313 3861; x_wconf 86' lang='lat' dir='ltr'><strong>omnia</strong></span> <span class='ocrx_word' id='word_1_294' title='bbox 1355 3808 1543 3862; x_wconf 86' lang='lat' dir='ltr'><strong>Filium</strong></span> <span class='ocrx_word' id='word_1_295' title='bbox 1581 3810 1842 3864; x_wconf 88' lang='lat' dir='ltr'><strong>conﬁteri.</strong></span> 
     </span>
    </p>
   </div>
   <div class='ocr_carea' id='block_1_42' title="bbox 260 3894 1845 3969">
    <p class='ocr_par' dir='ltr' id='par_1_42' title="bbox 260 3894 1845 3969">
     <span class='ocr_line' id='line_1_42' title="bbox 260 3894 1845 3969; baseline 0.001 -16"><span class='ocrx_word' id='word_1_296' title='bbox 260 3894 471 3953; x_wconf 74' lang='lat' dir='ltr'><strong>Deinde</strong></span> <span class='ocrx_word' id='word_1_297' title='bbox 500 3900 755 3966; x_wconf 87' lang='lat' dir='ltr'><strong>scriptum</strong></span> <span class='ocrx_word' id='word_1_298' title='bbox 787 3908 905 3952; x_wconf 88' lang='lat' dir='ltr'><strong>est:</strong></span> <span class='ocrx_word' id='word_1_299' title='bbox 935 3897 1119 3950; x_wconf 85' lang='lat' dir='ltr'><strong>Omnia</strong></span> <span class='ocrx_word' id='word_1_300' title='bbox 1157 3916 1248 3968; x_wconf 69' lang='lat' dir='ltr'><strong>per</strong></span> <span class='ocrx_word' id='word_1_301' title='bbox 1271 3901 1433 3969; x_wconf 84' lang='lat' dir='ltr'><strong>ipsum</strong></span> <span class='ocrx_word' id='word_1_302' title='bbox 1466 3904 1603 3968; x_wconf 78' lang='lat' dir='ltr'><strong>facta</strong></span> <span class='ocrx_word' id='word_1_303' title='bbox 1629 3910 1766 3967; x_wconf 82' lang='lat' dir='ltr'><strong>sunt,</strong></span> <span class='ocrx_word' id='word_1_304' title='bbox 1799 3912 1845 3954; x_wconf 84' lang='lat' dir='ltr'><strong>et</strong></span> 
     </span>
    </p>
   </div>
   <div class='ocr_carea' id='block_1_43' title="bbox 259 3987 1842 4059">
    <p class='ocr_par' dir='ltr' id='par_1_43' title="bbox 259 3987 1842 4059">
     <span class='ocr_line' id='line_1_43' title="bbox 259 3987 1842 4059; baseline 0.002 -17"><span class='ocrx_word' id='word_1_305' title='bbox 259 3991 369 4042; x_wconf 55' lang='lat' dir='ltr'><strong>sine</strong></span> <span class='ocrx_word' id='word_1_306' title='bbox 396 3991 507 4059; x_wconf 88' lang='lat' dir='ltr'><strong>ipso</strong></span> <span class='ocrx_word' id='word_1_307' title='bbox 536 3989 727 4054; x_wconf 73' lang='lat' dir='ltr'><strong>factum</strong></span> <span class='ocrx_word' id='word_1_308' title='bbox 752 3996 823 4040; x_wconf 77' lang='lat' dir='ltr'><strong>est</strong></span> <span class='ocrx_word' id='word_1_309' title='bbox 854 3987 981 4040; x_wconf 69' lang='lat' dir='ltr'><strong>nr&#39;ln‘l</strong></span> <span class='ocrx_word' id='word_1_310' title='bbox 1012 3988 1187 4057; x_wconf 83' lang='lat' dir='ltr'><strong>(Joan.</strong></span> <span class='ocrx_word' id='word_1_311' title='bbox 1219 4004 1257 4054; x_wconf 85' lang='grc' dir='ltr'><strong>ι,</strong></span> <span class='ocrx_word' id='word_1_312' title='bbox 1292 3990 1367 4057; x_wconf 78' lang='lat'><strong>5).</strong></span> <span class='ocrx_word' id='word_1_313' title='bbox 1399 3988 1527 4042; x_wconf 88' lang='lat' dir='ltr'><strong>Nam</strong></span> <span class='ocrx_word' id='word_1_314' title='bbox 1556 3990 1599 4043; x_wconf 91' lang='lat' dir='ltr'><strong>si</strong></span> <span class='ocrx_word' id='word_1_315' title='bbox 1632 4000 1842 4059; x_wconf 86' lang='lat' dir='ltr'><strong>tempus</strong></span> 
     </span>
    </p>
   </div>
   <div class='ocr_carea' id='block_1_44' title="bbox 258 4081 1843 4149">
    <p class='ocr_par' dir='ltr' id='par_1_44' title="bbox 258 4081 1843 4149">
     <span class='ocr_line' id='line_1_44' title="bbox 258 4081 1843 4149; baseline 0.001 -14"><span class='ocrx_word' id='word_1_316' title='bbox 258 4092 343 4136; x_wconf 82' lang='lat' dir='ltr'><strong>est</strong></span> <span class='ocrx_word' id='word_1_317' title='bbox 373 4082 568 4135; x_wconf 76' lang='lat' dir='ltr'><strong>factum</strong></span> <span class='ocrx_word' id='word_1_318' title='bbox 601 4096 693 4149; x_wconf 90' lang='lat' dir='ltr'><strong>per</strong></span> <span class='ocrx_word' id='word_1_319' title='bbox 716 4081 932 4145; x_wconf 77' lang='lat' dir='ltr'><strong>Filium,</strong></span> <span class='ocrx_word' id='word_1_320' title='bbox 960 4082 1229 4149; x_wconf 86' lang='lat' dir='ltr'><strong>quomodo</strong></span> <span class='ocrx_word' id='word_1_321' title='bbox 1256 4081 1484 4135; x_wconf 76' lang='lat' dir='ltr'><strong>existere</strong></span> <span class='ocrx_word' id='word_1_322' title='bbox 1513 4084 1684 4147; x_wconf 81' lang='lat' dir='ltr'><strong>potuit</strong></span> <span class='ocrx_word' id='word_1_323' title='bbox 1710 4090 1843 4136; x_wconf 89' lang='lat' dir='ltr'><strong>tem-</strong></span> 
     </span>
    </p>
   </div>
   <div class='ocr_carea' id='block_1_45' title="bbox 260 4172 1839 4244">
    <p class='ocr_par' dir='ltr' id='par_1_45' title="bbox 260 4172 1839 4244">
     <span class='ocr_line' id='line_1_45' title="bbox 260 4172 1839 4244; baseline 0.001 -18"><span class='ocrx_word' id='word_1_324' title='bbox 260 4188 384 4241; x_wconf 92' lang='lat' dir='ltr'><strong>pus,</strong></span> <span class='ocrx_word' id='word_1_325' title='bbox 409 4172 623 4240; x_wconf 81' lang='lat' dir='ltr'><strong>quando</strong></span> <span class='ocrx_word' id='word_1_326' title='bbox 653 4186 756 4225; x_wconf 91' lang='lat' dir='ltr'><strong>non</strong></span> <span class='ocrx_word' id='word_1_327' title='bbox 787 4182 901 4227; x_wconf 90' lang='lat' dir='ltr'><strong>erat</strong></span> <span class='ocrx_word' id='word_1_328' title='bbox 927 4184 1113 4226; x_wconf 88' lang='lat' dir='ltr'><strong>auctor</strong></span> <span class='ocrx_word' id='word_1_329' title='bbox 1150 4172 1309 4241; x_wconf 84' lang='lat' dir='ltr'><strong>ejus?</strong></span> <span class='ocrx_word' id='word_1_330' title='bbox 1345 4173 1434 4229; x_wconf 91' lang='lat' dir='ltr'><strong>Sic</strong></span> <span class='ocrx_word' id='word_1_331' title='bbox 1461 4189 1672 4229; x_wconf 87' lang='lat' dir='ltr'><strong>errores</strong></span> <span class='ocrx_word' id='word_1_332' title='bbox 1716 4190 1839 4244; x_wconf 81' lang='lat' dir='ltr'><strong>pra-</strong></span> 
     </span>
    </p>
   </div>
   <div class='ocr_carea' id='block_1_46' title="bbox 260 4263 1842 4334">
    <p class='ocr_par' dir='ltr' id='par_1_46' title="bbox 260 4263 1842 4334">
     <span class='ocr_line' id='line_1_46' title="bbox 260 4263 1842 4334; baseline 0.001 -17"><span class='ocrx_word' id='word_1_333' title='bbox 260 4279 358 4318; x_wconf 82' lang='lat' dir='ltr'><strong>vos</strong></span> <span class='ocrx_word' id='word_1_334' title='bbox 386 4264 630 4333; x_wconf 81' lang='lat' dir='ltr'><strong>sequitur</strong></span> <span class='ocrx_word' id='word_1_335' title='bbox 667 4277 879 4332; x_wconf 87' lang='lat' dir='ltr'><strong>semper</strong></span> <span class='ocrx_word' id='word_1_336' title='bbox 915 4263 1237 4317; x_wconf 87' lang='lat' dir='ltr'><strong>absurditas.</strong></span> <span class='ocrx_word' id='word_1_337' title='bbox 1290 4264 1589 4333; x_wconf 85' lang='lat' dir='ltr'><strong>Subjiciunt</strong></span> <span class='ocrx_word' id='word_1_338' title='bbox 1633 4280 1842 4334; x_wconf 86' lang='lat' dir='ltr'><strong>quoque</strong></span> 
     </span>
    </p>
   </div>
   <div class='ocr_carea' id='block_1_47' title="bbox 263 4351 1844 4423">
    <p class='ocr_par' dir='ltr' id='par_1_47' title="bbox 263 4351 1844 4423">
     <span class='ocr_line' id='line_1_47' title="bbox 263 4351 1844 4423; baseline -0.001 -14"><span class='ocrx_word' id='word_1_339' title='bbox 263 4354 476 4409; x_wconf 83' lang='lat' dir='ltr'><strong>tertiam</strong></span> <span class='ocrx_word' id='word_1_340' title='bbox 502 4353 787 4407; x_wconf 60' lang='lat' dir='ltr'><strong>falsitatem</strong></span> <span class='ocrx_word' id='word_1_341' title='bbox 815 4369 826 4405; x_wconf 93' lang='lat'>:</span> <span class='ocrx_word' id='word_1_342' title='bbox 867 4351 1022 4406; x_wconf 87' lang='lat' dir='ltr'><strong>Pater</strong></span> <span class='ocrx_word' id='word_1_343' title='bbox 1050 4367 1264 4421; x_wconf 90' lang='lat' dir='ltr'><strong>semper</strong></span> <span class='ocrx_word' id='word_1_344' title='bbox 1288 4355 1526 4407; x_wconf 87' lang='lat' dir='ltr'><strong>anterius</strong></span> <span class='ocrx_word' id='word_1_345' title='bbox 1551 4354 1687 4423; x_wconf 86' lang='lat' dir='ltr'><strong>Filio</strong></span> <span class='ocrx_word' id='word_1_346' title='bbox 1711 4370 1844 4423; x_wconf 63' lang='lat' dir='ltr'><strong>pra:-</strong></span> 
     </span>
    </p>
   </div>
   <div class='ocr_carea' id='block_1_48' title="bbox 260 4444 1839 4514">
    <p class='ocr_par' dir='ltr' id='par_1_48' title="bbox 260 4444 1839 4514">
     <span class='ocr_line' id='line_1_48' title="bbox 260 4444 1839 4514; baseline 0.001 -15"><span class='ocrx_word' id='word_1_347' title='bbox 260 4446 494 4499; x_wconf 85' lang='lat' dir='ltr'><strong>dicatur.</strong></span> <span class='ocrx_word' id='word_1_348' title='bbox 543 4445 607 4497; x_wconf 82' lang='lat' dir='ltr'><strong>Et</strong></span> <span class='ocrx_word' id='word_1_349' title='bbox 637 4445 724 4498; x_wconf 89' lang='lat' dir='ltr'><strong>ubi</strong></span> <span class='ocrx_word' id='word_1_350' title='bbox 754 4452 837 4498; x_wconf 88' lang='lat' dir='ltr'><strong>est</strong></span> <span class='ocrx_word' id='word_1_351' title='bbox 881 4444 1044 4497; x_wconf 75' lang='lat' dir='ltr'><strong>illud?</strong></span> <span class='ocrx_word' id='word_1_352' title='bbox 1072 4444 1136 4496; x_wconf 89' lang='lat' dir='ltr'><strong>In</strong></span> <span class='ocrx_word' id='word_1_353' title='bbox 1171 4446 1424 4514; x_wconf 88' lang='lat' dir='ltr'><strong>principio</strong></span> <span class='ocrx_word' id='word_1_354' title='bbox 1452 4457 1559 4498; x_wconf 77' lang='lat' dir='ltr'><strong>erat</strong></span> <span class='ocrx_word' id='word_1_355' title='bbox 1608 4446 1839 4511; x_wconf 77' lang='lat' dir='ltr'><strong>Verbum,</strong></span> 
     </span>
    </p>
   </div>
   <div class='ocr_carea' id='block_1_49' title="bbox 1939 520 3527 585">
    <p class='ocr_par' dir='ltr' id='par_1_49' title="bbox 1939 520 3527 585">
     <span class='ocr_line' id='line_1_49' title="bbox 1939 520 3527 585; baseline 0.002 -12"><span class='ocrx_word' id='word_1_356' title='bbox 1939 520 2314 585; x_wconf 89' lang='lat' dir='ltr'><strong>nominatum;</strong></span> <span class='ocrx_word' id='word_1_357' title='bbox 2358 520 2430 573; x_wconf 86' lang='lat' dir='ltr'><strong>ait</strong></span> <span class='ocrx_word' id='word_1_358' title='bbox 2471 521 2611 575; x_wconf 85' lang='lat' dir='ltr'><strong>enim</strong></span> <span class='ocrx_word' id='word_1_359' title='bbox 2649 520 2845 575; x_wconf 87' lang='lat' dir='ltr'><strong>Paulus</strong></span> <span class='ocrx_word' id='word_1_360' title='bbox 2884 522 2947 574; x_wconf 88' lang='lat' dir='ltr'><strong>ad</strong></span> <span class='ocrx_word' id='word_1_361' title='bbox 2982 522 3527 578; x_wconf 67' lang='lat' dir='ltr'><strong>Tltes~alonicenscs:</strong></span> 
     </span>
    </p>
   </div>
   <div class='ocr_carea' id='block_1_50' title="bbox 1939 605 3530 680">
    <p class='ocr_par' dir='ltr' id='par_1_50' title="bbox 1939 605 3530 680">
     <span class='ocr_line' id='line_1_50' title="bbox 1939 605 3530 680; baseline 0.005 -21"><span class='ocrx_word' id='word_1_362' title='bbox 1939 605 2192 661; x_wconf 86' lang='lat' dir='ltr'><strong>Dominus</strong></span> <span class='ocrx_word' id='word_1_363' title='bbox 2231 621 2401 663; x_wconf 84' lang='lat' dir='ltr'><strong>autem</strong></span> <span class='ocrx_word' id='word_1_364' title='bbox 2441 612 2631 680; x_wconf 80' lang='lat' dir='ltr'><strong>dirigat</strong></span> <span class='ocrx_word' id='word_1_365' title='bbox 2663 613 2818 665; x_wconf 89' lang='lat' dir='ltr'><strong>corda</strong></span> <span class='ocrx_word' id='word_1_366' title='bbox 2849 622 3014 665; x_wconf 63' lang='lat' dir='ltr'><strong>vestra</strong></span> <span class='ocrx_word' id='word_1_367' title='bbox 3053 614 3103 665; x_wconf 87' lang='lat' dir='ltr'><strong>in</strong></span> <span class='ocrx_word' id='word_1_368' title='bbox 3148 614 3393 667; x_wconf 82' lang='lat' dir='ltr'><strong>cltaritate</strong></span> <span class='ocrx_word' id='word_1_369' title='bbox 3432 612 3530 667; x_wconf 80' lang='lat' dir='ltr'><strong>Dei</strong></span> 
     </span>
    </p>
   </div>
   <div class='ocr_carea' id='block_1_51' title="bbox 1945 700 3531 773">
    <p class='ocr_par' dir='ltr' id='par_1_51' title="bbox 1945 700 3531 773">
     <span class='ocr_line' id='line_1_51' title="bbox 1945 700 3531 773; baseline 0.004 -21"><span class='ocrx_word' id='word_1_370' title='bbox 1945 708 1991 752; x_wconf 86' lang='lat' dir='ltr'><strong>et</strong></span> <span class='ocrx_word' id='word_1_371' title='bbox 2019 701 2262 770; x_wconf 82' lang='lat' dir='ltr'><strong>patientia</strong></span> <span class='ocrx_word' id='word_1_372' title='bbox 2290 700 2477 754; x_wconf 83' lang='lat' dir='ltr'><strong>Christi</strong></span> <span class='ocrx_word' id='word_1_373' title='bbox 2501 700 2590 771; x_wconf 90' lang='lat' dir='ltr'><strong>(II</strong></span> <span class='ocrx_word' id='word_1_374' title='bbox 2620 702 2750 756; x_wconf 82' lang='lat' dir='ltr'><strong>Tim.</strong></span> <span class='ocrx_word' id='word_1_375' title='bbox 2785 719 2864 768; x_wconf 86' lang='grc' dir='ltr'><strong>ιιι,</strong></span> <span class='ocrx_word' id='word_1_376' title='bbox 2899 704 2975 773; x_wconf 72' lang='grc'><strong>5).</strong></span> <span class='ocrx_word' id='word_1_377' title='bbox 3004 705 3196 758; x_wconf 80' lang='lat' dir='ltr'><strong>Orator</strong></span> <span class='ocrx_word' id='word_1_378' title='bbox 3236 706 3375 759; x_wconf 88' lang='lat' dir='ltr'><strong>enim</strong></span> <span class='ocrx_word' id='word_1_379' title='bbox 3408 705 3531 772; x_wconf 89' lang='lat' dir='ltr'><strong>Spi-</strong></span> 
     </span>
    </p>
   </div>
   <div class='ocr_carea' id='block_1_52' title="bbox 1945 793 3532 866">
    <p class='ocr_par' dir='ltr' id='par_1_52' title="bbox 1945 793 3532 866">
     <span class='ocr_line' id='line_1_52' title="bbox 1945 793 3532 866; baseline 0.003 -20"><span class='ocrx_word' id='word_1_380' title='bbox 1945 793 2081 846; x_wconf 85' lang='lat' dir='ltr'><strong>ritus</strong></span> <span class='ocrx_word' id='word_1_381' title='bbox 2108 804 2321 847; x_wconf 89' lang='lat' dir='ltr'><strong>sanctus</strong></span> <span class='ocrx_word' id='word_1_382' title='bbox 2348 803 2403 847; x_wconf 90' lang='lat' dir='ltr'><strong>ut</strong></span> <span class='ocrx_word' id='word_1_383' title='bbox 2427 795 2586 848; x_wconf 89' lang='lat' dir='ltr'><strong>corda</strong></span> <span class='ocrx_word' id='word_1_384' title='bbox 2626 798 2957 849; x_wconf 70' lang='lat' dir='ltr'><strong>credentium</strong></span> <span class='ocrx_word' id='word_1_385' title='bbox 3006 797 3199 866; x_wconf 79' lang='lat' dir='ltr'><strong>dirigat</strong></span> <span class='ocrx_word' id='word_1_386' title='bbox 3229 810 3278 850; x_wconf 84' lang='lat' dir='ltr'><strong>et</strong></span> <span class='ocrx_word' id='word_1_387' title='bbox 3310 800 3361 850; x_wconf 90' lang='lat' dir='ltr'><strong>in</strong></span> <span class='ocrx_word' id='word_1_388' title='bbox 3403 797 3532 850; x_wconf 85' lang='lat' dir='ltr'><strong>clta-</strong></span> 
     </span>
    </p>
   </div>
   <div class='ocr_carea' id='block_1_53' title="bbox 1944 884 3531 957">
    <p class='ocr_par' dir='ltr' id='par_1_53' title="bbox 1944 884 3531 957">
     <span class='ocr_line' id='line_1_53' title="bbox 1944 884 3531 957; baseline 0.003 -20"><span class='ocrx_word' id='word_1_389' title='bbox 1944 884 2104 939; x_wconf 85' lang='lat' dir='ltr'><strong>ritate</strong></span> <span class='ocrx_word' id='word_1_390' title='bbox 2140 886 2231 939; x_wconf 87' lang='lat' dir='ltr'><strong>Dei</strong></span> <span class='ocrx_word' id='word_1_391' title='bbox 2263 896 2317 939; x_wconf 90' lang='lat' dir='ltr'><strong>et</strong></span> <span class='ocrx_word' id='word_1_392' title='bbox 2344 887 2393 939; x_wconf 91' lang='lat' dir='ltr'><strong>in</strong></span> <span class='ocrx_word' id='word_1_393' title='bbox 2425 888 2675 954; x_wconf 83' lang='lat' dir='ltr'><strong>patientia</strong></span> <span class='ocrx_word' id='word_1_394' title='bbox 2698 887 2917 941; x_wconf 85' lang='lat' dir='ltr'><strong>Christi.</strong></span> <span class='ocrx_word' id='word_1_395' title='bbox 2948 888 3281 957; x_wconf 65' lang='lat' dir='ltr'><strong>Quaprottter</strong></span> <span class='ocrx_word' id='word_1_396' title='bbox 3306 904 3442 941; x_wconf 90' lang='lat' dir='ltr'><strong>unus</strong></span> <span class='ocrx_word' id='word_1_397' title='bbox 3464 905 3531 941; x_wconf 75' lang='lat' dir='ltr'><strong>ex</strong></span> 
     </span>
    </p>
   </div>
   <div class='ocr_carea' id='block_1_54' title="bbox 1944 974 3526 1046">
    <p class='ocr_par' dir='ltr' id='par_1_54' title="bbox 1944 974 3526 1046">
     <span class='ocr_line' id='line_1_54' title="bbox 1944 974 3526 1046; baseline 0.001 -17"><span class='ocrx_word' id='word_1_398' title='bbox 1944 974 2203 1029; x_wconf 89' lang='lat' dir='ltr'><strong>Trinitate</strong></span> <span class='ocrx_word' id='word_1_399' title='bbox 2234 988 2357 1030; x_wconf 87' lang='lat' dir='ltr'><strong>ante</strong></span> <span class='ocrx_word' id='word_1_400' title='bbox 2381 980 2461 1031; x_wconf 92' lang='lat' dir='ltr'><strong>vel</strong></span> <span class='ocrx_word' id='word_1_401' title='bbox 2493 987 2671 1046; x_wconf 90' lang='lat' dir='ltr'><strong>postea</strong></span> <span class='ocrx_word' id='word_1_402' title='bbox 2707 979 3033 1041; x_wconf 84' lang='lat' dir='ltr'><strong>nominatus,</strong></span> <span class='ocrx_word' id='word_1_403' title='bbox 3063 979 3300 1032; x_wconf 87' lang='lat' dir='ltr'><strong>audienti</strong></span> <span class='ocrx_word' id='word_1_404' title='bbox 3326 978 3526 1032; x_wconf 89' lang='lat' dir='ltr'><strong>nullum</strong></span> 
     </span>
    </p>
   </div>
   <div class='ocr_carea' id='block_1_55' title="bbox 1944 1066 3526 1139">
    <p class='ocr_par' dir='ltr' id='par_1_55' title="bbox 1944 1066 3526 1139">
     <span class='ocr_line' id='line_1_55' title="bbox 1944 1066 3526 1139; baseline 0.003 -20"><span class='ocrx_word' id='word_1_405' title='bbox 1944 1066 2309 1136; x_wconf 57' lang='lat' dir='ltr'><strong>pratjudicium</strong></span> <span class='ocrx_word' id='word_1_406' title='bbox 2345 1070 2540 1136; x_wconf 88' lang='lat' dir='ltr'><strong>poterit</strong></span> <span class='ocrx_word' id='word_1_407' title='bbox 2586 1069 2860 1134; x_wconf 79' lang='lat' dir='ltr'><strong>exhibere,</strong></span> <span class='ocrx_word' id='word_1_408' title='bbox 2902 1075 3025 1139; x_wconf 91' lang='lat' dir='ltr'><strong>quia</strong></span> <span class='ocrx_word' id='word_1_409' title='bbox 3061 1072 3290 1124; x_wconf 75' lang='lat' dir='ltr'><strong>humana</strong></span> <span class='ocrx_word' id='word_1_410' title='bbox 3327 1071 3526 1125; x_wconf 90' lang='lat' dir='ltr'><strong>locutio</strong></span> 
     </span>
    </p>
   </div>
   <div class='ocr_carea' id='block_1_56' title="bbox 1944 1151 3533 1229">
    <p class='ocr_par' dir='ltr' id='par_1_56' title="bbox 1944 1151 3533 1229">
     <span class='ocr_line' id='line_1_56' title="bbox 1944 1151 3533 1229; baseline 0.004 -18"><span class='ocrx_word' id='word_1_411' title='bbox 1944 1158 2102 1211; x_wconf 87' lang='lat' dir='ltr'><strong>aliter</strong></span> <span class='ocrx_word' id='word_1_412' title='bbox 2129 1174 2186 1213; x_wconf 90' lang='lat' dir='ltr'><strong>se</strong></span> <span class='ocrx_word' id='word_1_413' title='bbox 2214 1176 2318 1213; x_wconf 91' lang='lat' dir='ltr'><strong>non</strong></span> <span class='ocrx_word' id='word_1_414' title='bbox 2361 1162 2501 1214; x_wconf 88' lang='lat' dir='ltr'><strong>valet</strong></span> <span class='ocrx_word' id='word_1_415' title='bbox 2533 1151 2807 1229; x_wconf 71' lang='lat' dir='ltr'><strong>expedire.</strong></span> <span class='ocrx_word' id='word_1_416' title='bbox 2841 1161 2896 1215; x_wconf 89' lang='lat' dir='ltr'><strong>In</strong></span> <span class='ocrx_word' id='word_1_417' title='bbox 2934 1163 3043 1215; x_wconf 87' lang='lat' dir='ltr'><strong>Deo</strong></span> <span class='ocrx_word' id='word_1_418' title='bbox 3092 1166 3232 1216; x_wconf 83' lang='lat' dir='ltr'><strong>enim</strong></span> <span class='ocrx_word' id='word_1_419' title='bbox 3279 1164 3416 1217; x_wconf 86' lang='lat' dir='ltr'><strong>nulla</strong></span> <span class='ocrx_word' id='word_1_420' title='bbox 3450 1174 3533 1218; x_wconf 88' lang='lat' dir='ltr'><strong>est</strong></span> 
     </span>
    </p>
   </div>
   <div class='ocr_carea' id='block_1_57' title="bbox 1945 1247 3533 1320">
    <p class='ocr_par' dir='ltr' id='par_1_57' title="bbox 1945 1247 3533 1320">
     <span class='ocr_line' id='line_1_57' title="bbox 1945 1247 3533 1320; baseline 0.004 -20"><span class='ocrx_word' id='word_1_421' title='bbox 1945 1247 2269 1317; x_wconf 87' lang='lat' dir='ltr'><strong>disparilitas</strong></span> <span class='ocrx_word' id='word_1_422' title='bbox 2299 1250 2381 1303; x_wconf 90' lang='lat' dir='ltr'><strong>vel</strong></span> <span class='ocrx_word' id='word_1_423' title='bbox 2421 1251 2706 1303; x_wconf 80' lang='lat' dir='ltr'><strong>diversitas</strong></span> <span class='ocrx_word' id='word_1_424' title='bbox 2743 1252 3091 1305; x_wconf 65' lang='lat' dir='ltr'><strong>aestimanda:</strong></span> <span class='ocrx_word' id='word_1_425' title='bbox 3126 1252 3247 1320; x_wconf 73' lang='lat' dir='ltr'><strong>quit</strong></span> <span class='ocrx_word' id='word_1_426' title='bbox 3280 1254 3368 1306; x_wconf 90' lang='lat' dir='ltr'><strong>ubi</strong></span> <span class='ocrx_word' id='word_1_427' title='bbox 3396 1268 3533 1307; x_wconf 87' lang='lat' dir='ltr'><strong>unus</strong></span> 
     </span>
    </p>
   </div>
   <div class='ocr_carea' id='block_1_58' title="bbox 1950 1339 3534 1411">
    <p class='ocr_par' dir='ltr' id='par_1_58' title="bbox 1950 1339 3534 1411">
     <span class='ocr_line' id='line_1_58' title="bbox 1950 1339 3534 1411; baseline 0.001 -19"><span class='ocrx_word' id='word_1_428' title='bbox 1950 1339 2089 1392; x_wconf 82' lang='lat' dir='ltr'><strong>Deus</strong></span> <span class='ocrx_word' id='word_1_429' title='bbox 2123 1348 2268 1393; x_wconf 89' lang='lat' dir='ltr'><strong>recte</strong></span> <span class='ocrx_word' id='word_1_430' title='bbox 2294 1340 2551 1404; x_wconf 88' lang='lat' dir='ltr'><strong>creditur,</strong></span> <span class='ocrx_word' id='word_1_431' title='bbox 2586 1339 2655 1392; x_wconf 85' lang='lat' dir='ltr'><strong>ibi</strong></span> <span class='ocrx_word' id='word_1_432' title='bbox 2691 1342 2865 1393; x_wconf 70' lang='lat' dir='ltr'><strong>minor</strong></span> <span class='ocrx_word' id='word_1_433' title='bbox 2890 1351 2944 1393; x_wconf 88' lang='lat' dir='ltr'><strong>et</strong></span> <span class='ocrx_word' id='word_1_434' title='bbox 2989 1341 3159 1410; x_wconf 83' lang='lat' dir='ltr'><strong>major</strong></span> <span class='ocrx_word' id='word_1_435' title='bbox 3204 1358 3308 1395; x_wconf 89' lang='lat' dir='ltr'><strong>non</strong></span> <span class='ocrx_word' id='word_1_436' title='bbox 3360 1356 3534 1411; x_wconf 86' lang='lat' dir='ltr'><strong>potest</strong></span> 
     </span>
    </p>
   </div>
   <div class='ocr_carea' id='block_1_59' title="bbox 1948 1428 3531 1503">
    <p class='ocr_par' dir='ltr' id='par_1_59' title="bbox 1948 1428 3531 1503">
     <span class='ocr_line' id='line_1_59' title="bbox 1948 1428 3531 1503; baseline 0.004 -19"><span class='ocrx_word' id='word_1_437' title='bbox 1948 1429 2194 1501; x_wconf 81' lang='lat' dir='ltr'><strong>inveniri.</strong></span> <span class='ocrx_word' id='word_1_438' title='bbox 2229 1428 2411 1483; x_wconf 86' lang='lat' dir='ltr'><strong>Nescit</strong></span> <span class='ocrx_word' id='word_1_439' title='bbox 2441 1432 2584 1484; x_wconf 89' lang='lat' dir='ltr'><strong>enim</strong></span> <span class='ocrx_word' id='word_1_440' title='bbox 2623 1448 2902 1485; x_wconf 86' lang='lat' dir='ltr'><strong>numerum</strong></span> <span class='ocrx_word' id='word_1_441' title='bbox 2946 1434 3139 1496; x_wconf 86' lang='lat' dir='ltr'><strong>unitas,</strong></span> <span class='ocrx_word' id='word_1_442' title='bbox 3185 1449 3281 1489; x_wconf 79' lang='lat' dir='ltr'><strong>nec</strong></span> <span class='ocrx_word' id='word_1_443' title='bbox 3310 1436 3531 1503; x_wconf 84' lang='lat' dir='ltr'><strong>gradum</strong></span> 
     </span>
    </p>
   </div>
   <div class='ocr_carea' id='block_1_60' title="bbox 1939 1518 3535 1589">
    <p class='ocr_par' dir='ltr' id='par_1_60' title="bbox 1939 1518 3535 1589">
     <span class='ocr_line' id='line_1_60' title="bbox 1939 1518 3535 1589; baseline 0.005 -17"><span class='ocrx_word' id='word_1_444' title='bbox 1939 1518 2171 1572; x_wconf 89' lang='lat' dir='ltr'><strong>admittit</strong></span> <span class='ocrx_word' id='word_1_445' title='bbox 2210 1520 2503 1588; x_wconf 61' lang='lat' dir='ltr'><strong>aequalitas,</strong></span> <span class='ocrx_word' id='word_1_446' title='bbox 2529 1521 2667 1574; x_wconf 83' lang='lat' dir='ltr'><strong>sicut</strong></span> <span class='ocrx_word' id='word_1_447' title='bbox 2688 1526 2945 1589; x_wconf 81' lang='lat' dir='ltr'><strong>scriptam</strong></span> <span class='ocrx_word' id='word_1_448' title='bbox 2974 1530 3059 1578; x_wconf 88' lang='lat' dir='ltr'><strong>est</strong></span> <span class='ocrx_word' id='word_1_449' title='bbox 3083 1541 3096 1575; x_wconf 92' lang='lat'><strong>:</strong></span> <span class='ocrx_word' id='word_1_450' title='bbox 3145 1524 3263 1578; x_wconf 79' lang='lat' dir='ltr'><strong>Non</strong></span> <span class='ocrx_word' id='word_1_451' title='bbox 3291 1528 3535 1581; x_wconf 81' lang='lat' dir='ltr'><strong>ascendes</strong></span> 
     </span>
    </p>
   </div>
   <div class='ocr_carea' id='block_1_61' title="bbox 1940 1609 3233 1684">
    <p class='ocr_par' dir='ltr' id='par_1_61' title="bbox 1940 1609 3233 1684">
     <span class='ocr_line' id='line_1_61' title="bbox 1940 1609 3233 1684; baseline 0.005 -22"><span class='ocrx_word' id='word_1_452' title='bbox 1940 1626 2029 1680; x_wconf 92' lang='lat' dir='ltr'><strong>per</strong></span> <span class='ocrx_word' id='word_1_453' title='bbox 2060 1609 2252 1683; x_wconf 84' lang='lat' dir='ltr'><strong>gradus</strong></span> <span class='ocrx_word' id='word_1_454' title='bbox 2282 1613 2350 1664; x_wconf 87' lang='lat' dir='ltr'><strong>ad</strong></span> <span class='ocrx_word' id='word_1_455' title='bbox 2381 1612 2545 1665; x_wconf 86' lang='lat' dir='ltr'><strong>altare</strong></span> <span class='ocrx_word' id='word_1_456' title='bbox 2564 1628 2731 1665; x_wconf 87' lang='lat' dir='ltr'><strong>meum</strong></span> <span class='ocrx_word' id='word_1_457' title='bbox 2757 1612 2952 1682; x_wconf 73' lang='lat' dir='ltr'><strong>(Exod.</strong></span> <span class='ocrx_word' id='word_1_458' title='bbox 2992 1630 3086 1680; x_wconf 76' lang='lat' dir='ltr'><strong>xx,</strong></span> <span class='ocrx_word' id='word_1_459' title='bbox 3116 1615 3233 1684; x_wconf 73' lang='lat'><strong>9.6).</strong></span> 
     </span>
    </p>
   </div>
   <div class='ocr_carea' id='block_1_62' title="bbox 2478 1725 2996 1795">
    <p class='ocr_par' dir='ltr' id='par_1_62' title="bbox 2478 1725 2996 1795">
     <span class='ocr_line' id='line_1_62' title="bbox 2478 1725 2996 1795; baseline 0.004 -17"><span class='ocrx_word' id='word_1_460' title='bbox 2478 1725 2749 1779; x_wconf 83' lang='lat' dir='ltr'><strong>Conclusio</strong></span> <span class='ocrx_word' id='word_1_461' title='bbox 2792 1727 2996 1795; x_wconf 82' lang='lat' dir='ltr'><strong>psalmi.</strong></span> 
     </span>
    </p>
   </div>
   <div class='ocr_carea' id='block_1_63' title="bbox 1868 1815 3537 1908">
    <p class='ocr_par' dir='ltr' id='par_1_63' title="bbox 1868 1815 3537 1908">
     <span class='ocr_line' id='line_1_63' title="bbox 1868 1815 3537 1908; baseline 0.001 -18"><span class='ocrx_word' id='word_1_462' title='bbox 1868 1831 1917 1890; x_wconf 91' lang='lat' dir='ltr'><strong>B</strong></span> <span class='ocrx_word' id='word_1_463' title='bbox 2015 1837 2217 1892; x_wconf 86' lang='lat' dir='ltr'><strong>Parvus</strong></span> <span class='ocrx_word' id='word_1_464' title='bbox 2245 1837 2460 1908; x_wconf 88' lang='lat' dir='ltr'><strong>quidem</strong></span> <span class='ocrx_word' id='word_1_465' title='bbox 2499 1815 3075 1907; x_wconf 47' lang='lat' dir='ltr'><strong>psalmus.plenissima</strong></span> <span class='ocrx_word' id='word_1_466' title='bbox 3122 1838 3379 1894; x_wconf 87' lang='lat' dir='ltr'><strong>brevitate</strong></span> <span class='ocrx_word' id='word_1_467' title='bbox 3405 1853 3537 1892; x_wconf 84' lang='lat' dir='ltr'><strong>con-</strong></span> 
     </span>
    </p>
   </div>
   <div class='ocr_carea' id='block_1_64' title="bbox 1942 1931 3533 2002">
    <p class='ocr_par' dir='ltr' id='par_1_64' title="bbox 1942 1931 3533 2002">
     <span class='ocr_line' id='line_1_64' title="bbox 1942 1931 3533 2002; baseline 0 -16"><span class='ocrx_word' id='word_1_468' title='bbox 1942 1931 2126 1986; x_wconf 89' lang='lat' dir='ltr'><strong>clusus</strong></span> <span class='ocrx_word' id='word_1_469' title='bbox 2150 1942 2253 1987; x_wconf 91' lang='lat' dir='ltr'><strong>est.</strong></span> <span class='ocrx_word' id='word_1_470' title='bbox 2291 1932 2428 1998; x_wconf 87' lang='lat' dir='ltr'><strong>Quid</strong></span> <span class='ocrx_word' id='word_1_471' title='bbox 2459 1932 2600 1986; x_wconf 90' lang='lat' dir='ltr'><strong>enim</strong></span> <span class='ocrx_word' id='word_1_472' title='bbox 2648 1932 2878 2000; x_wconf 89' lang='lat' dir='ltr'><strong>amplius</strong></span> <span class='ocrx_word' id='word_1_473' title='bbox 2916 1932 3089 2002; x_wconf 92' lang='lat' dir='ltr'><strong>potuit</strong></span> <span class='ocrx_word' id='word_1_474' title='bbox 3118 1931 3244 1997; x_wconf 89' lang='lat' dir='ltr'><strong>dici,</strong></span> <span class='ocrx_word' id='word_1_475' title='bbox 3278 1947 3436 2000; x_wconf 90' lang='lat' dir='ltr'><strong>quam</strong></span> <span class='ocrx_word' id='word_1_476' title='bbox 3475 1943 3533 1986; x_wconf 93' lang='lat' dir='ltr'><strong>ut</strong></span> 
     </span>
    </p>
   </div>
   <div class='ocr_carea' id='block_1_65' title="bbox 1942 2023 3531 2083">
    <p class='ocr_par' dir='ltr' id='par_1_65' title="bbox 1942 2023 3531 2083">
     <span class='ocr_line' id='line_1_65' title="bbox 1942 2023 3531 2083; baseline -0.001 -4"><span class='ocrx_word' id='word_1_477' title='bbox 1942 2024 2165 2080; x_wconf 89' lang='lat' dir='ltr'><strong>Creator</strong></span> <span class='ocrx_word' id='word_1_478' title='bbox 2191 2025 2384 2080; x_wconf 87' lang='lat' dir='ltr'><strong>debeat</strong></span> <span class='ocrx_word' id='word_1_479' title='bbox 2411 2034 2524 2079; x_wconf 92' lang='lat' dir='ltr'><strong>toto</strong></span> <span class='ocrx_word' id='word_1_480' title='bbox 2555 2026 2684 2079; x_wconf 87' lang='lat' dir='ltr'><strong>orbe</strong></span> <span class='ocrx_word' id='word_1_481' title='bbox 2725 2024 2966 2078; x_wconf 83' lang='lat' dir='ltr'><strong>laudari?</strong></span> <span class='ocrx_word' id='word_1_482' title='bbox 2999 2024 3245 2078; x_wconf 85' lang='lat' dir='ltr'><strong>Fecunda</strong></span> <span class='ocrx_word' id='word_1_483' title='bbox 3277 2023 3531 2083; x_wconf 77' lang='lat' dir='ltr'><strong>brevitas,</strong></span> 
     </span>
    </p>
   </div>
   <div class='ocr_carea' id='block_1_66' title="bbox 1944 2113 3539 2187">
    <p class='ocr_par' dir='ltr' id='par_1_66' title="bbox 1944 2113 3539 2187">
     <span class='ocr_line' id='line_1_66' title="bbox 1944 2113 3539 2187; baseline -0.004 -15"><span class='ocrx_word' id='word_1_484' title='bbox 1944 2119 2233 2172; x_wconf 89' lang='lat' dir='ltr'><strong>constricta</strong></span> <span class='ocrx_word' id='word_1_485' title='bbox 2260 2118 2435 2187; x_wconf 90' lang='lat' dir='ltr'><strong>copia,</strong></span> <span class='ocrx_word' id='word_1_486' title='bbox 2464 2126 2670 2171; x_wconf 90' lang='lat' dir='ltr'><strong>arctum</strong></span> <span class='ocrx_word' id='word_1_487' title='bbox 2713 2116 3049 2177; x_wconf 86' lang='lat' dir='ltr'><strong>latissimum,</strong></span> <span class='ocrx_word' id='word_1_488' title='bbox 3078 2124 3133 2171; x_wconf 87' lang='lat' dir='ltr'><strong>et</strong></span> <span class='ocrx_word' id='word_1_489' title='bbox 3157 2116 3274 2168; x_wconf 90' lang='lat' dir='ltr'><strong>sine</strong></span> <span class='ocrx_word' id='word_1_490' title='bbox 3312 2113 3416 2168; x_wconf 83' lang='lat' dir='ltr'><strong>fine</strong></span> <span class='ocrx_word' id='word_1_491' title='bbox 3440 2128 3539 2167; x_wconf 88' lang='lat' dir='ltr'><strong>an-</strong></span> 
     </span>
    </p>
   </div>
   <div class='ocr_carea' id='block_1_67' title="bbox 1945 2204 3536 2279">
    <p class='ocr_par' dir='ltr' id='par_1_67' title="bbox 1945 2204 3536 2279">
     <span class='ocr_line' id='line_1_67' title="bbox 1945 2204 3536 2279; baseline -0.003 -16"><span class='ocrx_word' id='word_1_492' title='bbox 1945 2218 2177 2279; x_wconf 83' lang='lat' dir='ltr'><strong>gustnm.</strong></span> <span class='ocrx_word' id='word_1_493' title='bbox 2228 2208 2272 2262; x_wconf 92' lang='lat'>0</span> <span class='ocrx_word' id='word_1_494' title='bbox 2321 2208 2492 2262; x_wconf 88' lang='lat' dir='ltr'><strong>dulcis</strong></span> <span class='ocrx_word' id='word_1_495' title='bbox 2542 2216 2596 2261; x_wconf 88' lang='lat' dir='ltr'><strong>et</strong></span> <span class='ocrx_word' id='word_1_496' title='bbox 2639 2207 2953 2261; x_wconf 88' lang='lat' dir='ltr'><strong>admiranda</strong></span> <span class='ocrx_word' id='word_1_497' title='bbox 3006 2205 3328 2260; x_wconf 80' lang='lat' dir='ltr'><strong>diversitas!</strong></span> <span class='ocrx_word' id='word_1_498' title='bbox 3376 2204 3536 2260; x_wconf 90' lang='lat' dir='ltr'><strong>modo</strong></span> 
     </span>
    </p>
   </div>
   <div class='ocr_carea' id='block_1_68' title="bbox 1946 2298 3521 2371">
    <p class='ocr_par' dir='ltr' id='par_1_68' title="bbox 1946 2298 3521 2371">
     <span class='ocr_line' id='line_1_68' title="bbox 1946 2298 3521 2371; baseline -0.002 -17"><span class='ocrx_word' id='word_1_499' title='bbox 1946 2303 2128 2371; x_wconf 86' lang='lat' dir='ltr'><strong>paucis</strong></span> <span class='ocrx_word' id='word_1_500' title='bbox 2175 2301 2458 2356; x_wconf 81' lang='lat' dir='ltr'><strong>sententiis</strong></span> <span class='ocrx_word' id='word_1_501' title='bbox 2498 2301 2752 2354; x_wconf 86' lang='lat' dir='ltr'><strong>salutaria</strong></span> <span class='ocrx_word' id='word_1_502' title='bbox 2801 2300 2981 2353; x_wconf 88' lang='lat' dir='ltr'><strong>dicere</strong></span> <span class='ocrx_word' id='word_1_503' title='bbox 3006 2339 3020 2361; x_wconf 89' lang='lat'><strong>,</strong></span> <span class='ocrx_word' id='word_1_504' title='bbox 3064 2298 3224 2352; x_wconf 91' lang='lat' dir='ltr'><strong>modo</strong></span> <span class='ocrx_word' id='word_1_505' title='bbox 3256 2298 3521 2365; x_wconf 83' lang='lat' dir='ltr'><strong>magnalia</strong></span> 
     </span>
    </p>
   </div>
   <div class='ocr_carea' id='block_1_69' title="bbox 1949 2388 3536 2451">
    <p class='ocr_par' dir='ltr' id='par_1_69' title="bbox 1949 2388 3536 2451">
     <span class='ocr_line' id='line_1_69' title="bbox 1949 2388 3536 2451; baseline -0.004 -4"><span class='ocrx_word' id='word_1_506' title='bbox 1949 2392 2139 2448; x_wconf 85' lang='lat' dir='ltr'><strong>diﬁ&#39;usa</strong></span> <span class='ocrx_word' id='word_1_507' title='bbox 2176 2393 2419 2445; x_wconf 88' lang='lat' dir='ltr'><strong>oratione</strong></span> <span class='ocrx_word' id='word_1_508' title='bbox 2460 2405 2696 2451; x_wconf 80' lang='lat' dir='ltr'><strong>narrare,</strong></span> <span class='ocrx_word' id='word_1_509' title='bbox 2740 2399 2797 2442; x_wconf 92' lang='lat' dir='ltr'><strong>ut</strong></span> <span class='ocrx_word' id='word_1_510' title='bbox 2846 2388 3062 2443; x_wconf 68' lang='lat' dir='ltr'><strong>tmdiosa</strong></span> <span class='ocrx_word' id='word_1_511' title='bbox 3101 2388 3394 2442; x_wconf 85' lang='lat' dir='ltr'><strong>mortalitas</strong></span> <span class='ocrx_word' id='word_1_512' title='bbox 3434 2402 3536 2441; x_wconf 90' lang='lat' dir='ltr'><strong>nec</strong></span> 
     </span>
    </p>
   </div>
   <div class='ocr_carea' id='block_1_70' title="bbox 1952 2480 3525 2550">
    <p class='ocr_par' dir='ltr' id='par_1_70' title="bbox 1952 2480 3525 2550">
     <span class='ocr_line' id='line_1_70' title="bbox 1952 2480 3525 2550; baseline -0.004 -12"><span class='ocrx_word' id='word_1_513' title='bbox 1952 2486 2006 2539; x_wconf 90' lang='lat' dir='ltr'><strong>in</strong></span> <span class='ocrx_word' id='word_1_514' title='bbox 2046 2485 2158 2550; x_wconf 89' lang='lat' dir='ltr'><strong>ipsa</strong></span> <span class='ocrx_word' id='word_1_515' title='bbox 2188 2499 2315 2537; x_wconf 88' lang='lat' dir='ltr'><strong>cura</strong></span> <span class='ocrx_word' id='word_1_516' title='bbox 2344 2482 2632 2536; x_wconf 84' lang='lat' dir='ltr'><strong>sustineret</strong></span> <span class='ocrx_word' id='word_1_517' title='bbox 2654 2481 2944 2546; x_wconf 82' lang='lat' dir='ltr'><strong>fastidium,</strong></span> <span class='ocrx_word' id='word_1_518' title='bbox 2970 2480 3055 2534; x_wconf 92' lang='lat' dir='ltr'><strong>cui</strong></span> <span class='ocrx_word' id='word_1_519' title='bbox 3083 2488 3525 2548; x_wconf 75' lang='lat' dir='ltr'><strong>praestatamtena</strong></span> 
     </span>
    </p>
   </div>
   <div class='ocr_carea' id='block_1_71' title="bbox 1948 2567 3536 2645">
    <p class='ocr_par' dir='ltr' id='par_1_71' title="bbox 1948 2567 3536 2645">
     <span class='ocr_line' id='line_1_71' title="bbox 1948 2567 3536 2645; baseline -0.005 -16"><span class='ocrx_word' id='word_1_520' title='bbox 1948 2577 2179 2630; x_wconf 86' lang='lat' dir='ltr'><strong>varietas</strong></span> <span class='ocrx_word' id='word_1_521' title='bbox 2212 2574 2352 2645; x_wconf 84' lang='lat' dir='ltr'><strong>[mss.</strong></span> <span class='ocrx_word' id='word_1_522' title='bbox 2384 2573 2470 2638; x_wconf 66' lang='lat'><strong>11.,</strong></span> <span class='ocrx_word' id='word_1_523' title='bbox 2505 2572 2593 2639; x_wconf 78' lang='lat'><strong>8.,</strong></span> <span class='ocrx_word' id='word_1_524' title='bbox 2627 2570 2722 2639; x_wconf 56' lang='grc' dir='ltr'><strong>λαὶ,</strong></span> <span class='ocrx_word' id='word_1_525' title='bbox 2757 2569 2973 2641; x_wconf 84' lang='lat' dir='ltr'><strong>veritas]</strong></span> <span class='ocrx_word' id='word_1_526' title='bbox 3007 2570 3317 2639; x_wconf 89' lang='lat' dir='ltr'><strong>appetitum.</strong></span> <span class='ocrx_word' id='word_1_527' title='bbox 3360 2567 3536 2633; x_wconf 68' lang='lat' dir='ltr'><strong>Qureri</strong></span> 
     </span>
    </p>
   </div>
   <div class='ocr_carea' id='block_1_72' title="bbox 1951 2658 3532 2733">
    <p class='ocr_par' dir='ltr' id='par_1_72' title="bbox 1951 2658 3532 2733">
     <span class='ocr_line' id='line_1_72' title="bbox 1951 2658 3532 2733; baseline -0.004 -14"><span class='ocrx_word' id='word_1_528' title='bbox 1951 2667 2169 2720; x_wconf 81' lang='lat' dir='ltr'><strong>forsitan</strong></span> <span class='ocrx_word' id='word_1_529' title='bbox 2204 2672 2377 2733; x_wconf 81' lang='lat' dir='ltr'><strong>potest</strong></span> <span class='ocrx_word' id='word_1_530' title='bbox 2400 2679 2495 2717; x_wconf 92' lang='lat' dir='ltr'><strong>cur</strong></span> <span class='ocrx_word' id='word_1_531' title='bbox 2524 2663 2658 2716; x_wconf 91' lang='lat' dir='ltr'><strong>duos</strong></span> <span class='ocrx_word' id='word_1_532' title='bbox 2706 2672 2907 2716; x_wconf 90' lang='lat' dir='ltr'><strong>tantum</strong></span> <span class='ocrx_word' id='word_1_533' title='bbox 2940 2676 3121 2716; x_wconf 86' lang='lat' dir='ltr'><strong>versus</strong></span> <span class='ocrx_word' id='word_1_534' title='bbox 3167 2661 3399 2729; x_wconf 76' lang='lat' dir='ltr'><strong>psalmus</strong></span> <span class='ocrx_word' id='word_1_535' title='bbox 3430 2658 3532 2713; x_wconf 89' lang='lat' dir='ltr'><strong>iste</strong></span> 
     </span>
    </p>
   </div>
   <div class='ocr_carea' id='block_1_73' title="bbox 1949 2751 3538 2820">
    <p class='ocr_par' dir='ltr' id='par_1_73' title="bbox 1949 2751 3538 2820">
     <span class='ocr_line' id='line_1_73' title="bbox 1949 2751 3538 2820; baseline -0.006 -8"><span class='ocrx_word' id='word_1_536' title='bbox 1949 2757 2243 2820; x_wconf 88' lang='lat' dir='ltr'><strong>contineat,</strong></span> <span class='ocrx_word' id='word_1_537' title='bbox 2270 2771 2389 2809; x_wconf 90' lang='lat' dir='ltr'><strong>cum</strong></span> <span class='ocrx_word' id='word_1_538' title='bbox 2419 2772 2449 2807; x_wconf 88' lang='lat' dir='ltr'><strong>e</strong></span> <span class='ocrx_word' id='word_1_539' title='bbox 2471 2755 2680 2807; x_wconf 86' lang='lat' dir='ltr'><strong>diverso</strong></span> <span class='ocrx_word' id='word_1_540' title='bbox 2706 2753 3032 2807; x_wconf 89' lang='lat' dir='ltr'><strong>centesimus</strong></span> <span class='ocrx_word' id='word_1_541' title='bbox 3053 2751 3295 2806; x_wconf 84' lang='lat' dir='ltr'><strong>decimus</strong></span> <span class='ocrx_word' id='word_1_542' title='bbox 3316 2760 3538 2804; x_wconf 76' lang='lat' dir='ltr'><strong>octavus</strong></span> 
     </span>
    </p>
   </div>
   <div class='ocr_carea' id='block_1_74' title="bbox 1950 2842 3541 2915">
    <p class='ocr_par' dir='ltr' id='par_1_74' title="bbox 1950 2842 3541 2915">
     <span class='ocr_line' id='line_1_74' title="bbox 1950 2842 3541 2915; baseline -0.006 -13"><span class='ocrx_word' id='word_1_543' title='bbox 1950 2861 2161 2902; x_wconf 83' lang='lat' dir='ltr'><strong>centum</strong></span> <span class='ocrx_word' id='word_1_544' title='bbox 2185 2844 2519 2915; x_wconf 85' lang='lat' dir='ltr'><strong>septuaginta</strong></span> <span class='ocrx_word' id='word_1_545' title='bbox 2548 2859 2646 2898; x_wconf 88' lang='lat' dir='ltr'><strong>sex</strong></span> <span class='ocrx_word' id='word_1_546' title='bbox 2673 2845 2916 2898; x_wconf 73' lang='lat' dir='ltr'><strong>versibus</strong></span> <span class='ocrx_word' id='word_1_547' title='bbox 2938 2842 3225 2910; x_wconf 86' lang='lat' dir='ltr'><strong>productus</strong></span> <span class='ocrx_word' id='word_1_548' title='bbox 3246 2855 3365 2895; x_wconf 89' lang='lat' dir='ltr'><strong>esse</strong></span> <span class='ocrx_word' id='word_1_549' title='bbox 3389 2855 3541 2893; x_wconf 89' lang='lat' dir='ltr'><strong>mon-</strong></span> 
     </span>
    </p>
   </div>
   <div class='ocr_carea' id='block_1_75' title="bbox 1954 2932 3532 3005">
    <p class='ocr_par' dir='ltr' id='par_1_75' title="bbox 1954 2932 3532 3005">
     <span class='ocr_line' id='line_1_75' title="bbox 1954 2932 3532 3005; baseline -0.005 -13"><span class='ocrx_word' id='word_1_550' title='bbox 1954 2947 2173 3001; x_wconf 83' lang='lat' dir='ltr'><strong>stretur,</strong></span> <span class='ocrx_word' id='word_1_551' title='bbox 2205 2937 2399 3005; x_wconf 84' lang='lat' dir='ltr'><strong>aliique</strong></span> <span class='ocrx_word' id='word_1_552' title='bbox 2435 2935 2738 3001; x_wconf 79' lang='lat' dir='ltr'><strong>complures</strong></span> <span class='ocrx_word' id='word_1_553' title='bbox 2781 2934 2980 3001; x_wconf 88' lang='lat' dir='ltr'><strong>dispari</strong></span> <span class='ocrx_word' id='word_1_554' title='bbox 3016 2932 3175 2986; x_wconf 91' lang='lat' dir='ltr'><strong>modo</strong></span> <span class='ocrx_word' id='word_1_555' title='bbox 3217 2946 3312 3001; x_wconf 91' lang='lat' dir='ltr'><strong>pro</strong></span> <span class='ocrx_word' id='word_1_556' title='bbox 3354 2947 3532 2987; x_wconf 86' lang='lat' dir='ltr'><strong>rerum</strong></span> 
     </span>
    </p>
   </div>
   <div class='ocr_carea' id='block_1_76' title="bbox 1948 3024 3541 3102">
    <p class='ocr_par' dir='ltr' id='par_1_76' title="bbox 1948 3024 3541 3102">
     <span class='ocr_line' id='line_1_76' title="bbox 1948 3024 3541 3102; baseline -0.006 -17"><span class='ocrx_word' id='word_1_557' title='bbox 1948 3032 2201 3102; x_wconf 88' lang='lat' dir='ltr'><strong>qualitate</strong></span> <span class='ocrx_word' id='word_1_558' title='bbox 2246 3028 2456 3083; x_wconf 73' lang='lat' dir='ltr'><strong>formati</strong></span> <span class='ocrx_word' id='word_1_559' title='bbox 2493 3039 2638 3082; x_wconf 89' lang='lat' dir='ltr'><strong>sunt.</strong></span> <span class='ocrx_word' id='word_1_560' title='bbox 2676 3026 2782 3081; x_wconf 90' lang='lat' dir='ltr'><strong>Sed</strong></span> <span class='ocrx_word' id='word_1_561' title='bbox 2828 3027 2959 3079; x_wconf 90' lang='lat' dir='ltr'><strong>illud</strong></span> <span class='ocrx_word' id='word_1_562' title='bbox 3008 3024 3253 3080; x_wconf 70' lang='lat' dir='ltr'><strong>fortassis</strong></span> <span class='ocrx_word' id='word_1_563' title='bbox 3300 3024 3541 3078; x_wconf 82' lang='lat' dir='ltr'><strong>indicare</strong></span> 
     </span>
    </p>
   </div>
   <div class='ocr_carea' id='block_1_77' title="bbox 1951 3116 3536 3191">
    <p class='ocr_par' dir='ltr' id='par_1_77' title="bbox 1951 3116 3536 3191">
     <span class='ocr_line' id='line_1_77' title="bbox 1951 3116 3536 3191; baseline -0.006 -12"><span class='ocrx_word' id='word_1_564' title='bbox 1951 3140 2035 3179; x_wconf 89' lang='lat' dir='ltr'><strong>res</strong></span> <span class='ocrx_word' id='word_1_565' title='bbox 2085 3125 2182 3177; x_wconf 88' lang='lat' dir='ltr'><strong>ista</strong></span> <span class='ocrx_word' id='word_1_566' title='bbox 2222 3122 2600 3191; x_wconf 82' lang='lat' dir='ltr'><strong>cognoscitur;</strong></span> <span class='ocrx_word' id='word_1_567' title='bbox 2647 3120 2894 3189; x_wconf 85' lang='lat' dir='ltr'><strong>quoniam</strong></span> <span class='ocrx_word' id='word_1_568' title='bbox 2945 3119 3084 3173; x_wconf 90' lang='lat' dir='ltr'><strong>sicut</strong></span> <span class='ocrx_word' id='word_1_569' title='bbox 3131 3118 3431 3181; x_wconf 83' lang='lat' dir='ltr'><strong>harmonia,</strong></span> <span class='ocrx_word' id='word_1_570' title='bbox 3482 3116 3536 3171; x_wconf 89' lang='lat' dir='ltr'><strong>id</strong></span> 
     </span>
    </p>
   </div>
   <div class='ocr_carea' id='block_1_78' title="bbox 1948 3206 3541 3281">
    <p class='ocr_par' dir='ltr' id='par_1_78' title="bbox 1948 3206 3541 3281">
     <span class='ocr_line' id='line_1_78' title="bbox 1948 3206 3541 3281; baseline -0.007 -11"><span class='ocrx_word' id='word_1_571' title='bbox 1948 3227 2051 3281; x_wconf 86' lang='lat' dir='ltr'><strong>est,</strong></span> <span class='ocrx_word' id='word_1_572' title='bbox 2085 3214 2299 3268; x_wconf 67' lang='lat' dir='ltr'><strong>musica:</strong></span> <span class='ocrx_word' id='word_1_573' title='bbox 2332 3213 2538 3265; x_wconf 86' lang='lat' dir='ltr'><strong>virtutis</strong></span> <span class='ocrx_word' id='word_1_574' title='bbox 2569 3212 2789 3280; x_wconf 86' lang='lat' dir='ltr'><strong>pulcbra</strong></span> <span class='ocrx_word' id='word_1_575' title='bbox 2832 3209 3127 3264; x_wconf 82' lang='lat' dir='ltr'><strong>modulatio</strong></span> <span class='ocrx_word' id='word_1_576' title='bbox 3154 3250 3169 3272; x_wconf 95' lang='lat'><strong>,</strong></span> <span class='ocrx_word' id='word_1_577' title='bbox 3208 3222 3273 3261; x_wconf 85' lang='lat' dir='ltr'><strong>ex</strong></span> <span class='ocrx_word' id='word_1_578' title='bbox 3314 3206 3415 3259; x_wconf 67' lang='lat' dir='ltr'><strong>div.</strong></span> <span class='ocrx_word' id='word_1_579' title='bbox 3438 3206 3541 3259; x_wconf 84' lang='lat' dir='ltr'><strong>rsis</strong></span> 
     </span>
    </p>
   </div>
   <div class='ocr_carea' id='block_1_79' title="bbox 1067 3262 3527 3373">
    <p class='ocr_par' dir='ltr' id='par_1_79' title="bbox 1067 3262 3527 3373">
     <span class='ocr_line' id='line_1_79' title="bbox 1067 3262 3527 3373; baseline -0.004 -14"><span class='ocrx_word' id='word_1_580' title='bbox 1234 3262 1847 3373; x_wconf 53' lang='grc' dir='ltr'><strong>ίξῗῖῗίῆ¹ῗ¹ἶ¹θῖ¹ί¹έδῖ¹ῗξ¹ῗ</strong></span> <span class='ocrx_word' id='word_1_581' title='bbox 1873 3280 1920 3340; x_wconf 78' lang='lat' dir='ltr'>C</span> <span class='ocrx_word' id='word_1_582' title='bbox 1952 3262 2097 3359; x_wconf 69' lang='lat' dir='ltr'><strong>seriis</strong></span> <span class='ocrx_word' id='word_1_583' title='bbox 2122 3316 2279 3373; x_wconf 89' lang='lat' dir='ltr'><strong>atque</strong></span> <span class='ocrx_word' id='word_1_584' title='bbox 2307 3304 2612 3357; x_wconf 87' lang='lat' dir='ltr'><strong>accentibus</strong></span> <span class='ocrx_word' id='word_1_585' title='bbox 2642 3318 2798 3356; x_wconf 86' lang='lat' dir='ltr'><strong>unam</strong></span> <span class='ocrx_word' id='word_1_586' title='bbox 2842 3300 3132 3371; x_wconf 86' lang='lat' dir='ltr'><strong>perfectam</strong></span> <span class='ocrx_word' id='word_1_587' title='bbox 3174 3298 3372 3352; x_wconf 88' lang='lat' dir='ltr'><strong>faciunt</strong></span> <span class='ocrx_word' id='word_1_588' title='bbox 3398 3312 3527 3351; x_wconf 89' lang='lat' dir='ltr'><strong>can-</strong></span> 
     </span>
    </p>
   </div>
   <div class='ocr_carea' id='block_1_80' title="bbox 1956 3390 3543 3461">
    <p class='ocr_par' dir='ltr' id='par_1_80' title="bbox 1956 3390 3543 3461">
     <span class='ocr_line' id='line_1_80' title="bbox 1956 3390 3543 3461; baseline -0.003 -14"><span class='ocrx_word' id='word_1_589' title='bbox 1956 3396 2189 3459; x_wconf 78' lang='lat' dir='ltr'><strong>tilenam,</strong></span> <span class='ocrx_word' id='word_1_590' title='bbox 2220 3395 2294 3447; x_wconf 91' lang='lat' dir='ltr'><strong>sic</strong></span> <span class='ocrx_word' id='word_1_591' title='bbox 2323 3401 2377 3448; x_wconf 89' lang='lat' dir='ltr'><strong>et</strong></span> <span class='ocrx_word' id='word_1_592' title='bbox 2412 3395 2494 3446; x_wconf 87' lang='lat' dir='ltr'><strong>isti</strong></span> <span class='ocrx_word' id='word_1_593' title='bbox 2537 3394 2727 3461; x_wconf 89' lang='lat' dir='ltr'><strong>psalmi</strong></span> <span class='ocrx_word' id='word_1_594' title='bbox 2773 3394 2930 3446; x_wconf 89' lang='lat' dir='ltr'><strong>modo</strong></span> <span class='ocrx_word' id='word_1_595' title='bbox 2974 3392 3184 3458; x_wconf 85' lang='lat' dir='ltr'><strong>breves,</strong></span> <span class='ocrx_word' id='word_1_596' title='bbox 3221 3390 3377 3443; x_wconf 89' lang='lat' dir='ltr'><strong>modo</strong></span> <span class='ocrx_word' id='word_1_597' title='bbox 3420 3404 3543 3443; x_wconf 84' lang='lat' dir='ltr'><strong>nte-</strong></span> 
     </span>
    </p>
   </div>
   <div class='ocr_carea' id='block_1_81' title="bbox 1954 3486 3532 3554">
    <p class='ocr_par' dir='ltr' id='par_1_81' title="bbox 1954 3486 3532 3554">
     <span class='ocr_line' id='line_1_81' title="bbox 1954 3486 3532 3554; baseline -0.004 -13"><span class='ocrx_word' id='word_1_598' title='bbox 1954 3488 2186 3553; x_wconf 86' lang='lat' dir='ltr'><strong>dioeres,</strong></span> <span class='ocrx_word' id='word_1_599' title='bbox 2221 3486 2378 3540; x_wconf 88' lang='lat' dir='ltr'><strong>modo</strong></span> <span class='ocrx_word' id='word_1_600' title='bbox 2408 3487 2721 3554; x_wconf 83' lang='lat' dir='ltr'><strong>longissimi,</strong></span> <span class='ocrx_word' id='word_1_601' title='bbox 2766 3486 2820 3538; x_wconf 91' lang='lat' dir='ltr'><strong>in</strong></span> <span class='ocrx_word' id='word_1_602' title='bbox 2866 3501 3026 3538; x_wconf 90' lang='lat' dir='ltr'><strong>unum</strong></span> <span class='ocrx_word' id='word_1_603' title='bbox 3060 3494 3377 3539; x_wconf 86' lang='lat' dir='ltr'><strong>concentum</strong></span> <span class='ocrx_word' id='word_1_604' title='bbox 3418 3498 3532 3536; x_wconf 90' lang='lat' dir='ltr'><strong>sua-</strong></span> 
     </span>
    </p>
   </div>
   <div class='ocr_carea' id='block_1_82' title="bbox 1957 3576 3540 3649">
    <p class='ocr_par' dir='ltr' id='par_1_82' title="bbox 1957 3576 3540 3649">
     <span class='ocr_line' id='line_1_82' title="bbox 1957 3576 3540 3649; baseline -0.001 -19"><span class='ocrx_word' id='word_1_605' title='bbox 1957 3579 2119 3633; x_wconf 84' lang='lat' dir='ltr'><strong>vitate</strong></span> <span class='ocrx_word' id='word_1_606' title='bbox 2165 3578 2473 3632; x_wconf 90' lang='lat' dir='ltr'><strong>dulcissima</strong></span> <span class='ocrx_word' id='word_1_607' title='bbox 2522 3578 2856 3649; x_wconf 85' lang='lat' dir='ltr'><strong>rediguntur.</strong></span> <span class='ocrx_word' id='word_1_608' title='bbox 2908 3580 3032 3633; x_wconf 85' lang='lat' dir='ltr'><strong>Sive</strong></span> <span class='ocrx_word' id='word_1_609' title='bbox 3084 3577 3272 3647; x_wconf 89' lang='lat' dir='ltr'><strong>(quod</strong></span> <span class='ocrx_word' id='word_1_610' title='bbox 3318 3576 3540 3629; x_wconf 87' lang='lat' dir='ltr'><strong>credere</strong></span> 
     </span>
    </p>
   </div>
   <div class='ocr_carea' id='block_1_83' title="bbox 1950 3668 3539 3739">
    <p class='ocr_par' dir='ltr' id='par_1_83' title="bbox 1950 3668 3539 3739">
     <span class='ocr_line' id='line_1_83' title="bbox 1950 3668 3539 3739; baseline -0.001 -16"><span class='ocrx_word' id='word_1_611' title='bbox 1950 3669 2163 3738; x_wconf 88' lang='lat' dir='ltr'><strong>dignum</strong></span> <span class='ocrx_word' id='word_1_612' title='bbox 2205 3668 2326 3739; x_wconf 90' lang='lat' dir='ltr'><strong>est)</strong></span> <span class='ocrx_word' id='word_1_613' title='bbox 2375 3670 2607 3723; x_wconf 86' lang='lat' dir='ltr'><strong>futurum</strong></span> <span class='ocrx_word' id='word_1_614' title='bbox 2659 3685 2880 3739; x_wconf 84' lang='lat' dir='ltr'><strong>regnum</strong></span> <span class='ocrx_word' id='word_1_615' title='bbox 2928 3670 3140 3724; x_wconf 89' lang='lat' dir='ltr'><strong>Domini</strong></span> <span class='ocrx_word' id='word_1_616' title='bbox 3184 3669 3539 3738; x_wconf 82' lang='lat' dir='ltr'><strong>signiﬁcatur,</strong></span> 
     </span>
    </p>
   </div>
   <div class='ocr_carea' id='block_1_84' title="bbox 1950 3758 3542 3828">
    <p class='ocr_par' dir='ltr' id='par_1_84' title="bbox 1950 3758 3542 3828">
     <span class='ocr_line' id='line_1_84' title="bbox 1950 3758 3542 3828; baseline -0.003 -15"><span class='ocrx_word' id='word_1_617' title='bbox 1950 3759 2037 3813; x_wconf 92' lang='lat' dir='ltr'><strong>ubi</strong></span> <span class='ocrx_word' id='word_1_618' title='bbox 2083 3760 2295 3813; x_wconf 81' lang='lat' dir='ltr'><strong>diversa</strong></span> <span class='ocrx_word' id='word_1_619' title='bbox 2336 3760 2522 3814; x_wconf 88' lang='lat' dir='ltr'><strong>merita</strong></span> <span class='ocrx_word' id='word_1_620' title='bbox 2550 3772 2855 3813; x_wconf 81' lang='lat' dir='ltr'><strong>sanctorum</strong></span> <span class='ocrx_word' id='word_1_621' title='bbox 2899 3775 2994 3828; x_wconf 87' lang='lat' dir='ltr'><strong>pro</strong></span> <span class='ocrx_word' id='word_1_622' title='bbox 3034 3768 3246 3813; x_wconf 87' lang='lat' dir='ltr'><strong>actuum</strong></span> <span class='ocrx_word' id='word_1_623' title='bbox 3289 3758 3542 3826; x_wconf 88' lang='lat' dir='ltr'><strong>qualitate</strong></span> 
     </span>
    </p>
   </div>
   <div class='ocr_carea' id='block_1_85' title="bbox 1949 3849 3543 3917">
    <p class='ocr_par' dir='ltr' id='par_1_85' title="bbox 1949 3849 3543 3917">
     <span class='ocr_line' id='line_1_85' title="bbox 1949 3849 3543 3917; baseline -0.002 -14"><span class='ocrx_word' id='word_1_624' title='bbox 1949 3849 2248 3917; x_wconf 75' lang='lat' dir='ltr'><strong>fulgebunt,</strong></span> <span class='ocrx_word' id='word_1_625' title='bbox 2283 3865 2402 3903; x_wconf 91' lang='lat' dir='ltr'><strong>cum</strong></span> <span class='ocrx_word' id='word_1_626' title='bbox 2437 3860 2611 3904; x_wconf 87' lang='lat' dir='ltr'><strong>tamen</strong></span> <span class='ocrx_word' id='word_1_627' title='bbox 2641 3852 2887 3904; x_wconf 88' lang='lat' dir='ltr'><strong>omnibus</strong></span> <span class='ocrx_word' id='word_1_628' title='bbox 2912 3866 3012 3904; x_wconf 86' lang='lat' dir='ltr'><strong>una</strong></span> <span class='ocrx_word' id='word_1_629' title='bbox 3039 3850 3309 3904; x_wconf 81' lang='lat' dir='ltr'><strong>beatitudo</strong></span> <span class='ocrx_word' id='word_1_630' title='bbox 3336 3860 3390 3904; x_wconf 87' lang='lat' dir='ltr'><strong>et</strong></span> <span class='ocrx_word' id='word_1_631' title='bbox 3420 3864 3543 3904; x_wconf 88' lang='lat' dir='ltr'><strong>sua-</strong></span> 
     </span>
    </p>
   </div>
   <div class='ocr_carea' id='block_1_86' title="bbox 1950 3939 2657 4008">
    <p class='ocr_par' dir='ltr' id='par_1_86' title="bbox 1950 3939 2657 4008">
     <span class='ocr_line' id='line_1_86' title="bbox 1950 3939 2657 4008; baseline -0.001 -15"><span class='ocrx_word' id='word_1_632' title='bbox 1950 3940 2085 3993; x_wconf 84' lang='lat' dir='ltr'><strong>vitas</strong></span> <span class='ocrx_word' id='word_1_633' title='bbox 2116 3948 2317 3994; x_wconf 65' lang='lat' dir='ltr'><strong>eeterna</strong></span> <span class='ocrx_word' id='word_1_634' title='bbox 2346 3939 2657 4008; x_wconf 71' lang='lat' dir='ltr'><strong>prms’tetur.</strong></span> 
     </span>
    </p>
   </div>
   <div class='ocr_carea' id='block_1_87' title="bbox 2218 4050 3271 4109">
    <p class='ocr_par' dir='ltr' id='par_1_87' title="bbox 2218 4050 3271 4109">
     <span class='ocr_line' id='line_1_87' title="bbox 2218 4050 3271 4109; baseline 0.002 -5"><span class='ocrx_word' id='word_1_635' title='bbox 2218 4050 2578 4106; x_wconf 75' lang='lat' dir='ltr'><strong>EXPUSITIO</strong></span> <span class='ocrx_word' id='word_1_636' title='bbox 2608 4052 2671 4107; x_wconf 78' lang='grc' dir='ltr'><strong>ΙΝ</strong></span> <span class='ocrx_word' id='word_1_637' title='bbox 2703 4053 3028 4109; x_wconf 76' lang='lat' dir='ltr'><strong>PSALMUM</strong></span> <span class='ocrx_word' id='word_1_638' title='bbox 3060 4053 3271 4109; x_wconf 68' lang='lat' dir='ltr'><strong>CXVII.</strong></span> 
     </span>
    </p>
   </div>
   <div class='ocr_carea' id='block_1_88' title="bbox 2626 4164 2869 4217">
    <p class='ocr_par' dir='ltr' id='par_1_88' title="bbox 2626 4164 2869 4217">
     <span class='ocr_line' id='line_1_88' title="bbox 2626 4164 2869 4217; baseline 0.008 -2"><span class='ocrx_word' id='word_1_639' title='bbox 2626 4164 2869 4217; x_wconf 81' lang='lat' dir='ltr'><strong>Alleluia.</strong></span> 
     </span>
    </p>
   </div>
   <div class='ocr_carea' id='block_1_89' title="bbox 2022 4274 3527 4347">
    <p class='ocr_par' dir='ltr' id='par_1_89' title="bbox 2022 4274 3527 4347">
     <span class='ocr_line' id='line_1_89' title="bbox 2022 4274 3527 4347; baseline 0.003 -21"><span class='ocrx_word' id='word_1_640' title='bbox 2022 4274 2266 4343; x_wconf 79' lang='lat' dir='ltr'><strong>Legimus</strong></span> <span class='ocrx_word' id='word_1_641' title='bbox 2298 4274 2349 4328; x_wconf 89' lang='lat' dir='ltr'><strong>in</strong></span> <span class='ocrx_word' id='word_1_642' title='bbox 2377 4277 2693 4346; x_wconf 74' lang='lat' dir='ltr'><strong>Apocalypsi</strong></span> <span class='ocrx_word' id='word_1_643' title='bbox 2725 4277 2947 4331; x_wconf 85' lang='lat' dir='ltr'><strong>Joannis</strong></span> <span class='ocrx_word' id='word_1_644' title='bbox 2976 4278 3199 4345; x_wconf 85' lang='lat' dir='ltr'><strong>apostoli</strong></span> <span class='ocrx_word' id='word_1_645' title='bbox 3230 4277 3381 4347; x_wconf 76' lang='lat' dir='ltr'><strong>(Cap.</strong></span> <span class='ocrx_word' id='word_1_646' title='bbox 3421 4293 3527 4339; x_wconf 77' lang='lat' dir='ltr'><strong>xix,</strong></span> 
     </span>
    </p>
   </div>
   <div class='ocr_carea' id='block_1_90' title="bbox 1954 4364 3537 4446">
    <p class='ocr_par' dir='ltr' id='par_1_90' title="bbox 1954 4364 3537 4446">
     <span class='ocr_line' id='line_1_90' title="bbox 1954 4364 3537 4446; baseline 0.003 -30"><span class='ocrx_word' id='word_1_647' title='bbox 1954 4364 2113 4446; x_wconf 54' lang='grc'><strong>1,,4),</strong></span> <span class='ocrx_word' id='word_1_648' title='bbox 2148 4365 2374 4419; x_wconf 85' lang='lat' dir='ltr'><strong>Alleluia</strong></span> <span class='ocrx_word' id='word_1_649' title='bbox 2410 4368 2459 4419; x_wconf 94' lang='lat' dir='ltr'><strong>in</strong></span> <span class='ocrx_word' id='word_1_650' title='bbox 2492 4368 2630 4421; x_wconf 72' lang='lat' dir='ltr'><strong>ctelo</strong></span> <span class='ocrx_word' id='word_1_651' title='bbox 2661 4377 2877 4422; x_wconf 87' lang='lat' dir='ltr'><strong>cantare</strong></span> <span class='ocrx_word' id='word_1_652' title='bbox 2918 4368 3315 4421; x_wconf 86' lang='lat' dir='ltr'><strong>multitudinem</strong></span> <span class='ocrx_word' id='word_1_653' title='bbox 3348 4369 3537 4435; x_wconf 87' lang='lat' dir='ltr'><strong>copio-</strong></span> 
     </span>
    </p>
   </div>
   <div class='ocr_carea' id='block_1_91' title="bbox 1953 4456 3541 4529">
    <p class='ocr_par' dir='ltr' id='par_1_91' title="bbox 1953 4456 3541 4529">
     <span class='ocr_line' id='line_1_91' title="bbox 1953 4456 3541 4529; baseline 0.002 -22"><span class='ocrx_word' id='word_1_654' title='bbox 1953 4470 2064 4507; x_wconf 89' lang='lat' dir='ltr'><strong>sam</strong></span> <span class='ocrx_word' id='word_1_655' title='bbox 2090 4472 2104 4519; x_wconf 89' lang='lat'><strong>;</strong></span> <span class='ocrx_word' id='word_1_656' title='bbox 2138 4456 2278 4524; x_wconf 77' lang='lat' dir='ltr'><strong>quod</strong></span> <span class='ocrx_word' id='word_1_657' title='bbox 2310 4458 2469 4511; x_wconf 87' lang='lat' dir='ltr'><strong>etiam</strong></span> <span class='ocrx_word' id='word_1_658' title='bbox 2493 4469 2719 4526; x_wconf 89' lang='lat' dir='ltr'><strong>quatuor</strong></span> <span class='ocrx_word' id='word_1_659' title='bbox 2740 4458 2989 4512; x_wconf 87' lang='lat' dir='ltr'><strong>animalia</strong></span> <span class='ocrx_word' id='word_1_660' title='bbox 3019 4468 3071 4511; x_wconf 92' lang='lat' dir='ltr'><strong>et</strong></span> <span class='ocrx_word' id='word_1_661' title='bbox 3099 4459 3281 4529; x_wconf 82' lang='lat' dir='ltr'><strong>viginti</strong></span> <span class='ocrx_word' id='word_1_662' title='bbox 3313 4468 3541 4527; x_wconf 85' lang='lat' dir='ltr'><strong>quatuor</strong></span> 
     </span>
    </p>
   </div>
   <div class='ocr_carea' id='block_1_92' title="bbox 262 4534 3540 4630">
    <p class='ocr_par' dir='ltr' id='par_1_92' title="bbox 262 4534 3540 4630">
     <span class='ocr_line' id='line_1_92' title="bbox 262 4534 3540 4630; baseline 0.004 -41"><span class='ocrx_word' id='word_1_663' title='bbox 262 4534 572 4630; x_wconf 25' lang='lat' dir='ltr'><strong>etAVerbum</strong></span> <span class='ocrx_word' id='word_1_664' title='bbox 600 4544 703 4587; x_wconf 88' lang='lat' dir='ltr'><strong>erat</strong></span> <span class='ocrx_word' id='word_1_665' title='bbox 731 4534 870 4630; x_wconf 80' lang='lat' dir='ltr'><strong>apud</strong></span> <span class='ocrx_word' id='word_1_666' title='bbox 914 4534 1072 4587; x_wconf 83' lang='lat' dir='ltr'><strong>Deum</strong></span> <span class='ocrx_word' id='word_1_667' title='bbox 1107 4534 1349 4603; x_wconf 82' lang='lat' dir='ltr'><strong>(Ibidem,</strong></span> <span class='ocrx_word' id='word_1_668' title='bbox 1504 4537 1664 4591; x_wconf 83' lang='lat' dir='ltr'><strong>Vides</strong></span> <span class='ocrx_word' id='word_1_669' title='bbox 1711 4539 1841 4592; x_wconf 90' lang='lat' dir='ltr'><strong>nihil</strong></span> <span class='ocrx_word' id='word_1_670' title='bbox 1875 4575 1919 4630; x_wconf 73' lang='grc' dir='ltr'>υ</span> <span class='ocrx_word' id='word_1_671' title='bbox 1950 4546 2189 4613; x_wconf 82' lang='lat' dir='ltr'><strong>seniores</strong></span> <span class='ocrx_word' id='word_1_672' title='bbox 2220 4546 2505 4601; x_wconf 88' lang='lat' dir='ltr'><strong>adorantes</strong></span> <span class='ocrx_word' id='word_1_673' title='bbox 2540 4548 2816 4602; x_wconf 89' lang='lat' dir='ltr'><strong>Dominum</strong></span> <span class='ocrx_word' id='word_1_674' title='bbox 2857 4548 3062 4615; x_wconf 87' lang='lat' dir='ltr'><strong>dicunt,</strong></span> <span class='ocrx_word' id='word_1_675' title='bbox 3095 4550 3235 4617; x_wconf 89' lang='lat' dir='ltr'><strong>quod</strong></span> <span class='ocrx_word' id='word_1_676' title='bbox 3280 4560 3421 4602; x_wconf 90' lang='lat' dir='ltr'><strong>totus</strong></span> <span class='ocrx_word' id='word_1_677' title='bbox 3450 4548 3540 4602; x_wconf 83' lang='lat' dir='ltr'><strong>illo</strong></span> 
     </span>
    </p>
   </div>
   <div class='ocr_carea' id='block_1_93' title="bbox 262 4627 1841 4697">
    <p class='ocr_par' dir='ltr' id='par_1_93' title="bbox 262 4627 1841 4697">
     <span class='ocr_line' id='line_1_93' title="bbox 262 4627 1841 4697; baseline -0.001 -14"><span class='ocrx_word' id='word_1_678' title='bbox 262 4627 338 4683; x_wconf 87' lang='lat' dir='ltr'><strong>ibi</strong></span> <span class='ocrx_word' id='word_1_679' title='bbox 386 4628 554 4683; x_wconf 84' lang='lat' dir='ltr'><strong>fuisse</strong></span> <span class='ocrx_word' id='word_1_680' title='bbox 592 4628 932 4696; x_wconf 68' lang='lat' dir='ltr'><strong>praepositum</strong></span> <span class='ocrx_word' id='word_1_681' title='bbox 959 4644 974 4691; x_wconf 86' lang='lat'><strong>;</strong></span> <span class='ocrx_word' id='word_1_682' title='bbox 1003 4643 1123 4681; x_wconf 90' lang='lat' dir='ltr'><strong>nam</strong></span> <span class='ocrx_word' id='word_1_683' title='bbox 1162 4638 1216 4681; x_wconf 90' lang='lat' dir='ltr'><strong>et</strong></span> <span class='ocrx_word' id='word_1_684' title='bbox 1245 4629 1425 4681; x_wconf 91' lang='lat' dir='ltr'><strong>multis</strong></span> <span class='ocrx_word' id='word_1_685' title='bbox 1462 4628 1591 4681; x_wconf 91' lang='lat' dir='ltr'><strong>locis</strong></span> <span class='ocrx_word' id='word_1_686' title='bbox 1639 4632 1841 4697; x_wconf 91' lang='lat' dir='ltr'><strong>primus</strong></span> 
     </span>
    </p>
   </div>
   <div class='ocr_carea' id='block_1_94' title="bbox 258 4720 1836 4790">
    <p class='ocr_par' dir='ltr' id='par_1_94' title="bbox 258 4720 1836 4790">
     <span class='ocr_line' id='line_1_94' title="bbox 258 4720 1836 4790; baseline -0.002 -13"><span class='ocrx_word' id='word_1_687' title='bbox 258 4720 433 4777; x_wconf 82' lang='lat' dir='ltr'><strong>Filius</strong></span> <span class='ocrx_word' id='word_1_688' title='bbox 465 4721 785 4789; x_wconf 89' lang='lat' dir='ltr'><strong>nominatur,</strong></span> <span class='ocrx_word' id='word_1_689' title='bbox 819 4732 875 4774; x_wconf 94' lang='lat' dir='ltr'><strong>ut</strong></span> <span class='ocrx_word' id='word_1_690' title='bbox 906 4731 988 4775; x_wconf 89' lang='lat' dir='ltr'><strong>est</strong></span> <span class='ocrx_word' id='word_1_691' title='bbox 1018 4720 1144 4775; x_wconf 91' lang='lat' dir='ltr'><strong>illud</strong></span> <span class='ocrx_word' id='word_1_692' title='bbox 1185 4722 1423 4788; x_wconf 81' lang='lat' dir='ltr'><strong>Apostoli</strong></span> <span class='ocrx_word' id='word_1_693' title='bbox 1446 4721 1510 4774; x_wconf 89' lang='lat' dir='ltr'><strong>ad</strong></span> <span class='ocrx_word' id='word_1_694' title='bbox 1543 4721 1836 4790; x_wconf 84' lang='lat' dir='ltr'><strong>Ephesios:</strong></span> 
     </span>
    </p>
   </div>
   <div class='ocr_carea' id='block_1_95' title="bbox 260 4817 1840 4885">
    <p class='ocr_par' dir='ltr' id='par_1_95' title="bbox 260 4817 1840 4885">
     <span class='ocr_line' id='line_1_95' title="bbox 260 4817 1840 4885; baseline 0.001 -14"><span class='ocrx_word' id='word_1_695' title='bbox 260 4820 346 4871; x_wconf 81' lang='lat' dir='ltr'><strong>An</strong></span> <span class='ocrx_word' id='word_1_696' title='bbox 376 4818 581 4871; x_wconf 82' lang='lat' dir='ltr'><strong>nescitis</strong></span> <span class='ocrx_word' id='word_1_697' title='bbox 608 4817 727 4885; x_wconf 87' lang='lat' dir='ltr'><strong>quia</strong></span> <span class='ocrx_word' id='word_1_698' title='bbox 757 4818 918 4870; x_wconf 88' lang='lat' dir='ltr'><strong>omnis</strong></span> <span class='ocrx_word' id='word_1_699' title='bbox 948 4818 1225 4883; x_wconf 78' lang='lat' dir='ltr'><strong>fornicator</strong></span> <span class='ocrx_word' id='word_1_700' title='bbox 1246 4827 1291 4870; x_wconf 88' lang='lat' dir='ltr'><strong>et</strong></span> <span class='ocrx_word' id='word_1_701' title='bbox 1315 4818 1603 4872; x_wconf 83' lang='lat' dir='ltr'><strong>immundus</strong></span> <span class='ocrx_word' id='word_1_702' title='bbox 1629 4836 1727 4872; x_wconf 87' lang='lat' dir='ltr'><strong>non</strong></span> <span class='ocrx_word' id='word_1_703' title='bbox 1750 4820 1840 4873; x_wconf 87' lang='lat' dir='ltr'><strong>ha-</strong></span> 
     </span>
    </p>
   </div>
   <div class='ocr_carea' id='block_1_96' title="bbox 260 4907 1842 4979">
    <p class='ocr_par' dir='ltr' id='par_1_96' title="bbox 260 4907 1842 4979">
     <span class='ocr_line' id='line_1_96' title="bbox 260 4907 1842 4979; baseline 0 -16"><span class='ocrx_word' id='word_1_704' title='bbox 260 4912 345 4963; x_wconf 84' lang='lat' dir='ltr'><strong>bet</strong></span> <span class='ocrx_word' id='word_1_705' title='bbox 374 4911 715 4963; x_wconf 54' lang='lat' dir='ltr'><strong>hereditatem</strong></span> <span class='ocrx_word' id='word_1_706' title='bbox 745 4911 796 4961; x_wconf 87' lang='lat' dir='ltr'><strong>in</strong></span> <span class='ocrx_word' id='word_1_707' title='bbox 826 4910 979 4979; x_wconf 81' lang='lat' dir='ltr'><strong>regno</strong></span> <span class='ocrx_word' id='word_1_708' title='bbox 1006 4908 1194 4963; x_wconf 75' lang='lat' dir='ltr'><strong>Christi</strong></span> <span class='ocrx_word' id='word_1_709' title='bbox 1229 4917 1275 4961; x_wconf 87' lang='lat' dir='ltr'><strong>et</strong></span> <span class='ocrx_word' id='word_1_710' title='bbox 1302 4908 1399 4961; x_wconf 88' lang='lat' dir='ltr'><strong>Dei</strong></span> <span class='ocrx_word' id='word_1_711' title='bbox 1430 4907 1641 4977; x_wconf 86' lang='lat' dir='ltr'><strong>(Ep/tes.</strong></span> <span class='ocrx_word' id='word_1_712' title='bbox 1674 4926 1723 4971; x_wconf 79' lang='grc' dir='ltr'><strong>ν,</strong></span> <span class='ocrx_word' id='word_1_713' title='bbox 1750 4911 1842 4975; x_wconf 69' lang='lat'><strong>5;?</strong></span> 
     </span>
    </p>
   </div>
   <div class='ocr_carea' id='block_1_97' title="bbox 260 4998 1839 5069">
    <p class='ocr_par' dir='ltr' id='par_1_97' title="bbox 260 4998 1839 5069">
     <span class='ocr_line' id='line_1_97' title="bbox 260 4998 1839 5069; baseline -0.001 -14"><span class='ocrx_word' id='word_1_714' title='bbox 260 5000 335 5055; x_wconf 78' lang='lat' dir='ltr'><strong>Et</strong></span> <span class='ocrx_word' id='word_1_715' title='bbox 360 5001 425 5054; x_wconf 89' lang='lat' dir='ltr'><strong>ad</strong></span> <span class='ocrx_word' id='word_1_716' title='bbox 462 4999 677 5054; x_wconf 86' lang='lat' dir='ltr'><strong>Galatas</strong></span> <span class='ocrx_word' id='word_1_717' title='bbox 704 5017 717 5052; x_wconf 76' lang='grc' dir='ltr'>ε</span> <span class='ocrx_word' id='word_1_718' title='bbox 765 4999 960 5053; x_wconf 83' lang='lat' dir='ltr'><strong>Paulus</strong></span> <span class='ocrx_word' id='word_1_719' title='bbox 995 4998 1258 5069; x_wconf 89' lang='lat' dir='ltr'><strong>apostolus</strong></span> <span class='ocrx_word' id='word_1_720' title='bbox 1291 5016 1389 5052; x_wconf 87' lang='lat' dir='ltr'><strong>non</strong></span> <span class='ocrx_word' id='word_1_721' title='bbox 1420 5000 1482 5052; x_wconf 86' lang='lat' dir='ltr'><strong>ab</strong></span> <span class='ocrx_word' id='word_1_722' title='bbox 1510 5000 1799 5053; x_wconf 86' lang='lat' dir='ltr'><strong>hominibus</strong></span> <span class='ocrx_word' id='word_1_723' title='bbox 1824 5041 1839 5065; x_wconf 90' lang='lat'><strong>,</strong></span> 
     </span>
    </p>
   </div>
   <div class='ocr_carea' id='block_1_98' title="bbox 259 5091 1841 5163">
    <p class='ocr_par' dir='ltr' id='par_1_98' title="bbox 259 5091 1841 5163">
     <span class='ocr_line' id='line_1_98' title="bbox 259 5091 1841 5163; baseline 0.003 -19"><span class='ocrx_word' id='word_1_724' title='bbox 259 5109 425 5160; x_wconf 77' lang='lat' dir='ltr'><strong>neque</strong></span> <span class='ocrx_word' id='word_1_725' title='bbox 454 5109 546 5161; x_wconf 85' lang='lat' dir='ltr'><strong>per</strong></span> <span class='ocrx_word' id='word_1_726' title='bbox 573 5093 843 5155; x_wconf 81' lang='lat' dir='ltr'><strong>hominem,</strong></span> <span class='ocrx_word' id='word_1_727' title='bbox 878 5097 965 5146; x_wconf 89' lang='lat' dir='ltr'><strong>sed</strong></span> <span class='ocrx_word' id='word_1_728' title='bbox 993 5109 1082 5163; x_wconf 88' lang='lat' dir='ltr'><strong>per</strong></span> <span class='ocrx_word' id='word_1_729' title='bbox 1107 5091 1283 5148; x_wconf 76' lang='lat' dir='ltr'><strong>Iesum</strong></span> <span class='ocrx_word' id='word_1_730' title='bbox 1311 5093 1566 5147; x_wconf 84' lang='lat' dir='ltr'><strong>Christum</strong></span> <span class='ocrx_word' id='word_1_731' title='bbox 1593 5106 1639 5147; x_wconf 85' lang='lat' dir='ltr'><strong>et</strong></span> <span class='ocrx_word' id='word_1_732' title='bbox 1679 5093 1841 5148; x_wconf 66' lang='lat' dir='ltr'><strong>Deam</strong></span> 
     </span>
    </p>
   </div>
   <div class='ocr_carea' id='block_1_99' title="bbox 262 5181 1851 5256">
    <p class='ocr_par' dir='ltr' id='par_1_99' title="bbox 262 5181 1851 5256">
     <span class='ocr_line' id='line_1_99' title="bbox 262 5181 1851 5256; baseline 0.003 -20"><span class='ocrx_word' id='word_1_733' title='bbox 262 5181 477 5237; x_wconf 80' lang='lat' dir='ltr'><strong>Patrem</strong></span> <span class='ocrx_word' id='word_1_734' title='bbox 519 5182 719 5255; x_wconf 85' lang='lat' dir='ltr'><strong>(Galat.</strong></span> <span class='ocrx_word' id='word_1_735' title='bbox 754 5201 788 5245; x_wconf 86' lang='grc' dir='ltr'><strong>ι.</strong></span> <span class='ocrx_word' id='word_1_736' title='bbox 824 5186 898 5254; x_wconf 81' lang='lat' dir='ltr'><strong>i).</strong></span> <span class='ocrx_word' id='word_1_737' title='bbox 946 5186 1008 5240; x_wconf 83' lang='lat' dir='ltr'><strong>Et</strong></span> <span class='ocrx_word' id='word_1_738' title='bbox 1042 5186 1105 5239; x_wconf 90' lang='lat' dir='ltr'><strong>ad</strong></span> <span class='ocrx_word' id='word_1_739' title='bbox 1146 5186 1688 5241; x_wconf 83' lang='lat' dir='ltr'><strong>Thessalonicenscs:</strong></span> <span class='ocrx_word' id='word_1_740' title='bbox 1733 5188 1851 5256; x_wconf 84' lang='lat' dir='ltr'><strong>Ipse</strong></span> 
     </span>
    </p>
   </div>
   <div class='ocr_carea' id='block_1_100' title="bbox 259 5275 1848 5345">
    <p class='ocr_par' dir='ltr' id='par_1_100' title="bbox 259 5275 1848 5345">
     <span class='ocr_line' id='line_1_100' title="bbox 259 5275 1848 5345; baseline 0.005 -20"><span class='ocrx_word' id='word_1_741' title='bbox 259 5284 438 5328; x_wconf 70' lang='lat' dir='ltr'><strong>autem</strong></span> <span class='ocrx_word' id='word_1_742' title='bbox 472 5276 718 5329; x_wconf 81' lang='lat' dir='ltr'><strong>Dominus</strong></span> <span class='ocrx_word' id='word_1_743' title='bbox 750 5275 899 5330; x_wconf 77' lang='lat' dir='ltr'><strong>Iesus</strong></span> <span class='ocrx_word' id='word_1_744' title='bbox 928 5276 1178 5340; x_wconf 84' lang='lat' dir='ltr'><strong>Christus,</strong></span> <span class='ocrx_word' id='word_1_745' title='bbox 1212 5289 1257 5331; x_wconf 88' lang='lat' dir='ltr'><strong>et</strong></span> <span class='ocrx_word' id='word_1_746' title='bbox 1289 5278 1425 5331; x_wconf 86' lang='lat' dir='ltr'><strong>Deus</strong></span> <span class='ocrx_word' id='word_1_747' title='bbox 1465 5278 1621 5331; x_wconf 86' lang='lat' dir='ltr'><strong>Pater</strong></span> <span class='ocrx_word' id='word_1_748' title='bbox 1646 5292 1848 5345; x_wconf 73' lang='lat' dir='ltr'><strong>noster,</strong></span> 
     </span>
    </p>
   </div>
   <div class='ocr_carea' id='block_1_101' title="bbox 256 5365 1848 5439">
    <p class='ocr_par' dir='ltr' id='par_1_101' title="bbox 256 5365 1848 5439">
     <span class='ocr_line' id='line_1_101' title="bbox 256 5365 1848 5439; baseline 0.006 -23"><span class='ocrx_word' id='word_1_749' title='bbox 256 5366 353 5431; x_wconf 79' lang='lat' dir='ltr'><strong>qui</strong></span> <span class='ocrx_word' id='word_1_750' title='bbox 382 5366 563 5419; x_wconf 75' lang='lat' dir='ltr'><strong>dilexit</strong></span> <span class='ocrx_word' id='word_1_751' title='bbox 600 5383 691 5418; x_wconf 87' lang='lat' dir='ltr'><strong>nos</strong></span> <span class='ocrx_word' id='word_1_752' title='bbox 722 5370 737 5437; x_wconf 92' lang='lat'><strong>(</strong></span> <span class='ocrx_word' id='word_1_753' title='bbox 764 5365 824 5419; x_wconf 87' lang='lat' dir='ltr'><strong>ll</strong></span> <span class='ocrx_word' id='word_1_754' title='bbox 857 5366 1031 5421; x_wconf 85' lang='lat' dir='ltr'><strong>Thess.</strong></span> <span class='ocrx_word' id='word_1_755' title='bbox 1066 5384 1123 5433; x_wconf 91' lang='grc' dir='ltr'><strong>ιι,</strong></span> <span class='ocrx_word' id='word_1_756' title='bbox 1166 5368 1296 5439; x_wconf 76' lang='grc'><strong>15).</strong></span> <span class='ocrx_word' id='word_1_757' title='bbox 1340 5369 1401 5423; x_wconf 82' lang='lat' dir='ltr'><strong>Et</strong></span> <span class='ocrx_word' id='word_1_758' title='bbox 1440 5371 1505 5423; x_wconf 91' lang='lat' dir='ltr'><strong>ad</strong></span> <span class='ocrx_word' id='word_1_759' title='bbox 1543 5371 1848 5425; x_wconf 80' lang='lat' dir='ltr'><strong>Corinthios</strong></span> 
     </span>
    </p>
   </div>
   <div class='ocr_carea' id='block_1_102' title="bbox 260 5455 1848 5524">
    <p class='ocr_par' dir='ltr' id='par_1_102' title="bbox 260 5455 1848 5524">
     <span class='ocr_line' id='line_1_102' title="bbox 260 5455 1848 5524; baseline 0.007 -19"><span class='ocrx_word' id='word_1_760' title='bbox 260 5455 542 5509; x_wconf 74' lang='lat' dir='ltr'><strong>secunda:</strong></span> <span class='ocrx_word' id='word_1_761' title='bbox 587 5455 765 5510; x_wconf 85' lang='lat' dir='ltr'><strong>Gratia</strong></span> <span class='ocrx_word' id='word_1_762' title='bbox 807 5457 1011 5511; x_wconf 87' lang='lat' dir='ltr'><strong>Domini</strong></span> <span class='ocrx_word' id='word_1_763' title='bbox 1050 5462 1209 5513; x_wconf 69' lang='lat' dir='ltr'><strong>noszri</strong></span> <span class='ocrx_word' id='word_1_764' title='bbox 1248 5460 1371 5514; x_wconf 72' lang='lat' dir='ltr'><strong>Iesu</strong></span> <span class='ocrx_word' id='word_1_765' title='bbox 1403 5462 1617 5524; x_wconf 76' lang='lat' dir='ltr'><strong>Christi,</strong></span> <span class='ocrx_word' id='word_1_766' title='bbox 1650 5474 1695 5517; x_wconf 85' lang='lat' dir='ltr'><strong>et</strong></span> <span class='ocrx_word' id='word_1_767' title='bbox 1725 5463 1848 5517; x_wconf 82' lang='lat' dir='ltr'><strong>cha-</strong></span> 
     </span>
    </p>
   </div>
   <div class='ocr_carea' id='block_1_103' title="bbox 259 5544 1844 5625">
    <p class='ocr_par' dir='ltr' id='par_1_103' title="bbox 259 5544 1844 5625">
     <span class='ocr_line' id='line_1_103' title="bbox 259 5544 1844 5625; baseline 0.01 -29"><span class='ocrx_word' id='word_1_768' title='bbox 259 5548 394 5599; x_wconf 77' lang='lat' dir='ltr'><strong>rizas</strong></span> <span class='ocrx_word' id='word_1_769' title='bbox 428 5546 522 5601; x_wconf 88' lang='lat' dir='ltr'><strong>Dei</strong></span> <span class='ocrx_word' id='word_1_770' title='bbox 554 5544 641 5618; x_wconf 86' lang='lat' dir='ltr'><strong>(II</strong></span> <span class='ocrx_word' id='word_1_771' title='bbox 670 5548 785 5603; x_wconf 88' lang='lat' dir='ltr'><strong>Cor.</strong></span> <span class='ocrx_word' id='word_1_772' title='bbox 819 5567 932 5615; x_wconf 86' lang='lat' dir='ltr'><strong>xm,</strong></span> <span class='ocrx_word' id='word_1_773' title='bbox 969 5553 1079 5621; x_wconf 69' lang='lat'><strong>13).</strong></span> <span class='ocrx_word' id='word_1_774' title='bbox 1111 5552 1175 5605; x_wconf 86' lang='lat' dir='ltr'><strong>Et</strong></span> <span class='ocrx_word' id='word_1_775' title='bbox 1207 5562 1261 5605; x_wconf 93' lang='lat' dir='ltr'><strong>ut</strong></span> <span class='ocrx_word' id='word_1_776' title='bbox 1296 5554 1448 5609; x_wconf 86' lang='lat' dir='ltr'><strong>istam</strong></span> <span class='ocrx_word' id='word_1_777' title='bbox 1489 5557 1844 5625; x_wconf 59' lang='lat' dir='ltr'><strong>aequalitatem</strong></span> 
     </span>
    </p>
   </div>
   <div class='ocr_carea' id='block_1_104' title="bbox 260 5640 1852 5712">
    <p class='ocr_par' dir='ltr' id='par_1_104' title="bbox 260 5640 1852 5712">
     <span class='ocr_line' id='line_1_104' title="bbox 260 5640 1852 5712; baseline 0.009 -23"><span class='ocrx_word' id='word_1_778' title='bbox 260 5640 336 5693; x_wconf 80' lang='lat' dir='ltr'><strong>de</strong></span> <span class='ocrx_word' id='word_1_779' title='bbox 362 5649 472 5693; x_wconf 86' lang='lat' dir='ltr'><strong>tota</strong></span> <span class='ocrx_word' id='word_1_780' title='bbox 500 5640 827 5712; x_wconf 83' lang='lat' dir='ltr'><strong>intelligeres</strong></span> <span class='ocrx_word' id='word_1_781' title='bbox 854 5644 1131 5711; x_wconf 85' lang='lat' dir='ltr'><strong>Trinitate,</strong></span> <span class='ocrx_word' id='word_1_782' title='bbox 1161 5646 1386 5712; x_wconf 87' lang='lat' dir='ltr'><strong>addidit,</strong></span> <span class='ocrx_word' id='word_1_783' title='bbox 1425 5659 1471 5702; x_wconf 87' lang='lat' dir='ltr'><strong>et</strong></span> <span class='ocrx_word' id='word_1_784' title='bbox 1506 5651 1852 5703; x_wconf 85' lang='lat' dir='ltr'><strong>communica-</strong></span> 
     </span>
    </p>
   </div>
   <div class='ocr_carea' id='block_1_105' title="bbox 263 5732 1852 5815">
    <p class='ocr_par' dir='ltr' id='par_1_105' title="bbox 263 5732 1852 5815">
     <span class='ocr_line' id='line_1_105' title="bbox 263 5732 1852 5815; baseline 0.008 -29"><span class='ocrx_word' id='word_1_785' title='bbox 263 5732 339 5786; x_wconf 72' lang='lat' dir='ltr'><strong>tio</strong></span> <span class='ocrx_word' id='word_1_786' title='bbox 366 5732 531 5785; x_wconf 83' lang='lat' dir='ltr'><strong>sancti</strong></span> <span class='ocrx_word' id='word_1_787' title='bbox 565 5732 787 5806; x_wconf 79' lang='lat' dir='ltr'><strong>Spiritus</strong></span> <span class='ocrx_word' id='word_1_788' title='bbox 826 5753 937 5790; x_wconf 83' lang='lat' dir='ltr'><strong>cum</strong></span> <span class='ocrx_word' id='word_1_789' title='bbox 968 5739 1199 5793; x_wconf 81' lang='lat' dir='ltr'><strong>omnibus</strong></span> <span class='ocrx_word' id='word_1_790' title='bbox 1236 5740 1391 5795; x_wconf 77' lang='lat' dir='ltr'><strong>vobis.</strong></span> <span class='ocrx_word' id='word_1_791' title='bbox 1430 5741 1655 5815; x_wconf 74' lang='lat' dir='ltr'><strong>Legitur</strong></span> <span class='ocrx_word' id='word_1_792' title='bbox 1688 5742 1852 5799; x_wconf 84' lang='lat' dir='ltr'><strong>etiam</strong></span> 
     </span>
    </p>
   </div>
   <div class='ocr_carea' id='block_1_106' title="bbox 1944 4639 3538 4712">
    <p class='ocr_par' dir='ltr' id='par_1_106' title="bbox 1944 4639 3538 4712">
     <span class='ocr_line' id='line_1_106' title="bbox 1944 4639 3538 4712; baseline 0.004 -21"><span class='ocrx_word' id='word_1_793' title='bbox 1944 4639 2180 4691; x_wconf 87' lang='lat' dir='ltr'><strong>ccelestis</strong></span> <span class='ocrx_word' id='word_1_794' title='bbox 2220 4640 2488 4694; x_wconf 86' lang='lat' dir='ltr'><strong>exercitus</strong></span> <span class='ocrx_word' id='word_1_795' title='bbox 2519 4641 2569 4701; x_wconf 87' lang='lat' dir='ltr'><strong>in</strong></span> <span class='ocrx_word' id='word_1_796' title='bbox 2604 4656 2733 4696; x_wconf 91' lang='lat' dir='ltr'><strong>voce</strong></span> <span class='ocrx_word' id='word_1_797' title='bbox 2766 4642 2904 4695; x_wconf 76' lang='lat' dir='ltr'><strong>tuba:</strong></span> <span class='ocrx_word' id='word_1_798' title='bbox 2946 4644 3283 4710; x_wconf 76' lang='lat' dir='ltr'><strong>grandisonte</strong></span> <span class='ocrx_word' id='word_1_799' title='bbox 3325 4643 3538 4712; x_wconf 83' lang='lat' dir='ltr'><strong>hymni-</strong></span> 
     </span>
    </p>
   </div>
   <div class='ocr_carea' id='block_1_107' title="bbox 1942 4728 3536 4803">
    <p class='ocr_par' dir='ltr' id='par_1_107' title="bbox 1942 4728 3536 4803">
     <span class='ocr_line' id='line_1_107' title="bbox 1942 4728 3536 4803; baseline 0.004 -21"><span class='ocrx_word' id='word_1_800' title='bbox 1942 4728 2056 4782; x_wconf 87' lang='lat' dir='ltr'><strong>dica</strong></span> <span class='ocrx_word' id='word_1_801' title='bbox 2081 4728 2433 4785; x_wconf 83' lang='lat' dir='ltr'><strong>exsultatione</strong></span> <span class='ocrx_word' id='word_1_802' title='bbox 2457 4734 2817 4788; x_wconf 89' lang='lat' dir='ltr'><strong>concelebrat.</strong></span> <span class='ocrx_word' id='word_1_803' title='bbox 2844 4735 3182 4803; x_wconf 82' lang='lat' dir='ltr'><strong>Quapropter</strong></span> <span class='ocrx_word' id='word_1_804' title='bbox 3203 4734 3267 4787; x_wconf 89' lang='lat' dir='ltr'><strong>ad</strong></span> <span class='ocrx_word' id='word_1_805' title='bbox 3294 4736 3395 4789; x_wconf 90' lang='lat' dir='ltr'><strong>hoc</strong></span> <span class='ocrx_word' id='word_1_806' title='bbox 3420 4737 3536 4789; x_wconf 90' lang='lat' dir='ltr'><strong>lau-</strong></span> 
     </span>
    </p>
   </div>
   <div class='ocr_carea' id='block_1_108' title="bbox 1945 4816 3535 4892">
    <p class='ocr_par' dir='ltr' id='par_1_108' title="bbox 1945 4816 3535 4892">
     <span class='ocr_line' id='line_1_108' title="bbox 1945 4816 3535 4892; baseline 0.006 -22"><span class='ocrx_word' id='word_1_807' title='bbox 1945 4818 2029 4870; x_wconf 89' lang='lat' dir='ltr'><strong>dis</strong></span> <span class='ocrx_word' id='word_1_808' title='bbox 2059 4816 2290 4871; x_wconf 77' lang='lat' dir='ltr'><strong>ofﬁcinm</strong></span> <span class='ocrx_word' id='word_1_809' title='bbox 2320 4830 2373 4873; x_wconf 90' lang='lat' dir='ltr'><strong>et</strong></span> <span class='ocrx_word' id='word_1_810' title='bbox 2395 4836 2491 4875; x_wconf 90' lang='lat' dir='ltr'><strong>nos</strong></span> <span class='ocrx_word' id='word_1_811' title='bbox 2513 4822 2759 4878; x_wconf 88' lang='lat' dir='ltr'><strong>alacriter</strong></span> <span class='ocrx_word' id='word_1_812' title='bbox 2784 4825 3119 4878; x_wconf 84' lang='lat' dir='ltr'><strong>accedamus.</strong></span> <span class='ocrx_word' id='word_1_813' title='bbox 3145 4826 3293 4892; x_wconf 85' lang='lat' dir='ltr'><strong>Quod</strong></span> <span class='ocrx_word' id='word_1_814' title='bbox 3323 4826 3365 4878; x_wconf 89' lang='lat' dir='ltr'><strong>si</strong></span> <span class='ocrx_word' id='word_1_815' title='bbox 3402 4840 3535 4892; x_wconf 84' lang='lat' dir='ltr'><strong>puro</strong></span> 
     </span>
    </p>
   </div>
   <div class='ocr_carea' id='block_1_109' title="bbox 1945 4912 3538 4983">
    <p class='ocr_par' dir='ltr' id='par_1_109' title="bbox 1945 4912 3538 4983">
     <span class='ocr_line' id='line_1_109' title="bbox 1945 4912 3538 4983; baseline 0.002 -18"><span class='ocrx_word' id='word_1_816' title='bbox 1945 4913 2105 4965; x_wconf 75' lang='lat' dir='ltr'><strong>corde</strong></span> <span class='ocrx_word' id='word_1_817' title='bbox 2136 4912 2399 4975; x_wconf 87' lang='lat' dir='ltr'><strong>canimus,</strong></span> <span class='ocrx_word' id='word_1_818' title='bbox 2433 4917 2632 4967; x_wconf 81' lang='lat' dir='ltr'><strong>sanctis</strong></span> <span class='ocrx_word' id='word_1_819' title='bbox 2664 4914 2946 4967; x_wconf 87' lang='lat' dir='ltr'><strong>virtutibus</strong></span> <span class='ocrx_word' id='word_1_820' title='bbox 2982 4916 3067 4983; x_wconf 91' lang='lat' dir='ltr'><strong>pia</strong></span> <span class='ocrx_word' id='word_1_821' title='bbox 3098 4916 3382 4968; x_wconf 70' lang='lat' dir='ltr'><strong>devotione</strong></span> <span class='ocrx_word' id='word_1_822' title='bbox 3430 4918 3538 4969; x_wconf 88' lang='lat' dir='ltr'><strong>mi-</strong></span> 
     </span>
    </p>
   </div>
   <div class='ocr_carea' id='block_1_110' title="bbox 1946 5007 3539 5081">
    <p class='ocr_par' dir='ltr' id='par_1_110' title="bbox 1946 5007 3539 5081">
     <span class='ocr_line' id='line_1_110' title="bbox 1946 5007 3539 5081; baseline 0.004 -23"><span class='ocrx_word' id='word_1_823' title='bbox 1946 5021 2193 5070; x_wconf 69' lang='lat' dir='ltr'><strong>scemur;</strong></span> <span class='ocrx_word' id='word_1_824' title='bbox 2226 5008 2385 5075; x_wconf 75' lang='lat' dir='ltr'><strong>ﬁtque</strong></span> <span class='ocrx_word' id='word_1_825' title='bbox 2419 5007 2590 5061; x_wconf 88' lang='lat' dir='ltr'><strong>honor</strong></span> <span class='ocrx_word' id='word_1_826' title='bbox 2621 5019 2672 5063; x_wconf 90' lang='lat' dir='ltr'><strong>et</strong></span> <span class='ocrx_word' id='word_1_827' title='bbox 2695 5011 2863 5077; x_wconf 88' lang='lat' dir='ltr'><strong>gratia</strong></span> <span class='ocrx_word' id='word_1_828' title='bbox 2888 5020 3243 5078; x_wconf 86' lang='lat' dir='ltr'><strong>tcr:enorum,</strong></span> <span class='ocrx_word' id='word_1_829' title='bbox 3270 5030 3384 5081; x_wconf 77' lang='lat' dir='ltr'><strong>qua:</strong></span> <span class='ocrx_word' id='word_1_830' title='bbox 3412 5014 3539 5067; x_wconf 88' lang='lat' dir='ltr'><strong>bea-</strong></span> 
     </span>
    </p>
   </div>
   <div class='ocr_carea' id='block_1_111' title="bbox 1950 5096 3538 5169">
    <p class='ocr_par' dir='ltr' id='par_1_111' title="bbox 1950 5096 3538 5169">
     <span class='ocr_line' id='line_1_111' title="bbox 1950 5096 3538 5169; baseline 0.004 -19"><span class='ocrx_word' id='word_1_831' title='bbox 1950 5096 2119 5150; x_wconf 89' lang='lat' dir='ltr'><strong>titudo</strong></span> <span class='ocrx_word' id='word_1_832' title='bbox 2152 5097 2405 5165; x_wconf 87' lang='lat' dir='ltr'><strong>probatur</strong></span> <span class='ocrx_word' id='word_1_833' title='bbox 2434 5113 2557 5153; x_wconf 81' lang='lat' dir='ltr'><strong>esse</strong></span> <span class='ocrx_word' id='word_1_834' title='bbox 2586 5100 2909 5157; x_wconf 78' lang='lat' dir='ltr'><strong>cmlestium.</strong></span> <span class='ocrx_word' id='word_1_835' title='bbox 2935 5102 3197 5169; x_wconf 86' lang='lat' dir='ltr'><strong>Quocirca</strong></span> <span class='ocrx_word' id='word_1_836' title='bbox 3236 5105 3538 5157; x_wconf 87' lang='lat' dir='ltr'><strong>intueamur</strong></span> 
     </span>
    </p>
   </div>
   <div class='ocr_carea' id='block_1_112' title="bbox 1953 5186 3540 5262">
    <p class='ocr_par' dir='ltr' id='par_1_112' title="bbox 1953 5186 3540 5262">
     <span class='ocr_line' id='line_1_112' title="bbox 1953 5186 3540 5262; baseline 0.006 -23"><span class='ocrx_word' id='word_1_837' title='bbox 1953 5186 2095 5240; x_wconf 92' lang='lat' dir='ltr'><strong>hunc</strong></span> <span class='ocrx_word' id='word_1_838' title='bbox 2140 5187 2401 5255; x_wconf 80' lang='lat' dir='ltr'><strong>psalmum</strong></span> <span class='ocrx_word' id='word_1_839' title='bbox 2444 5191 2685 5257; x_wconf 87' lang='lat' dir='ltr'><strong>speciosa</strong></span> <span class='ocrx_word' id='word_1_840' title='bbox 2728 5191 2901 5248; x_wconf 89' lang='lat' dir='ltr'><strong>fronte</strong></span> <span class='ocrx_word' id='word_1_841' title='bbox 2926 5194 3251 5248; x_wconf 91' lang='lat' dir='ltr'><strong>relucentem</strong></span> <span class='ocrx_word' id='word_1_842' title='bbox 3282 5213 3294 5258; x_wconf 91' lang='lat'><strong>;</strong></span> <span class='ocrx_word' id='word_1_843' title='bbox 3329 5196 3377 5248; x_wconf 89' lang='lat' dir='ltr'><strong>in</strong></span> <span class='ocrx_word' id='word_1_844' title='bbox 3411 5196 3540 5262; x_wconf 74' lang='lat' dir='ltr'><strong>ip~is</strong></span> 
     </span>
    </p>
   </div>
   <div class='ocr_carea' id='block_1_113' title="bbox 1949 5276 3535 5353">
    <p class='ocr_par' dir='ltr' id='par_1_113' title="bbox 1949 5276 3535 5353">
     <span class='ocr_line' id='line_1_113' title="bbox 1949 5276 3535 5353; baseline 0.009 -27"><span class='ocrx_word' id='word_1_845' title='bbox 1949 5276 2141 5346; x_wconf 89' lang='lat' dir='ltr'><strong>quippe</strong></span> <span class='ocrx_word' id='word_1_846' title='bbox 2168 5278 2443 5345; x_wconf 88' lang='lat' dir='ltr'><strong>principiis</strong></span> <span class='ocrx_word' id='word_1_847' title='bbox 2475 5291 2706 5348; x_wconf 88' lang='lat' dir='ltr'><strong>quatuor</strong></span> <span class='ocrx_word' id='word_1_848' title='bbox 2738 5298 2930 5337; x_wconf 86' lang='lat' dir='ltr'><strong>versus</strong></span> <span class='ocrx_word' id='word_1_849' title='bbox 2962 5286 3075 5353; x_wconf 86' lang='lat' dir='ltr'><strong>pari</strong></span> <span class='ocrx_word' id='word_1_850' title='bbox 3114 5286 3217 5339; x_wconf 89' lang='lat' dir='ltr'><strong>ﬁne</strong></span> <span class='ocrx_word' id='word_1_851' title='bbox 3251 5288 3535 5353; x_wconf 78' lang='lat' dir='ltr'><strong>cont-lusit,</strong></span> 
     </span>
    </p>
   </div>
   <div class='ocr_carea' id='block_1_114' title="bbox 1950 5368 3536 5435">
    <p class='ocr_par' dir='ltr' id='par_1_114' title="bbox 1950 5368 3536 5435">
     <span class='ocr_line' id='line_1_114' title="bbox 1950 5368 3536 5435; baseline 0.009 -17"><span class='ocrx_word' id='word_1_852' title='bbox 1950 5375 2008 5419; x_wconf 82' lang='grc' dir='ltr'><strong>ιιι</strong></span> <span class='ocrx_word' id='word_1_853' title='bbox 2049 5368 2354 5435; x_wconf 82' lang='lat' dir='ltr'><strong>evangeliea</strong></span> <span class='ocrx_word' id='word_1_854' title='bbox 2389 5385 2612 5426; x_wconf 88' lang='lat' dir='ltr'><strong>numero</strong></span> <span class='ocrx_word' id='word_1_855' title='bbox 2662 5380 2829 5427; x_wconf 90' lang='lat' dir='ltr'><strong>totum</strong></span> <span class='ocrx_word' id='word_1_856' title='bbox 2872 5375 3125 5429; x_wconf 90' lang='lat' dir='ltr'><strong>mundum</strong></span> <span class='ocrx_word' id='word_1_857' title='bbox 3171 5377 3258 5431; x_wconf 92' lang='lat' dir='ltr'><strong>uni</strong></span> <span class='ocrx_word' id='word_1_858' title='bbox 3310 5378 3536 5432; x_wconf 88' lang='lat' dir='ltr'><strong>Domino</strong></span> 
     </span>
    </p>
   </div>
   <div class='ocr_carea' id='block_1_115' title="bbox 1949 5459 3541 5539">
    <p class='ocr_par' dir='ltr' id='par_1_115' title="bbox 1949 5459 3541 5539">
     <span class='ocr_line' id='line_1_115' title="bbox 1949 5459 3541 5539; baseline 0.008 -26"><span class='ocrx_word' id='word_1_859' title='bbox 1949 5459 2132 5514; x_wconf 83' lang='lat' dir='ltr'><strong>laudes</strong></span> <span class='ocrx_word' id='word_1_860' title='bbox 2159 5461 2354 5515; x_wconf 88' lang='lat' dir='ltr'><strong>debere</strong></span> <span class='ocrx_word' id='word_1_861' title='bbox 2378 5464 2623 5533; x_wconf 88' lang='lat' dir='ltr'><strong>reddere,</strong></span> <span class='ocrx_word' id='word_1_862' title='bbox 2652 5468 3026 5523; x_wconf 84' lang='lat' dir='ltr'><strong>adhortatione</strong></span> <span class='ocrx_word' id='word_1_863' title='bbox 3047 5471 3368 5539; x_wconf 88' lang='lat' dir='ltr'><strong>quadrifaria</strong></span> <span class='ocrx_word' id='word_1_864' title='bbox 3394 5487 3541 5526; x_wconf 88' lang='lat' dir='ltr'><strong>com-</strong></span> 
     </span>
    </p>
   </div>
   <div class='ocr_carea' id='block_1_116' title="bbox 1952 5550 3539 5633">
    <p class='ocr_par' dir='ltr' id='par_1_116' title="bbox 1952 5550 3539 5633">
     <span class='ocr_line' id='line_1_116' title="bbox 1952 5550 3539 5633; baseline 0.008 -28"><span class='ocrx_word' id='word_1_865' title='bbox 1952 5559 2213 5605; x_wconf 89' lang='lat' dir='ltr'><strong>moneret.</strong></span> <span class='ocrx_word' id='word_1_866' title='bbox 2249 5550 2354 5605; x_wconf 89' lang='lat' dir='ltr'><strong>llos</strong></span> <span class='ocrx_word' id='word_1_867' title='bbox 2376 5553 2725 5614; x_wconf 86' lang='lat' dir='ltr'><strong>intercalares</strong></span> <span class='ocrx_word' id='word_1_868' title='bbox 2748 5576 2851 5613; x_wconf 92' lang='lat' dir='ltr'><strong>non</strong></span> <span class='ocrx_word' id='word_1_869' title='bbox 2882 5576 3165 5630; x_wconf 86' lang='lat' dir='ltr'><strong>possumus</strong></span> <span class='ocrx_word' id='word_1_870' title='bbox 3188 5565 3390 5626; x_wconf 88' lang='lat' dir='ltr'><strong>dicere,</strong></span> <span class='ocrx_word' id='word_1_871' title='bbox 3416 5564 3539 5633; x_wconf 83' lang='lat' dir='ltr'><strong>quia</strong></span> 
     </span>
    </p>
   </div>
   <div class='ocr_carea' id='block_1_117' title="bbox 1956 5643 3543 5727">
    <p class='ocr_par' dir='ltr' id='par_1_117' title="bbox 1956 5643 3543 5727">
     <span class='ocr_line' id='line_1_117' title="bbox 1956 5643 3543 5727; baseline 0.007 -26"><span class='ocrx_word' id='word_1_872' title='bbox 1956 5644 2133 5700; x_wconf 77' lang='lat' dir='ltr'><strong>nullos</strong></span> <span class='ocrx_word' id='word_1_873' title='bbox 2172 5643 2307 5697; x_wconf 69' lang='lat' dir='ltr'><strong>alios</strong></span> <span class='ocrx_word' id='word_1_874' title='bbox 2348 5646 2557 5714; x_wconf 79' lang='lat' dir='ltr'><strong>miscet,</strong></span> <span class='ocrx_word' id='word_1_875' title='bbox 2606 5653 2699 5708; x_wconf 87' lang='lat' dir='ltr'><strong>sed</strong></span> <span class='ocrx_word' id='word_1_876' title='bbox 2747 5654 2973 5709; x_wconf 89' lang='lat' dir='ltr'><strong>nnilines</strong></span> <span class='ocrx_word' id='word_1_877' title='bbox 3016 5670 3109 5709; x_wconf 88' lang='lat' dir='ltr'><strong>eos</strong></span> <span class='ocrx_word' id='word_1_878' title='bbox 3150 5670 3273 5727; x_wconf 77' lang='lat' dir='ltr'><strong>apto</strong></span> <span class='ocrx_word' id='word_1_879' title='bbox 3322 5657 3543 5712; x_wconf 76' lang='lat' dir='ltr'><strong>forsitan</strong></span> 
     </span>
    </p>
   </div>
   <div class='ocr_carea' id='block_1_118' title="bbox 1960 5739 3542 5817">
    <p class='ocr_par' dir='ltr' id='par_1_118' title="bbox 1960 5739 3542 5817">
     <span class='ocr_line' id='line_1_118' title="bbox 1960 5739 3542 5817; baseline 0.005 -22"><span class='ocrx_word' id='word_1_880' title='bbox 1960 5739 2176 5797; x_wconf 90' lang='lat' dir='ltr'><strong>nomine</strong></span> <span class='ocrx_word' id='word_1_881' title='bbox 2210 5739 2529 5814; x_wconf 81' lang='lat' dir='ltr'><strong>vocitamus,</strong></span> <span class='ocrx_word' id='word_1_882' title='bbox 2564 5750 2651 5817; x_wconf 85' lang='lat' dir='ltr'><strong>qui</strong></span> <span class='ocrx_word' id='word_1_883' title='bbox 2682 5749 2840 5805; x_wconf 78' lang='lat' dir='ltr'><strong>simili</strong></span> <span class='ocrx_word' id='word_1_884' title='bbox 2877 5750 3159 5808; x_wconf 88' lang='lat' dir='ltr'><strong>verborum</strong></span> <span class='ocrx_word' id='word_1_885' title='bbox 3194 5751 3542 5809; x_wconf 83' lang='lat' dir='ltr'><strong>consonantis</strong></span> 
     </span>
    </p>
   </div>
  </div>
