  <div class='ocr_page' id='page_1' title='image "/cluster/home/n/w/nwhite01/storage/ocr_20150623/70/hvd.32044054758735/419.png"; bbox 0 0 3966 6172; ppageno 0'>
   <div class='ocr_carea' id='block_1_1' title="bbox 460 283 556 339">
    <p class='ocr_par' dir='ltr' id='par_1_1' title="bbox 460 283 556 339">
     <span class='ocr_line' id='line_1_1' title="bbox 460 283 556 339; baseline -0.052 0"><span class='ocrx_word' id='word_1_1' title='bbox 460 283 556 339; x_wconf 70' lang='grc'><strong>82⁸7</strong></span> 
     </span>
    </p>
   </div>
   <div class='ocr_carea' id='block_1_2' title="bbox 1678 262 3656 324">
    <p class='ocr_par' dir='ltr' id='par_1_2' title="bbox 1678 262 3656 324">
     <span class='ocr_line' id='line_1_2' title="bbox 1678 262 3656 324; baseline 0.001 -3"><span class='ocrx_word' id='word_1_2' title='bbox 1678 268 1724 322; x_wconf 80' lang='grc' dir='ltr'><strong>Μ</strong></span> <span class='ocrx_word' id='word_1_3' title='bbox 1735 308 1748 320; x_wconf 94' lang='grc'>.</span> <span class='ocrx_word' id='word_1_4' title='bbox 1788 265 1876 321; x_wconf 71' lang='grc' dir='ltr'><strong>ΑΕ</strong></span> <span class='ocrx_word' id='word_1_5' title='bbox 1890 268 1926 319; x_wconf 72' lang='lat' dir='ltr'><strong>li</strong></span> <span class='ocrx_word' id='word_1_6' title='bbox 1939 265 2063 319; x_wconf 81' lang='lat' dir='ltr'><strong>ELll</strong></span> <span class='ocrx_word' id='word_1_7' title='bbox 2100 262 2330 319; x_wconf 75' lang='lat' dir='ltr'><strong>CASSIO</strong></span> <span class='ocrx_word' id='word_1_8' title='bbox 2340 262 2493 319; x_wconf 74' lang='lat' dir='ltr'><strong>DOlil</strong></span> <span class='ocrx_word' id='word_1_9' title='bbox 3572 269 3656 324; x_wconf 62' lang='lat'><strong>818</strong></span> 
     </span>
    </p>
   </div>
   <div class='ocr_carea' id='block_1_3' title="bbox 459 376 3660 454">
    <p class='ocr_par' dir='ltr' id='par_1_3' title="bbox 459 376 3660 454">
     <span class='ocr_line' id='line_1_3' title="bbox 459 376 3660 454; baseline -0.005 0"><span class='ocrx_word' id='word_1_10' title='bbox 459 398 828 454; x_wconf 85' lang='lat' dir='ltr'><strong>terminantur.</strong></span> <span class='ocrx_word' id='word_1_11' title='bbox 879 392 986 446; x_wconf 89' lang='lat' dir='ltr'><strong>Hoc</strong></span> <span class='ocrx_word' id='word_1_12' title='bbox 1027 399 1079 445; x_wconf 90' lang='lat' dir='ltr'><strong>et</strong></span> <span class='ocrx_word' id='word_1_13' title='bbox 1116 389 1168 443; x_wconf 88' lang='lat' dir='ltr'><strong>in</strong></span> <span class='ocrx_word' id='word_1_14' title='bbox 1206 385 1499 442; x_wconf 85' lang='lat' dir='ltr'><strong>centesimo</strong></span> <span class='ocrx_word' id='word_1_15' title='bbox 1540 383 1813 452; x_wconf 88' lang='lat' dir='ltr'><strong>trigesimo</strong></span> <span class='ocrx_word' id='word_1_16' title='bbox 1850 383 2035 452; x_wconf 91' lang='lat' dir='ltr'><strong>quinto</strong></span> <span class='ocrx_word' id='word_1_17' title='bbox 2067 388 2113 443; x_wconf 78' lang='grc' dir='ltr'>Α</span> <span class='ocrx_word' id='word_1_18' title='bbox 2141 382 2353 447; x_wconf 82' lang='lat' dir='ltr'><strong>minuat,</strong></span> <span class='ocrx_word' id='word_1_19' title='bbox 2388 390 2444 433; x_wconf 90' lang='lat' dir='ltr'><strong>ut</strong></span> <span class='ocrx_word' id='word_1_20' title='bbox 2470 379 2590 433; x_wconf 90' lang='lat' dir='ltr'><strong>illos</strong></span> <span class='ocrx_word' id='word_1_21' title='bbox 2619 377 2923 433; x_wconf 74' lang='lat' dir='ltr'><strong>ostenderet</strong></span> <span class='ocrx_word' id='word_1_22' title='bbox 2951 392 3085 446; x_wconf 89' lang='lat' dir='ltr'><strong>quos</strong></span> <span class='ocrx_word' id='word_1_23' title='bbox 3123 376 3173 430; x_wconf 90' lang='lat' dir='ltr'><strong>in</strong></span> <span class='ocrx_word' id='word_1_24' title='bbox 3197 379 3464 433; x_wconf 79' lang='lat' dir='ltr'><strong>centesimo</strong></span> <span class='ocrx_word' id='word_1_25' title='bbox 3483 381 3660 440; x_wconf 82' lang='lat' dir='ltr'><strong>decimo</strong></span> 
     </span>
    </p>
   </div>
   <div class='ocr_carea' id='block_1_4' title="bbox 460 471 2034 559">
    <p class='ocr_par' dir='ltr' id='par_1_4' title="bbox 460 471 2034 559">
     <span class='ocr_line' id='line_1_4' title="bbox 460 471 2034 559; baseline -0.012 -15"><span class='ocrx_word' id='word_1_26' title='bbox 460 492 667 559; x_wconf 79' lang='lat' dir='ltr'><strong>psalmo</strong></span> <span class='ocrx_word' id='word_1_27' title='bbox 699 501 790 555; x_wconf 83' lang='lat' dir='ltr'><strong>per</strong></span> <span class='ocrx_word' id='word_1_28' title='bbox 814 497 1001 537; x_wconf 88' lang='lat' dir='ltr'><strong>omnes</strong></span> <span class='ocrx_word' id='word_1_29' title='bbox 1025 494 1207 534; x_wconf 88' lang='lat' dir='ltr'><strong>versus</strong></span> <span class='ocrx_word' id='word_1_30' title='bbox 1233 478 1477 533; x_wconf 92' lang='lat' dir='ltr'><strong>absolute</strong></span> <span class='ocrx_word' id='word_1_31' title='bbox 1505 475 1736 529; x_wconf 81' lang='lat' dir='ltr'><strong>facturus</strong></span> <span class='ocrx_word' id='word_1_32' title='bbox 1757 482 1869 539; x_wconf 89' lang='lat' dir='ltr'><strong>est;</strong></span> <span class='ocrx_word' id='word_1_33' title='bbox 1894 471 2034 542; x_wconf 92' lang='lat' dir='ltr'><strong>quod</strong></span> 
     </span>
    </p>
   </div>
   <div class='ocr_carea' id='block_1_5' title="bbox 460 564 2039 648">
    <p class='ocr_par' dir='ltr' id='par_1_5' title="bbox 460 564 2039 648">
     <span class='ocr_line' id='line_1_5' title="bbox 460 564 2039 648; baseline -0.013 -14"><span class='ocrx_word' id='word_1_34' title='bbox 460 574 906 648; x_wconf 83' lang='lat' dir='ltr'><strong>quemadmodum</strong></span> <span class='ocrx_word' id='word_1_35' title='bbox 936 587 994 625; x_wconf 88' lang='lat' dir='ltr'><strong>se</strong></span> <span class='ocrx_word' id='word_1_36' title='bbox 1023 570 1235 635; x_wconf 80' lang='lat' dir='ltr'><strong>habeat,</strong></span> <span class='ocrx_word' id='word_1_37' title='bbox 1269 581 1367 622; x_wconf 89' lang='lat' dir='ltr'><strong>suo</strong></span> <span class='ocrx_word' id='word_1_38' title='bbox 1404 567 1521 621; x_wconf 92' lang='lat' dir='ltr'><strong>loco</strong></span> <span class='ocrx_word' id='word_1_39' title='bbox 1559 564 1857 619; x_wconf 73' lang='lat' dir='ltr'><strong>evidentius</strong></span> <span class='ocrx_word' id='word_1_40' title='bbox 1888 576 2039 617; x_wconf 85' lang='lat' dir='ltr'><strong>COlll-</strong></span> 
     </span>
    </p>
   </div>
   <div class='ocr_carea' id='block_1_6' title="bbox 462 682 762 723">
    <p class='ocr_par' dir='ltr' id='par_1_6' title="bbox 462 682 762 723">
     <span class='ocr_line' id='line_1_6' title="bbox 462 682 762 723; baseline -0.013 0"><span class='ocrx_word' id='word_1_41' title='bbox 462 682 762 723; x_wconf 87' lang='lat' dir='ltr'><strong>monemus.</strong></span> 
     </span>
    </p>
   </div>
   <div class='ocr_carea' id='block_1_7' title="bbox 1040 753 1470 824">
    <p class='ocr_par' dir='ltr' id='par_1_7' title="bbox 1040 753 1470 824">
     <span class='ocr_line' id='line_1_7' title="bbox 1040 753 1470 824; baseline -0.007 -16"><span class='ocrx_word' id='word_1_42' title='bbox 1040 754 1236 808; x_wconf 79' lang='lat' dir='ltr'><strong>Divisio</strong></span> <span class='ocrx_word' id='word_1_43' title='bbox 1264 753 1470 824; x_wconf 80' lang='lat' dir='ltr'><strong>psalmi.</strong></span> 
     </span>
    </p>
   </div>
   <div class='ocr_carea' id='block_1_8' title="bbox 536 839 2035 920">
    <p class='ocr_par' dir='ltr' id='par_1_8' title="bbox 536 839 2035 920">
     <span class='ocr_line' id='line_1_8' title="bbox 536 839 2035 920; baseline -0.009 -15"><span class='ocrx_word' id='word_1_44' title='bbox 536 852 733 907; x_wconf 81' lang='lat' dir='ltr'><strong>Fidelis</strong></span> <span class='ocrx_word' id='word_1_45' title='bbox 764 850 988 920; x_wconf 89' lang='lat' dir='ltr'><strong>populus</strong></span> <span class='ocrx_word' id='word_1_46' title='bbox 1021 856 1357 917; x_wconf 75' lang='lat' dir='ltr'><strong>peccatorum</strong></span> <span class='ocrx_word' id='word_1_47' title='bbox 1399 844 1624 899; x_wconf 84' lang='lat' dir='ltr'><strong>nexibus</strong></span> <span class='ocrx_word' id='word_1_48' title='bbox 1654 841 1949 906; x_wconf 90' lang='lat' dir='ltr'><strong>absolutus,</strong></span> <span class='ocrx_word' id='word_1_49' title='bbox 1983 839 2035 892; x_wconf 93' lang='lat' dir='ltr'><strong>in</strong></span> 
     </span>
    </p>
   </div>
   <div class='ocr_carea' id='block_1_9' title="bbox 464 933 2039 1010">
    <p class='ocr_par' dir='ltr' id='par_1_9' title="bbox 464 933 2039 1010">
     <span class='ocr_line' id='line_1_9' title="bbox 464 933 2039 1010; baseline -0.004 -17"><span class='ocrx_word' id='word_1_50' title='bbox 464 943 629 1010; x_wconf 88' lang='lat' dir='ltr'><strong>prima</strong></span> <span class='ocrx_word' id='word_1_51' title='bbox 659 947 896 996; x_wconf 84' lang='lat' dir='ltr'><strong>sectione</strong></span> <span class='ocrx_word' id='word_1_52' title='bbox 921 938 1241 1009; x_wconf 79' lang='lat' dir='ltr'><strong>generaliter</strong></span> <span class='ocrx_word' id='word_1_53' title='bbox 1279 938 1556 999; x_wconf 89' lang='lat' dir='ltr'><strong>hortatur,</strong></span> <span class='ocrx_word' id='word_1_54' title='bbox 1589 942 1648 988; x_wconf 92' lang='lat' dir='ltr'><strong>ut</strong></span> <span class='ocrx_word' id='word_1_55' title='bbox 1678 933 2039 1002; x_wconf 85' lang='lat' dir='ltr'><strong>unusquisque</strong></span> 
     </span>
    </p>
   </div>
   <div class='ocr_carea' id='block_1_10' title="bbox 465 1023 2039 1099">
    <p class='ocr_par' dir='ltr' id='par_1_10' title="bbox 465 1023 2039 1099">
     <span class='ocr_line' id='line_1_10' title="bbox 465 1023 2039 1099; baseline -0.008 -11"><span class='ocrx_word' id='word_1_56' title='bbox 465 1034 689 1088; x_wconf 88' lang='lat' dir='ltr'><strong>Domino</strong></span> <span class='ocrx_word' id='word_1_57' title='bbox 717 1035 907 1088; x_wconf 87' lang='lat' dir='ltr'><strong>debeat</strong></span> <span class='ocrx_word' id='word_1_58' title='bbox 937 1031 1178 1086; x_wconf 90' lang='lat' dir='ltr'><strong>conﬁteri</strong></span> <span class='ocrx_word' id='word_1_59' title='bbox 1205 1048 1217 1083; x_wconf 87' lang='lat'>:</span> <span class='ocrx_word' id='word_1_60' title='bbox 1248 1029 1497 1099; x_wconf 84' lang='lat' dir='ltr'><strong>quOniam</strong></span> <span class='ocrx_word' id='word_1_61' title='bbox 1528 1027 1585 1081; x_wconf 89' lang='lat' dir='ltr'><strong>in</strong></span> <span class='ocrx_word' id='word_1_62' title='bbox 1612 1023 2039 1080; x_wconf 83' lang='lat' dir='ltr'><strong>tribulationibus</strong></span> 
     </span>
    </p>
   </div>
   <div class='ocr_carea' id='block_1_11' title="bbox 464 1114 2037 1194">
    <p class='ocr_par' dir='ltr' id='par_1_11' title="bbox 464 1114 2037 1194">
     <span class='ocr_line' id='line_1_11' title="bbox 464 1114 2037 1194; baseline -0.008 -16"><span class='ocrx_word' id='word_1_63' title='bbox 464 1126 759 1190; x_wconf 80' lang='lat' dir='ltr'><strong>exauditus,</strong></span> <span class='ocrx_word' id='word_1_64' title='bbox 796 1122 1067 1194; x_wconf 86' lang='lat' dir='ltr'><strong>professus</strong></span> <span class='ocrx_word' id='word_1_65' title='bbox 1097 1131 1180 1177; x_wconf 90' lang='lat' dir='ltr'><strong>est</strong></span> <span class='ocrx_word' id='word_1_66' title='bbox 1217 1122 1486 1175; x_wconf 86' lang='lat' dir='ltr'><strong>hominem</strong></span> <span class='ocrx_word' id='word_1_67' title='bbox 1519 1119 1821 1173; x_wconf 89' lang='lat' dir='ltr'><strong>nullatenus</strong></span> <span class='ocrx_word' id='word_1_68' title='bbox 1850 1114 2037 1171; x_wconf 79' lang='lat' dir='ltr'><strong>formi-</strong></span> 
     </span>
    </p>
   </div>
   <div class='ocr_carea' id='block_1_12' title="bbox 465 1204 2041 1273">
    <p class='ocr_par' dir='ltr' id='par_1_12' title="bbox 465 1204 2041 1273">
     <span class='ocr_line' id='line_1_12' title="bbox 465 1204 2041 1273; baseline -0.008 -4"><span class='ocrx_word' id='word_1_69' title='bbox 465 1216 720 1273; x_wconf 85' lang='lat' dir='ltr'><strong>dandum.</strong></span> <span class='ocrx_word' id='word_1_70' title='bbox 749 1215 993 1271; x_wconf 87' lang='lat' dir='ltr'><strong>Secunda</strong></span> <span class='ocrx_word' id='word_1_71' title='bbox 1026 1215 1076 1267; x_wconf 91' lang='lat' dir='ltr'><strong>in</strong></span> <span class='ocrx_word' id='word_1_72' title='bbox 1106 1213 1222 1267; x_wconf 92' lang='lat' dir='ltr'><strong>solo</strong></span> <span class='ocrx_word' id='word_1_73' title='bbox 1244 1212 1373 1266; x_wconf 85' lang='lat' dir='ltr'><strong>dicit</strong></span> <span class='ocrx_word' id='word_1_74' title='bbox 1397 1209 1621 1263; x_wconf 92' lang='lat' dir='ltr'><strong>Domino</strong></span> <span class='ocrx_word' id='word_1_75' title='bbox 1641 1204 2041 1273; x_wconf 88' lang='lat' dir='ltr'><strong>conﬁdendum,</strong></span> 
     </span>
    </p>
   </div>
   <div class='ocr_carea' id='block_1_13' title="bbox 467 1297 2046 1376">
    <p class='ocr_par' dir='ltr' id='par_1_13' title="bbox 467 1297 2046 1376">
     <span class='ocr_line' id='line_1_13' title="bbox 467 1297 2046 1376; baseline -0.008 -16"><span class='ocrx_word' id='word_1_76' title='bbox 467 1321 562 1374; x_wconf 89' lang='lat' dir='ltr'><strong>per</strong></span> <span class='ocrx_word' id='word_1_77' title='bbox 588 1321 745 1374; x_wconf 85' lang='lat' dir='ltr'><strong>quem</strong></span> <span class='ocrx_word' id='word_1_78' title='bbox 776 1307 1013 1376; x_wconf 85' lang='lat' dir='ltr'><strong>gentium</strong></span> <span class='ocrx_word' id='word_1_79' title='bbox 1048 1302 1355 1358; x_wconf 83' lang='lat' dir='ltr'><strong>inimicitias</strong></span> <span class='ocrx_word' id='word_1_80' title='bbox 1395 1300 1651 1369; x_wconf 83' lang='lat' dir='ltr'><strong>probatur</strong></span> <span class='ocrx_word' id='word_1_81' title='bbox 1686 1297 1922 1352; x_wconf 74' lang='lat' dir='ltr'><strong>evasisse</strong></span> <span class='ocrx_word' id='word_1_82' title='bbox 1944 1334 1958 1360; x_wconf 93' lang='lat'><strong>,</strong></span> <span class='ocrx_word' id='word_1_83' title='bbox 1992 1306 2046 1349; x_wconf 88' lang='lat' dir='ltr'><strong>et</strong></span> 
     </span>
    </p>
   </div>
   <div class='ocr_carea' id='block_1_14' title="bbox 466 1387 2048 1461">
    <p class='ocr_par' dir='ltr' id='par_1_14' title="bbox 466 1387 2048 1461">
     <span class='ocr_line' id='line_1_14' title="bbox 466 1387 2048 1461; baseline -0.005 -14"><span class='ocrx_word' id='word_1_84' title='bbox 466 1396 531 1448; x_wconf 92' lang='lat' dir='ltr'><strong>ad</strong></span> <span class='ocrx_word' id='word_1_85' title='bbox 562 1395 914 1450; x_wconf 72' lang='lat' dir='ltr'><strong>veracissimas</strong></span> <span class='ocrx_word' id='word_1_86' title='bbox 942 1395 1061 1448; x_wconf 66' lang='lat' dir='ltr'><strong>vitae</strong></span> <span class='ocrx_word' id='word_1_87' title='bbox 1101 1392 1408 1461; x_wconf 86' lang='lat' dir='ltr'><strong>pervenisse</strong></span> <span class='ocrx_word' id='word_1_88' title='bbox 1450 1389 1706 1444; x_wconf 89' lang='lat' dir='ltr'><strong>remedia.</strong></span> <span class='ocrx_word' id='word_1_89' title='bbox 1743 1387 1923 1441; x_wconf 88' lang='lat' dir='ltr'><strong>Tertia</strong></span> <span class='ocrx_word' id='word_1_90' title='bbox 1962 1400 2048 1440; x_wconf 85' lang='lat' dir='ltr'><strong>se-</strong></span> 
     </span>
    </p>
   </div>
   <div class='ocr_carea' id='block_1_15' title="bbox 467 1475 2044 1554">
    <p class='ocr_par' dir='ltr' id='par_1_15' title="bbox 467 1475 2044 1554">
     <span class='ocr_line' id='line_1_15' title="bbox 467 1475 2044 1554; baseline -0.007 -16"><span class='ocrx_word' id='word_1_91' title='bbox 467 1487 641 1540; x_wconf 82' lang='lat' dir='ltr'><strong>ctione</strong></span> <span class='ocrx_word' id='word_1_92' title='bbox 675 1484 992 1554; x_wconf 83' lang='lat' dir='ltr'><strong>aperiendas</strong></span> <span class='ocrx_word' id='word_1_93' title='bbox 1022 1483 1120 1536; x_wconf 86' lang='lat' dir='ltr'><strong>sibi</strong></span> <span class='ocrx_word' id='word_1_94' title='bbox 1162 1492 1340 1550; x_wconf 88' lang='lat' dir='ltr'><strong>portas</strong></span> <span class='ocrx_word' id='word_1_95' title='bbox 1379 1480 1510 1534; x_wconf 90' lang='lat' dir='ltr'><strong>dicit</strong></span> <span class='ocrx_word' id='word_1_96' title='bbox 1537 1494 1655 1533; x_wconf 87' lang='lat' dir='ltr'><strong>esse</strong></span> <span class='ocrx_word' id='word_1_97' title='bbox 1680 1478 1922 1546; x_wconf 65' lang='lat' dir='ltr'><strong>iustitiae,</strong></span> <span class='ocrx_word' id='word_1_98' title='bbox 1957 1475 2044 1530; x_wconf 92' lang='lat' dir='ltr'><strong>ubi</strong></span> 
     </span>
    </p>
   </div>
   <div class='ocr_carea' id='block_1_16' title="bbox 468 1568 2048 1643">
    <p class='ocr_par' dir='ltr' id='par_1_16' title="bbox 468 1568 2048 1643">
     <span class='ocr_line' id='line_1_16' title="bbox 468 1568 2048 1643; baseline -0.006 -14"><span class='ocrx_word' id='word_1_99' title='bbox 468 1578 596 1631; x_wconf 87' lang='lat' dir='ltr'><strong>dicit</strong></span> <span class='ocrx_word' id='word_1_100' title='bbox 623 1577 781 1632; x_wconf 89' lang='lat' dir='ltr'><strong>etiam</strong></span> <span class='ocrx_word' id='word_1_101' title='bbox 813 1577 878 1630; x_wconf 89' lang='lat' dir='ltr'><strong>de</strong></span> <span class='ocrx_word' id='word_1_102' title='bbox 906 1574 1141 1643; x_wconf 84' lang='lat' dir='ltr'><strong>angulari</strong></span> <span class='ocrx_word' id='word_1_103' title='bbox 1172 1573 1368 1642; x_wconf 86' lang='lat' dir='ltr'><strong>lapide,</strong></span> <span class='ocrx_word' id='word_1_104' title='bbox 1398 1571 1450 1626; x_wconf 90' lang='lat' dir='ltr'><strong>id</strong></span> <span class='ocrx_word' id='word_1_105' title='bbox 1475 1580 1555 1625; x_wconf 88' lang='lat' dir='ltr'><strong>est</strong></span> <span class='ocrx_word' id='word_1_106' title='bbox 1578 1570 1646 1625; x_wconf 88' lang='lat' dir='ltr'><strong>de</strong></span> <span class='ocrx_word' id='word_1_107' title='bbox 1675 1569 1901 1624; x_wconf 87' lang='lat' dir='ltr'><strong>Domino</strong></span> <span class='ocrx_word' id='word_1_108' title='bbox 1929 1568 2048 1623; x_wconf 74' lang='lat' dir='ltr'><strong>Sal.</strong></span> 
     </span>
    </p>
   </div>
   <div class='ocr_carea' id='block_1_17' title="bbox 470 1658 2049 1735">
    <p class='ocr_par' dir='ltr' id='par_1_17' title="bbox 470 1658 2049 1735">
     <span class='ocr_line' id='line_1_17' title="bbox 470 1658 2049 1735; baseline -0.005 -15"><span class='ocrx_word' id='word_1_109' title='bbox 470 1677 673 1722; x_wconf 88' lang='lat' dir='ltr'><strong>vatore.</strong></span> <span class='ocrx_word' id='word_1_110' title='bbox 708 1668 902 1732; x_wconf 87' lang='lat' dir='ltr'><strong>Quarta</strong></span> <span class='ocrx_word' id='word_1_111' title='bbox 936 1665 1156 1735; x_wconf 84' lang='lat' dir='ltr'><strong>reliquis</strong></span> <span class='ocrx_word' id='word_1_112' title='bbox 1184 1664 1503 1719; x_wconf 74' lang='lat' dir='ltr'><strong>Christianis</strong></span> <span class='ocrx_word' id='word_1_113' title='bbox 1529 1660 1915 1731; x_wconf 83' lang='lat' dir='ltr'><strong>frequentanda</strong></span> <span class='ocrx_word' id='word_1_114' title='bbox 1943 1658 2049 1713; x_wconf 84' lang='lat' dir='ltr'><strong>Do-</strong></span> 
     </span>
    </p>
   </div>
   <div class='ocr_carea' id='block_1_18' title="bbox 471 1752 2050 1825">
    <p class='ocr_par' dir='ltr' id='par_1_18' title="bbox 471 1752 2050 1825">
     <span class='ocr_line' id='line_1_18' title="bbox 471 1752 2050 1825; baseline -0.003 -13"><span class='ocrx_word' id='word_1_115' title='bbox 471 1759 597 1812; x_wconf 91' lang='lat' dir='ltr'><strong>mini</strong></span> <span class='ocrx_word' id='word_1_116' title='bbox 628 1758 761 1811; x_wconf 89' lang='lat' dir='ltr'><strong>atria</strong></span> <span class='ocrx_word' id='word_1_117' title='bbox 796 1756 1096 1825; x_wconf 82' lang='lat' dir='ltr'><strong>persuadet,</strong></span> <span class='ocrx_word' id='word_1_118' title='bbox 1130 1754 1196 1810; x_wconf 90' lang='lat' dir='ltr'><strong>de</strong></span> <span class='ocrx_word' id='word_1_119' title='bbox 1224 1756 1457 1810; x_wconf 85' lang='lat' dir='ltr'><strong>adventu</strong></span> <span class='ocrx_word' id='word_1_120' title='bbox 1488 1762 1687 1809; x_wconf 78' lang='lat' dir='ltr'><strong>sancta:</strong></span> <span class='ocrx_word' id='word_1_121' title='bbox 1726 1752 2050 1808; x_wconf 85' lang='lat' dir='ltr'><strong>incarnatio-</strong></span> 
     </span>
    </p>
   </div>
   <div class='ocr_carea' id='block_1_19' title="bbox 472 1828 1691 1914">
    <p class='ocr_par' dir='ltr' id='par_1_19' title="bbox 472 1828 1691 1914">
     <span class='ocr_line' id='line_1_19' title="bbox 472 1828 1691 1914; baseline -0.002 -13"><span class='ocrx_word' id='word_1_122' title='bbox 472 1849 555 1903; x_wconf 87' lang='lat' dir='ltr'><strong>nis</strong></span> <span class='ocrx_word' id='word_1_123' title='bbox 582 1845 733 1901; x_wconf 85' lang='lat' dir='ltr'><strong>suavi</strong></span> <span class='ocrx_word' id='word_1_124' title='bbox 757 1845 1112 1901; x_wconf 84' lang='lat' dir='ltr'><strong>delectatione</strong></span> <span class='ocrx_word' id='word_1_125' title='bbox 1141 1845 1501 1914; x_wconf 81' lang='lat' dir='ltr'><strong>congaudens.</strong></span> <span class='ocrx_word' id='word_1_126' title='bbox 1690 1828 1691 1837; x_wconf 26' lang='lat'>‘</span> 
     </span>
    </p>
   </div>
   <div class='ocr_carea' id='block_1_20' title="bbox 1021 1935 1518 2008">
    <p class='ocr_par' dir='ltr' id='par_1_20' title="bbox 1021 1935 1518 2008">
     <span class='ocr_line' id='line_1_20' title="bbox 1021 1935 1518 2008; baseline 0.004 -18"><span class='ocrx_word' id='word_1_127' title='bbox 1021 1936 1284 2008; x_wconf 76' lang='lat' dir='ltr'><strong>Expositio</strong></span> <span class='ocrx_word' id='word_1_128' title='bbox 1313 1935 1518 2008; x_wconf 80' lang='lat' dir='ltr'><strong>psalmi.</strong></span> 
     </span>
    </p>
   </div>
   <div class='ocr_carea' id='block_1_21' title="bbox 540 2025 2056 2095">
    <p class='ocr_par' dir='ltr' id='par_1_21' title="bbox 540 2025 2056 2095">
     <span class='ocr_line' id='line_1_21' title="bbox 540 2025 2056 2095; baseline -0.005 -11"><span class='ocrx_word' id='word_1_129' title='bbox 540 2029 695 2085; x_wconf 80' lang='lat' dir='ltr'><strong>Vers.</strong></span> <span class='ocrx_word' id='word_1_130' title='bbox 728 2030 778 2083; x_wconf 81' lang='grc'><strong>1.</strong></span> <span class='ocrx_word' id='word_1_131' title='bbox 808 2027 1137 2095; x_wconf 74' lang='lat' dir='ltr'><strong>Confitemini</strong></span> <span class='ocrx_word' id='word_1_132' title='bbox 1170 2025 1388 2080; x_wconf 90' lang='lat' dir='ltr'><strong>Domino</strong></span> <span class='ocrx_word' id='word_1_133' title='bbox 1431 2026 1674 2093; x_wconf 88' lang='lat' dir='ltr'><strong>quoniam</strong></span> <span class='ocrx_word' id='word_1_134' title='bbox 1706 2025 1896 2087; x_wconf 87' lang='lat' dir='ltr'><strong>bonus,</strong></span> <span class='ocrx_word' id='word_1_135' title='bbox 1928 2038 2056 2090; x_wconf 89' lang='lat' dir='ltr'><strong>quo-</strong></span> 
     </span>
    </p>
   </div>
   <div class='ocr_carea' id='block_1_22' title="bbox 471 2113 2057 2187">
    <p class='ocr_par' dir='ltr' id='par_1_22' title="bbox 471 2113 2057 2187">
     <span class='ocr_line' id='line_1_22' title="bbox 471 2113 2057 2187; baseline -0.007 -11"><span class='ocrx_word' id='word_1_136' title='bbox 471 2124 611 2176; x_wconf 89' lang='lat' dir='ltr'><strong>niam</strong></span> <span class='ocrx_word' id='word_1_137' title='bbox 640 2122 691 2175; x_wconf 86' lang='lat' dir='ltr'><strong>in</strong></span> <span class='ocrx_word' id='word_1_138' title='bbox 717 2122 961 2176; x_wconf 75' lang='lat' dir='ltr'><strong>sarculum</strong></span> <span class='ocrx_word' id='word_1_139' title='bbox 999 2117 1348 2173; x_wconf 82' lang='lat' dir='ltr'><strong>misericordia</strong></span> <span class='ocrx_word' id='word_1_140' title='bbox 1385 2117 1516 2187; x_wconf 90' lang='lat' dir='ltr'><strong>ejus.</strong></span> <span class='ocrx_word' id='word_1_141' title='bbox 1550 2115 1782 2183; x_wconf 88' lang='lat' dir='ltr'><strong>Populus</strong></span> <span class='ocrx_word' id='word_1_142' title='bbox 1815 2114 1903 2169; x_wconf 89' lang='lat' dir='ltr'><strong>ille</strong></span> <span class='ocrx_word' id='word_1_143' title='bbox 1932 2113 2057 2167; x_wconf 89' lang='lat' dir='ltr'><strong>bea-</strong></span> 
     </span>
    </p>
   </div>
   <div class='ocr_carea' id='block_1_23' title="bbox 473 2205 2051 2281">
    <p class='ocr_par' dir='ltr' id='par_1_23' title="bbox 473 2205 2051 2281">
     <span class='ocr_line' id='line_1_23' title="bbox 473 2205 2051 2281; baseline -0.006 -14"><span class='ocrx_word' id='word_1_144' title='bbox 473 2222 647 2268; x_wconf 86' lang='lat' dir='ltr'><strong>torum</strong></span> <span class='ocrx_word' id='word_1_145' title='bbox 674 2213 762 2281; x_wconf 91' lang='lat' dir='ltr'><strong>qui</strong></span> <span class='ocrx_word' id='word_1_146' title='bbox 789 2226 819 2265; x_wconf 88' lang='lat' dir='ltr'><strong>a</strong></span> <span class='ocrx_word' id='word_1_147' title='bbox 859 2211 1069 2280; x_wconf 89' lang='lat' dir='ltr'><strong>propria</strong></span> <span class='ocrx_word' id='word_1_148' title='bbox 1110 2207 1281 2262; x_wconf 81' lang='lat' dir='ltr'><strong>fuerat</strong></span> <span class='ocrx_word' id='word_1_149' title='bbox 1319 2207 1470 2261; x_wconf 89' lang='lat' dir='ltr'><strong>clade</strong></span> <span class='ocrx_word' id='word_1_150' title='bbox 1512 2206 1785 2269; x_wconf 89' lang='lat' dir='ltr'><strong>liberatus,</strong></span> <span class='ocrx_word' id='word_1_151' title='bbox 1815 2205 2051 2272; x_wconf 85' lang='lat' dir='ltr'><strong>reliquos</strong></span> 
     </span>
    </p>
   </div>
   <div class='ocr_carea' id='block_1_24' title="bbox 471 2293 2053 2355">
    <p class='ocr_par' dir='ltr' id='par_1_24' title="bbox 471 2293 2053 2355">
     <span class='ocr_line' id='line_1_24' title="bbox 471 2293 2053 2355; baseline -0.006 -1"><span class='ocrx_word' id='word_1_152' title='bbox 471 2308 775 2355; x_wconf 88' lang='lat' dir='ltr'><strong>commonet</strong></span> <span class='ocrx_word' id='word_1_153' title='bbox 814 2298 997 2352; x_wconf 90' lang='lat' dir='ltr'><strong>ﬁdeles</strong></span> <span class='ocrx_word' id='word_1_154' title='bbox 1025 2306 1083 2352; x_wconf 93' lang='lat' dir='ltr'><strong>ut</strong></span> <span class='ocrx_word' id='word_1_155' title='bbox 1122 2295 1329 2350; x_wconf 89' lang='lat' dir='ltr'><strong>Domini</strong></span> <span class='ocrx_word' id='word_1_156' title='bbox 1357 2294 1599 2348; x_wconf 81' lang='lat' dir='ltr'><strong>laudibus</strong></span> <span class='ocrx_word' id='word_1_157' title='bbox 1626 2301 1934 2347; x_wconf 90' lang='lat' dir='ltr'><strong>constanter</strong></span> <span class='ocrx_word' id='word_1_158' title='bbox 1962 2293 2053 2345; x_wconf 89' lang='lat' dir='ltr'><strong>in-</strong></span> 
     </span>
    </p>
   </div>
   <div class='ocr_carea' id='block_1_25' title="bbox 471 2384 2051 2463">
    <p class='ocr_par' dir='ltr' id='par_1_25' title="bbox 471 2384 2051 2463">
     <span class='ocr_line' id='line_1_25' title="bbox 471 2384 2051 2463; baseline -0.006 -16"><span class='ocrx_word' id='word_1_159' title='bbox 471 2393 710 2463; x_wconf 76' lang='lat' dir='ltr'><strong>vigilant.</strong></span> <span class='ocrx_word' id='word_1_160' title='bbox 738 2391 841 2444; x_wconf 89' lang='lat' dir='ltr'><strong>Ista</strong></span> <span class='ocrx_word' id='word_1_161' title='bbox 871 2391 1011 2445; x_wconf 88' lang='lat' dir='ltr'><strong>enim</strong></span> <span class='ocrx_word' id='word_1_162' title='bbox 1043 2386 1309 2443; x_wconf 81' lang='lat' dir='ltr'><strong>confessio</strong></span> <span class='ocrx_word' id='word_1_163' title='bbox 1336 2387 1403 2440; x_wconf 91' lang='lat' dir='ltr'><strong>ad</strong></span> <span class='ocrx_word' id='word_1_164' title='bbox 1432 2386 1639 2441; x_wconf 88' lang='lat' dir='ltr'><strong>laudem</strong></span> <span class='ocrx_word' id='word_1_165' title='bbox 1685 2386 1914 2455; x_wconf 85' lang='lat' dir='ltr'><strong>pertinet</strong></span> <span class='ocrx_word' id='word_1_166' title='bbox 1957 2384 2051 2438; x_wconf 89' lang='lat' dir='ltr'><strong>ab-</strong></span> 
     </span>
    </p>
   </div>
   <div class='ocr_carea' id='block_1_26' title="bbox 472 2477 2052 2551">
    <p class='ocr_par' dir='ltr' id='par_1_26' title="bbox 472 2477 2052 2551">
     <span class='ocr_line' id='line_1_26' title="bbox 472 2477 2052 2551; baseline -0.004 -14"><span class='ocrx_word' id='word_1_167' title='bbox 472 2485 683 2538; x_wconf 85' lang='lat' dir='ltr'><strong>solute:</strong></span> <span class='ocrx_word' id='word_1_168' title='bbox 720 2484 832 2539; x_wconf 84' lang='lat' dir='ltr'><strong>sive</strong></span> <span class='ocrx_word' id='word_1_169' title='bbox 862 2484 982 2551; x_wconf 88' lang='lat' dir='ltr'><strong>quia</strong></span> <span class='ocrx_word' id='word_1_170' title='bbox 1023 2483 1095 2537; x_wconf 89' lang='lat' dir='ltr'><strong>illi</strong></span> <span class='ocrx_word' id='word_1_171' title='bbox 1136 2489 1219 2536; x_wconf 88' lang='lat' dir='ltr'><strong>est</strong></span> <span class='ocrx_word' id='word_1_172' title='bbox 1259 2480 1485 2535; x_wconf 77' lang='lat' dir='ltr'><strong>Alleluia</strong></span> <span class='ocrx_word' id='word_1_173' title='bbox 1529 2479 1893 2547; x_wconf 66' lang='lat' dir='ltr'><strong>praepositum,</strong></span> <span class='ocrx_word' id='word_1_174' title='bbox 1940 2477 2052 2531; x_wconf 84' lang='lat' dir='ltr'><strong>sive</strong></span> 
     </span>
    </p>
   </div>
   <div class='ocr_carea' id='block_1_27' title="bbox 469 2569 2053 2645">
    <p class='ocr_par' dir='ltr' id='par_1_27' title="bbox 469 2569 2053 2645">
     <span class='ocr_line' id='line_1_27' title="bbox 469 2569 2053 2645; baseline -0.005 -16"><span class='ocrx_word' id='word_1_175' title='bbox 469 2577 597 2645; x_wconf 64' lang='lat' dir='ltr'><strong>quia</strong></span> <span class='ocrx_word' id='word_1_176' title='bbox 627 2591 655 2629; x_wconf 91' lang='lat' dir='ltr'><strong>a</strong></span> <span class='ocrx_word' id='word_1_177' title='bbox 686 2575 907 2630; x_wconf 86' lang='lat' dir='ltr'><strong>diversis</strong></span> <span class='ocrx_word' id='word_1_178' title='bbox 937 2573 1195 2643; x_wconf 90' lang='lat' dir='ltr'><strong>angustiis</strong></span> <span class='ocrx_word' id='word_1_179' title='bbox 1224 2580 1465 2641; x_wconf 87' lang='lat' dir='ltr'><strong>ereptum</strong></span> <span class='ocrx_word' id='word_1_180' title='bbox 1505 2586 1563 2626; x_wconf 92' lang='lat' dir='ltr'><strong>se</strong></span> <span class='ocrx_word' id='word_1_181' title='bbox 1595 2570 1803 2624; x_wconf 90' lang='lat' dir='ltr'><strong>Domini</strong></span> <span class='ocrx_word' id='word_1_182' title='bbox 1831 2569 2053 2623; x_wconf 84' lang='lat' dir='ltr'><strong>misera-</strong></span> 
     </span>
    </p>
   </div>
   <div class='ocr_carea' id='block_1_28' title="bbox 475 2659 2060 2733">
    <p class='ocr_par' dir='ltr' id='par_1_28' title="bbox 475 2659 2060 2733">
     <span class='ocr_line' id='line_1_28' title="bbox 475 2659 2060 2733; baseline -0.007 -13"><span class='ocrx_word' id='word_1_183' title='bbox 475 2668 618 2720; x_wconf 78' lang='lat' dir='ltr'><strong>time</strong></span> <span class='ocrx_word' id='word_1_184' title='bbox 642 2667 868 2721; x_wconf 70' lang='lat' dir='ltr'><strong>laetatur.</strong></span> <span class='ocrx_word' id='word_1_185' title='bbox 899 2664 1094 2719; x_wconf 87' lang='lat' dir='ltr'><strong>Laudis</strong></span> <span class='ocrx_word' id='word_1_186' title='bbox 1116 2677 1324 2733; x_wconf 86' lang='lat' dir='ltr'><strong>quoque</strong></span> <span class='ocrx_word' id='word_1_187' title='bbox 1350 2676 1510 2725; x_wconf 64' lang='lat' dir='ltr'><strong>canna</strong></span> <span class='ocrx_word' id='word_1_188' title='bbox 1539 2659 1901 2728; x_wconf 73' lang='lat' dir='ltr'><strong>subiungitur,</strong></span> <span class='ocrx_word' id='word_1_189' title='bbox 1936 2673 2060 2726; x_wconf 84' lang='lat' dir='ltr'><strong>quo-</strong></span> 
     </span>
    </p>
   </div>
   <div class='ocr_carea' id='block_1_29' title="bbox 479 2753 2062 2824">
    <p class='ocr_par' dir='ltr' id='par_1_29' title="bbox 479 2753 2062 2824">
     <span class='ocr_line' id='line_1_29' title="bbox 479 2753 2062 2824; baseline -0.004 -14"><span class='ocrx_word' id='word_1_190' title='bbox 479 2757 614 2811; x_wconf 85' lang='lat' dir='ltr'><strong>niam</strong></span> <span class='ocrx_word' id='word_1_191' title='bbox 657 2758 854 2824; x_wconf 89' lang='lat' dir='ltr'><strong>bonus,</strong></span> <span class='ocrx_word' id='word_1_192' title='bbox 901 2756 1042 2824; x_wconf 83' lang='lat' dir='ltr'><strong>quod</strong></span> <span class='ocrx_word' id='word_1_193' title='bbox 1090 2770 1283 2809; x_wconf 89' lang='lat' dir='ltr'><strong>nomen</strong></span> <span class='ocrx_word' id='word_1_194' title='bbox 1327 2754 1434 2808; x_wconf 93' lang='lat' dir='ltr'><strong>Deo</strong></span> <span class='ocrx_word' id='word_1_195' title='bbox 1474 2753 1688 2822; x_wconf 87' lang='lat' dir='ltr'><strong>pr0prie</strong></span> <span class='ocrx_word' id='word_1_196' title='bbox 1730 2762 1933 2806; x_wconf 82' lang='lat' dir='ltr'><strong>certum</strong></span> <span class='ocrx_word' id='word_1_197' title='bbox 1979 2757 2062 2804; x_wconf 90' lang='lat' dir='ltr'><strong>est</strong></span> 
     </span>
    </p>
   </div>
   <div class='ocr_carea' id='block_1_30' title="bbox 476 2840 2058 2914">
    <p class='ocr_par' dir='ltr' id='par_1_30' title="bbox 476 2840 2058 2914">
     <span class='ocr_line' id='line_1_30' title="bbox 476 2840 2058 2914; baseline -0.006 -11"><span class='ocrx_word' id='word_1_198' title='bbox 476 2850 765 2904; x_wconf 88' lang='lat' dir='ltr'><strong>convenire</strong></span> <span class='ocrx_word' id='word_1_199' title='bbox 794 2866 807 2914; x_wconf 91' lang='lat'><strong>;</strong></span> <span class='ocrx_word' id='word_1_200' title='bbox 838 2862 958 2902; x_wconf 89' lang='lat' dir='ltr'><strong>nam</strong></span> <span class='ocrx_word' id='word_1_201' title='bbox 987 2862 1105 2902; x_wconf 92' lang='lat' dir='ltr'><strong>cum</strong></span> <span class='ocrx_word' id='word_1_202' title='bbox 1130 2847 1196 2900; x_wconf 88' lang='lat' dir='ltr'><strong>ab</strong></span> <span class='ocrx_word' id='word_1_203' title='bbox 1226 2844 1513 2899; x_wconf 89' lang='lat' dir='ltr'><strong>incredulis</strong></span> <span class='ocrx_word' id='word_1_204' title='bbox 1539 2842 1739 2898; x_wconf 63' lang='lat' dir='ltr'><strong>Iudaeis</strong></span> <span class='ocrx_word' id='word_1_205' title='bbox 1765 2840 2058 2897; x_wconf 88' lang='lat' dir='ltr'><strong>secundum</strong></span> 
     </span>
    </p>
   </div>
   <div class='ocr_carea' id='block_1_31' title="bbox 479 2936 2063 3010">
    <p class='ocr_par' dir='ltr' id='par_1_31' title="bbox 479 2936 2063 3010">
     <span class='ocr_line' id='line_1_31' title="bbox 479 2936 2063 3010; baseline -0.004 -14"><span class='ocrx_word' id='word_1_206' title='bbox 479 2944 655 2996; x_wconf 89' lang='lat' dir='ltr'><strong>carnis</strong></span> <span class='ocrx_word' id='word_1_207' title='bbox 699 2950 973 3010; x_wconf 87' lang='lat' dir='ltr'><strong>aspectum</strong></span> <span class='ocrx_word' id='word_1_208' title='bbox 1004 2941 1243 2995; x_wconf 85' lang='lat' dir='ltr'><strong>Christus</strong></span> <span class='ocrx_word' id='word_1_209' title='bbox 1280 2938 1525 3008; x_wconf 80' lang='lat' dir='ltr'><strong>Magister</strong></span> <span class='ocrx_word' id='word_1_210' title='bbox 1568 2938 1725 2990; x_wconf 86' lang='lat' dir='ltr'><strong>bonus</strong></span> <span class='ocrx_word' id='word_1_211' title='bbox 1771 2936 2063 3003; x_wconf 88' lang='lat' dir='ltr'><strong>diceretur,</strong></span> 
     </span>
    </p>
   </div>
   <div class='ocr_carea' id='block_1_32' title="bbox 2082 1721 2129 1780">
    <p class='ocr_par' dir='ltr' id='par_1_32' title="bbox 2082 1721 2129 1780">
     <span class='ocr_line' id='line_1_32' title="bbox 2082 1721 2129 1780; baseline 0 0"><span class='ocrx_word' id='word_1_212' title='bbox 2082 1721 2129 1780; x_wconf 93' lang='lat' dir='ltr'><strong>B</strong></span> 
     </span>
    </p>
   </div>
   <div class='ocr_carea' id='block_1_33' title="bbox 2144 467 3661 541">
    <p class='ocr_par' dir='ltr' id='par_1_33' title="bbox 2144 467 3661 541">
     <span class='ocr_line' id='line_1_33' title="bbox 2144 467 3661 541; baseline 0.005 -18"><span class='ocrx_word' id='word_1_213' title='bbox 2144 471 2298 524; x_wconf 89' lang='lat' dir='ltr'><strong>tertio</strong></span> <span class='ocrx_word' id='word_1_214' title='bbox 2330 469 2531 535; x_wconf 85' lang='lat' dir='ltr'><strong>psalmo</strong></span> <span class='ocrx_word' id='word_1_215' title='bbox 2555 469 2796 523; x_wconf 79' lang='lat' dir='ltr'><strong>dixerat:</strong></span> <span class='ocrx_word' id='word_1_216' title='bbox 2832 467 3061 521; x_wconf 81' lang='lat' dir='ltr'><strong>Pusillos</strong></span> <span class='ocrx_word' id='word_1_217' title='bbox 3100 484 3213 521; x_wconf 89' lang='lat' dir='ltr'><strong>cum</strong></span> <span class='ocrx_word' id='word_1_218' title='bbox 3241 472 3493 539; x_wconf 74' lang='lat' dir='ltr'><strong>majoribus</strong></span> <span class='ocrx_word' id='word_1_219' title='bbox 3516 472 3661 541; x_wconf 82' lang='lat' dir='ltr'><strong>(Psal.</strong></span> 
     </span>
    </p>
   </div>
   <div class='ocr_carea' id='block_1_34' title="bbox 2141 559 3664 629">
    <p class='ocr_par' dir='ltr' id='par_1_34' title="bbox 2141 559 3664 629">
     <span class='ocr_line' id='line_1_34' title="bbox 2141 559 3664 629; baseline 0.003 -14"><span class='ocrx_word' id='word_1_220' title='bbox 2141 575 2290 625; x_wconf 82' lang='lat' dir='ltr'><strong>cxnl,</strong></span> <span class='ocrx_word' id='word_1_221' title='bbox 2325 560 2443 629; x_wconf 81' lang='grc'><strong>15),</strong></span> <span class='ocrx_word' id='word_1_222' title='bbox 2474 560 2563 627; x_wconf 90' lang='lat' dir='ltr'><strong>qui</strong></span> <span class='ocrx_word' id='word_1_223' title='bbox 2601 560 2651 612; x_wconf 94' lang='lat' dir='ltr'><strong>in</strong></span> <span class='ocrx_word' id='word_1_224' title='bbox 2687 574 2845 612; x_wconf 89' lang='lat' dir='ltr'><strong>unam</strong></span> <span class='ocrx_word' id='word_1_225' title='bbox 2885 559 3198 612; x_wconf 85' lang='lat' dir='ltr'><strong>societatem</strong></span> <span class='ocrx_word' id='word_1_226' title='bbox 3244 559 3443 613; x_wconf 83' lang='lat' dir='ltr'><strong>Christo</strong></span> <span class='ocrx_word' id='word_1_227' title='bbox 3470 561 3664 620; x_wconf 87' lang='lat' dir='ltr'><strong>Domino</strong></span> 
     </span>
    </p>
   </div>
   <div class='ocr_carea' id='block_1_35' title="bbox 2150 649 3667 721">
    <p class='ocr_par' dir='ltr' id='par_1_35' title="bbox 2150 649 3667 721">
     <span class='ocr_line' id='line_1_35' title="bbox 2150 649 3667 721; baseline 0.003 -16"><span class='ocrx_word' id='word_1_228' title='bbox 2150 667 2280 721; x_wconf 88' lang='lat' dir='ltr'><strong>pura</strong></span> <span class='ocrx_word' id='word_1_229' title='bbox 2314 660 2489 705; x_wconf 88' lang='lat' dir='ltr'><strong>mente</strong></span> <span class='ocrx_word' id='word_1_230' title='bbox 2519 650 2694 704; x_wconf 86' lang='lat' dir='ltr'><strong>devoti</strong></span> <span class='ocrx_word' id='word_1_231' title='bbox 2724 660 2866 703; x_wconf 92' lang='lat' dir='ltr'><strong>sunt.</strong></span> <span class='ocrx_word' id='word_1_232' title='bbox 2903 649 2992 705; x_wconf 81' lang='lat' dir='ltr'><strong>Sic</strong></span> <span class='ocrx_word' id='word_1_233' title='bbox 3013 650 3287 704; x_wconf 81' lang='lat' dir='ltr'><strong>diversitas</strong></span> <span class='ocrx_word' id='word_1_234' title='bbox 3316 650 3408 703; x_wconf 89' lang='lat' dir='ltr'><strong>ista</strong></span> <span class='ocrx_word' id='word_1_235' title='bbox 3432 654 3667 710; x_wconf 85' lang='lat' dir='ltr'><strong>nominum</strong></span> 
     </span>
    </p>
   </div>
   <div class='ocr_carea' id='block_1_36' title="bbox 2147 740 3484 812">
    <p class='ocr_par' dir='ltr' id='par_1_36' title="bbox 2147 740 3484 812">
     <span class='ocr_line' id='line_1_36' title="bbox 2147 740 3484 812; baseline 0.001 -16"><span class='ocrx_word' id='word_1_236' title='bbox 2147 740 2546 812; x_wconf 83' lang='lat' dir='ltr'><strong>generalitatem</strong></span> <span class='ocrx_word' id='word_1_237' title='bbox 2575 743 2950 809; x_wconf 88' lang='lat' dir='ltr'><strong>complectitur</strong></span> <span class='ocrx_word' id='word_1_238' title='bbox 2977 741 3221 797; x_wconf 90' lang='lat' dir='ltr'><strong>absolute</strong></span> <span class='ocrx_word' id='word_1_239' title='bbox 3245 740 3484 797; x_wconf 89' lang='lat' dir='ltr'><strong>ﬁdelium.</strong></span> 
     </span>
    </p>
   </div>
   <div class='ocr_carea' id='block_1_37' title="bbox 2218 831 3675 898">
    <p class='ocr_par' dir='ltr' id='par_1_37' title="bbox 2218 831 3675 898">
     <span class='ocr_line' id='line_1_37' title="bbox 2218 831 3675 898; baseline 0 -9"><span class='ocrx_word' id='word_1_240' title='bbox 2218 833 2370 889; x_wconf 83' lang='lat' dir='ltr'><strong>Vers.</strong></span> <span class='ocrx_word' id='word_1_241' title='bbox 2402 834 2456 889; x_wconf 84' lang='lat'><strong>5.</strong></span> <span class='ocrx_word' id='word_1_242' title='bbox 2487 831 2553 885; x_wconf 88' lang='lat' dir='ltr'><strong>In</strong></span> <span class='ocrx_word' id='word_1_243' title='bbox 2579 832 2905 885; x_wconf 77' lang='lat' dir='ltr'><strong>tribulatione</strong></span> <span class='ocrx_word' id='word_1_244' title='bbox 2932 833 3155 885; x_wconf 81' lang='lat' dir='ltr'><strong>invocavi</strong></span> <span class='ocrx_word' id='word_1_245' title='bbox 3176 831 3461 898; x_wconf 87' lang='lat' dir='ltr'><strong>Dominum,</strong></span> <span class='ocrx_word' id='word_1_246' title='bbox 3481 842 3523 888; x_wconf 88' lang='lat' dir='ltr'><strong>et</strong></span> <span class='ocrx_word' id='word_1_247' title='bbox 3542 850 3675 889; x_wconf 63' lang='lat' dir='ltr'><strong>esauo</strong></span> 
     </span>
    </p>
   </div>
   <div class='ocr_carea' id='block_1_38' title="bbox 2147 926 3669 996">
    <p class='ocr_par' dir='ltr' id='par_1_38' title="bbox 2147 926 3669 996">
     <span class='ocr_line' id='line_1_38' title="bbox 2147 926 3669 996; baseline 0.003 -16"><span class='ocrx_word' id='word_1_248' title='bbox 2147 928 2266 980; x_wconf 85' lang='lat' dir='ltr'><strong>divit</strong></span> <span class='ocrx_word' id='word_1_249' title='bbox 2298 943 2375 980; x_wconf 90' lang='lat' dir='ltr'><strong>me</strong></span> <span class='ocrx_word' id='word_1_250' title='bbox 2402 927 2455 979; x_wconf 89' lang='lat' dir='ltr'><strong>in</strong></span> <span class='ocrx_word' id='word_1_251' title='bbox 2484 927 2769 980; x_wconf 75' lang='lat' dir='ltr'><strong>latitudine.</strong></span> <span class='ocrx_word' id='word_1_252' title='bbox 2802 926 3121 995; x_wconf 80' lang='lat' dir='ltr'><strong>Exemplum</strong></span> <span class='ocrx_word' id='word_1_253' title='bbox 3161 926 3422 995; x_wconf 87' lang='lat' dir='ltr'><strong>proprium</strong></span> <span class='ocrx_word' id='word_1_254' title='bbox 3460 932 3669 996; x_wconf 87' lang='lat' dir='ltr'><strong>ponitur.</strong></span> 
     </span>
    </p>
   </div>
   <div class='ocr_carea' id='block_1_39' title="bbox 2147 1017 3669 1086">
    <p class='ocr_par' dir='ltr' id='par_1_39' title="bbox 2147 1017 3669 1086">
     <span class='ocr_line' id='line_1_39' title="bbox 2147 1017 3669 1086; baseline 0.002 -14"><span class='ocrx_word' id='word_1_255' title='bbox 2147 1029 2206 1072; x_wconf 91' lang='lat' dir='ltr'><strong>ut</strong></span> <span class='ocrx_word' id='word_1_256' title='bbox 2232 1017 2556 1078; x_wconf 80' lang='lat' dir='ltr'><strong>audientium</strong></span> <span class='ocrx_word' id='word_1_257' title='bbox 2587 1019 2795 1071; x_wconf 83' lang='lat' dir='ltr'><strong>animus</strong></span> <span class='ocrx_word' id='word_1_258' title='bbox 2822 1018 3084 1071; x_wconf 76' lang='lat' dir='ltr'><strong>excitetur</strong></span> <span class='ocrx_word' id='word_1_259' title='bbox 3110 1035 3124 1071; x_wconf 76' lang='grc' dir='ltr'>ε</span> <span class='ocrx_word' id='word_1_260' title='bbox 3154 1017 3278 1086; x_wconf 88' lang='lat' dir='ltr'><strong>quia</strong></span> <span class='ocrx_word' id='word_1_261' title='bbox 3317 1032 3544 1086; x_wconf 79' lang='lat' dir='ltr'><strong>magnum</strong></span> <span class='ocrx_word' id='word_1_262' title='bbox 3568 1036 3669 1075; x_wconf 84' lang='lat' dir='ltr'><strong>cre-</strong></span> 
     </span>
    </p>
   </div>
   <div class='ocr_carea' id='block_1_40' title="bbox 2148 1109 3677 1181">
    <p class='ocr_par' dir='ltr' id='par_1_40' title="bbox 2148 1109 3677 1181">
     <span class='ocr_line' id='line_1_40' title="bbox 2148 1109 3677 1181; baseline 0.003 -17"><span class='ocrx_word' id='word_1_263' title='bbox 2148 1109 2387 1164; x_wconf 63' lang='lat' dir='ltr'><strong>dulttatis</strong></span> <span class='ocrx_word' id='word_1_264' title='bbox 2424 1110 2828 1166; x_wconf 82' lang='lat' dir='ltr'><strong>incitamentum</strong></span> <span class='ocrx_word' id='word_1_265' title='bbox 2867 1119 2979 1177; x_wconf 87' lang='lat' dir='ltr'><strong>est,</strong></span> <span class='ocrx_word' id='word_1_266' title='bbox 3021 1112 3190 1180; x_wconf 91' lang='lat' dir='ltr'><strong>ipsum</strong></span> <span class='ocrx_word' id='word_1_267' title='bbox 3232 1112 3438 1181; x_wconf 64' lang='lat' dir='ltr'><strong>gratias</strong></span> <span class='ocrx_word' id='word_1_268' title='bbox 3473 1125 3677 1180; x_wconf 82' lang='lat' dir='ltr'><strong>agentem</strong></span> 
     </span>
    </p>
   </div>
   <div class='ocr_carea' id='block_1_41' title="bbox 2152 1200 3679 1270">
    <p class='ocr_par' dir='ltr' id='par_1_41' title="bbox 2152 1200 3679 1270">
     <span class='ocr_line' id='line_1_41' title="bbox 2152 1200 3679 1270; baseline 0.003 -18"><span class='ocrx_word' id='word_1_269' title='bbox 2152 1200 2333 1254; x_wconf 87' lang='lat' dir='ltr'><strong>audire</strong></span> <span class='ocrx_word' id='word_1_270' title='bbox 2358 1201 2444 1268; x_wconf 89' lang='lat' dir='ltr'><strong>qui</strong></span> <span class='ocrx_word' id='word_1_271' title='bbox 2498 1201 2733 1270; x_wconf 88' lang='lat' dir='ltr'><strong>pertulit.</strong></span> <span class='ocrx_word' id='word_1_272' title='bbox 2767 1201 2871 1257; x_wconf 91' lang='lat' dir='ltr'><strong>Sed</strong></span> <span class='ocrx_word' id='word_1_273' title='bbox 2911 1203 3188 1257; x_wconf 88' lang='lat' dir='ltr'><strong>considera</strong></span> <span class='ocrx_word' id='word_1_274' title='bbox 3234 1203 3369 1270; x_wconf 83' lang='lat' dir='ltr'><strong>quod</strong></span> <span class='ocrx_word' id='word_1_275' title='bbox 3410 1204 3679 1267; x_wconf 79' lang='lat' dir='ltr'><strong>addidit,in</strong></span> 
     </span>
    </p>
   </div>
   <div class='ocr_carea' id='block_1_42' title="bbox 2151 1292 3683 1365">
    <p class='ocr_par' dir='ltr' id='par_1_42' title="bbox 2151 1292 3683 1365">
     <span class='ocr_line' id='line_1_42' title="bbox 2151 1292 3683 1365; baseline 0.005 -22"><span class='ocrx_word' id='word_1_276' title='bbox 2151 1292 2418 1345; x_wconf 81' lang='lat' dir='ltr'><strong>latitudine</strong></span> <span class='ocrx_word' id='word_1_277' title='bbox 2441 1308 2460 1346; x_wconf 90' lang='lat'><strong><em>:</em></strong></span> <span class='ocrx_word' id='word_1_278' title='bbox 2490 1294 2740 1362; x_wconf 75' lang='lat' dir='ltr'><strong>quoniam</strong></span> <span class='ocrx_word' id='word_1_279' title='bbox 2780 1309 2877 1348; x_wconf 82' lang='lat' dir='ltr'><strong>ltOs</strong></span> <span class='ocrx_word' id='word_1_280' title='bbox 2904 1293 2977 1349; x_wconf 90' lang='lat' dir='ltr'><strong>de</strong></span> <span class='ocrx_word' id='word_1_281' title='bbox 3005 1293 3189 1349; x_wconf 69' lang='lat' dir='ltr'><strong>saeculi</strong></span> <span class='ocrx_word' id='word_1_282' title='bbox 3225 1294 3431 1365; x_wconf 90' lang='lat' dir='ltr'><strong>quidem</strong></span> <span class='ocrx_word' id='word_1_283' title='bbox 3465 1298 3683 1365; x_wconf 84' lang='lat' dir='ltr'><strong>angustiis</strong></span> 
     </span>
    </p>
   </div>
   <div class='ocr_carea' id='block_1_43' title="bbox 2154 1385 3680 1455">
    <p class='ocr_par' dir='ltr' id='par_1_43' title="bbox 2154 1385 3680 1455">
     <span class='ocr_line' id='line_1_43' title="bbox 2154 1385 3680 1455; baseline 0.003 -18"><span class='ocrx_word' id='word_1_284' title='bbox 2154 1385 2361 1452; x_wconf 73' lang='lat' dir='ltr'><strong>liberat,</strong></span> <span class='ocrx_word' id='word_1_285' title='bbox 2395 1386 2488 1439; x_wconf 89' lang='lat' dir='ltr'><strong>sed</strong></span> <span class='ocrx_word' id='word_1_286' title='bbox 2519 1387 2570 1439; x_wconf 89' lang='lat' dir='ltr'><strong>in</strong></span> <span class='ocrx_word' id='word_1_287' title='bbox 2595 1401 2779 1455; x_wconf 84' lang='lat' dir='ltr'><strong>magna</strong></span> <span class='ocrx_word' id='word_1_288' title='bbox 2814 1388 3155 1454; x_wconf 74' lang='lat' dir='ltr'><strong>prmmiornm</strong></span> <span class='ocrx_word' id='word_1_289' title='bbox 3192 1403 3407 1443; x_wconf 88' lang='lat' dir='ltr'><strong>suorum</strong></span> <span class='ocrx_word' id='word_1_290' title='bbox 3447 1390 3680 1443; x_wconf 75' lang='lat' dir='ltr'><strong>latitudine</strong></span> 
     </span>
    </p>
   </div>
   <div class='ocr_carea' id='block_1_44' title="bbox 2154 1476 3682 1550">
    <p class='ocr_par' dir='ltr' id='par_1_44' title="bbox 2154 1476 3682 1550">
     <span class='ocr_line' id='line_1_44' title="bbox 2154 1476 3682 1550; baseline 0.003 -20"><span class='ocrx_word' id='word_1_291' title='bbox 2154 1476 2437 1532; x_wconf 72' lang='lat' dir='ltr'><strong>miseratus</strong></span> <span class='ocrx_word' id='word_1_292' title='bbox 2470 1485 2736 1547; x_wconf 76' lang='lat' dir='ltr'><strong>occeptat.</strong></span> <span class='ocrx_word' id='word_1_293' title='bbox 2787 1479 2958 1549; x_wconf 87' lang='lat' dir='ltr'><strong>Eripit</strong></span> <span class='ocrx_word' id='word_1_294' title='bbox 3004 1480 3071 1535; x_wconf 89' lang='lat' dir='ltr'><strong>de</strong></span> <span class='ocrx_word' id='word_1_295' title='bbox 3119 1483 3494 1550; x_wconf 88' lang='lat' dir='ltr'><strong>temporalibus</strong></span> <span class='ocrx_word' id='word_1_296' title='bbox 3538 1484 3682 1547; x_wconf 79' lang='lat' dir='ltr'><strong>malis,</strong></span> 
     </span>
    </p>
   </div>
   <div class='ocr_carea' id='block_1_45' title="bbox 2155 1568 3688 1641">
    <p class='ocr_par' dir='ltr' id='par_1_45' title="bbox 2155 1568 3688 1641">
     <span class='ocr_line' id='line_1_45' title="bbox 2155 1568 3688 1641; baseline 0.004 -20"><span class='ocrx_word' id='word_1_297' title='bbox 2155 1568 2249 1621; x_wconf 88' lang='lat' dir='ltr'><strong>sed</strong></span> <span class='ocrx_word' id='word_1_298' title='bbox 2283 1568 2437 1623; x_wconf 90' lang='lat' dir='ltr'><strong>bonis</strong></span> <span class='ocrx_word' id='word_1_299' title='bbox 2460 1585 2558 1624; x_wconf 89' lang='lat' dir='ltr'><strong>nos</strong></span> <span class='ocrx_word' id='word_1_300' title='bbox 2583 1580 2774 1638; x_wconf 86' lang='lat' dir='ltr'><strong>potens</strong></span> <span class='ocrx_word' id='word_1_301' title='bbox 2804 1579 2884 1625; x_wconf 88' lang='lat' dir='ltr'><strong>est</strong></span> <span class='ocrx_word' id='word_1_302' title='bbox 2912 1572 3133 1640; x_wconf 83' lang='lat' dir='ltr'><strong>implere</strong></span> <span class='ocrx_word' id='word_1_303' title='bbox 3168 1575 3454 1641; x_wconf 87' lang='lat' dir='ltr'><strong>perpetuis.</strong></span> <span class='ocrx_word' id='word_1_304' title='bbox 3488 1574 3688 1628; x_wconf 73' lang='lat' dir='ltr'><strong>Steviant</strong></span> 
     </span>
    </p>
   </div>
   <div class='ocr_carea' id='block_1_46' title="bbox 2156 1658 3691 1729">
    <p class='ocr_par' dir='ltr' id='par_1_46' title="bbox 2156 1658 3691 1729">
     <span class='ocr_line' id='line_1_46' title="bbox 2156 1658 3691 1729; baseline 0.003 -19"><span class='ocrx_word' id='word_1_305' title='bbox 2156 1671 2283 1726; x_wconf 86' lang='lat' dir='ltr'><strong>ergo</strong></span> <span class='ocrx_word' id='word_1_306' title='bbox 2314 1658 2698 1727; x_wconf 88' lang='lat' dir='ltr'><strong>quantumlibet</strong></span> <span class='ocrx_word' id='word_1_307' title='bbox 2733 1660 3017 1714; x_wconf 86' lang='lat' dir='ltr'><strong>transitura</strong></span> <span class='ocrx_word' id='word_1_308' title='bbox 3057 1662 3391 1729; x_wconf 88' lang='lat' dir='ltr'><strong>discrimina,</strong></span> <span class='ocrx_word' id='word_1_309' title='bbox 3429 1671 3691 1717; x_wconf 85' lang='lat' dir='ltr'><strong>tumescant</strong></span> 
     </span>
    </p>
   </div>
   <div class='ocr_carea' id='block_1_47' title="bbox 2155 1748 3690 1824">
    <p class='ocr_par' dir='ltr' id='par_1_47' title="bbox 2155 1748 3690 1824">
     <span class='ocr_line' id='line_1_47' title="bbox 2155 1748 3690 1824; baseline 0.006 -22"><span class='ocrx_word' id='word_1_310' title='bbox 2155 1748 2504 1805; x_wconf 79' lang='lat' dir='ltr'><strong>adversitates</strong></span> <span class='ocrx_word' id='word_1_311' title='bbox 2535 1752 2787 1817; x_wconf 62' lang='lat' dir='ltr'><strong>caducas;</strong></span> <span class='ocrx_word' id='word_1_312' title='bbox 2820 1752 3077 1807; x_wconf 87' lang='lat' dir='ltr'><strong>latissime</strong></span> <span class='ocrx_word' id='word_1_313' title='bbox 3114 1755 3360 1810; x_wconf 83' lang='lat' dir='ltr'><strong>redditur</strong></span> <span class='ocrx_word' id='word_1_314' title='bbox 3386 1758 3516 1824; x_wconf 90' lang='lat' dir='ltr'><strong>quod</strong></span> <span class='ocrx_word' id='word_1_315' title='bbox 3543 1757 3587 1811; x_wconf 91' lang='lat' dir='ltr'><strong>in</strong></span> <span class='ocrx_word' id='word_1_316' title='bbox 3612 1757 3690 1811; x_wconf 84' lang='lat' dir='ltr'><strong>hac</strong></span> 
     </span>
    </p>
   </div>
   <div class='ocr_carea' id='block_1_48' title="bbox 2156 1838 3434 1914">
    <p class='ocr_par' dir='ltr' id='par_1_48' title="bbox 2156 1838 3434 1914">
     <span class='ocr_line' id='line_1_48' title="bbox 2156 1838 3434 1914; baseline 0.007 -22"><span class='ocrx_word' id='word_1_317' title='bbox 2156 1838 2335 1893; x_wconf 89' lang='lat' dir='ltr'><strong>mundi</strong></span> <span class='ocrx_word' id='word_1_318' title='bbox 2368 1839 2630 1895; x_wconf 87' lang='lat' dir='ltr'><strong>brevitate</strong></span> <span class='ocrx_word' id='word_1_319' title='bbox 2655 1839 2827 1896; x_wconf 88' lang='lat' dir='ltr'><strong>ﬁdelis</strong></span> <span class='ocrx_word' id='word_1_320' title='bbox 2856 1843 3080 1912; x_wconf 89' lang='lat' dir='ltr'><strong>p0pulus</strong></span> <span class='ocrx_word' id='word_1_321' title='bbox 3110 1845 3434 1914; x_wconf 84' lang='lat' dir='ltr'><strong>ingravatur.</strong></span> 
     </span>
    </p>
   </div>
   <div class='ocr_carea' id='block_1_49' title="bbox 2227 1928 3692 2010">
    <p class='ocr_par' dir='ltr' id='par_1_49' title="bbox 2227 1928 3692 2010">
     <span class='ocr_line' id='line_1_49' title="bbox 2227 1928 3692 2010; baseline 0.007 -27"><span class='ocrx_word' id='word_1_322' title='bbox 2227 1928 2381 1985; x_wconf 80' lang='lat' dir='ltr'><strong>Vers.</strong></span> <span class='ocrx_word' id='word_1_323' title='bbox 2416 1929 2469 1986; x_wconf 86' lang='lat'><strong>6.</strong></span> <span class='ocrx_word' id='word_1_324' title='bbox 2499 1930 2745 1988; x_wconf 85' lang='lat' dir='ltr'><strong>Dominus</strong></span> <span class='ocrx_word' id='word_1_325' title='bbox 2774 1935 2899 1989; x_wconf 85' lang='lat' dir='ltr'><strong>mihi</strong></span> <span class='ocrx_word' id='word_1_326' title='bbox 2927 1937 3135 2006; x_wconf 86' lang='lat' dir='ltr'><strong>adjutor</strong></span> <span class='ocrx_word' id='word_1_327' title='bbox 3155 1947 3257 2003; x_wconf 81' lang='lat' dir='ltr'><strong>est,</strong></span> <span class='ocrx_word' id='word_1_328' title='bbox 3284 1955 3383 1994; x_wconf 88' lang='lat' dir='ltr'><strong>non</strong></span> <span class='ocrx_word' id='word_1_329' title='bbox 3406 1940 3571 1995; x_wconf 78' lang='lat' dir='ltr'><strong>timebo</strong></span> <span class='ocrx_word' id='word_1_330' title='bbox 3592 1941 3692 2010; x_wconf 79' lang='lat' dir='ltr'><strong>quid</strong></span> 
     </span>
    </p>
   </div>
   <div class='ocr_carea' id='block_1_50' title="bbox 2160 2020 2671 2089">
    <p class='ocr_par' dir='ltr' id='par_1_50' title="bbox 2160 2020 2671 2089">
     <span class='ocr_line' id='line_1_50' title="bbox 2160 2020 2671 2089; baseline 0.01 -17"><span class='ocrx_word' id='word_1_331' title='bbox 2160 2020 2318 2089; x_wconf 76' lang='lat' dir='ltr'><strong>faciat</strong></span> <span class='ocrx_word' id='word_1_332' title='bbox 2347 2022 2473 2076; x_wconf 80' lang='lat' dir='ltr'><strong>mihi</strong></span> <span class='ocrx_word' id='word_1_333' title='bbox 2501 2022 2671 2078; x_wconf 87' lang='lat' dir='ltr'><strong>homo.</strong></span> 
     </span>
    </p>
   </div>
   <div class='ocr_carea' id='block_1_51' title="bbox 2233 2114 3697 2193">
    <p class='ocr_par' dir='ltr' id='par_1_51' title="bbox 2233 2114 3697 2193">
     <span class='ocr_line' id='line_1_51' title="bbox 2233 2114 3697 2193; baseline 0.003 -24"><span class='ocrx_word' id='word_1_334' title='bbox 2233 2114 2386 2171; x_wconf 84' lang='lat' dir='ltr'><strong>Vers.</strong></span> <span class='ocrx_word' id='word_1_335' title='bbox 2416 2114 2472 2171; x_wconf 85' lang='lat'><strong>7.</strong></span> <span class='ocrx_word' id='word_1_336' title='bbox 2500 2114 2747 2170; x_wconf 88' lang='lat' dir='ltr'><strong>Dominus</strong></span> <span class='ocrx_word' id='word_1_337' title='bbox 2790 2118 2915 2172; x_wconf 81' lang='lat' dir='ltr'><strong>mihi</strong></span> <span class='ocrx_word' id='word_1_338' title='bbox 2941 2119 3150 2191; x_wconf 88' lang='lat' dir='ltr'><strong>adjutor</strong></span> <span class='ocrx_word' id='word_1_339' title='bbox 3172 2162 3192 2187; x_wconf 93' lang='lat'><strong>,</strong></span> <span class='ocrx_word' id='word_1_340' title='bbox 3236 2130 3282 2175; x_wconf 86' lang='lat' dir='ltr'><strong>et</strong></span> <span class='ocrx_word' id='word_1_341' title='bbox 3308 2137 3398 2193; x_wconf 86' lang='lat' dir='ltr'><strong>ego</strong></span> <span class='ocrx_word' id='word_1_342' title='bbox 3439 2122 3697 2176; x_wconf 79' lang='lat' dir='ltr'><strong>videboini-</strong></span> 
     </span>
    </p>
   </div>
   <div class='ocr_carea' id='block_1_52' title="bbox 2158 2208 3698 2283">
    <p class='ocr_par' dir='ltr' id='par_1_52' title="bbox 2158 2208 3698 2283">
     <span class='ocr_line' id='line_1_52' title="bbox 2158 2208 3698 2283; baseline 0.003 -21"><span class='ocrx_word' id='word_1_343' title='bbox 2158 2208 2313 2263; x_wconf 86' lang='lat' dir='ltr'><strong>micas</strong></span> <span class='ocrx_word' id='word_1_344' title='bbox 2343 2225 2499 2264; x_wconf 90' lang='lat' dir='ltr'><strong>meas.</strong></span> <span class='ocrx_word' id='word_1_345' title='bbox 2532 2208 2783 2276; x_wconf 86' lang='lat' dir='ltr'><strong>Quamvis</strong></span> <span class='ocrx_word' id='word_1_346' title='bbox 2811 2227 2996 2267; x_wconf 86' lang='lat' dir='ltr'><strong>versus</strong></span> <span class='ocrx_word' id='word_1_347' title='bbox 3027 2213 3113 2267; x_wconf 87' lang='lat' dir='ltr'><strong>isti</strong></span> <span class='ocrx_word' id='word_1_348' title='bbox 3147 2229 3290 2283; x_wconf 88' lang='lat' dir='ltr'><strong>pene</strong></span> <span class='ocrx_word' id='word_1_349' title='bbox 3314 2214 3575 2269; x_wconf 86' lang='lat' dir='ltr'><strong>videantur</strong></span> <span class='ocrx_word' id='word_1_350' title='bbox 3603 2228 3698 2268; x_wconf 85' lang='lat' dir='ltr'><strong>esse</strong></span> 
     </span>
    </p>
   </div>
   <div class='ocr_carea' id='block_1_53' title="bbox 2157 2298 3686 2370">
    <p class='ocr_par' dir='ltr' id='par_1_53' title="bbox 2157 2298 3686 2370">
     <span class='ocr_line' id='line_1_53' title="bbox 2157 2298 3686 2370; baseline 0.001 -18"><span class='ocrx_word' id='word_1_351' title='bbox 2157 2298 2483 2366; x_wconf 84' lang='lat' dir='ltr'><strong>consimiles,</strong></span> <span class='ocrx_word' id='word_1_352' title='bbox 2496 2299 2719 2370; x_wconf 84' lang='lat' dir='ltr'><strong>singulis</strong></span> <span class='ocrx_word' id='word_1_353' title='bbox 2738 2308 2913 2356; x_wconf 87' lang='lat' dir='ltr'><strong>tamen</strong></span> <span class='ocrx_word' id='word_1_354' title='bbox 2930 2301 3108 2357; x_wconf 87' lang='lat' dir='ltr'><strong>verbis</strong></span> <span class='ocrx_word' id='word_1_355' title='bbox 3122 2304 3351 2358; x_wconf 91' lang='lat' dir='ltr'><strong>omnino</strong></span> <span class='ocrx_word' id='word_1_356' title='bbox 3361 2304 3686 2358; x_wconf 84' lang='lat' dir='ltr'><strong>discretisnnt.</strong></span> 
     </span>
    </p>
   </div>
   <div class='ocr_carea' id='block_1_54' title="bbox 2160 2388 3699 2449">
    <p class='ocr_par' dir='ltr' id='par_1_54' title="bbox 2160 2388 3699 2449">
     <span class='ocr_line' id='line_1_54' title="bbox 2160 2388 3699 2449; baseline 0.002 -6"><span class='ocrx_word' id='word_1_357' title='bbox 2160 2388 2291 2443; x_wconf 88' lang='lat' dir='ltr'><strong>Nam</strong></span> <span class='ocrx_word' id='word_1_358' title='bbox 2329 2403 2449 2443; x_wconf 92' lang='lat' dir='ltr'><strong>cum</strong></span> <span class='ocrx_word' id='word_1_359' title='bbox 2477 2405 2537 2445; x_wconf 88' lang='lat' dir='ltr'><strong>se</strong></span> <span class='ocrx_word' id='word_1_360' title='bbox 2559 2389 2687 2445; x_wconf 91' lang='lat' dir='ltr'><strong>dicit</strong></span> <span class='ocrx_word' id='word_1_361' title='bbox 2722 2391 2924 2447; x_wconf 82' lang='lat' dir='ltr'><strong>auxilio</strong></span> <span class='ocrx_word' id='word_1_362' title='bbox 2963 2392 3178 2447; x_wconf 87' lang='lat' dir='ltr'><strong>Domini</strong></span> <span class='ocrx_word' id='word_1_363' title='bbox 3228 2394 3489 2449; x_wconf 84' lang='lat' dir='ltr'><strong>hominem</strong></span> <span class='ocrx_word' id='word_1_364' title='bbox 3526 2408 3615 2447; x_wconf 92' lang='lat' dir='ltr'><strong>non</strong></span> <span class='ocrx_word' id='word_1_365' title='bbox 3647 2394 3699 2447; x_wconf 86' lang='lat' dir='ltr'><strong>ti-</strong></span> 
     </span>
    </p>
   </div>
   <div class='ocr_carea' id='block_1_55' title="bbox 2162 2480 3700 2554">
    <p class='ocr_par' dir='ltr' id='par_1_55' title="bbox 2162 2480 3700 2554">
     <span class='ocr_line' id='line_1_55' title="bbox 2162 2480 3700 2554; baseline 0.003 -21"><span class='ocrx_word' id='word_1_366' title='bbox 2162 2494 2328 2548; x_wconf 90' lang='lat' dir='ltr'><strong>mere,</strong></span> <span class='ocrx_word' id='word_1_367' title='bbox 2359 2481 2598 2535; x_wconf 87' lang='lat' dir='ltr'><strong>carnales</strong></span> <span class='ocrx_word' id='word_1_368' title='bbox 2622 2480 2864 2551; x_wconf 83' lang='lat' dir='ltr'><strong>designat</strong></span> <span class='ocrx_word' id='word_1_369' title='bbox 2893 2483 3159 2551; x_wconf 90' lang='lat' dir='ltr'><strong>inimicos,</strong></span> <span class='ocrx_word' id='word_1_370' title='bbox 3203 2484 3295 2554; x_wconf 89' lang='lat' dir='ltr'><strong>qui</strong></span> <span class='ocrx_word' id='word_1_371' title='bbox 3325 2484 3578 2540; x_wconf 88' lang='lat' dir='ltr'><strong>visualiter</strong></span> <span class='ocrx_word' id='word_1_372' title='bbox 3600 2484 3700 2538; x_wconf 85' lang='lat' dir='ltr'><strong>reli-</strong></span> 
     </span>
    </p>
   </div>
   <div class='ocr_carea' id='block_1_56' title="bbox 2158 2573 3696 2645">
    <p class='ocr_par' dir='ltr' id='par_1_56' title="bbox 2158 2573 3696 2645">
     <span class='ocr_line' id='line_1_56' title="bbox 2158 2573 3696 2645; baseline 0 -19"><span class='ocrx_word' id='word_1_373' title='bbox 2158 2573 2427 2645; x_wconf 81' lang='lat' dir='ltr'><strong>giosorum</strong></span> <span class='ocrx_word' id='word_1_374' title='bbox 2466 2574 2797 2643; x_wconf 90' lang='lat' dir='ltr'><strong>propositum</strong></span> <span class='ocrx_word' id='word_1_375' title='bbox 2843 2584 3260 2645; x_wconf 85' lang='lat' dir='ltr'><strong>persequuntur.</strong></span> <span class='ocrx_word' id='word_1_376' title='bbox 3296 2576 3427 2632; x_wconf 90' lang='lat' dir='ltr'><strong>Cum</strong></span> <span class='ocrx_word' id='word_1_377' title='bbox 3465 2590 3579 2631; x_wconf 86' lang='lat' dir='ltr'><strong>vero</strong></span> <span class='ocrx_word' id='word_1_378' title='bbox 3612 2576 3696 2639; x_wconf 85' lang='lat' dir='ltr'><strong>ait,</strong></span> 
     </span>
    </p>
   </div>
   <div class='ocr_carea' id='block_1_57' title="bbox 2163 2665 3703 2737">
    <p class='ocr_par' dir='ltr' id='par_1_57' title="bbox 2163 2665 3703 2737">
     <span class='ocr_line' id='line_1_57' title="bbox 2163 2665 3703 2737; baseline 0 -19"><span class='ocrx_word' id='word_1_379' title='bbox 2163 2666 2339 2718; x_wconf 86' lang='lat' dir='ltr'><strong>videbo</strong></span> <span class='ocrx_word' id='word_1_380' title='bbox 2366 2665 2597 2719; x_wconf 84' lang='lat' dir='ltr'><strong>inimicos</strong></span> <span class='ocrx_word' id='word_1_381' title='bbox 2623 2681 2782 2732; x_wconf 88' lang='lat' dir='ltr'><strong>meos,</strong></span> <span class='ocrx_word' id='word_1_382' title='bbox 2810 2666 3115 2734; x_wconf 87' lang='lat' dir='ltr'><strong>spirituales</strong></span> <span class='ocrx_word' id='word_1_383' title='bbox 3142 2667 3414 2737; x_wconf 89' lang='lat' dir='ltr'><strong>nequitias</strong></span> <span class='ocrx_word' id='word_1_384' title='bbox 3452 2667 3555 2721; x_wconf 89' lang='lat' dir='ltr'><strong>vult</strong></span> <span class='ocrx_word' id='word_1_385' title='bbox 3576 2666 3703 2719; x_wconf 88' lang='lat' dir='ltr'><strong>intel-</strong></span> 
     </span>
    </p>
   </div>
   <div class='ocr_carea' id='block_1_58' title="bbox 2163 2754 3696 2826">
    <p class='ocr_par' dir='ltr' id='par_1_58' title="bbox 2163 2754 3696 2826">
     <span class='ocr_line' id='line_1_58' title="bbox 2163 2754 3696 2826; baseline 0 -19"><span class='ocrx_word' id='word_1_386' title='bbox 2163 2754 2273 2822; x_wconf 85' lang='lat' dir='ltr'><strong>ligi,</strong></span> <span class='ocrx_word' id='word_1_387' title='bbox 2308 2768 2438 2823; x_wconf 89' lang='lat' dir='ltr'><strong>quas</strong></span> <span class='ocrx_word' id='word_1_388' title='bbox 2464 2754 2516 2807; x_wconf 92' lang='lat' dir='ltr'><strong>in</strong></span> <span class='ocrx_word' id='word_1_389' title='bbox 2549 2754 2642 2808; x_wconf 92' lang='lat' dir='ltr'><strong>illo</strong></span> <span class='ocrx_word' id='word_1_390' title='bbox 2663 2754 2864 2824; x_wconf 86' lang='lat' dir='ltr'><strong>judicio</strong></span> <span class='ocrx_word' id='word_1_391' title='bbox 2887 2756 3016 2810; x_wconf 88' lang='lat' dir='ltr'><strong>dicit</strong></span> <span class='ocrx_word' id='word_1_392' title='bbox 3041 2770 3163 2811; x_wconf 85' lang='lat' dir='ltr'><strong>esse</strong></span> <span class='ocrx_word' id='word_1_393' title='bbox 3209 2758 3479 2826; x_wconf 86' lang='lat' dir='ltr'><strong>videndas,</strong></span> <span class='ocrx_word' id='word_1_394' title='bbox 3511 2756 3587 2809; x_wconf 91' lang='lat' dir='ltr'><strong>ubi</strong></span> <span class='ocrx_word' id='word_1_395' title='bbox 3609 2755 3696 2823; x_wconf 75' lang='lat' dir='ltr'><strong>iam</strong></span> 
     </span>
    </p>
   </div>
   <div class='ocr_carea' id='block_1_59' title="bbox 2172 2847 3707 2915">
    <p class='ocr_par' dir='ltr' id='par_1_59' title="bbox 2172 2847 3707 2915">
     <span class='ocr_line' id='line_1_59' title="bbox 2172 2847 3707 2915; baseline 0 -15"><span class='ocrx_word' id='word_1_396' title='bbox 2172 2847 2416 2903; x_wconf 88' lang='lat' dir='ltr'><strong>diabolus</strong></span> <span class='ocrx_word' id='word_1_397' title='bbox 2444 2862 2564 2903; x_wconf 91' lang='lat' dir='ltr'><strong>cum</strong></span> <span class='ocrx_word' id='word_1_398' title='bbox 2593 2848 2798 2903; x_wconf 67' lang='lat' dir='ltr'><strong>caeteris</strong></span> <span class='ocrx_word' id='word_1_399' title='bbox 2827 2848 3087 2903; x_wconf 89' lang='lat' dir='ltr'><strong>ministris</strong></span> <span class='ocrx_word' id='word_1_400' title='bbox 3112 2850 3234 2905; x_wconf 90' lang='lat' dir='ltr'><strong>suis</strong></span> <span class='ocrx_word' id='word_1_401' title='bbox 3266 2850 3552 2904; x_wconf 87' lang='lat' dir='ltr'><strong>destructus</strong></span> <span class='ocrx_word' id='word_1_402' title='bbox 3578 2857 3707 2915; x_wconf 87' lang='lat' dir='ltr'><strong>atque</strong></span> 
     </span>
    </p>
   </div>
   <div class='ocr_carea' id='block_1_60' title="bbox 2170 2937 3706 3008">
    <p class='ocr_par' dir='ltr' id='par_1_60' title="bbox 2170 2937 3706 3008">
     <span class='ocr_line' id='line_1_60' title="bbox 2170 2937 3706 3008; baseline -0.001 -16"><span class='ocrx_word' id='word_1_403' title='bbox 2170 2937 2453 2992; x_wconf 88' lang='lat' dir='ltr'><strong>damnatus</strong></span> <span class='ocrx_word' id='word_1_404' title='bbox 2483 2938 2725 2993; x_wconf 90' lang='lat' dir='ltr'><strong>humanis</strong></span> <span class='ocrx_word' id='word_1_405' title='bbox 2748 2939 3119 3007; x_wconf 89' lang='lat' dir='ltr'><strong>conspectibus</strong></span> <span class='ocrx_word' id='word_1_406' title='bbox 3144 2941 3450 3008; x_wconf 81' lang='lat' dir='ltr'><strong>apparebit.</strong></span> <span class='ocrx_word' id='word_1_407' title='bbox 3472 2939 3591 2993; x_wconf 85' lang='lat' dir='ltr'><strong>Nam</strong></span> <span class='ocrx_word' id='word_1_408' title='bbox 3610 2952 3706 2992; x_wconf 88' lang='lat' dir='ltr'><strong>cum</strong></span> 
     </span>
    </p>
   </div>
   <div class='ocr_carea' id='block_1_61' title="bbox 478 3026 3711 3119">
    <p class='ocr_par' dir='ltr' id='par_1_61' title="bbox 478 3026 3711 3119">
     <span class='ocr_line' id='line_1_61' title="bbox 478 3026 3711 3119; baseline -0.004 -27"><span class='ocrx_word' id='word_1_409' title='bbox 478 3038 753 3106; x_wconf 87' lang='lat' dir='ltr'><strong>respondit</strong></span> <span class='ocrx_word' id='word_1_410' title='bbox 785 3038 932 3106; x_wconf 88' lang='lat' dir='ltr'><strong>ipse:</strong></span> <span class='ocrx_word' id='word_1_411' title='bbox 967 3036 1103 3102; x_wconf 83' lang='lat' dir='ltr'><strong>Quid</strong></span> <span class='ocrx_word' id='word_1_412' title='bbox 1132 3051 1208 3089; x_wconf 88' lang='lat' dir='ltr'><strong>me</strong></span> <span class='ocrx_word' id='word_1_413' title='bbox 1236 3033 1554 3102; x_wconf 78' lang='lat' dir='ltr'><strong>interroqatis</strong></span> <span class='ocrx_word' id='word_1_414' title='bbox 1586 3031 1649 3084; x_wconf 86' lang='lat' dir='ltr'><strong>de</strong></span> <span class='ocrx_word' id='word_1_415' title='bbox 1680 3032 1808 3085; x_wconf 85' lang='lat' dir='ltr'><strong>bona</strong></span> <span class='ocrx_word' id='word_1_416' title='bbox 1842 3030 2061 3101; x_wconf 79' lang='lat' dir='ltr'><strong>(Matth.</strong></span> <span class='ocrx_word' id='word_1_417' title='bbox 2089 3055 2138 3119; x_wconf 69' lang='grc' dir='ltr'><strong>ο</strong></span> <span class='ocrx_word' id='word_1_418' title='bbox 2171 3028 2330 3080; x_wconf 88' lang='lat' dir='ltr'><strong>modo</strong></span> <span class='ocrx_word' id='word_1_419' title='bbox 2360 3028 2584 3081; x_wconf 76' lang='lat' dir='ltr'><strong>maxima</strong></span> <span class='ocrx_word' id='word_1_420' title='bbox 2612 3042 2736 3096; x_wconf 89' lang='lat' dir='ltr'><strong>pars</strong></span> <span class='ocrx_word' id='word_1_421' title='bbox 2774 3027 3045 3081; x_wconf 85' lang='lat' dir='ltr'><strong>hominum</strong></span> <span class='ocrx_word' id='word_1_422' title='bbox 3076 3029 3334 3083; x_wconf 87' lang='lat' dir='ltr'><strong>inimicos</strong></span> <span class='ocrx_word' id='word_1_423' title='bbox 3358 3044 3479 3082; x_wconf 91' lang='lat' dir='ltr'><strong>suos</strong></span> <span class='ocrx_word' id='word_1_424' title='bbox 3507 3026 3711 3081; x_wconf 82' lang='lat' dir='ltr'><strong>carnales</strong></span> 
     </span>
    </p>
   </div>
   <div class='ocr_carea' id='block_1_62' title="bbox 479 3121 2057 3196">
    <p class='ocr_par' dir='ltr' id='par_1_62' title="bbox 479 3121 2057 3196">
     <span class='ocr_line' id='line_1_62' title="bbox 479 3121 2057 3196; baseline -0.004 -15"><span class='ocrx_word' id='word_1_425' title='bbox 479 3143 630 3196; x_wconf 65' lang='grc' dir='ltr'>χιιι,</span> <span class='ocrx_word' id='word_1_426' title='bbox 665 3128 750 3191; x_wconf 83' lang='grc'><strong>17,</strong></span> <span class='ocrx_word' id='word_1_427' title='bbox 782 3138 824 3180; x_wconf 88' lang='lat' dir='ltr'><strong>et</strong></span> <span class='ocrx_word' id='word_1_428' title='bbox 858 3125 1022 3179; x_wconf 84' lang='lat' dir='ltr'><strong>Marc.</strong></span> <span class='ocrx_word' id='word_1_429' title='bbox 1055 3141 1107 3190; x_wconf 85' lang='lat' dir='ltr'><strong>x,</strong></span> <span class='ocrx_word' id='word_1_430' title='bbox 1140 3123 1246 3193; x_wconf 80' lang='lat'><strong>18),</strong></span> <span class='ocrx_word' id='word_1_431' title='bbox 1271 3124 1360 3193; x_wconf 91' lang='lat' dir='ltr'><strong>qui</strong></span> <span class='ocrx_word' id='word_1_432' title='bbox 1389 3140 1472 3178; x_wconf 91' lang='lat' dir='ltr'><strong>me</strong></span> <span class='ocrx_word' id='word_1_433' title='bbox 1494 3124 1753 3177; x_wconf 64' lang='lat' dir='ltr'><strong>castorum</strong></span> <span class='ocrx_word' id='word_1_434' title='bbox 1778 3121 2057 3175; x_wconf 91' lang='lat' dir='ltr'><strong>Dominum</strong></span> 
     </span>
    </p>
   </div>
   <div class='ocr_carea' id='block_1_63' title="bbox 479 3214 2061 3284">
    <p class='ocr_par' dir='ltr' id='par_1_63' title="bbox 479 3214 2061 3284">
     <span class='ocr_line' id='line_1_63' title="bbox 479 3214 2061 3284; baseline -0.003 -13"><span class='ocrx_word' id='word_1_435' title='bbox 479 3233 598 3271; x_wconf 89' lang='lat' dir='ltr'><strong>esse</strong></span> <span class='ocrx_word' id='word_1_436' title='bbox 628 3233 734 3283; x_wconf 85' lang='lat' dir='ltr'><strong>non</strong></span> <span class='ocrx_word' id='word_1_437' title='bbox 775 3216 1037 3271; x_wconf 87' lang='lat' dir='ltr'><strong>creditis?</strong></span> <span class='ocrx_word' id='word_1_438' title='bbox 1084 3215 1379 3284; x_wconf 80' lang='lat' dir='ltr'><strong>Adjiciens,</strong></span> <span class='ocrx_word' id='word_1_439' title='bbox 1414 3215 1575 3269; x_wconf 85' lang='lat' dir='ltr'><strong>Nemo</strong></span> <span class='ocrx_word' id='word_1_440' title='bbox 1607 3215 1766 3269; x_wconf 84' lang='lat' dir='ltr'><strong>bonus</strong></span> <span class='ocrx_word' id='word_1_441' title='bbox 1794 3216 1890 3267; x_wconf 84' lang='lat' dir='ltr'><strong>nisi</strong></span> <span class='ocrx_word' id='word_1_442' title='bbox 1920 3214 2061 3267; x_wconf 86' lang='lat' dir='ltr'><strong>solus</strong></span> 
     </span>
    </p>
   </div>
   <div class='ocr_carea' id='block_1_64' title="bbox 480 3306 2059 3373">
    <p class='ocr_par' dir='ltr' id='par_1_64' title="bbox 480 3306 2059 3373">
     <span class='ocr_line' id='line_1_64' title="bbox 480 3306 2059 3373; baseline -0.003 -12"><span class='ocrx_word' id='word_1_443' title='bbox 480 3309 637 3361; x_wconf 81' lang='lat' dir='ltr'><strong>Deus.</strong></span> <span class='ocrx_word' id='word_1_444' title='bbox 669 3308 776 3362; x_wconf 87' lang='lat' dir='ltr'><strong>Sed</strong></span> <span class='ocrx_word' id='word_1_445' title='bbox 822 3323 942 3362; x_wconf 93' lang='lat' dir='ltr'><strong>cum</strong></span> <span class='ocrx_word' id='word_1_446' title='bbox 986 3308 1215 3373; x_wconf 83' lang='lat' dir='ltr'><strong>legatur,</strong></span> <span class='ocrx_word' id='word_1_447' title='bbox 1260 3306 1434 3359; x_wconf 86' lang='lat' dir='ltr'><strong>Bonus</strong></span> <span class='ocrx_word' id='word_1_448' title='bbox 1477 3306 1627 3357; x_wconf 88' lang='lat' dir='ltr'><strong>homo</strong></span> <span class='ocrx_word' id='word_1_449' title='bbox 1669 3308 1730 3358; x_wconf 88' lang='lat' dir='ltr'><strong>de</strong></span> <span class='ocrx_word' id='word_1_450' title='bbox 1773 3306 1903 3357; x_wconf 84' lang='lat' dir='ltr'><strong>bono</strong></span> <span class='ocrx_word' id='word_1_451' title='bbox 1948 3306 2059 3357; x_wconf 84' lang='lat' dir='ltr'><strong>the-</strong></span> 
     </span>
    </p>
   </div>
   <div class='ocr_carea' id='block_1_65' title="bbox 478 3393 2063 3470">
    <p class='ocr_par' dir='ltr' id='par_1_65' title="bbox 478 3393 2063 3470">
     <span class='ocr_line' id='line_1_65' title="bbox 478 3393 2063 3470; baseline -0.003 -19"><span class='ocrx_word' id='word_1_452' title='bbox 478 3416 629 3451; x_wconf 89' lang='lat' dir='ltr'><strong>sauro</strong></span> <span class='ocrx_word' id='word_1_453' title='bbox 655 3415 748 3451; x_wconf 88' lang='lat' dir='ltr'><strong>suo</strong></span> <span class='ocrx_word' id='word_1_454' title='bbox 776 3402 969 3470; x_wconf 78' lang='lat' dir='ltr'><strong>profert</strong></span> <span class='ocrx_word' id='word_1_455' title='bbox 1004 3395 1135 3450; x_wconf 85' lang='lat' dir='ltr'><strong>bona</strong></span> <span class='ocrx_word' id='word_1_456' title='bbox 1168 3398 1185 3466; x_wconf 94' lang='lat'><strong>(</strong></span> <span class='ocrx_word' id='word_1_457' title='bbox 1211 3395 1397 3450; x_wconf 83' lang='lat' dir='ltr'><strong>Matth.</strong></span> <span class='ocrx_word' id='word_1_458' title='bbox 1432 3411 1536 3460; x_wconf 74' lang='grc' dir='ltr'>ιιι,</span> <span class='ocrx_word' id='word_1_459' title='bbox 1567 3393 1691 3464; x_wconf 78' lang='lat'><strong>&#39;53),</strong></span> <span class='ocrx_word' id='word_1_460' title='bbox 1725 3394 1886 3464; x_wconf 60' lang='lat'><strong>39/4,</strong></span> <span class='ocrx_word' id='word_1_461' title='bbox 1914 3395 2063 3465; x_wconf 90' lang='lat' dir='ltr'><strong>quasi</strong></span> 
     </span>
    </p>
   </div>
   <div class='ocr_carea' id='block_1_66' title="bbox 480 3486 2060 3545">
    <p class='ocr_par' dir='ltr' id='par_1_66' title="bbox 480 3486 2060 3545">
     <span class='ocr_line' id='line_1_66' title="bbox 480 3486 2060 3545; baseline -0.004 -1"><span class='ocrx_word' id='word_1_462' title='bbox 480 3491 687 3545; x_wconf 87' lang='lat' dir='ltr'><strong>videtur</strong></span> <span class='ocrx_word' id='word_1_463' title='bbox 715 3505 833 3544; x_wconf 86' lang='lat' dir='ltr'><strong>esse</strong></span> <span class='ocrx_word' id='word_1_464' title='bbox 862 3488 1209 3544; x_wconf 88' lang='lat' dir='ltr'><strong>contrarium.</strong></span> <span class='ocrx_word' id='word_1_465' title='bbox 1258 3487 1365 3543; x_wconf 90' lang='lat' dir='ltr'><strong>Sed</strong></span> <span class='ocrx_word' id='word_1_466' title='bbox 1395 3487 1667 3542; x_wconf 89' lang='lat' dir='ltr'><strong>hominem</strong></span> <span class='ocrx_word' id='word_1_467' title='bbox 1700 3487 1897 3540; x_wconf 90' lang='lat' dir='ltr'><strong>bonum</strong></span> <span class='ocrx_word' id='word_1_468' title='bbox 1928 3486 2060 3539; x_wconf 92' lang='lat' dir='ltr'><strong>dici-</strong></span> 
     </span>
    </p>
   </div>
   <div class='ocr_carea' id='block_1_67' title="bbox 481 3578 2062 3653">
    <p class='ocr_par' dir='ltr' id='par_1_67' title="bbox 481 3578 2062 3653">
     <span class='ocr_line' id='line_1_67' title="bbox 481 3578 2062 3653; baseline -0.003 -17"><span class='ocrx_word' id='word_1_469' title='bbox 481 3597 599 3637; x_wconf 92' lang='lat' dir='ltr'><strong>mus</strong></span> <span class='ocrx_word' id='word_1_470' title='bbox 624 3599 716 3653; x_wconf 89' lang='lat' dir='ltr'><strong>per</strong></span> <span class='ocrx_word' id='word_1_471' title='bbox 749 3582 955 3636; x_wconf 91' lang='lat' dir='ltr'><strong>Domini</strong></span> <span class='ocrx_word' id='word_1_472' title='bbox 982 3581 1206 3651; x_wconf 87' lang='lat' dir='ltr'><strong>gratiam</strong></span> <span class='ocrx_word' id='word_1_473' title='bbox 1236 3580 1431 3635; x_wconf 79' lang='lat' dir='ltr'><strong>factum</strong></span> <span class='ocrx_word' id='word_1_474' title='bbox 1456 3597 1470 3645; x_wconf 91' lang='lat'><strong>;</strong></span> <span class='ocrx_word' id='word_1_475' title='bbox 1506 3593 1627 3633; x_wconf 89' lang='lat' dir='ltr'><strong>nam</strong></span> <span class='ocrx_word' id='word_1_476' title='bbox 1652 3578 1738 3633; x_wconf 90' lang='lat' dir='ltr'><strong>ille</strong></span> <span class='ocrx_word' id='word_1_477' title='bbox 1768 3579 1913 3633; x_wconf 89' lang='lat' dir='ltr'><strong>solus</strong></span> <span class='ocrx_word' id='word_1_478' title='bbox 1941 3594 2062 3646; x_wconf 88' lang='lat' dir='ltr'><strong>pro-</strong></span> 
     </span>
    </p>
   </div>
   <div class='ocr_carea' id='block_1_68' title="bbox 483 3669 2059 3742">
    <p class='ocr_par' dir='ltr' id='par_1_68' title="bbox 483 3669 2059 3742">
     <span class='ocr_line' id='line_1_68' title="bbox 483 3669 2059 3742; baseline 0.001 -20"><span class='ocrx_word' id='word_1_479' title='bbox 483 3674 596 3741; x_wconf 86' lang='lat' dir='ltr'><strong>prie</strong></span> <span class='ocrx_word' id='word_1_480' title='bbox 627 3687 718 3742; x_wconf 89' lang='lat' dir='ltr'><strong>per</strong></span> <span class='ocrx_word' id='word_1_481' title='bbox 743 3686 799 3726; x_wconf 84' lang='lat' dir='ltr'><strong>se</strong></span> <span class='ocrx_word' id='word_1_482' title='bbox 834 3671 1027 3726; x_wconf 90' lang='lat' dir='ltr'><strong>dicitur</strong></span> <span class='ocrx_word' id='word_1_483' title='bbox 1050 3671 1244 3735; x_wconf 87' lang='lat' dir='ltr'><strong>bonus,</strong></span> <span class='ocrx_word' id='word_1_484' title='bbox 1280 3671 1371 3740; x_wconf 88' lang='lat' dir='ltr'><strong>qui</strong></span> <span class='ocrx_word' id='word_1_485' title='bbox 1400 3685 1492 3725; x_wconf 87' lang='lat' dir='ltr'><strong>eos</strong></span> <span class='ocrx_word' id='word_1_486' title='bbox 1518 3670 1642 3724; x_wconf 83' lang='lat' dir='ltr'><strong>iacit</strong></span> <span class='ocrx_word' id='word_1_487' title='bbox 1670 3670 1894 3739; x_wconf 90' lang='lat' dir='ltr'><strong>implere</strong></span> <span class='ocrx_word' id='word_1_488' title='bbox 1920 3669 2059 3738; x_wconf 91' lang='lat' dir='ltr'><strong>quod</strong></span> 
     </span>
    </p>
   </div>
   <div class='ocr_carea' id='block_1_69' title="bbox 483 3764 2065 3834">
    <p class='ocr_par' dir='ltr' id='par_1_69' title="bbox 483 3764 2065 3834">
     <span class='ocr_line' id='line_1_69' title="bbox 483 3764 2065 3834; baseline -0.001 -15"><span class='ocrx_word' id='word_1_489' title='bbox 483 3766 607 3819; x_wconf 88' lang='lat' dir='ltr'><strong>boni</strong></span> <span class='ocrx_word' id='word_1_490' title='bbox 639 3774 781 3819; x_wconf 85' lang='lat' dir='ltr'><strong>sunt.</strong></span> <span class='ocrx_word' id='word_1_491' title='bbox 816 3765 1067 3834; x_wconf 87' lang='lat' dir='ltr'><strong>Sequitur</strong></span> <span class='ocrx_word' id='word_1_492' title='bbox 1096 3766 1337 3833; x_wconf 89' lang='lat' dir='ltr'><strong>quoniam</strong></span> <span class='ocrx_word' id='word_1_493' title='bbox 1367 3766 1419 3817; x_wconf 87' lang='lat' dir='ltr'><strong>in</strong></span> <span class='ocrx_word' id='word_1_494' title='bbox 1447 3765 1691 3818; x_wconf 66' lang='lat' dir='ltr'><strong>sacculum</strong></span> <span class='ocrx_word' id='word_1_495' title='bbox 1717 3764 2065 3817; x_wconf 83' lang='lat' dir='ltr'><strong>misericordia</strong></span> 
     </span>
    </p>
   </div>
   <div class='ocr_carea' id='block_1_70' title="bbox 483 3859 2066 3930">
    <p class='ocr_par' dir='ltr' id='par_1_70' title="bbox 483 3859 2066 3930">
     <span class='ocr_line' id='line_1_70' title="bbox 483 3859 2066 3930; baseline 0.001 -18"><span class='ocrx_word' id='word_1_496' title='bbox 483 3862 613 3930; x_wconf 76' lang='lat' dir='ltr'><strong>ejus.</strong></span> <span class='ocrx_word' id='word_1_497' title='bbox 646 3860 813 3929; x_wconf 88' lang='lat' dir='ltr'><strong>Ipsius</strong></span> <span class='ocrx_word' id='word_1_498' title='bbox 839 3874 1050 3929; x_wconf 87' lang='lat' dir='ltr'><strong>quoque</strong></span> <span class='ocrx_word' id='word_1_499' title='bbox 1078 3860 1205 3915; x_wconf 90' lang='lat' dir='ltr'><strong>boni</strong></span> <span class='ocrx_word' id='word_1_500' title='bbox 1236 3876 1391 3929; x_wconf 87' lang='lat' dir='ltr'><strong>quem</strong></span> <span class='ocrx_word' id='word_1_501' title='bbox 1423 3861 1647 3927; x_wconf 81' lang='lat' dir='ltr'><strong>dixerat,</strong></span> <span class='ocrx_word' id='word_1_502' title='bbox 1689 3859 1956 3928; x_wconf 85' lang='lat' dir='ltr'><strong>expositio</strong></span> <span class='ocrx_word' id='word_1_503' title='bbox 1985 3859 2066 3913; x_wconf 88' lang='lat' dir='ltr'><strong>di-</strong></span> 
     </span>
    </p>
   </div>
   <div class='ocr_carea' id='block_1_71' title="bbox 485 3947 2063 4019">
    <p class='ocr_par' dir='ltr' id='par_1_71' title="bbox 485 3947 2063 4019">
     <span class='ocr_line' id='line_1_71' title="bbox 485 3947 2063 4019; baseline -0.003 -14"><span class='ocrx_word' id='word_1_504' title='bbox 485 3951 785 4006; x_wconf 87' lang='lat' dir='ltr'><strong>lucidatur:</strong></span> <span class='ocrx_word' id='word_1_505' title='bbox 815 3951 937 4019; x_wconf 91' lang='lat' dir='ltr'><strong>quia</strong></span> <span class='ocrx_word' id='word_1_506' title='bbox 967 3965 1075 4004; x_wconf 92' lang='lat' dir='ltr'><strong>non</strong></span> <span class='ocrx_word' id='word_1_507' title='bbox 1101 3950 1273 4004; x_wconf 91' lang='lat' dir='ltr'><strong>solum</strong></span> <span class='ocrx_word' id='word_1_508' title='bbox 1308 3958 1523 4019; x_wconf 66' lang='lat' dir='ltr'><strong>praestat</strong></span> <span class='ocrx_word' id='word_1_509' title='bbox 1551 3948 1853 4016; x_wconf 89' lang='lat' dir='ltr'><strong>immeritis,</strong></span> <span class='ocrx_word' id='word_1_510' title='bbox 1884 3947 1978 4003; x_wconf 89' lang='lat' dir='ltr'><strong>sed</strong></span> <span class='ocrx_word' id='word_1_511' title='bbox 2009 3948 2063 4001; x_wconf 92' lang='lat' dir='ltr'><strong>in</strong></span> 
     </span>
    </p>
   </div>
   <div class='ocr_carea' id='block_1_72' title="bbox 486 4038 2067 4097">
    <p class='ocr_par' dir='ltr' id='par_1_72' title="bbox 486 4038 2067 4097">
     <span class='ocr_line' id='line_1_72' title="bbox 486 4038 2067 4097; baseline -0.002 -2"><span class='ocrx_word' id='word_1_512' title='bbox 486 4054 744 4097; x_wconf 70' lang='lat' dir='ltr'><strong>internum</strong></span> <span class='ocrx_word' id='word_1_513' title='bbox 792 4041 1171 4096; x_wconf 81' lang='lat' dir='ltr'><strong>misericordiae</strong></span> <span class='ocrx_word' id='word_1_514' title='bbox 1208 4055 1319 4095; x_wconf 77' lang='lat' dir='ltr'><strong>sua:</strong></span> <span class='ocrx_word' id='word_1_515' title='bbox 1348 4042 1485 4095; x_wconf 91' lang='lat' dir='ltr'><strong>dona</strong></span> <span class='ocrx_word' id='word_1_516' title='bbox 1520 4040 1782 4095; x_wconf 91' lang='lat' dir='ltr'><strong>concedit.</strong></span> <span class='ocrx_word' id='word_1_517' title='bbox 1821 4038 1887 4094; x_wconf 86' lang='lat' dir='ltr'><strong>In</strong></span> <span class='ocrx_word' id='word_1_518' title='bbox 1916 4055 2067 4093; x_wconf 72' lang='lat' dir='ltr'><strong>saxu-</strong></span> 
     </span>
    </p>
   </div>
   <div class='ocr_carea' id='block_1_73' title="bbox 487 4129 2063 4202">
    <p class='ocr_par' dir='ltr' id='par_1_73' title="bbox 487 4129 2063 4202">
     <span class='ocr_line' id='line_1_73' title="bbox 487 4129 2063 4202; baseline -0.002 -16"><span class='ocrx_word' id='word_1_519' title='bbox 487 4134 591 4187; x_wconf 80' lang='lat' dir='ltr'><strong>lum</strong></span> <span class='ocrx_word' id='word_1_520' title='bbox 637 4136 820 4199; x_wconf 88' lang='lat' dir='ltr'><strong>enim,</strong></span> <span class='ocrx_word' id='word_1_521' title='bbox 876 4134 1280 4201; x_wconf 86' lang='lat' dir='ltr'><strong>perpetuitatem</strong></span> <span class='ocrx_word' id='word_1_522' title='bbox 1340 4132 1602 4202; x_wconf 88' lang='lat' dir='ltr'><strong>signiﬁcat</strong></span> <span class='ocrx_word' id='word_1_523' title='bbox 1650 4130 1917 4196; x_wconf 80' lang='lat' dir='ltr'><strong>futuram,</strong></span> <span class='ocrx_word' id='word_1_524' title='bbox 1974 4129 2063 4184; x_wconf 92' lang='lat' dir='ltr'><strong>ubi</strong></span> 
     </span>
    </p>
   </div>
   <div class='ocr_carea' id='block_1_74' title="bbox 489 4220 2065 4293">
    <p class='ocr_par' dir='ltr' id='par_1_74' title="bbox 489 4220 2065 4293">
     <span class='ocr_line' id='line_1_74' title="bbox 489 4220 2065 4293; baseline -0.001 -19"><span class='ocrx_word' id='word_1_525' title='bbox 489 4238 649 4276; x_wconf 90' lang='lat' dir='ltr'><strong>unum</strong></span> <span class='ocrx_word' id='word_1_526' title='bbox 676 4232 757 4278; x_wconf 90' lang='lat' dir='ltr'><strong>est</strong></span> <span class='ocrx_word' id='word_1_527' title='bbox 785 4222 1061 4288; x_wconf 69' lang='lat' dir='ltr'><strong>saeculum,</strong></span> <span class='ocrx_word' id='word_1_528' title='bbox 1091 4233 1145 4277; x_wconf 92' lang='lat' dir='ltr'><strong>et</strong></span> <span class='ocrx_word' id='word_1_529' title='bbox 1176 4236 1276 4275; x_wconf 90' lang='lat' dir='ltr'><strong>una</strong></span> <span class='ocrx_word' id='word_1_530' title='bbox 1306 4222 1443 4287; x_wconf 90' lang='lat' dir='ltr'><strong>dies,</strong></span> <span class='ocrx_word' id='word_1_531' title='bbox 1475 4221 1919 4293; x_wconf 90' lang='lat' dir='ltr'><strong>necpermutatio</strong></span> <span class='ocrx_word' id='word_1_532' title='bbox 1960 4220 2065 4274; x_wconf 90' lang='lat' dir='ltr'><strong>ulla</strong></span> 
     </span>
    </p>
   </div>
   <div class='ocr_carea' id='block_1_75' title="bbox 489 4312 747 4367">
    <p class='ocr_par' dir='ltr' id='par_1_75' title="bbox 489 4312 747 4367">
     <span class='ocr_line' id='line_1_75' title="bbox 489 4312 747 4367; baseline 0.008 -2"><span class='ocrx_word' id='word_1_533' title='bbox 489 4312 747 4367; x_wconf 83' lang='lat' dir='ltr'><strong>succedit.</strong></span> 
     </span>
    </p>
   </div>
   <div class='ocr_carea' id='block_1_76' title="bbox 2166 3115 3710 3187">
    <p class='ocr_par' dir='ltr' id='par_1_76' title="bbox 2166 3115 3710 3187">
     <span class='ocr_line' id='line_1_76' title="bbox 2166 3115 3710 3187; baseline 0 -16"><span class='ocrx_word' id='word_1_534' title='bbox 2166 3117 2404 3185; x_wconf 85' lang='lat' dir='ltr'><strong>aspiciat,</strong></span> <span class='ocrx_word' id='word_1_535' title='bbox 2440 3117 2566 3170; x_wconf 88' lang='lat' dir='ltr'><strong>illud</strong></span> <span class='ocrx_word' id='word_1_536' title='bbox 2601 3119 2766 3187; x_wconf 84' lang='lat' dir='ltr'><strong>magis</strong></span> <span class='ocrx_word' id='word_1_537' title='bbox 2793 3127 3011 3184; x_wconf 88' lang='lat' dir='ltr'><strong>optasse</strong></span> <span class='ocrx_word' id='word_1_538' title='bbox 3038 3118 3349 3174; x_wconf 90' lang='lat' dir='ltr'><strong>credendus</strong></span> <span class='ocrx_word' id='word_1_539' title='bbox 3381 3128 3476 3183; x_wconf 88' lang='lat' dir='ltr'><strong>est,</strong></span> <span class='ocrx_word' id='word_1_540' title='bbox 3500 3116 3622 3186; x_wconf 83' lang='lat' dir='ltr'><strong>quod</strong></span> <span class='ocrx_word' id='word_1_541' title='bbox 3644 3115 3710 3169; x_wconf 82' lang='lat' dir='ltr'><strong>hic</strong></span> 
     </span>
    </p>
   </div>
   <div class='ocr_carea' id='block_1_77' title="bbox 2168 3207 3713 3276">
    <p class='ocr_par' dir='ltr' id='par_1_77' title="bbox 2168 3207 3713 3276">
     <span class='ocr_line' id='line_1_77' title="bbox 2168 3207 3713 3276; baseline -0.001 -15"><span class='ocrx_word' id='word_1_542' title='bbox 2168 3207 2348 3261; x_wconf 90' lang='lat' dir='ltr'><strong>videre</strong></span> <span class='ocrx_word' id='word_1_543' title='bbox 2387 3221 2493 3261; x_wconf 91' lang='lat' dir='ltr'><strong>non</strong></span> <span class='ocrx_word' id='word_1_544' title='bbox 2523 3216 2748 3276; x_wconf 84' lang='lat' dir='ltr'><strong>poterat.</strong></span> <span class='ocrx_word' id='word_1_545' title='bbox 2783 3209 2905 3269; x_wconf 86' lang='lat' dir='ltr'><strong>Sive</strong></span> <span class='ocrx_word' id='word_1_546' title='bbox 2935 3217 3053 3262; x_wconf 88' lang='lat' dir='ltr'><strong>orat</strong></span> <span class='ocrx_word' id='word_1_547' title='bbox 3081 3219 3136 3262; x_wconf 91' lang='lat' dir='ltr'><strong>ut</strong></span> <span class='ocrx_word' id='word_1_548' title='bbox 3189 3211 3445 3265; x_wconf 88' lang='lat' dir='ltr'><strong>latentem</strong></span> <span class='ocrx_word' id='word_1_549' title='bbox 3481 3208 3713 3262; x_wconf 87' lang='lat' dir='ltr'><strong>inimicum</strong></span> 
     </span>
    </p>
   </div>
   <div class='ocr_carea' id='block_1_78' title="bbox 2170 3300 3709 3370">
    <p class='ocr_par' dir='ltr' id='par_1_78' title="bbox 2170 3300 3709 3370">
     <span class='ocr_line' id='line_1_78' title="bbox 2170 3300 3709 3370; baseline -0.001 -18"><span class='ocrx_word' id='word_1_550' title='bbox 2170 3300 2342 3353; x_wconf 81' lang='lat' dir='ltr'><strong>valeat</strong></span> <span class='ocrx_word' id='word_1_551' title='bbox 2371 3300 2585 3366; x_wconf 89' lang='lat' dir='ltr'><strong>intueri,</strong></span> <span class='ocrx_word' id='word_1_552' title='bbox 2615 3308 2876 3370; x_wconf 88' lang='lat' dir='ltr'><strong>quatenus</strong></span> <span class='ocrx_word' id='word_1_553' title='bbox 2903 3301 3108 3355; x_wconf 87' lang='lat' dir='ltr'><strong>cautior</strong></span> <span class='ocrx_word' id='word_1_554' title='bbox 3130 3302 3362 3358; x_wconf 83' lang='lat' dir='ltr'><strong>eﬁ‘ectus</strong></span> <span class='ocrx_word' id='word_1_555' title='bbox 3390 3304 3454 3357; x_wconf 89' lang='lat' dir='ltr'><strong>ab</strong></span> <span class='ocrx_word' id='word_1_556' title='bbox 3476 3304 3580 3368; x_wconf 86' lang='lat' dir='ltr'><strong>ejus</strong></span> <span class='ocrx_word' id='word_1_557' title='bbox 3604 3300 3709 3353; x_wconf 86' lang='lat' dir='ltr'><strong>insi-</strong></span> 
     </span>
    </p>
   </div>
   <div class='ocr_carea' id='block_1_79' title="bbox 2171 3390 3713 3464">
    <p class='ocr_par' dir='ltr' id='par_1_79' title="bbox 2171 3390 3713 3464">
     <span class='ocr_line' id='line_1_79' title="bbox 2171 3390 3713 3464; baseline -0.002 -19"><span class='ocrx_word' id='word_1_558' title='bbox 2171 3390 2273 3445; x_wconf 77' lang='lat' dir='ltr'><strong>diis</strong></span> <span class='ocrx_word' id='word_1_559' title='bbox 2294 3391 2548 3446; x_wconf 88' lang='lat' dir='ltr'><strong>reddatur</strong></span> <span class='ocrx_word' id='word_1_560' title='bbox 2576 3393 2802 3447; x_wconf 89' lang='lat' dir='ltr'><strong>alienus.</strong></span> <span class='ocrx_word' id='word_1_561' title='bbox 2837 3393 2898 3446; x_wconf 82' lang='lat' dir='ltr'><strong>Et</strong></span> <span class='ocrx_word' id='word_1_562' title='bbox 2928 3402 3051 3448; x_wconf 90' lang='lat' dir='ltr'><strong>nota</strong></span> <span class='ocrx_word' id='word_1_563' title='bbox 3081 3395 3230 3462; x_wconf 91' lang='lat' dir='ltr'><strong>quod</strong></span> <span class='ocrx_word' id='word_1_564' title='bbox 3263 3397 3314 3449; x_wconf 92' lang='lat' dir='ltr'><strong>in</strong></span> <span class='ocrx_word' id='word_1_565' title='bbox 3343 3394 3598 3464; x_wconf 59' lang='lat' dir='ltr'><strong>principiis</strong></span> <span class='ocrx_word' id='word_1_566' title='bbox 3620 3406 3713 3444; x_wconf 89' lang='lat' dir='ltr'><strong>am-</strong></span> 
     </span>
    </p>
   </div>
   <div class='ocr_carea' id='block_1_80' title="bbox 2173 3484 3711 3557">
    <p class='ocr_par' dir='ltr' id='par_1_80' title="bbox 2173 3484 3711 3557">
     <span class='ocr_line' id='line_1_80' title="bbox 2173 3484 3711 3557; baseline -0.004 -18"><span class='ocrx_word' id='word_1_567' title='bbox 2173 3486 2361 3539; x_wconf 90' lang='lat' dir='ltr'><strong>borum</strong></span> <span class='ocrx_word' id='word_1_568' title='bbox 2394 3499 2643 3539; x_wconf 89' lang='lat' dir='ltr'><strong>versuum</strong></span> <span class='ocrx_word' id='word_1_569' title='bbox 2670 3486 2856 3539; x_wconf 88' lang='lat' dir='ltr'><strong>eadem</strong></span> <span class='ocrx_word' id='word_1_570' title='bbox 2888 3486 3049 3541; x_wconf 91' lang='lat' dir='ltr'><strong>verba</strong></span> <span class='ocrx_word' id='word_1_571' title='bbox 3079 3489 3397 3557; x_wconf 85' lang='lat' dir='ltr'><strong>geminavit.</strong></span> <span class='ocrx_word' id='word_1_572' title='bbox 3430 3487 3549 3552; x_wconf 70' lang='lat' dir='ltr'><strong>Qum</strong></span> <span class='ocrx_word' id='word_1_573' title='bbox 3576 3484 3711 3552; x_wconf 80' lang='lat' dir='ltr'><strong>ﬁgura</strong></span> 
     </span>
    </p>
   </div>
   <div class='ocr_carea' id='block_1_81' title="bbox 2168 3573 3717 3649">
    <p class='ocr_par' dir='ltr' id='par_1_81' title="bbox 2168 3573 3717 3649">
     <span class='ocr_line' id='line_1_81' title="bbox 2168 3573 3717 3649; baseline -0.004 -18"><span class='ocrx_word' id='word_1_574' title='bbox 2168 3578 2362 3632; x_wconf 84' lang='lat' dir='ltr'><strong>dicitur</strong></span> <span class='ocrx_word' id='word_1_575' title='bbox 2392 3578 2686 3646; x_wconf 87' lang='lat' dir='ltr'><strong>anaphora,</strong></span> <span class='ocrx_word' id='word_1_576' title='bbox 2708 3592 2827 3647; x_wconf 75' lang='lat' dir='ltr'><strong>quae</strong></span> <span class='ocrx_word' id='word_1_577' title='bbox 2857 3578 3015 3633; x_wconf 89' lang='lat' dir='ltr'><strong>etiam</strong></span> <span class='ocrx_word' id='word_1_578' title='bbox 3042 3579 3097 3633; x_wconf 89' lang='lat' dir='ltr'><strong>in</strong></span> <span class='ocrx_word' id='word_1_579' title='bbox 3125 3579 3482 3649; x_wconf 89' lang='lat' dir='ltr'><strong>sequentibus</strong></span> <span class='ocrx_word' id='word_1_580' title='bbox 3510 3573 3717 3631; x_wconf 73' lang='lat' dir='ltr'><strong>versibus</strong></span> 
     </span>
    </p>
   </div>
   <div class='ocr_carea' id='block_1_82' title="bbox 2170 3668 2457 3723">
    <p class='ocr_par' dir='ltr' id='par_1_82' title="bbox 2170 3668 2457 3723">
     <span class='ocr_line' id='line_1_82' title="bbox 2170 3668 2457 3723; baseline -0.01 0"><span class='ocrx_word' id='word_1_581' title='bbox 2170 3668 2457 3723; x_wconf 89' lang='lat' dir='ltr'><strong>invenitur.</strong></span> 
     </span>
    </p>
   </div>
   <div class='ocr_carea' id='block_1_83' title="bbox 2239 3758 3717 3829">
    <p class='ocr_par' dir='ltr' id='par_1_83' title="bbox 2239 3758 3717 3829">
     <span class='ocr_line' id='line_1_83' title="bbox 2239 3758 3717 3829; baseline -0.005 -15"><span class='ocrx_word' id='word_1_582' title='bbox 2239 3760 2391 3814; x_wconf 84' lang='lat' dir='ltr'><strong>Vers.</strong></span> <span class='ocrx_word' id='word_1_583' title='bbox 2424 3760 2476 3812; x_wconf 92' lang='lat'><strong>8.</strong></span> <span class='ocrx_word' id='word_1_584' title='bbox 2503 3758 2703 3813; x_wconf 87' lang='lat' dir='ltr'><strong>Bonum</strong></span> <span class='ocrx_word' id='word_1_585' title='bbox 2732 3768 2805 3814; x_wconf 84' lang='lat' dir='ltr'><strong>est</strong></span> <span class='ocrx_word' id='word_1_586' title='bbox 2830 3761 3083 3829; x_wconf 71' lang='lat' dir='ltr'><strong>conﬁdere</strong></span> <span class='ocrx_word' id='word_1_587' title='bbox 3112 3762 3166 3815; x_wconf 89' lang='lat' dir='ltr'><strong>in</strong></span> <span class='ocrx_word' id='word_1_588' title='bbox 3196 3761 3420 3817; x_wconf 87' lang='lat' dir='ltr'><strong>Domino</strong></span> <span class='ocrx_word' id='word_1_589' title='bbox 3454 3774 3594 3828; x_wconf 85' lang='lat' dir='ltr'><strong>quant</strong></span> <span class='ocrx_word' id='word_1_590' title='bbox 3622 3771 3717 3808; x_wconf 85' lang='lat' dir='ltr'><strong>con-</strong></span> 
     </span>
    </p>
   </div>
   <div class='ocr_carea' id='block_1_84' title="bbox 2165 3850 3716 3921">
    <p class='ocr_par' dir='ltr' id='par_1_84' title="bbox 2165 3850 3716 3921">
     <span class='ocr_line' id='line_1_84' title="bbox 2165 3850 3716 3921; baseline -0.001 -18"><span class='ocrx_word' id='word_1_591' title='bbox 2165 3852 2322 3921; x_wconf 87' lang='lat' dir='ltr'><strong>ﬁdere</strong></span> <span class='ocrx_word' id='word_1_592' title='bbox 2348 3854 2399 3904; x_wconf 89' lang='lat' dir='ltr'><strong>in</strong></span> <span class='ocrx_word' id='word_1_593' title='bbox 2436 3850 2658 3906; x_wconf 84' lang='lat' dir='ltr'><strong>homine.</strong></span> <span class='ocrx_word' id='word_1_594' title='bbox 2700 3852 2934 3920; x_wconf 89' lang='lat' dir='ltr'><strong>Populus</strong></span> <span class='ocrx_word' id='word_1_595' title='bbox 2973 3853 3062 3907; x_wconf 89' lang='lat' dir='ltr'><strong>ille</strong></span> <span class='ocrx_word' id='word_1_596' title='bbox 3100 3854 3379 3909; x_wconf 89' lang='lat' dir='ltr'><strong>beatorum</strong></span> <span class='ocrx_word' id='word_1_597' title='bbox 3416 3854 3587 3907; x_wconf 85' lang='lat' dir='ltr'><strong>divino</strong></span> <span class='ocrx_word' id='word_1_598' title='bbox 3622 3864 3716 3901; x_wconf 89' lang='lat' dir='ltr'><strong>mu-</strong></span> 
     </span>
    </p>
   </div>
   <div class='ocr_carea' id='block_1_85' title="bbox 2167 3946 3714 4018">
    <p class='ocr_par' dir='ltr' id='par_1_85' title="bbox 2167 3946 3714 4018">
     <span class='ocr_line' id='line_1_85' title="bbox 2167 3946 3714 4018; baseline -0.003 -16"><span class='ocrx_word' id='word_1_599' title='bbox 2167 3963 2297 4003; x_wconf 88' lang='lat' dir='ltr'><strong>nere</strong></span> <span class='ocrx_word' id='word_1_600' title='bbox 2328 3947 2605 4014; x_wconf 88' lang='lat' dir='ltr'><strong>liberatus,</strong></span> <span class='ocrx_word' id='word_1_601' title='bbox 2635 3947 2864 4003; x_wconf 84' lang='lat' dir='ltr'><strong>ﬁdeliter</strong></span> <span class='ocrx_word' id='word_1_602' title='bbox 2886 3963 2948 4003; x_wconf 89' lang='lat' dir='ltr'><strong>ac</strong></span> <span class='ocrx_word' id='word_1_603' title='bbox 2979 3950 3063 4018; x_wconf 90' lang='lat' dir='ltr'><strong>pie</strong></span> <span class='ocrx_word' id='word_1_604' title='bbox 3093 3951 3299 4007; x_wconf 88' lang='lat' dir='ltr'><strong>docens</strong></span> <span class='ocrx_word' id='word_1_605' title='bbox 3318 3992 3334 4017; x_wconf 97' lang='lat'><strong>,</strong></span> <span class='ocrx_word' id='word_1_606' title='bbox 3376 3951 3517 4004; x_wconf 85' lang='lat' dir='ltr'><strong>venit</strong></span> <span class='ocrx_word' id='word_1_607' title='bbox 3554 3946 3612 4001; x_wconf 85' lang='lat' dir='ltr'><strong>ad</strong></span> <span class='ocrx_word' id='word_1_608' title='bbox 3646 3958 3714 3998; x_wconf 38' lang='lat' dir='ltr'><strong>ses</strong></span> 
     </span>
    </p>
   </div>
   <div class='ocr_carea' id='block_1_86' title="bbox 2166 4037 3716 4105">
    <p class='ocr_par' dir='ltr' id='par_1_86' title="bbox 2166 4037 3716 4105">
     <span class='ocr_line' id='line_1_86' title="bbox 2166 4037 3716 4105; baseline -0.006 -11"><span class='ocrx_word' id='word_1_609' title='bbox 2166 4039 2394 4094; x_wconf 75' lang='lat' dir='ltr'><strong>cundum</strong></span> <span class='ocrx_word' id='word_1_610' title='bbox 2426 4040 2740 4103; x_wconf 89' lang='lat' dir='ltr'><strong>sectionem,</strong></span> <span class='ocrx_word' id='word_1_611' title='bbox 2781 4039 2965 4095; x_wconf 89' lang='lat' dir='ltr'><strong>dicens</strong></span> <span class='ocrx_word' id='word_1_612' title='bbox 2992 4059 3004 4092; x_wconf 90' lang='lat'>:</span> <span class='ocrx_word' id='word_1_613' title='bbox 3038 4041 3096 4095; x_wconf 82' lang='grc' dir='ltr'><strong>ιιι</strong></span> <span class='ocrx_word' id='word_1_614' title='bbox 3130 4042 3244 4096; x_wconf 91' lang='lat' dir='ltr'><strong>Deo</strong></span> <span class='ocrx_word' id='word_1_615' title='bbox 3276 4042 3413 4105; x_wconf 89' lang='lat' dir='ltr'><strong>solo,</strong></span> <span class='ocrx_word' id='word_1_616' title='bbox 3448 4056 3545 4093; x_wconf 92' lang='lat' dir='ltr'><strong>non</strong></span> <span class='ocrx_word' id='word_1_617' title='bbox 3575 4040 3621 4089; x_wconf 88' lang='lat' dir='ltr'><strong>in</strong></span> <span class='ocrx_word' id='word_1_618' title='bbox 3646 4037 3716 4086; x_wconf 80' lang='lat' dir='ltr'><strong>lto-</strong></span> 
     </span>
    </p>
   </div>
   <div class='ocr_carea' id='block_1_87' title="bbox 2170 4127 3715 4202">
    <p class='ocr_par' dir='ltr' id='par_1_87' title="bbox 2170 4127 3715 4202">
     <span class='ocr_line' id='line_1_87' title="bbox 2170 4127 3715 4202; baseline -0.001 -22"><span class='ocrx_word' id='word_1_619' title='bbox 2170 4129 2301 4182; x_wconf 88' lang='lat' dir='ltr'><strong>mine</strong></span> <span class='ocrx_word' id='word_1_620' title='bbox 2355 4129 2764 4197; x_wconf 83' lang='lat' dir='ltr'><strong>conﬁdendum;</strong></span> <span class='ocrx_word' id='word_1_621' title='bbox 2824 4130 2876 4183; x_wconf 90' lang='lat' dir='ltr'><strong>in</strong></span> <span class='ocrx_word' id='word_1_622' title='bbox 2935 4130 3025 4184; x_wconf 91' lang='lat' dir='ltr'><strong>illo</strong></span> <span class='ocrx_word' id='word_1_623' title='bbox 3074 4133 3288 4187; x_wconf 88' lang='lat' dir='ltr'><strong>scilicet</strong></span> <span class='ocrx_word' id='word_1_624' title='bbox 3340 4132 3433 4202; x_wconf 86' lang='lat' dir='ltr'><strong>qui</strong></span> <span class='ocrx_word' id='word_1_625' title='bbox 3490 4127 3715 4185; x_wconf 79' lang='lat' dir='ltr'><strong>veraciter</strong></span> 
     </span>
    </p>
   </div>
   <div class='ocr_carea' id='block_1_88' title="bbox 2168 4208 3718 4290">
    <p class='ocr_par' dir='ltr' id='par_1_88' title="bbox 2168 4208 3718 4290">
     <span class='ocr_line' id='line_1_88' title="bbox 2168 4208 3718 4290; baseline -0.001 -20"><span class='ocrx_word' id='word_1_626' title='bbox 2168 4218 2451 4287; x_wconf 89' lang='lat' dir='ltr'><strong>promittit,</strong></span> <span class='ocrx_word' id='word_1_627' title='bbox 2500 4208 2696 4271; x_wconf 90' lang='lat' dir='ltr'><strong>nonin</strong></span> <span class='ocrx_word' id='word_1_628' title='bbox 2742 4220 2842 4274; x_wconf 92' lang='lat' dir='ltr'><strong>isto</strong></span> <span class='ocrx_word' id='word_1_629' title='bbox 2891 4220 2979 4289; x_wconf 90' lang='lat' dir='ltr'><strong>qui</strong></span> <span class='ocrx_word' id='word_1_630' title='bbox 3026 4222 3199 4275; x_wconf 75' lang='lat' dir='ltr'><strong>fallaci</strong></span> <span class='ocrx_word' id='word_1_631' title='bbox 3231 4222 3639 4290; x_wconf 73' lang='lat' dir='ltr'><strong>praesumptione</strong></span> <span class='ocrx_word' id='word_1_632' title='bbox 3671 4230 3718 4269; x_wconf 87' lang='lat' dir='ltr'><strong>sc</strong></span> 
     </span>
    </p>
   </div>
   <div class='ocr_carea' id='block_1_89' title="bbox 2167 4305 3718 4380">
    <p class='ocr_par' dir='ltr' id='par_1_89' title="bbox 2167 4305 3718 4380">
     <span class='ocr_line' id='line_1_89' title="bbox 2167 4305 3718 4380; baseline 0.003 -18"><span class='ocrx_word' id='word_1_633' title='bbox 2167 4308 2382 4377; x_wconf 89' lang='lat' dir='ltr'><strong>decipit.</strong></span> <span class='ocrx_word' id='word_1_634' title='bbox 2416 4308 2608 4374; x_wconf 88' lang='lat' dir='ltr'><strong>Quanti</strong></span> <span class='ocrx_word' id='word_1_635' title='bbox 2637 4309 2777 4362; x_wconf 90' lang='lat' dir='ltr'><strong>enim</strong></span> <span class='ocrx_word' id='word_1_636' title='bbox 2806 4310 2952 4363; x_wconf 88' lang='lat' dir='ltr'><strong>stulti</strong></span> <span class='ocrx_word' id='word_1_637' title='bbox 2985 4309 3210 4365; x_wconf 88' lang='lat' dir='ltr'><strong>dicunt:</strong></span> <span class='ocrx_word' id='word_1_638' title='bbox 3246 4312 3408 4367; x_wconf 85' lang='lat' dir='ltr'><strong>Facio</strong></span> <span class='ocrx_word' id='word_1_639' title='bbox 3445 4310 3574 4380; x_wconf 88' lang='lat' dir='ltr'><strong>quod</strong></span> <span class='ocrx_word' id='word_1_640' title='bbox 3604 4305 3718 4366; x_wconf 67' lang='lat' dir='ltr'><strong>volo.</strong></span> 
     </span>
    </p>
   </div>
   <div class='ocr_carea' id='block_1_90' title="bbox 558 4385 3721 4472">
    <p class='ocr_par' dir='ltr' id='par_1_90' title="bbox 558 4385 3721 4472">
     <span class='ocr_line' id='line_1_90' title="bbox 558 4385 3721 4472; baseline -0 -17"><span class='ocrx_word' id='word_1_641' title='bbox 558 4401 713 4455; x_wconf 85' lang='lat' dir='ltr'><strong>Vers.</strong></span> <span class='ocrx_word' id='word_1_642' title='bbox 740 4402 795 4455; x_wconf 76' lang='lat'><strong>2.</strong></span> <span class='ocrx_word' id='word_1_643' title='bbox 820 4400 971 4454; x_wconf 87' lang='lat' dir='ltr'><strong>Dicat</strong></span> <span class='ocrx_word' id='word_1_644' title='bbox 1002 4417 1137 4454; x_wconf 90' lang='lat' dir='ltr'><strong>nunc</strong></span> <span class='ocrx_word' id='word_1_645' title='bbox 1161 4400 1326 4455; x_wconf 83' lang='lat' dir='ltr'><strong>Israel</strong></span> <span class='ocrx_word' id='word_1_646' title='bbox 1350 4402 1590 4472; x_wconf 86' lang='lat' dir='ltr'><strong>quoniam</strong></span> <span class='ocrx_word' id='word_1_647' title='bbox 1618 4401 1799 4466; x_wconf 83' lang='lat' dir='ltr'><strong>bonus,</strong></span> <span class='ocrx_word' id='word_1_648' title='bbox 1823 4401 2060 4469; x_wconf 88' lang='lat' dir='ltr'><strong>quoniam</strong></span> <span class='ocrx_word' id='word_1_649' title='bbox 2091 4385 2142 4444; x_wconf 86' lang='grc' dir='ltr'><strong>Ῑ)</strong></span> <span class='ocrx_word' id='word_1_650' title='bbox 2166 4413 2265 4452; x_wconf 90' lang='lat' dir='ltr'><strong>nec</strong></span> <span class='ocrx_word' id='word_1_651' title='bbox 2293 4398 2566 4452; x_wconf 86' lang='lat' dir='ltr'><strong>dominum</strong></span> <span class='ocrx_word' id='word_1_652' title='bbox 2601 4414 2731 4453; x_wconf 75' lang='lat' dir='ltr'><strong>mea:</strong></span> <span class='ocrx_word' id='word_1_653' title='bbox 2770 4400 3052 4455; x_wconf 86' lang='lat' dir='ltr'><strong>voluntatis</strong></span> <span class='ocrx_word' id='word_1_654' title='bbox 3082 4403 3262 4457; x_wconf 89' lang='lat' dir='ltr'><strong>habeo</strong></span> <span class='ocrx_word' id='word_1_655' title='bbox 3282 4444 3297 4468; x_wconf 93' lang='lat'><strong>,</strong></span> <span class='ocrx_word' id='word_1_656' title='bbox 3348 4412 3584 4471; x_wconf 86' lang='lat' dir='ltr'><strong>putantes</strong></span> <span class='ocrx_word' id='word_1_657' title='bbox 3623 4396 3721 4463; x_wconf 74' lang='lat' dir='ltr'><strong>auia</strong></span> 
     </span>
    </p>
   </div>
   <div class='ocr_carea' id='block_1_91' title="bbox 489 4490 1342 4561">
    <p class='ocr_par' dir='ltr' id='par_1_91' title="bbox 489 4490 1342 4561">
     <span class='ocr_line' id='line_1_91' title="bbox 489 4490 1342 4561; baseline 0.002 -21"><span class='ocrx_word' id='word_1_658' title='bbox 489 4490 543 4542; x_wconf 87' lang='lat' dir='ltr'><strong>in</strong></span> <span class='ocrx_word' id='word_1_659' title='bbox 570 4490 813 4542; x_wconf 75' lang='lat' dir='ltr'><strong>swculum</strong></span> <span class='ocrx_word' id='word_1_660' title='bbox 837 4490 1182 4543; x_wconf 85' lang='lat' dir='ltr'><strong>misericordia</strong></span> <span class='ocrx_word' id='word_1_661' title='bbox 1211 4492 1342 4561; x_wconf 87' lang='lat' dir='ltr'><strong>ejus.</strong></span> 
     </span>
    </p>
   </div>
   <div class='ocr_carea' id='block_1_92' title="bbox 560 4573 2059 4647">
    <p class='ocr_par' dir='ltr' id='par_1_92' title="bbox 560 4573 2059 4647">
     <span class='ocr_line' id='line_1_92' title="bbox 560 4573 2059 4647; baseline 0.002 -17"><span class='ocrx_word' id='word_1_662' title='bbox 560 4573 713 4630; x_wconf 82' lang='lat' dir='ltr'><strong>Vers.</strong></span> <span class='ocrx_word' id='word_1_663' title='bbox 742 4578 796 4632; x_wconf 77' lang='lat'><strong>3.</strong></span> <span class='ocrx_word' id='word_1_664' title='bbox 830 4575 979 4629; x_wconf 85' lang='lat' dir='ltr'><strong>Dicat</strong></span> <span class='ocrx_word' id='word_1_665' title='bbox 1007 4593 1140 4630; x_wconf 88' lang='lat' dir='ltr'><strong>nunc</strong></span> <span class='ocrx_word' id='word_1_666' title='bbox 1176 4577 1356 4631; x_wconf 83' lang='lat' dir='ltr'><strong>domus</strong></span> <span class='ocrx_word' id='word_1_667' title='bbox 1400 4575 1572 4632; x_wconf 79' lang='lat' dir='ltr'><strong>Aaron</strong></span> <span class='ocrx_word' id='word_1_668' title='bbox 1603 4578 1840 4647; x_wconf 86' lang='lat' dir='ltr'><strong>quoniam</strong></span> <span class='ocrx_word' id='word_1_669' title='bbox 1879 4579 2059 4643; x_wconf 86' lang='lat' dir='ltr'><strong>bonus,</strong></span> 
     </span>
    </p>
   </div>
   <div class='ocr_carea' id='block_1_93' title="bbox 491 4665 1608 4740">
    <p class='ocr_par' dir='ltr' id='par_1_93' title="bbox 491 4665 1608 4740">
     <span class='ocr_line' id='line_1_93' title="bbox 491 4665 1608 4740; baseline 0.004 -22"><span class='ocrx_word' id='word_1_670' title='bbox 491 4665 730 4735; x_wconf 86' lang='lat' dir='ltr'><strong>quoniam</strong></span> <span class='ocrx_word' id='word_1_671' title='bbox 759 4668 813 4721; x_wconf 89' lang='lat' dir='ltr'><strong>in</strong></span> <span class='ocrx_word' id='word_1_672' title='bbox 837 4667 1081 4721; x_wconf 61' lang='lat' dir='ltr'><strong>sarculum</strong></span> <span class='ocrx_word' id='word_1_673' title='bbox 1104 4668 1449 4722; x_wconf 84' lang='lat' dir='ltr'><strong>misericordia</strong></span> <span class='ocrx_word' id='word_1_674' title='bbox 1476 4673 1608 4740; x_wconf 87' lang='lat' dir='ltr'><strong>ejus.</strong></span> 
     </span>
    </p>
   </div>
   <div class='ocr_carea' id='block_1_94' title="bbox 563 4756 2066 4830">
    <p class='ocr_par' dir='ltr' id='par_1_94' title="bbox 563 4756 2066 4830">
     <span class='ocr_line' id='line_1_94' title="bbox 563 4756 2066 4830; baseline 0.002 -19"><span class='ocrx_word' id='word_1_675' title='bbox 563 4756 718 4811; x_wconf 87' lang='lat' dir='ltr'><strong>Vers.</strong></span> <span class='ocrx_word' id='word_1_676' title='bbox 744 4756 798 4813; x_wconf 73' lang='grc'><strong>4.</strong></span> <span class='ocrx_word' id='word_1_677' title='bbox 833 4756 1015 4812; x_wconf 85' lang='lat' dir='ltr'><strong>Dicant</strong></span> <span class='ocrx_word' id='word_1_678' title='bbox 1044 4775 1180 4812; x_wconf 89' lang='lat' dir='ltr'><strong>nunc</strong></span> <span class='ocrx_word' id='word_1_679' title='bbox 1216 4775 1386 4813; x_wconf 87' lang='lat' dir='ltr'><strong>omnes</strong></span> <span class='ocrx_word' id='word_1_680' title='bbox 1423 4760 1513 4830; x_wconf 88' lang='lat' dir='ltr'><strong>qui</strong></span> <span class='ocrx_word' id='word_1_681' title='bbox 1561 4760 1733 4814; x_wconf 85' lang='lat' dir='ltr'><strong>timent</strong></span> <span class='ocrx_word' id='word_1_682' title='bbox 1784 4759 2066 4815; x_wconf 89' lang='lat' dir='ltr'><strong>Dominum</strong></span> 
     </span>
    </p>
   </div>
   <div class='ocr_carea' id='block_1_95' title="bbox 490 4850 2061 4927">
    <p class='ocr_par' dir='ltr' id='par_1_95' title="bbox 490 4850 2061 4927">
     <span class='ocr_line' id='line_1_95' title="bbox 490 4850 2061 4927; baseline 0.006 -24"><span class='ocrx_word' id='word_1_683' title='bbox 490 4850 733 4921; x_wconf 86' lang='lat' dir='ltr'><strong>quoniam</strong></span> <span class='ocrx_word' id='word_1_684' title='bbox 751 4851 929 4918; x_wconf 86' lang='lat' dir='ltr'><strong>bonus,</strong></span> <span class='ocrx_word' id='word_1_685' title='bbox 951 4853 1188 4920; x_wconf 87' lang='lat' dir='ltr'><strong>quoniam</strong></span> <span class='ocrx_word' id='word_1_686' title='bbox 1214 4853 1268 4907; x_wconf 85' lang='lat' dir='ltr'><strong>in</strong></span> <span class='ocrx_word' id='word_1_687' title='bbox 1290 4854 1534 4909; x_wconf 64' lang='lat' dir='ltr'><strong>secutum</strong></span> <span class='ocrx_word' id='word_1_688' title='bbox 1557 4856 1907 4909; x_wconf 85' lang='lat' dir='ltr'><strong>misericordia</strong></span> <span class='ocrx_word' id='word_1_689' title='bbox 1928 4860 2061 4927; x_wconf 85' lang='lat' dir='ltr'><strong>ejus.</strong></span> 
     </span>
    </p>
   </div>
   <div class='ocr_carea' id='block_1_96' title="bbox 492 4938 2064 5017">
    <p class='ocr_par' dir='ltr' id='par_1_96' title="bbox 492 4938 2064 5017">
     <span class='ocr_line' id='line_1_96' title="bbox 492 4938 2064 5017; baseline 0.004 -19"><span class='ocrx_word' id='word_1_690' title='bbox 492 4938 624 4998; x_wconf 89' lang='lat' dir='ltr'><strong>Cum</strong></span> <span class='ocrx_word' id='word_1_691' title='bbox 652 4942 704 4995; x_wconf 91' lang='lat' dir='ltr'><strong>in</strong></span> <span class='ocrx_word' id='word_1_692' title='bbox 727 4940 810 4998; x_wconf 87' lang='lat' dir='ltr'><strong>his</strong></span> <span class='ocrx_word' id='word_1_693' title='bbox 841 4944 1083 5000; x_wconf 77' lang='lat' dir='ltr'><strong>versibus</strong></span> <span class='ocrx_word' id='word_1_694' title='bbox 1114 4944 1358 5015; x_wconf 85' lang='lat' dir='ltr'><strong>legantur</strong></span> <span class='ocrx_word' id='word_1_695' title='bbox 1380 4946 1584 5001; x_wconf 85' lang='lat' dir='ltr'><strong>similes</strong></span> <span class='ocrx_word' id='word_1_696' title='bbox 1606 4945 1761 5012; x_wconf 84' lang='lat' dir='ltr'><strong>ﬁnes,</strong></span> <span class='ocrx_word' id='word_1_697' title='bbox 1787 4949 2064 5017; x_wconf 63' lang='lat' dir='ltr'><strong>praemissa</strong></span> 
     </span>
    </p>
   </div>
   <div class='ocr_carea' id='block_1_97' title="bbox 492 5034 2065 5109">
    <p class='ocr_par' dir='ltr' id='par_1_97' title="bbox 492 5034 2065 5109">
     <span class='ocr_line' id='line_1_97' title="bbox 492 5034 2065 5109; baseline 0.004 -19"><span class='ocrx_word' id='word_1_698' title='bbox 492 5047 586 5090; x_wconf 87' lang='lat' dir='ltr'><strong>eos</strong></span> <span class='ocrx_word' id='word_1_699' title='bbox 613 5034 876 5103; x_wconf 81' lang='lat' dir='ltr'><strong>expositio</strong></span> <span class='ocrx_word' id='word_1_700' title='bbox 911 5045 1275 5105; x_wconf 88' lang='lat' dir='ltr'><strong>competenter</strong></span> <span class='ocrx_word' id='word_1_701' title='bbox 1312 5038 1669 5109; x_wconf 89' lang='lat' dir='ltr'><strong>amplectitur.</strong></span> <span class='ocrx_word' id='word_1_702' title='bbox 1697 5038 1843 5103; x_wconf 58' lang='lat' dir='ltr'><strong>,lllud</strong></span> <span class='ocrx_word' id='word_1_703' title='bbox 1886 5049 2065 5096; x_wconf 88' lang='lat' dir='ltr'><strong>tamen</strong></span> 
     </span>
    </p>
   </div>
   <div class='ocr_carea' id='block_1_98' title="bbox 492 5126 2071 5202">
    <p class='ocr_par' dir='ltr' id='par_1_98' title="bbox 492 5126 2071 5202">
     <span class='ocr_line' id='line_1_98' title="bbox 492 5126 2071 5202; baseline 0.003 -17"><span class='ocrx_word' id='word_1_704' title='bbox 492 5126 649 5185; x_wconf 81' lang='lat' dir='ltr'><strong>altius</strong></span> <span class='ocrx_word' id='word_1_705' title='bbox 695 5130 1137 5197; x_wconf 83' lang='lat' dir='ltr'><strong>perscrutandum</strong></span> <span class='ocrx_word' id='word_1_706' title='bbox 1166 5139 1267 5197; x_wconf 89' lang='lat' dir='ltr'><strong>est,</strong></span> <span class='ocrx_word' id='word_1_707' title='bbox 1296 5145 1394 5187; x_wconf 89' lang='lat' dir='ltr'><strong>cur</strong></span> <span class='ocrx_word' id='word_1_708' title='bbox 1423 5134 1477 5188; x_wconf 91' lang='lat' dir='ltr'><strong>in</strong></span> <span class='ocrx_word' id='word_1_709' title='bbox 1509 5133 1788 5202; x_wconf 90' lang='lat' dir='ltr'><strong>principiis</strong></span> <span class='ocrx_word' id='word_1_710' title='bbox 1817 5148 2071 5198; x_wconf 83' lang='lat' dir='ltr'><strong>versuum</strong></span> 
     </span>
    </p>
   </div>
   <div class='ocr_carea' id='block_1_99' title="bbox 495 5219 2066 5291">
    <p class='ocr_par' dir='ltr' id='par_1_99' title="bbox 495 5219 2066 5291">
     <span class='ocr_line' id='line_1_99' title="bbox 495 5219 2066 5291; baseline 0.005 -21"><span class='ocrx_word' id='word_1_711' title='bbox 495 5226 695 5271; x_wconf 90' lang='lat' dir='ltr'><strong>tantum</strong></span> <span class='ocrx_word' id='word_1_712' title='bbox 726 5219 940 5273; x_wconf 88' lang='lat' dir='ltr'><strong>nomina</strong></span> <span class='ocrx_word' id='word_1_713' title='bbox 962 5220 1204 5277; x_wconf 85' lang='lat' dir='ltr'><strong>variavit.</strong></span> <span class='ocrx_word' id='word_1_714' title='bbox 1229 5222 1319 5276; x_wconf 86' lang='lat' dir='ltr'><strong>Ait</strong></span> <span class='ocrx_word' id='word_1_715' title='bbox 1340 5223 1482 5277; x_wconf 90' lang='lat' dir='ltr'><strong>enim</strong></span> <span class='ocrx_word' id='word_1_716' title='bbox 1509 5238 1524 5277; x_wconf 88' lang='lat'><strong>:</strong></span> <span class='ocrx_word' id='word_1_717' title='bbox 1554 5223 1705 5277; x_wconf 85' lang='lat' dir='ltr'><strong>Dicat</strong></span> <span class='ocrx_word' id='word_1_718' title='bbox 1727 5240 1859 5276; x_wconf 91' lang='lat' dir='ltr'><strong>nunc</strong></span> <span class='ocrx_word' id='word_1_719' title='bbox 1881 5223 2066 5291; x_wconf 84' lang='lat' dir='ltr'><strong>Israel,</strong></span> 
     </span>
    </p>
   </div>
   <div class='ocr_carea' id='block_1_100' title="bbox 493 5310 2069 5382">
    <p class='ocr_par' dir='ltr' id='par_1_100' title="bbox 493 5310 2069 5382">
     <span class='ocr_line' id='line_1_100' title="bbox 493 5310 2069 5382; baseline 0.005 -22"><span class='ocrx_word' id='word_1_720' title='bbox 493 5310 630 5380; x_wconf 88' lang='lat' dir='ltr'><strong>quod</strong></span> <span class='ocrx_word' id='word_1_721' title='bbox 679 5318 841 5365; x_wconf 90' lang='lat' dir='ltr'><strong>totum</strong></span> <span class='ocrx_word' id='word_1_722' title='bbox 901 5312 1152 5381; x_wconf 89' lang='lat' dir='ltr'><strong>populum</strong></span> <span class='ocrx_word' id='word_1_723' title='bbox 1210 5312 1925 5382; x_wconf 78' lang='lat' dir='ltr'><strong>complectiturbeatorum.</strong></span> <span class='ocrx_word' id='word_1_724' title='bbox 1970 5313 2069 5370; x_wconf 83' lang='lat' dir='ltr'><strong>Se-</strong></span> 
     </span>
    </p>
   </div>
   <div class='ocr_carea' id='block_1_101' title="bbox 492 5398 2070 5477">
    <p class='ocr_par' dir='ltr' id='par_1_101' title="bbox 492 5398 2070 5477">
     <span class='ocr_line' id='line_1_101' title="bbox 492 5398 2070 5477; baseline 0.004 -25"><span class='ocrx_word' id='word_1_725' title='bbox 492 5398 667 5452; x_wconf 91' lang='lat' dir='ltr'><strong>cundo</strong></span> <span class='ocrx_word' id='word_1_726' title='bbox 696 5414 852 5454; x_wconf 86' lang='lat' dir='ltr'><strong>versu</strong></span> <span class='ocrx_word' id='word_1_727' title='bbox 882 5400 1115 5469; x_wconf 88' lang='lat' dir='ltr'><strong>ponitur,</strong></span> <span class='ocrx_word' id='word_1_728' title='bbox 1143 5400 1292 5455; x_wconf 83' lang='lat' dir='ltr'><strong>Dicat</strong></span> <span class='ocrx_word' id='word_1_729' title='bbox 1320 5419 1453 5456; x_wconf 86' lang='lat' dir='ltr'><strong>nunc</strong></span> <span class='ocrx_word' id='word_1_730' title='bbox 1483 5403 1662 5456; x_wconf 88' lang='lat' dir='ltr'><strong>domus</strong></span> <span class='ocrx_word' id='word_1_731' title='bbox 1694 5404 1886 5471; x_wconf 81' lang='lat' dir='ltr'><strong>Aaron,</strong></span> <span class='ocrx_word' id='word_1_732' title='bbox 1914 5404 2070 5477; x_wconf 82' lang='lat' dir='ltr'><strong>signi-</strong></span> 
     </span>
    </p>
   </div>
   <div class='ocr_carea' id='block_1_102' title="bbox 492 5484 2069 5561">
    <p class='ocr_par' dir='ltr' id='par_1_102' title="bbox 492 5484 2069 5561">
     <span class='ocr_line' id='line_1_102' title="bbox 492 5484 2069 5561; baseline 0.006 -21"><span class='ocrx_word' id='word_1_733' title='bbox 492 5484 657 5541; x_wconf 79' lang='lat' dir='ltr'><strong>ﬁcans</strong></span> <span class='ocrx_word' id='word_1_734' title='bbox 685 5489 1009 5556; x_wconf 79' lang='lat' dir='ltr'><strong>sacerdotes,</strong></span> <span class='ocrx_word' id='word_1_735' title='bbox 1037 5505 1170 5559; x_wconf 91' lang='lat' dir='ltr'><strong>quos</strong></span> <span class='ocrx_word' id='word_1_736' title='bbox 1202 5502 1415 5561; x_wconf 87' lang='lat' dir='ltr'><strong>pr0pter</strong></span> <span class='ocrx_word' id='word_1_737' title='bbox 1454 5492 1671 5549; x_wconf 89' lang='lat' dir='ltr'><strong>honoris</strong></span> <span class='ocrx_word' id='word_1_738' title='bbox 1698 5494 1780 5548; x_wconf 85' lang='lat' dir='ltr'><strong>sui</strong></span> <span class='ocrx_word' id='word_1_739' title='bbox 1814 5509 2069 5550; x_wconf 84' lang='lat' dir='ltr'><strong>reveren-</strong></span> 
     </span>
    </p>
   </div>
   <div class='ocr_carea' id='block_1_103' title="bbox 496 5576 2068 5648">
    <p class='ocr_par' dir='ltr' id='par_1_103' title="bbox 496 5576 2068 5648">
     <span class='ocr_line' id='line_1_103' title="bbox 496 5576 2068 5648; baseline 0.006 -18"><span class='ocrx_word' id='word_1_740' title='bbox 496 5576 620 5631; x_wconf 87' lang='lat' dir='ltr'><strong>tiam</strong></span> <span class='ocrx_word' id='word_1_741' title='bbox 643 5580 973 5648; x_wconf 83' lang='lat' dir='ltr'><strong>singulariter</strong></span> <span class='ocrx_word' id='word_1_742' title='bbox 994 5582 1278 5636; x_wconf 71' lang='lat' dir='ltr'><strong>restimavit</strong></span> <span class='ocrx_word' id='word_1_743' title='bbox 1302 5598 1419 5639; x_wconf 89' lang='lat' dir='ltr'><strong>esse</strong></span> <span class='ocrx_word' id='word_1_744' title='bbox 1441 5585 1833 5641; x_wconf 84' lang='lat' dir='ltr'><strong>memorandus.</strong></span> <span class='ocrx_word' id='word_1_745' title='bbox 1856 5585 2068 5641; x_wconf 88' lang='lat' dir='ltr'><strong>Tertius</strong></span> 
     </span>
    </p>
   </div>
   <div class='ocr_carea' id='block_1_104' title="bbox 494 5671 2070 5746">
    <p class='ocr_par' dir='ltr' id='par_1_104' title="bbox 494 5671 2070 5746">
     <span class='ocr_line' id='line_1_104' title="bbox 494 5671 2070 5746; baseline 0.008 -28"><span class='ocrx_word' id='word_1_746' title='bbox 494 5679 705 5737; x_wconf 84' lang='lat' dir='ltr'><strong>quoque</strong></span> <span class='ocrx_word' id='word_1_747' title='bbox 734 5685 916 5725; x_wconf 84' lang='lat' dir='ltr'><strong>versus</strong></span> <span class='ocrx_word' id='word_1_748' title='bbox 944 5672 1017 5725; x_wconf 85' lang='lat' dir='ltr'><strong>ait</strong></span> <span class='ocrx_word' id='word_1_749' title='bbox 1040 5688 1052 5725; x_wconf 90' lang='lat'><strong>:</strong></span> <span class='ocrx_word' id='word_1_750' title='bbox 1088 5671 1271 5726; x_wconf 87' lang='lat' dir='ltr'><strong>Dicant</strong></span> <span class='ocrx_word' id='word_1_751' title='bbox 1300 5691 1432 5730; x_wconf 86' lang='lat' dir='ltr'><strong>nunc</strong></span> <span class='ocrx_word' id='word_1_752' title='bbox 1455 5690 1626 5730; x_wconf 79' lang='lat' dir='ltr'><strong>omnes</strong></span> <span class='ocrx_word' id='word_1_753' title='bbox 1653 5676 1738 5746; x_wconf 86' lang='lat' dir='ltr'><strong>qui</strong></span> <span class='ocrx_word' id='word_1_754' title='bbox 1765 5679 1940 5731; x_wconf 86' lang='lat' dir='ltr'><strong>timent</strong></span> <span class='ocrx_word' id='word_1_755' title='bbox 1967 5675 2070 5730; x_wconf 88' lang='lat' dir='ltr'><strong>Do-</strong></span> 
     </span>
    </p>
   </div>
   <div class='ocr_carea' id='block_1_105' title="bbox 2170 4490 3722 4564">
    <p class='ocr_par' dir='ltr' id='par_1_105' title="bbox 2170 4490 3722 4564">
     <span class='ocr_line' id='line_1_105' title="bbox 2170 4490 3722 4564; baseline -0.005 -20"><span class='ocrx_word' id='word_1_756' title='bbox 2170 4506 2264 4559; x_wconf 88' lang='lat' dir='ltr'><strong>pcr</strong></span> <span class='ocrx_word' id='word_1_757' title='bbox 2289 4490 2565 4543; x_wconf 88' lang='lat' dir='ltr'><strong>arbitrium</strong></span> <span class='ocrx_word' id='word_1_758' title='bbox 2608 4490 2836 4545; x_wconf 90' lang='lat' dir='ltr'><strong>liberum</strong></span> <span class='ocrx_word' id='word_1_759' title='bbox 2868 4492 3069 4547; x_wconf 89' lang='lat' dir='ltr'><strong>utilitas</strong></span> <span class='ocrx_word' id='word_1_760' title='bbox 3104 4495 3177 4547; x_wconf 90' lang='lat' dir='ltr'><strong>sit</strong></span> <span class='ocrx_word' id='word_1_761' title='bbox 3205 4494 3527 4564; x_wconf 81' lang='lat' dir='ltr'><strong>explicanda</strong></span> <span class='ocrx_word' id='word_1_762' title='bbox 3555 4496 3722 4544; x_wconf 87' lang='lat' dir='ltr'><strong>morta-</strong></span> 
     </span>
    </p>
   </div>
   <div class='ocr_carea' id='block_1_106' title="bbox 2169 4581 3720 4653">
    <p class='ocr_par' dir='ltr' id='par_1_106' title="bbox 2169 4581 3720 4653">
     <span class='ocr_line' id='line_1_106' title="bbox 2169 4581 3720 4653; baseline 0.001 -18"><span class='ocrx_word' id='word_1_763' title='bbox 2169 4581 2297 4635; x_wconf 90' lang='lat' dir='ltr'><strong>lium</strong></span> <span class='ocrx_word' id='word_1_764' title='bbox 2328 4599 2341 4647; x_wconf 88' lang='lat'><strong>;</strong></span> <span class='ocrx_word' id='word_1_765' title='bbox 2374 4597 2508 4651; x_wconf 87' lang='lat' dir='ltr'><strong>quos</strong></span> <span class='ocrx_word' id='word_1_766' title='bbox 2537 4584 2711 4651; x_wconf 88' lang='lat' dir='ltr'><strong>arguit</strong></span> <span class='ocrx_word' id='word_1_767' title='bbox 2734 4583 2963 4639; x_wconf 81' lang='lat' dir='ltr'><strong>lacubus</strong></span> <span class='ocrx_word' id='word_1_768' title='bbox 2993 4586 3276 4653; x_wconf 87' lang='lat' dir='ltr'><strong>apostolus</strong></span> <span class='ocrx_word' id='word_1_769' title='bbox 3305 4588 3529 4641; x_wconf 88' lang='lat' dir='ltr'><strong>dicens:</strong></span> <span class='ocrx_word' id='word_1_770' title='bbox 3561 4582 3720 4635; x_wconf 71' lang='lat' dir='ltr'><strong>Nonus</strong></span> 
     </span>
    </p>
   </div>
   <div class='ocr_carea' id='block_1_107' title="bbox 2168 4674 3718 4745">
    <p class='ocr_par' dir='ltr' id='par_1_107' title="bbox 2168 4674 3718 4745">
     <span class='ocr_line' id='line_1_107' title="bbox 2168 4674 3718 4745; baseline -0.003 -17"><span class='ocrx_word' id='word_1_771' title='bbox 2168 4690 2230 4729; x_wconf 72' lang='lat' dir='ltr'><strong>ea:</strong></span> <span class='ocrx_word' id='word_1_772' title='bbox 2257 4676 2673 4745; x_wconf 80' lang='lat' dir='ltr'><strong>concupiscentiis</strong></span> <span class='ocrx_word' id='word_1_773' title='bbox 2702 4677 2873 4729; x_wconf 87' lang='lat' dir='ltr'><strong>vestris</strong></span> <span class='ocrx_word' id='word_1_774' title='bbox 2902 4677 3106 4731; x_wconf 82' lang='lat' dir='ltr'><strong>dicitis:</strong></span> <span class='ocrx_word' id='word_1_775' title='bbox 3143 4676 3277 4732; x_wconf 87' lang='lat' dir='ltr'><strong>Cras</strong></span> <span class='ocrx_word' id='word_1_776' title='bbox 3308 4680 3492 4732; x_wconf 84' lang='lat' dir='ltr'><strong>ibimus</strong></span> <span class='ocrx_word' id='word_1_777' title='bbox 3518 4678 3565 4729; x_wconf 86' lang='lat' dir='ltr'><strong>in</strong></span> <span class='ocrx_word' id='word_1_778' title='bbox 3593 4674 3718 4727; x_wconf 84' lang='lat' dir='ltr'><strong>illam</strong></span> 
     </span>
    </p>
   </div>
   <div class='ocr_carea' id='block_1_108' title="bbox 2167 4767 3721 4839">
    <p class='ocr_par' dir='ltr' id='par_1_108' title="bbox 2167 4767 3721 4839">
     <span class='ocr_line' id='line_1_108' title="bbox 2167 4767 3721 4839; baseline 0.001 -21"><span class='ocrx_word' id='word_1_779' title='bbox 2167 4767 2437 4833; x_wconf 85' lang='lat' dir='ltr'><strong>civitatem,</strong></span> <span class='ocrx_word' id='word_1_780' title='bbox 2466 4775 2513 4821; x_wconf 80' lang='lat' dir='ltr'><strong>et</strong></span> <span class='ocrx_word' id='word_1_781' title='bbox 2541 4767 2890 4830; x_wconf 84' lang='lat' dir='ltr'><strong>mercabimur,</strong></span> <span class='ocrx_word' id='word_1_782' title='bbox 2924 4777 2975 4821; x_wconf 85' lang='lat' dir='ltr'><strong>et</strong></span> <span class='ocrx_word' id='word_1_783' title='bbox 3014 4768 3221 4823; x_wconf 86' lang='lat' dir='ltr'><strong>lucrum</strong></span> <span class='ocrx_word' id='word_1_784' title='bbox 3272 4772 3557 4839; x_wconf 78' lang='lat' dir='ltr'><strong>faciemus;</strong></span> <span class='ocrx_word' id='word_1_785' title='bbox 3596 4776 3721 4832; x_wconf 69' lang='lat' dir='ltr'><strong>Quam</strong></span> 
     </span>
    </p>
   </div>
   <div class='ocr_carea' id='block_1_109' title="bbox 2169 4856 3721 4927">
    <p class='ocr_par' dir='ltr' id='par_1_109' title="bbox 2169 4856 3721 4927">
     <span class='ocr_line' id='line_1_109' title="bbox 2169 4856 3721 4927; baseline 0.001 -17"><span class='ocrx_word' id='word_1_786' title='bbox 2169 4868 2221 4911; x_wconf 86' lang='lat' dir='ltr'><strong>ut</strong></span> <span class='ocrx_word' id='word_1_787' title='bbox 2253 4858 2432 4911; x_wconf 86' lang='lat' dir='ltr'><strong>dicatis</strong></span> <span class='ocrx_word' id='word_1_788' title='bbox 2457 4872 2477 4912; x_wconf 71' lang='grc' dir='ltr'><strong><em>ε</em></strong></span> <span class='ocrx_word' id='word_1_789' title='bbox 2509 4858 2569 4912; x_wconf 87' lang='lat' dir='ltr'><strong>Si</strong></span> <span class='ocrx_word' id='word_1_790' title='bbox 2599 4858 2813 4911; x_wconf 86' lang='lat' dir='ltr'><strong>voluerit</strong></span> <span class='ocrx_word' id='word_1_791' title='bbox 2860 4856 3133 4927; x_wconf 88' lang='lat' dir='ltr'><strong>Dominus,</strong></span> <span class='ocrx_word' id='word_1_792' title='bbox 3171 4870 3222 4916; x_wconf 85' lang='lat' dir='ltr'><strong>et</strong></span> <span class='ocrx_word' id='word_1_793' title='bbox 3261 4863 3307 4917; x_wconf 90' lang='lat' dir='ltr'><strong>si</strong></span> <span class='ocrx_word' id='word_1_794' title='bbox 3336 4863 3618 4925; x_wconf 69' lang='lat' dir='ltr'><strong>vixerimus,</strong></span> <span class='ocrx_word' id='word_1_795' title='bbox 3658 4859 3721 4923; x_wconf 74' lang='lat' dir='ltr'><strong>fa-</strong></span> 
     </span>
    </p>
   </div>
   <div class='ocr_carea' id='block_1_110' title="bbox 2168 4948 3723 5023">
    <p class='ocr_par' dir='ltr' id='par_1_110' title="bbox 2168 4948 3723 5023">
     <span class='ocr_line' id='line_1_110' title="bbox 2168 4948 3723 5023; baseline -0.002 -20"><span class='ocrx_word' id='word_1_796' title='bbox 2168 4949 2356 5004; x_wconf 88' lang='lat' dir='ltr'><strong>ciemus</strong></span> <span class='ocrx_word' id='word_1_797' title='bbox 2383 4948 2478 5009; x_wconf 80' lang='lat' dir='ltr'><strong>hoc</strong></span> <span class='ocrx_word' id='word_1_798' title='bbox 2501 4959 2589 5003; x_wconf 82' lang='lat' dir='ltr'><strong>aut</strong></span> <span class='ocrx_word' id='word_1_799' title='bbox 2616 4949 2750 5004; x_wconf 82' lang='lat' dir='ltr'><strong>illud</strong></span> <span class='ocrx_word' id='word_1_800' title='bbox 2775 4949 2915 5020; x_wconf 81' lang='lat' dir='ltr'><strong>(Jac.</strong></span> <span class='ocrx_word' id='word_1_801' title='bbox 2945 4966 3018 5019; x_wconf 85' lang='lat' dir='ltr'><strong>tv,</strong></span> <span class='ocrx_word' id='word_1_802' title='bbox 3052 4953 3143 5019; x_wconf 77' lang='lat' dir='ltr'><strong>i5,</strong></span> <span class='ocrx_word' id='word_1_803' title='bbox 3176 4953 3293 5023; x_wconf 77' lang='grc'><strong>15),</strong></span> <span class='ocrx_word' id='word_1_804' title='bbox 3321 4963 3376 5008; x_wconf 90' lang='lat' dir='ltr'><strong>et</strong></span> <span class='ocrx_word' id='word_1_805' title='bbox 3408 4953 3618 5021; x_wconf 86' lang='lat' dir='ltr'><strong>reliqua.</strong></span> <span class='ocrx_word' id='word_1_806' title='bbox 3645 4948 3723 5001; x_wconf 76' lang='lat' dir='ltr'><strong>Est</strong></span> 
     </span>
    </p>
   </div>
   <div class='ocr_carea' id='block_1_111' title="bbox 2167 5039 3718 5113">
    <p class='ocr_par' dir='ltr' id='par_1_111' title="bbox 2167 5039 3718 5113">
     <span class='ocr_line' id='line_1_111' title="bbox 2167 5039 3718 5113; baseline 0.001 -15"><span class='ocrx_word' id='word_1_807' title='bbox 2167 5042 2382 5113; x_wconf 87' lang='lat' dir='ltr'><strong>quidem</strong></span> <span class='ocrx_word' id='word_1_808' title='bbox 2415 5042 2470 5097; x_wconf 89' lang='lat' dir='ltr'><strong>in</strong></span> <span class='ocrx_word' id='word_1_809' title='bbox 2496 5043 2630 5097; x_wconf 89' lang='lat' dir='ltr'><strong>mala</strong></span> <span class='ocrx_word' id='word_1_810' title='bbox 2673 5053 2823 5113; x_wconf 84' lang='lat' dir='ltr'><strong>parte</strong></span> <span class='ocrx_word' id='word_1_811' title='bbox 2860 5045 3212 5103; x_wconf 82' lang='lat' dir='ltr'><strong>exsecrabilis</strong></span> <span class='ocrx_word' id='word_1_812' title='bbox 3251 5046 3471 5101; x_wconf 88' lang='lat' dir='ltr'><strong>libertas</strong></span> <span class='ocrx_word' id='word_1_813' title='bbox 3506 5039 3718 5099; x_wconf 79' lang='lat' dir='ltr'><strong>arbitrii;</strong></span> 
     </span>
    </p>
   </div>
   <div class='ocr_carea' id='block_1_112' title="bbox 2172 5135 3717 5208">
    <p class='ocr_par' dir='ltr' id='par_1_112' title="bbox 2172 5135 3717 5208">
     <span class='ocr_line' id='line_1_112' title="bbox 2172 5135 3717 5208; baseline -0.003 -18"><span class='ocrx_word' id='word_1_814' title='bbox 2172 5142 2231 5190; x_wconf 90' lang='lat' dir='ltr'><strong>ut</strong></span> <span class='ocrx_word' id='word_1_815' title='bbox 2260 5135 2634 5204; x_wconf 67' lang='lat' dir='ltr'><strong>praevaricator</strong></span> <span class='ocrx_word' id='word_1_816' title='bbox 2652 5136 2961 5203; x_wconf 86' lang='lat' dir='ltr'><strong>Creatorem</strong></span> <span class='ocrx_word' id='word_1_817' title='bbox 2979 5136 3225 5205; x_wconf 87' lang='lat' dir='ltr'><strong>deserat,</strong></span> <span class='ocrx_word' id='word_1_818' title='bbox 3257 5148 3315 5194; x_wconf 84' lang='lat' dir='ltr'><strong>et</strong></span> <span class='ocrx_word' id='word_1_819' title='bbox 3333 5138 3400 5192; x_wconf 88' lang='lat' dir='ltr'><strong>ad</strong></span> <span class='ocrx_word' id='word_1_820' title='bbox 3425 5138 3541 5208; x_wconf 81' lang='lat' dir='ltr'><strong>vitia</strong></span> <span class='ocrx_word' id='word_1_821' title='bbox 3562 5149 3616 5189; x_wconf 85' lang='lat' dir='ltr'><strong>se</strong></span> <span class='ocrx_word' id='word_1_822' title='bbox 3639 5146 3717 5185; x_wconf 88' lang='lat' dir='ltr'><strong>ne-</strong></span> 
     </span>
    </p>
   </div>
   <div class='ocr_carea' id='block_1_113' title="bbox 2174 5222 3716 5297">
    <p class='ocr_par' dir='ltr' id='par_1_113' title="bbox 2174 5222 3716 5297">
     <span class='ocr_line' id='line_1_113' title="bbox 2174 5222 3716 5297; baseline -0.005 -17"><span class='ocrx_word' id='word_1_823' title='bbox 2174 5224 2330 5280; x_wconf 86' lang='lat' dir='ltr'><strong>fanda</strong></span> <span class='ocrx_word' id='word_1_824' title='bbox 2359 5235 2653 5281; x_wconf 88' lang='lat' dir='ltr'><strong>convertat.</strong></span> <span class='ocrx_word' id='word_1_825' title='bbox 2683 5225 2737 5281; x_wconf 90' lang='lat' dir='ltr'><strong>ln</strong></span> <span class='ocrx_word' id='word_1_826' title='bbox 2770 5227 2906 5282; x_wconf 90' lang='lat' dir='ltr'><strong>bona</strong></span> <span class='ocrx_word' id='word_1_827' title='bbox 2951 5242 3077 5296; x_wconf 83' lang='lat' dir='ltr'><strong>vero</strong></span> <span class='ocrx_word' id='word_1_828' title='bbox 3114 5238 3275 5297; x_wconf 89' lang='lat' dir='ltr'><strong>parte</strong></span> <span class='ocrx_word' id='word_1_829' title='bbox 3311 5228 3578 5284; x_wconf 85' lang='lat' dir='ltr'><strong>arbitrium</strong></span> <span class='ocrx_word' id='word_1_830' title='bbox 3600 5222 3716 5275; x_wconf 87' lang='lat' dir='ltr'><strong>libe-</strong></span> 
     </span>
    </p>
   </div>
   <div class='ocr_carea' id='block_1_114' title="bbox 2176 5317 3715 5391">
    <p class='ocr_par' dir='ltr' id='par_1_114' title="bbox 2176 5317 3715 5391">
     <span class='ocr_line' id='line_1_114' title="bbox 2176 5317 3715 5391; baseline -0.001 -20"><span class='ocrx_word' id='word_1_831' title='bbox 2176 5332 2293 5371; x_wconf 91' lang='lat' dir='ltr'><strong>rum</strong></span> <span class='ocrx_word' id='word_1_832' title='bbox 2322 5317 2491 5372; x_wconf 79' lang='lat' dir='ltr'><strong>Adam</strong></span> <span class='ocrx_word' id='word_1_833' title='bbox 2541 5327 2791 5386; x_wconf 87' lang='lat' dir='ltr'><strong>peccante</strong></span> <span class='ocrx_word' id='word_1_834' title='bbox 2830 5319 3175 5389; x_wconf 87' lang='lat' dir='ltr'><strong>perdidimus,</strong></span> <span class='ocrx_word' id='word_1_835' title='bbox 3224 5322 3295 5377; x_wconf 90' lang='lat' dir='ltr'><strong>ad</strong></span> <span class='ocrx_word' id='word_1_836' title='bbox 3339 5319 3478 5391; x_wconf 88' lang='lat' dir='ltr'><strong>quod</strong></span> <span class='ocrx_word' id='word_1_837' title='bbox 3514 5317 3601 5371; x_wconf 88' lang='lat' dir='ltr'><strong>nisi</strong></span> <span class='ocrx_word' id='word_1_838' title='bbox 3639 5324 3715 5381; x_wconf 78' lang='lat' dir='ltr'><strong>per</strong></span> 
     </span>
    </p>
   </div>
   <div class='ocr_carea' id='block_1_115' title="bbox 2176 5408 3714 5482">
    <p class='ocr_par' dir='ltr' id='par_1_115' title="bbox 2176 5408 3714 5482">
     <span class='ocr_line' id='line_1_115' title="bbox 2176 5408 3714 5482; baseline -0.001 -20"><span class='ocrx_word' id='word_1_839' title='bbox 2176 5408 2375 5463; x_wconf 89' lang='lat' dir='ltr'><strong>Christi</strong></span> <span class='ocrx_word' id='word_1_840' title='bbox 2406 5410 2627 5480; x_wconf 89' lang='lat' dir='ltr'><strong>gratiam</strong></span> <span class='ocrx_word' id='word_1_841' title='bbox 2665 5411 2844 5465; x_wconf 89' lang='lat' dir='ltr'><strong>redire</strong></span> <span class='ocrx_word' id='word_1_842' title='bbox 2871 5427 2976 5466; x_wconf 93' lang='lat' dir='ltr'><strong>non</strong></span> <span class='ocrx_word' id='word_1_843' title='bbox 3016 5426 3330 5482; x_wconf 89' lang='lat' dir='ltr'><strong>possumus,</strong></span> <span class='ocrx_word' id='word_1_844' title='bbox 3361 5413 3562 5467; x_wconf 89' lang='lat' dir='ltr'><strong>dicente</strong></span> <span class='ocrx_word' id='word_1_845' title='bbox 3596 5410 3714 5472; x_wconf 80' lang='lat' dir='ltr'><strong>Apo-</strong></span> 
     </span>
    </p>
   </div>
   <div class='ocr_carea' id='block_1_116' title="bbox 2176 5498 3711 5572">
    <p class='ocr_par' dir='ltr' id='par_1_116' title="bbox 2176 5498 3711 5572">
     <span class='ocr_line' id='line_1_116' title="bbox 2176 5498 3711 5572; baseline 0 -21"><span class='ocrx_word' id='word_1_846' title='bbox 2176 5498 2315 5553; x_wconf 82' lang='lat' dir='ltr'><strong>stolo</strong></span> <span class='ocrx_word' id='word_1_847' title='bbox 2341 5516 2353 5551; x_wconf 87' lang='lat'>:</span> <span class='ocrx_word' id='word_1_848' title='bbox 2386 5500 2524 5555; x_wconf 89' lang='lat' dir='ltr'><strong>Deus</strong></span> <span class='ocrx_word' id='word_1_849' title='bbox 2560 5513 2632 5556; x_wconf 82' lang='lat' dir='ltr'><strong>est</strong></span> <span class='ocrx_word' id='word_1_850' title='bbox 2661 5502 2796 5554; x_wconf 86' lang='lat' dir='ltr'><strong>enim</strong></span> <span class='ocrx_word' id='word_1_851' title='bbox 2823 5504 2909 5571; x_wconf 87' lang='lat' dir='ltr'><strong>qui</strong></span> <span class='ocrx_word' id='word_1_852' title='bbox 2944 5512 3189 5572; x_wconf 84' lang='lat' dir='ltr'><strong>operatur</strong></span> <span class='ocrx_word' id='word_1_853' title='bbox 3214 5506 3269 5557; x_wconf 85' lang='lat' dir='ltr'><strong>in</strong></span> <span class='ocrx_word' id='word_1_854' title='bbox 3310 5505 3442 5559; x_wconf 81' lang='lat' dir='ltr'><strong>vobis</strong></span> <span class='ocrx_word' id='word_1_855' title='bbox 3470 5512 3513 5556; x_wconf 88' lang='lat' dir='ltr'><strong>et</strong></span> <span class='ocrx_word' id='word_1_856' title='bbox 3534 5499 3642 5554; x_wconf 75' lang='lat' dir='ltr'><strong>velle</strong></span> <span class='ocrx_word' id='word_1_857' title='bbox 3673 5500 3711 5547; x_wconf 73' lang='grc' dir='ltr'><strong>ιι</strong></span> 
     </span>
    </p>
   </div>
   <div class='ocr_carea' id='block_1_117' title="bbox 2178 5588 3710 5664">
    <p class='ocr_par' dir='ltr' id='par_1_117' title="bbox 2178 5588 3710 5664">
     <span class='ocr_line' id='line_1_117' title="bbox 2178 5588 3710 5664; baseline -0.004 -21"><span class='ocrx_word' id='word_1_858' title='bbox 2178 5591 2419 5658; x_wconf 80' lang='lat' dir='ltr'><strong>perﬁcere</strong></span> <span class='ocrx_word' id='word_1_859' title='bbox 2444 5608 2535 5661; x_wconf 85' lang='lat' dir='ltr'><strong>pro</strong></span> <span class='ocrx_word' id='word_1_860' title='bbox 2561 5593 2689 5645; x_wconf 88' lang='lat' dir='ltr'><strong>bona</strong></span> <span class='ocrx_word' id='word_1_861' title='bbox 2713 5592 2969 5648; x_wconf 84' lang='lat' dir='ltr'><strong>voluntate</strong></span> <span class='ocrx_word' id='word_1_862' title='bbox 2996 5594 3228 5664; x_wconf 77' lang='lat' dir='ltr'><strong>(Philip.</strong></span> <span class='ocrx_word' id='word_1_863' title='bbox 3260 5612 3315 5659; x_wconf 88' lang='lat' dir='ltr'><strong>n,</strong></span> <span class='ocrx_word' id='word_1_864' title='bbox 3350 5595 3456 5663; x_wconf 77' lang='grc'><strong>15).</strong></span> <span class='ocrx_word' id='word_1_865' title='bbox 3486 5588 3619 5646; x_wconf 85' lang='lat' dir='ltr'><strong>Unde</strong></span> <span class='ocrx_word' id='word_1_866' title='bbox 3639 5600 3710 5637; x_wconf 84' lang='lat' dir='ltr'><strong>as-</strong></span> 
     </span>
    </p>
   </div>
   <div class='ocr_carea' id='block_1_118' title="bbox 2178 5677 3706 5749">
    <p class='ocr_par' dir='ltr' id='par_1_118' title="bbox 2178 5677 3706 5749">
     <span class='ocr_line' id='line_1_118' title="bbox 2178 5677 3706 5749; baseline 0.003 -18"><span class='ocrx_word' id='word_1_867' title='bbox 2178 5677 2329 5733; x_wconf 88' lang='lat' dir='ltr'><strong>sidua</strong></span> <span class='ocrx_word' id='word_1_868' title='bbox 2361 5681 2600 5736; x_wconf 86' lang='lat' dir='ltr'><strong>oratione</strong></span> <span class='ocrx_word' id='word_1_869' title='bbox 2640 5683 2961 5749; x_wconf 80' lang='lat' dir='ltr'><strong>precandum</strong></span> <span class='ocrx_word' id='word_1_870' title='bbox 3002 5690 3099 5747; x_wconf 73' lang='lat' dir='ltr'><strong>est,</strong></span> <span class='ocrx_word' id='word_1_871' title='bbox 3139 5700 3208 5741; x_wconf 91' lang='lat' dir='ltr'><strong>ne</strong></span> <span class='ocrx_word' id='word_1_872' title='bbox 3235 5702 3330 5741; x_wconf 81' lang='lat' dir='ltr'><strong>nos</strong></span> <span class='ocrx_word' id='word_1_873' title='bbox 3361 5684 3582 5741; x_wconf 84' lang='lat' dir='ltr'><strong>voluntas</strong></span> <span class='ocrx_word' id='word_1_874' title='bbox 3605 5688 3706 5748; x_wconf 78' lang='lat' dir='ltr'><strong>per-</strong></span> 
     </span>
    </p>
   </div>
  </div>
