4032 6176
360 333 464 392 8'29

1222 318 1225 319 ί
1276 335 1633 392 uxrosmo
1673 335 1737 390 IN
1780 335 2234 392 rssursmuu.
2281 338 2472 394 esse.
2516 339 2671 395 cvu.

3518 344 3619 399 830

358 468 512 507 versa
553 452 745 521 rapiat,
777 451 868 506 sed
917 449 1192 519 inspiratio
1228 451 1407 506 divina
1456 450 1762 519 possideat:
1809 464 1940 519 qtto-
1971 451 2021 510 Α
2047 458 2186 503 runt.
2222 451 2285 505 Et
2321 450 2408 505 isti
2441 467 2651 521 quoque
2681 466 2868 509 versus
2895 453 3197 521 appellandi
3228 464 3350 511 sunt
3375 457 3621 527 uniﬁnes,

358 548 501 600 niam
531 545 783 615 quidquid
821 560 885 599 ex
923 544 1323 611 nobismetipsis
1362 545 1618 610 sapimus,
1668 542 1939 596 mortifera

355 649 542 692 contra
581 652 678 691 nos
716 636 937 691 audacia
977 639 1323 690 concitamus.
1358 634 1486 689 Jure
1526 649 1651 702 ergo
1680 632 1844 687 vetuit
1886 634 1940 686 in

355 731 560 785 homine
584 729 966 796 conﬁdendum,
1006 727 1096 796 qui
1125 741 1221 795 per
1261 742 1319 781 se
1350 740 1449 779 nec
1489 725 1662 789 alteri,
1704 738 1801 777 nec
1835 722 1939 777 sibi

356 821 613 889 praevnlet
633 819 763 875 dare
786 818 1099 882 remedium,
1119 818 1253 871 sicut
1276 827 1326 871 et
1350 816 1609 871 Jeremias
1629 814 1795 868 dicit:
1833 812 1942 865 illa-

355 916 568 968 lsdictus
590 914 666 967 vir
680 913 767 983 qui
789 912 1000 979 conﬁdit
1019 911 1073 963 in
1100 909 1323 972 homine,
1348 918 1393 962 et
1412 908 1553 979 ponit
1574 924 1713 976 spem
1733 923 1934 959 carnem

354 1005 548 1059 brachii
572 1004 673 1070 sui,
702 1011 748 1055 et
769 1019 799 1054 a
825 1000 1043 1054 Domino
1066 999 1251 1053 recedit
1281 1016 1367 1052 cor
1396 999 1509 1068 ejus
1538 995 1667 1069 (Jer.
1695 1012 1827 1060 xvn,
1853 996 1930 1065 5).

352 1096 691 1163 Quapropter
713 1092 960 1147 desinant
998 1099 1414 1161 praesumptores
1457 1090 1576 1143 illas
1613 1087 1713 1141 sibi
1752 1096 1931 1158 partes

353 1198 648 1252 assumere,
682 1184 819 1237 unde
855 1196 949 1237 eos
984 1179 1184 1251 justius
1224 1181 1392 1247 pessit
1433 1178 1698 1234 sententia
1744 1178 1927 1232 divina

351 1276 628 1330 damnare.
659 1274 796 1330 Hinc
835 1274 994 1329 etiam
1031 1270 1187 1327 Pater
1226 1271 1554 1340 Augustinus
1601 1277 1785 1324 contra
1832 1269 1931 1324 Pe-

353 1368 571 1436 lagium,
615 1365 924 1421 leestium
967 1375 1019 1418 et
1057 1363 1325 1418 Julianum
1372 1361 1659 1416 haereticos
1700 1360 1933 1430 copiosis

352 1457 503 1511 libris
550 1456 863 1510 mirabiliter
910 1455 1218 1524 disputavit,
1266 1461 1320 1508 et
1370 1450 1627 1506 veneuosi
1668 1449 1933 1520 dogmatis

350 1563 501 1603 arma
526 1546 808 1617 confregit.

420 1638 575 1693 Vers.
607 1636 662 1692 9.
690 1636 886 1691 Bonum
925 1645 995 1689 est
1022 1651 1227 1705 sperare
1255 1635 1307 1688 in
1345 1633 1592 1698 Domino,
1628 1648 1780 1701 quam
1814 1648 1929 1702 spe—

346 1743 464 1782 rare
493 1729 544 1781 in
570 1727 903 1797 principibus.
941 1726 1055 1780 Duo
1084 1725 1245 1781 verba
1281 1734 1479 1779 mutata
1510 1725 1736 1778 omnino
1769 1723 1928 1779 aliam

346 1825 525 1880 iecere
557 1822 894 1879 sententiam.
934 1821 1194 1891 Superius
1220 1819 1362 1875 enim
1398 1818 1654 1888 conﬁdere
1681 1830 1741 1871 se
1776 1815 1927 1883 dicit,

345 1914 438 1970 hic
464 1930 708 1985 sperare;
742 1914 811 1971 ibi
840 1914 891 1967 in
914 1912 1135 1978 homine,
1164 1911 1251 1966 hic
1280 1911 1332 1963 in
1357 1909 1669 1980 principibus
1693 1925 1710 1972 ;
1741 1915 1799 1961 ttt
1821 1906 1931 1963 illic

344 2013 418 2069 de
444 2012 768 2078 carnalibus,
801 2011 888 2068 hic
916 2011 983 2066 de
1019 2008 1388 2080 spiritualibus
1429 2006 1632 2063 dixisse
1665 2005 1927 2062 videatur.

346 2106 606 2175 Princeps
640 2106 782 2159 enim
821 2113 875 2159 et
910 2102 1161 2157 diabolus
1211 2100 1545 2171 appellatur,
1586 2107 1645 2153 ut
1680 2108 1762 2154 est
1804 2096 1931 2152 illud

345 2193 623 2265 Evangelii
651 2212 663 2247 :
706 2192 838 2247 Ecce
864 2194 995 2247 venit
1024 2192 1261 2263 princeps
1284 2190 1439 2261 hujus
1469 2189 1665 2254 mundi,
1699 2200 1745 2242 et
1773 2189 1825 2242 in
1854 2204 1932 2241 me

344 2303 451 2341 non
478 2286 696 2340 inveniet
722 2287 995 2356 quidquam
1022 2283 1202 2356 (Joan.
1248 2298 1357 2349 xtv,
1392 2282 1507 2351 50).
1546 2280 1636 2336 Sic
1671 2290 1724 2336 et
1754 2282 1928 2337 bonus

344 2376 570 2446 angelus
612 2374 782 2428 dictus
818 2382 902 2429 est
930 2374 1206 2442 princeps,
1252 2372 1391 2427 sicut
1437 2371 1491 2426 in
1539 2371 1756 2427 Daniele
1796 2372 1929 2442 legi-

346 2479 472 2522 tur:
518 2466 736 2522 Michael
776 2468 1006 2538 princeps
1044 2476 1204 2521 vester
1245 2464 1397 2537 [ed.,
1442 2464 1692 2536 magnus]
1742 2464 1924 2535 (Dan.

346 2575 447 2625 ιιι,
476 2560 552 2629 1).
593 2559 929 2627 Quapropter
960 2571 1059 2612 nec
1082 2558 1132 2610 in
1166 2557 1339 2622 bonis,
1369 2571 1467 2610 nec
1498 2557 1549 2609 itt
1587 2556 1739 2609 malis
1769 2570 1926 2624 ange-

349 2655 437 2721 lis,
466 2653 561 2708 sed
597 2654 646 2707 in
677 2654 792 2707 solo
826 2652 1047 2705 Domino
1077 2666 1225 2718 Spem
1260 2650 1492 2704 hominis
1520 2649 1649 2703 dicit
1678 2662 1797 2703 esse
1836 2663 1930 2717 po.

348 2745 599 2799 nendam.
635 2744 762 2799 Nam
787 2745 890 2798 etsi
924 2743 1093 2797 bonos
1127 2758 1221 2811 pro
1254 2742 1494 2810 impensa
1537 2740 1692 2795 nobis
1737 2741 1933 2810 pietate

348 2837 641 2905 diligimus,
665 2835 918 2891 beneﬁcia
946 2836 997 2889 in
1025 2835 1153 2905 ipsis
1175 2834 1403 2902 Domini,
1424 2848 1529 2887 non
1558 2832 1786 2904 propria:
1812 2847 1932 2901 pos-

347 2927 619 2982 sibilitatis
644 2926 763 2996 jura
789 2926 1086 2981 laudamus.

423 3020 577 3074 Vers.
615 3020 696 3074 10.
745 3018 932 3086 Omnes
974 3029 1144 3091 gentes
1186 3020 1625 3073 circumdederunt
1657 3034 1756 3085 me,
1794 3027 1838 3071 et
1879 3019 1931 3071 in

348 3110 553 3162 nomine
584 3108 790 3162 Domini
828 3109 963 3162 ultus
1003 3125 1115 3160 sum
1141 3125 1243 3162 eos.
1290 3109 1401 3162 Hoc
1435 3108 1662 3177 populus
1701 3108 1789 3163 ille
1820 3123 1931 3161 tne--
1959 3103 2008 3170 C

347 3201 454 3256 rito
481 3201 711 3268 dicebat,
750 3200 837 3270 qui
877 3216 1025 3269 spem
1069 3215 1217 3255 suam
1248 3201 1301 3255 in
1351 3201 1558 3255 Domini
1602 3201 1934 3270 protectione

351 3298 625 3359 posuerat,
656 3290 966 3359 signiﬁcans
994 3290 1206 3345 labores
1238 3290 1511 3356 Eccle~ize,
1543 3306 1677 3360 quos
1701 3292 1930 3359 primum

347 3385 400 3437 in
432 3382 621 3453 Capite
649 3397 764 3449 suo,
800 3382 852 3437 id
897 3393 979 3437 est
1010 3383 1063 3437 in
1094 3383 1319 3437 Domino
1348 3381 1566 3437 Christo
1597 3386 1886 3452 pertulerat
1913 3425 1928 3450 ,

346 3487 402 3531 et
429 3484 552 3545 post
589 3477 643 3529 in
682 3476 795 3529 suis
834 3476 1175 3545 passionibus
1215 3476 1532 3530 sustinebat.
1580 3475 1756 3531 Primo
1788 3479 1931 3533 enim

348 3570 564 3639 quando
594 3568 777 3637 religio
817 3570 1048 3623 innotuit
1080 3567 1402 3634 Christiana,
1434 3584 1607 3621 ontnes
1638 3578 1841 3639 gentes,
1877 3571 1930 3623 in

349 3661 469 3729 ejus
498 3659 870 3729 persecutione
899 3668 1177 3727 surgentes
1206 3701 1219 3724 ,
1260 3659 1488 3713 diversis
1526 3660 1772 3713 cladibus
1805 3659 1931 3713 θίγω.

350 3760 541 3805 cerunt
585 3751 921 3805 fidelissimos
949 3751 1126 3805 viros:
1169 3751 1257 3819 qui
1308 3760 1484 3805 tamen
1514 3751 1569 3803 in
1598 3750 1708 3804 suis
1751 3765 1933 3819 perse-

350 3842 622 3897 cutoribus
668 3841 922 3911 (iuvante
976 3841 1232 3911 Domino)
1285 3842 1657 3907 vindicarunt,
1719 3842 1932 3911 quando

351 3951 449 3991 eos
477 3935 823 3990 conversione
862 3934 1092 3989 mirabili
1130 3934 1499 4000 subdiderunt,
1554 3944 1607 3987 ut
1635 3934 1701 3988 de
1730 3950 1789 3989 se
1823 3949 1933 4002 pte-

356 4030 592 4082 nitentia:
622 4042 806 4096 pmnas
836 4028 1133 4097 exigerent,
1168 4042 1297 4095 quas
1330 4028 1534 4096 pridem
1559 4027 1933 4081 innocentibus

354 4120 682 4188 ingerebant.
715 4118 846 4172 Nam
875 4117 1018 4187 quod
1046 4118 1200 4183 dixit,
1227 4127 1422 4187 gentes,
1450 4126 1505 4172 et
1541 4117 1813 4186 sultjungit
1839 4132 1932 4187 ge-

356 4225 458 4264 nus
484 4210 855 4275 masculinum,
888 4210 1023 4261 ultus
1054 4225 1162 4262 sum
1194 4224 1279 4261 eos
1301 4250 1316 4274 ,
1352 4212 1466 4263 sive
1503 4210 1569 4261 ad
1601 4209 1932 4263 intellectum

355 4302 605 4373 pertinet,
633 4302 755 4371 quia
788 4302 839 4354 in
867 4301 1110 4371 gentibus
1152 4302 1329 4369 pepuli
1370 4302 1779 4371 signiﬁcantur;
1823 4302 1935 4357 sive

355 4392 573 4447 schema
594 4401 677 4446 est
696 4392 955 4461 exallage,
980 4393 1139 4463 395
1165 4392 1216 4446 id
1238 4401 1319 4447 est
1341 4393 1661 4454 immutatio,
1680 4394 1932 4462 quoniam

355 4500 524 4556 genus
552 4485 639 4540 hic
665 4484 898 4539 nominis
924 4485 1244 4538 immutavit.

431 4576 584 4631 Vers.
619 4578 703 4632 ll.
745 4576 1128 4630 Circumdantes
1173 4577 1609 4631 circumdederunt
1650 4594 1754 4644 me,
1796 4586 1841 4631 et
1884 4580 1937 4632 in

356 4667 561 4721 nomine
605 4664 812 4719 Domini
847 4665 989 4719 ultus
1032 4683 1143 4720 sum
1191 4683 1297 4726 eos.
1351 4667 1758 4723 Perscrutandae
1809 4676 1939 4723 sunt

357 4756 599 4811 minutis:
642 4756 927 4812 verborum
952 4796 967 4822 ,
999 4757 1249 4827 quoniam
1290 4758 1532 4813 discussa
1566 4760 1585 4831 (
1606 4759 1750 4814 sicut
1793 4774 1939 4829 saepe

359 4845 627 4917 diximus)
656 4860 763 4900 non
793 4845 1011 4901 minima
1042 4847 1195 4903 nobis
1238 4855 1570 4903 sacramenta
1615 4851 1938 4919 parturiunt.

360 4936 542 4992 Primo
591 4936 789 5005 posuit,
832 4947 1039 5008 gentes,
1088 4938 1228 5008 quod
1268 4939 1334 4993 ad
1376 4938 1676 4995 Ecclesiam
1720 4951 1940 5011 propter

362 5042 659 5104 martyrum
687 5031 912 5102 populos
945 5031 1262 5102 pertinebat,
1293 5032 1383 5102 qui
1415 5031 1693 5086 studentes
1717 5031 1940 5088 culturis

360 5126 694 5192 dtemonum,
728 5126 926 5194 passim
958 5127 1264 5182 lacerabant
1290 5126 1512 5196 populos
1549 5126 1752 5180 ﬁdeles.
1786 5124 1940 5179 Modo

360 5227 539 5273 autem
596 5219 697 5274 sub
750 5219 861 5290 ipsa
913 5220 1232 5288 repetitione
1273 5220 1551 5275 verborum
1603 5218 1774 5273 noluit
1817 5234 1941 5290 gen-

365 5318 441 5361 tes
483 5323 684 5378 ponere
710 5349 725 5375 ,
778 5318 836 5363 ut
882 5311 1049 5380 magis
1088 5309 1388 5379 passionem
1432 5309 1637 5363 Domini
1673 5309 1942 5364 subtiliter

365 5399 661 5469 indicaret,
705 5417 861 5472 quam
903 5417 931 5456 a
961 5403 1090 5458 solis
1137 5403 1335 5457 Jndteis
1382 5402 1684 5471 specialiter
1725 5410 1941 5457 constat

366 5492 662 5559 implelarn.
692 5492 747 5546 Ir.
776 5493 968 5563 quibus
992 5503 1166 5548 tamen
1190 5503 1270 5548 est
1300 5494 1353 5547 in
1380 5493 1580 5547 nomine
1600 5491 1807 5547 Domini
1829 5493 1944 5546 vin-

366 5580 625 5651 dicatum,
656 5584 869 5655 quando
898 5586 1045 5639 multi
1077 5600 1143 5640 ex
1174 5586 1254 5639 his
1294 5586 1612 5654 pmnitentes
1654 5586 1795 5641 mala
1823 5600 1941 5655 qua:

367 5674 633 5745 fecerunt,
663 5679 977 5735 vocabulum
1007 5679 1435 5734 Christianorum
1475 5692 1687 5734 sumere
1728 5692 1941 5732 merue-

2043 541 2180 594 sicut
2209 551 2263 595 et
2294 542 2369 594 illi
2398 543 2487 611 qui
2518 545 2567 596 in
2598 544 2773 612 capite
2822 544 3009 613 psalmi
3055 557 3179 601 sunt
3211 550 3389 616 positi.
3425 550 3486 604 Et
3523 566 3617 607 no.

2047 633 2263 685 tandum
2298 641 2379 687 est
2406 635 2526 703 quia
2557 635 2694 689 sicut
2723 636 2896 701 Caput
2920 637 3232 708 plerumque
3266 641 3333 697 de
3366 644 3621 701 ntembris

2046 722 2313 792 loquitur,
2358 724 2429 778 ita
2480 739 2618 779 nunc
2658 725 2894 780 membra
2942 726 3008 782 de
3060 742 3158 783 suo
3205 729 3393 799 Capite
3443 733 3625 801 prolo-

2044 821 2294 882 quuntur.

2119 928 2268 982 Vers.
2308 928 2387 982 12.
2420 929 2868 985 Circumdederunt
2911 950 2990 987 me
3026 936 3154 988 sicut
3193 952 3313 1006 apes
3343 939 3535 1007 favum,
3578 947 3625 992 et

2039 1029 2338 1073 exarserunt
2363 1023 2494 1073 sicut
2523 1022 2655 1091 ignis
2688 1023 2740 1074 in
2780 1024 2939 1093 spinis
2964 1041 2981 1088 ;
3011 1036 3055 1079 et
3087 1026 3137 1079 in
3176 1028 3376 1081 nomine
3415 1028 3623 1082 Domini

2040 1112 2293 1166 vindicavi
2332 1112 2386 1165 in
2429 1114 2523 1167 eis.
2548 1113 2734 1168 Adhuc
2763 1127 2814 1168 et
2852 1115 2938 1169 isti
2971 1131 3154 1170 versus
3180 1117 3247 1172 de
3272 1118 3495 1173 Domino
3544 1119 3623 1173 lo-

2037 1210 2293 1272 quuntur.
2328 1202 2447 1272 ipse
2477 1204 2619 1259 enim
2648 1220 2676 1257 a
2706 1207 3051 1261 smvicntibus
3088 1206 3287 1262 ludatis
3323 1208 3621 1263 circumda-

2041 1305 2144 1359 tus,
2180 1296 2444 1365 passionis
2474 1310 2585 1350 sua:
2616 1312 2709 1365 per
2739 1308 2906 1352 tutum
2935 1298 3191 1353 mundum
3233 1300 3387 1353 mella
3428 1300 3615 1368 prolu-

2038 1390 2137 1443 dit.
2170 1391 2303 1459 Apes
2332 1393 2475 1445 enim
2502 1389 2682 1444 favum
2705 1391 3065 1455 circumdant,
3085 1392 3295 1459 quando
3318 1406 3410 1461 per
3432 1391 3619 1445 domos

2036 1495 2223 1536 cereas
2252 1481 2488 1551 liquores
2526 1482 2864 1538 dulcissimos
2906 1484 3245 1547 recondunt;
3277 1493 3479 1538 etcum
3517 1484 3619 1539 sibi

2036 1580 2224 1641 putant
2247 1572 2492 1626 victualia
2526 1587 2809 1642 reponere,
2837 1571 3037 1626 faciunt
3062 1572 3201 1627 unde
3226 1574 3466 1627 homines
3497 1588 3621 1642 pos-

2035 1662 2143 1716 sint
2172 1678 2266 1717 sua
2298 1662 2567 1718 desideria
2593 1664 2810 1717 satiare.
2842 1663 2993 1728 Quod
3031 1663 3247 1717 Judzeos
3276 1663 3617 1719 manifestum

1966 1775 2015 1835 Β
2041 1760 2126 1807 est
2152 1753 2427 1823 implesse.
2459 1754 2675 1823 quando
2717 1768 2829 1807 rem
2866 1764 3059 1807 cuncto
3088 1753 3203 1807 orbi
3252 1754 3616 1809 dulcissimam

2039 1843 2240 1898 amaris
2279 1845 2562 1899 conatibus
2592 1844 2906 1899 effecerunt.
2948 1847 3080 1913 Apes
3107 1847 3249 1900 enim
3280 1846 3432 1912 quasi
3465 1860 3493 1899 a
3525 1860 3618 1914 pe-

2031 1933 2187 1989 dibus
2206 1933 2363 1990 dictas
2383 1943 2529 2001 sunt,
2551 1936 2693 2004 quod
2716 1937 2835 1991 sine
2857 1936 3080 2006 pedibus
3106 1946 3415 1992 nascantur.
3439 1935 3619 2007 Spinw

2034 2024 2214 2079 saeculi
2246 2032 2462 2094 peccata
2494 2024 2797 2095 designant,
2829 2025 3019 2096 quibus
3049 2025 3357 2081 Judteorum
3391 2025 3617 2094 populus

2036 2112 2291 2170 ferociter
2330 2112 2576 2167 incitatus
2604 2153 2617 2177 ,
2646 2112 2698 2166 in
2737 2113 2948 2184 delictis
2990 2114 3102 2169 suis
3132 2116 3277 2170 velut
3309 2113 3449 2184 ignis
3482 2128 3616 2170 eon-

2030 2216 2261 2270 crepsns
2302 2204 2570 2258 atstuavit.
2604 2202 2708 2257 Sed
2747 2204 2798 2256 in
2826 2205 2896 2258 eis
2937 2220 3148 2274 quoque
3190 2205 3400 2260 Domini
3437 2206 3610 2275 gratia

2033 2294 2346 2350 vindicatum
2382 2304 2477 2363 est,
2522 2296 2736 2362 quando
2767 2295 2833 2353 de
2865 2295 2955 2351 illo
2997 2297 3156 2352 melle
3191 2296 3329 2368 quod
3364 2296 3620 2356 condide-

2035 2396 2156 2441 rant
2185 2380 2391 2453 nescii,
2425 2390 2665 2442 conversi
2709 2388 2772 2443 ad
2806 2389 3080 2443 Dominum
3123 2389 3438 2445 suavissime
3475 2398 3607 2447 sunt

2038 2481 2248 2551 repleti.

2110 2593 2261 2648 Vers.
2306 2597 2391 2651 15.
2434 2594 2698 2664 [inpulsus
2739 2608 2963 2651 versatus
3000 2615 3113 2652 sum
3160 2610 3213 2653 ut
3256 2601 3511 2668 caderent,
3562 2612 3611 2656 et

2036 2684 2287 2739 Dominus
2317 2688 2536 2753 suscepit
2565 2702 2663 2740 me.
2706 2688 2817 2741 Hoc
2849 2688 2959 2757 jam
3000 2689 3066 2744 de
3107 2704 3168 2743 se
3212 2706 3373 2745 omne
3414 2706 3613 2760 corpus

2038 2774 2279 2830 ﬁdelium
2310 2777 2589 2831 verissima
2620 2792 2751 2832 voce
2782 2788 3026 2834 testatur.
3061 2777 3323 2850 Impulsus
3353 2781 3495 2836 enim
3521 2782 3613 2834 ille

2036 2867 2200 2934 cadit,
2242 2867 2329 2922 cui
2361 2867 2571 2922 Domini
2611 2868 2865 2923 fortitudo
2906 2871 3256 2947 subtrahitur.
3300 2872 3365 2927 Et
3412 2871 3618 2941 inspice

2037 2958 2144 3012 vim
2175 2960 2460 3013 verborum
2485 2975 2499 3023 ;
2528 2956 2824 3027 Impulsum
2854 2975 2912 3014 se
2944 2961 3073 3014 dicit
3096 2971 3147 3015 et
3167 2972 3416 3016 versatum
3446 2972 3499 3014 ut
3529 2977 3616 3015 ca-

2037 3049 2210 3113 deret;
2232 3049 2324 3103 sed
2346 3050 2557 3103 Domini
2580 3049 2923 3118 susceptione
2945 3050 3181 3105 firmatus
3204 3060 3305 3106 est.
3331 3052 3441 3106 Soli
3470 3053 3611 3106 enim

2038 3140 2222 3193 versati
2252 3155 2359 3194 non
2390 3140 2609 3205 cadunt,
2657 3141 2747 3210 qui
2776 3140 2970 3194 Οιιιίδιί
3017 3142 3302 3196 virtutibus
3327 3144 3615 3200 continen-

2038 3238 2126 3284 tur
2152 3271 2167 3295 ,
2211 3240 2267 3285 ut
2305 3231 2613 3301 frequenter
2652 3231 2766 3287 ﬁeri
2812 3232 2947 3285 solet
2993 3234 3205 3302 quando
3254 3234 3389 3288 bene
3437 3236 3617 3289 meriti

2040 3325 2324 3379 traduntur
2351 3326 2417 3401 ad
2448 3341 2652 3395 pmnas.
2684 3326 2807 3381 Ideo
2834 3328 2974 3381 enim
3011 3328 3148 3381 tradi
3173 3327 3421 3382 videntur
3446 3340 3501 3381 ut
3527 3343 3617 3382 ca-

2036 3415 2198 3481 dant,
2246 3416 2297 3470 id
2335 3425 2420 3472 est
2468 3427 2525 3471 ut
2559 3432 2588 3470 a
2623 3427 2763 3471 recta
2804 3417 3123 3471 credulitate
3164 3428 3470 3471 mutentur:
3519 3418 3614 3472 sed

2036 3502 2245 3558 Domini
2275 3505 2494 3560 dextera
2532 3506 2831 3560 coitlirtuati
2866 3521 2973 3560 non
3012 3507 3228 3571 cadunt,
3263 3509 3512 3576 quoniam
3561 3510 3613 3563 ιιι

2040 3598 2159 3651 ﬁdei
2190 3599 2470 3653 sanctitate
2499 3600 2820 3653 consismnt.
2850 3599 3099 3668 Alioquin
3129 3599 3372 3654 inﬁdeles
3395 3600 3614 3666 cadunt,

2035 3688 2197 3741 etiam
2227 3702 2349 3743 cum
2382 3700 2527 3743 stare
2558 3689 2607 3742 in
2643 3689 2952 3758 pertinacia:
2977 3704 3090 3744 suas
3111 3690 3471 3746 obstinatione
3493 3706 3615 3747 cer-

2043 3787 2262 3832 nuntur.

2111 3916 2258 3972 Vers.
2295 3917 2380 3971 14.
2411 3916 2684 3972 Fortitudo
2727 3934 2838 3971 mea
2864 3928 2910 3972 et
2938 3921 3168 3973 taudatio
3208 3921 3373 3993 [ωδε.
3406 3922 3494 3988 A.,
3530 3922 3613 3989 8.,

2036 4008 2172 4077 laus]
2203 4024 2314 4061 mea
2338 4008 2603 4073 Dominus,
2636 4018 2681 4061 et
2706 4009 2875 4078 factus
2900 4022 2973 4062 est
3000 4009 3124 4064 mihi
3154 4012 3206 4065 in
3236 4010 3471 4066 salutem.
3502 4012 3617 4067 Non

2038 4108 2218 4171 potest
2246 4100 2508 4170 impulsus
2536 4101 2750 4170 cadere,
2786 4102 2868 4156 cui
2899 4101 3152 4156 auxilium
3196 4102 3404 4157 Domini
3447 4105 3618 4173 forti-

2036 4193 2160 4247 tudo
2192 4193 2403 4247 videtur
2433 4202 2706 4262 prmstare.
2750 4193 2855 4248 Sed
2894 4207 2961 4248 ne
3004 4203 3276 4262 putaretur
3313 4195 3423 4248 sola
3466 4196 3615 4264 peri-

2036 4285 2155 4339 cula
2186 4284 2481 4354 declinare,
2513 4300 2675 4354 quem
2708 4284 2915 4339 Domini
2943 4285 3082 4340 dona
3111 4286 3416 4351 servabant,
3463 4287 3614 4357 adje-

2036 4377 2129 4442 cit,
2163 4378 2327 4447 factus
2357 4386 2429 4431 est
2461 4377 2583 4429 mihi
2612 4377 2664 4429 in
2689 4376 2901 4429 salutem
2924 4392 2943 4430 :
2973 4378 3097 4447 quia
3127 4393 3219 4447 per
3260 4379 3432 4446 ipsum
3463 4389 3617 4433 aeter-

1962 4443 2172 4521 Dnam'
2200 4467 2361 4522 vitam
2410 4467 2732 4536 suscipiunt,
2784 4483 2880 4537 per
2930 4443 3088 4538 quem
3127 4443 3185 4523 et
3231 4443 3411 4524 saeculi
3456 4469 3614 4539 hujus

2038 4558 2221 4613 ruinas
2246 4560 2476 4615 evadere
2503 4569 2900 4629 promerentur.
2935 4560 3052 4629 Ipse
3090 4562 3234 4616 enim
3278 4571 3361 4617 est
3385 4570 3437 4617 et
3473 4563 3625 4632 forti-

2041 4650 2162 4704 tudo
2188 4658 2235 4705 et
2265 4650 2495 4705 laudatio
2519 4659 2720 4706 aeterna
2753 4651 3048 4705 beatorum.

2112 4762 2266 4818 Vers.
2300 4764 2388 4818 15.
2426 4762 2542 4818 Vox
2568 4761 2763 4818 ltetitia:
2783 4772 2833 4817 et
2860 4764 3040 4818 salutis
3070 4763 3123 4817 in
3164 4762 3503 4818 tabernaculis
3520 4765 3619 4834 ju-

2041 4866 2277 4921 storum;
2323 4856 2533 4911 dextera
2574 4855 2785 4910 Domini
2830 4856 2950 4926 fecit
2988 4856 3237 4910 virtutem.
3278 4852 3486 4908 Chorus
3535 4854 3623 4909 ille

2047 4948 2282 5003 ﬁdelium
2313 4948 2466 5004 laetus
2493 4949 2747 5014 exsultat,
2785 4950 3036 5020 quoniam
3076 4948 3201 5003 dum
3243 4958 3619 5018 persecutores

2046 5053 2234 5094 eorum
2273 5048 2520 5108 putarent
2555 5054 2649 5094 eos
2698 5054 2927 5095 matrore
2957 5038 3146 5094 conﬁci
3184 5048 3240 5094 et
3282 5039 3624 5093 tribulatione

2048 5130 2315 5199 consumi,
2342 5129 2417 5184 illi
2444 5129 2619 5185 divina
2642 5131 3094 5199 contemplatione
3121 5129 3411 5201 gaudentes
3433 5130 3500 5185 de
3526 5142 3621 5189 sua

2048 5233 2206 5287 poena
2233 5218 2568 5283 laetabantur,
2601 5235 2758 5290 quam
2790 5208 3033 5275 seiebant
3054 5221 3155 5274 sibi
3180 5220 3246 5274 ad
3269 5231 3467 5275 aeterna
3496 5235 3624 5290 gau-

2046 5310 2131 5364 dia
2163 5310 2511 5379 profuturam.
2536 5311 2634 5366 Hc
2672 5312 2814 5366 enim
2855 5310 3188 5364 tabernacula
3216 5312 3482 5382 justorunt
3523 5312 3622 5364 hu-

2047 5404 2188 5457 mani
2231 5407 2459 5473 pectoris
2505 5414 2710 5460 seereta
2757 5405 3061 5474 designant,
3113 5406 3199 5461 ttbi
3249 5404 3467 5473 semper
3510 5406 3619 5461 lteti

2048 5502 2191 5559 sunt,
2221 5497 2460 5563 quamvis
2486 5496 2782 5552 forinsecus
2806 5496 3127 5566 afﬂigantur.
3159 5498 3224 5554 Et
3247 5509 3304 5552 ut
3332 5514 3624 5569 cognosce-

2051 5598 2137 5637 res
2168 5586 2307 5639 nnde
2339 5586 2476 5641 istud
2516 5587 2766 5655 gaudium
2810 5589 2985 5652 venit,
3016 5588 3244 5657 adjecit,
3276 5589 3487 5643 dextera
3522 5590 3623 5644 Do-

2054 5679 2175 5730 mini
2203 5678 2618 5749 fecit-virtutem,
2651 5680 2701 5736 id
2731 5687 2813 5735 est
2854 5679 3115 5746 Christus,
3153 5697 3245 5751 per
3274 5698 3431 5753 quem
3465 5682 3621 5745 Pater
