3966 6172
488 278 583 333 831

1717 282 1790 337 Μ.
1834 283 2111 339 AURELH
2152 284 2551 344 CASSlODORl

3605 310 3687 367 83'!

487 395 737 449 virtutem
760 398 1010 462 operatus
1029 398 1113 447 est
1134 406 1184 446 tn
1214 393 1540 449 exadatione
1570 404 1897 464 sanctorum;
1926 399 2071 468 quod
2105 404 2154 460 Α
2181 402 2458 470 appellari,
2503 404 2642 458 sicut
2692 403 2804 472 ipse
2854 405 2905 458 in
2955 404 3244 478 Evangelia
3286 410 3433 468 dicit:
3474 415 3567 488 Ego
3604 440 3689 479 lum

486 482 714 537 inferius
745 484 859 551 ipse
887 483 1126 536 dicturus
1157 493 1260 538 esr.

557 572 712 627 Vers.
752 574 838 630 16.
886 573 1108 627 Dextera
1155 574 1365 629 Domini
1412 577 1797 632 cxaltavit‘me.
1849 579 2074 635 Dextera

489 663 697 716 Domini
723 663 941 730 exultat,
966 680 1087 718 cum
1117 669 1346 721 terrenis
1380 668 1682 723 hominibus
1703 671 1959 724 ccelurnm
1992 689 2074 726 re-

483 767 583 822 gna
621 755 889 809 comedit.
922 755 1059 820 Quid
1107 757 1249 811 enim
1295 760 1568 824 potentius
1611 775 1768 828 quam
1815 764 2074 819 mortales

484 841 709 897 induere
746 843 1237 912 immortalitatem,
1283 849 1663 917 corruptibiles
1716 851 2074 916 incorruptio-

487 947 634 997 nem,
667 938 1039 1002 peccatoribus
1067 938 1475 1008 beatitudinem,
1501 939 1569 995 de
1600 940 1755 996 hoste
1781 941 2074 1000 fortissimo

483 1022 710 1079 inﬁrmis
739 1024 868 1080 dare
892 1029 1170 1081 victoriam
1198 1028 1221 1082 ?

560 1115 711 1169 Vers.
745 1117 833 1171 17.
859 1116 982 1171 Non
1007 1121 1221 1186 moriar,
1247 1122 1338 1175 sed
1363 1123 1527 1177 vivam
1550 1140 1568 1189 ;
1596 1132 1642 1177 et
1672 1125 1893 1178 narrabo
1918 1143 2076 1193 opera

483 1202 715 1259 Domini.
746 1205 938 1261 Contra
962 1208 1047 1263 illa
1074 1211 1188 1265 haec
1213 1212 1481 1277 dicuntur,
1506 1230 1624 1284 qua:
1654 1216 1939 1270 adversum
1976 1218 2077 1272 Ec-

482 1296 701 1351 clesiam
733 1296 933 1354 Christi
963 1313 1364 1369 persecutorum
1389 1306 1531 1375 loqui
1559 1308 1696 1362 solet
1727 1309 1913 1363 insana
1944 1326 2071 1374 pro-

481 1394 679 1446 cacitas
704 1434 720 1461 ,
757 1409 875 1465 quae
913 1411 1035 1451 cum
1077 1413 1136 1452 se
1175 1400 1355 1454 delere
1405 1415 1598 1455 nomen
1647 1404 1872 1456 aestimat
1915 1404 2072 1459 Chri-

481 1485 739 1554 stianum,
784 1498 1042 1556 pra‘stare
1088 1493 1265 1560 potius
1305 1493 1517 1549 videtur
1561 1507 1923 1566 augmentum.
1974 1499 2073 1553 Cui

482 1585 679 1639 merito
708 1585 905 1642 dicitur
932 1603 959 1641 a
992 1588 1168 1643 ﬁdeli:
1206 1591 1325 1643 Non
1349 1594 1563 1659 moriar,
1591 1604 1648 1648 ut
1678 1604 1731 1649 tu
1768 1606 1951 1665 putas;
1986 1599 2074 1651 sed

485 1677 651 1729 vivam
672 1677 781 1732 vita
810 1694 968 1748 quam
1003 1681 1216 1746 nescis;
1248 1683 1312 1735 ad
1360 1698 1516 1753 quam
1556 1696 1735 1739 mente
1775 1687 2071 1752 prcetumidi

484 1768 768 1834 pervenire
815 1784 919 1822 non
953 1778 1195 1839 possunt.
1240 1771 1594 1827 Narraturum
1623 1790 1681 1830 se
1707 1768 1877 1830 etiam
1920 1794 2075 1845 Opera

486 1856 699 1911 Domini
727 1858 1030 1927 pollicetur,
1061 1871 1117 1917 ut
1148 1878 1362 1932 semper
1402 1875 1660 1935 augeatur
1699 1868 1939 1923 Ecclesia
1985 1871 2074 1925 tali

484 1951 866 2019 prcedicatione
893 1956 1126 2026 vulgata.
1158 1958 1293 2024 Quid
1328 1968 1504 2029 potest
1542 1963 1852 2019 crudelibus
1894 1980 2076 2035 perse-

481 2043 595 2108 qui,
643 2058 777 2112 quos
824 2045 1009 2101 vident
1056 2063 1271 2119 semper
1323 2054 1791 2120 persecutionibus
1844 2057 2073 2126 augeri?

483 2135 695 2199 Quanto
742 2136 935 2191 melius
982 2146 1037 2192 et
1082 2140 1183 2209 ipsi
1234 2140 1495 2209 viverent,
1543 2144 1589 2199 si
1640 2149 1887 2201 conversi
1936 2149 2073 2202 iacta

487 2228 702 2294 propria
731 2227 1073 2297 deplorarem
1100 2232 1113 2284 !

558 2316 709 2372 Vers.
743 2320 827 2375 18.
858 2321 1125 2390 Castigans
1154 2327 1425 2396 castigavit
1446 2345 1523 2384 me
1550 2327 1820 2397 Dominus,
1849 2341 1896 2385 et
1924 2335 2079 2389 morti

481 2425 587 2462 non
619 2411 830 2465 tradidit
860 2429 955 2466 me.
988 2414 1061 2467 Ne
1093 2415 1191 2469 sibi
1225 2417 1425 2485 aliquid
1456 2430 1856 2486 persecuturum
1887 2439 2079 2492 super-

482 2499 569 2555 bia
596 2500 908 2568 vindicaret,
952 2512 1214 2559 tormenta
1259 2506 1492 2576 ipsorum
1534 2512 1900 2580 saevitiamque
1942 2513 2081 2568 fero-

482 2590 755 2645 cissimam
808 2595 1207 2663 castigationem
1256 2599 1462 2653 Domini
1509 2618 1627 2658 esse
1668 2606 1970 2675 conﬁrmat,
2024 2617 2079 2660 ut

484 2691 593 2736 tota
628 2683 709 2736 illa
744 2686 919 2754 iniqua
950 2693 1184 2750 potentia
1212 2692 1275 2743 ad
1307 2695 1692 2749 correctionem
1735 2696 1968 2751 ﬁdelium
1998 2698 2081 2751 vi-

479 2773 668 2828 deatur
705 2790 826 2831 esse
856 2792 1131 2834 concessa.
1165 2780 1301 2847 Quid
1346 2797 1403 2837 se
1435 2785 1499 2838 de
1549 2796 1809 2853 po'estate
1848 2788 2080 2854 iactant,

480 2866 673 2932 quibus
702 2868 833 2921 nihil
868 2886 963 2937 pro
992 2885 1086 2925 sua
1127 2873 1357 2929 utilitate
1386 2878 1739 2933 conceditur?
1768 2881 2073 2935 Cvudslitas

478 2957 694 3011 illorum
730 2975 911 3016 nnSIra
941 2968 1203 3020 correctio
1242 2977 1342 3034 est,
1394 2968 1589 3025 furoris
1632 2972 1841 3027 ﬂamma
1888 2976 2080 3044 proba-

2176 495 2362 547 ostium
2394 496 2560 547 ovium
2613 493 2792 565 (Joan.
2824 513 2877 562 χ,
2911 495 2987 568 7),
3016 508 3118 552 etc.
3155 500 3410 569 Sequitur,
3431 506 3540 575 justi
3560 512 3694 564 intru-

2180 583 2301 636 bunt
2330 601 2418 654 per
2451 603 2585 639 eam.
2625 587 2689 638 Et
2716 586 2816 639 hoc
2846 603 3056 656 quoque
3097 590 3356 645 subtiliter
3391 594 3693 667 inquiramus,

2177 686 2273 725 Cur
2313 676 2556 742 superius
2600 676 2814 740 dixerit,
2852 687 3031 744 portas
3068 680 3303 749 justitiw,
3345 690 3394 737 et
3420 684 3495 738 hic
3529 694 3695 757 posuit,

2170 764 2305 833 justi
2332 766 2595 817 intrabunt
2621 782 2710 836 per
2741 768 2895 820 eam?
2940 768 3244 836 significans
3273 770 3349 839 (ut
3374 774 3488 827 mihi
3510 779 3701 845 videtur)

2175 850 2283 921 jam
2326 869 2430 908 non
2475 854 2779 922 Scripturas
2823 856 3053 921 divinas,
3088 874 3183 928 per
3226 875 3351 928 quas
3390 872 3631 923 transeunt
3661 884 3704 927 et

2180 943 2361 1012 injusti
2393 962 2406 1011 ;
2444 945 2538 999 sed
2570 945 2714 1000 illam
2745 946 3041 1002 Jerusalem
3072 965 3192 1017 qua:
3235 962 3430 1019 portam
3457 956 3595 1013 habet
3621 960 3705 1015 Do-

2179 1036 2382 1089 minum
2433 1037 2785 1105 Salvatorem,
2820 1055 2916 1108 per
2945 1056 3103 1110 quem
3130 1037 3255 1109 iusti
3286 1052 3473 1100 tantum
3507 1049 3705 1109 homines

2179 1125 2494 1182 introibant.
2530 1128 2682 1194 Quod
2722 1130 2858 1184 bene
2898 1142 3183 1201 utrumque
3218 1135 3518 1202 complexus
3549 1150 3635 1205 est,
3664 1156 3708 1197 ut

2181 1229 2236 1277 et
2279 1223 2440 1290 istud,
2487 1232 2541 1279 et
2577 1224 2705 1280 illud
2738 1225 2973 1281 futurum
3020 1228 3273 1283 surculum
3297 1232 3573 1301 signiﬁcare
3597 1240 3711 1295 vide-

2178 1323 2347 1367 retur.

2250 1405 2402 1461 Vers.
2426 1406 2515 1460 2L
2541 1404 2827 1475 Conﬁtebor
2849 1408 2959 1473 tibi,
2990 1408 3227 1476 Domine,
3252 1415 3477 1481 quoniam
3502 1419 3714 1472 exaudiin

2176 1513 2275 1564 me,
2309 1508 2353 1552 et
2380 1503 2546 1568 factus
2579 1517 2628 1553 es
2656 1500 2779 1553 mihi
2806 1503 2857 1554 in
2888 1503 3129 1558 salutem.
3170 1502 3329 1559 Istam
3372 1507 3711 1565 coniessionem

2180 1605 2284 1643 non
2314 1590 2494 1643 afflicti
2529 1591 2710 1661 populi
2751 1592 3010 1647 debemus
3055 1594 3360 1662 advertere,
3392 1599 3479 1651 sed
3511 1602 3716 1655 lzetantis.

2178 1680 2389 1736 Gratias
2420 1683 2560 1736 enim
2589 1686 2726 1751 agit,
2759 1686 2879 1753 quia
2915 1685 2986 1739 illi
3023 1686 3280 1741 Dominus
3308 1689 3542 1745 salutaris
3564 1692 3721 1758 illuxit,

2178 1778 2231 1825 et
2251 1771 2576 1841 Redemptor
2597 1774 2833 1841 gentium
2859 1777 3027 1829 oculis
3054 1777 3301 1831 humanis
3324 1782 3570 1848 apparuit.
3597 1781 3719 1837 Unde

2181 1879 2366 1921 revera
2404 1864 2749 1935 intelligimus
2777 1875 2832 1921 et
2858 1882 2887 1920 a
2932 1868 3199 1935 prioribus
3222 1869 3525 1940 justissimis
3552 1874 3723 1928 Domini

2182 1956 2466 2013 adventum
2490 1956 2656 2011 fuisse
2674 1956 2877 2028 jugiter
2899 1962 3216 2026 expetitum.
3240 1963 3375 2016 sicut
3398 1964 3571 2031 ipsein
3591 1966 3728 2018 Evan-

2182 2046 2322 2118 gelio
2358 2046 2525 2101 dicit:
2581 2046 2736 2100 Hulzi
2766 2048 3027 2115 prap/teta:
3067 2061 3112 2103 et
3141 2054 3275 2119 iusti
3304 2055 3556 2123 cupierunt
3594 2056 3729 2108 videre

2181 2155 2297 2210 qua:
2322 2155 2407 2193 vos
2438 2138 2636 2202 videtis,
2678 2151 2724 2192 et
2765 2140 2947 2194 audire
2991 2157 3105 2209 qua:
3147 2144 3345 2197 auditis
3381 2146 3397 2213 (
3427 2144 3599 2199 Matth.
3630 2161 3731 2209 xm,

2182 2230 2313 2300 17),
2345 2239 2451 2284 etc.

2256 2320 2407 2375 Vers.
2440 2321 2529 2375 ‘22.
2565 2320 2813 2387 Lapidem
2843 2338 2991 2388 quem
3020 2324 3422 2393 reprobaverunt
3449 2327 3736 2393 tediﬁrantet,

2184 2414 2266 2465 hic
2297 2421 2464 2481 [actus
2496 2425 2567 2465 est
2599 2416 2649 2465 in
2682 2426 2831 2479 caput
2864 2416 3060 2484 anguli.
3090 2416 3209 2469 Sub
3234 2419 3491 2473 allusione
3521 2418 3738 2473 fabrican-

2186 2503 2313 2557 tium
2338 2505 2627 2573 exponitur
2658 2505 2828 2559 inanis
2868 2520 3028 2573 opera
3069 2506 3410 2564 Judaeurum.
3443 2510 3546 2565 Soli
3575 2512 3739 2578 quippe

2189 2598 2466 2651 hominum
2501 2597 2675 2651 adhuc
2706 2598 2756 2651 in
2789 2599 2987 2652 mundo
3014 2616 3179 2653 unum
3213 2602 3377 2656 Deum
3401 2603 3621 2657 colentes
3646 2604 3740 2655 tedi-

2193 2690 2353 2744 ﬁcare
2384 2688 2720 2758 videbantur,
2755 2692 2879 2744 dum
2915 2703 3124 2748 creterte
3152 2696 3410 2750 nationes
3441 2696 3676 2751 idolorum
3701 2712 3745 2749 se

2189 2785 2393 2837 enltura
2425 2785 2785 2839 destruet-ent.
2819 2784 3166 2852 Ai‘di/icantes
3212 2790 3363 2842 enim
3402 2790 3611 2843 tendunt
3636 2802 3744 2841 sem-

2191 2891 2282 2944 per
2312 2875 2377 2928 ad
2404 2876 2677 2945 angulum,
2707 2884 2763 2928 ut
2793 2879 3216 2932 commissorum
3262 2882 3520 2948 parietum
3547 2880 3749 2934 soliditas

2188 2967 2490 3035 impleatur.
2539 2967 2711 3020 Judui
2760 2983 2888 3021 vero
2937 2969 3059 3023 ﬁdei
3106 2984 3230 3024 sua:
3277 2970 3528 3025 fabricam
3569 2971 3748 3024 minime

479 3046 575 3102 tio.
620 3048 735 3103 Non
794 3067 854 3105 se
901 3054 1148 3109 meliores
1202 3059 1471 3111 :estiment
1520 3062 1660 3129 quod
1717 3063 2069 3133 delinquunt:

2190 3061 2549 3128 perfecerunt,
2584 3060 2837 3127 quoniam
2872 3062 3069 3129 ipsum,
3102 3064 3205 3131 qui
3252 3074 3371 3118 erat
3402 3065 3529 3129 lapis
3560 3064 3750 3117 fortiss-

479 3139 592 3194 ﬁlio
616 3156 720 3195 non
759 3145 1011 3209 parcitur,
1045 3157 1099 3200 ut
1126 3150 1323 3203 erudiri
1356 3166 1514 3219 posse
1547 3152 1805 3208 videatur.
1832 3155 1937 3210 Sed
1962 3156 2078 3212 haec

477 3235 615 3289 bene
647 3239 935 3307 castigatus
957 3242 1118 3297 edicit
1142 3260 1156 3308 ;
1190 3246 1334 3299 solus
1358 3248 1499 3301 enim
1524 3251 1673 3301 morti
1704 3267 1802 3303 non
1827 3252 2074 3318 traditur,

477 3326 631 3393 cujus
683 3328 767 3381 hic
809 3332 935 3384 vitia
982 3337 1264 3389 commissa
1308 3350 1616 3408 purgantur.
1656 3342 1721 3395 Et
1769 3353 1890 3398 nota
1935 3346 2075 3410 quod

478 3418 573 3483 ait,
602 3420 859 3488 castigans
889 3426 1172 3493 castigavit.
1212 3428 1318 3481 lloc
1347 3432 1487 3481 enim
1515 3446 1680 3500 genus
1704 3434 1986 3495 locutionis
2019 3438 2072 3491 in

478 3508 770 3576 Scripturis
797 3513 996 3567 divinis
1018 3518 1215 3585 srepius
1244 3519 1513 3573 invenitur
1546 3540 1557 3573 :
1596 3532 1651 3575 ut
1680 3533 1760 3576 cst
1792 3525 1939 3590 illud,
1974 3526 2074 3580 Be-

476 3599 714 3652 nedicem
756 3600 1043 3657 benedicam
1084 3616 1150 3660 te.
1197 3608 1555 3676 Multiplicans
1598 3613 1945 3681 multiplicabo
1985 3632 2067 3669 se-

478 3703 592 3741 men
615 3699 778 3756 tnum,
804 3702 856 3745 et
883 3694 961 3747 his
1000 3697 1211 3750 similia.
1241 3699 1389 3765 Quod
1414 3713 1783 3769 argumentum
1814 3704 1891 3776 (ut
1923 3719 2068 3776 stripe

480 3778 736 3842 diximus)
769 3783 964 3837 dicitur
991 3800 1019 3838 a
1049 3789 1368 3857 coniugatis.

550 3870 703 3924 Vers.
744 3874 827 3928 19.
860 3875 1067 3943 Aperite
1105 3880 1228 3931 mihi
1262 3892 1435 3950 portas
1456 3886 1695 3956 justitite,
1732 3896 1778 3939 et
1808 3889 2069 3960 ingressus

475 3961 639 4015 ineas
666 3965 939 4033 confitebor
983 3967 1222 4023 Domino.
1259 3972 1492 4041 Pupulus
1534 3977 1621 4030 ille
1655 3978 1886 4031 ﬁdelium
1921 3978 2065 4050 [ed.,

479 4052 674 4126 ﬁdelis]
698 4058 841 4112 venit
863 4059 927 4112 ad
946 4062 1158 4115 tertiam
1183 4067 1471 4120 sectionem
1496 4085 1506 4119 :
1530 4068 1825 4123 Jerusalem
1844 4072 2067 4139 cupiens

475 4145 717 4228 introire2
750 4151 936 4215 ianuas
970 4153 1086 4224 ejus
1132 4156 1340 4213 fervore
1380 4160 1647 4227 spirituali
1691 4161 1789 4216 sibi
1835 4165 2068 4231 postulat

473 4242 690 4307 aperiri.
727 4244 927 4310 Quibus
956 4262 1082 4317 ergo
1123 4250 1351 4315 dicitur,
1383 4254 1605 4320 Aperite,
1649 4256 1747 4309 nisi
1790 4258 2065 4324 prophetis

475 4340 637 4398 atque
667 4338 945 4403 apostolis,
980 4341 1067 4407 qui
1100 4342 1360 4396 caelorum
1393 4345 1573 4399 claves
1608 4347 1848 4416 mysticis
1892 4349 2061 4403 virtu-

476 4421 615 4475 tibus
642 4431 1007 4492 acceperunt‘l
1046 4431 1146 4485 Per
1173 4433 1267 4487 has
1305 4436 1446 4490 enim
1480 4437 1735 4492 docti-inte
1760 4438 1952 4507 januas
1979 4440 2060 4495 in-

476 4512 731 4577 troducti,
763 4518 903 4572 intus
937 4519 1047 4588 jam
1090 4525 1245 4591 positi
1285 4528 1548 4581 veraciter
1592 4527 1814 4583 Domino
1854 4534 2066 4599 con/ite-

473 4621 607 4659 mur.
636 4605 899 4665 Cteterum
927 4615 1180 4685 quidquid
1209 4627 1358 4673 extra
1400 4621 1693 4675 Ecclesium
1735 4626 2060 4680 catholicam

473 4700 695 4767 geritur,
714 4718 1043 4776 nequaquam
1072 4708 1278 4765 Domini
1307 4712 1551 4767 laudibus
1568 4714 1885 4784 applicatur.
1915 4717 2061 4773 Bene

472 4799 652 4844 autem
686 4808 778 4862 per
805 4797 1114 4868 allegoriam
1146 4805 1417 4873 prophetze
1458 4815 1616 4875 atque
1642 4808 1869 4878 apostoli
1903 4819 2062 4878 portae

473 4882 721 4947 appellati
752 4898 908 4941 sunt:
942 4901 1103 4958 porta:
1133 4894 1276 4947 enim
1320 4895 1474 4950 dictae
1499 4906 1646 4963 sunt,
1688 4913 1783 4968 per
1811 4914 1943 4970 quas
1982 4901 2061 4955 vi-

477 4973 670 5027 ctualia
700 4976 1006 5035 civitatibus
1037 4983 1414 5055 importantur,
1447 4988 1584 5042 sicut
1615 5000 1666 5043 et
1692 5005 1787 5059 per
1809 4991 1929 5047 illos
1955 4992 2059 5046 ani-

472 5080 680 5120 marum
723 5071 914 5136 pabula
946 5086 1157 5130 constat
1187 5077 1354 5132 illata.

548 5158 701 5216 Vers.
740 5164 829 5220 ΞΟ.
870 5166 1000 5222 Ηωε
1037 5180 1187 5241 porta
1227 5173 1466 5240 Domini,
1501 5178 1632 5247 justi
1670 5178 1931 5233 intrabunt
1969 5196 2058 5251 per

472 5266 607 5305 eam.
642 5254 771 5309 Cum
809 5262 1054 5325 superius
1093 5264 1288 5319 dixerit
1336 5276 1543 5334 portas,
1585 5270 1931 5337 querendum
1974 5277 2058 5324 est

471 5357 638 5411 quare
671 5346 756 5400 hic
799 5360 999 5414 portam
1049 5355 1214 5409 voluit
1253 5372 1451 5425 ponere
1498 5375 1723 5414 numero
1758 5361 2051 5430 singulari;

469 5435 673 5491 scilicet
701 5449 756 5492 ut
784 5441 1085 5512 designaret
1118 5449 1402 5516 prephetas
1424 5462 1581 5520 atque
1602 5453 1763 5527 396
1784 5454 2054 5523 apostolos

469 5526 658 5594 ianuas
680 5534 892 5602 quidem
917 5552 1036 5594 esse
1056 5541 1336 5607 cmlorum,
1361 5544 1454 5598 sed
1481 5545 1575 5599 has
1596 5526 1782 5602 omnes
1802 5546 1868 5601 ad
1894 5561 2052 5601 unam

475 5634 632 5689 posse
664 5626 990 5691 perducere:
1024 5634 1146 5702 quia
1179 5637 1443 5691 universae
1478 5646 1805 5703 consuerunt
1835 5638 1902 5692 ad
1939 5637 2051 5693 Do-

474 5713 676 5769 minum
707 5719 1061 5783 intromittere
1097 5728 1452 5798 Salvatorem,
1495 5734 1585 5801 qui
1615 5744 1665 5788 et
1697 5743 1842 5803 porta
1873 5743 2047 5802 Ροιθδῑ

2094 4484 2149 4544 D

2180 3167 2333 3216 mus,
2374 3151 2684 3220 angularis,
2725 3167 2873 3206 more
2921 3153 3266 3209 dementium
3312 3160 3623 3226 putaverunt
3659 3168 3752 3207 esse

2177 3244 2545 3299 temnendum.
2587 3245 2842 3297 Dominus
2880 3256 3056 3299 autem
3101 3244 3370 3303 Christus
3414 3264 3508 3318 per
3547 3246 3753 3316 tropolo-

2171 3340 2309 3408 giam
2343 3339 2502 3408 (sicut
2530 3338 2823 3393 innumeris
2851 3341 2981 3396 locis
3020 3353 3246 3401 Constat
3290 3342 3609 3413 expositum)
3648 3342 3751 3394 ideo

2175 3430 2310 3499 lapis
2337 3431 2531 3485 dicitur
2560 3433 2851 3500 angularis,
2886 3434 3005 3500 quia
3040 3435 3187 3490 duos
3222 3437 3290 3491 ad
3318 3452 3379 3491 se
3410 3436 3668 3506 populoso
3693 3432 3757 3486 di-

2176 3535 2337 3575 verso
2370 3522 2645 3575 venientes
2672 3524 2952 3589 gentilium
2984 3534 3155 3594 atque
3197 3528 3513 3582 Iudaeorum
3547 3536 3758 3595 tanquam

2178 3611 2422 3680 geminos
2458 3613 2689 3680 parietes
2736 3615 2785 3666 in
2829 3630 2985 3667 unam
3028 3615 3338 3671 soliditatis
3376 3619 3597 3687 gratiam
3632 3614 3760 3670 colli-

2178 3702 2319 3771 gavit
2338 3701 2466 3772 [ed.,
2490 3702 2812 3775 collocavit].
2841 3706 2914 3760 De
2938 3705 3037 3760 hoc
3065 3707 3253 3776 lapide
3276 3711 3575 3779 prophetze,
3606 3709 3665 3763 de
3684 3709 3761 3760 hoc

2177 3793 2426 3861 apostoli,
2476 3793 2541 3847 de
2588 3794 2689 3848 hoc
2739 3795 2937 3849 diversi
2993 3798 3163 3852 multa
3217 3801 3501 3856 dixerunt.
3556 3797 3760 3869 Angulus

2178 3882 2321 3937 enim
2354 3890 2550 3937 tractus
2580 3893 2660 3937 est
2697 3900 2761 3940 ex
2802 3885 2987 3940 Graeco
3027 3902 3319 3955 sermone,
3359 3892 3411 3944 id
3450 3900 3563 3957 est,
3592 3906 3620 3942 a
3650 3888 3761 3959 γόνυ,

2178 3975 2319 4045 quod
2370 3976 2556 4030 Latine
2604 3977 2801 4031 dicitur
2849 3993 3011 4048 genu.
3070 3981 3193 4036 Hoc
3248 3984 3512 4038 inﬂexum
3560 3981 3761 4050 speciem

2178 4067 2353 4136 anguli
2388 4067 2648 4121 conformi
2672 4068 2934 4138 ’qualitate
2974 4073 3261 4139 restituit;
3300 4091 3427 4128 nam
3471 4075 3606 4142 apud
3644 4072 3763 4126 Grat-

2178 4173 2267 4213 cos
2296 4158 2555 4228 originem
2602 4161 2680 4212 sui
2728 4160 2957 4214 nominis
3001 4162 3052 4215 in
3094 4163 3543 4218 derivationibus
3575 4160 3762 4215 omnino

2176 4247 2428 4313 custodit,
2461 4260 2516 4301 ut
2543 4257 2874 4318 tetragonus,
2903 4261 3279 4322 pentagonus,
3314 4264 3373 4309 et
3404 4255 3489 4309 bis
3519 4250 3714 4307 similia.

2247 4358 2399 4414 Vers.
2426 4360 2515 4415 Ξῖ).
2543 4362 2587 4413 Λ
2619 4361 2842 4416 Domino
2878 4363 3046 4432 factus
3082 4375 3164 4417 est
3205 4366 3320 4435 hic,
3358 4375 3409 4420 et
3449 4379 3519 4419 est
3555 4358 3765 4416 mirabili:

2172 4451 2328 4523 [mss.
2363 4453 2453 4516 A.,
2486 4454 2568 4521 B.,
2608 4455 2689 4516 F.,
2721 4455 2913 4523 factum
2951 4466 3024 4509 est
3058 4456 3165 4509 hoc
3210 4456 3499 4529 mirabile]
3540 4459 3591 4510 in
3629 4453 3766 4507 oculis

2173 4544 2377 4598 nostris.
2410 4543 2486 4597 Ne
2518 4544 2747 4615 lapidem
2792 4546 2952 4601 istum
2992 4550 3181 4602 saxeis
3238 4551 3528 4605 montibus
3576 4558 3763 4617 putares

2171 4635 2428 4699 excisum,
2458 4636 2511 4690 in
2555 4638 2780 4691 salutem
2829 4639 3277 4709 muudifactum
3327 4644 3467 4697 dicit
3494 4658 3527 4695 a
3555 4640 3764 4694 Domino.

2170 4725 2273 4779 Sed
2298 4726 2423 4780 dum
2454 4738 2712 4783 memorat
2742 4730 2954 4799 factum,
2987 4740 3189 4785 natura
3224 4733 3586 4787 humanitatis
3610 4737 3765 4783 osten-

2169 4814 2341 4881 ditur,
2387 4832 2507 4886 qua:
2547 4828 2600 4871 et
2641 4828 2820 4873 creata
2859 4835 2981 4875 esse
3020 4831 3404 4877 monstratur.
3454 4824 3546 4879 Sic
3574 4830 3624 4877 et
3648 4825 3767 4884 Αρο·

2167 4909 2339 4963 stolus
2358 4910 2464 4963 ait:
2492 4908 2557 4963 In
2584 4912 2972 4967 similitudinem
3000 4913 3292 4969 hominum
3318 4918 3514 4986 factus,
3542 4923 3588 4969 et
3614 4910 3762 4963 habitu

2166 4999 2398 5053 inventus
2422 5009 2473 5055 ut
2499 5002 2648 5055 homo
2680 5002 2913 5074 (Philip.
2946 5019 3004 5070 tt,
3032 5003 3114 5073 7).
3166 5006 3241 5061 Et
3280 5009 3443 5071 alibi,
3484 5006 3585 5072 Qui
3621 5009 3765 5074 {tum

2158 5102 2229 5144 est
2256 5092 2303 5145 ei
2330 5109 2393 5146 ex
2422 5094 2609 5147 sentina
2650 5094 2818 5147 David
2851 5097 3137 5150 secundum
3172 5115 3399 5153 carnem
3433 5100 3605 5167 (Rom.
3634 5110 3668 5159 I,
3697 5092 3759 5160 ὅ).

2158 5179 2263 5235 lste
2305 5183 2498 5251 quippe
2537 5184 2668 5253 lapis
2698 5187 2791 5249 qui
2832 5196 2914 5241 est
2969 5186 3203 5243 fabrica:
3243 5191 3454 5247 decora
3496 5186 3762 5259 copulatio.

2161 5272 2321 5327 ﬁbula
2353 5273 2638 5341 parietum,
2669 5278 2723 5331 in
2748 5277 3120 5334 fundamentis
3171 5293 3453 5352 perpetua
3498 5277 3753 5335 fortitudo.

2160 5364 2406 5419 mirabilis
2437 5373 2518 5419 est
2563 5368 2613 5421 in
2652 5370 2824 5425 oculis
2851 5369 3117 5436 ﬁdelium,
3153 5374 3256 5443 qui
3292 5391 3406 5430 non
3439 5376 3607 5428 solum
3651 5383 3756 5425 eum

2161 5457 2509 5523 corporaliter
2537 5454 2738 5526 vident,
2782 5475 2967 5515 verum
3013 5463 3194 5517 etiam
3250 5466 3555 5519 illuminata
3599 5468 3757 5516 mente

2161 5549 2514 5619 conspiciunt.
2544 5552 2804 5608 Viderunt
2829 5555 2972 5609 enim
3010 5561 3067 5607 et
3097 5553 3313 5625 Judaei,
3346 5559 3445 5615 sed
3486 5571 3592 5612 non
3618 5552 3755 5607 urire-

2160 5639 2331 5710 bilem,
2368 5643 2491 5711 quia
2521 5644 2695 5698 solum
2726 5646 3070 5701 intuebantur
3105 5662 3372 5717 carnem,
3419 5663 3575 5719 quam
3618 5642 3752 5698 vide.

2158 5731 2283 5789 baut
2323 5748 2443 5789 esse
2476 5751 2832 5792 Communem.
2869 5737 3141 5794 Fidelium
3175 5749 3366 5797 autem
3390 5731 3748 5804 sensibus,qui
