3966 6172
232 265 335 319 855

1183 272 1543 331 ΕΧΡΟΞΙΤῙΟ
1585 276 1646 330 IN
1689 277 2146 335 PSALTERiCM.
2190 281 2382 335 PSAL.
2428 280 2582 336 CVII.

3406 292 3512 348 835

231 397 351 438 enim
381 380 572 435 Filium
607 381 698 434 Dei
727 396 845 436 esse
878 383 1098 451 professi
1127 396 1274 455 sunt,
1300 388 1549 442 mirabilis
1578 396 1630 443 ct
1657 390 1814 443 terri-
1845 394 1894 451 Α
1921 389 2134 455 stituite,
2181 390 2330 455 dicit,
2378 391 2425 445 id
2459 401 2540 446 est
2585 392 2878 449 deliberata
2921 397 3190 454 custodite
3239 408 3506 460 sententia

234 472 360 526 bilis
391 470 703 540 apparebat,
747 473 882 524 sicut
909 470 1069 527 Petro
1112 477 1378 545 apostolo.
1421 465 1717 546 qui‘dixit:
1752 476 1827 532 Tu

229 578 283 616 es
313 561 546 614 Christus
575 559 744 614 Filius
776 561 871 614 Dei
899 565 996 616 vivi
1025 563 1240 632 (Matth.
1284 583 1392 634 xvi,
1423 569 1532 638 16).

307 653 461 707 Vers.
490 654 580 707 2-4.
617 653 737 706 Haec
767 655 872 708 dies
893 672 1044 724 quam
1069 660 1186 727 [erit
1211 659 1491 714 Dominus:
1515 663 1824 716 exsultemus

234 757 278 799 et
313 748 544 798 lretemur
573 747 623 798 in
651 763 731 799 ea.
763 748 807 800 0
832 764 988 816 quam
1023 752 1204 804 suavia
1238 753 1398 807 verba
1445 764 1626 808 sancta
1668 756 1823 809 nobis

235 840 492 906 probatur
519 820 764 893 eructare
799 840 1090 896 credulitas
1118 844 1130 896 ι
1182 843 1311 898 Nam
1345 845 1470 899 licet
1502 845 1648 900 Deus
1689 862 1820 900 cun-

233 939 344 984 ctos
385 929 500 983 dies
547 932 829 994 creaverit,
871 932 1210 1002 singulariter
1237 943 1413 990 tamen
1459 937 1592 989 diem
1631 938 1818 992 fecisse

235 1020 450 1085 dicitur,
483 1021 571 1087 qui
604 1019 804 1075 Christi
836 1022 1044 1076 Domini
1072 1026 1347 1078 nativitatc
1371 1037 1611 1081 sacratus
1633 1039 1733 1082 εει.
1761 1027 1818 1081 1η

234 1127 340 1180 quo
388 1113 582 1166 merito
624 1112 879 1165 exsultare
924 1115 1174 1169 convvnit
1221 1124 1275 1170 et
1324 1116 1511 1183 lauari,
1567 1119 1814 1187 quoniam

236 1207 382 1258 ineo
423 1217 475 1258 et
506 1205 748 1259 diabolus
783 1205 872 1274 jus
919 1207 1172 1275 perdidit,
1223 1217 1279 1262 et
1321 1210 1544 1264 salutem
1586 1210 1816 1264 mundus

234 1295 459 1362 accepit.

305 1385 458 1439 V’ers.
482 1385 573 1439 25.
596 1385 638 1437 0
660 1383 900 1450 Domine,
922 1389 1114 1440 salvum
1137 1405 1215 1441 me
1245 1391 1363 1459 fac!
1384 1407 1411 1441 ο
1443 1391 1670 1452 Domine,
1699 1392 1818 1446 bene

233 1481 572 1548 prosperare!
623 1480 1025 1548 lnterjectiones
1074 1482 1189 1536 Isue
1240 1483 1560 1537 desiderium
1615 1499 1818 1552 magna;

236 1571 508 1637 petitionis
541 1564 854 1638 ostendunt,
886 1583 942 1626 ιιι
973 1584 1023 1625 ει
1053 1572 1138 1625 hic
1173 1575 1238 1626 de
1268 1576 1452 1627 mundi
1489 1575 1642 1628 i5t3us
1669 1577 1819 1630 clade

1932 481 2064 534 diem
2109 486 2414 546 solemnem,
2464 485 2552 552 qui
2600 487 2802 541 honore
2843 487 3054 544 Domini
3101 499 3156 545 et
3200 505 3508 552 sanctorum

1928 571 2270 625 cenfessione
2308 584 2550 630 sacratus.
2571 589 2672 630 est.
2708 575 2771 630 In
2809 583 3422 651 confrequentationibus,
3456 587 3509 642 id

1926 669 2009 716 est
2038 664 2469 729 processionibus
2509 668 2747 732 crebris,
2796 686 2930 738 quas
2971 677 3146 740 populi
3193 680 3344 730 turba
3373 693 3508 734 con-

1927 757 2150 820 densat,
2201 768 2264 812 et
2304 760 2478 814 reddit
2534 763 2908 819 celeberrimas
2965 767 3248 824 devotione
3295 771 3507 830 festiva.

1927 847 2078 914 Quod
2113 864 2236 903 vero
2263 851 2484 915 addidit,
2519 871 2672 920 usque
2700 857 2766 908 ad
2795 873 2952 911 cornu
2990 861 3185 924 altaris,
3222 864 3508 930 prohiben—

1927 949 2014 993 tur
2040 942 2202 1009 aliqui
2236 944 2454 998 forsitan
2488 945 2645 1015 (quod
2681 949 2838 1021 397
2869 953 3047 1005 multis
3078 955 3129 1008 in
3160 970 3255 1010 nsu
3286 959 3388 1026 ιει)
3418 975 3512 1010 au-

1925 1033 2033 1086 dita
2069 1034 2341 1105 Evangelii
2375 1039 2602 1092 lectione
2624 1040 2917 1097 discedere.
2951 1045 3062 1098 Non
3089 1049 3228 1099 enim
3253 1052 3320 1100 ad
3349 1065 3510 1102 cornu

1925 1123 2106 1176 altaris
2136 1125 2392 1179 accedunt
2431 1129 2520 1194 qui
2553 1132 3052 1188 communicationis
3085 1141 3252 1203 gratia
3290 1154 3393 1192 nun
3429 1157 3513 1194 ie-

1926 1213 2158 1281 plentur.
2191 1215 2303 1270 Hoc
2333 1218 2396 1270 de
2427 1219 2526 1271 isto
2563 1221 2716 1274 altari
2748 1223 2936 1277 visuali
2978 1225 3073 1292 (ut
3102 1229 3228 1282 mihi
3263 1232 3510 1302 videtur)

1922 1314 2292 1374 competenter
2342 1309 2650 1375 accipimus,
2696 1314 2836 1380 quod
2877 1331 3071 1384 corpus
3109 1328 3164 1371 et
3198 1324 3508 1390 sanguinem

1927 1391 2136 1447 Domini
2171 1397 2395 1450 solemni
2427 1400 2580 1453 nobis
2623 1401 3050 1463 frequentatione
3088 1408 3330 1478 largitur.
3379 1414 3510 1467 Illud

1924 1495 2054 1535 vero
2085 1485 2252 1538 altare
2280 1498 2357 1537 est
2388 1497 2511 1541 ante
2541 1504 2883 1558 Conspectum
2930 1495 3162 1563 Domini,
3197 1503 3280 1554 ubi
3327 1505 3514 1570 purifi-

1926 1571 2060 1624 catis
2091 1575 2283 1626 animis
2315 1592 2408 1638 per
2447 1583 2954 1647 contemplationem
2994 1596 3234 1643 sanctam
3260 1591 3515 1658 jubemur

234 1661 548 1727 liberentur,
597 1672 652 1717 et
702 1662 772 1717 ibi
824 1666 1184 1732 prosperrima
1232 1676 1377 1720 sorte
1426 1667 1490 1719 ad
1546 1668 1816 1721 (texier-nm
1855 1707 1900 1763 Β
1925 1662 2180 1716 accedere
2206 1679 2219 1726 ;
2249 1672 2305 1716 ut
2335 1665 2385 1716 in
2421 1666 2517 1718 bac
2547 1671 2744 1722 actuali
2773 1672 3113 1735 solemnitate
3142 1680 3268 1733 illud
3290 1697 3510 1752 semper

234 1755 583 1808 collocentur.
621 1755 734 1808 Duo
762 1757 902 1808 enim
945 1755 1042 1809 issu
1083 1769 1205 1810 sunt
1234 1774 1352 1824 quin
1401 1759 1572 1812 fidelis
1619 1763 1822 1827 cxrtetit

233 1841 588 1910 Christianus,
621 1855 675 1897 ut
705 1853 758 1899 et
789 1845 872 1899 hic
897 1846 1154 1910 eripiatur
1180 1862 1207 1899 a
1241 1859 1576 1915 peccatorum
1627 1857 1817 1916 morte,

234 1944 285 1985 et
315 1934 423 1987 illic
473 1937 764 1988 collocetur
796 1936 845 1988 in
890 1937 1072 2003 requie
1122 1939 1468 2004 sempiterna.
1517 1937 1646 1991 Nam
1691 1939 1821 1993 istas

234 2027 550 2080 nillictiones
580 2043 712 2095 quas
737 2027 820 2080 hic
853 2028 1145 2094 patiuntur,
1179 2029 1308 2081 i~los
1333 2029 1546 2083 dolores
1577 2046 1710 2096 quos
1735 2030 1820 2085 hic

234 2132 413 2171 amore
445 2118 650 2171 Domini
682 2118 966 2182 sustinent,
996 2118 1068 2172 ibi
1100 2120 1216 2173 sine
1242 2119 1403 2172 dubio
1433 2131 1817 2190 prosperantur,

235 2208 448 2274 quando
473 2207 583 2276 jam
608 2209 671 2259 ad
703 2208 891 2276 gaudia
920 2216 1120 2262 interna
1148 2210 1482 2276 perveniunt.
1514 2208 1820 2280 Prosperari

235 2298 374 2351 «nim
404 2342 418 2365 ,
471 2309 553 2352 est
598 2299 796 2368 aliquid
839 2315 1086 2368 asperum
1121 2300 1298 2356 facere
1342 2302 1712 2369 tranquillum,
1765 2317 1822 2357 ut

235 2398 380 2456 grata
423 2390 580 2442 nobis
609 2389 738 2443 fiant
781 2391 917 2444 mala
958 2393 1223 2459 praeterita
1249 2433 1264 2459 ,
1305 2407 1423 2463 qua:
1451 2396 1725 2452 credimus
1764 2397 1817 2452 in

235 2491 436 2534 aeterna
463 2480 651 2551 gaudia
679 2485 1078 2538 commutanda.

302 2571 455 2626 Vers.
486 2573 578 2628 26.
611 2572 918 2629 Benedictus
945 2577 1033 2644 qui
1057 2577 1190 2630 venit
1219 2579 1271 2632 in
1314 2582 1518 2635 nomine
1562 2582 1771 2638 Domini
1797 2602 1817 2640 :

234 2662 578 2716 lenediximus
606 2679 692 2717 vos
721 2663 868 2735 [mss.
910 2668 997 2730 A.,
1030 2667 1112 2730 B.,
1147 2667 1230 2736 F.,
1259 2671 1415 2742 vobis]
1443 2673 1506 2726 de
1538 2677 1688 2728 domo
1714 2674 1820 2728 Do-

231 2754 374 2805 mini.
404 2755 602 2817 Quarta
649 2757 816 2810 sectio
847 2773 965 2826 quae
1005 2771 1250 2826 superest
1292 2762 1588 2819 introitur:
1629 2754 1818 2822 ubi-de

223 2843 460 2898 adventu
494 2844 703 2899 Domini
733 2862 896 2902 suave
924 2864 1115 2903 munus
1144 2850 1314 2905 laudis
1343 2853 1584 2922 oﬂ‘ertur,
1614 2865 1668 2911 et
1692 2858 1817 2910 suba

224 2936 392 2988 tiliter
425 2938 743 2991 Antichristi
771 2941 1115 3007 prmsumptio
1144 2940 1320 3009 iniqua
1355 2943 1662 3000 damnatur.
1698 2947 1822 3002 llmc

1927 1751 2218 1805 debeamus
2259 1755 2546 1825 inspicere,
2580 1759 2717 1813 sient
2754 1761 2864 1830 jam
2899 1766 2950 1817 in
2984 1769 3391 1838 quadragesimo
3419 1751 3510 1831 Se-

1925 1843 2102 1895 cundo
2128 1844 2334 1911 psalmo
2355 1858 2566 1900 constat
2587 1853 2916 1919 expcsitum,
2950 1858 3035 1910 ubi
3063 1857 3168 1912 ait:
3198 1859 3266 1914 Et
3290 1863 3515 1921 introibo

1923 1932 1992 1984 ad
2020 1934 2182 1986 altare
2218 1935 2327 2000 Dei,
2359 1938 2427 1990 ad
2454 1938 2619 1992 Deum
2650 1944 2737 2010 qui
2764 1945 2989 2013 laetiﬁcat
3009 1951 3325 2017 juventulem
3347 1972 3512 2011 meam

1925 2021 2109 2090 (Psal.
2153 2041 2284 2092 xui,
2311 2025 2408 2096 4).
2461 2029 2631 2083 Cornu
2684 2048 2811 2089 vero
2856 2039 3123 2106 significat
3167 2053 3510 2115 potestatem,

1924 2130 2080 2184 quam
2114 2128 2355 2171 sanctum
2385 2121 2555 2175 altare
2589 2122 2786 2182 habere
2817 2130 3157 2187 manifesmm
3184 2144 3288 2190 est.

1997 2205 2151 2262 Vers.
2185 2210 2276 2265 ‘28.
2312 2210 2447 2266 Deus
2479 2231 2620 2270 meus
2650 2236 2701 2271 es
2725 2229 2799 2284 tu,
2827 2231 2876 2274 et
2911 2226 3189 2294 conﬁtebor
3219 2231 3340 2298 tibi;
3376 2235 3513 2291 Deus

1924 2313 2064 2351 meus
2093 2316 2144 2352 es
2175 2311 2250 2365 tu,
2292 2312 2340 2354 et
2386 2307 2618 2360 exaltabo
2659 2317 2728 2364 te.
2766 2311 2935 2378 Quam
2984 2320 3118 2372 bene
3163 2323 3363 2380 veritas
3412 2329 3511 2382 iala

1927 2389 2273 2455 professionis
2302 2393 2548 2462 iteratur,
2584 2409 2639 2452 ιιι
2672 2401 2951 2458 Dominum
3000 2421 3240 2464 n05trutn
3268 2415 3511 2473 dicamus

1923 2490 2044 2530 esse
2067 2519 2081 2543 ,
2116 2494 2272 2548 quem
2306 2499 2432 2550 pura
2462 2497 2638 2542 mente
2681 2505 2785 2544 non
2825 2492 3123 2552 desinimus
3151 2502 3409 2561 adorari-1
3455 2509 3511 2563 ln

1922 2568 2096 2634 primo
2123 2572 2263 2623 enim
2297 2587 2562 2630 commate
2605 2578 2754 2646 dicit,
2793 2586 3070 2652 conﬁtebor
3110 2591 3220 2656 tibi,
3263 2597 3404 2662 quod
3444 2600 3510 2652 ad

1920 2659 2212 2726 gratiarum
2245 2667 2474 2731 pertinet
2503 2670 2790 2726 actionem.
2817 2674 2870 2728 In
2894 2680 3149 2754 secundo,
3176 2659 3412 2743 exaltabo
3435 2701 3504 2756 te,

1921 2751 2041 2818 quia
2088 2755 2556 2820 praedicationibus
2605 2762 2879 2820 beatorum
2929 2751 3022 2837 per
3068 2787 3288 2832 Cunctas
3323 2794 3514 2848 gentes

1923 2841 2191 2896 exaltatur
2235 2845 2488 2902 Dominus
2528 2850 2790 2917 Christus,
2829 2863 2915 2926 qui
2953 2861 3126 2916 reddit
3169 2841 3368 2922 bonum
3415 2887 3512 2940 pro

1928 2932 2085 2996 malo,
2121 2936 2208 3002 qui
2238 2937 2483 3004 inimicos
2512 2940 2637 2996 dum
2671 2948 2835 3010 possit
2873 2951 3216 3020 exstinguere
3248 2932 3512 3027 patienter

224 3026 393 3094 “sum
425 3027 623 3080 dicitur
649 3030 942 3096 emphasis,
971 3047 1091 3100 qua,
1113 3032 1381 3102 Signiam“
1408 3036 1568 3089 etiam
1601 3035 1655 3091 id
1676 3038 1816 3108 quod
1847 3010 1890 3069 C
1925 3035 2240 3115 exspectat;
2281 3037 2334 3082 et
2371 3035 2647 3087 conversis
2695 3037 2817 3091 talia
2868 3043 3043 3096 reddit
3088 3049 3264 3115 qualia
3311 3059 3512 3112 sanctis

223 3132 327 3171 non
358 3119 508 3172 dicit.
545 3119 777 3174 Dicendo
803 3122 943 3176 enim
967 3162 980 3183 ,
1013 3122 1320 3179 Benedictus
1359 3128 1444 3195 qui
1469 3131 1604 3182 venit
1642 3131 1696 3184 in
1727 3119 1816 3185 no-

220 3211 356 3264 mine
383 3210 613 3276 Domini,
648 3211 794 3266 illum
835 3222 1046 3269 constat
1081 3230 1200 3270 esse
1242 3218 1587 3275 maledictum
1631 3223 1720 3291 qui
1760 3224 1812 3278 in

229 3314 326 3351 suo
357 3300 581 3354 nomine
610 3304 846 3356 creditur
868 3317 987 3358 esse
1027 3315 1306 3360 venturus.
1340 3309 1404 3362 Et
1445 3318 1501 3364 ut
1542 3311 1814 3368 Christum

216 3392 644 3461 omnipotentem
674 3395 958 3451 Dominum
981 3413 1100 3454 esse
1127 3415 1502 3469 cognosceres,
1528 3401 1659 3458 dicit
1685 3420 1808 3460 eum

216 3485 409 3538 venisse
431 3486 484 3536 in
508 3488 718 3540 nomine
740 3486 969 3557 Domini,
988 3507 1053 3546 ne
1073 3492 1270 3561 aliquid
1290 3493 1357 3549 de
1383 3497 1496 3564 ipso
1521 3497 1813 3554 carnaliter

218 3590 367 3628 ruens
397 3576 634 3630 humana
659 3581 905 3637 sentiret.
934 3583 1043 3639 Hoc
1073 3587 1230 3640 etiam
1256 3597 1307 3639 et
1329 3587 1600 3658 Evangelii
1630 3597 1808 3644 textus

214 3671 472 3736 ostendit,
515 3671 728 3726 dicens:
763 3673 873 3743 Ego
912 3677 1024 3730 veni
1063 3678 1116 3730 in
1153 3680 1356 3733 nomine
1404 3680 1576 3735 Patris
1600 3684 1718 3748 mei,
1757 3693 1808 3740 et

213 3773 316 3812 non
334 3761 610 3828 accepistis
636 3777 714 3816 me
731 3777 750 3815 :
779 3764 823 3814 si
843 3762 982 3818 alius
1004 3766 1192 3818 venerit
1215 3767 1266 3820 in
1292 3769 1496 3822 nomine
1517 3786 1631 3834 suo,
1657 3771 1806 3825 illutn

215 3855 482 3921 accipietis
516 3853 696 3923 (Joan.
721 3870 774 3919 v,
805 3855 919 3926 45).
951 3857 1234 3928 Sequitur,
1261 3859 1608 3915 benediximus
1635 3879 1719 3917 vos
1744 3863 1806 3918 de

209 3943 364 3996 domo
396 3941 635 3998 Domini.
669 3944 750 3998 Ab
780 3945 872 4000 illo
904 3947 1098 4014 populo
1128 3947 1268 4002 fideli
1298 3965 1454 4014 quem
1482 3952 1686 4019 praelati
1715 3967 1808 4008 su-

211 4048 354 4098 ιιιιιε,
389 4034 494 4087 hoc
518 4035 711 4089 dicitur
733 4035 949 4106 reliquis
969 4035 1315 4106 Christianis,
1334 4039 1426 4108 qui
1447 4041 1596 4108 quasi
1626 4057 1808 4098 sacer-

209 4123 383 4176 dotali
415 4122 676 4192 dignitate
699 4124 934 4178 subvecti
959 4125 1250 4194 loquuntur
1269 4127 1335 4180 ad
1366 4128 1598 4198 plebem,
1623 4139 1806 4186 osten-

207 4213 404 4267 dentes
437 4213 648 4268 Domini
680 4215 1105 4270 benedictionem
1133 4216 1340 4272 devotte
1368 4219 1634 4287 plebi'per
1664 4223 1805 4277 anti-

207 4305 367 4358 stites
397 4305 688 4358 salubriter
708 4304 844 4359 dari.
875 4307 941 4360 Et
966 4321 1032 4360 ne
1061 4307 1161 4362 hoc
1181 4307 1488 4363 dubitanter
1509 4311 1804 4380 acciperes,

204 4393 362 4457 dicit,
393 4393 460 4446 de
486 4394 639 4447 domo
671 4393 898 4460 Domini,
932 4395 982 4450 id
1012 4405 1095 4450 est
1128 4396 1196 4451 de
1225 4398 1460 4454 Ecclesia
1500 4403 1759 4458 catholica
1779 4446 1795 4472 ,
1832 4387 1878 4446 θ
1905 4390 2080 4486 ςκιήιθ
2108 4395 2376 4486 (ξοηῖθδδίο
2407 4402 2580 4465 Ροείιδ
2624 4416 2726 4470 εδει
2759 4412 2816 4460 ει
2854 4408 2903 4460 in
2944 4411 3051 4468 συθ
3082 4429 3249 4486 repeti

205 4487 354 4540 tande
403 4485 637 4541 salutare
676 4486 937 4556 baptisma
981 4489 1148 4556 venit,
1195 4490 1336 4546 unde
1382 4496 1799 4552 communicatio

200 4586 395 4631 sancta
451 4577 724 4645 procedit,
760 4577 896 4636 unde
947 4579 1051 4634 olei
1097 4582 1295 4655 sacrati
1337 4584 1592 4640 unctione
1643 4603 1798 4642 mun-

197 4667 426 4729 damur,
457 4668 598 4724 unde
641 4669 817 4724 omnis
865 4669 1096 4740 denique
1135 4670 1436 4728 benedictio
1479 4689 1602 4730 vera
1657 4694 1796 4748 prm-

195 4766 399 4813 statur.

271 4849 436 4904 Vers.
468 4849 560 4904 27.
594 4850 730 4905 Deus
761 4852 1010 4909 Dominus
1034 4867 1082 4910 et
1112 4856 1286 4911 illuxit
1307 4860 1485 4915 nobis:
1509 4864 1800 4919 constituite

189 4942 343 4994 diem
371 4940 650 4995 solemnem
672 4944 724 4995 in
744 4945 1348 5014 confrequentationibus,
1371 4966 1530 5021 usque
1551 4953 1619 5004 ad
1640 4969 1803 5008 cornu

183 5033 408 5087 altaris.
442 5032 579 5089 Cum
609 5037 758 5104 dicit,
805 5038 940 5093 Deus
982 5038 1250 5105 Dominus,
1282 5043 1347 5096 ad
1389 5045 1665 5114 superiora
1698 5064 1801 5103 re—

185 5126 458 5190 spondet,
488 5135 550 5180 ut
596 5127 674 5181 sic
701 5129 963 5200 intelligas
989 5146 1004 5184 :
1037 5130 1400 5188 Benediximus
1430 5153 1515 5190 vos
1546 5138 1608 5192 tle
1639 5141 1798 5196 domo

185 5214 417 5269 Domini
440 5233 459 5281 ;
491 5219 603 5274 imo
634 5235 738 5274 non
768 5237 886 5283 nos.
916 5222 1009 5277 sed
1043 5224 1177 5278 Deus
1201 5224 1469 5280 Dominus.
1504 5228 1620 5298 Ipse
1647 5232 1792 5288 enim

179 5307 471 5361 bonedicit
501 5323 601 5362 ore
645 5321 972 5377 sanctorum,
1001 5323 1056 5368 et
1097 5315 1318 5371 lucescit
1346 5317 1501 5373 nobis
1522 5361 1536 5386 ,
1571 5323 1787 5392 quando

179 5410 292 5449 nos
321 5411 355 5449 a
399 5407 740 5466 peccatorum
792 5405 1208 5462 obscuritatibus
1251 5409 1467 5468 alienat.
1511 5415 1786 5485 Sequitur,

175 5488 490 5542 constituite
545 5490 679 5544 diem
738 5494 1012 5548 solemnem
1066 5499 1118 5550 in
1167 5501 1785 5576 confrequentationibus,

175 5597 359 5647 usque
386 5582 453 5634 ad
484 5598 647 5638 cornu
683 5585 880 5641 altaris.
916 5589 1046 5644 Illud
1082 5589 1191 5658 jam
1239 5593 1435 5648 dicitur
1468 5595 1782 5667 benedictis,
1853 5619 1860 5632 ι

171 5674 269 5741 qui
311 5683 574 5742 pateram
607 5674 721 5734 dies
771 5679 934 5736 festos
964 5682 1241 5740 celebrare
1282 5687 1616 5744 solemniter.
1650 5687 1785 5744 Con—

1921 3112 2034 3165 suis
2068 3116 2431 3172 misericordia
2461 3125 2690 3191 gratuita
2727 3112 3119 3196 compromisiti
3397 3187 3405 3195 .

1991 3201 2143 3259 Ver-3.
2166 3207 2255 3260 ‘29.
2283 3209 2572 3278 Conﬁtebor
2596 3217 2704 3282 tibi,
2735 3218 2968 3282 Domine,
2987 3227 3229 3290 quoniam
3251 3234 3510 3290 exaudiui

1917 3305 2014 3356 me,
2052 3303 2096 3346 et
2125 3295 2287 3364 factus
2319 3307 2390 3352 est
2420 3301 2544 3354 milii
2571 3307 2621 3356 in
2651 3304 2889 3360 salutem.
2925 3310 3020 3366 llic
3058 3314 3271 3379 quidem
3312 3337 3504 3379 versus

1917 3394 2170 3460 quoniam
2199 3399 2458 3465 repetitus
2483 3411 2588 3468 est,
2617 3403 2726 3471 jam
2768 3409 3015 3476 superius
3047 3410 3101 3464 in
3149 3417 3304 3469 tertia
3348 3433 3502 3488 parte

1917 3482 2172 3550 probatur
2200 3490 2474 3553 expositus
2499 3508 2513 3557 ;
2538 3491 2648 3546 hoc
2681 3504 2853 3550 tamen
2885 3499 3116 3556 breviter
3136 3482 3418 3579 edicimus,
3444 3524 3502 3570 ut

1917 3570 2053 3627 hanc
2080 3576 2472 3634 confessionem
2514 3583 2840 3644 latissimam
2874 3601 2993 3659 post
3028 3608 3274 3667 percepta
3302 3570 3505 3661 benefi-

1915 3663 1996 3717 cia
2041 3665 2210 3722 iusim
2260 3670 2556 3742 intelligere
2592 3678 2925 3751 debeamus,
2957 3687 3097 3742 sicut
3126 3663 3226 3748 nos
3265 3711 3505 3757 commo-

1917 3754 2032 3806 nuit
2062 3767 2115 3810 et
2147 3758 2329 3814 titulus
2355 3763 2601 3820 Alleluia.
3250 3793 3256 3801 '

1991 3844 2140 3902 Vers.
2175 3851 2261 3904 50.
2296 3852 2620 3922 Conﬁtemini
2652 3858 2870 3917 Domino
2896 3870 3135 3933 quoniam
3164 3875 3344 3946 bonus,
3373 3898 3502 3952 quo-

1915 3935 2051 3988 niam
2099 3939 2149 3991 in
2191 3941 2437 3995 sa'culum
2483 3947 2832 4004 misericordia
2879 3957 3011 4024 ejus.
3060 3961 3125 4014 Et
3155 3963 3241 4018 hic
3287 3935 3500 4042 quoque

1912 4040 2103 4080 versus
2135 4029 2185 4081 in
2214 4032 2386 4099 capite
2420 4036 2608 4102 psalmi
2638 4041 2890 4104 probatur
2921 4061 3041 4102 esse
3063 4049 3174 4118 jam
3215 4029 3502 4124 dicius,.ut

1909 4115 2046 4170 sicut
2073 4133 2102 4170 a
2131 4117 2346 4176 Christo
2384 4123 2507 4179 fecit
2547 4126 2778 4196 ioitimn,
2815 4133 2883 4186 ita
2917 4136 3018 4204 ipsi
3059 4115 3498 4207 concordare'vi;

1911 4205 2183 4318 deatur-let
2216 4211 2374 4318 finis;
2401 4215 2516 4284 ipse
2561 4220 2702 4274 enim
2735 4223 2784 4276 in
2815 4226 3135 4300 Apocalypsi
3177 4237 3342 4293 dicit:
3387 4205 3500 4318 Ego

1909 4313 2024 4399 sum
2055 4300 2232 4400 ΑΙρΙιιιΔ
2249 4316 2296 4357 et
2332 4303 2521 4377 Omega
2565 4311 2750 4378 (Apoc.
2784 4331 2823 4379 ι,
2855 4317 2934 4387 8).
2982 4321 3172 4380 Merito
3205 4343 3336 4400 ergo
3365 4300 3497 4393 etin

1908 4431 2080 4490 ἴ..,,..ν
2109 4431 2376 4495 amasse...
2409 4431 2580 4465 ,ιυοιιςι
2624 4431 2726 4470 cat,
2759 4431 2816 4460 et
2854 4431 2903 4460 ιη
2944 4431 3051 4468 ιιιιε
3082 4431 3331 4491 repetita,
3371 4431 3495 4497 quia

1907 4495 1959 4581 in
1991 4493 2134 4583 omni
2181 4493 2284 4589 vita
2317 4498 2496 4542 ucstra
2529 4493 2697 4561 ipsam
2732 4513 2830 4552 nos
2858 4514 3071 4572 oportet
3109 4493 3404 4589 aSsumere,
3442 4535 3499 4579 et

1905 4569 1958 4624 in
1990 4571 2155 4640 ipsius
2185 4574 2542 4637 delectatione
2575 4581 2752 4643 linire.

2442 4742 2714 4802 Conclusio
2741 4754 2942 4821 psalmi.

1975 4871 2340 4934 Recordemur
2387 4880 2528 4939 hunc
2576 4890 2836 4957 psalmum
2884 4911 2988 4952 non
3029 4901 3295 4964 incassum
3346 4917 3492 4974 velut

1903 4965 2220 5032 quibusdam
2270 4969 2524 5041 fulgoreis
2563 4982 2834 5038 coloribus
2876 5002 2998 5043 esse
3046 5005 3376 5058 contextum.
3430 5009 3488 5066 in

1899 5056 2073 5124 capite
2097 5059 2238 5114 enim
2269 5072 2500 5132 quatuor
2523 5084 2708 5127 versus
2733 5076 2958 5133 unifiues
2989 5089 3187 5154 posuit,
3210 5104 3265 5147 et
3291 5096 3481 5156 iterum

1898 5147 1950 5201 in
1983 5149 2087 5206 fine
2116 5153 2342 5221 primum
2376 5171 2586 5214 versum
2625 5165 2810 5230 psalmi
2839 5147 3033 5228 decora
3065 5147 3352 5242 iteratione
3391 5147 3482 5259 ge:

1896 5241 2134 5344 minavit,
2164 5256 2324 5316 atque
2363 5249 2552 5306 iterum
2580 5269 2735 5324 quem
2778 5259 3089 5319 vicesimum
3129 5272 3358 5338 primum
3391 5241 3483 5348 ἷιο-

1896 5331 2025 5399 suit,
2058 5336 2304 5392 eumdem
2336 5355 2470 5408 pene
2499 5343 2742 5401 ultimum
2777 5353 3030 5421 repetiit,
3061 5368 3117 5412 ut
3144 5367 3292 5429 quasi
3321 5331 3484 5429 vestis

1899 5420 1986 5474 illa
2019 5425 2284 5491 pontificis
2311 5431 2487 5486 aureis
2525 5436 2843 5502 quibusdam
2885 5420 3020 5511 illis,
3045 5456 3102 5501 et
3135 5420 3480 5518 v'ertttic-u'l‘ata

1897 5515 2290 5580 pulclrntudine
2319 5530 2562 5578 contexta
2599 5527 2844 5599 fulgeret.
2881 5533 2970 5589 illa
3007 5539 3150 5596 enim
3180 5545 3230 5598 itt
3259 5515 3482 5611 ﬁmbriis

1898 5605 2079 5660 habuit
2121 5609 2494 5679 tintinnabula,
2546 5615 2635 5671 isti
2673 5619 2721 5674 in
2770 5621 2874 5678 line
2925 5626 3111 5686 eadem
3162 5605 3481 5714 retinuiunt:

1895 5711 2011 5764 quae
2031 5697 2081 5753 in
2106 5701 2282 5770 capite
2307 5701 2448 5760 dicta
2473 5719 2790 5768 sonuerunt.
2817 5711 3059 5772 Pontifex
3086 5721 3246 5796 igitur
3267 5697 3482 5805 quandi;
