4032 6176
429 236 531 289 853

1640 226 1707 281 Μ.
1751 223 2025 280 AUREI."
2066 220 2461 279 CASSIODORI

3600 220 3701 275 836

430 345 822 418 ingrediebatur
864 350 1055 400 Sancta
1105 351 1410 398 sanctorum
1460 339 1693 394 habebat
1737 342 1875 394 hanc
1920 354 2008 393 ve-
2037 344 2085 398 Α
2113 337 2304 404 ειίιίιιθ
2349 333 2713 389 famulantur:
2763 334 2933 389 Genus
2968 336 3203 397 electum,
3251 332 3420 401 regale
3462 336 3702 387 sacerdo-

430 450 589 507 steiu,
620 446 675 491 ut
700 435 952 492 antistitis
1000 433 1281 489 reverendi
1324 433 1633 488 nullatenus
1673 433 2012 501 ignoraretur

431 530 715 593 adventus,
746 540 865 580 cum
894 526 1055 581 etiam
1080 525 1274 580 tacitus
1294 524 1498 579 vocalis
1521 523 1667 598 [mss.
1694 525 1782 588 A.,
1808 524 1894 591 8.,
1920 541 2014 579 vo-

430 617 652 690 cabulis]
676 616 964 672 incederet.
993 616 1098 674 iste
1124 617 1204 671 sic
1224 616 1415 672 decora
1441 617 1699 671 varietate
1724 616 2013 685 dispositus

433 721 539 774 est,
580 720 637 764 ut
666 710 932 778 praeconia
978 716 1178 764 sanctae
1224 709 1609 765 incarnationis
1644 708 2015 777 pulcherrimis

434 801 750 870 quibusdam
773 800 1070 855 sentiantur
1087 799 1319 856 indiciis.
1336 798 1623 869 Coopcriat
1638 815 1755 867 nos,
1776 801 1860 871 pie
1878 800 2012 870 Rex,

432 895 535 948 ista
563 893 727 949 vestis
753 892 953 961 eloquii
984 892 1080 956 tui,
1109 901 1166 948 et
1207 892 1310 947 hoc
1349 899 1607 947 resonent
1640 900 1693 946 te
1728 902 2017 961 praestante

433 994 582 1040 actus
610 984 753 1058 [mss.
783 983 873 1050 Α..
897 982 985 1047 Β..
1022 983 1123 1039 bac
1143 992 1454 1038 remanente
1478 983 1822 1052 praesentiant
1846 982 2017 1055 aetus]

438 1077 628 1143 nostri,
657 1075 797 1146 quod
829 1084 939 1142 tua,
978 1074 1227 1140 Domine,
1271 1085 1542 1145 praecepta
1576 1074 1873 1143 jusserunt.
1909 1074 2020 1129 Me-

439 1168 748 1223 minerimus
764 1176 941 1220 autem
966 1165 1106 1219 hunc
1129 1164 1391 1234 psalmum
1419 1166 1662 1234 quintum
1686 1178 1806 1219 esse
1828 1178 2014 1219 eorum

437 1261 525 1329 qui
556 1259 623 1314 de
666 1259 839 1327 primo
891 1257 1122 1311 adventu
1175 1255 1384 1309 Domini
1432 1255 1661 1310 mirabili
1709 1256 2021 1310 narratione

441 1350 631 1420 prolati
668 1360 825 1405 sunt:
868 1352 1102 1419 quinque
1141 1348 1371 1402 fortasse
1408 1346 1633 1415 panibus
1674 1347 2020 1417 comparandi

441 1443 531 1513 qui
558 1444 786 1497 esuriem
816 1441 1212 1495 observantium
1244 1439 1565 1508 populorum
1595 1438 1763 1506 c0piis
1792 1438 2023 1493 celesti-

442 1535 541 1589 btis
564 1536 934 1603 expleverunt.

699 1643 1050 1706 EXPOSlTlO
1083 1642 1157 1697 IN.
1178 1641 1502 1698 PSALMU.“
1532 1640 1763 1695 CXVlll.

1107 1732 1352 1787 Alleluia.

516 1847 727 1903 Festivo
754 1847 957 1915 psalmo
988 1853 1042 1899 et
1072 1843 1368 1899 divinarum
1400 1858 1578 1896 rerum
1606 1842 1801 1895 virtute
1833 1841 2029 1912 plenis-

443 1943 601 2005 simo,
626 1938 986 1995 desiderabile
1017 1936 1243 1991 Alleluia
1285 1934 1653 2005 praemittitur,
1687 1944 1744 1988 ut
1775 1933 2027 1989 meritum

445 2033 613 2088 divini
634 2031 891 2087 carminis
914 2029 1117 2083 honore
1142 2027 1280 2081 tituli
1306 2027 1473 2095 possit
1496 2026 1736 2097 agnosci.
1769 2025 1864 2080 Est
1884 2025 2026 2079 enim

446 2124 737 2178 altissimus
770 2121 1131 2189 profunditate
1170 2133 1446 2178 sensuum,
1479 2125 1535 2172 et
1569 2126 1849 2171 contextus
1877 2117 2025 2186 quasi

449 2217 701 2271 similium
720 2214 1037 2283 repetitione
1055 2210 1538 2275 verborum,modo
1562 2209 1862 2279 profitendo
1886 2207 2029 2278 quod

448 2305 675 2372 accepit,
707 2303 864 2357 modo
897 2304 1086 2355 iterum
1116 2301 1303 2353 eadem
1344 2299 1610 2367 sperando
1652 2313 1771 2368 qua:
1812 2299 2027 2352 meruit.

450 2394 552 2459 Qui
583 2406 731 2446 more
760 2391 1016 2445 nobilium
1061 2390 1342 2442 ﬂuviorum
1379 2388 1511 2441 leuis
1550 2387 1628 2442 ire
1664 2387 1991 2456 conspicitur
2014 2427 2029 2451 ,

450 2501 572 2540 cum
613 2485 771 2539 nimis
817 2482 1114 2552 profundus
1145 2495 1264 2535 esse
1312 2489 1606 2544 noscatur;
1647 2495 1806 2548 quem
1852 2488 2030 2533 tamen

452 2587 661 2649 oportet
689 2577 926 2647 (juvante
960 2575 1090 2642 Deo)
1130 2573 1354 2626 instituti
1398 2571 1565 2625 nostri
1612 2586 1861 2625 mensura
1909 2585 2026 2639 per-

452 2686 695 2735 currere,
726 2685 791 2724 ne
822 2669 908 2737 qui
944 2682 1041 2721 nos
1074 2667 1330 2720 haetenus
1370 2663 1805 2727 constrinximus,
1857 2664 2028 2717 subita

455 2766 801 2821 inundatione
848 2762 1148 2815 luntlamur.
1179 2759 1267 2811 Est
1308 2758 1465 2810 etiam
1497 2756 1733 2811 Hebraeis
1755 2757 2034 2810 elementis

454 2859 519 2912 ad
550 2856 707 2910 rudes
750 2862 804 2908 et
834 2852 1093 2906 docibiles
1121 2849 1172 2902 in
1222 2848 1403 2902 schola
1447 2845 1641 2903 Christi
1685 2847 1907 2915 populos
1955 2846 2035 2899 in-

452 2945 741 3002 struendus
773 2945 861 2997 tali
888 2932 1077 2996 ordine
1108 2939 1376 3007 depictus,
1408 2947 1464 2992 ut
1491 2952 1702 2992 versum
1738 2945 1893 3006 quem
1930 2936 2033 3004 pri-

455 3054 540 3093 ma
570 3039 741 3091 littera
780 3036 966 3089 sortita
996 3024 1177 3095 fuerit,
1201 3029 1397 3084 eadem
1430 3037 1483 3083 et
1512 3030 1564 3081 in
1603 3036 1806 3097 septem
1849 3028 2033 3081 subse-

458 3129 747 3201 quentibus
797 3126 1074 3196 alligatur,
1121 3133 1517 3187 sacramentum
1550 3120 1678 3175 illud
1719 3119 1940 3174 forsitan
1983 3120 2035 3173 in

458 3224 636 3277 cordis
667 3219 1077 3274 circumcisione
1116 3216 1425 3284 designans.
1458 3213 1549 3268 Sic
1584 3214 1684 3267 iste
1721 3212 1953 3280 psalmus
1985 3212 2036 3264 in

455 3330 552 3371 sua
586 3316 761 3383 lingua
795 3326 889 3379 per
920 3308 1158 3378 singulas
1188 3307 1396 3361 litteras
1421 3305 1629 3359 octonis
1654 3304 1898 3359 versibus
1920 3318 2041 3372 gre-

455 3411 618 3481 gatim
636 3408 818 3463 “decuri
834 3418 953 3471 ens,
980 3403 1081 3459 sibi
1106 3402 1339 3471 undique
1360 3400 1589 3455 collatus
1617 3400 1843 3470 partium
1866 3413 2043 3467 aequa-

457 3507 606 3558 litate
657 3499 838 3554 ﬁnitus
876 3504 979 3551 est.
1023 3493 1175 3560 Quod
1230 3507 1329 3547 nos
1386 3491 1613 3545 dicimus
1664 3498 1719 3544 et
1763 3486 2039 3543 divisionis

456 3606 618 3649 causa
651 3588 902 3660 positum,
932 3593 986 3641 et
1014 3595 1071 3639 ut
1100 3583 1396 3654 perlectum
1434 3595 1718 3636 numerum
1758 3579 1926 3649 possit
1955 3578 2038 3632 in-

457 3684 642 3739 dicare
668 3681 956 3751 iustorum.
979 3676 1099 3731 lstis
1126 3675 1268 3729 enim
1294 3673 1487 3728 litteris
1508 3683 1562 3728 et
1591 3672 1813 3728 Hebraea
1836 3669 2044 3741 sapien-

461 3776 532 3830 tia
561 3773 805 3837 discitur,
839 3778 893 3825 et
919 3767 1225 3823 divinorum
1250 3764 1507 3822 librorum
1530 3772 1771 3818 sacratus
1792 3775 2045 3817 numerus

460 3865 782 3922 continetur.
820 3860 926 3915 Has
954 3857 1100 3915 enim
1122 3857 1331 3911 litteras
1358 3853 1777 3925 signiﬁcationes
1802 3866 1929 3907 suas
1953 3852 2050 3904 ha-

460 3959 590 4014 bere
618 3955 809 4026 (beato
841 3950 1168 4021 Hieronymo
1199 3946 1456 4015 testante)
1488 3944 1861 4015 cognovimus,
1900 3940 2042 4009 quod

462 4061 603 4102 nunc
633 4052 876 4114 repetere
900 4037 1112 4097 videtur
1136 4052 1259 4093 esse
1295 4033 1647 4104 superﬂuum,
1677 4049 1801 4088 cum
1838 4033 1911 4088 sit
1930 4032 2042 4104 jam

462 4140 685 4195 alterius
713 4137 896 4199 labore
931 4132 1241 4189 collectum.
1285 4128 1439 4185 Hunc
1482 4138 1659 4184 autem
1701 4128 1962 4197 psalmum
1990 4136 2045 4182 et

462 4232 813 4289 centesimum
828 4224 1292 4298 quadragesimum
1306 4232 1550 4293 quartum
1561 4229 1634 4289 ,et
1648 4218 2045 4276 Deuteronomii

464 4323 730 4379 canticum
762 4317 1028 4387 Josephus
1058 4314 1224 4370 refert
1261 4313 1502 4383 elegiaco
1534 4320 1707 4368 metro
1732 4325 1853 4366 esse
1892 4324 2041 4365 com-
2075 4333 2126 4390 Ι)

465 4414 687 4480 νοςίιοε.

1059 4518 1253 4571 Dirisio
1291 4519 1494 4588 psalmi.

539 4635 749 4690 Psalmo
776 4632 859 4687 isti
892 4630 1078 4686 morali
1109 4629 1361 4683 Hebraeas
1406 4628 1608 4683 litteras
1647 4629 1713 4684 ad
1752 4644 1903 4685 suum
1945 4646 2043 4685 nu-

468 4744 671 4785 merum
710 4724 839 4798 [ed.,
872 4723 953 4779 sui
980 4715 1208 4789 numeri]
1239 4720 1530 4775 divisiones
1560 4719 1905 4775 illustrabiles
1941 4736 2044 4777 non

469 4825 760 4891 incongrue
797 4817 1023 4872 dicimus
1068 4813 1398 4868 contulisse:
1454 4813 1505 4866 in
1549 4828 1652 4890 quo
1690 4814 1787 4867 sibi
1824 4824 2047 4870 οριοηοε

468 4930 656 4972 versus
699 4916 781 4979 (ut
806 4925 964 4979 supra
993 4902 1344 4963 memoratum
1375 4905 1479 4976 εει)
1511 4900 1733 4977 singulae
1776 4908 2051 4963 vindican-

471 5019 572 5072 tes,
605 5014 852 5060 cunctum
893 5016 1108 5055 carmen
1152 4997 1509 5067 pulcherrima
1545 4998 1812 5068 parilitate
1848 4998 2052 5053 descri-

469 5101 642 5163 bunt;
675 5096 763 5165 qui
797 5093 938 5148 nulla
982 5090 1339 5160 permixtione
1375 5088 1742 5153 confunditur,
1774 5089 1866 5143 sed
1898 5089 2045 5144 novi-

472 5202 608 5247 tates
636 5203 810 5242 l’tzl'llln
843 5185 1061 5239 mutatis
1094 5182 1193 5237 sibi
1227 5182 1416 5235 litteris
1444 5182 1700 5251 explicat.
1736 5181 1838 5235 Per
1882 5184 2047 5259 totum

472 5289 651 5354 itaque
689 5283 947 5349 psalmum
990 5278 1304 5333 universalis
1346 5286 1651 5332 sanctorum
1690 5280 1887 5332 chorus
1928 5281 2050 5336 elo-

472 5378 671 5445 quitur,
710 5374 798 5443 qui
830 5373 896 5425 ab
931 5372 1080 5425 initio
1124 5369 1307 5423 mundi
1348 5372 1462 5424 sive
1495 5368 1728 5436 fuerunt,
1766 5371 1878 5424 sive
1904 5383 2049 5436 sunt,

471 5472 586 5525 sive
629 5467 788 5522 futuri
828 5480 948 5520 esse
990 5463 1302 5518 creduntur.
1355 5461 1499 5517 Inter
1536 5477 1670 5531 quos
1715 5463 2052 5532 reperiuntur

472 5561 721 5629 apostoli,
765 5556 1098 5625 prophetas,‘
1125 5563 1420 5624 martyres,
1461 5554 1822 5617 confessores,
1871 5555 2081 5611 eccle-.

475 5652 678 5706 siastici
710 5648 949 5714 ordines,
991 5657 1044 5703 et
1075 5662 1263 5704 omnes
1288 5648 1378 5718 qui
1422 5657 1607 5704 sancta
1643 5648 1871 5703 Domino
1915 5648 2054 5703 inte-

2119 427 2266 493 tium,
2296 442 2418 497 gens
2447 436 2645 491 sancta,
2669 427 2889 495 populus
2917 424 3267 495 acquisitionis
3290 421 3344 496 (1
3373 423 3517 477 Petr.
3541 439 3598 488 tt,
3624 423 3707 497 9),

2120 518 2188 571 ab
2228 518 2434 587 origine
2477 518 2690 587 generis
2737 516 2953 571 humani
2996 531 3166 585 usque
3209 515 3274 570 ad
3322 513 3479 570 linem
3520 516 3710 570 saeculi

2121 606 2482 677 colligendus.
2511 606 2618 663 Sed
2648 607 2891 676 quamvis
2922 606 3112 660 borum
3149 605 3219 661 sit
3251 605 3531 659 innumera
3571 605 3715 659 mul—

2125 699 2318 765 titudo,
2359 711 2495 752 unus
2537 706 2713 753 tamen
2743 698 2936 767 ubique
2983 696 3342 752 introducitur
3378 694 3445 749 ad
3486 696 3711 765 loquen-

2125 789 2278 854 dum,
2307 797 2363 842 ut
2394 791 2561 843 virtus
2583 789 2807 843 unitatis
2829 789 2880 843 iu
2906 788 3142 842 Ecclesia
3171 785 3423 842 concordi
3450 786 3595 860 [πω.
3619 788 3711 849 Α..

2119 876 2209 943 B.,
2247 876 2343 944 F.,
2392 877 2797 950 concordatim]
2850 879 3017 949 possit
3053 878 3291 948 agnosci.
3340 877 3489 933 Nunc
3533 879 3719 933 ridea-

2122 983 2243 1023 mus
2272 984 2394 1039 qua‘.
2425 972 2479 1025 in
2524 969 2626 1027 hoc
2670 971 2881 1026 caelesti
2926 970 3174 1041 paradiso
3216 968 3513 1040 spiritualia
3556 984 3717 1039 poma

2125 1070 2439 1117 nascantur.

2572 1152 2734 1225 398
2769 1151 3033 1223 Expositio
3056 1152 3263 1222 psalmi.

2200 1242 2347 1295 Vers.
2378 1243 2425 1296 1.
2456 1272 2527 1284 -ο
2568 1258 2605 1296 t.
2638 1250 2840 1297 ALEPB.
2872 1242 3018 1296 Beati
3046 1242 3366 1297 immaculati
3411 1245 3464 1298 in
3492 1245 3592 1310 via,
3627 1246 3716 1315 qui

2125 1333 2392 1385 ambulant
2423 1334 2473 1385 in
2503 1334 2611 1404 lege
2633 1332 2865 1387 Domini.
2898 1332 3029 1388 Cum
3059 1334 3294 1387 omnium
3325 1334 3587 1397 desideria
3619 1350 3719 1388 no-

2131 1422 2295 1475 minis‘
2324 1422 2477 1476 istius
2508 1423 2702 1477 ardore
2747 1424 3056 1493 rapiantur,
3107 1437 3206 1478 nec
3233 1425 3513 1493 quisquam
3548 1425 3718 1493 possit

2128 1514 2379 1591 reperiri,
2407 1517 2494 1583 qui
2528 1516 2660 1569 nolit
2691 1518 2907 1584 praemia
2936 1517 3277 1572 beatitudinis
3306 1518 3553 1587 adipisci,
3580 1535 3716 1574 con-

2021 1647 2028 1656 .
2057 1672 2098 1680 _
2130 1622 2315 1675 gruum
2344 1607 2443 1660 fuit
2465 1610 2609 1662 viros
2631 1621 2844 1663 sanctos
2867 1610 3003 1664 v0tis
3026 1610 3387 1680 probabilibus
3412 1614 3513 1666 iter
3534 1624 3719 1667 osten-

2057 1672 2105 1730 Β
2134 1698 2285 1761 dere,
2315 1715 2379 1753 ne
2421 1715 2573 1755 mens
2596 1700 2817 1756 confusa
2849 1702 3151 1755 mortalium
3180 1704 3418 1771 ignorata
3444 1704 3522 1757 via
3547 1706 3723 1773 possit

2130 1807 2334 1847 errare.
2373 1792 2503 1847 Nam
2541 1802 2595 1847 et
2641 1794 2717 1847 illi
2749 1794 2937 1849 beatus
2977 1809 3035 1849 se
3064 1794 3354 1863 aestimant,
3397 1797 3485 1866 qui
3528 1797 3717 1852 saeculi

2130 1884 2511 1937 ambitionibus
2575 1885 2885 1951 eluduntur.
2929 1885 3035 1942 Sed
3075 1902 3143 1941 ne
3181 1887 3383 1956 aliquid
3418 1889 3523 1942 tale
3568 1900 3724 1958 puta-

2130 1981 2280 2027 retur
2320 1972 2649 2042 eligendum,
2684 1975 2914 2043 primum
2947 1976 3120 2041 posuit
3149 1977 3337 2045 plurali
3373 1993 3597 2033 numero
3620 1981 3719 2033 im-

2131 2066 2395 2131 maculati,
2428 2074 2483 2119 ut
2513 2066 2589 2121 de,
2611 2067 2854 2120 liilelilius
2897 2068 3016 2134 hoc,
3050 2083 3153 2122 non
3175 2069 3240 2123 de
3270 2069 3481 2125 Christo
3506 2069 3723 2127 debuis-

2137 2165 2219 2209 set
2246 2155 2471 2210 adverti.
2516 2156 2608 2211 llle
2649 2158 2799 2212 enim.
2827 2160 2971 2211 solus
3016 2161 3323 2216 naturaliter
3364 2144 3721 2216 inmaculatus

2138 2257 2241 2310 est,
2275 2248 2375 2325 qui
2399 2260 2672 2316 peccatum
2705 2265 2811 2302 non
2854 2250 3055 2303 habuit.
3096 2252 3273 2306 Sancti
3318 2262 3494 2306 autem
3538 2255 3723 2306 imma-

2139 2336 2296 2390 culati
2328 2338 2481 2405 liunt,
2514 2340 2725 2407 quando
2767 2341 3108 2410 indulgentia:
3140 2359 3358 2399 munera
3386 2359 3727 2414 consequun-

2143 2436 2247 2492 tur,
2276 2428 2414 2499 sicut
2442 2432 2694 2497 propheta
2732 2434 2781 2484 in
2826 2432 3266 2502 quinquagesimo
3310 2437 3514 2504 psalmo
3552 2436 3723 2493 dicit:

2143 2520 2361 2576 Lavabis
2402 2538 2500 2587 me,
2533 2532 2580 2577 el
2620 2541 2769 2593 super
2807 2527 2971 2579 nivem
3012 2527 3281 2580 dealbabor
3320 2527 3509 2597 (Psal.
3546 2547 3597 2599 t.,
3625 2530 3726 2602 9).

2139 2612 2411 2683 Sequitur,
2434 2616 2486 2668 in
2515 2617 2615 2680 via,
2650 2617 2699 2671 id
2725 2626 2808 2673 est
2837 2618 2889 2671 in
2923 2619 3037 2688 ipso
3062 2619 3285 2674 Domino
3311 2620 3610 2688 Salvatore,
3634 2626 3725 2693 qui

2141 2703 2269 2759 dixit
2298 2722 2310 2755 :
2346 2705 2455 2775 Ego
2480 2721 2594 2758 sum
2630 2707 2730 2771 via,
2760 2708 2943 2761 veritas
2971 2718 3017 2762 et
3045 2712 3147 2763 vita
3177 2710 3355 2780 (Joan.
3388 2727 3497 2775 nv,
3528 2713 3608 2782 6).
3645 2713 3719 2768 lbi

2143 2800 2282 2850 enim
2311 2796 2572 2851 ambulare
2608 2798 2867 2866 iustorum
2895 2811 2998 2864 est,
3044 2818 3149 2855 non
3179 2802 3398 2872 pedibus
3428 2807 3723 2871 corporeis,

2143 2889 2234 2943 sed
2265 2888 2534 2959 gressibus
2560 2890 2853 2959 probabilis
2894 2894 3135 2948 actionis.
3178 2896 3308 2948 Nam
3338 2905 3395 2949 ut
3420 2897 3730 2951 adverteres

2063 2997 2109 3058 ρ
2142 2996 2248 3035 non
2284 2996 2405 3035 eum
2444 2983 2589 3036 illam
2635 2983 2772 3037 viam
2820 2971 3020 3041 dixis.~e
3069 2987 3118 3040 in
3170 3001 3274 3054 qua
3322 2988 3487 3056 possit
3532 2989 3728 3053 errari,

2144 3072 2444 3143 subjunxit,
2492 3076 2577 3144 qui
2604 3076 2868 3130 ambulant
2906 3079 2956 3131 iu
3005 3079 3110 3150 lege
3157 3077 3388 3146 Domini,
3428 3081 3479 3134 id
3519 3090 3601 3134 est
3636 3082 3731 3150 qui

2142 3174 2233 3219 aut
2260 3181 2363 3219 non
2399 3176 2636 3234 peccant,
2669 3177 2761 3221 aut
2785 3183 2879 3237 per
2903 3170 3124 3238 gratiam
3147 3174 3418 3227 caelestem
3442 3175 3597 3245 digna
3623 3177 3730 3232 sibi

2143 3258 2504 3312 satisfactione
2543 3259 2892 3328 prospiciunt.
2927 3262 3031 3317 Nec
3056 3262 3185 3317 illud
3216 3275 3369 3319 vacat
3394 3268 3532 3335 quod
3561 3270 3727 3332 dicit,

2143 3348 2196 3401 iu
2223 3347 2333 3419 lege
2367 3349 2614 3414 Domini;
2640 3360 2723 3406 est
2750 3352 2889 3407 enim
2931 3362 2984 3408 et
3019 3355 3103 3408 lex
3151 3359 3375 3424 peccati,
3407 3360 3544 3414 sicut
3577 3362 3732 3431 Apo-

2147 3440 2316 3494 stolus
2343 3441 2415 3494 ait
2440 3458 2454 3493 :
2512 3441 2670 3496 Video
2706 3442 2863 3498 aliam
2890 3443 3053 3515 legem
3084 3447 3135 3499 in
3162 3449 3394 3503 membris
3423 3452 3544 3505 meis
3577 3468 3735 3521 repu-

2141 3542 2386 3604 gnantem
2410 3534 2512 3606 legi
2542 3536 2722 3590 utentis
2748 3553 2896 3605 mete,
2927 3540 2973 3590 et
3006 3538 3257 3609 captivum
3274 3557 3359 3596 me
3395 3543 3655 3599 ducentem
3678 3547 3735 3600 its

2143 3628 2254 3700 lege
2273 3629 2465 3698 peccati
2496 3629 2673 3700 (Rom.
2705 3645 2802 3697 vn,
2828 3629 2945 3701 ‘25).
2980 3630 3049 3687 Et
3074 3634 3197 3689 ideo
3222 3636 3464 3691 additum
3483 3650 3591 3705 est,
3624 3638 3737 3695 Do-

2145 3721 2292 3787 mini,
2324 3729 2385 3776 ttt
2409 3736 2527 3776 eam
2553 3722 2891 3781 discerneret.
2909 3741 2939 3779 a
2967 3720 3083 3796 lege
3109 3729 3341 3797 peccati.

2218 3813 2378 3870 Vers.
2404 3812 2461 3866 2.
2491 3812 2642 3868 Beati
2661 3815 2753 3885 qui
2775 3825 3071 3872 mutantur
3090 3819 3377 3874 testimonia
3395 3823 3527 3893 ejus,
3553 3822 3606 3876 in
3628 3833 3737 3878 toto

2147 3908 2300 3965 corde
2331 3907 2604 3977 exquirunt
2633 3921 2771 3963 eum.
2804 3908 3108 3978 Superioris
3146 3910 3320 3967 adhuc
3347 3928 3539 3971 sensus
3571 3924 3657 3973 est
3682 3926 3737 3972 et

2146 3998 2245 4053 ista
2275 3998 2558 4053 sententia.
2588 3996 2719 4054 Nam
2748 3998 2872 4056 licet
2893 4000 3024 4057 beati
3042 4004 3151 4060 sint
3178 4006 3491 4062 immaculati
3511 4012 3601 4080 qui
3619 4027 3737 4064 αι..-

2147 4088 2323 4145 balant
2352 4088 2405 4144 in
2432 4090 2536 4156 via,
2568 4089 2621 4146 id
2650 4100 2732 4147 est
2761 4092 2814 4147 in
2842 4094 2959 4163 ipso
2998 4094 3225 4151 Domino
3253 4096 3556 4167 Salvatore,
3598 4112 3654 4157 et
3683 4103 3737 4158 in

2149 4180 2267 4250 lege
2293 4180 2408 4248 ejus
2433 4180 2625 4236 devota
2668 4193 2849 4239 mente
2892 4185 3230 4254 gradiuntur,
3268 4188 3504 4245 additum
3544 4201 3629 4247 est
3658 4200 3742 4247 ta-

2150 4286 2273 4325 men
2298 4271 2405 4325 illis
2432 4271 2736 4339 virtutibus,
2756 4273 2846 4344 qui
2872 4284 3164 4330 scrutantur
3187 4280 3472 4335 testimonia
3498 4285 3634 4353 ejus.
3672 4283 3740 4339 Et

2150 4378 2269 4432 quae
2308 4363 2378 4417 sit
2419 4364 2519 4417 ista
2568 4366 2917 4433 perscrutatio
2947 4368 3336 4437 subsequenter
3374 4374 3635 4442 aperitur,
3682 4376 3739 4429 id

2153 4464 2235 4508 eet
2260 4454 2347 4522 qui
2375 4454 2429 4507 in
2458 4462 2560 4508 toto
2590 4458 2743 4509 corde
2788 4469 2888 4511 suo
2919 4456 3202 4513 Dominum
3232 4462 3492 4529 exquirere
3528 4463 3735 4518 malue-

2155 4558 2298 4601 runt.
2324 4547 2583 4601 Videntur
2602 4550 2745 4602 enim
2776 4550 3096 4618 perscrutari
3116 4554 3405 4606 testimonia
3426 4555 3537 4624 ejus
3555 4566 3610 4610 et
3634 4564 3743 4611 ter-

2156 4636 2516 4707 giversatores
2544 4636 2802 4703 hzeretici,
2836 4638 2928 4694 sed
2962 4648 3072 4694 toto
3113 4642 3277 4697 corde
3315 4656 3413 4704 suo
3453 4643 3738 4700 Dominum

2157 4742 2261 4782 non
2291 4728 2587 4797 requirunt,
2619 4729 2872 4797 quoniam
2904 4743 3001 4798 per
3029 4730 3287 4784 humanas
3314 4736 3579 4789 versutias
3609 4734 3738 4791 affe—

2155 4828 2301 4874 ctant
2345 4834 2511 4876 novas
2560 4819 2802 4876 invenire
2855 4822 3168 4876 calumnias.
3218 4823 3410 4878 Totum
3459 4828 3601 4881 enim
3646 4843 3739 4884 cor

2154 4925 2308 4964 suum
2337 4910 2402 4964 ad
2425 4909 2727 4978 Scripturas
2758 4922 2972 4967 sanctas
3008 4913 3202 4968 merito
3231 4916 3476 4982 posuisse
3506 4933 3615 4972 non
3658 4920 3739 4973 di-

2153 5001 2332 5069 citur,
2378 5000 2469 5070 qui
2515 5001 2583 5055 ad
2632 5001 2879 5057 falsitatis
2925 5004 3183 5063 ambitum
3242 5005 3497 5073 plectibili
3556 5024 3741 5065 errore

2153 5094 2493 5152 transfertur.
2527 5096 2675 5152 Unde
2698 5108 2911 5153 sanctus
2936 5099 3220 5159 Primasius
3250 5099 3741 5173 Justinianopoleos

2156 5192 2386 5247 disertus
2410 5191 2659 5258 antistes,
2687 5192 2786 5247 sub
2813 5191 2967 5245 titulo
2993 5192 3130 5260 Quid
3168 5192 3477 5249 haereticum
3500 5196 3649 5263 facit,
3683 5203 3744 5251 ti-

2155 5286 2308 5339 brum
2336 5298 2497 5337 unum
2528 5285 2916 5353 conscripsisse
2944 5285 3288 5353 dignoscitur.
3318 5286 3425 5342 Nec
3446 5289 3521 5345 illi
3553 5291 3742 5345 viden-

2154 5385 2238 5429 tur
2267 5383 2431 5430 totum
2460 5389 2554 5429 cor
2581 5390 2734 5429 suum
2762 5375 2830 5429 ad
2866 5376 3073 5431 Domini
3118 5380 3417 5434 testimonia
3461 5384 3741 5451 posuisse,

2157 5466 2246 5535 qui
2290 5466 2527 5535 neglecta
2578 5464 2863 5533 disciplina
2910 5468 3279 5523 mandatorum
3323 5471 3438 5538 ejus
3473 5472 3741 5527 mundana

2157 5556 2347 5623 gaudia
2378 5557 2778 5625 concupiscunt.
2817 5556 2883 5611 Et
2922 5556 3040 5611 vide
3065 5557 3307 5613 ordinem
3349 5575 3548 5616 sancite
3590 5576 3746 5615 vera-

2158 5650 2343 5718 cisque
2369 5647 2663 5704 doctrinae:
2696 5648 2841 5715 prius
2866 5648 2997 5703 dicit
3023 5650 3189 5702 beatos
3214 5663 3334 5706 esse
3362 5652 3451 5720 qui
3479 5653 3747 5707 ambulant
