4032 6176
333 219 435 276 857

1264 205 1627 262 EXPOSITIO
1662 205 1726 260 IN
1768 203 2225 260 l‘SALTERlUM.
2271 203 2467 259 PSAL.
2509 204 2686 259 C\'lll.

3509 209 3610 264 εἰέκ

330 332 381 383 iu
411 328 518 396 lege
549 322 756 378 Domini
781 339 800 386 ;
832 320 1024 375 deinde
1052 320 1137 381 cui
1157 329 1451 374 scrutantur
1478 332 1750 373 sacrarum
1780 318 1921 371 testi-
1951 320 1996 378 Α
2026 331 2212 386 genus,
2249 317 2300 370 in
2328 324 2440 371 toto
2463 317 2628 374 corde
2670 318 2913 388 exquirat
2951 319 3258 376 Dominum.
3293 323 3358 378 Et
3397 338 3465 380 ne
3497 325 3613 382 lucc

329 433 502 471 monia
533 417 832 472 litterarum
862 429 874 465 :
906 413 1026 480 quia
1069 425 1171 464 non
1217 423 1300 464 est
1337 411 1530 481 dignus
1565 410 1667 464 ista
1707 410 1922 479 perqui-

329 521 470 574 rere,
488 506 590 559 nisi
612 502 776 574 quise
801 501 1063 570 probabili
1082 500 1418 569 cognoscitur
1441 498 1650 553 aetione
1671 506 1921 554 tractare.

330 597 596 665 Utrasque
625 610 750 650 vero
789 591 1082 648 sententias
1129 593 1282 646 tertia
1331 593 1545 660 species
1591 590 1923 648 deﬁnitionis

330 687 698 757 amplectitur,
722 700 840 756 quae
861 683 1042 738 Grece
1058 692 1281 751 pmotes,
1302 683 1488 737 Latine
1510 681 1820 750 qualitativa
1843 679 1925 734 di-

329 779 490 834 citur.
526 779 721 832 Beatus
763 775 906 830 enim
933 774 1016 828 vir
1043 775 1167 845 quid
1213 775 1301 840 sit,
1329 788 1424 843 per
1452 783 1665 829 actnutn
1706 788 1923 828 suorum

334 870 420 924 hic
445 868 744 925 ostenditur
773 865 1104 936 qualitatem.

402 962 560 1017 Vers.
592 960 643 1013 5.
687 959 810 1013 Non
854 959 988 1012 enim
1033 958 1119 1028 qui
1159 969 1439 1026 onerantur
1473 957 1828 1026 iniquitatem,
1871 955 1926 1008 in

332 1054 424 1108 uiis
449 1054 567 1124 ejus
593 1051 997 1104 ambulauerunt.
1028 1049 1162 1102 Cum
1193 1048 1414 1104 Joannis
1443 1047 1667 1117 apostoli
1709 1044 1920 1100 veracia

335 1146 494 1200 verba
525 1146 632 1198 sint
657 1159 670 1196 :
701 1141 762 1197 Si
788 1141 1072 1195 dixerimus
1098 1141 1215 1209 quia
1240 1149 1503 1206 peccatum
1532 1156 1632 1192 non
1661 1139 1922 1204 habemus,

334 1255 426 1291 nos
447 1237 587 1305 ipsas
611 1234 918 1296 seducimus,
949 1242 995 1285 et
1019 1232 1201 1285 veritas
1224 1232 1276 1284 in
1299 1231 1444 1284 nobis
1467 1247 1565 1284 non
1590 1241 1662 1285 est
1689 1228 1744 1302 (Ι
1763 1229 1922 1284 Joan.

335 1344 378 1394 t,
408 1329 485 1392 8),
519 1328 765 1381 videntur
792 1339 890 1379 nec
920 1325 1088 1378 sancti
1115 1327 1167 1377 in
1194 1323 1286 1376 viis
1321 1327 1430 1393 ejus
1466 1324 1752 1390 anibulare,
1787 1339 1925 1392 quos

335 1423 710 1490 cognoscimus
770 1417 967 1471 habere
1013 1424 1249 1484 peccata.
1292 1416 1491 1471 Verum
1546 1419 1658 1472 haec
1702 1418 1926 1485 quaestio

335 1492 576 1564 veritatis
627 1507 794 1576 ipsius
841 1521 973 1560 voce
1017 1506 1347 1559 dissolvitur.
1385 1506 1519 1560 Sunt
1556 1508 1697 1560 enim
1743 1506 1924 1560 illicita

2031 415 2175 461 tanta
2217 409 2533 476 negligenda
2580 408 2910 475 viderentur,
2951 411 3192 478 sequitur
3212 414 3470 480 jussionis
3514 415 3614 473 do-

2031 497 2241 552 minicae
2271 501 2576 553 veneranda
2618 501 2939 569 praeceptio,
2970 509 3028 555 ut
3061 503 3310 558 mandata
3345 505 3464 576 ejus
3507 522 3614 563 non

2030 590 2202 660 solum
2232 586 2441 655 sedule,
2474 590 2568 645 sed
2592 601 2648 645 et
2671 592 2834 648 nimie
2857 594 3216 663 requirantur.
3238 595 3444 650 Nimius
3470 600 3614 654 enim

2030 677 2208 734 dictus
2235 688 2339 748 est,
2370 682 2422 736 in
2453 681 2595 736 nulla
2628 697 2688 737 re
2713 683 2930 750 dubius,
2971 685 3061 755 qui
3107 688 3396 754 proposita:
3421 690 3498 744 rei
3528 690 3617 745 in.

2031 776 2210 824 tentus
2252 783 2467 842 semper
2504 773 2724 829 assistit.
2775 774 2876 830 Ubi
2911 785 2990 831 est
3031 777 3294 832 sententia
3335 780 3615 848 gentilium

2030 859 2144 913 toto
2166 860 2296 916 orbe
2320 861 2622 916 celebrata:
2658 862 2743 918 Ne
2760 865 2886 934 quid
2906 866 3074 920 nimis.
3104 866 3242 923 Ecce
3269 869 3488 924 nimium
3519 887 3619 926 no-

2031 949 2113 1006 bis
2141 966 2169 1004 a
2200 951 2437 1008 Veritate
2467 955 2814 1022 praecipitur;
2843 971 2971 1013 ecce
2996 972 3026 1011 a
3068 958 3404 1018 Moderatore
3435 978 3615 1019 rerum

2033 1043 2270 1096 Omnium
2312 1043 2430 1099 sine
2465 1044 2676 1100 delectu
2721 1046 2921 1116 aliquid
2966 1049 3078 1104 ﬁeri
3117 1051 3313 1106 debere
3357 1055 3614 1109 sancitur.

2034 1128 2179 1184 lstud
2209 1134 2351 1186 enim
2385 1135 2536 1188 nimis
2560 1135 2827 1204 signiﬁcat
2867 1139 3092 1192 multum
3120 1151 3279 1210 atque
3309 1143 3572 1199 inﬁnitum
3599 1185 3616 1209 ,

2029 1220 2165 1274 sicut
2215 1230 2270 1276 et
2326 1225 2378 1278 in
2438 1225 2547 1278 alio
2612 1227 2819 1293 psalmo
2874 1228 3052 1282 dicit:
3115 1230 3287 1286 Nimis
3346 1236 3620 1304 profunda:

2031 1312 2181 1380 facite
2203 1323 2320 1365 sunt
2357 1315 2692 1384 cegitationes
2728 1327 2828 1372 tute
2859 1317 3048 1390 (Psal.
3085 1337 3195 1387 xci,
3223 1323 3316 1393 6).
3359 1327 3420 1379 Et
3450 1327 3575 1381 alibi
3616 1378 3618 1380 ,

2033 1401 2207 1455 Nimis
2233 1405 2487 1458 exaltatus
2525 1422 2576 1460 es
2607 1425 2762 1476 super
2804 1427 2974 1464 omnes
3011 1416 3129 1466 deos
3165 1414 3339 1486 (Psal.
3371 1433 3512 1479 xcvi.
3540 1421 3616 1489 9).

2022 1492 2156 1548 Sive
2186 1496 2428 1548 mandata
2463 1498 2670 1552 Domini
2715 1501 2928 1553 nimium
2967 1506 3222 1559 custodire
3261 1509 3618 1577 pratcipimur,

335 1601 603 1656 desideria
634 1615 751 1668 qua:
780 1598 1055 1667 originalis
1087 1599 1290 1664 peccati
1325 1598 1644 1652 necessitate
1683 1601 1926 1652 commit—

2040 1588 2242 1656 quando
2271 1589 2369 1657 ipsi
2403 1606 2614 1658 quoque
2642 1593 2797 1646 saluti
2831 1604 3031 1648 nostra:
3066 1611 3346 1666 corporea
3388 1615 3452 1655 ea
3482 1618 3619 1671 pra:-

337 1694 522 1755 timus,
554 1689 645 1743 sed
677 1691 728 1743 in
773 1687 850 1741 eis
891 1703 1156 1742 consensu
1201 1689 1360 1742 animi
1407 1704 1512 1741 non
1555 1696 1832 1742 tenemur:
1874 1688 1925 1742 in

336 1784 458 1836 istis
491 1795 638 1836 mens
667 1780 822 1834 beata
851 1794 955 1833 non
986 1779 1241 1844 ambulat,
1268 1795 1384 1848 quae
1407 1778 1548 1834 dono
1574 1778 1781 1834 Domini
1809 1794 1930 1833 cor-

335 1875 423 1927 dis
457 1872 718 1940 probitate
745 1878 1105 1938 superantur;
1141 1879 1197 1922 ut
1237 1869 1424 1939 (verbi
1454 1871 1660 1939 gratia)
1709 1878 1928 1938 repente

333 1969 622 2036 pulchrum
655 1965 856 2034 aliquid
899 1965 1313 2033 concupiscere,
1345 1964 1520 2018 cibum
1559 1963 1928 2018 desideranter

332 2067 615 2124 expetere,
650 2057 801 2111 bonis
841 2056 1095 2109 odoribus
1133 2055 1485 2121 commoveri,
1530 2054 1704 2122 iniqua
1744 2053 1924 2107 subito

331 2142 684 2220 Suggestione
725 2148 1008 2214 confundi,
1051 2157 1106 2202 et
1146 2146 1227 2200 bis
1271 2147 1462 2200 similia
1519 2162 1633 2212 qum
1682 2145 1926 2199 oratione

331 2253 527 2297 sancta
555 2252 608 2297 et
638 2244 812 2296 crucis
856 2241 1129 2310 signaculo
1171 2239 1542 2293 destruuntur.
1586 2237 1658 2290 lta
1699 2237 1755 2289 ﬁt
1785 2245 1840 2289 ut
1869 2243 1928 2308 et

333 2346 560 2404 peccata
593 2336 761 2388 sancti
799 2333 1139 2401 suggestione
1166 2331 1341 2385 carnis
1372 2331 1619 2394 habeant,
1653 2337 1701 2382 et
1749 2335 1923 2383 tamen

331 2429 468 2481 dum
500 2428 575 2480 eis
604 2425 823 2478 minime
863 2425 1134 2477 relaxatur
1179 2421 1421 2485 ellectus,
1465 2423 1524 2473 'ea
1557 2433 1674 2473 non
1716 2417 1925 2486 operari

331 2519 605 2572 veraciter
631 2516 982 2569 msdmentur.
1017 2515 1139 2567 llaec
1169 2514 1309 2566 enim
1342 2512 1486 2564 Pauli
1519 2512 1745 2579 apostoli
1778 2509 1930 2564 testia

334 2611 542 2665 moniis
569 2607 870 2662 evidentius
895 2605 1258 2674 approbantur
1287 2619 1300 2656 :
1327 2601 1600 2655 ambulavit
1629 2602 1678 2651 in
1709 2601 1799 2652 riis
1832 2599 1932 2651 Do-

333 2703 496 2768 mini,
515 2699 726 2767 quando
749 2699 984 2752 diccbat:
1006 2696 1203 2749 Bonum
1233 2705 1485 2748 certamen
1503 2695 1710 2757 rcrtnvi,
1729 2708 1933 2745 cursum

332 2789 889 2858 consummavi,_/idem
918 2789 1110 2842 servavi
1142 2785 1224 2856 (II
1256 2786 1386 2838 Tim.
1419 2801 1492 2849 tv,
1513 2785 1588 2852 7),
1616 2793 1669 2838 et
1705 2783 1929 2848 reliqua.

334 2883 622 2938 Peccatum
655 2892 833 2936 autem
868 2896 973 2934 non
1017 2879 1376 2943 voluntarium
1417 2877 1674 2940 faciebat,
1715 2875 1930 2945 quando
1959 2908 2006 2973 ο

331 2974 645 3029 clamabat:
680 2972 802 3026 Non
831 2973 962 3025 enim
988 2971 1124 3037 quod
1169 2968 1280 3022 volo
1313 2969 1497 3022 bonum
1534 2968 1627 3020 hoc
1654 2966 1808 3038 facio,
1841 2965 1930 3020 sed

331 3063 484 3130 quod
521 3064 634 3116 nolo
662 3063 850 3113 malum
880 3059 975 3112 hoc
1011 3075 1108 3129 ago
1154 3057 1344 3128 (Rom.
1379 3073 1471 3120 vtt,
1513 3055 1638 3126 19).
1677 3055 1929 3124 Sequitur

333 3155 466 3226 ejus
494 3139 752 3223 expositio
783 3168 906 3226 qua;
926 3166 1140 3205 omnem
1175 3163 1387 3203 naevum
1420 3147 1770 3202 dubitationis
1804 3147 1930 3200 abso

336 3224 544 3316 tergit:
581 3244 640 3300 Si
670 3224 1010 3314 autemquod
1040 3243 1181 3305 nolo,
1218 3239 1390 3309 inquit
1428 3239 1615 3308 (Ibid.,
1644 3237 1758 3307 20),
1796 3236 1930 3291 illud

336 3337 506 3408 facio,
530 3337 643 3406 jam
675 3352 774 3388 non
803 3350 892 3404 ego
928 3349 1107 3400 operor
1144 3331 1298 3396 illud,
1345 3330 1432 3384 sed
1473 3331 1610 3400 quod
1638 3329 1834 3384 habitat
1876 3330 1932 3382 in

338 3443 431 3478 me
460 3437 736 3494 peccatum.
766 3423 926 3477 Vides
954 3425 1157 3477 tantum
1190 3422 1307 3476 illos
1349 3428 1628 3476 accusatos
1667 3421 1757 3490 qui
1797 3434 1930 3490 ope-

337 3516 640 3589 rationibus
673 3523 1008 3584 peccatorum
1052 3511 1284 3568 nefanda
1311 3510 1670 3566 delectatione
1695 3525 1931 3566 consen-

338 3606 508 3660 tiunt.
535 3606 867 3674 Quapropter
894 3605 1084 3658 merito
1112 3602 1360 3657 dicuntur
1387 3602 1441 3655 in
1463 3602 1556 3656 uiis
1591 3601 1801 3657 Domini
1825 3616 1931 3657 non

337 3698 633 3765 ambulare,
674 3700 760 3767 qui
800 3705 1074 3768 operantur
1117 3695 1452 3764 iniquitatem.
1497 3693 1750 3762 Operatio
1788 3693 1929 3746 enim

337 3790 644 3861 iniquitatis
673 3798 753 3845 est
779 3803 1074 3844 consensus
1112 3787 1393 3855 malorum,
1424 3785 1514 3856 qui
1540 3795 1716 3838 tamen
1746 3799 1775 3838 a
1802 3800 1930 3839 san-

337 3894 558 3943 ctorum
587 3883 839 3953 cordibus
861 3883 1002 3935 dono
1026 3881 1236 3934 Domini
1263 3881 1520 3949 probatur
1546 3879 1772 3932 alienus.
1797 3877 1929 3932 Nam

337 3983 412 4030 et
439 3976 550 4044 ipse
579 3974 862 4043 Apostolus
904 3972 1005 4026 hoc
1038 3979 1257 4046 monet:
1294 3970 1409 4024 Non
1454 3987 1572 4040 ergo
1611 3976 1784 4040 regnet
1819 3985 1936 4038 pec-

338 4076 525 4122 catum
551 4069 600 4121 in
629 4078 790 4140 oestro
832 4067 1040 4137 mortali
1075 4080 1290 4131 corpore
1321 4064 1386 4116 ad
1426 4063 1762 4133 obediendum
1802 4060 1937 4114 desi-

343 4159 512 4214 deriis
537 4161 646 4230 ejus
670 4176 688 4224 ,'
719 4175 808 4212 nec
826 4157 1101 4212 exhibeatis
1134 4155 1356 4209 membra
1378 4167 1542 4209 vestra
1571 4170 1720 4208 arma
1746 4153 1938 4235 iniqui-

345 4251 475 4304 tatis
513 4250 712 4318 peccato
756 4251 944 4321 (Rom.
976 4264 1050 4315 Vl,
1089 4247 1207 4314 1'2).
1241 4247 1623 4302 EtSalomon:
1652 4244 1776 4300 Post
1815 4262 1950 4300 conm

2032 1681 2171 1736 ferre
2194 1684 2357 1753 399
2370 1683 2565 1739 debere
2580 1701 2878 1742 censemur.
2896 1689 3231 1760 Quapropter
3252 1695 3392 1750 vires
3414 1710 3614 1754 neum

2033 1775 2402 1841 possibilitatis
2425 1776 2687 1831 excedere
2717 1777 2898 1832 divina
2942 1781 3130 1836 militia
3160 1795 3262 1844 est,
3297 1788 3418 1856 quia
3448 1799 3614 1845 totum

2035 1865 2105 1919 ibi
2137 1867 2358 1920 nimium
2387 1869 2560 1934 decet,
2586 1872 2834 1939 quoniam
2853 1883 2904 1927 et
2927 1874 3054 1929 illud
3079 1875 3341 1933 inﬁnitum
3365 1893 3447 1935 est
3474 1883 3616 1952 quod

2033 1957 2186 2010 nobis
2211 1959 2366 2012 tribui
2393 1963 2743 2029 postulamus.
2772 1964 3132 2034 Perquireuda
3163 1979 3246 2024 est
3273 1987 3482 2040 quoque
3514 1991 3615 2030 no-

2033 2047 2234 2102 minum
2269 2050 2490 2106 istorum
2523 2054 2770 2109 distincta
2803 2059 3060 2125 cognitio,
3093 2076 3158 2116 ne
3193 2063 3310 2131 quis
3341 2079 3405 2119 ea
3435 2068 3619 2122 credat

2032 2152 2153 2192 esse
2197 2140 2437 2195 confusa.
2483 2143 2538 2195 In
2587 2147 2749 2211 priori
2784 2162 2937 2202 versu
2966 2150 3118 2218 dixit,
3159 2150 3322 2224 legem
3373 2155 3618 2223 Domini,-

2033 2229 2118 2285 lex
2149 2242 2328 2287 autem
2378 2235 2586 2288 Domini
2637 2246 2738 2300 est,
2771 2239 2908 2292 sicut
2956 2240 3245 2308 Apostolus
3293 2246 3386 2310 ait,
3437 2249 3615 2302 untbra

2033 2323 2326 2389 futurorum
2358 2323 2549 2394 (Colos.
2578 2342 2636 2391 tt,
2671 2329 2758 2397 17)
2779 2371 2792 2393 ,
2826 2345 2982 2398 quam
3026 2347 3129 2386 non
3159 2335 3496 2408 decet[mss.
3531 2342 3621 2404 A.,

2037 2414 2128 2482 B.,
2162 2415 2360 2487 docet]
2389 2419 2454 2473 ad
2499 2419 2752 2491 litteram,
2788 2421 2880 2476 sed
2925 2422 3186 2492 spirituali
3219 2428 3407 2484 ordine
3441 2441 3622 2485 custo-

2037 2507 2161 2564 diri.
2192 2506 2267 2565 Ut‘
2287 2512 2304 2581 (
2326 2512 2472 2565 verbi
2506 2513 2706 2582 gratia)
2738 2513 2821 2568 lex
2850 2515 3253 2585 sxcriﬁciorum,
3279 2521 3619 2579 observantia

2039 2616 2189 2656 novae
2224 2603 2384 2670 luam,
2417 2605 2550 2657 ritus
2577 2607 3020 2674 circuzncisionis,
3053 2620 3106 2664 et
3131 2620 3323 2668 extera
3372 2614 3619 2683 hujusce-

2040 2695 2200 2756 modi,
2230 2710 2346 2764 quas
2381 2706 2561 2767 typum
2611 2699 2777 2768 magis
2821 2714 2979 2770 quam
3023 2703 3256 2772 speciem
3305 2720 3509 2762 certum
3541 2722 3625 2765 est

2039 2782 2294 2840 habuisse
2331 2789 2590 2841 veritatis.
2620 2789 2868 2844 Secundo
2910 2806 3066 2845 versu
3099 2795 3246 2861 ponit
3291 2799 3576 2852 testimonia
3604 2815 3624 2854 :

2038 2879 2401 2942 testimonium
2433 2888 2516 2932 est
2553 2880 2771 2934 evidens
2799 2891 2849 2935 et
2882 2885 3137 2951 prmlinita
3180 2887 3438 2954 conditio,
3469 2893 3625 2960 cujus

2038 2976 2235 3023 statuto
2255 2972 2584 3035 commoniti,
2605 2988 2689 3027 res
2715 2976 3013 3042 pra-teritas
3040 2991 3144 3031 non
3177 2993 3466 3047 possumus
3491 2985 3631 3040 obli-

2037 3063 2191 3129 visci,
2221 3074 2277 3117 ut
2305 3065 2355 3118 in
2386 3065 2580 3142 Genesi
2619 3067 2692 3120 ait
2715 3067 2882 3122 Jacob
2909 3087 2920 3121 :
2955 3068 3321 3127 Testimonium
3360 3077 3454 3130 erit
3484 3080 3623 3132 vobis

2041 3151 2188 3227 [ed.,
2223 3155 2400 3226 nobis]
2427 3159 2574 3210 collis
2611 3159 2734 3225 iste,
2768 3169 2840 3224 et,
2870 3159 3230 3217 Testimonium
3251 3166 3345 3219 erit
3381 3169 3513 3237 lapis
3537 3171 3629 3222 iste

2041 3242 2194 3314 (Gen.
2234 3262 2381 3312 XXXI,
2415 3248 2530 3316 59.).
2564 3248 2832 3317 Scriptum
2863 3264 2944 3304 est
2965 3253 3125 3308 etiam
3155 3263 3211 3308 et
3241 3256 3293 3311 in
3323 3258 3456 3314 libro
3497 3261 3628 3316 Jesu

2039 3336 2186 3393 Nave
2241 3355 2253 3391 :
2292 3337 2573 3393 Duodecim
2601 3341 2799 3408 lapides
2825 3343 3004 3409 aﬂerte
3039 3348 3102 3398 de
3142 3349 3312 3402 medio
3355 3350 3627 3417 Iordanis,

2039 3437 2097 3481 ut
2126 3429 2225 3484 sint
2271 3430 2324 3482 lii
2349 3432 2399 3482 in
2436 3431 2778 3485 testimonium
2817 3433 2942 3501 ﬁliis
2988 3437 3164 3489 vestris
3197 3436 3331 3506 (los.
3360 3455 3432 3505 tv,
3463 3442 3518 3509 5,
3547 3444 3626 3512 ﬁ).

2037 3517 2127 3574 Sic
2162 3519 2314 3576 nobis
2343 3531 2610 3589 praecepta
2660 3522 2840 3576 divina
2890 3526 3179 3581 testimonia
3224 3538 3369 3599 sunt,
3411 3534 3628 3603 quando

2038 3622 2383 3666 commonent
2425 3628 2494 3667 ne
2538 3627 2761 3680 peccare
2807 3615 3120 3684 debeamus,
3171 3620 3305 3692 sicut
3355 3629 3629 3692 apostolus

2041 3701 2236 3755 Paulus
2270 3701 2344 3754 ait
2367 3717 2382 3754 :
2420 3700 2686 3768 Testiﬁcor
2710 3720 2885 3756 coram
2911 3704 3043 3773 Deo,
3062 3710 3150 3777 qui
3179 3712 3409 3780 vivi/icui
3435 3719 3628 3784 omnia,

2039 3801 2086 3845 et
2114 3790 2238 3845 Jesu
2259 3791 2484 3857 Chris'o,
2514 3800 2564 3847 et
2589 3793 2862 3862 electorum
2891 3797 3215 3866 angelorum,
3243 3812 3299 3853 ut
3321 3803 3432 3856 hare
3458 3814 3632 3860 custo-

2043 3883 2156 3936 dias
2184 3880 2250 3953 (I
2285 3882 2417 3936 Tim.
2450 3900 2500 3964 v,
2529 3884 2653 3954 2i).
2686 3886 2742 3940 In
2771 3887 3024 3955 praesenti
3057 3902 3269 3963 quoque
3299 3886 3456 3950 versu
3485 3915 3631 3953 mau-

2041 3977 2164 4029 data
2201 3976 2397 4044 posuit»,
2433 3991 2550 4046 qua:
2580 3993 2684 4032 non
2714 3989 2838 4032 sunt
2865 3979 3067 4034 umbra:
3099 3981 3395 4039 futurorum
3431 3997 3488 4042 ut
3517 3989 3629 4056 lex,

2043 4067 2136 4123 sed
2187 4078 2506 4145 praesentem
2556 4068 3085 4131 habentemanil'estte
3133 4075 3462 4141 Operatiouis
3503 4078 3605 4134 etl'e

2045 4169 2211 4216 ctum.
2236 4159 2387 4226 Quod
2419 4159 2674 4216 Dominus
2703 4159 2754 4212 iu
2782 4159 3074 4228 Evangelio
3099 4162 3344 4218 absolute
3369 4166 3633 4222 declarat-

2043 4249 2230 4323 dicens
2271 4247 2567 4304 .:-l’r‘imum
2621 4249 2922 4302 mandatum
2964 4259 3078 4318 est,
3126 4252 3316 4322 Diliges
3356 4251 3634 4308 Dominum

347 4336 711 4413 cupiscieutias
747 4342 914 4395 cordis
956 4342 1028 4393 tui
1072 4357 1132 4392 ne
1169 4339 1354 4391 abieris
1385 4340 1403 4408 (
1431 4336 1588 4392 Ecclt'.
1620 4353 1772 4404 xvttt,
1803 4337 1873 4392 '50
1894 4336 1938 4408 ).
1959 4338 2024 4419 ¹1)
2053 4341 2211 4397 Deum
2238 4352 2382 4395 tuum
2410 4358 2474 4395 ea:
2496 4351 2600 4395 toto
2624 4343 2775 4396 corde
2805 4353 2913 4409 tuo,
2937 4352 2982 4397 et
3011 4361 3072 4398 ea:
3099 4353 3205 4398 tota
3236 4349 3409 4400 anima
3448 4357 3556 4417 tua,
3588 4359 3635 4403 et

345 4434 723 4490 Obedientiam
774 4449 902 4504 ergo
951 4434 1154 4503 peccati
1194 4432 1378 4494 vetuit,
1425 4447 1527 4503 non
1564 4433 1933 4499 suggestiones

347 4538 488 4594 quas
519 4540 644 4580 caro
691 4525 920 4594 prOpriis
951 4521 1176 4594 viribus
1197 4521 1367 4592 vitare
1393 4534 1499 4575 non
1533 4520 1800 4587 praevalet.
1835 4520 1930 4575 Re-

349 4618 646 4685 spiciamus
677 4626 856 4669 autem
889 4631 983 4670 cur
1014 4613 1099 4669 hic
1126 4613 1232 4666 vias
1263 4610 1452 4689 plurali
1489 4625 1710 4664 numero
1741 4612 1934 4678 posuit,

347 4718 412 4761 et
448 4698 692 4776 superius
734 4707 1075 4776 singulariter
1113 4704 1287 4759 dixit:
1336 4703 1485 4757 Beati
1527 4703 1843 4755 immaculati
1883 4703 1937 4756 in

345 4803 458 4856 ria.
515 4801 590 4856 lbi
634 4797 1221 4872 signiﬁcat‘Dominum
1266 4797 1623 4864 Salvatorem,
1665 4797 1755 4865 qui
1793 4806 1937 4851 certa

345 4894 442 4948 via
489 4903 570 4947 est
618 4894 688 4946 ad
743 4893 954 4947 Patrem
1004 4891 1371 4954 venientium,
1428 4889 1565 4943 sicut
1604 4889 1716 4956 ipse
1763 4887 1942 4942 dixit:

347 4986 525 5042 Nemo
565 4973 707 5038 vadit
728 4985 794 5037 ad
842 4983 1070 5047 Patrem,
1113 4983 1214 5037 nisi
1259 4999 1349 5051 per
1381 4997 1461 5035 me
1500 4980 1676 5053 (Joan.
1730 4995 1838 5050 Juv,
1866 4980 1945 5048 6).

342 5075 488 5136 Nam
522 5077 661 5146 quod
713 5079 796 5133 hic
824 5078 975 5141 dixit,
1018 5078 1071 5130 in
1104 5077 1218 5140 uiis,
1267 5074 1510 5146 designat
1556 5076 1845 5144 prephetas
1893 5082 1948 5129 et

345 5171 650 5239 apostolos,
690 5170 768 5223 vel
800 5170 1103 5238 quicunque
1134 5167 1387 5238 populum
1412 5181 1532 5221 vera
1562 5165 1947 5235 prmdicatione

345 5267 680 5321 docuerunt.

438 5355 590 5408 Vcrs.
626 5354 679 5406 4.
712 5353 791 5407 Tu
816 5353 1071 5406 mandasti
1111 5353 1354 5405 mandata
1379 5361 1468 5405 tua
1491 5353 1739 5405 custodiri
1767 5353 1943 5406 nimis.

343 5449 574 5501 Dixerat
602 5445 813 5500 beatum
860 5460 983 5500 es~e
1023 5445 1104 5498 cui
1145 5447 1256 5499 hinc
1295 5445 1414 5497 talia
1466 5444 1848 5513 suﬁragantur,
1887 5427 1948 5498 ut

343 5539 426 5593 sit
466 5537 860 5603 immaculatus,
891 5537 1128 5592 ambulet
1156 5538 1204 5590 in
1252 5539 1367 5606 lege
1403 5536 1634 5601 Domini,
1677 5545 1947 5591 scrutetur

339 5630 660 5687 tesﬁmonia
691 5629 828 5699 ejus,
858 5639 910 5683 et
951 5628 1090 5699 quod
1122 5637 1205 5684 est
1249 5628 1696 5699 perfectissimum
1727 5628 1944 5684 vivendi

2045 4450 2110 4488 ea:
2143 4443 2245 4486 tota
2272 4433 2452 4486 virtute
2499 4443 2587 4485 tua
2617 4431 2830 4502 (Matth.
2857 4449 2989 4499 χιιι,
3019 4433 3109 4504 57)
3131 4477 3145 4502 ,
3179 4446 3284 4490 etc.
3327 4437 3441 4492 Hoc
3485 4441 3628 4493 enim

2046 4526 2126 4580 sic
2143 4525 2230 4578 uni
2253 4523 2452 4578 dictum
2474 4532 2576 4586 est,
2593 4531 2651 4577 ut
2673 4523 2740 4577 ab
2756 4525 3003 4579 omnibus
3025 4527 3217 4581 debeat
3245 4537 3297 4582 et
3323 4544 3419 4598 per
3443 4541 3633 4586 cuncta

2048 4627 2285 4685 tempora
2333 4615 2612 4670 custodiri.
2644 4615 2982 4684 Quapropter
3021 4615 3133 4668 sive
3165 4616 3274 4685 lex,
3323 4618 3436 4672 sive
3488 4623 3634 4675 testi-

2049 4710 2248 4772 tnonia,
2283 4706 2396 4761 sive
2424 4705 2671 4760 mandata
2697 4707 2905 4760 Domini
2942 4707 3330 4775 custodiantur,
3363 4710 3428 4763 ad
3461 4711 3622 4766 beati-

2051 4797 2251 4852 tudinis
2277 4807 2482 4852 certum
2507 4808 2588 4851 est
2613 4812 2830 4851 munera
2869 4798 3151 4860 perveniri.
3171 4799 3298 4865 Qum
3332 4802 3491 4854 verba
3515 4818 3615 4870 cun

2053 4889 2321 4959 praedictis
2362 4889 2761 4944 deﬁnitionibus
2805 4889 2915 4942 suis
2946 4897 3125 4943 mente
3168 4889 3448 4944 condenda
3489 4903 3636 4958 sunt,

2051 4981 2170 5048 quia
2204 4979 2256 5033 in
2282 4978 2732 5048 subsequentibus
2756 4979 2998 5031 versibus
3028 4977 3338 5050 frequenter
3366 4995 3426 5034 ea
3461 4982 3632 5051 posita

2053 5071 2372 5140 reperimus.

2124 5163 2279 5220 Ἶρι-5.
2313 5163 2367 5217 5.
2404 5162 2612 5219 Utinam
2638 5163 2932 5233 dirigantur
2971 5165 3063 5217 rite
3088 5180 3212 5218 mea:
3249 5165 3318 5217 ad
3351 5167 3642 5220 custodien-

2056 5260 2146 5311 das
2176 5254 2780 5328 justi/icationestuas!
2820 5253 2952 5309 Cum
2995 5255 3153 5308 vitam
3203 5256 3451 5326 superius
3498 5257 3641 5312 beati

2056 5352 2152 5418 viri
2182 5345 2460 5405 evidenter
2497 5348 2840 5416 expresserit,
2879 5362 3018 5400 nunc
3050 5349 3208 5401 etiam
3245 5348 3473 5416 populus
3505 5348 3640 5404 ﬁde-

2056 5443 2121 5497 lis
2163 5443 2426 5496 bonorum
2475 5441 2578 5494 sibi
2631 5448 2946 5508 proventum
2998 5439 3136 5493 votis
3183 5438 3650 5497 intercedentibus

2054 5532 2362 5603 postulavit.
2401 5529 2611 5584 Utinam
2654 5528 2874 5583 verbum
2917 5543 3133 5597 semper
3161 5531 3396 5598 optantis
3435 5540 3552 5599 est,
3586 5541 3644 5588 ut

2055 5626 2196 5698 quod
2247 5624 2443 5680 nostris
2475 5638 2581 5678 non
2632 5635 2914 5692 possumus
2956 5622 3154 5677 viribus
3186 5620 3430 5692 adipisci,
3463 5624 3641 5680 divina
