4032 6176
463 270 566 326 839

1676 267 1740 318 Μ.
1791 270 1820 317 Α
1833 265 2062 323 υΠΕΙΛΙ
2103 266 2508 324 (ῖΑδδιουυιιι

3641 265 3749 324 8ιο

462 379 826 436 misericordia
852 375 1623 448 largiente,mereamiir.Cum
1649 378 1799 444 dicit,
1820 379 2047 450 dirigan-
2080 387 2131 446 Α
2159 381 2372 435 hostilis
2405 380 2658 435 atrocitas
2689 379 2950 436 invenire.
2983 379 3135 435 Nunc
3173 378 3453 434 videamus
3492 380 3621 451 quid
3662 383 3754 438 lit-

463 478 548 524 ων
564 471 660 523 viae
677 485 820 533 mete,
849 467 1085 521 oswndit
1116 481 1228 530 eas,
1263 478 1521 536 quantum
1546 469 1612 523 ad
1641 471 1927 523 humanam
1953 471 2052 524 im-

459 561 802 616 hecillitatem
832 559 1085 626 pertinet,
1114 568 1404 614 tortuosas.
1431 560 1539 615 Via:
1562 576 1682 614 mea:
1703 571 1857 616 actus
1885 563 2052 632 signi-

461 650 622 703 ﬁcant
647 664 780 718 quos
811 652 861 703 in
893 650 991 703 hac
1019 651 1126 704 vita
1161 653 1481 721 peragimus.
1513 652 1757 719 Addidit,
1783 655 1851 706 ad
1881 663 2053 708 custo-

459 739 672 793 diendas
709 739 1109 809 justi/irationes
1158 748 1291 793 tuas.
1326 740 1420 793 Hic
1447 740 1582 808 jam,
1616 742 1760 810 quod
1802 744 2051 812 superius

459 835 685 897 optavit,
728 833 962 900 aperuit;
996 832 1064 884 ad
1095 832 1454 885 custodiendas
1489 834 1630 886 enim
1654 834 2052 902 justiﬁcationes

464 926 668 976 Domini
699 940 854 977 nemo
894 925 1091 992 poterit
1120 924 1425 992 pervenire,
1461 926 1562 978 nisi
1593 925 1743 993 cujus
1767 927 1860 979 vite
1885 941 1915 979 a
1948 926 2053 978 Do-

460 1019 605 1068 mino
659 1017 812 1086 dirigi
867 1017 1310 1084 comprobantur.
1367 1017 1473 1071 Sed
1521 1018 1869 1072 discutiamus
1923 1019 2048 1088 quid

459 1107 760 1174 significent
780 1107 1195 1176 justi/icatioues.
1227 1107 1628 1173 Justiﬁcationes
1657 1108 1816 1177 igitur
1841 1107 2048 1162 Domini

458 1201 594 1261 apud
622 1218 666 1265 ιιτ
688 1201 854 1251 iscum
880 1199 1128 1265 populum
1164 1197 1379 1251 fuerunt
1398 1198 1578 1250 multae
1603 1207 1763 1268 atque
1787 1197 2044 1253 diversae:

459 1298 518 1339 ut
546 1303 634 1340 sex
670 1287 824 1340 annis
859 1298 1061 1339 tantum
1097 1285 1323 1340 famulus
1351 1288 1576 1340 serviret
1602 1287 1878 1353 Hebraeus,
1912 1288 2048 1341 illius

458 1380 650 1432 affectu
697 1389 750 1431 et
789 1379 1071 1444 disciplina
1114 1380 1282 1446 patris
1323 1378 1648 1441 erudiretur,
1683 1390 1835 1448 pater
1875 1391 1932 1432 ut
1966 1397 2048 1432 re-

457 1479 707 1523 veri-nter
739 1470 790 1522 in
829 1470 1076 1523 omnibus
1107 1469 1418 1536 haberetur,
1454 1469 1598 1523 Deus
1629 1479 1686 1523 ut
1731 1485 1942 1525 summo
1977 1474 2044 1525 ti-

459 1576 610 1616 more
633 1569 688 1616 et
715 1576 896 1614 amore
924 1562 1216 1625 coleretur,
1247 1563 1500 1616 sacerdos
1522 1563 1858 1618 honorabilis
1881 1574 2044 1628 esset,

461 1654 735 1718 proximus
769 1661 824 1704 ut
861 1661 1111 1720 tanquam
1165 1653 1377 1720 propria
1425 1653 1627 1707 utilitas
1657 1664 1950 1717 amaretur,
1993 1665 2047 1709 et

2157 482 2272 526 tera
2307 469 2539 526 secunda
2571 470 2865 525 contineat.

2161 619 2177 629 ,
2229 564 2382 618 Vers.
2416 563 2629 618 9.—tt.
2666 563 2832 617 Bern.
2863 561 2929 616 In
2949 579 3047 629 quo
3071 563 3281 633 corrigit
3314 563 3556 630 juvenior
3598 580 3753 619 suam

2153 654 2332 707 viam?
2366 652 2428 706 In
2452 653 2788 706 custodiendo
2834 669 3090 707 sermones
3125 663 3258 706 tuos.
3287 652 3343 706 In
3374 656 3542 722 prima
3575 655 3753 709 littera

2154 753 2339 814 partes
2369 743 2715 800 beatitudinis
2733 746 2903 800 ﬁdelis
2932 745 3158 814 populus
3186 745 3528 810 indicavit,iu
3559 748 3756 816 quibus

2158 853 2220 892 se
2245 837 2566 908 deprecatus
2601 849 2682 892 est
2713 838 3010 902 custodiri;
3052 853 3195 892 nunc
3232 838 3369 892 idem
3411 839 3465 892 in
3511 842 3754 893 secunda

2163 930 2345 983 littera
2371 930 2743 984 conversionis
2773 941 2983 998 tempus
3006 929 3261 997 ostendit,
3287 944 3563 999 exponens
3585 931 3754 985 etiam

2155 1020 2208 1072 in
2231 1021 2572 1074 sermonibus
2596 1020 2802 1078 Domini
2821 1021 3016 1088 quibus
3040 1019 3486 1074 delectationibus
3503 1020 3757 1086 perfrua—

2151 1117 2257 1163 tur.
2291 1110 2633 1179 Quapropter
2665 1127 2758 1179 per
2803 1111 3025 1180 ﬁguram
3054 1113 3285 1166 erotcsis
3315 1112 3414 1164 sub
3447 1113 3753 1182 interroga—

2157 1201 2302 1258 tione
2334 1203 2583 1273 pr0ponit
2614 1221 2628 1259 :
2665 1203 2732 1257 In
2753 1221 2853 1273 quo
2893 1205 3100 1274 corrigit
3133 1205 3377 1274 juvenior
3399 1205 3532 1257 viam
3561 1207 3754 1259 suam?

2151 1293 2304 1347 .lEtas
2323 1296 2488 1348 electa
2511 1295 2762 1362 estNovi,
2790 1310 2892 1349 non
2914 1294 3126 1350 Veteris
3154 1295 3506 1358 Testamenti,
3530 1296 3750 1363 quando

2147 1386 2216 1440 de
2243 1387 2439 1442 seniori
2475 1389 2691 1441 homine
2723 1388 2773 1441 in
2802 1389 3019 1442 robusta
3060 1402 3246 1441 sumus
3286 1397 3443 1442 aetate
3482 1390 3748 1457 reparati.

2147 1475 2394 1532 Juvenior
2438 1481 2581 1535 enim
2637 1481 2833 1536 dicitur
2883 1481 3150 1536 veteribus
3200 1493 3564 1550 comparatus,
3610 1483 3743 1551 quia

2151 1572 2548 1636 comparativus
2580 1573 2776 1642 gradus
2807 1573 3118 1640 frequenter
3144 1573 3250 1627 vim
3271 1575 3476 1628 obtinet
3497 1575 3743 1643 positivi.

2134 1665 2260 1721 Sed
2287 1664 2388 1718 iste
2399 1665 2640 1730 juvenior
2662 1664 3110 1732 quemadmodum
3132 1665 3405 1720 correxerit
3423 1667 3556 1718 viam
3575 1681 3748 1729 suam,

457 1741 542 1795 his
564 1742 756 1795 similia
788 1757 906 1810 qua:
939 1742 1055 1796 ﬁeri
1087 1751 1270 1796 sancta
1302 1743 1574 1813 Scriptura
1609 1746 1887 1813 praecepit.
1915 1747 2042 1800 llaec

2153 1756 2498 1825 subsequenti
2524 1757 2874 1825 responsione
2904 1755 3187 1809 conﬁrmat
3213 1757 3399 1809 dicens
3439 1773 3453 1808 :
3487 1754 3555 1809 In
3576 1765 3753 1810 custo-

459 1848 588 1902 ergo
636 1842 906 1902 nequeunt
951 1833 1230 1900 custodiri,
1271 1834 1373 1888 nisi
1425 1835 1795 1892 misericordia
1835 1837 2044 1892 Domini

458 1928 751 1996 probentur
782 1925 1021 1980 attribii.

534 2037 686 2092 Vers.
715 2038 766 2090 6.
801 2037 948 2090 Tunc
977 2054 1074 2091 non
1105 2040 1398 2108 confundor
1419 2085 1432 2108 ,
1467 2040 1586 2094 dum
1617 2043 1829 2111 respicio
1862 2044 1914 2094 in
1940 2052 2049 2095 om-

459 2129 545 2181 nia
569 2131 807 2180 mandat-1
838 2128 1136 2183 tua.C;iusa
1169 2131 1410 2184 redditur
1441 2133 1892 2200 quemadmodum
1924 2149 2046 2201 pos—

459 2220 568 2274 sint
615 2221 1023 2287 justilicationes
1068 2221 1274 2273 Domini
1316 2220 1511 2289 iugiter
1555 2224 1786 2286 servari,
1837 2221 1890 2275 id
1939 2233 2042 2286 est,

459 2313 503 2367 si
555 2313 803 2366 mandata
862 2313 1216 2380 respiciantur
1269 2313 1534 2366 universa.
1585 2313 1692 2368 Sed
1737 2329 1859 2368 eum
1909 2314 2044 2369 dicit

461 2405 652 2458 omnia.
686 2404 740 2457 in
781 2403 927 2456 nullo
969 2413 1280 2458 commonet
1323 2418 1446 2458 esse
1501 2405 1826 2472 peccandum
1861 2423 1872 2457 :
1909 2420 2043 2474 quo-

458 2496 602 2550 niam
631 2496 885 2562 scriptum
911 2503 992 2548 est
1022 2512 1034 2546 :
1067 2495 1128 2549 Si
1165 2494 1282 2563 quis
1320 2494 1383 2547 de
1411 2495 1520 2566 lege
1549 2496 1812 2549 minimum
1839 2513 1942 2550 non
1966 2496 2045 2565 fe-

457 2591 729 2656 cerit,reus
751 2601 824 2644 est
849 2591 1003 2642 totius
1028 2591 1173 2658 legis.
1195 2589 1462 2656 Respicere
1483 2599 1659 2644 autem
1687 2598 1771 2644 est
1792 2592 2044 2646 mandata

459 2698 672 2750 semper
693 2694 818 2736 ante
844 2684 1025 2736 oculos
1047 2682 1245 2735 habere
1271 2695 1392 2752 qua!
1410 2681 1560 2750 jussa
1585 2691 1729 2748 sunt,
1760 2691 1817 2736 ut
1843 2683 1886 2737 si
1917 2682 2045 2750 quid

457 2785 654 2828 tortum
694 2774 1069 2836 committitur,
1104 2774 1323 2827 salutari
1375 2773 1756 2827 emendatione
1803 2775 2044 2843 protinus

455 2865 772 2933 con-ligatur.
802 2862 1064 2918 Caeterum
1096 2864 1184 2932 qui
1212 2866 1263 2918 in
1304 2863 1552 2918 mandata
1578 2880 1682 2919 n0u
1726 2867 1958 2936 respicit,
1994 2868 2046 2922 in

454 2974 561 3028 quo
589 2971 731 3014 erret
759 2958 931 3011 modis
954 2957 1202 3011 omnibus
1226 2957 1516 3026 ignorabit.
1551 2957 1697 3011 Hanc
1720 2973 1936 3028 quoque
1964 2959 2042 3013 si-

455 3047 806 3102 tuilitudinem
839 3047 1068 3104 Jacobus
1101 3048 1247 3114 ponit
1270 3048 1547 3115 apostolus
1571 3049 1754 3103 dicens
1782 3066 1797 3102 :
1838 3049 1898 3103 Si
1930 3051 2046 3120 quis

2147 1848 2333 1902 diendo
2361 1863 2617 1901 sermones
2646 1857 2779 1912 tuos,
2814 1855 2939 1900 tunc
2968 1846 3175 1900 scilicet
3203 1861 3322 1899 cum
3366 1845 3741 1914 evangelicum

2148 1939 2488 2007 disciplinam
2507 1940 2736 2008 pepnlus
2767 1937 3106 1993 Christianus
3129 1938 3354 2006 accepit.
3376 1937 3450 1990 Eo
3476 1937 3747 2005 siquidem

2148 2041 2390 2101 tempore
2431 2032 2590 2085 homo
2636 2041 2908 2084 correctus
2938 2040 3043 2094 est,
3075 2029 3311 2098 quando,
3354 2039 3536 2082 vetere
3570 2028 3750 2096 pravi-

2153 2135 2262 2179 tate
2293 2125 2568 2188 dantuata,
2603 2125 2667 2175 ad
2710 2132 2868 2177 rectae
2897 2121 3019 2176 ﬁdei
3049 2123 3187 2175 dona
3215 2119 3478 2189 pervenit.
3511 2117 3748 2173 Custodit

2151 2226 2332 2271 autem
2367 2231 2620 2270 sermones
2649 2215 2858 2269 Domitii
2890 2214 2978 2281 qui
3004 2227 3107 2268 non
3131 2228 3225 2268 eos
3247 2225 3452 2267 tantum
3485 2215 3746 2266 memoria

2151 2310 2367 2374 retinet,
2400 2310 2492 2361 sed
2517 2309 2787 2361 actionum
2820 2305 3083 2374 probitate
3115 2307 3371 2359 restituit.

2222 2401 2375 2456 Vers.
2406 2403 2490 2456 10.
2526 2399 2591 2456 1η
2634 2410 2740 2454 loto
2769 2401 2921 2452 cor.le
2945 2415 3054 2453 meo
3085 2399 3330 2467 exquisivi
3360 2410 3406 2451 te
3429 2413 3449 2452 :
3480 2413 3543 2450 ne
3571 2399 3748 2466 repel-

2149 2493 2228 2548 las
2260 2510 2338 2548 me
2368 2509 2399 2544 a
2436 2492 2696 2546 mandatis
2724 2496 2843 2545 tuis.
2881 2492 2991 2545 lloc
3030 2505 3243 2560 quoque
3285 2506 3478 2544 munus
3507 2499 3589 2545 est
3637 2490 3751 2544 Do-

2148 2584 2280 2639 mini
2307 2584 2470 2655 400
2497 2584 2634 2653 quod
2661 2598 2782 2636 eum
2811 2598 2869 2635 se
2898 2591 3001 2635 toto
3024 2583 3177 2635 corde
3193 2581 3386 2635 asserit
3405 2582 3702 2648 exquisit'sse
3725 2597 3749 2636 :

2150 2689 2257 2729 non
2293 2676 2436 2728 enim
2477 2682 2762 2743 quaereret,
2795 2673 2895 2726 nisi
2941 2673 3226 2740 inquisitus
3277 2671 3485 2735 fuisset,
3516 2673 3656 2724 sicut
3687 2673 3749 2725 in

2151 2765 2433 2820 Ezechiele
2474 2765 2704 2834 legitur:
2743 2763 2892 2827 Quod
2934 2764 3155 2830 perierat
3207 2762 3483 2828 requiram,
3517 2769 3562 2814 et
3607 2763 3750 2828 quod

2149 2838 2402 2910 erraverat
2445 2854 2686 2907 revocabo
2708 2856 2723 2925 (
2747 2851 2935 2906 Ezeclt.
2969 2868 3112 2915 xxrv,
3153 2853 3274 2918 16).
3307 2851 3364 2904 In
3395 2851 3540 2903 omni
3575 2850 3753 2926 signi-

2151 2948 2278 3004 dem
2303 2947 2444 3002 bono
2488 2946 2697 3000 Domini
2724 2946 2893 3015 gratia
2927 2944 3314 3010 praevertimur,
3348 2953 3401 2996 et
3429 2951 3486 2995 ut
3517 2945 3751 2995 velimus

2151 3055 2366 3110 rogare,
2402 3040 2519 3106 ipse
2551 3053 2608 3092 se
2648 3037 2897 3105 dignatur
2925 3034 3227 3088 infundere.
3253 3035 3527 3100 Sequitur,
3561 3048 3623 3085 ne
3664 3050 3754 3085 ro-

453 3143 655 3194 auditor
675 3150 746 3194 est
766 3140 898 3193 verbi
925 3148 970 3192 et
999 3157 1097 3192 non
1120 3140 1304 3210 factor,
1322 3139 1403 3191 hic
1415 3139 1793 3206 comparabitur
1806 3142 1911 3192 viro
1929 3157 2045 3194 cou-

2153 3132 2318 3204 pellas
2344 3148 2421 3185 me
2448 3149 2479 3183 a
2511 3130 2766 3182 mandatis
2800 3130 2920 3193 tuis,
2961 3137 3215 3197 tanquam
3250 3125 3528 3192 indignum
3572 3125 3753 3179 bene-

452 3231 698 3284 sideranti
736 3229 929 3284 vultum
959 3231 1234 3283 nativitatis
1265 3245 1372 3282 sum
1393 3229 1446 3281 in
1472 3232 1680 3297 spe-culo
1710 3246 1730 3284 :
1759 3232 2050 3285 considira-

454 3323 524 3376 vit
549 3323 686 3374 enim
714 3337 766 3374 se
787 3321 991 3387 etabiit,
1008 3321 1232 3373 etstatim
1256 3321 1442 3372 oblitus
1463 3329 1536 3372 est
1557 3322 1720 3390 qualis
1737 3323 1909 3392 fuerit.
1949 3324 2050 3390 Qui

453 3423 622 3468 autem
646 3415 955 3483 perspexi-rit
977 3415 1028 3466 in
1041 3412 1196 3482 legem
1219 3416 1495 3482 perfectam
1519 3422 1565 3465 et
1579 3416 1932 3484 permanserit,
1948 3434 2049 3471 non

455 3511 664 3564 auditor
690 3508 962 3561 obliviosns
992 3507 1179 3574 factus,
1223 3509 1311 3561 sed
1343 3508 1508 3571 factor
1535 3509 1735 3575 aperis,
1759 3509 1841 3560 hic
1873 3514 2048 3565 beatus

456 3605 510 3655 in
531 3605 668 3670 facto
688 3616 779 3652 suo
803 3600 898 3653 erit
933 3597 1083 3669 (Jac.
1119 3616 1160 3664 ι,
1188 3601 1280 3665 25,
1307 3599 1399 3664 24,
1433 3599 1556 3670 23).
1589 3601 1750 3655 Tales
1780 3615 1907 3670 ergo
1935 3603 2050 3656 lau-

455 3692 650 3747 dantur
676 3706 705 3745 a
733 3705 961 3760 quorum
988 3701 1280 3760 conspectu
1311 3692 1558 3746 mandata
1582 3693 1792 3748 Domini
1826 3709 1931 3748 non
1961 3710 2047 3750 re-

453 3787 674 3842 cedunt.

526 3927 682 3982 Vers.
707 3929 760 3982 7.
781 3925 1070 3994 Conﬁtebor
1087 3925 1198 3992 tibi,
1220 3925 1458 3994 Domine,
1475 3930 1530 3982 iu
1554 3929 1832 3983 directione
1854 3932 2044 3994 cordis,

464 4020 519 4074 in
549 4035 605 4074 eo
633 4017 769 4086 quod
799 4017 956 4071 didici
995 4018 1198 4088 judicia
1223 4020 1442 4090 justitiie
1481 4029 1603 4075 tute.
1633 4018 1914 4076 Confessio
1958 4021 2045 4078 hic

455 4111 718 4180 significat
749 4109 957 4164 laudem
987 4124 1146 4178 quam
1173 4111 1328 4164 decet
1355 4111 1606 4179 populum
1639 4111 1820 4166 dicere
1858 4111 2044 4166 beato-

458 4215 598 4254 rum.
617 4197 838 4253 Directio
861 4200 1028 4252 cordis
1058 4209 1140 4253 est
1163 4199 1285 4254 lidei
1313 4200 1594 4255 catholica:
1623 4211 1807 4256 sancta
1836 4203 2042 4271 regula,

455 4293 580 4362 quia
609 4307 732 4347 eum
761 4291 1007 4346 conﬁteri
1047 4307 1154 4346 non
1199 4300 1373 4359 potest
1404 4293 1776 4349 luereticorum
1809 4294 2040 4349 distorta

458 4383 716 4437 versutia.
760 4381 827 4434 In
865 4397 946 4447 eo,
989 4381 1132 4451 quod
1161 4381 1320 4446 dicit,
1355 4382 1536 4448 didici,
1570 4383 1771 4438 indicat
1800 4400 1830 4438 a
1870 4386 2042 4440 beatis

459 4471 728 4580 Patribus'
748 4471 848 4525 sibi
889 4472 1136 4573 traditam
1181 4470 1541 4540 disciplinain,
1585 4489 1690 4528 non
1739 4484 1917 4530 autem
1948 4476 2044 4545 (ut
2072 4506 2122 4567 υ
2146 4512 2233 4579 qui
2270 4509 2409 4580 (Λα.
2449 4470 2526 4574 ιζτ,
2551 4508 2674 4576 20);

459 4563 673 4634 quidant
707 4563 943 4633 faciunt)
971 4563 1148 4618 studio
1195 4564 1568 4632 perversitatis
1616 4567 1910 4621 inventam.
1942 4567 2044 4620 Ju-

461 4657 597 4709 dicia
625 4670 754 4708 vero
772 4656 993 4726 justitite
1027 4653 1120 4707 Dei
1155 4662 1300 4717 sunt,
1327 4654 1450 4722 quia
1492 4655 1718 4710 famulos
1749 4671 1878 4712 suos
1911 4657 2044 4713 libe-

461 4765 582 4805 rare
607 4748 856 4818 dignatur
884 4762 914 4801 a
941 4747 1202 4801 diabolica
1235 4747 1606 4814 persecutione
1636 4748 1968 4804 laborantes.

533 4863 685 4917 Vers.
713 4863 767 4916 8.
795 4859 1196 4930 Justi/icationes
1221 4869 1338 4914 tuas
1365 4861 1653 4916 custodiam
1677 4878 1695 4915 :
1718 4879 1820 4916 non
1849 4881 1926 4916 me
1956 4865 2042 4918 de-

462 4955 719 5024 relinquas
741 4969 1115 5024 usquequaque.
1172 4952 1409 5008 Perfecta
1441 4963 1524 5009 est
1555 4957 1839 5026 propositae
1869 4958 2043 5012 beati-

467 5046 666 5100 tudinis
704 5044 897 5099 decora
936 5043 1284 5099 constructio.
1311 5042 1452 5099 Petit
1490 5045 1632 5100 enim
1660 5061 1690 5100 a
1725 5047 1949 5101 Domino
1989 5057 2046 5102 tit

463 5135 928 5207 iustificatiooibus
967 5135 1239 5189 concessis
1287 5133 1535 5205 dignetur
1576 5135 1833 5192 devotqu
1869 5152 2042 5207 popu-

466 5227 576 5283 lum
597 5242 696 5280 suo
734 5240 954 5280 munere
983 5225 1272 5280 custodire.
1305 5223 1710 5294 Justi/icationes
1740 5227 1884 5281 enim
1917 5228 2043 5295 quid

465 5314 791 5384 signiﬁcent,
815 5315 868 5369 in
889 5323 1084 5385 quarto
1107 5328 1262 5369 versu
1276 5315 1549 5383 superiore
1563 5313 1676 5383 jam
1700 5316 1905 5370 dictum
1928 5327 2032 5372 est.

466 5405 533 5459 Et
544 5405 795 5473 quoniam
810 5414 1032 5460 noverat
1046 5405 1369 5459 tentationes
1378 5404 1666 5460 diabolicas
1677 5407 1913 5477 undique
1932 5407 2038 5462 cir-

467 5495 692 5559 cumire,
715 5503 775 5550 ut
791 5495 983 5565 legitur
1006 5515 1017 5548 :
1052 5496 1389 5550 Adversarius
1411 5507 1573 5550 vester
1595 5497 1728 5550 sicut
1748 5496 1826 5550 leo
1847 5499 2032 5551 circuit

469 5600 702 5650 quarens
727 5600 876 5654 quem
897 5583 1099 5638 devoret
1124 5584 1176 5656 (Ι
1210 5585 1347 5640 Petr.
1379 5602 1432 5651 v,
1460 5585 1537 5657 8),
1558 5588 1691 5657 petit
1718 5602 1775 5643 se
1801 5603 2042 5658 quaqua-

472 5687 658 5728 versus
704 5677 935 5745 undique
975 5676 1245 5750 custodiri,
1301 5694 1366 5735 nc
1406 5680 1573 5748 possit
1605 5679 1781 5735 locum
1811 5680 2037 5733 nocendi

2153 3221 2288 3278 ﬁciis
2320 3223 2456 3286 tuis;
2491 3229 2546 3274 ut
2576 3234 2734 3289 quem
2769 3227 2821 3273 te
2863 3217 3036 3272 fecisti
3087 3226 3200 3271 toto
3229 3217 3392 3270 corde
3437 3225 3643 3284 petere,
3689 3223 3752 3268 tu

2150 3317 2312 3372 etiam
2341 3315 2574 3384 digneris
2605 3313 2808 3366 audire.
2839 3310 3059 3380 Repellit
3099 3309 3243 3364 enim
3275 3322 3306 3362 a
3342 3309 3597 3360 mandatis
3629 3308 3751 3361 suis

2153 3405 2380 3461 subdole
2406 3420 2465 3459 se
2494 3412 2766 3475 rogantes,
2815 3403 2957 3456 sicut
3001 3402 3054 3455 in
3083 3400 3194 3455 alio
3240 3399 3445 3470 psalmo
3493 3399 3685 3468 legitur
3718 3417 3733 3451 :

2161 3498 2338 3551 Virum
2384 3498 2694 3566 sanguinum
2734 3505 2780 3548 et
2808 3494 3046 3549 dolosum
3080 3493 3458 3547 abominabitur
3482 3489 3748 3545 Dominus

2150 3590 2322 3656 (Psal.
2355 3605 2408 3653 v,
2435 3588 2512 3660 7).
2544 3589 2607 3642 Et
2638 3588 2889 3642 Salomon
2919 3587 3084 3642 dicit:
3118 3585 3342 3642 Sanctus
3363 3586 3501 3639 enim
3525 3584 3748 3654 spiritus

2144 3677 2442 3746 disciplima
2486 3676 2694 3747 eﬂ'ugiet
2739 3676 2936 3746 ﬁctum,
2970 3686 3017 3730 et
3057 3675 3318 3730 subtrahet
3342 3691 3396 3730 se
3419 3692 3450 3728 a
3476 3675 3754 3746 cogitatio-

2147 3772 2295 3824 nibus
2327 3785 2442 3840 qua:
2468 3777 2585 3824 sunt
2608 3770 2718 3822 sine
2748 3768 3006 3823 intellectu
3036 3767 3192 3839 (Sap.
3221 3784 3259 3833 t,
3294 3767 3373 3836 5).
3413 3767 3584 3838 Rogat
3610 3783 3747 3836 ergo

2150 3876 2219 3916 ne
2258 3862 2326 3916 ab
2358 3861 2706 3931 intelligentia
2742 3861 2875 3931 legis
2914 3861 3111 3915 divina:
3147 3859 3440 3930 repellatur
3483 3862 3623 3916 sicut
3657 3862 3748 3914 in-

2149 3961 2341 4029 dignus
2363 4000 2378 4025 ,
2412 3969 2468 4013 ut
2496 3973 2845 4030 agnoscamus
2883 3959 3019 4012 hanc
3058 3959 3464 4028 intelligentiam
3494 3974 3604 4013 non
3632 3975 3753 4013 me—

2149 4055 2277 4118 reri,
2311 4054 2412 4108 nisi
2439 4068 2533 4108 eos
2563 4053 2652 4123 qui
2685 4063 2984 4108 noscuntur
3013 4050 3127 4107 toto
3153 4052 3318 4107 corde
3347 4052 3651 4121 deprecari.

2223 4143 2376 4198 Vers.
2407 4138 2494 4196 11.
2530 4141 2554 4196 l
2565 4158 2598 4196 η
2627 4143 2779 4196 corde
2804 4157 2914 4196 meo
2937 4142 3177 4196 abscondi
3207 4142 3407 4212 eloquia
3433 4153 3542 4206 tua,
3563 4153 3619 4195 ut
3641 4157 3754 4196 non

2148 4249 2350 4304 peccem
2377 4235 2487 4288 tibi.
2519 4232 2654 4289 Cum
2684 4234 2924 4302 legamus
2951 4247 3117 4301 opera
3141 4232 3354 4287 Domini
3387 4247 3506 4287 esse
3536 4232 3750 4301 praedi-

2149 4326 2342 4391 canda,
2376 4326 2518 4381 sicut
2560 4325 2752 4379 Petrus
2795 4324 2850 4380 in
2883 4325 3106 4380 Actibus
3151 4325 3516 4390 apostoIOrunt
3563 4324 3743 4380 dicit:

2152 4418 2273 4471 Non
2300 4419 2436 4471 enim
2466 4433 2735 4484 possumus
2762 4431 2878 4487 qua:
2903 4417 3120 4470 vidimus
3141 4424 3187 4471 et
3209 4415 3496 4469 audivimus
3531 4431 3633 4469 non
3665 4417 3752 4469 lo-

2705 4507 2792 4562 bic
2820 4506 2950 4562 dicit
3001 4509 3054 4561 in
3081 4507 3231 4561 corde
3261 4521 3360 4561 suo
3399 4506 3602 4575 eloquia
3632 4506 3749 4561 Do—

2153 4602 2306 4668 mini,
2347 4616 2411 4654 ne
2441 4609 2708 4669 peccaret,
2741 4600 3057 4653 abscondita.
3088 4599 3192 4655 Sed
3242 4608 3524 4666 utru'nqne
3555 4614 3749 4652 verum

2150 4703 2262 4757 est;
2298 4705 2419 4745 nam
2464 4693 2599 4746 sicut
2628 4690 2784 4746 decet
2816 4691 3060 4746 ﬁdelibus
3106 4706 3166 4747 ea
3199 4701 3498 4760 opportune
3541 4691 3749 4761 praedi-

2148 4796 2297 4846 care,
2325 4782 2401 4836 sic
2443 4796 2549 4835 non
2595 4783 2942 4837 credentibus
2971 4791 3179 4850 oportet
3214 4782 3569 4842 abscondere.
3599 4782 3751 4837 sicut

2148 4877 2204 4950 in
2234 4875 2525 4946 Evangelio
2556 4875 2757 4930 dictum
2788 4891 2909 4932 est:
2944 4875 3026 4930 Ne
3050 4875 3295 4931 dederitis
3323 4885 3557 4930 sanctum
3599 4876 3750 4928 cani-

2151 4970 2266 5032 bus,
2311 4983 2470 5036 neque
2517 4967 2754 5023 miseritis
2798 4970 3106 5038 margaritas
3156 4980 3346 5023 vestras
3391 4978 3508 5022 ante
3559 4984 3750 5038 porcas

2147 5060 2328 5129 (Matt.
2365 5076 2456 5125 vu,
2489 5059 2568 5128 6).
2599 5060 2663 5114 Et
2692 5059 2828 5115 alius
2861 5062 3095 5129 psalmus
3124 5061 3250 5115 dicit
3282 5075 3296 5113 :
3335 5059 3495 5113 Posui
3519 5061 3598 5114 ori
3630 5075 3748 5112 meo

2149 5155 2466 5218 custodiam;
2484 5155 2601 5206 dum
2627 5155 2854 5208 consistit
2879 5161 3112 5220 peccator
3131 5155 3400 5208 adversum
3424 5170 3526 5206 me.
3547 5151 3749 5206 Obruit.

2149 5245 2246 5306 tui,
2270 5253 2316 5295 et
2343 5243 2636 5296 humiliatus
2660 5258 2793 5308 sum,
2826 5251 2876 5297 et
2908 5243 3029 5296 silui
3059 5259 3090 5295 a
3117 5242 3260 5296 bonis
3285 5239 3457 5312 (Psal.
3498 5255 3702 5295 xxxvm
3726 5281 3747 5303 ,

2148 5332 2237 5399 9.);
2268 5343 2323 5385 ut
2355 5332 2716 5401 intelligamus
2745 5334 2946 5401 peccati
2977 5348 3144 5402 genus
3175 5347 3296 5387 e~se
3321 5333 3606 5388 obstinatis
3627 5332 3751 5386 elu-

2152 5424 2271 5488 qnia
2307 5422 2514 5476 Domini
2565 5425 2874 5489 praedicare.
2911 5425 3061 5479 Unde
3109 5435 3163 5478 et
3207 5425 3405 5479 Paulus
3453 5425 3747 5493 apostolus

2151 5510 2316 5565 dicit:
2349 5511 2660 5566 "(creticum
2700 5525 2812 5584 post
2834 5517 3051 5584 primatu
3083 5524 3131 5568 et
3165 5516 3438 5570 secundum
3459 5516 3752 5582 correptio-

2149 5618 2264 5656 nem
2291 5603 2457 5656 devita
2485 5605 2613 5672 (Tit.
2641 5621 2716 5668 nt,
2752 5607 2870 5674 10),
2901 5618 3007 5662 etc.

2227 5688 2376 5747 Vers.
2409 5693 2490 5748 1:2.
2516 5693 2814 5752 Benedictus
2843 5713 2914 5764 es,
