  <div class='ocr_page' id='page_1' title='image "/cluster/home/n/w/nwhite01/storage/ocr_20150623/70/hvd.32044054758735/426.png"; bbox 0 0 3966 6172; ppageno 0'>
   <div class='ocr_carea' id='block_1_1' title="bbox 202 302 282 354">
    <p class='ocr_par' dir='ltr' id='par_1_1' title="bbox 202 302 282 354">
     <span class='ocr_line' id='line_1_1' title="bbox 202 302 282 354; baseline -0.025 0"><span class='ocrx_word' id='word_1_1' title='bbox 202 302 282 354; x_wconf 71' lang='grc' dir='ltr'><strong>εει</strong></span> 
     </span>
    </p>
   </div>
   <div class='ocr_carea' id='block_1_2' title="bbox 1087 260 2538 349">
    <p class='ocr_par' dir='ltr' id='par_1_2' title="bbox 1087 260 2538 349">
     <span class='ocr_line' id='line_1_2' title="bbox 1087 260 2538 349; baseline -0.008 -2"><span class='ocrx_word' id='word_1_2' title='bbox 1087 292 1442 349; x_wconf 71' lang='lat' dir='ltr'><strong>iiXl‘USiTlU</strong></span> <span class='ocrx_word' id='word_1_3' title='bbox 1483 260 1557 343; x_wconf 27' lang='grc' dir='ltr'><strong>ΙΝ*</strong></span> <span class='ocrx_word' id='word_1_4' title='bbox 1585 286 2035 343; x_wconf 63' lang='grc' dir='ltr'><strong>ΡΒΜῘΙῚΞΠΙυΜ.</strong></span> <span class='ocrx_word' id='word_1_5' title='bbox 2082 286 2272 341; x_wconf 75' lang='lat' dir='ltr'><strong>PSAL.</strong></span> <span class='ocrx_word' id='word_1_6' title='bbox 2316 285 2538 341; x_wconf 67' lang='lat' dir='ltr'><strong>CXVI“.</strong></span> 
     </span>
    </p>
   </div>
   <div class='ocr_carea' id='block_1_3' title="bbox 3354 285 3457 339">
    <p class='ocr_par' dir='ltr' id='par_1_3' title="bbox 3354 285 3457 339">
     <span class='ocr_line' id='line_1_3' title="bbox 3354 285 3457 339; baseline -0.01 0"><span class='ocrx_word' id='word_1_7' title='bbox 3354 285 3457 339; x_wconf 66' lang='lat'><strong>842</strong></span> 
     </span>
    </p>
   </div>
   <div class='ocr_carea' id='block_1_4' title="bbox 201 394 3497 480">
    <p class='ocr_par' dir='ltr' id='par_1_4' title="bbox 201 394 3497 480">
     <span class='ocr_line' id='line_1_4' title="bbox 201 394 3497 480; baseline -0.007 -10"><span class='ocrx_word' id='word_1_8' title='bbox 201 415 339 470; x_wconf 72' lang='lat' dir='ltr'><strong>tiones</strong></span> <span class='ocrx_word' id='word_1_9' title='bbox 370 425 507 469; x_wconf 73' lang='lat' dir='ltr'><strong>tuas.</strong></span> <span class='ocrx_word' id='word_1_10' title='bbox 539 413 614 466; x_wconf 77' lang='lat' dir='ltr'><strong>Ne</strong></span> <span class='ocrx_word' id='word_1_11' title='bbox 651 412 841 480; x_wconf 84' lang='lat' dir='ltr'><strong>aliquis</strong></span> <span class='ocrx_word' id='word_1_12' title='bbox 873 412 1228 465; x_wconf 71' lang='lat' dir='ltr'><strong>eruditionem</strong></span> <span class='ocrx_word' id='word_1_13' title='bbox 1264 418 1503 463; x_wconf 82' lang='lat' dir='ltr'><strong>sanctam</strong></span> <span class='ocrx_word' id='word_1_14' title='bbox 1539 406 1767 476; x_wconf 81' lang='lat' dir='ltr'><strong>propriis</strong></span> <span class='ocrx_word' id='word_1_15' title='bbox 1797 410 1839 462; x_wconf 64' lang='grc' dir='ltr'><strong>Δ</strong></span> <span class='ocrx_word' id='word_1_16' title='bbox 1870 401 2083 456; x_wconf 88' lang='lat' dir='ltr'><strong>culmen</strong></span> <span class='ocrx_word' id='word_1_17' title='bbox 2105 400 2306 455; x_wconf 81' lang='lat' dir='ltr'><strong>oblivio</strong></span> <span class='ocrx_word' id='word_1_18' title='bbox 2339 398 2567 452; x_wconf 81' lang='lat' dir='ltr'><strong>nefanda</strong></span> <span class='ocrx_word' id='word_1_19' title='bbox 2598 396 2922 451; x_wconf 86' lang='lat' dir='ltr'><strong>destrueret.</strong></span> <span class='ocrx_word' id='word_1_20' title='bbox 2967 394 3211 448; x_wconf 82' lang='lat' dir='ltr'><strong>Meditari</strong></span> <span class='ocrx_word' id='word_1_21' title='bbox 3234 396 3377 449; x_wconf 88' lang='lat' dir='ltr'><strong>enim</strong></span> <span class='ocrx_word' id='word_1_22' title='bbox 3400 410 3460 449; x_wconf 80' lang='lat' dir='ltr'><strong>se</strong></span> <span class='ocrx_word' id='word_1_23' title='bbox 3494 404 3497 407; x_wconf 87' lang='lat'>&#39;</span> 
     </span>
    </p>
   </div>
   <div class='ocr_carea' id='block_1_5' title="bbox 201 500 1766 575">
    <p class='ocr_par' dir='ltr' id='par_1_5' title="bbox 201 500 1766 575">
     <span class='ocr_line' id='line_1_5' title="bbox 201 500 1766 575; baseline -0.008 -12"><span class='ocrx_word' id='word_1_24' title='bbox 201 510 381 563; x_wconf 83' lang='lat' dir='ltr'><strong>viribus</strong></span> <span class='ocrx_word' id='word_1_25' title='bbox 402 510 713 575; x_wconf 62' lang='lat' dir='ltr'><strong>applicaret,</strong></span> <span class='ocrx_word' id='word_1_26' title='bbox 753 507 1048 571; x_wconf 69' lang='lat' dir='ltr'><strong>praemittit,</strong></span> <span class='ocrx_word' id='word_1_27' title='bbox 1080 503 1392 557; x_wconf 71' lang='lat' dir='ltr'><strong>Benedictus</strong></span> <span class='ocrx_word' id='word_1_28' title='bbox 1416 518 1489 564; x_wconf 88' lang='lat' dir='ltr'><strong>es,</strong></span> <span class='ocrx_word' id='word_1_29' title='bbox 1528 500 1766 563; x_wconf 80' lang='lat' dir='ltr'><strong>Domine,</strong></span> 
     </span>
    </p>
   </div>
   <div class='ocr_carea' id='block_1_6' title="bbox 202 596 1769 669">
    <p class='ocr_par' dir='ltr' id='par_1_6' title="bbox 202 596 1769 669">
     <span class='ocr_line' id='line_1_6' title="bbox 202 596 1769 669; baseline -0.006 -15"><span class='ocrx_word' id='word_1_30' title='bbox 202 601 245 656; x_wconf 86' lang='lat' dir='ltr'><strong>id</strong></span> <span class='ocrx_word' id='word_1_31' title='bbox 269 611 366 666; x_wconf 83' lang='lat' dir='ltr'><strong>est,</strong></span> <span class='ocrx_word' id='word_1_32' title='bbox 400 600 489 669; x_wconf 86' lang='lat' dir='ltr'><strong>qui</strong></span> <span class='ocrx_word' id='word_1_33' title='bbox 516 600 679 667; x_wconf 78' lang='lat' dir='ltr'><strong>gratis</strong></span> <span class='ocrx_word' id='word_1_34' title='bbox 711 608 931 667; x_wconf 66' lang='lat' dir='ltr'><strong>prmstas</strong></span> <span class='ocrx_word' id='word_1_35' title='bbox 959 616 969 649; x_wconf 88' lang='lat'><strong>:</strong></span> <span class='ocrx_word' id='word_1_36' title='bbox 996 599 1118 667; x_wconf 85' lang='lat' dir='ltr'><strong>quia</strong></span> <span class='ocrx_word' id='word_1_37' title='bbox 1152 598 1201 650; x_wconf 90' lang='lat' dir='ltr'><strong>in</strong></span> <span class='ocrx_word' id='word_1_38' title='bbox 1228 596 1448 649; x_wconf 85' lang='lat' dir='ltr'><strong>homine</strong></span> <span class='ocrx_word' id='word_1_39' title='bbox 1482 610 1584 647; x_wconf 91' lang='lat' dir='ltr'><strong>n0n</strong></span> <span class='ocrx_word' id='word_1_40' title='bbox 1620 607 1769 660; x_wconf 82' lang='lat' dir='ltr'><strong>potes</strong></span> 
     </span>
    </p>
   </div>
   <div class='ocr_carea' id='block_1_7' title="bbox 204 691 1769 763">
    <p class='ocr_par' dir='ltr' id='par_1_7' title="bbox 204 691 1769 763">
     <span class='ocr_line' id='line_1_7' title="bbox 204 691 1769 763; baseline -0.007 -12"><span class='ocrx_word' id='word_1_41' title='bbox 204 696 425 751; x_wconf 71' lang='lat' dir='ltr'><strong>invenire</strong></span> <span class='ocrx_word' id='word_1_42' title='bbox 454 696 591 760; x_wconf 73' lang='lat' dir='ltr'><strong>quod</strong></span> <span class='ocrx_word' id='word_1_43' title='bbox 625 695 810 763; x_wconf 77' lang='lat' dir='ltr'><strong>eligas.</strong></span> <span class='ocrx_word' id='word_1_44' title='bbox 840 694 945 748; x_wconf 88' lang='lat' dir='ltr'><strong>Sed</strong></span> <span class='ocrx_word' id='word_1_45' title='bbox 972 695 1055 747; x_wconf 77' lang='lat' dir='ltr'><strong>hic</strong></span> <span class='ocrx_word' id='word_1_46' title='bbox 1086 694 1537 755; x_wconf 85' lang='lat' dir='ltr'><strong>benedictionem,</strong></span> <span class='ocrx_word' id='word_1_47' title='bbox 1561 691 1769 743; x_wconf 73' lang='grc' dir='ltr'><strong>Ιιιυιιιιιιι</strong></span> 
     </span>
    </p>
   </div>
   <div class='ocr_carea' id='block_1_8' title="bbox 205 782 1771 853">
    <p class='ocr_par' dir='ltr' id='par_1_8' title="bbox 205 782 1771 853">
     <span class='ocr_line' id='line_1_8' title="bbox 205 782 1771 853; baseline -0.005 -14"><span class='ocrx_word' id='word_1_48' title='bbox 205 785 445 853; x_wconf 67' lang='lat' dir='ltr'><strong>signiﬁcat</strong></span> <span class='ocrx_word' id='word_1_49' title='bbox 480 785 716 847; x_wconf 73' lang='lat' dir='ltr'><strong>liciniui;</strong></span> <span class='ocrx_word' id='word_1_50' title='bbox 745 801 864 837; x_wconf 86' lang='lat' dir='ltr'><strong>nam</strong></span> <span class='ocrx_word' id='word_1_51' title='bbox 894 799 1013 836; x_wconf 88' lang='lat' dir='ltr'><strong>eum</strong></span> <span class='ocrx_word' id='word_1_52' title='bbox 1049 798 1145 836; x_wconf 86' lang='lat' dir='ltr'><strong>nos</strong></span> <span class='ocrx_word' id='word_1_53' title='bbox 1178 784 1343 836; x_wconf 88' lang='lat' dir='ltr'><strong>Deum</strong></span> <span class='ocrx_word' id='word_1_54' title='bbox 1381 782 1771 842; x_wconf 80' lang='lat' dir='ltr'><strong>benedicimus,</strong></span> 
     </span>
    </p>
   </div>
   <div class='ocr_carea' id='block_1_9' title="bbox 204 875 1773 945">
    <p class='ocr_par' dir='ltr' id='par_1_9' title="bbox 204 875 1773 945">
     <span class='ocr_line' id='line_1_9' title="bbox 204 875 1773 945; baseline -0.003 -15"><span class='ocrx_word' id='word_1_55' title='bbox 204 876 302 945; x_wconf 78' lang='lat' dir='ltr'><strong>ejus</strong></span> <span class='ocrx_word' id='word_1_56' title='bbox 332 876 470 930; x_wconf 83' lang='lat' dir='ltr'><strong>facta</strong></span> <span class='ocrx_word' id='word_1_57' title='bbox 501 876 807 935; x_wconf 76' lang='lat' dir='ltr'><strong>laudamus;</strong></span> <span class='ocrx_word' id='word_1_58' title='bbox 838 891 959 930; x_wconf 89' lang='lat' dir='ltr'><strong>cum</strong></span> <span class='ocrx_word' id='word_1_59' title='bbox 994 878 1081 930; x_wconf 90' lang='lat' dir='ltr'><strong>ille</strong></span> <span class='ocrx_word' id='word_1_60' title='bbox 1113 876 1402 937; x_wconf 86' lang='lat' dir='ltr'><strong>benedicit,</strong></span> <span class='ocrx_word' id='word_1_61' title='bbox 1444 890 1541 927; x_wconf 90' lang='lat' dir='ltr'><strong>nos</strong></span> <span class='ocrx_word' id='word_1_62' title='bbox 1569 875 1773 927; x_wconf 86' lang='lat' dir='ltr'><strong>sancti-</strong></span> 
     </span>
    </p>
   </div>
   <div class='ocr_carea' id='block_1_10' title="bbox 207 966 1772 1038">
    <p class='ocr_par' dir='ltr' id='par_1_10' title="bbox 207 966 1772 1038">
     <span class='ocr_line' id='line_1_10' title="bbox 207 966 1772 1038; baseline -0.002 -18"><span class='ocrx_word' id='word_1_63' title='bbox 207 967 348 1021; x_wconf 84' lang='lat' dir='ltr'><strong>ﬁcare</strong></span> <span class='ocrx_word' id='word_1_64' title='bbox 376 967 643 1035; x_wconf 85' lang='lat' dir='ltr'><strong>dignatur.</strong></span> <span class='ocrx_word' id='word_1_65' title='bbox 665 966 938 1036; x_wconf 76' lang='lat' dir='ltr'><strong>Sequitur,</strong></span> <span class='ocrx_word' id='word_1_66' title='bbox 965 969 1089 1019; x_wconf 86' lang='lat' dir='ltr'><strong>doce</strong></span> <span class='ocrx_word' id='word_1_67' title='bbox 1119 985 1167 1020; x_wconf 86' lang='lat' dir='ltr'><strong>nt</strong></span> <span class='ocrx_word' id='word_1_68' title='bbox 1188 968 1611 1038; x_wconf 61' lang='lat' dir='ltr'><strong>&#39;jnstFﬁcationes</strong></span> <span class='ocrx_word' id='word_1_69' title='bbox 1640 976 1772 1017; x_wconf 87' lang='lat' dir='ltr'><strong>tuas.</strong></span> 
     </span>
    </p>
   </div>
   <div class='ocr_carea' id='block_1_11' title="bbox 206 1059 1774 1129">
    <p class='ocr_par' dir='ltr' id='par_1_11' title="bbox 206 1059 1774 1129">
     <span class='ocr_line' id='line_1_11' title="bbox 206 1059 1774 1129; baseline -0.002 -16"><span class='ocrx_word' id='word_1_70' title='bbox 206 1060 319 1113; x_wconf 79' lang='lat' dir='ltr'><strong>Cum</strong></span> <span class='ocrx_word' id='word_1_71' title='bbox 348 1062 594 1129; x_wconf 86' lang='lat' dir='ltr'><strong>superius</strong></span> <span class='ocrx_word' id='word_1_72' title='bbox 626 1060 839 1123; x_wconf 65' lang='lat' dir='ltr'><strong>dixerit,</strong></span> <span class='ocrx_word' id='word_1_73' title='bbox 868 1059 932 1114; x_wconf 83' lang='lat' dir='ltr'><strong>In</strong></span> <span class='ocrx_word' id='word_1_74' title='bbox 960 1061 1112 1113; x_wconf 74' lang='lat' dir='ltr'><strong>caide</strong></span> <span class='ocrx_word' id='word_1_75' title='bbox 1154 1077 1263 1112; x_wconf 86' lang='lat' dir='ltr'><strong>meo</strong></span> <span class='ocrx_word' id='word_1_76' title='bbox 1295 1062 1538 1112; x_wconf 81' lang='lat' dir='ltr'><strong>abscondi</strong></span> <span class='ocrx_word' id='word_1_77' title='bbox 1574 1060 1774 1123; x_wconf 79' lang='lat' dir='ltr'><strong>eloquia</strong></span> 
     </span>
    </p>
   </div>
   <div class='ocr_carea' id='block_1_12' title="bbox 207 1150 1776 1221">
    <p class='ocr_par' dir='ltr' id='par_1_12' title="bbox 207 1150 1776 1221">
     <span class='ocr_line' id='line_1_12' title="bbox 207 1150 1776 1221; baseline -0.003 -16"><span class='ocrx_word' id='word_1_78' title='bbox 207 1164 299 1217; x_wconf 80' lang='lat' dir='ltr'><strong>tua,</strong></span> <span class='ocrx_word' id='word_1_79' title='bbox 337 1168 477 1205; x_wconf 89' lang='lat' dir='ltr'><strong>nunc</strong></span> <span class='ocrx_word' id='word_1_80' title='bbox 523 1151 673 1217; x_wconf 85' lang='lat' dir='ltr'><strong>dicit,</strong></span> <span class='ocrx_word' id='word_1_81' title='bbox 720 1153 844 1205; x_wconf 85' lang='lat' dir='ltr'><strong>doce</strong></span> <span class='ocrx_word' id='word_1_82' title='bbox 891 1168 968 1204; x_wconf 87' lang='lat' dir='ltr'><strong>me</strong></span> <span class='ocrx_word' id='word_1_83' title='bbox 989 1153 1387 1221; x_wconf 84' lang='lat' dir='ltr'><strong>justi/icaliones</strong></span> <span class='ocrx_word' id='word_1_84' title='bbox 1438 1160 1574 1213; x_wconf 73' lang='lat' dir='ltr'><strong>turis,</strong></span> <span class='ocrx_word' id='word_1_85' title='bbox 1624 1150 1776 1218; x_wconf 73' lang='lat' dir='ltr'><strong>qiasi</strong></span> 
     </span>
    </p>
   </div>
   <div class='ocr_carea' id='block_1_13' title="bbox 208 1242 1779 1312">
    <p class='ocr_par' dir='ltr' id='par_1_13' title="bbox 208 1242 1779 1312">
     <span class='ocr_line' id='line_1_13' title="bbox 208 1242 1779 1312; baseline -0.004 -15"><span class='ocrx_word' id='word_1_86' title='bbox 208 1244 319 1297; x_wconf 81' lang='lat' dir='ltr'><strong>nihil</strong></span> <span class='ocrx_word' id='word_1_87' title='bbox 344 1254 467 1297; x_wconf 87' lang='lat' dir='ltr'><strong>ante</strong></span> <span class='ocrx_word' id='word_1_88' title='bbox 496 1244 763 1298; x_wconf 81' lang='lat' dir='ltr'><strong>didicerit.</strong></span> <span class='ocrx_word' id='word_1_89' title='bbox 784 1242 979 1297; x_wconf 81' lang='lat' dir='ltr'><strong>\‘erum</strong></span> <span class='ocrx_word' id='word_1_90' title='bbox 1003 1251 1204 1297; x_wconf 68' lang='lat' dir='ltr'><strong>sanctae</strong></span> <span class='ocrx_word' id='word_1_91' title='bbox 1234 1242 1631 1312; x_wconf 80' lang='lat' dir='ltr'><strong>coogregationi</strong></span> <span class='ocrx_word' id='word_1_92' title='bbox 1664 1257 1779 1293; x_wconf 80' lang='lat' dir='ltr'><strong>esu-</strong></span> 
     </span>
    </p>
   </div>
   <div class='ocr_carea' id='block_1_14' title="bbox 210 1333 1780 1403">
    <p class='ocr_par' dir='ltr' id='par_1_14' title="bbox 210 1333 1780 1403">
     <span class='ocr_line' id='line_1_14' title="bbox 210 1333 1780 1403; baseline -0.004 -15"><span class='ocrx_word' id='word_1_93' title='bbox 210 1338 347 1389; x_wconf 79' lang='lat' dir='ltr'><strong>ricnii</strong></span> <span class='ocrx_word' id='word_1_94' title='bbox 393 1336 703 1402; x_wconf 81' lang='lat' dir='ltr'><strong>sitientique</strong></span> <span class='ocrx_word' id='word_1_95' title='bbox 730 1336 989 1403; x_wconf 88' lang='lat' dir='ltr'><strong>justitiam</strong></span> <span class='ocrx_word' id='word_1_96' title='bbox 1023 1351 1125 1388; x_wconf 89' lang='lat' dir='ltr'><strong>non</strong></span> <span class='ocrx_word' id='word_1_97' title='bbox 1170 1336 1369 1389; x_wconf 80' lang='lat' dir='ltr'><strong>sufﬁcit</strong></span> <span class='ocrx_word' id='word_1_98' title='bbox 1397 1334 1642 1387; x_wconf 83' lang='lat' dir='ltr'><strong>mandata</strong></span> <span class='ocrx_word' id='word_1_99' title='bbox 1677 1333 1780 1385; x_wconf 87' lang='lat' dir='ltr'><strong>Do-</strong></span> 
     </span>
    </p>
   </div>
   <div class='ocr_carea' id='block_1_15' title="bbox 208 1425 1781 1496">
    <p class='ocr_par' dir='ltr' id='par_1_15' title="bbox 208 1425 1781 1496">
     <span class='ocr_line' id='line_1_15' title="bbox 208 1425 1781 1496; baseline -0.004 -15"><span class='ocrx_word' id='word_1_100' title='bbox 208 1430 320 1481; x_wconf 85' lang='lat' dir='ltr'><strong>mini</strong></span> <span class='ocrx_word' id='word_1_101' title='bbox 350 1429 513 1481; x_wconf 81' lang='lat' dir='ltr'><strong>verbo</strong></span> <span class='ocrx_word' id='word_1_102' title='bbox 549 1429 636 1480; x_wconf 89' lang='lat' dir='ltr'><strong>d.d</strong></span> <span class='ocrx_word' id='word_1_103' title='bbox 664 1431 833 1489; x_wconf 80' lang='lat' dir='ltr'><strong>cisse;</strong></span> <span class='ocrx_word' id='word_1_104' title='bbox 863 1428 953 1480; x_wconf 86' lang='lat' dir='ltr'><strong>sed</strong></span> <span class='ocrx_word' id='word_1_105' title='bbox 988 1427 1202 1496; x_wconf 77' lang='lat' dir='ltr'><strong>petebat</strong></span> <span class='ocrx_word' id='word_1_106' title='bbox 1229 1436 1286 1481; x_wconf 93' lang='lat' dir='ltr'><strong>ut</strong></span> <span class='ocrx_word' id='word_1_107' title='bbox 1315 1441 1375 1481; x_wconf 89' lang='lat' dir='ltr'><strong>ea</strong></span> <span class='ocrx_word' id='word_1_108' title='bbox 1401 1427 1555 1479; x_wconf 86' lang='lat' dir='ltr'><strong>factis</strong></span> <span class='ocrx_word' id='word_1_109' title='bbox 1584 1425 1781 1494; x_wconf 77' lang='lat' dir='ltr'><strong>potuis-</strong></span> 
     </span>
    </p>
   </div>
   <div class='ocr_carea' id='block_1_16' title="bbox 208 1516 1781 1589">
    <p class='ocr_par' dir='ltr' id='par_1_16' title="bbox 208 1516 1781 1589">
     <span class='ocr_line' id='line_1_16' title="bbox 208 1516 1781 1589; baseline -0.003 -16"><span class='ocrx_word' id='word_1_110' title='bbox 208 1532 277 1573; x_wconf 86' lang='lat' dir='ltr'><strong>set</strong></span> <span class='ocrx_word' id='word_1_111' title='bbox 317 1520 624 1582; x_wconf 71' lang='lat' dir='ltr'><strong>ostendere,</strong></span> <span class='ocrx_word' id='word_1_112' title='bbox 660 1519 747 1572; x_wconf 89' lang='lat' dir='ltr'><strong>ubi</strong></span> <span class='ocrx_word' id='word_1_113' title='bbox 798 1528 1021 1573; x_wconf 71' lang='lat' dir='ltr'><strong>noverat</strong></span> <span class='ocrx_word' id='word_1_114' title='bbox 1058 1518 1447 1589; x_wconf 73' lang='lat' dir='ltr'><strong>plenitudinem</strong></span> <span class='ocrx_word' id='word_1_115' title='bbox 1494 1533 1553 1572; x_wconf 87' lang='lat' dir='ltr'><strong>se</strong></span> <span class='ocrx_word' id='word_1_116' title='bbox 1593 1516 1781 1587; x_wconf 77' lang='lat' dir='ltr'><strong>gratia:</strong></span> 
     </span>
    </p>
   </div>
   <div class='ocr_carea' id='block_1_17' title="bbox 210 1602 1782 1681">
    <p class='ocr_par' dir='ltr' id='par_1_17' title="bbox 210 1602 1782 1681">
     <span class='ocr_line' id='line_1_17' title="bbox 210 1602 1782 1681; baseline -0.004 -15"><span class='ocrx_word' id='word_1_117' title='bbox 210 1615 449 1680; x_wconf 82' lang='lat' dir='ltr'><strong>reperire.</strong></span> <span class='ocrx_word' id='word_1_118' title='bbox 500 1614 701 1665; x_wconf 71' lang='lat' dir='ltr'><strong>DLcitnr</strong></span> <span class='ocrx_word' id='word_1_119' title='bbox 732 1628 879 1679; x_wconf 71' lang='lat' dir='ltr'><strong>ergo,</strong></span> <span class='ocrx_word' id='word_1_120' title='bbox 914 1615 1037 1663; x_wconf 79' lang='lat' dir='ltr'><strong>doce</strong></span> <span class='ocrx_word' id='word_1_121' title='bbox 1080 1627 1157 1664; x_wconf 88' lang='lat' dir='ltr'><strong>me</strong></span> <span class='ocrx_word' id='word_1_122' title='bbox 1186 1602 1585 1681; x_wconf 81' lang='lat' dir='ltr'><strong>justiﬁcatiancs</strong></span> <span class='ocrx_word' id='word_1_123' title='bbox 1626 1619 1782 1661; x_wconf 84' lang='lat' dir='ltr'><strong>tuas:</strong></span> 
     </span>
    </p>
   </div>
   <div class='ocr_carea' id='block_1_18' title="bbox 211 1699 1783 1770">
    <p class='ocr_par' dir='ltr' id='par_1_18' title="bbox 211 1699 1783 1770">
     <span class='ocr_line' id='line_1_18' title="bbox 211 1699 1783 1770; baseline -0.004 -13"><span class='ocrx_word' id='word_1_124' title='bbox 211 1705 298 1759; x_wconf 89' lang='lat' dir='ltr'><strong>hoc</strong></span> <span class='ocrx_word' id='word_1_125' title='bbox 327 1715 428 1764; x_wconf 78' lang='lat' dir='ltr'><strong>est,</strong></span> <span class='ocrx_word' id='word_1_126' title='bbox 464 1713 659 1770; x_wconf 74' lang='lat' dir='ltr'><strong>przesta</strong></span> <span class='ocrx_word' id='word_1_127' title='bbox 691 1720 777 1757; x_wconf 88' lang='lat' dir='ltr'><strong>me</strong></span> <span class='ocrx_word' id='word_1_128' title='bbox 805 1704 982 1757; x_wconf 76' lang='lat' dir='ltr'><strong>facere</strong></span> <span class='ocrx_word' id='word_1_129' title='bbox 1013 1703 1160 1757; x_wconf 76' lang='lat' dir='ltr'><strong>unde&quot;</strong></span> <span class='ocrx_word' id='word_1_130' title='bbox 1194 1702 1398 1757; x_wconf 87' lang='lat' dir='ltr'><strong>electos</strong></span> <span class='ocrx_word' id='word_1_131' title='bbox 1444 1710 1561 1755; x_wconf 90' lang='lat' dir='ltr'><strong>tuos</strong></span> <span class='ocrx_word' id='word_1_132' title='bbox 1589 1699 1783 1769; x_wconf 87' lang='lat' dir='ltr'><strong>justiti-</strong></span> 
     </span>
    </p>
   </div>
   <div class='ocr_carea' id='block_1_19' title="bbox 210 1797 639 1851">
    <p class='ocr_par' dir='ltr' id='par_1_19' title="bbox 210 1797 639 1851">
     <span class='ocr_line' id='line_1_19' title="bbox 210 1797 639 1851; baseline -0.009 -1"><span class='ocrx_word' id='word_1_133' title='bbox 210 1812 317 1851; x_wconf 80' lang='lat' dir='ltr'><strong>rare</strong></span> <span class='ocrx_word' id='word_1_134' title='bbox 346 1797 639 1851; x_wconf 70' lang='lat' dir='ltr'><strong>consuesti.</strong></span> 
     </span>
    </p>
   </div>
   <div class='ocr_carea' id='block_1_20' title="bbox 274 1885 1774 1957">
    <p class='ocr_par' dir='ltr' id='par_1_20' title="bbox 274 1885 1774 1957">
     <span class='ocr_line' id='line_1_20' title="bbox 274 1885 1774 1957; baseline -0.003 -16"><span class='ocrx_word' id='word_1_135' title='bbox 274 1888 418 1942; x_wconf 57' lang='grc' dir='ltr'><strong>νει-ε.</strong></span> <span class='ocrx_word' id='word_1_136' title='bbox 454 1887 535 1939; x_wconf 76' lang='grc'><strong>15,</strong></span> <span class='ocrx_word' id='word_1_137' title='bbox 566 1885 636 1939; x_wconf 69' lang='lat' dir='ltr'><strong>In</strong></span> <span class='ocrx_word' id='word_1_138' title='bbox 668 1887 818 1941; x_wconf 87' lang='lat' dir='ltr'><strong>labiis</strong></span> <span class='ocrx_word' id='word_1_139' title='bbox 855 1887 976 1940; x_wconf 90' lang='lat' dir='ltr'><strong>meis</strong></span> <span class='ocrx_word' id='word_1_140' title='bbox 1008 1887 1343 1955; x_wconf 75' lang='lat' dir='ltr'><strong>pronuntiavi</strong></span> <span class='ocrx_word' id='word_1_141' title='bbox 1377 1888 1549 1939; x_wconf 82' lang='lat' dir='ltr'><strong><em>omnia</em></strong></span> <span class='ocrx_word' id='word_1_142' title='bbox 1570 1886 1774 1957; x_wconf 66' lang='lat' dir='ltr'><strong>judicia</strong></span> 
     </span>
    </p>
   </div>
   <div class='ocr_carea' id='block_1_21' title="bbox 212 1978 1775 2049">
    <p class='ocr_par' dir='ltr' id='par_1_21' title="bbox 212 1978 1775 2049">
     <span class='ocr_line' id='line_1_21' title="bbox 212 1978 1775 2049; baseline -0.003 -17"><span class='ocrx_word' id='word_1_143' title='bbox 212 1981 299 2032; x_wconf 81' lang='lat' dir='ltr'><strong>oris</strong></span> <span class='ocrx_word' id='word_1_144' title='bbox 336 1982 426 2032; x_wconf 83' lang='lat' dir='ltr'><strong>tui.</strong></span> <span class='ocrx_word' id='word_1_145' title='bbox 471 1979 681 2033; x_wconf 86' lang='lat' dir='ltr'><strong>Chorus</strong></span> <span class='ocrx_word' id='word_1_146' title='bbox 710 1979 802 2033; x_wconf 88' lang='lat' dir='ltr'><strong>ille</strong></span> <span class='ocrx_word' id='word_1_147' title='bbox 837 1991 1145 2034; x_wconf 88' lang='lat' dir='ltr'><strong>sanctorum</strong></span> <span class='ocrx_word' id='word_1_148' title='bbox 1176 1980 1533 2049; x_wconf 79' lang='lat' dir='ltr'><strong>pronuntiasse</strong></span> <span class='ocrx_word' id='word_1_149' title='bbox 1558 1994 1617 2033; x_wconf 91' lang='lat' dir='ltr'><strong>se</strong></span> <span class='ocrx_word' id='word_1_150' title='bbox 1644 1978 1775 2030; x_wconf 86' lang='lat' dir='ltr'><strong>dicit</strong></span> 
     </span>
    </p>
   </div>
   <div class='ocr_carea' id='block_1_22' title="bbox 214 2072 1786 2141">
    <p class='ocr_par' dir='ltr' id='par_1_22' title="bbox 214 2072 1786 2141">
     <span class='ocr_line' id='line_1_22' title="bbox 214 2072 1786 2141; baseline 0.001 -19"><span class='ocrx_word' id='word_1_151' title='bbox 214 2073 389 2140; x_wconf 66' lang='lat' dir='ltr'><strong>iudicia</strong></span> <span class='ocrx_word' id='word_1_152' title='bbox 422 2073 523 2125; x_wconf 77' lang='lat' dir='ltr'><strong>uris</strong></span> <span class='ocrx_word' id='word_1_153' title='bbox 567 2072 797 2137; x_wconf 80' lang='lat' dir='ltr'><strong>Domini,</strong></span> <span class='ocrx_word' id='word_1_154' title='bbox 840 2088 961 2141; x_wconf 72' lang='lat' dir='ltr'><strong>qua:</strong></span> <span class='ocrx_word' id='word_1_155' title='bbox 1004 2072 1213 2127; x_wconf 89' lang='lat' dir='ltr'><strong>locutus</strong></span> <span class='ocrx_word' id='word_1_156' title='bbox 1241 2082 1324 2127; x_wconf 89' lang='lat' dir='ltr'><strong>est</strong></span> <span class='ocrx_word' id='word_1_157' title='bbox 1366 2088 1461 2140; x_wconf 87' lang='lat' dir='ltr'><strong>per</strong></span> <span class='ocrx_word' id='word_1_158' title='bbox 1494 2072 1786 2140; x_wconf 75' lang='lat' dir='ltr'><strong>prophetas</strong></span> 
     </span>
    </p>
   </div>
   <div class='ocr_carea' id='block_1_23' title="bbox 214 2163 1787 2231">
    <p class='ocr_par' dir='ltr' id='par_1_23' title="bbox 214 2163 1787 2231">
     <span class='ocr_line' id='line_1_23' title="bbox 214 2163 1787 2231; baseline -0.001 -14"><span class='ocrx_word' id='word_1_159' title='bbox 214 2174 257 2217; x_wconf 91' lang='lat' dir='ltr'><strong>et</strong></span> <span class='ocrx_word' id='word_1_160' title='bbox 280 2164 549 2229; x_wconf 74' lang='lat' dir='ltr'><strong>apostolos</strong></span> <span class='ocrx_word' id='word_1_161' title='bbox 576 2178 725 2229; x_wconf 82' lang='lat' dir='ltr'><strong>suos,</strong></span> <span class='ocrx_word' id='word_1_162' title='bbox 758 2165 973 2231; x_wconf 79' lang='lat' dir='ltr'><strong>quando</strong></span> <span class='ocrx_word' id='word_1_163' title='bbox 1003 2178 1065 2219; x_wconf 87' lang='lat' dir='ltr'><strong>ea</strong></span> <span class='ocrx_word' id='word_1_164' title='bbox 1092 2164 1241 2218; x_wconf 79' lang='lat' dir='ltr'><strong>labiis</strong></span> <span class='ocrx_word' id='word_1_165' title='bbox 1262 2165 1374 2218; x_wconf 89' lang='lat' dir='ltr'><strong>suis</strong></span> <span class='ocrx_word' id='word_1_166' title='bbox 1407 2163 1700 2227; x_wconf 81' lang='lat' dir='ltr'><strong>recensuit,</strong></span> <span class='ocrx_word' id='word_1_167' title='bbox 1734 2175 1787 2216; x_wconf 91' lang='lat' dir='ltr'><strong>et</strong></span> 
     </span>
    </p>
   </div>
   <div class='ocr_carea' id='block_1_24' title="bbox 216 2254 1788 2325">
    <p class='ocr_par' dir='ltr' id='par_1_24' title="bbox 216 2254 1788 2325">
     <span class='ocr_line' id='line_1_24' title="bbox 216 2254 1788 2325; baseline 0.002 -20"><span class='ocrx_word' id='word_1_168' title='bbox 216 2256 398 2323; x_wconf 84' lang='lat' dir='ltr'><strong>populo</strong></span> <span class='ocrx_word' id='word_1_169' title='bbox 450 2254 779 2322; x_wconf 57' lang='lat' dir='ltr'><strong>praedicavit.</strong></span> <span class='ocrx_word' id='word_1_170' title='bbox 836 2256 1025 2309; x_wconf 82' lang='lat' dir='ltr'><strong>Omnia</strong></span> <span class='ocrx_word' id='word_1_171' title='bbox 1067 2256 1304 2324; x_wconf 86' lang='lat' dir='ltr'><strong>judicia,</strong></span> <span class='ocrx_word' id='word_1_172' title='bbox 1357 2256 1623 2325; x_wconf 84' lang='lat' dir='ltr'><strong>signiﬁcat</strong></span> <span class='ocrx_word' id='word_1_173' title='bbox 1670 2270 1788 2323; x_wconf 71' lang='lat' dir='ltr'><strong>qua:</strong></span> 
     </span>
    </p>
   </div>
   <div class='ocr_carea' id='block_1_25' title="bbox 214 2344 1790 2413">
    <p class='ocr_par' dir='ltr' id='par_1_25' title="bbox 214 2344 1790 2413">
     <span class='ocr_line' id='line_1_25' title="bbox 214 2344 1790 2413; baseline 0 -16"><span class='ocrx_word' id='word_1_174' title='bbox 214 2346 397 2411; x_wconf 83' lang='lat' dir='ltr'><strong>scripta</strong></span> <span class='ocrx_word' id='word_1_175' title='bbox 430 2345 514 2399; x_wconf 89' lang='lat' dir='ltr'><strong>vel</strong></span> <span class='ocrx_word' id='word_1_176' title='bbox 540 2345 678 2400; x_wconf 88' lang='lat' dir='ltr'><strong>dicta</strong></span> <span class='ocrx_word' id='word_1_177' title='bbox 707 2354 851 2401; x_wconf 89' lang='lat' dir='ltr'><strong>sunt.</strong></span> <span class='ocrx_word' id='word_1_178' title='bbox 872 2344 1138 2400; x_wconf 66' lang='lat' dir='ltr'><strong>Caeterum</strong></span> <span class='ocrx_word' id='word_1_179' title='bbox 1163 2346 1541 2400; x_wconf 89' lang='lat' dir='ltr'><strong>uuiversaliter</strong></span> <span class='ocrx_word' id='word_1_180' title='bbox 1570 2360 1673 2399; x_wconf 89' lang='lat' dir='ltr'><strong>non</strong></span> <span class='ocrx_word' id='word_1_181' title='bbox 1700 2362 1790 2413; x_wconf 90' lang='lat' dir='ltr'><strong>po-</strong></span> 
     </span>
    </p>
   </div>
   <div class='ocr_carea' id='block_1_26' title="bbox 214 2436 1793 2505">
    <p class='ocr_par' dir='ltr' id='par_1_26' title="bbox 214 2436 1793 2505">
     <span class='ocr_line' id='line_1_26' title="bbox 214 2436 1793 2505; baseline 0.001 -16"><span class='ocrx_word' id='word_1_182' title='bbox 214 2444 307 2491; x_wconf 86' lang='lat' dir='ltr'><strong>test</strong></span> <span class='ocrx_word' id='word_1_183' title='bbox 334 2437 705 2504; x_wconf 78' lang='lat' dir='ltr'><strong>pronuntiare,</strong></span> <span class='ocrx_word' id='word_1_184' title='bbox 739 2436 879 2505; x_wconf 91' lang='lat' dir='ltr'><strong>quod</strong></span> <span class='ocrx_word' id='word_1_185' title='bbox 913 2437 1057 2491; x_wconf 89' lang='lat' dir='ltr'><strong>nulla</strong></span> <span class='ocrx_word' id='word_1_186' title='bbox 1086 2437 1270 2491; x_wconf 83' lang='lat' dir='ltr'><strong>notitia</strong></span> <span class='ocrx_word' id='word_1_187' title='bbox 1317 2436 1567 2505; x_wconf 70' lang='lat' dir='ltr'><strong>praevalet</strong></span> <span class='ocrx_word' id='word_1_188' title='bbox 1600 2452 1793 2505; x_wconf 81' lang='lat' dir='ltr'><strong>appre-</strong></span> 
     </span>
    </p>
   </div>
   <div class='ocr_carea' id='block_1_27' title="bbox 216 2524 1793 2598">
    <p class='ocr_par' dir='ltr' id='par_1_27' title="bbox 216 2524 1793 2598">
     <span class='ocr_line' id='line_1_27' title="bbox 216 2524 1793 2598; baseline 0 -19"><span class='ocrx_word' id='word_1_189' title='bbox 216 2524 388 2591; x_wconf 83' lang='lat' dir='ltr'><strong>heiidi,</strong></span> <span class='ocrx_word' id='word_1_190' title='bbox 418 2528 555 2580; x_wconf 81' lang='lat' dir='ltr'><strong>sicut</strong></span> <span class='ocrx_word' id='word_1_191' title='bbox 586 2527 637 2580; x_wconf 90' lang='lat' dir='ltr'><strong>in</strong></span> <span class='ocrx_word' id='word_1_192' title='bbox 663 2528 769 2581; x_wconf 88' lang='lat' dir='ltr'><strong>alio</strong></span> <span class='ocrx_word' id='word_1_193' title='bbox 801 2527 1009 2598; x_wconf 83' lang='lat' dir='ltr'><strong>psalmo</strong></span> <span class='ocrx_word' id='word_1_194' title='bbox 1042 2528 1245 2583; x_wconf 90' lang='lat' dir='ltr'><strong>dictum</strong></span> <span class='ocrx_word' id='word_1_195' title='bbox 1291 2534 1376 2581; x_wconf 88' lang='lat' dir='ltr'><strong>est</strong></span> <span class='ocrx_word' id='word_1_196' title='bbox 1403 2544 1416 2579; x_wconf 91' lang='lat'><strong>:</strong></span> <span class='ocrx_word' id='word_1_197' title='bbox 1451 2526 1663 2580; x_wconf 82' lang='lat' dir='ltr'><strong>Judicia</strong></span> <span class='ocrx_word' id='word_1_198' title='bbox 1704 2538 1793 2580; x_wconf 88' lang='lat' dir='ltr'><strong>tua</strong></span> 
     </span>
    </p>
   </div>
   <div class='ocr_carea' id='block_1_28' title="bbox 216 2616 1798 2688">
    <p class='ocr_par' dir='ltr' id='par_1_28' title="bbox 216 2616 1798 2688">
     <span class='ocr_line' id='line_1_28' title="bbox 216 2616 1798 2688; baseline 0.002 -19"><span class='ocrx_word' id='word_1_199' title='bbox 216 2616 417 2687; x_wconf 77' lang='lat' dir='ltr'><strong>abyssus</strong></span> <span class='ocrx_word' id='word_1_200' title='bbox 443 2617 606 2670; x_wconf 80' lang='lat' dir='ltr'><strong>multa</strong></span> <span class='ocrx_word' id='word_1_201' title='bbox 638 2617 809 2688; x_wconf 79' lang='lat' dir='ltr'><strong>(I’sal.</strong></span> <span class='ocrx_word' id='word_1_202' title='bbox 845 2634 1009 2685; x_wconf 84' lang='lat' dir='ltr'><strong>xxxv,</strong></span> <span class='ocrx_word' id='word_1_203' title='bbox 1044 2620 1119 2688; x_wconf 91' lang='lat'><strong>7).</strong></span> <span class='ocrx_word' id='word_1_204' title='bbox 1145 2619 1431 2687; x_wconf 82' lang='lat' dir='ltr'><strong>Apostolus</strong></span> <span class='ocrx_word' id='word_1_205' title='bbox 1461 2634 1674 2688; x_wconf 86' lang='lat' dir='ltr'><strong>quoque</strong></span> <span class='ocrx_word' id='word_1_206' title='bbox 1717 2627 1798 2672; x_wconf 84' lang='lat' dir='ltr'><strong>te-</strong></span> 
     </span>
    </p>
   </div>
   <div class='ocr_carea' id='block_1_29' title="bbox 216 2708 1794 2777">
    <p class='ocr_par' dir='ltr' id='par_1_29' title="bbox 216 2708 1794 2777">
     <span class='ocr_line' id='line_1_29' title="bbox 216 2708 1794 2777; baseline -0.001 -14"><span class='ocrx_word' id='word_1_207' title='bbox 216 2716 376 2763; x_wconf 79' lang='lat' dir='ltr'><strong>statur</strong></span> <span class='ocrx_word' id='word_1_208' title='bbox 403 2727 418 2761; x_wconf 88' lang='lat'>:</span> <span class='ocrx_word' id='word_1_209' title='bbox 449 2708 493 2761; x_wconf 89' lang='lat'><em>0</em></span> <span class='ocrx_word' id='word_1_210' title='bbox 515 2712 732 2762; x_wconf 84' lang='lat' dir='ltr'><strong>altitudo</strong></span> <span class='ocrx_word' id='word_1_211' title='bbox 754 2710 1047 2763; x_wconf 70' lang='lat' dir='ltr'><strong>divitiarum</strong></span> <span class='ocrx_word' id='word_1_212' title='bbox 1076 2709 1336 2777; x_wconf 74' lang='lat' dir='ltr'><strong>sapientia:</strong></span> <span class='ocrx_word' id='word_1_213' title='bbox 1356 2719 1401 2762; x_wconf 86' lang='lat' dir='ltr'><strong>et</strong></span> <span class='ocrx_word' id='word_1_214' title='bbox 1428 2709 1651 2763; x_wconf 81' lang='lat' dir='ltr'><strong>scicntia:</strong></span> <span class='ocrx_word' id='word_1_215' title='bbox 1680 2708 1794 2776; x_wconf 83' lang='lat' dir='ltr'><strong>Dei,</strong></span> 
     </span>
    </p>
   </div>
   <div class='ocr_carea' id='block_1_30' title="bbox 217 2801 1798 2875">
    <p class='ocr_par' dir='ltr' id='par_1_30' title="bbox 217 2801 1798 2875">
     <span class='ocr_line' id='line_1_30' title="bbox 217 2801 1798 2875; baseline 0 -21"><span class='ocrx_word' id='word_1_216' title='bbox 217 2818 359 2870; x_wconf 79' lang='lat' dir='ltr'><strong>quam</strong></span> <span class='ocrx_word' id='word_1_217' title='bbox 400 2802 752 2855; x_wconf 82' lang='lat' dir='ltr'><strong>inscrntabitia</strong></span> <span class='ocrx_word' id='word_1_218' title='bbox 792 2813 909 2857; x_wconf 90' lang='lat' dir='ltr'><strong>sunt</strong></span> <span class='ocrx_word' id='word_1_219' title='bbox 932 2804 1134 2873; x_wconf 86' lang='lat' dir='ltr'><strong>judicia</strong></span> <span class='ocrx_word' id='word_1_220' title='bbox 1174 2806 1308 2875; x_wconf 83' lang='lat' dir='ltr'><strong>ejus,</strong></span> <span class='ocrx_word' id='word_1_221' title='bbox 1340 2814 1387 2856; x_wconf 89' lang='lat' dir='ltr'><strong>et</strong></span> <span class='ocrx_word' id='word_1_222' title='bbox 1425 2801 1798 2873; x_wconf 80' lang='lat' dir='ltr'><strong>investigabiles</strong></span> 
     </span>
    </p>
   </div>
   <div class='ocr_carea' id='block_1_31' title="bbox 219 2893 1799 2965">
    <p class='ocr_par' dir='ltr' id='par_1_31' title="bbox 219 2893 1799 2965">
     <span class='ocr_line' id='line_1_31' title="bbox 219 2893 1799 2965; baseline 0 -18"><span class='ocrx_word' id='word_1_223' title='bbox 219 2895 304 2948; x_wconf 75' lang='lat' dir='ltr'><strong>rite</strong></span> <span class='ocrx_word' id='word_1_224' title='bbox 329 2896 494 2965; x_wconf 85' lang='lat' dir='ltr'><strong>ipsius</strong></span> <span class='ocrx_word' id='word_1_225' title='bbox 524 2893 699 2963; x_wconf 88' lang='lat' dir='ltr'><strong>(Rom.</strong></span> <span class='ocrx_word' id='word_1_226' title='bbox 728 2911 803 2960; x_wconf 83' lang='lat' dir='ltr'><strong>xi,</strong></span> <span class='ocrx_word' id='word_1_227' title='bbox 836 2893 956 2965; x_wconf 78' lang='lat'><strong>55)!</strong></span> <span class='ocrx_word' id='word_1_228' title='bbox 992 2896 1059 2950; x_wconf 88' lang='lat' dir='ltr'><strong>Et</strong></span> <span class='ocrx_word' id='word_1_229' title='bbox 1089 2896 1200 2965; x_wconf 89' lang='lat' dir='ltr'><strong>ipse</strong></span> <span class='ocrx_word' id='word_1_230' title='bbox 1229 2895 1476 2965; x_wconf 87' lang='lat' dir='ltr'><strong>passione</strong></span> <span class='ocrx_word' id='word_1_231' title='bbox 1515 2896 1690 2949; x_wconf 77' lang='lat' dir='ltr'><strong>vicina</strong></span> <span class='ocrx_word' id='word_1_232' title='bbox 1718 2893 1799 2949; x_wconf 85' lang='lat' dir='ltr'><strong>di-</strong></span> 
     </span>
    </p>
   </div>
   <div class='ocr_carea' id='block_1_32' title="bbox 217 2987 1795 3058">
    <p class='ocr_par' dir='ltr' id='par_1_32' title="bbox 217 2987 1795 3058">
     <span class='ocr_line' id='line_1_32' title="bbox 217 2987 1795 3058; baseline 0.001 -17"><span class='ocrx_word' id='word_1_233' title='bbox 217 2987 287 3041; x_wconf 88' lang='lat' dir='ltr'><strong>cit</strong></span> <span class='ocrx_word' id='word_1_234' title='bbox 310 2989 601 3058; x_wconf 82' lang='lat' dir='ltr'><strong>apostolis:</strong></span> <span class='ocrx_word' id='word_1_235' title='bbox 632 2987 752 3041; x_wconf 87' lang='lat' dir='ltr'><strong>Non</strong></span> <span class='ocrx_word' id='word_1_236' title='bbox 782 2989 951 3041; x_wconf 86' lang='lat' dir='ltr'><strong>omnia</strong></span> <span class='ocrx_word' id='word_1_237' title='bbox 971 2988 1081 3042; x_wconf 74' lang='lat' dir='ltr'><strong>dixi</strong></span> <span class='ocrx_word' id='word_1_238' title='bbox 1103 2988 1261 3042; x_wconf 82' lang='lat' dir='ltr'><strong>vobis.</strong></span> <span class='ocrx_word' id='word_1_239' title='bbox 1289 2988 1627 3058; x_wconf 82' lang='lat' dir='ltr'><strong>Quapropter</strong></span> <span class='ocrx_word' id='word_1_240' title='bbox 1658 2988 1795 3058; x_wconf 86' lang='lat' dir='ltr'><strong>ﬁgu-</strong></span> 
     </span>
    </p>
   </div>
   <div class='ocr_carea' id='block_1_33' title="bbox 218 3080 1802 3153">
    <p class='ocr_par' dir='ltr' id='par_1_33' title="bbox 218 3080 1802 3153">
     <span class='ocr_line' id='line_1_33' title="bbox 218 3080 1802 3153; baseline 0.003 -19"><span class='ocrx_word' id='word_1_241' title='bbox 218 3080 398 3134; x_wconf 72' lang='lat' dir='ltr'><strong>raliter-</strong></span> <span class='ocrx_word' id='word_1_242' title='bbox 429 3096 525 3149; x_wconf 90' lang='lat' dir='ltr'><strong>pro</strong></span> <span class='ocrx_word' id='word_1_243' title='bbox 564 3089 712 3149; x_wconf 88' lang='lat' dir='ltr'><strong>parte</strong></span> <span class='ocrx_word' id='word_1_244' title='bbox 758 3080 955 3135; x_wconf 73' lang='lat' dir='ltr'><strong>dicitur</strong></span> <span class='ocrx_word' id='word_1_245' title='bbox 1000 3090 1190 3147; x_wconf 90' lang='lat' dir='ltr'><strong>totum,</strong></span> <span class='ocrx_word' id='word_1_246' title='bbox 1222 3082 1364 3152; x_wconf 90' lang='lat' dir='ltr'><strong>quod</strong></span> <span class='ocrx_word' id='word_1_247' title='bbox 1408 3083 1461 3137; x_wconf 89' lang='lat' dir='ltr'><strong>in</strong></span> <span class='ocrx_word' id='word_1_248' title='bbox 1510 3082 1802 3153; x_wconf 86' lang='lat' dir='ltr'><strong>Scripturis</strong></span> 
     </span>
    </p>
   </div>
   <div class='ocr_carea' id='block_1_34' title="bbox 220 3175 1286 3241">
    <p class='ocr_par' dir='ltr' id='par_1_34' title="bbox 220 3175 1286 3241">
     <span class='ocr_line' id='line_1_34' title="bbox 220 3175 1286 3241; baseline 0.001 -13"><span class='ocrx_word' id='word_1_249' title='bbox 220 3175 410 3229; x_wconf 79' lang='lat' dir='ltr'><strong>divinis</strong></span> <span class='ocrx_word' id='word_1_250' title='bbox 443 3177 752 3241; x_wconf 78' lang='lat' dir='ltr'><strong>frequenter</strong></span> <span class='ocrx_word' id='word_1_251' title='bbox 782 3184 992 3230; x_wconf 88' lang='lat' dir='ltr'><strong>constat</strong></span> <span class='ocrx_word' id='word_1_252' title='bbox 1021 3176 1286 3229; x_wconf 79' lang='lat' dir='ltr'><strong>etl‘eetum.</strong></span> 
     </span>
    </p>
   </div>
   <div class='ocr_carea' id='block_1_35' title="bbox 290 3264 1802 3322">
    <p class='ocr_par' dir='ltr' id='par_1_35' title="bbox 290 3264 1802 3322">
     <span class='ocr_line' id='line_1_35' title="bbox 290 3264 1802 3322; baseline 0.002 -4"><span class='ocrx_word' id='word_1_253' title='bbox 290 3265 444 3321; x_wconf 82' lang='lat' dir='ltr'><strong>Vers.</strong></span> <span class='ocrx_word' id='word_1_254' title='bbox 493 3266 579 3319; x_wconf 74' lang='grc'><strong>14.</strong></span> <span class='ocrx_word' id='word_1_255' title='bbox 616 3264 679 3319; x_wconf 86' lang='lat' dir='ltr'><strong>In</strong></span> <span class='ocrx_word' id='word_1_256' title='bbox 703 3269 785 3319; x_wconf 91' lang='lat' dir='ltr'><strong>via</strong></span> <span class='ocrx_word' id='word_1_257' title='bbox 831 3267 1239 3321; x_wconf 80' lang='lat' dir='ltr'><strong>testimoniorum</strong></span> <span class='ocrx_word' id='word_1_258' title='bbox 1281 3278 1485 3321; x_wconf 85' lang='lat' dir='ltr'><strong>tuorum</strong></span> <span class='ocrx_word' id='word_1_259' title='bbox 1524 3269 1802 3322; x_wconf 79' lang='lat' dir='ltr'><strong>delectatus</strong></span> 
     </span>
    </p>
   </div>
   <div class='ocr_carea' id='block_1_36' title="bbox 220 3355 1804 3419">
    <p class='ocr_par' dir='ltr' id='par_1_36' title="bbox 220 3355 1804 3419">
     <span class='ocr_line' id='line_1_36' title="bbox 220 3355 1804 3419; baseline 0.002 -9"><span class='ocrx_word' id='word_1_260' title='bbox 220 3373 344 3419; x_wconf 83' lang='lat' dir='ltr'><strong>sunt,</strong></span> <span class='ocrx_word' id='word_1_261' title='bbox 370 3357 501 3410; x_wconf 82' lang='lat' dir='ltr'><strong>sicut</strong></span> <span class='ocrx_word' id='word_1_262' title='bbox 542 3358 596 3410; x_wconf 91' lang='lat' dir='ltr'><strong>in</strong></span> <span class='ocrx_word' id='word_1_263' title='bbox 636 3358 869 3411; x_wconf 88' lang='lat' dir='ltr'><strong>omnibus</strong></span> <span class='ocrx_word' id='word_1_264' title='bbox 901 3358 1114 3411; x_wconf 78' lang='lat' dir='ltr'><strong>divitiis.</strong></span> <span class='ocrx_word' id='word_1_265' title='bbox 1146 3355 1243 3411; x_wconf 80' lang='lat' dir='ltr'><strong>Via</strong></span> <span class='ocrx_word' id='word_1_266' title='bbox 1273 3358 1677 3413; x_wconf 80' lang='lat' dir='ltr'><strong>testimoniorum</strong></span> <span class='ocrx_word' id='word_1_267' title='bbox 1721 3370 1804 3413; x_wconf 91' lang='lat' dir='ltr'><strong>est</strong></span> 
     </span>
    </p>
   </div>
   <div class='ocr_carea' id='block_1_37' title="bbox 222 3446 1801 3519">
    <p class='ocr_par' dir='ltr' id='par_1_37' title="bbox 222 3446 1801 3519">
     <span class='ocr_line' id='line_1_37' title="bbox 222 3446 1801 3519; baseline 0.002 -20"><span class='ocrx_word' id='word_1_268' title='bbox 222 3446 475 3501; x_wconf 80' lang='lat' dir='ltr'><strong>Dominus</strong></span> <span class='ocrx_word' id='word_1_269' title='bbox 506 3446 776 3515; x_wconf 83' lang='lat' dir='ltr'><strong>Christus,</strong></span> <span class='ocrx_word' id='word_1_270' title='bbox 805 3450 1055 3519; x_wconf 90' lang='lat' dir='ltr'><strong>quoniam</strong></span> <span class='ocrx_word' id='word_1_271' title='bbox 1088 3448 1155 3503; x_wconf 87' lang='lat' dir='ltr'><strong>de</strong></span> <span class='ocrx_word' id='word_1_272' title='bbox 1186 3448 1303 3516; x_wconf 89' lang='lat' dir='ltr'><strong>ipso</strong></span> <span class='ocrx_word' id='word_1_273' title='bbox 1335 3449 1603 3518; x_wconf 84' lang='lat' dir='ltr'><strong>loquentia</strong></span> <span class='ocrx_word' id='word_1_274' title='bbox 1632 3450 1697 3504; x_wconf 89' lang='lat' dir='ltr'><strong>ad</strong></span> <span class='ocrx_word' id='word_1_275' title='bbox 1726 3450 1801 3517; x_wconf 63' lang='grc' dir='ltr'><strong>ξμς</strong></span> 
     </span>
    </p>
   </div>
   <div class='ocr_carea' id='block_1_38' title="bbox 219 3541 1806 3611">
    <p class='ocr_par' dir='ltr' id='par_1_38' title="bbox 219 3541 1806 3611">
     <span class='ocr_line' id='line_1_38' title="bbox 219 3541 1806 3611; baseline 0.001 -18"><span class='ocrx_word' id='word_1_276' title='bbox 219 3555 331 3594; x_wconf 83' lang='lat' dir='ltr'><strong>sum</strong></span> <span class='ocrx_word' id='word_1_277' title='bbox 359 3541 564 3594; x_wconf 87' lang='lat' dir='ltr'><strong>ducunt</strong></span> <span class='ocrx_word' id='word_1_278' title='bbox 594 3562 607 3596; x_wconf 86' lang='lat'><strong>;</strong></span> <span class='ocrx_word' id='word_1_279' title='bbox 633 3541 715 3595; x_wconf 88' lang='lat' dir='ltr'><strong>via</strong></span> <span class='ocrx_word' id='word_1_280' title='bbox 742 3553 908 3603; x_wconf 90' lang='lat' dir='ltr'><strong>certa,</strong></span> <span class='ocrx_word' id='word_1_281' title='bbox 940 3543 1043 3595; x_wconf 87' lang='lat' dir='ltr'><strong>iter</strong></span> <span class='ocrx_word' id='word_1_282' title='bbox 1073 3542 1420 3611; x_wconf 79' lang='lat' dir='ltr'><strong>infatigabile,</strong></span> <span class='ocrx_word' id='word_1_283' title='bbox 1464 3550 1806 3608; x_wconf 73' lang='lat' dir='ltr'><strong>qumstuosus</strong></span> 
     </span>
    </p>
   </div>
   <div class='ocr_carea' id='block_1_39' title="bbox 218 3630 1808 3701">
    <p class='ocr_par' dir='ltr' id='par_1_39' title="bbox 218 3630 1808 3701">
     <span class='ocr_line' id='line_1_39' title="bbox 218 3630 1808 3701; baseline -0.001 -17"><span class='ocrx_word' id='word_1_284' title='bbox 218 3632 391 3694; x_wconf 81' lang='lat' dir='ltr'><strong>labor,</strong></span> <span class='ocrx_word' id='word_1_285' title='bbox 422 3630 509 3684; x_wconf 90' lang='lat' dir='ltr'><strong>ubi</strong></span> <span class='ocrx_word' id='word_1_286' title='bbox 540 3632 783 3701; x_wconf 80' lang='lat' dir='ltr'><strong>quisquis</strong></span> <span class='ocrx_word' id='word_1_287' title='bbox 815 3633 1137 3697; x_wconf 85' lang='lat' dir='ltr'><strong>pervenerit,</strong></span> <span class='ocrx_word' id='word_1_288' title='bbox 1178 3632 1630 3688; x_wconf 63' lang='lat' dir='ltr'><strong>inaestimabilium</strong></span> <span class='ocrx_word' id='word_1_289' title='bbox 1669 3631 1808 3684; x_wconf 86' lang='lat' dir='ltr'><strong>divi-</strong></span> 
     </span>
    </p>
   </div>
   <div class='ocr_carea' id='block_1_40' title="bbox 218 3722 1806 3792">
    <p class='ocr_par' dir='ltr' id='par_1_40' title="bbox 218 3722 1806 3792">
     <span class='ocr_line' id='line_1_40' title="bbox 218 3722 1806 3792; baseline 0.001 -18"><span class='ocrx_word' id='word_1_290' title='bbox 218 3723 412 3777; x_wconf 88' lang='lat' dir='ltr'><strong>tiarum</strong></span> <span class='ocrx_word' id='word_1_291' title='bbox 464 3723 818 3777; x_wconf 82' lang='lat' dir='ltr'><strong>delectatione</strong></span> <span class='ocrx_word' id='word_1_292' title='bbox 868 3725 1152 3780; x_wconf 88' lang='lat' dir='ltr'><strong>mulcetur.</strong></span> <span class='ocrx_word' id='word_1_293' title='bbox 1188 3726 1255 3778; x_wconf 83' lang='lat' dir='ltr'><strong>Et</strong></span> <span class='ocrx_word' id='word_1_294' title='bbox 1300 3724 1615 3777; x_wconf 90' lang='lat' dir='ltr'><strong>intuendum</strong></span> <span class='ocrx_word' id='word_1_295' title='bbox 1665 3722 1806 3792; x_wconf 88' lang='lat' dir='ltr'><strong>quod</strong></span> 
     </span>
    </p>
   </div>
   <div class='ocr_carea' id='block_1_41' title="bbox 219 3813 1809 3882">
    <p class='ocr_par' dir='ltr' id='par_1_41' title="bbox 219 3813 1809 3882">
     <span class='ocr_line' id='line_1_41' title="bbox 219 3813 1809 3882; baseline -0.001 -17"><span class='ocrx_word' id='word_1_296' title='bbox 219 3815 485 3881; x_wconf 79' lang='lat' dir='ltr'><strong>sequitur,</strong></span> <span class='ocrx_word' id='word_1_297' title='bbox 520 3814 647 3865; x_wconf 83' lang='lat' dir='ltr'><strong>sicut</strong></span> <span class='ocrx_word' id='word_1_298' title='bbox 687 3814 740 3866; x_wconf 85' lang='lat' dir='ltr'><strong>in</strong></span> <span class='ocrx_word' id='word_1_299' title='bbox 770 3815 1002 3868; x_wconf 87' lang='lat' dir='ltr'><strong>omnibus</strong></span> <span class='ocrx_word' id='word_1_300' title='bbox 1029 3815 1241 3867; x_wconf 78' lang='lat' dir='ltr'><strong>divitiis.</strong></span> <span class='ocrx_word' id='word_1_301' title='bbox 1271 3814 1364 3868; x_wconf 84' lang='lat' dir='ltr'><strong>llic</strong></span> <span class='ocrx_word' id='word_1_302' title='bbox 1396 3814 1616 3875; x_wconf 81' lang='lat' dir='ltr'><strong>divitias,</strong></span> <span class='ocrx_word' id='word_1_303' title='bbox 1650 3813 1809 3882; x_wconf 86' lang='lat' dir='ltr'><strong>spiri-</strong></span> 
     </span>
    </p>
   </div>
   <div class='ocr_carea' id='block_1_42' title="bbox 220 3904 1805 3975">
    <p class='ocr_par' dir='ltr' id='par_1_42' title="bbox 220 3904 1805 3975">
     <span class='ocr_line' id='line_1_42' title="bbox 220 3904 1805 3975; baseline 0.001 -17"><span class='ocrx_word' id='word_1_304' title='bbox 220 3907 395 3961; x_wconf 85' lang='lat' dir='ltr'><strong>tuales</strong></span> <span class='ocrx_word' id='word_1_305' title='bbox 441 3908 697 3961; x_wconf 82' lang='lat' dir='ltr'><strong>debemus</strong></span> <span class='ocrx_word' id='word_1_306' title='bbox 744 3908 1008 3975; x_wconf 89' lang='lat' dir='ltr'><strong>accipere,</strong></span> <span class='ocrx_word' id='word_1_307' title='bbox 1042 3907 1107 3961; x_wconf 91' lang='lat' dir='ltr'><strong>de</strong></span> <span class='ocrx_word' id='word_1_308' title='bbox 1144 3908 1335 3975; x_wconf 83' lang='lat' dir='ltr'><strong>quibus</strong></span> <span class='ocrx_word' id='word_1_309' title='bbox 1370 3906 1659 3975; x_wconf 68' lang='lat' dir='ltr'><strong>Apostolus</strong></span> <span class='ocrx_word' id='word_1_310' title='bbox 1689 3904 1762 3957; x_wconf 86' lang='lat' dir='ltr'><strong>ait</strong></span> <span class='ocrx_word' id='word_1_311' title='bbox 1792 3921 1805 3959; x_wconf 90' lang='lat'><strong>:</strong></span> 
     </span>
    </p>
   </div>
   <div class='ocr_carea' id='block_1_43' title="bbox 221 3997 1807 4067">
    <p class='ocr_par' dir='ltr' id='par_1_43' title="bbox 221 3997 1807 4067">
     <span class='ocr_line' id='line_1_43' title="bbox 221 3997 1807 4067; baseline -0.004 -14"><span class='ocrx_word' id='word_1_312' title='bbox 221 3999 481 4066; x_wconf 85' lang='lat' dir='ltr'><strong>Quoniam</strong></span> <span class='ocrx_word' id='word_1_313' title='bbox 512 4000 564 4051; x_wconf 87' lang='lat' dir='ltr'><strong>in</strong></span> <span class='ocrx_word' id='word_1_314' title='bbox 596 3999 827 4051; x_wconf 82' lang='lat' dir='ltr'><strong>omnibus</strong></span> <span class='ocrx_word' id='word_1_315' title='bbox 850 4000 1026 4051; x_wconf 74' lang='lat' dir='ltr'><strong>divites</strong></span> <span class='ocrx_word' id='word_1_316' title='bbox 1056 4000 1179 4067; x_wconf 78' lang='lat' dir='ltr'><strong>facti</strong></span> <span class='ocrx_word' id='word_1_317' title='bbox 1207 4001 1325 4051; x_wconf 85' lang='lat' dir='ltr'><strong>estis</strong></span> <span class='ocrx_word' id='word_1_318' title='bbox 1353 3998 1407 4050; x_wconf 84' lang='lat' dir='ltr'><strong>in</strong></span> <span class='ocrx_word' id='word_1_319' title='bbox 1438 3999 1568 4066; x_wconf 87' lang='lat' dir='ltr'><strong>ipso,</strong></span> <span class='ocrx_word' id='word_1_320' title='bbox 1594 3998 1644 4048; x_wconf 90' lang='lat' dir='ltr'><strong>in</strong></span> <span class='ocrx_word' id='word_1_321' title='bbox 1670 3997 1807 4047; x_wconf 88' lang='lat' dir='ltr'><strong>omni</strong></span> 
     </span>
    </p>
   </div>
   <div class='ocr_carea' id='block_1_44' title="bbox 220 4087 1810 4153">
    <p class='ocr_par' dir='ltr' id='par_1_44' title="bbox 220 4087 1810 4153">
     <span class='ocr_line' id='line_1_44' title="bbox 220 4087 1810 4153; baseline -0.003 -11"><span class='ocrx_word' id='word_1_322' title='bbox 220 4092 367 4143; x_wconf 73' lang='lat' dir='ltr'><strong>verba</strong></span> <span class='ocrx_word' id='word_1_323' title='bbox 388 4103 437 4143; x_wconf 88' lang='lat' dir='ltr'><strong>et</strong></span> <span class='ocrx_word' id='word_1_324' title='bbox 460 4091 511 4143; x_wconf 89' lang='lat' dir='ltr'><strong>in</strong></span> <span class='ocrx_word' id='word_1_325' title='bbox 538 4090 675 4142; x_wconf 90' lang='lat' dir='ltr'><strong>omni</strong></span> <span class='ocrx_word' id='word_1_326' title='bbox 695 4091 930 4153; x_wconf 86' lang='lat' dir='ltr'><strong>scientia,</strong></span> <span class='ocrx_word' id='word_1_327' title='bbox 948 4091 1077 4142; x_wconf 83' lang='lat' dir='ltr'><strong>sicut</strong></span> <span class='ocrx_word' id='word_1_328' title='bbox 1108 4088 1453 4142; x_wconf 84' lang='lat' dir='ltr'><strong>testimonium</strong></span> <span class='ocrx_word' id='word_1_329' title='bbox 1476 4087 1663 4140; x_wconf 80' lang='lat' dir='ltr'><strong>Christi</strong></span> <span class='ocrx_word' id='word_1_330' title='bbox 1689 4103 1810 4138; x_wconf 88' lang='lat' dir='ltr'><strong>con-</strong></span> 
     </span>
    </p>
   </div>
   <div class='ocr_carea' id='block_1_45' title="bbox 220 4177 1810 4250">
    <p class='ocr_par' dir='ltr' id='par_1_45' title="bbox 220 4177 1810 4250">
     <span class='ocr_line' id='line_1_45' title="bbox 220 4177 1810 4250; baseline -0.003 -15"><span class='ocrx_word' id='word_1_331' title='bbox 220 4181 483 4249; x_wconf 69' lang='lat' dir='ltr'><strong>ﬁrmatum</strong></span> <span class='ocrx_word' id='word_1_332' title='bbox 507 4193 578 4234; x_wconf 79' lang='lat' dir='ltr'><strong>est</strong></span> <span class='ocrx_word' id='word_1_333' title='bbox 608 4184 658 4233; x_wconf 87' lang='lat' dir='ltr'><strong>in</strong></span> <span class='ocrx_word' id='word_1_334' title='bbox 689 4181 828 4234; x_wconf 81' lang='lat' dir='ltr'><strong>vobis</strong></span> <span class='ocrx_word' id='word_1_335' title='bbox 853 4178 904 4249; x_wconf 88' lang='grc' dir='ltr'><strong>(Ι</strong></span> <span class='ocrx_word' id='word_1_336' title='bbox 930 4179 1049 4235; x_wconf 89' lang='lat' dir='ltr'><strong>Cor.</strong></span> <span class='ocrx_word' id='word_1_337' title='bbox 1079 4197 1114 4241; x_wconf 83' lang='grc' dir='ltr'><strong>ι,</strong></span> <span class='ocrx_word' id='word_1_338' title='bbox 1143 4179 1196 4246; x_wconf 80' lang='grc'><strong>5,</strong></span> <span class='ocrx_word' id='word_1_339' title='bbox 1221 4180 1299 4250; x_wconf 88' lang='lat'><strong>6).</strong></span> <span class='ocrx_word' id='word_1_340' title='bbox 1320 4178 1583 4232; x_wconf 76' lang='lat' dir='ltr'><strong>Cznterum</strong></span> <span class='ocrx_word' id='word_1_341' title='bbox 1615 4177 1810 4231; x_wconf 86' lang='lat' dir='ltr'><strong>cohors</strong></span> 
     </span>
    </p>
   </div>
   <div class='ocr_carea' id='block_1_46' title="bbox 219 4262 1811 4337">
    <p class='ocr_par' dir='ltr' id='par_1_46' title="bbox 219 4262 1811 4337">
     <span class='ocr_line' id='line_1_46' title="bbox 219 4262 1811 4337; baseline -0.001 -13"><span class='ocrx_word' id='word_1_342' title='bbox 219 4283 409 4325; x_wconf 78' lang='lat' dir='ltr'><strong>sancta</strong></span> <span class='ocrx_word' id='word_1_343' title='bbox 466 4274 751 4327; x_wconf 63' lang='lat' dir='ltr'><strong>saeculares</strong></span> <span class='ocrx_word' id='word_1_344' title='bbox 796 4262 1021 4325; x_wconf 84' lang='lat' dir='ltr'><strong>divitias</strong></span> <span class='ocrx_word' id='word_1_345' title='bbox 1080 4288 1185 4325; x_wconf 91' lang='lat' dir='ltr'><strong>non</strong></span> <span class='ocrx_word' id='word_1_346' title='bbox 1238 4279 1445 4337; x_wconf 88' lang='lat' dir='ltr'><strong>poterat</strong></span> <span class='ocrx_word' id='word_1_347' title='bbox 1493 4270 1811 4324; x_wconf 90' lang='lat' dir='ltr'><strong>testimoniis</strong></span> 
     </span>
    </p>
   </div>
   <div class='ocr_carea' id='block_1_47' title="bbox 221 4362 1811 4433">
    <p class='ocr_par' dir='ltr' id='par_1_47' title="bbox 221 4362 1811 4433">
     <span class='ocr_line' id='line_1_47' title="bbox 221 4362 1811 4433; baseline -0.001 -18"><span class='ocrx_word' id='word_1_348' title='bbox 221 4363 437 4417; x_wconf 79' lang='lat' dir='ltr'><strong>Domini</strong></span> <span class='ocrx_word' id='word_1_349' title='bbox 471 4379 806 4430; x_wconf 84' lang='lat' dir='ltr'><strong>comparare,</strong></span> <span class='ocrx_word' id='word_1_350' title='bbox 853 4380 985 4433; x_wconf 88' lang='lat' dir='ltr'><strong>quas</strong></span> <span class='ocrx_word' id='word_1_351' title='bbox 1016 4364 1127 4432; x_wconf 83' lang='lat' dir='ltr'><strong>ipsa</strong></span> <span class='ocrx_word' id='word_1_352' title='bbox 1174 4362 1325 4415; x_wconf 89' lang='lat' dir='ltr'><strong>velut</strong></span> <span class='ocrx_word' id='word_1_353' title='bbox 1376 4362 1564 4417; x_wconf 83' lang='lat' dir='ltr'><strong>sordes</strong></span> <span class='ocrx_word' id='word_1_354' title='bbox 1609 4362 1811 4432; x_wconf 80' lang='lat' dir='ltr'><strong>aliquas</strong></span> 
     </span>
    </p>
   </div>
   <div class='ocr_carea' id='block_1_48' title="bbox 219 4454 890 4525">
    <p class='ocr_par' dir='ltr' id='par_1_48' title="bbox 219 4454 890 4525">
     <span class='ocr_line' id='line_1_48' title="bbox 219 4454 890 4525; baseline 0 -18"><span class='ocrx_word' id='word_1_355' title='bbox 219 4456 574 4525; x_wconf 79' lang='lat' dir='ltr'><strong>cognoscitur</strong></span> <span class='ocrx_word' id='word_1_356' title='bbox 604 4454 890 4523; x_wconf 86' lang='lat' dir='ltr'><strong>abjecisse.</strong></span> 
     </span>
    </p>
   </div>
   <div class='ocr_carea' id='block_1_49' title="bbox 1876 486 3461 562">
    <p class='ocr_par' dir='ltr' id='par_1_49' title="bbox 1876 486 3461 562">
     <span class='ocr_line' id='line_1_49' title="bbox 1876 486 3461 562; baseline -0.002 -16"><span class='ocrx_word' id='word_1_357' title='bbox 1876 492 2003 546; x_wconf 89' lang='lat' dir='ltr'><strong>dicit</strong></span> <span class='ocrx_word' id='word_1_358' title='bbox 2036 491 2437 562; x_wconf 78' lang='lat' dir='ltr'><strong>justiﬁcationes</strong></span> <span class='ocrx_word' id='word_1_359' title='bbox 2480 490 2709 552; x_wconf 84' lang='lat' dir='ltr'><strong>Domini,</strong></span> <span class='ocrx_word' id='word_1_360' title='bbox 2744 503 2812 542; x_wconf 89' lang='lat' dir='ltr'><strong>ne</strong></span> <span class='ocrx_word' id='word_1_361' title='bbox 2844 488 3010 555; x_wconf 84' lang='lat' dir='ltr'><strong>possit</strong></span> <span class='ocrx_word' id='word_1_362' title='bbox 3038 488 3180 555; x_wconf 84' lang='lat' dir='ltr'><strong>quod</strong></span> <span class='ocrx_word' id='word_1_363' title='bbox 3227 486 3461 544; x_wconf 85' lang='lat' dir='ltr'><strong>retinere</strong></span> 
     </span>
    </p>
   </div>
   <div class='ocr_carea' id='block_1_50' title="bbox 1875 581 3460 654">
    <p class='ocr_par' dir='ltr' id='par_1_50' title="bbox 1875 581 3460 654">
     <span class='ocr_line' id='line_1_50' title="bbox 1875 581 3460 654; baseline -0.003 -15"><span class='ocrx_word' id='word_1_364' title='bbox 1875 585 2077 654; x_wconf 74' lang='lat' dir='ltr'><strong>expetit</strong></span> <span class='ocrx_word' id='word_1_365' title='bbox 2095 583 2357 637; x_wconf 73' lang='lat' dir='ltr'><strong>obiivisci.</strong></span> <span class='ocrx_word' id='word_1_366' title='bbox 2374 582 2604 636; x_wconf 73' lang='lat' dir='ltr'><strong>Neverat</strong></span> <span class='ocrx_word' id='word_1_367' title='bbox 2624 582 2764 636; x_wconf 89' lang='lat' dir='ltr'><strong>enim</strong></span> <span class='ocrx_word' id='word_1_368' title='bbox 2784 596 2889 651; x_wconf 91' lang='lat' dir='ltr'><strong>quo</strong></span> <span class='ocrx_word' id='word_1_369' title='bbox 2906 581 3034 634; x_wconf 91' lang='lat' dir='ltr'><strong>vitio</strong></span> <span class='ocrx_word' id='word_1_370' title='bbox 3060 596 3213 635; x_wconf 88' lang='lat' dir='ltr'><strong>mens</strong></span> <span class='ocrx_word' id='word_1_371' title='bbox 3230 582 3460 635; x_wconf 83' lang='lat' dir='ltr'><strong>humana</strong></span> 
     </span>
    </p>
   </div>
   <div class='ocr_carea' id='block_1_51' title="bbox 1877 672 3463 745">
    <p class='ocr_par' dir='ltr' id='par_1_51' title="bbox 1877 672 3463 745">
     <span class='ocr_line' id='line_1_51' title="bbox 1877 672 3463 745; baseline -0.001 -18"><span class='ocrx_word' id='word_1_372' title='bbox 1877 686 2246 745; x_wconf 81' lang='lat' dir='ltr'><strong>premeretur,</strong></span> <span class='ocrx_word' id='word_1_373' title='bbox 2291 684 2343 728; x_wconf 85' lang='lat' dir='ltr'><strong>et</strong></span> <span class='ocrx_word' id='word_1_374' title='bbox 2390 684 2576 728; x_wconf 84' lang='lat' dir='ltr'><strong>contra</strong></span> <span class='ocrx_word' id='word_1_375' title='bbox 2620 674 2720 726; x_wconf 92' lang='lat' dir='ltr'><strong>hoc</strong></span> <span class='ocrx_word' id='word_1_376' title='bbox 2768 672 3025 725; x_wconf 80' lang='lat' dir='ltr'><strong>auxilium</strong></span> <span class='ocrx_word' id='word_1_377' title='bbox 3070 672 3289 741; x_wconf 86' lang='lat' dir='ltr'><strong>reperit,</strong></span> <span class='ocrx_word' id='word_1_378' title='bbox 3320 675 3463 725; x_wconf 87' lang='lat' dir='ltr'><strong>unde</strong></span> 
     </span>
    </p>
   </div>
   <div class='ocr_carea' id='block_1_52' title="bbox 1879 764 3466 833">
    <p class='ocr_par' dir='ltr' id='par_1_52' title="bbox 1879 764 3466 833">
     <span class='ocr_line' id='line_1_52' title="bbox 1879 764 3466 833; baseline -0.003 -13"><span class='ocrx_word' id='word_1_379' title='bbox 1879 768 2363 821; x_wconf 58' lang='lat' dir='ltr'><strong>oblitioavioicnta</strong></span> <span class='ocrx_word' id='word_1_380' title='bbox 2414 766 2687 819; x_wconf 85' lang='lat' dir='ltr'><strong>debuisset</strong></span> <span class='ocrx_word' id='word_1_381' title='bbox 2726 764 2964 819; x_wconf 72' lang='lat' dir='ltr'><strong>excludi.</strong></span> <span class='ocrx_word' id='word_1_382' title='bbox 3012 764 3238 832; x_wconf 73' lang='lat' dir='ltr'><strong>lteSpice</strong></span> <span class='ocrx_word' id='word_1_383' title='bbox 3277 779 3466 833; x_wconf 84' lang='lat' dir='ltr'><strong>quem-</strong></span> 
     </span>
    </p>
   </div>
   <div class='ocr_carea' id='block_1_53' title="bbox 1877 853 3463 924">
    <p class='ocr_par' dir='ltr' id='par_1_53' title="bbox 1877 853 3463 924">
     <span class='ocr_line' id='line_1_53' title="bbox 1877 853 3463 924; baseline -0.002 -13"><span class='ocrx_word' id='word_1_384' title='bbox 1877 858 2165 911; x_wconf 91' lang='lat' dir='ltr'><strong>admodum</strong></span> <span class='ocrx_word' id='word_1_385' title='bbox 2219 858 2445 910; x_wconf 63' lang='lat' dir='ltr'><strong>diversrs</strong></span> <span class='ocrx_word' id='word_1_386' title='bbox 2490 856 2667 909; x_wconf 83' lang='lat' dir='ltr'><strong>causis</strong></span> <span class='ocrx_word' id='word_1_387' title='bbox 2723 859 2937 924; x_wconf 80' lang='lat' dir='ltr'><strong>propria</strong></span> <span class='ocrx_word' id='word_1_388' title='bbox 2979 854 3142 907; x_wconf 78' lang='lat' dir='ltr'><strong>verba</strong></span> <span class='ocrx_word' id='word_1_389' title='bbox 3178 853 3405 923; x_wconf 85' lang='lat' dir='ltr'><strong>subjunc</strong></span> <span class='ocrx_word' id='word_1_390' title='bbox 3433 870 3463 908; x_wconf 87' lang='lat' dir='ltr'><strong>a</strong></span> 
     </span>
    </p>
   </div>
   <div class='ocr_carea' id='block_1_54' title="bbox 1880 944 3466 1017">
    <p class='ocr_par' dir='ltr' id='par_1_54' title="bbox 1880 944 3466 1017">
     <span class='ocr_line' id='line_1_54' title="bbox 1880 944 3466 1017; baseline -0.003 -15"><span class='ocrx_word' id='word_1_391' title='bbox 1880 961 2022 1003; x_wconf 84' lang='lat' dir='ltr'><strong>sunt.</strong></span> <span class='ocrx_word' id='word_1_392' title='bbox 2059 951 2111 1003; x_wconf 90' lang='lat' dir='ltr'><strong>lu</strong></span> <span class='ocrx_word' id='word_1_393' title='bbox 2144 949 2408 1017; x_wconf 86' lang='lat' dir='ltr'><strong>superiori</strong></span> <span class='ocrx_word' id='word_1_394' title='bbox 2442 949 2639 1017; x_wconf 87' lang='lat' dir='ltr'><strong>quippe</strong></span> <span class='ocrx_word' id='word_1_395' title='bbox 2690 960 2867 1009; x_wconf 75' lang='lat' dir='ltr'><strong>versu,</strong></span> <span class='ocrx_word' id='word_1_396' title='bbox 2900 945 2949 999; x_wconf 91' lang='lat' dir='ltr'><strong>id</strong></span> <span class='ocrx_word' id='word_1_397' title='bbox 2988 955 3088 1010; x_wconf 87' lang='lat' dir='ltr'><strong>est,</strong></span> <span class='ocrx_word' id='word_1_398' title='bbox 3118 944 3181 997; x_wconf 86' lang='lat' dir='ltr'><strong>In</strong></span> <span class='ocrx_word' id='word_1_399' title='bbox 3211 946 3466 998; x_wconf 83' lang='lat' dir='ltr'><strong>mandatis</strong></span> 
     </span>
    </p>
   </div>
   <div class='ocr_carea' id='block_1_55' title="bbox 1881 1038 3468 1107">
    <p class='ocr_par' dir='ltr' id='par_1_55' title="bbox 1881 1038 3468 1107">
     <span class='ocr_line' id='line_1_55' title="bbox 1881 1038 3468 1107; baseline -0.004 -12"><span class='ocrx_word' id='word_1_400' title='bbox 1881 1044 1980 1095; x_wconf 87' lang='lat' dir='ltr'><strong>tuis</strong></span> <span class='ocrx_word' id='word_1_401' title='bbox 2003 1044 2291 1106; x_wconf 73' lang='lat' dir='ltr'><strong>exercebar,</strong></span> <span class='ocrx_word' id='word_1_402' title='bbox 2317 1040 2452 1094; x_wconf 80' lang='lat' dir='ltr'><strong>dixit</strong></span> <span class='ocrx_word' id='word_1_403' title='bbox 2476 1056 2490 1094; x_wconf 86' lang='lat'><strong>:</strong></span> <span class='ocrx_word' id='word_1_404' title='bbox 2516 1040 2601 1093; x_wconf 91' lang='lat' dir='ltr'><strong>ubi</strong></span> <span class='ocrx_word' id='word_1_405' title='bbox 2627 1048 2776 1107; x_wconf 88' lang='lat' dir='ltr'><strong>parte</strong></span> <span class='ocrx_word' id='word_1_406' title='bbox 2798 1054 2933 1107; x_wconf 80' lang='lat' dir='ltr'><strong>Opus</strong></span> <span class='ocrx_word' id='word_1_407' title='bbox 2953 1048 3035 1091; x_wconf 89' lang='lat' dir='ltr'><strong>est</strong></span> <span class='ocrx_word' id='word_1_408' title='bbox 3055 1038 3281 1102; x_wconf 91' lang='lat' dir='ltr'><strong>actuali;</strong></span> <span class='ocrx_word' id='word_1_409' title='bbox 3315 1052 3468 1090; x_wconf 81' lang='lat' dir='ltr'><strong>man-</strong></span> 
     </span>
    </p>
   </div>
   <div class='ocr_carea' id='block_1_56' title="bbox 1882 1128 3467 1195">
    <p class='ocr_par' dir='ltr' id='par_1_56' title="bbox 1882 1128 3467 1195">
     <span class='ocr_line' id='line_1_56' title="bbox 1882 1128 3467 1195; baseline -0.005 -6"><span class='ocrx_word' id='word_1_410' title='bbox 1882 1137 2012 1189; x_wconf 84' lang='lat' dir='ltr'><strong>data</strong></span> <span class='ocrx_word' id='word_1_411' title='bbox 2055 1135 2197 1188; x_wconf 88' lang='lat' dir='ltr'><strong>enim</strong></span> <span class='ocrx_word' id='word_1_412' title='bbox 2229 1142 2351 1187; x_wconf 91' lang='lat' dir='ltr'><strong>sunt</strong></span> <span class='ocrx_word' id='word_1_413' title='bbox 2383 1132 2593 1186; x_wconf 86' lang='lat' dir='ltr'><strong>Domini</strong></span> <span class='ocrx_word' id='word_1_414' title='bbox 2626 1144 2641 1184; x_wconf 85' lang='lat'><strong>:</strong></span> <span class='ocrx_word' id='word_1_415' title='bbox 2676 1130 2798 1184; x_wconf 83' lang='lat' dir='ltr'><strong>Non</strong></span> <span class='ocrx_word' id='word_1_416' title='bbox 2838 1130 3185 1195; x_wconf 73' lang='lat' dir='ltr'><strong>mwchaberis,</strong></span> <span class='ocrx_word' id='word_1_417' title='bbox 3215 1128 3336 1182; x_wconf 84' lang='lat' dir='ltr'><strong>Non</strong></span> <span class='ocrx_word' id='word_1_418' title='bbox 3365 1129 3467 1195; x_wconf 74' lang='lat' dir='ltr'><strong>fai-</strong></span> 
     </span>
    </p>
   </div>
   <div class='ocr_carea' id='block_1_57' title="bbox 1881 1220 3470 1295">
    <p class='ocr_par' dir='ltr' id='par_1_57' title="bbox 1881 1220 3470 1295">
     <span class='ocr_line' id='line_1_57' title="bbox 1881 1220 3470 1295; baseline -0.005 -14"><span class='ocrx_word' id='word_1_419' title='bbox 1881 1245 1993 1281; x_wconf 79' lang='lat' dir='ltr'><strong>sunt</strong></span> <span class='ocrx_word' id='word_1_420' title='bbox 2025 1229 2368 1281; x_wconf 80' lang='lat' dir='ltr'><strong>testimonium</strong></span> <span class='ocrx_word' id='word_1_421' title='bbox 2398 1227 2534 1278; x_wconf 86' lang='lat' dir='ltr'><strong>dices</strong></span> <span class='ocrx_word' id='word_1_422' title='bbox 2577 1224 2769 1295; x_wconf 72' lang='lat' dir='ltr'><strong>(Exod.</strong></span> <span class='ocrx_word' id='word_1_423' title='bbox 2809 1239 2899 1287; x_wconf 77' lang='lat' dir='ltr'><strong>xx,</strong></span> <span class='ocrx_word' id='word_1_424' title='bbox 2936 1223 3022 1287; x_wconf 71' lang='grc'><strong>14,</strong></span> <span class='ocrx_word' id='word_1_425' title='bbox 3053 1222 3175 1290; x_wconf 81' lang='grc'><strong>16),</strong></span> <span class='ocrx_word' id='word_1_426' title='bbox 3203 1229 3310 1275; x_wconf 89' lang='lat' dir='ltr'><strong>etc.</strong></span> <span class='ocrx_word' id='word_1_427' title='bbox 3344 1220 3470 1274; x_wconf 72' lang='lat' dir='ltr'><strong>llmc</strong></span> 
     </span>
    </p>
   </div>
   <div class='ocr_carea' id='block_1_58' title="bbox 1883 1314 3470 1387">
    <p class='ocr_par' dir='ltr' id='par_1_58' title="bbox 1883 1314 3470 1387">
     <span class='ocr_line' id='line_1_58' title="bbox 1883 1314 3470 1387; baseline -0.006 -12"><span class='ocrx_word' id='word_1_428' title='bbox 1883 1321 2025 1375; x_wconf 75' lang='lat' dir='ltr'><strong>enim</strong></span> <span class='ocrx_word' id='word_1_429' title='bbox 2057 1320 2296 1387; x_wconf 83' lang='lat' dir='ltr'><strong>Oportuit</strong></span> <span class='ocrx_word' id='word_1_430' title='bbox 2325 1334 2427 1371; x_wconf 91' lang='lat' dir='ltr'><strong>non</strong></span> <span class='ocrx_word' id='word_1_431' title='bbox 2462 1324 2666 1371; x_wconf 86' lang='lat' dir='ltr'><strong>tantum</strong></span> <span class='ocrx_word' id='word_1_432' title='bbox 2699 1317 2906 1377; x_wconf 88' lang='lat' dir='ltr'><strong>audire,</strong></span> <span class='ocrx_word' id='word_1_433' title='bbox 2939 1315 3032 1369; x_wconf 88' lang='lat' dir='ltr'><strong>sed</strong></span> <span class='ocrx_word' id='word_1_434' title='bbox 3080 1316 3285 1379; x_wconf 80' lang='lat' dir='ltr'><strong>facere;</strong></span> <span class='ocrx_word' id='word_1_435' title='bbox 3319 1314 3470 1368; x_wconf 89' lang='lat' dir='ltr'><strong>ideo-</strong></span> 
     </span>
    </p>
   </div>
   <div class='ocr_carea' id='block_1_59' title="bbox 1883 1408 3473 1483">
    <p class='ocr_par' dir='ltr' id='par_1_59' title="bbox 1883 1408 3473 1483">
     <span class='ocr_line' id='line_1_59' title="bbox 1883 1408 3473 1483; baseline -0.005 -16"><span class='ocrx_word' id='word_1_436' title='bbox 1883 1430 1986 1483; x_wconf 87' lang='lat' dir='ltr'><strong>que</strong></span> <span class='ocrx_word' id='word_1_437' title='bbox 2018 1414 2214 1480; x_wconf 85' lang='lat' dir='ltr'><strong>posuit,</strong></span> <span class='ocrx_word' id='word_1_438' title='bbox 2243 1413 2510 1465; x_wconf 73' lang='lat' dir='ltr'><strong>exercebor</strong></span> <span class='ocrx_word' id='word_1_439' title='bbox 2533 1426 2549 1463; x_wconf 92' lang='lat'><em>:</em></span> <span class='ocrx_word' id='word_1_440' title='bbox 2576 1410 2662 1463; x_wconf 89' lang='lat' dir='ltr'><strong>hic</strong></span> <span class='ocrx_word' id='word_1_441' title='bbox 2691 1421 2865 1463; x_wconf 84' lang='lat' dir='ltr'><strong>autem</strong></span> <span class='ocrx_word' id='word_1_442' title='bbox 2895 1409 3045 1473; x_wconf 89' lang='lat' dir='ltr'><strong>dicit,</strong></span> <span class='ocrx_word' id='word_1_443' title='bbox 3069 1408 3473 1478; x_wconf 60' lang='lat' dir='ltr'><strong>justiﬁcationes</strong></span> 
     </span>
    </p>
   </div>
   <div class='ocr_carea' id='block_1_60' title="bbox 1884 1498 3474 1568">
    <p class='ocr_par' dir='ltr' id='par_1_60' title="bbox 1884 1498 3474 1568">
     <span class='ocr_line' id='line_1_60' title="bbox 1884 1498 3474 1568; baseline -0.004 -12"><span class='ocrx_word' id='word_1_444' title='bbox 1884 1504 2190 1557; x_wconf 84' lang='lat' dir='ltr'><strong>meditabor.</strong></span> <span class='ocrx_word' id='word_1_445' title='bbox 2214 1500 2622 1568; x_wconf 76' lang='lat' dir='ltr'><strong>Justiﬂcationes</strong></span> <span class='ocrx_word' id='word_1_446' title='bbox 2645 1500 2841 1568; x_wconf 87' lang='lat' dir='ltr'><strong>quippe</strong></span> <span class='ocrx_word' id='word_1_447' title='bbox 2868 1499 3025 1553; x_wconf 65' lang='lat' dir='ltr'><strong>dicta:</strong></span> <span class='ocrx_word' id='word_1_448' title='bbox 3046 1508 3171 1552; x_wconf 87' lang='lat' dir='ltr'><strong>sunt</strong></span> <span class='ocrx_word' id='word_1_449' title='bbox 3199 1498 3359 1567; x_wconf 83' lang='lat' dir='ltr'><strong>(sicut</strong></span> <span class='ocrx_word' id='word_1_450' title='bbox 3387 1511 3474 1551; x_wconf 82' lang='lat' dir='ltr'><strong>su-</strong></span> 
     </span>
    </p>
   </div>
   <div class='ocr_carea' id='block_1_61' title="bbox 1885 1592 3469 1667">
    <p class='ocr_par' dir='ltr' id='par_1_61' title="bbox 1885 1592 3469 1667">
     <span class='ocr_line' id='line_1_61' title="bbox 1885 1592 3469 1667; baseline -0.001 -20"><span class='ocrx_word' id='word_1_451' title='bbox 1885 1598 2067 1667; x_wconf 87' lang='lat' dir='ltr'><strong>perius</strong></span> <span class='ocrx_word' id='word_1_452' title='bbox 2108 1592 2409 1663; x_wconf 80' lang='lat' dir='ltr'><strong>expositum</strong></span> <span class='ocrx_word' id='word_1_453' title='bbox 2442 1594 2579 1659; x_wconf 89' lang='lat' dir='ltr'><strong>est),</strong></span> <span class='ocrx_word' id='word_1_454' title='bbox 2628 1592 2906 1645; x_wconf 65' lang='lat' dir='ltr'><strong>Hebraeum</strong></span> <span class='ocrx_word' id='word_1_455' title='bbox 2940 1605 3162 1659; x_wconf 88' lang='lat' dir='ltr'><strong>puerum</strong></span> <span class='ocrx_word' id='word_1_456' title='bbox 3210 1604 3315 1643; x_wconf 92' lang='lat' dir='ltr'><strong>non</strong></span> <span class='ocrx_word' id='word_1_457' title='bbox 3354 1604 3469 1645; x_wconf 88' lang='lat' dir='ltr'><strong>am-</strong></span> 
     </span>
    </p>
   </div>
   <div class='ocr_carea' id='block_1_62' title="bbox 1889 1679 3474 1759">
    <p class='ocr_par' dir='ltr' id='par_1_62' title="bbox 1889 1679 3474 1759">
     <span class='ocr_line' id='line_1_62' title="bbox 1889 1679 3474 1759; baseline -0.007 -15"><span class='ocrx_word' id='word_1_458' title='bbox 1889 1692 2025 1759; x_wconf 92' lang='lat' dir='ltr'><strong>plius</strong></span> <span class='ocrx_word' id='word_1_459' title='bbox 2053 1704 2211 1758; x_wconf 91' lang='lat' dir='ltr'><strong>quam</strong></span> <span class='ocrx_word' id='word_1_460' title='bbox 2241 1703 2335 1743; x_wconf 84' lang='lat' dir='ltr'><strong>sex</strong></span> <span class='ocrx_word' id='word_1_461' title='bbox 2372 1686 2528 1741; x_wconf 85' lang='lat' dir='ltr'><strong>anuis</strong></span> <span class='ocrx_word' id='word_1_462' title='bbox 2576 1686 2776 1740; x_wconf 89' lang='lat' dir='ltr'><strong>debere</strong></span> <span class='ocrx_word' id='word_1_463' title='bbox 2806 1682 3032 1747; x_wconf 58' lang='lat' dir='ltr'><strong>servire,</strong></span> <span class='ocrx_word' id='word_1_464' title='bbox 3063 1682 3129 1735; x_wconf 86' lang='lat' dir='ltr'><strong>ad</strong></span> <span class='ocrx_word' id='word_1_465' title='bbox 3161 1679 3474 1750; x_wconf 84' lang='lat' dir='ltr'><strong>signiﬁcan-</strong></span> 
     </span>
    </p>
   </div>
   <div class='ocr_carea' id='block_1_63' title="bbox 1818 1771 3475 1849">
    <p class='ocr_par' dir='ltr' id='par_1_63' title="bbox 1818 1771 3475 1849">
     <span class='ocr_line' id='line_1_63' title="bbox 1818 1771 3475 1849; baseline -0.008 -12"><span class='ocrx_word' id='word_1_466' title='bbox 1818 1785 1862 1843; x_wconf 90' lang='lat' dir='ltr'><strong>B</strong></span> <span class='ocrx_word' id='word_1_467' title='bbox 1890 1782 2015 1837; x_wconf 88' lang='lat' dir='ltr'><strong>tiam</strong></span> <span class='ocrx_word' id='word_1_468' title='bbox 2045 1782 2185 1836; x_wconf 87' lang='lat' dir='ltr'><strong>beati</strong></span> <span class='ocrx_word' id='word_1_469' title='bbox 2216 1779 2418 1849; x_wconf 83' lang='lat' dir='ltr'><strong>populi,</strong></span> <span class='ocrx_word' id='word_1_470' title='bbox 2449 1778 2539 1848; x_wconf 90' lang='lat' dir='ltr'><strong>qui</strong></span> <span class='ocrx_word' id='word_1_471' title='bbox 2569 1777 2622 1830; x_wconf 91' lang='lat' dir='ltr'><strong>in</strong></span> <span class='ocrx_word' id='word_1_472' title='bbox 2650 1776 2753 1829; x_wconf 90' lang='lat' dir='ltr'><strong>hoc</strong></span> <span class='ocrx_word' id='word_1_473' title='bbox 2782 1773 2981 1827; x_wconf 62' lang='lat' dir='ltr'><strong>saeculo</strong></span> <span class='ocrx_word' id='word_1_474' title='bbox 3004 1772 3186 1835; x_wconf 78' lang='lat' dir='ltr'><strong>servit,</strong></span> <span class='ocrx_word' id='word_1_475' title='bbox 3221 1782 3277 1826; x_wconf 90' lang='lat' dir='ltr'><strong>ut</strong></span> <span class='ocrx_word' id='word_1_476' title='bbox 3307 1772 3360 1825; x_wconf 89' lang='lat' dir='ltr'><strong>in</strong></span> <span class='ocrx_word' id='word_1_477' title='bbox 3386 1771 3475 1826; x_wconf 86' lang='lat' dir='ltr'><strong>illa</strong></span> 
     </span>
    </p>
   </div>
   <div class='ocr_carea' id='block_1_64' title="bbox 1890 1862 3472 1926">
    <p class='ocr_par' dir='ltr' id='par_1_64' title="bbox 1890 1862 3472 1926">
     <span class='ocr_line' id='line_1_64' title="bbox 1890 1862 3472 1926; baseline -0.006 0"><span class='ocrx_word' id='word_1_478' title='bbox 1890 1871 2285 1926; x_wconf 87' lang='lat' dir='ltr'><strong>resurrectione</strong></span> <span class='ocrx_word' id='word_1_479' title='bbox 2327 1885 2357 1922; x_wconf 90' lang='lat' dir='ltr'><strong>a</strong></span> <span class='ocrx_word' id='word_1_480' title='bbox 2397 1878 2586 1923; x_wconf 85' lang='lat' dir='ltr'><strong>cuncta</strong></span> <span class='ocrx_word' id='word_1_481' title='bbox 2636 1865 2985 1920; x_wconf 82' lang='lat' dir='ltr'><strong>obnoxietate</strong></span> <span class='ocrx_word' id='word_1_482' title='bbox 3039 1863 3316 1920; x_wconf 88' lang='lat' dir='ltr'><strong>liberetur.</strong></span> <span class='ocrx_word' id='word_1_483' title='bbox 3357 1862 3472 1918; x_wconf 85' lang='lat' dir='ltr'><strong>[loc</strong></span> 
     </span>
    </p>
   </div>
   <div class='ocr_carea' id='block_1_65' title="bbox 1890 1953 3473 2031">
    <p class='ocr_par' dir='ltr' id='par_1_65' title="bbox 1890 1953 3473 2031">
     <span class='ocr_line' id='line_1_65' title="bbox 1890 1953 3473 2031; baseline -0.006 -15"><span class='ocrx_word' id='word_1_484' title='bbox 1890 1976 2017 2031; x_wconf 82' lang='lat' dir='ltr'><strong>ergo</strong></span> <span class='ocrx_word' id='word_1_485' title='bbox 2044 1962 2169 2031; x_wconf 89' lang='lat' dir='ltr'><strong>quia</strong></span> <span class='ocrx_word' id='word_1_486' title='bbox 2218 1960 2315 2013; x_wconf 70' lang='lat' dir='ltr'><strong>fuit</strong></span> <span class='ocrx_word' id='word_1_487' title='bbox 2345 1960 2395 2013; x_wconf 93' lang='lat' dir='ltr'><strong>in</strong></span> <span class='ocrx_word' id='word_1_488' title='bbox 2438 1958 2723 2027; x_wconf 69' lang='lat' dir='ltr'><strong>aenigmate</strong></span> <span class='ocrx_word' id='word_1_489' title='bbox 2763 1956 3140 2020; x_wconf 87' lang='lat' dir='ltr'><strong>constitutum,</strong></span> <span class='ocrx_word' id='word_1_490' title='bbox 3165 1953 3473 2016; x_wconf 86' lang='lat' dir='ltr'><strong>meditabor,</strong></span> 
     </span>
    </p>
   </div>
   <div class='ocr_carea' id='block_1_66' title="bbox 1890 2043 3481 2120">
    <p class='ocr_par' dir='ltr' id='par_1_66' title="bbox 1890 2043 3481 2120">
     <span class='ocr_line' id='line_1_66' title="bbox 1890 2043 3481 2120; baseline -0.006 -14"><span class='ocrx_word' id='word_1_491' title='bbox 1890 2053 2045 2117; x_wconf 80' lang='lat' dir='ltr'><strong>dixit,</strong></span> <span class='ocrx_word' id='word_1_492' title='bbox 2078 2062 2137 2107; x_wconf 90' lang='lat' dir='ltr'><strong>ut</strong></span> <span class='ocrx_word' id='word_1_493' title='bbox 2166 2050 2417 2120; x_wconf 79' lang='lat' dir='ltr'><strong>frequens</strong></span> <span class='ocrx_word' id='word_1_494' title='bbox 2441 2050 2652 2104; x_wconf 85' lang='lat' dir='ltr'><strong>iteratio</strong></span> <span class='ocrx_word' id='word_1_495' title='bbox 2682 2046 3011 2102; x_wconf 88' lang='lat' dir='ltr'><strong>intellectum</strong></span> <span class='ocrx_word' id='word_1_496' title='bbox 3040 2045 3232 2099; x_wconf 75' lang='lat' dir='ltr'><strong>futura:</strong></span> <span class='ocrx_word' id='word_1_497' title='bbox 3258 2044 3337 2098; x_wconf 88' lang='lat' dir='ltr'><strong>rei</strong></span> <span class='ocrx_word' id='word_1_498' title='bbox 3366 2043 3481 2098; x_wconf 88' lang='lat' dir='ltr'><strong>evi-</strong></span> 
     </span>
    </p>
   </div>
   <div class='ocr_carea' id='block_1_67' title="bbox 1891 2144 2392 2209">
    <p class='ocr_par' dir='ltr' id='par_1_67' title="bbox 1891 2144 2392 2209">
     <span class='ocr_line' id='line_1_67' title="bbox 1891 2144 2392 2209; baseline -0.01 -10"><span class='ocrx_word' id='word_1_499' title='bbox 1891 2144 2104 2199; x_wconf 89' lang='lat' dir='ltr'><strong>dentius</strong></span> <span class='ocrx_word' id='word_1_500' title='bbox 2135 2144 2392 2209; x_wconf 88' lang='lat' dir='ltr'><strong>aperiret.</strong></span> 
     </span>
    </p>
   </div>
   <div class='ocr_carea' id='block_1_68' title="bbox 1965 2238 3481 2301">
    <p class='ocr_par' dir='ltr' id='par_1_68' title="bbox 1965 2238 3481 2301">
     <span class='ocr_line' id='line_1_68' title="bbox 1965 2238 3481 2301; baseline -0.005 -6"><span class='ocrx_word' id='word_1_501' title='bbox 1965 2243 2119 2297; x_wconf 82' lang='lat' dir='ltr'><strong>Vers.</strong></span> <span class='ocrx_word' id='word_1_502' title='bbox 2146 2245 2231 2296; x_wconf 80' lang='grc'><strong>17.</strong></span> <span class='ocrx_word' id='word_1_503' title='bbox 2248 2256 2405 2295; x_wconf 86' lang='grc' dir='ltr'>-ιιι,</span> <span class='ocrx_word' id='word_1_504' title='bbox 2434 2240 2628 2294; x_wconf 70' lang='lat' dir='ltr'><strong>Grant.</strong></span> <span class='ocrx_word' id='word_1_505' title='bbox 2659 2238 2899 2293; x_wconf 83' lang='lat' dir='ltr'><strong>Retribue</strong></span> <span class='ocrx_word' id='word_1_506' title='bbox 2921 2254 3061 2292; x_wconf 85' lang='lat' dir='ltr'><strong>servo</strong></span> <span class='ocrx_word' id='word_1_507' title='bbox 3087 2250 3195 2301; x_wconf 86' lang='lat' dir='ltr'><strong>tuo,</strong></span> <span class='ocrx_word' id='word_1_508' title='bbox 3219 2238 3405 2298; x_wconf 77' lang='lat' dir='ltr'><strong>vivam,</strong></span> <span class='ocrx_word' id='word_1_509' title='bbox 3430 2246 3481 2289; x_wconf 75' lang='lat' dir='ltr'><strong>et</strong></span> 
     </span>
    </p>
   </div>
   <div class='ocr_carea' id='block_1_69' title="bbox 1894 2327 3480 2391">
    <p class='ocr_par' dir='ltr' id='par_1_69' title="bbox 1894 2327 3480 2391">
     <span class='ocr_line' id='line_1_69' title="bbox 1894 2327 3480 2391; baseline -0.004 -4"><span class='ocrx_word' id='word_1_510' title='bbox 1894 2334 2180 2389; x_wconf 87' lang='lat' dir='ltr'><strong>custodiam</strong></span> <span class='ocrx_word' id='word_1_511' title='bbox 2222 2348 2479 2386; x_wconf 87' lang='lat' dir='ltr'><strong>sermones</strong></span> <span class='ocrx_word' id='word_1_512' title='bbox 2516 2342 2649 2383; x_wconf 86' lang='lat' dir='ltr'><strong>tuos.</strong></span> <span class='ocrx_word' id='word_1_513' title='bbox 2687 2330 2842 2384; x_wconf 77' lang='lat' dir='ltr'><strong>Venit</strong></span> <span class='ocrx_word' id='word_1_514' title='bbox 2869 2329 2934 2383; x_wconf 89' lang='lat' dir='ltr'><strong>ad</strong></span> <span class='ocrx_word' id='word_1_515' title='bbox 2966 2328 3177 2383; x_wconf 89' lang='lat' dir='ltr'><strong>tertiam</strong></span> <span class='ocrx_word' id='word_1_516' title='bbox 3225 2327 3480 2391; x_wconf 81' lang='lat' dir='ltr'><strong>litteram,</strong></span> 
     </span>
    </p>
   </div>
   <div class='ocr_carea' id='block_1_70' title="bbox 1896 2422 3484 2495">
    <p class='ocr_par' dir='ltr' id='par_1_70' title="bbox 1896 2422 3484 2495">
     <span class='ocr_line' id='line_1_70' title="bbox 1896 2422 3484 2495; baseline -0.003 -15"><span class='ocrx_word' id='word_1_517' title='bbox 1896 2426 1951 2480; x_wconf 90' lang='lat' dir='ltr'><strong>in</strong></span> <span class='ocrx_word' id='word_1_518' title='bbox 1976 2441 2078 2495; x_wconf 89' lang='lat' dir='ltr'><strong>qua</strong></span> <span class='ocrx_word' id='word_1_519' title='bbox 2112 2426 2402 2479; x_wconf 85' lang='lat' dir='ltr'><strong>humanam</strong></span> <span class='ocrx_word' id='word_1_520' title='bbox 2442 2423 2788 2493; x_wconf 81' lang='lat' dir='ltr'><strong>indigentiam</strong></span> <span class='ocrx_word' id='word_1_521' title='bbox 2829 2422 3141 2487; x_wconf 89' lang='lat' dir='ltr'><strong>conﬁtetur,</strong></span> <span class='ocrx_word' id='word_1_522' title='bbox 3172 2432 3227 2476; x_wconf 90' lang='lat' dir='ltr'><strong>et</strong></span> <span class='ocrx_word' id='word_1_523' title='bbox 3256 2422 3484 2491; x_wconf 79' lang='lat' dir='ltr'><strong>gratiam</strong></span> 
     </span>
    </p>
   </div>
   <div class='ocr_carea' id='block_1_71' title="bbox 1897 2514 3487 2583">
    <p class='ocr_par' dir='ltr' id='par_1_71' title="bbox 1897 2514 3487 2583">
     <span class='ocr_line' id='line_1_71' title="bbox 1897 2514 3487 2583; baseline -0.003 -12"><span class='ocrx_word' id='word_1_524' title='bbox 1897 2516 2106 2571; x_wconf 89' lang='lat' dir='ltr'><strong>Domini</strong></span> <span class='ocrx_word' id='word_1_525' title='bbox 2146 2532 2239 2583; x_wconf 89' lang='lat' dir='ltr'><strong>per</strong></span> <span class='ocrx_word' id='word_1_526' title='bbox 2254 2526 2447 2570; x_wconf 89' lang='lat' dir='ltr'><strong>cuncta</strong></span> <span class='ocrx_word' id='word_1_527' title='bbox 2469 2514 2830 2569; x_wconf 85' lang='lat' dir='ltr'><strong>commendat.</strong></span> <span class='ocrx_word' id='word_1_528' title='bbox 2858 2515 3165 2581; x_wconf 85' lang='lat' dir='ltr'><strong>Increpatos</strong></span> <span class='ocrx_word' id='word_1_529' title='bbox 3187 2514 3380 2568; x_wconf 75' lang='lat' dir='ltr'><strong>asserit</strong></span> <span class='ocrx_word' id='word_1_530' title='bbox 3399 2527 3487 2567; x_wconf 85' lang='lat' dir='ltr'><strong>su-</strong></span> 
     </span>
    </p>
   </div>
   <div class='ocr_carea' id='block_1_72' title="bbox 1898 2604 3489 2676">
    <p class='ocr_par' dir='ltr' id='par_1_72' title="bbox 1898 2604 3489 2676">
     <span class='ocr_line' id='line_1_72' title="bbox 1898 2604 3489 2676; baseline -0.003 -15"><span class='ocrx_word' id='word_1_531' title='bbox 1898 2605 2220 2676; x_wconf 87' lang='lat' dir='ltr'><strong>perbos,qui</strong></span> <span class='ocrx_word' id='word_1_532' title='bbox 2244 2605 2429 2659; x_wconf 86' lang='lat' dir='ltr'><strong>ﬁdeles</strong></span> <span class='ocrx_word' id='word_1_533' title='bbox 2443 2605 2651 2657; x_wconf 74' lang='lat' dir='ltr'><strong>Domini</strong></span> <span class='ocrx_word' id='word_1_534' title='bbox 2684 2604 2880 2673; x_wconf 88' lang='lat' dir='ltr'><strong>iniquis</strong></span> <span class='ocrx_word' id='word_1_535' title='bbox 2904 2604 3138 2657; x_wconf 85' lang='lat' dir='ltr'><strong>motibus</strong></span> <span class='ocrx_word' id='word_1_536' title='bbox 3166 2617 3489 2671; x_wconf 86' lang='lat' dir='ltr'><strong>persequun-</strong></span> 
     </span>
    </p>
   </div>
   <div class='ocr_carea' id='block_1_73' title="bbox 1902 2692 3489 2766">
    <p class='ocr_par' dir='ltr' id='par_1_73' title="bbox 1902 2692 3489 2766">
     <span class='ocr_line' id='line_1_73' title="bbox 1902 2692 3489 2766; baseline -0.002 -15"><span class='ocrx_word' id='word_1_537' title='bbox 1902 2709 2007 2751; x_wconf 90' lang='lat' dir='ltr'><strong>tur.</strong></span> <span class='ocrx_word' id='word_1_538' title='bbox 2042 2696 2279 2751; x_wconf 82' lang='lat' dir='ltr'><strong>Retribue</strong></span> <span class='ocrx_word' id='word_1_539' title='bbox 2323 2696 2586 2766; x_wconf 85' lang='lat' dir='ltr'><strong>siquidem</strong></span> <span class='ocrx_word' id='word_1_540' title='bbox 2616 2695 2763 2759; x_wconf 86' lang='lat' dir='ltr'><strong>dicit,</strong></span> <span class='ocrx_word' id='word_1_541' title='bbox 2795 2710 2900 2749; x_wconf 92' lang='lat' dir='ltr'><strong>non</strong></span> <span class='ocrx_word' id='word_1_542' title='bbox 2930 2694 3133 2749; x_wconf 89' lang='lat' dir='ltr'><strong>meritis</strong></span> <span class='ocrx_word' id='word_1_543' title='bbox 3171 2694 3359 2757; x_wconf 87' lang='lat' dir='ltr'><strong>redde,</strong></span> <span class='ocrx_word' id='word_1_544' title='bbox 3392 2692 3489 2749; x_wconf 87' lang='lat' dir='ltr'><strong>sed</strong></span> 
     </span>
    </p>
   </div>
   <div class='ocr_carea' id='block_1_74' title="bbox 1902 2784 3491 2856">
    <p class='ocr_par' dir='ltr' id='par_1_74' title="bbox 1902 2784 3491 2856">
     <span class='ocr_line' id='line_1_74' title="bbox 1902 2784 3491 2856; baseline -0.003 -14"><span class='ocrx_word' id='word_1_545' title='bbox 1902 2788 2093 2843; x_wconf 88' lang='lat' dir='ltr'><strong>iterum</strong></span> <span class='ocrx_word' id='word_1_546' title='bbox 2137 2789 2222 2851; x_wconf 85' lang='lat' dir='ltr'><strong>da,</strong></span> <span class='ocrx_word' id='word_1_547' title='bbox 2257 2796 2312 2841; x_wconf 91' lang='lat' dir='ltr'><strong>ut</strong></span> <span class='ocrx_word' id='word_1_548' title='bbox 2350 2788 2439 2856; x_wconf 92' lang='lat' dir='ltr'><strong>qui</strong></span> <span class='ocrx_word' id='word_1_549' title='bbox 2470 2787 2767 2856; x_wconf 70' lang='lat' dir='ltr'><strong>praestitisti</strong></span> <span class='ocrx_word' id='word_1_550' title='bbox 2801 2784 3075 2854; x_wconf 85' lang='lat' dir='ltr'><strong>petitionis</strong></span> <span class='ocrx_word' id='word_1_551' title='bbox 3105 2786 3381 2849; x_wconf 72' lang='lat' dir='ltr'><strong>atfectum,</strong></span> <span class='ocrx_word' id='word_1_552' title='bbox 3411 2788 3491 2840; x_wconf 81' lang='lat' dir='ltr'><strong>et-</strong></span> 
     </span>
    </p>
   </div>
   <div class='ocr_carea' id='block_1_75' title="bbox 1902 2877 3488 2949">
    <p class='ocr_par' dir='ltr' id='par_1_75' title="bbox 1902 2877 3488 2949">
     <span class='ocr_line' id='line_1_75' title="bbox 1902 2877 3488 2949; baseline -0.004 -13"><span class='ocrx_word' id='word_1_553' title='bbox 1902 2881 2101 2936; x_wconf 82' lang='lat' dir='ltr'><strong>fectum</strong></span> <span class='ocrx_word' id='word_1_554' title='bbox 2126 2894 2337 2949; x_wconf 86' lang='lat' dir='ltr'><strong>quoque</strong></span> <span class='ocrx_word' id='word_1_555' title='bbox 2360 2878 2737 2945; x_wconf 88' lang='lat' dir='ltr'><strong>postulationis</strong></span> <span class='ocrx_word' id='word_1_556' title='bbox 2768 2878 3051 2931; x_wconf 84' lang='lat' dir='ltr'><strong>attribuas.</strong></span> <span class='ocrx_word' id='word_1_557' title='bbox 3082 2877 3321 2946; x_wconf 87' lang='lat' dir='ltr'><strong>Denique</strong></span> <span class='ocrx_word' id='word_1_558' title='bbox 3347 2878 3488 2930; x_wconf 90' lang='lat' dir='ltr'><strong>hunc</strong></span> 
     </span>
    </p>
   </div>
   <div class='ocr_carea' id='block_1_76' title="bbox 1902 2969 3493 3040">
    <p class='ocr_par' dir='ltr' id='par_1_76' title="bbox 1902 2969 3493 3040">
     <span class='ocr_line' id='line_1_76' title="bbox 1902 2969 3493 3040; baseline -0.003 -13"><span class='ocrx_word' id='word_1_559' title='bbox 1902 2987 2121 3027; x_wconf 89' lang='lat' dir='ltr'><strong>sensum</strong></span> <span class='ocrx_word' id='word_1_560' title='bbox 2169 2971 2405 3026; x_wconf 88' lang='lat' dir='ltr'><strong>declarat</strong></span> <span class='ocrx_word' id='word_1_561' title='bbox 2443 2984 2621 3024; x_wconf 88' lang='lat' dir='ltr'><strong>sermo</strong></span> <span class='ocrx_word' id='word_1_562' title='bbox 2653 2971 2966 3040; x_wconf 84' lang='lat' dir='ltr'><strong>subjunctus</strong></span> <span class='ocrx_word' id='word_1_563' title='bbox 2996 2984 3117 3022; x_wconf 89' lang='lat' dir='ltr'><strong>cum</strong></span> <span class='ocrx_word' id='word_1_564' title='bbox 3142 2969 3299 3035; x_wconf 90' lang='lat' dir='ltr'><strong>dicit,</strong></span> <span class='ocrx_word' id='word_1_565' title='bbox 3350 2985 3493 3022; x_wconf 86' lang='lat' dir='ltr'><strong>servo</strong></span> 
     </span>
    </p>
   </div>
   <div class='ocr_carea' id='block_1_77' title="bbox 1903 3061 3493 3131">
    <p class='ocr_par' dir='ltr' id='par_1_77' title="bbox 1903 3061 3493 3131">
     <span class='ocr_line' id='line_1_77' title="bbox 1903 3061 3493 3131; baseline -0.002 -12"><span class='ocrx_word' id='word_1_566' title='bbox 1903 3081 2019 3119; x_wconf 80' lang='lat' dir='ltr'><strong>suo.</strong></span> <span class='ocrx_word' id='word_1_567' title='bbox 2044 3064 2233 3120; x_wconf 85' lang='lat' dir='ltr'><strong>Servus</strong></span> <span class='ocrx_word' id='word_1_568' title='bbox 2255 3063 2397 3118; x_wconf 89' lang='lat' dir='ltr'><strong>enim</strong></span> <span class='ocrx_word' id='word_1_569' title='bbox 2425 3061 2626 3117; x_wconf 83' lang='lat' dir='ltr'><strong>Christi</strong></span> <span class='ocrx_word' id='word_1_570' title='bbox 2648 3063 2753 3117; x_wconf 88' lang='lat' dir='ltr'><strong>dici</strong></span> <span class='ocrx_word' id='word_1_571' title='bbox 2782 3078 2887 3117; x_wconf 89' lang='lat' dir='ltr'><strong>non</strong></span> <span class='ocrx_word' id='word_1_572' title='bbox 2912 3071 3113 3131; x_wconf 89' lang='lat' dir='ltr'><strong>potest,</strong></span> <span class='ocrx_word' id='word_1_573' title='bbox 3140 3062 3239 3116; x_wconf 89' lang='lat' dir='ltr'><strong>nisi</strong></span> <span class='ocrx_word' id='word_1_574' title='bbox 3268 3062 3357 3130; x_wconf 91' lang='lat' dir='ltr'><strong>qui</strong></span> <span class='ocrx_word' id='word_1_575' title='bbox 3384 3077 3493 3117; x_wconf 91' lang='lat' dir='ltr'><strong>non</strong></span> 
     </span>
    </p>
   </div>
   <div class='ocr_carea' id='block_1_78' title="bbox 1832 3154 3495 3239">
    <p class='ocr_par' dir='ltr' id='par_1_78' title="bbox 1832 3154 3495 3239">
     <span class='ocr_line' id='line_1_78' title="bbox 1832 3154 3495 3239; baseline -0.004 -26"><span class='ocrx_word' id='word_1_576' title='bbox 1832 3175 1878 3239; x_wconf 71' lang='grc' dir='ltr'><strong>ρ</strong></span> <span class='ocrx_word' id='word_1_577' title='bbox 1910 3158 2021 3213; x_wconf 75' lang='lat' dir='ltr'><strong>suis</strong></span> <span class='ocrx_word' id='word_1_578' title='bbox 2071 3156 2298 3221; x_wconf 87' lang='lat' dir='ltr'><strong>meritis,</strong></span> <span class='ocrx_word' id='word_1_579' title='bbox 2327 3154 2422 3210; x_wconf 88' lang='lat' dir='ltr'><strong>sed</strong></span> <span class='ocrx_word' id='word_1_580' title='bbox 2468 3154 2664 3209; x_wconf 83' lang='lat' dir='ltr'><strong>divinae</strong></span> <span class='ocrx_word' id='word_1_581' title='bbox 2705 3155 2889 3224; x_wconf 81' lang='lat' dir='ltr'><strong>gratiae</strong></span> <span class='ocrx_word' id='word_1_582' title='bbox 2934 3163 3147 3224; x_wconf 88' lang='lat' dir='ltr'><strong>reputat</strong></span> <span class='ocrx_word' id='word_1_583' title='bbox 3186 3154 3326 3224; x_wconf 92' lang='lat' dir='ltr'><strong>quod</strong></span> <span class='ocrx_word' id='word_1_584' title='bbox 3369 3154 3495 3209; x_wconf 88' lang='lat' dir='ltr'><strong>boni</strong></span> 
     </span>
    </p>
   </div>
   <div class='ocr_carea' id='block_1_79' title="bbox 1906 3246 3498 3319">
    <p class='ocr_par' dir='ltr' id='par_1_79' title="bbox 1906 3246 3498 3319">
     <span class='ocr_line' id='line_1_79' title="bbox 1906 3246 3498 3319; baseline -0.001 -16"><span class='ocrx_word' id='word_1_585' title='bbox 1906 3249 2110 3319; x_wconf 84' lang='lat' dir='ltr'><strong>aliquid</strong></span> <span class='ocrx_word' id='word_1_586' title='bbox 2142 3248 2333 3303; x_wconf 84' lang='lat' dir='ltr'><strong>fecisse</strong></span> <span class='ocrx_word' id='word_1_587' title='bbox 2361 3250 2723 3317; x_wconf 77' lang='lat' dir='ltr'><strong>cognoscitur.</strong></span> <span class='ocrx_word' id='word_1_588' title='bbox 2758 3246 2969 3301; x_wconf 85' lang='lat' dir='ltr'><strong>Domini</strong></span> <span class='ocrx_word' id='word_1_589' title='bbox 3014 3257 3190 3302; x_wconf 88' lang='lat' dir='ltr'><strong>autem</strong></span> <span class='ocrx_word' id='word_1_590' title='bbox 3222 3248 3498 3303; x_wconf 84' lang='lat' dir='ltr'><strong>custodire</strong></span> 
     </span>
    </p>
   </div>
   <div class='ocr_carea' id='block_1_80' title="bbox 1910 3339 3495 3410">
    <p class='ocr_par' dir='ltr' id='par_1_80' title="bbox 1910 3339 3495 3410">
     <span class='ocr_line' id='line_1_80' title="bbox 1910 3339 3495 3410; baseline -0.001 -16"><span class='ocrx_word' id='word_1_591' title='bbox 1910 3341 2182 3407; x_wconf 85' lang='lat' dir='ltr'><strong>mandata,</strong></span> <span class='ocrx_word' id='word_1_592' title='bbox 2212 3356 2399 3396; x_wconf 81' lang='lat' dir='ltr'><strong>revera</strong></span> <span class='ocrx_word' id='word_1_593' title='bbox 2428 3340 2659 3394; x_wconf 80' lang='lat' dir='ltr'><strong>virentis</strong></span> <span class='ocrx_word' id='word_1_594' title='bbox 2690 3349 2801 3394; x_wconf 86' lang='lat' dir='ltr'><strong>est:</strong></span> <span class='ocrx_word' id='word_1_595' title='bbox 2822 3339 2982 3410; x_wconf 49' lang='grc' dir='ltr'><strong>[θοι</strong></span> <span class='ocrx_word' id='word_1_596' title='bbox 3015 3350 3225 3405; x_wconf 90' lang='lat' dir='ltr'><strong>contra,</strong></span> <span class='ocrx_word' id='word_1_597' title='bbox 3256 3350 3495 3394; x_wconf 87' lang='lat' dir='ltr'><strong>mortuus</strong></span> 
     </span>
    </p>
   </div>
   <div class='ocr_carea' id='block_1_81' title="bbox 1904 3432 3498 3507">
    <p class='ocr_par' dir='ltr' id='par_1_81' title="bbox 1904 3432 3498 3507">
     <span class='ocr_line' id='line_1_81' title="bbox 1904 3432 3498 3507; baseline -0.004 -15"><span class='ocrx_word' id='word_1_598' title='bbox 1904 3440 2027 3507; x_wconf 76' lang='lat' dir='ltr'><strong>jure</strong></span> <span class='ocrx_word' id='word_1_599' title='bbox 2073 3436 2289 3502; x_wconf 89' lang='lat' dir='ltr'><strong>dicitur,</strong></span> <span class='ocrx_word' id='word_1_600' title='bbox 2339 3434 2429 3504; x_wconf 89' lang='lat' dir='ltr'><strong>qui</strong></span> <span class='ocrx_word' id='word_1_601' title='bbox 2480 3434 2796 3489; x_wconf 87' lang='lat' dir='ltr'><strong>inobediens</strong></span> <span class='ocrx_word' id='word_1_602' title='bbox 2848 3432 3203 3503; x_wconf 86' lang='lat' dir='ltr'><strong>approbatur,</strong></span> <span class='ocrx_word' id='word_1_603' title='bbox 3256 3434 3397 3487; x_wconf 90' lang='lat' dir='ltr'><strong>sicut</strong></span> <span class='ocrx_word' id='word_1_604' title='bbox 3445 3433 3498 3486; x_wconf 90' lang='lat' dir='ltr'><strong>in</strong></span> 
     </span>
    </p>
   </div>
   <div class='ocr_carea' id='block_1_82' title="bbox 1910 3525 3497 3599">
    <p class='ocr_par' dir='ltr' id='par_1_82' title="bbox 1910 3525 3497 3599">
     <span class='ocr_line' id='line_1_82' title="bbox 1910 3525 3497 3599; baseline -0.004 -15"><span class='ocrx_word' id='word_1_605' title='bbox 1910 3529 2199 3599; x_wconf 81' lang='lat' dir='ltr'><strong>Evangelia</strong></span> <span class='ocrx_word' id='word_1_606' title='bbox 2222 3527 2288 3582; x_wconf 88' lang='lat' dir='ltr'><strong>de</strong></span> <span class='ocrx_word' id='word_1_607' title='bbox 2318 3525 2622 3581; x_wconf 86' lang='lat' dir='ltr'><strong>inﬁdelibus</strong></span> <span class='ocrx_word' id='word_1_608' title='bbox 2649 3526 2842 3595; x_wconf 85' lang='lat' dir='ltr'><strong>legitur</strong></span> <span class='ocrx_word' id='word_1_609' title='bbox 2875 3541 2889 3577; x_wconf 88' lang='lat'><strong>:</strong></span> <span class='ocrx_word' id='word_1_610' title='bbox 2923 3525 3050 3579; x_wconf 89' lang='lat' dir='ltr'><strong>Sine</strong></span> <span class='ocrx_word' id='word_1_611' title='bbox 3091 3535 3321 3579; x_wconf 77' lang='lat' dir='ltr'><strong>mortuos</strong></span> <span class='ocrx_word' id='word_1_612' title='bbox 3352 3540 3497 3593; x_wconf 84' lang='lat' dir='ltr'><strong>sepe-</strong></span> 
     </span>
    </p>
   </div>
   <div class='ocr_carea' id='block_1_83' title="bbox 1911 3618 3499 3692">
    <p class='ocr_par' dir='ltr' id='par_1_83' title="bbox 1911 3618 3499 3692">
     <span class='ocr_line' id='line_1_83' title="bbox 1911 3618 3499 3692; baseline -0.002 -15"><span class='ocrx_word' id='word_1_613' title='bbox 1911 3625 2008 3677; x_wconf 79' lang='lat' dir='ltr'><strong>lire</strong></span> <span class='ocrx_word' id='word_1_614' title='bbox 2029 3632 2253 3676; x_wconf 85' lang='lat' dir='ltr'><strong>mortuos</strong></span> <span class='ocrx_word' id='word_1_615' title='bbox 2282 3638 2403 3676; x_wconf 82' lang='lat' dir='ltr'><strong>suos</strong></span> <span class='ocrx_word' id='word_1_616' title='bbox 2423 3620 2571 3692; x_wconf 88' lang='lat' dir='ltr'><strong>(Luc.</strong></span> <span class='ocrx_word' id='word_1_617' title='bbox 2600 3636 2671 3685; x_wconf 83' lang='lat' dir='ltr'><strong>ix,</strong></span> <span class='ocrx_word' id='word_1_618' title='bbox 2689 3619 2797 3686; x_wconf 84' lang='lat'><strong>60).</strong></span> <span class='ocrx_word' id='word_1_619' title='bbox 2824 3618 3067 3687; x_wconf 83' lang='lat' dir='ltr'><strong>Sepelire</strong></span> <span class='ocrx_word' id='word_1_620' title='bbox 3093 3620 3237 3673; x_wconf 89' lang='lat' dir='ltr'><strong>enim</strong></span> <span class='ocrx_word' id='word_1_621' title='bbox 3256 3626 3499 3674; x_wconf 88' lang='lat' dir='ltr'><strong>mortuos</strong></span> 
     </span>
    </p>
   </div>
   <div class='ocr_carea' id='block_1_84' title="bbox 1912 3708 3503 3779">
    <p class='ocr_par' dir='ltr' id='par_1_84' title="bbox 1912 3708 3503 3779">
     <span class='ocr_line' id='line_1_84' title="bbox 1912 3708 3503 3779; baseline -0.004 -12"><span class='ocrx_word' id='word_1_622' title='bbox 1912 3714 2203 3767; x_wconf 82' lang='lat' dir='ltr'><strong>viventium</strong></span> <span class='ocrx_word' id='word_1_623' title='bbox 2254 3720 2401 3775; x_wconf 88' lang='lat' dir='ltr'><strong>erat;</strong></span> <span class='ocrx_word' id='word_1_624' title='bbox 2433 3713 2526 3765; x_wconf 90' lang='lat' dir='ltr'><strong>sed</strong></span> <span class='ocrx_word' id='word_1_625' title='bbox 2557 3710 2680 3779; x_wconf 89' lang='lat' dir='ltr'><strong>quia</strong></span> <span class='ocrx_word' id='word_1_626' title='bbox 2711 3709 2955 3763; x_wconf 81' lang='lat' dir='ltr'><strong>inﬁdeles</strong></span> <span class='ocrx_word' id='word_1_627' title='bbox 2983 3708 3318 3775; x_wconf 89' lang='lat' dir='ltr'><strong>videbantur,</strong></span> <span class='ocrx_word' id='word_1_628' title='bbox 3353 3720 3503 3763; x_wconf 85' lang='lat' dir='ltr'><strong>recte</strong></span> 
     </span>
    </p>
   </div>
   <div class='ocr_carea' id='block_1_85' title="bbox 1912 3802 3496 3872">
    <p class='ocr_par' dir='ltr' id='par_1_85' title="bbox 1912 3802 3496 3872">
     <span class='ocr_line' id='line_1_85' title="bbox 1912 3802 3496 3872; baseline 0 -14"><span class='ocrx_word' id='word_1_629' title='bbox 1912 3814 2153 3858; x_wconf 85' lang='lat' dir='ltr'><strong>mortuos</strong></span> <span class='ocrx_word' id='word_1_630' title='bbox 2200 3804 2493 3872; x_wconf 84' lang='lat' dir='ltr'><strong>appellatos</strong></span> <span class='ocrx_word' id='word_1_631' title='bbox 2542 3817 2662 3857; x_wconf 87' lang='lat' dir='ltr'><strong>esse</strong></span> <span class='ocrx_word' id='word_1_632' title='bbox 2717 3804 3110 3871; x_wconf 84' lang='lat' dir='ltr'><strong>cognoscimus.</strong></span> <span class='ocrx_word' id='word_1_633' title='bbox 3158 3803 3222 3856; x_wconf 87' lang='lat' dir='ltr'><strong>Et</strong></span> <span class='ocrx_word' id='word_1_634' title='bbox 3272 3802 3496 3859; x_wconf 79' lang='lat' dir='ltr'><strong>adverte</strong></span> 
     </span>
    </p>
   </div>
   <div class='ocr_carea' id='block_1_86' title="bbox 1910 3893 3499 3961">
    <p class='ocr_par' dir='ltr' id='par_1_86' title="bbox 1910 3893 3499 3961">
     <span class='ocr_line' id='line_1_86' title="bbox 1910 3893 3499 3961; baseline -0.001 -10"><span class='ocrx_word' id='word_1_635' title='bbox 1910 3894 2303 3951; x_wconf 57' lang='lat' dir='ltr'><strong>confessionem</strong></span> <span class='ocrx_word' id='word_1_636' title='bbox 2327 3903 2588 3958; x_wconf 89' lang='lat' dir='ltr'><strong>sanctam;</strong></span> <span class='ocrx_word' id='word_1_637' title='bbox 2607 3893 2685 3947; x_wconf 90' lang='lat' dir='ltr'><strong>sic</strong></span> <span class='ocrx_word' id='word_1_638' title='bbox 2711 3908 2770 3947; x_wconf 86' lang='lat' dir='ltr'><strong>se</strong></span> <span class='ocrx_word' id='word_1_639' title='bbox 2786 3894 3045 3961; x_wconf 89' lang='lat' dir='ltr'><strong>judicavit</strong></span> <span class='ocrx_word' id='word_1_640' title='bbox 3066 3908 3187 3948; x_wconf 78' lang='lat' dir='ltr'><strong>esse</strong></span> <span class='ocrx_word' id='word_1_641' title='bbox 3210 3894 3499 3955; x_wconf 80' lang='lat' dir='ltr'><strong>victurum.</strong></span> 
     </span>
    </p>
   </div>
   <div class='ocr_carea' id='block_1_87' title="bbox 1911 3981 3502 4052">
    <p class='ocr_par' dir='ltr' id='par_1_87' title="bbox 1911 3981 3502 4052">
     <span class='ocr_line' id='line_1_87' title="bbox 1911 3981 3502 4052; baseline 0.001 -15"><span class='ocrx_word' id='word_1_642' title='bbox 1911 3985 1954 4037; x_wconf 90' lang='lat' dir='ltr'><strong>si</strong></span> <span class='ocrx_word' id='word_1_643' title='bbox 1988 3983 2244 4050; x_wconf 86' lang='lat' dir='ltr'><strong>potuisset</strong></span> <span class='ocrx_word' id='word_1_644' title='bbox 2267 3981 2476 4035; x_wconf 86' lang='lat' dir='ltr'><strong>Domini</strong></span> <span class='ocrx_word' id='word_1_645' title='bbox 2498 3982 2755 4034; x_wconf 83' lang='lat' dir='ltr'><strong>custodire</strong></span> <span class='ocrx_word' id='word_1_646' title='bbox 2790 3997 3092 4035; x_wconf 84' lang='lat' dir='ltr'><strong>sermones:</strong></span> <span class='ocrx_word' id='word_1_647' title='bbox 3124 3984 3337 4047; x_wconf 87' lang='lat' dir='ltr'><strong>merito,</strong></span> <span class='ocrx_word' id='word_1_648' title='bbox 3366 3998 3502 4052; x_wconf 89' lang='lat' dir='ltr'><strong>quo-</strong></span> 
     </span>
    </p>
   </div>
   <div class='ocr_carea' id='block_1_88' title="bbox 1916 4080 3503 4151">
    <p class='ocr_par' dir='ltr' id='par_1_88' title="bbox 1916 4080 3503 4151">
     <span class='ocr_line' id='line_1_88' title="bbox 1916 4080 3503 4151; baseline 0 -16"><span class='ocrx_word' id='word_1_649' title='bbox 1916 4082 2058 4135; x_wconf 90' lang='lat' dir='ltr'><strong>niam</strong></span> <span class='ocrx_word' id='word_1_650' title='bbox 2088 4081 2179 4151; x_wconf 89' lang='lat' dir='ltr'><strong>qui</strong></span> <span class='ocrx_word' id='word_1_651' title='bbox 2210 4095 2304 4136; x_wconf 81' lang='lat' dir='ltr'><strong>eos</strong></span> <span class='ocrx_word' id='word_1_652' title='bbox 2328 4082 2548 4133; x_wconf 86' lang='lat' dir='ltr'><strong>custodit</strong></span> <span class='ocrx_word' id='word_1_653' title='bbox 2581 4081 2647 4133; x_wconf 89' lang='lat' dir='ltr'><strong>ab</strong></span> <span class='ocrx_word' id='word_1_654' title='bbox 2676 4082 2806 4150; x_wconf 66' lang='lat' dir='ltr'><strong>ipsis</strong></span> <span class='ocrx_word' id='word_1_655' title='bbox 2832 4081 2949 4134; x_wconf 87' lang='lat' dir='ltr'><strong>sine</strong></span> <span class='ocrx_word' id='word_1_656' title='bbox 2978 4080 3139 4134; x_wconf 89' lang='lat' dir='ltr'><strong>dubio</strong></span> <span class='ocrx_word' id='word_1_657' title='bbox 3169 4080 3469 4135; x_wconf 78' lang='lat' dir='ltr'><strong>cusmditur</strong></span> <span class='ocrx_word' id='word_1_658' title='bbox 3488 4124 3503 4144; x_wconf 88' lang='lat'><strong>.</strong></span> 
     </span>
    </p>
   </div>
   <div class='ocr_carea' id='block_1_89' title="bbox 1915 4171 3505 4242">
    <p class='ocr_par' dir='ltr' id='par_1_89' title="bbox 1915 4171 3505 4242">
     <span class='ocr_line' id='line_1_89' title="bbox 1915 4171 3505 4242; baseline 0 -15"><span class='ocrx_word' id='word_1_659' title='bbox 1915 4182 1969 4227; x_wconf 88' lang='lat' dir='ltr'><strong>et</strong></span> <span class='ocrx_word' id='word_1_660' title='bbox 1998 4188 2146 4226; x_wconf 84' lang='lat' dir='ltr'><strong>mors</strong></span> <span class='ocrx_word' id='word_1_661' title='bbox 2174 4172 2225 4227; x_wconf 90' lang='lat' dir='ltr'><strong>ei</strong></span> <span class='ocrx_word' id='word_1_662' title='bbox 2258 4188 2361 4225; x_wconf 91' lang='lat' dir='ltr'><strong>non</strong></span> <span class='ocrx_word' id='word_1_663' title='bbox 2395 4171 2772 4237; x_wconf 85' lang='lat' dir='ltr'><strong>dominabitur,</strong></span> <span class='ocrx_word' id='word_1_664' title='bbox 2806 4187 2925 4241; x_wconf 75' lang='lat' dir='ltr'><strong>qua:</strong></span> <span class='ocrx_word' id='word_1_665' title='bbox 2954 4171 3007 4225; x_wconf 92' lang='lat' dir='ltr'><strong>in</strong></span> <span class='ocrx_word' id='word_1_666' title='bbox 3036 4173 3315 4240; x_wconf 89' lang='lat' dir='ltr'><strong>impiorum</strong></span> <span class='ocrx_word' id='word_1_667' title='bbox 3342 4174 3505 4242; x_wconf 81' lang='lat' dir='ltr'><strong>depo-</strong></span> 
     </span>
    </p>
   </div>
   <div class='ocr_carea' id='block_1_90' title="bbox 1916 4265 2512 4334">
    <p class='ocr_par' dir='ltr' id='par_1_90' title="bbox 1916 4265 2512 4334">
     <span class='ocr_line' id='line_1_90' title="bbox 1916 4265 2512 4334; baseline -0.003 -15"><span class='ocrx_word' id='word_1_668' title='bbox 1916 4265 2183 4334; x_wconf 75' lang='lat' dir='ltr'><strong>pulatione</strong></span> <span class='ocrx_word' id='word_1_669' title='bbox 2212 4280 2274 4333; x_wconf 88' lang='lat' dir='ltr'><strong>gr</strong></span> <span class='ocrx_word' id='word_1_670' title='bbox 2293 4273 2512 4317; x_wconf 73' lang='lat' dir='ltr'><strong>issatur.</strong></span> 
     </span>
    </p>
   </div>
   <div class='ocr_carea' id='block_1_91' title="bbox 1990 4363 3503 4432">
    <p class='ocr_par' dir='ltr' id='par_1_91' title="bbox 1990 4363 3503 4432">
     <span class='ocr_line' id='line_1_91' title="bbox 1990 4363 3503 4432; baseline 0.002 -16"><span class='ocrx_word' id='word_1_671' title='bbox 1990 4366 2139 4418; x_wconf 83' lang='lat' dir='ltr'><strong>Vers.</strong></span> <span class='ocrx_word' id='word_1_672' title='bbox 2170 4366 2253 4418; x_wconf 76' lang='lat'><strong>18.</strong></span> <span class='ocrx_word' id='word_1_673' title='bbox 2291 4363 2475 4417; x_wconf 84' lang='lat' dir='ltr'><strong>Revela</strong></span> <span class='ocrx_word' id='word_1_674' title='bbox 2507 4363 2683 4418; x_wconf 86' lang='lat' dir='ltr'><strong>oculos</strong></span> <span class='ocrx_word' id='word_1_675' title='bbox 2714 4380 2873 4432; x_wconf 86' lang='lat' dir='ltr'><strong>meos,</strong></span> <span class='ocrx_word' id='word_1_676' title='bbox 2899 4376 2947 4418; x_wconf 89' lang='lat' dir='ltr'><strong>et</strong></span> <span class='ocrx_word' id='word_1_677' title='bbox 2976 4365 3312 4418; x_wconf 66' lang='lat' dir='ltr'><strong>considirabo</strong></span> <span class='ocrx_word' id='word_1_678' title='bbox 3340 4366 3503 4419; x_wconf 82' lang='lat' dir='ltr'><strong>mira-</strong></span> 
     </span>
    </p>
   </div>
   <div class='ocr_carea' id='block_1_92' title="bbox 1918 4457 3507 4526">
    <p class='ocr_par' dir='ltr' id='par_1_92' title="bbox 1918 4457 3507 4526">
     <span class='ocr_line' id='line_1_92' title="bbox 1918 4457 3507 4526; baseline 0.004 -17"><span class='ocrx_word' id='word_1_679' title='bbox 1918 4457 2040 4510; x_wconf 87' lang='lat' dir='ltr'><strong>bilia</strong></span> <span class='ocrx_word' id='word_1_680' title='bbox 2070 4458 2133 4508; x_wconf 88' lang='lat' dir='ltr'><strong>de</strong></span> <span class='ocrx_word' id='word_1_681' title='bbox 2157 4458 2265 4526; x_wconf 85' lang='lat' dir='ltr'><strong>lege</strong></span> <span class='ocrx_word' id='word_1_682' title='bbox 2285 4466 2391 4509; x_wconf 88' lang='lat' dir='ltr'><strong>tua.</strong></span> <span class='ocrx_word' id='word_1_683' title='bbox 2426 4458 2481 4511; x_wconf 91' lang='lat' dir='ltr'><strong>lu</strong></span> <span class='ocrx_word' id='word_1_684' title='bbox 2515 4458 2614 4511; x_wconf 89' lang='lat' dir='ltr'><strong>hoc</strong></span> <span class='ocrx_word' id='word_1_685' title='bbox 2643 4473 2801 4512; x_wconf 81' lang='lat' dir='ltr'><strong>versu</strong></span> <span class='ocrx_word' id='word_1_686' title='bbox 2835 4458 3115 4511; x_wconf 72' lang='lat' dir='ltr'><strong>inﬁrmitas</strong></span> <span class='ocrx_word' id='word_1_687' title='bbox 3143 4459 3507 4526; x_wconf 85' lang='lat' dir='ltr'><strong>humanitatis,</strong></span> 
     </span>
    </p>
   </div>
   <div class='ocr_carea' id='block_1_93' title="bbox 302 4546 3509 4619">
    <p class='ocr_par' dir='ltr' id='par_1_93' title="bbox 302 4546 3509 4619">
     <span class='ocr_line' id='line_1_93' title="bbox 302 4546 3509 4619; baseline 0.002 -21"><span class='ocrx_word' id='word_1_688' title='bbox 302 4549 455 4602; x_wconf 77' lang='lat' dir='ltr'><strong>\‘ers.</strong></span> <span class='ocrx_word' id='word_1_689' title='bbox 494 4546 577 4600; x_wconf 75' lang='grc'><strong>15.</strong></span> <span class='ocrx_word' id='word_1_690' title='bbox 612 4548 678 4599; x_wconf 87' lang='grc' dir='ltr'><strong>1η</strong></span> <span class='ocrx_word' id='word_1_691' title='bbox 700 4549 954 4600; x_wconf 85' lang='lat' dir='ltr'><strong>mandatis</strong></span> <span class='ocrx_word' id='word_1_692' title='bbox 986 4549 1083 4599; x_wconf 77' lang='lat' dir='ltr'><strong>(uis</strong></span> <span class='ocrx_word' id='word_1_693' title='bbox 1106 4546 1395 4609; x_wconf 64' lang='lat' dir='ltr'><strong>exercebar,</strong></span> <span class='ocrx_word' id='word_1_694' title='bbox 1419 4556 1462 4599; x_wconf 88' lang='lat' dir='ltr'><strong>et</strong></span> <span class='ocrx_word' id='word_1_695' title='bbox 1488 4546 1812 4600; x_wconf 86' lang='lat' dir='ltr'><strong>considerabo</strong></span> <span class='ocrx_word' id='word_1_696' title='bbox 1844 4552 1891 4610; x_wconf 81' lang='grc' dir='ltr'>υ</span> <span class='ocrx_word' id='word_1_697' title='bbox 1917 4556 1974 4603; x_wconf 85' lang='lat' dir='ltr'><strong>et</strong></span> <span class='ocrx_word' id='word_1_698' title='bbox 2002 4547 2315 4602; x_wconf 86' lang='lat' dir='ltr'><strong>beneﬁcium</strong></span> <span class='ocrx_word' id='word_1_699' title='bbox 2348 4563 2594 4619; x_wconf 79' lang='lat' dir='ltr'><strong>superna:</strong></span> <span class='ocrx_word' id='word_1_700' title='bbox 2619 4548 2915 4618; x_wconf 85' lang='lat' dir='ltr'><strong>majestatis</strong></span> <span class='ocrx_word' id='word_1_701' title='bbox 2945 4550 3247 4618; x_wconf 82' lang='lat' dir='ltr'><strong>exponitur.</strong></span> <span class='ocrx_word' id='word_1_702' title='bbox 3267 4550 3509 4606; x_wconf 75' lang='lat' dir='ltr'><strong>Revelare</strong></span> 
     </span>
    </p>
   </div>
   <div class='ocr_carea' id='block_1_94' title="bbox 220 4638 1815 4706">
    <p class='ocr_par' dir='ltr' id='par_1_94' title="bbox 220 4638 1815 4706">
     <span class='ocr_line' id='line_1_94' title="bbox 220 4638 1815 4706; baseline -0.001 -14"><span class='ocrx_word' id='word_1_703' title='bbox 220 4642 337 4693; x_wconf 68' lang='lat' dir='ltr'><strong>vias</strong></span> <span class='ocrx_word' id='word_1_704' title='bbox 374 4652 505 4694; x_wconf 86' lang='lat' dir='ltr'><strong>tuas.</strong></span> <span class='ocrx_word' id='word_1_705' title='bbox 533 4639 922 4693; x_wconf 67' lang='lat' dir='ltr'><strong>Ecclesiasticm</strong></span> <span class='ocrx_word' id='word_1_706' title='bbox 952 4639 1244 4706; x_wconf 69' lang='lat' dir='ltr'><strong>(lisciplinm</strong></span> <span class='ocrx_word' id='word_1_707' title='bbox 1268 4638 1399 4691; x_wconf 75' lang='lat' dir='ltr'><strong>ordo</strong></span> <span class='ocrx_word' id='word_1_708' title='bbox 1426 4650 1671 4692; x_wconf 89' lang='lat' dir='ltr'><strong>servatus</strong></span> <span class='ocrx_word' id='word_1_709' title='bbox 1711 4648 1815 4697; x_wconf 76' lang='lat' dir='ltr'><strong>est.</strong></span> 
     </span>
    </p>
   </div>
   <div class='ocr_carea' id='block_1_95' title="bbox 222 4730 1814 4795">
    <p class='ocr_par' dir='ltr' id='par_1_95' title="bbox 222 4730 1814 4795">
     <span class='ocr_line' id='line_1_95' title="bbox 222 4730 1814 4795; baseline 0 -11"><span class='ocrx_word' id='word_1_710' title='bbox 222 4730 391 4785; x_wconf 79' lang='lat' dir='ltr'><strong>Prius</strong></span> <span class='ocrx_word' id='word_1_711' title='bbox 416 4734 558 4786; x_wconf 89' lang='lat' dir='ltr'><strong>enim</strong></span> <span class='ocrx_word' id='word_1_712' title='bbox 591 4731 709 4795; x_wconf 81' lang='lat' dir='ltr'><strong>fuit,</strong></span> <span class='ocrx_word' id='word_1_713' title='bbox 746 4741 804 4786; x_wconf 91' lang='lat' dir='ltr'><strong>ut</strong></span> <span class='ocrx_word' id='word_1_714' title='bbox 832 4747 1175 4785; x_wconf 63' lang='lat' dir='ltr'><strong>exercereuir</strong></span> <span class='ocrx_word' id='word_1_715' title='bbox 1207 4731 1259 4783; x_wconf 92' lang='lat' dir='ltr'><strong>in</strong></span> <span class='ocrx_word' id='word_1_716' title='bbox 1302 4730 1565 4784; x_wconf 86' lang='lat' dir='ltr'><strong>mandatis</strong></span> <span class='ocrx_word' id='word_1_717' title='bbox 1596 4730 1814 4784; x_wconf 70' lang='lat' dir='ltr'><strong>divinis.</strong></span> 
     </span>
    </p>
   </div>
   <div class='ocr_carea' id='block_1_96' title="bbox 224 4822 1819 4892">
    <p class='ocr_par' dir='ltr' id='par_1_96' title="bbox 224 4822 1819 4892">
     <span class='ocr_line' id='line_1_96' title="bbox 224 4822 1819 4892; baseline -0.001 -17"><span class='ocrx_word' id='word_1_718' title='bbox 224 4822 277 4875; x_wconf 86' lang='lat' dir='ltr'><strong>id</strong></span> <span class='ocrx_word' id='word_1_719' title='bbox 308 4832 419 4887; x_wconf 82' lang='lat' dir='ltr'><strong>est,</strong></span> <span class='ocrx_word' id='word_1_720' title='bbox 448 4823 714 4892; x_wconf 77' lang='lat' dir='ltr'><strong>frequenti</strong></span> <span class='ocrx_word' id='word_1_721' title='bbox 744 4824 1057 4891; x_wconf 89' lang='lat' dir='ltr'><strong>operatione</strong></span> <span class='ocrx_word' id='word_1_722' title='bbox 1087 4837 1241 4876; x_wconf 82' lang='lat' dir='ltr'><strong>usum</strong></span> <span class='ocrx_word' id='word_1_723' title='bbox 1275 4838 1455 4876; x_wconf 87' lang='lat' dir='ltr'><strong>rerum</strong></span> <span class='ocrx_word' id='word_1_724' title='bbox 1491 4822 1819 4876; x_wconf 81' lang='lat' dir='ltr'><strong>neces~aria-</strong></span> 
     </span>
    </p>
   </div>
   <div class='ocr_carea' id='block_1_97' title="bbox 224 4912 1820 4983">
    <p class='ocr_par' dir='ltr' id='par_1_97' title="bbox 224 4912 1820 4983">
     <span class='ocr_line' id='line_1_97' title="bbox 224 4912 1820 4983; baseline 0 -18"><span class='ocrx_word' id='word_1_725' title='bbox 224 4928 361 4967; x_wconf 87' lang='lat' dir='ltr'><strong>rum</strong></span> <span class='ocrx_word' id='word_1_726' title='bbox 408 4916 626 4969; x_wconf 86' lang='lat' dir='ltr'><strong>assiduo</strong></span> <span class='ocrx_word' id='word_1_727' title='bbox 671 4914 851 4969; x_wconf 87' lang='lat' dir='ltr'><strong>labore</strong></span> <span class='ocrx_word' id='word_1_728' title='bbox 880 4929 1155 4983; x_wconf 70' lang='lat' dir='ltr'><strong>peragere,</strong></span> <span class='ocrx_word' id='word_1_729' title='bbox 1189 4923 1244 4967; x_wconf 79' lang='lat' dir='ltr'><strong>et</strong></span> <span class='ocrx_word' id='word_1_730' title='bbox 1285 4912 1361 4966; x_wconf 91' lang='lat' dir='ltr'><strong>sic</strong></span> <span class='ocrx_word' id='word_1_731' title='bbox 1408 4913 1470 4967; x_wconf 84' lang='lat' dir='ltr'><strong>ad</strong></span> <span class='ocrx_word' id='word_1_732' title='bbox 1520 4914 1820 4966; x_wconf 88' lang='lat' dir='ltr'><strong>intellectus</strong></span> 
     </span>
    </p>
   </div>
   <div class='ocr_carea' id='block_1_98' title="bbox 224 5005 1823 5076">
    <p class='ocr_par' dir='ltr' id='par_1_98' title="bbox 224 5005 1823 5076">
     <span class='ocr_line' id='line_1_98' title="bbox 224 5005 1823 5076; baseline -0.001 -17"><span class='ocrx_word' id='word_1_733' title='bbox 224 5008 361 5072; x_wconf 78' lang='lat' dir='ltr'><strong>ejus</strong></span> <span class='ocrx_word' id='word_1_734' title='bbox 398 5007 690 5076; x_wconf 85' lang='lat' dir='ltr'><strong>penetralia</strong></span> <span class='ocrx_word' id='word_1_735' title='bbox 722 5008 1019 5075; x_wconf 75' lang='lat' dir='ltr'><strong>pervenire.</strong></span> <span class='ocrx_word' id='word_1_736' title='bbox 1054 5005 1222 5059; x_wconf 87' lang='lat' dir='ltr'><strong>Nemo</strong></span> <span class='ocrx_word' id='word_1_737' title='bbox 1253 5008 1394 5059; x_wconf 87' lang='lat' dir='ltr'><strong>enim</strong></span> <span class='ocrx_word' id='word_1_738' title='bbox 1438 5015 1675 5059; x_wconf 68' lang='lat' dir='ltr'><strong>meretur</strong></span> <span class='ocrx_word' id='word_1_739' title='bbox 1710 5016 1823 5057; x_wconf 84' lang='lat' dir='ltr'><strong>tau-</strong></span> 
     </span>
    </p>
   </div>
   <div class='ocr_carea' id='block_1_99' title="bbox 223 5096 1817 5163">
    <p class='ocr_par' dir='ltr' id='par_1_99' title="bbox 223 5096 1817 5163">
     <span class='ocr_line' id='line_1_99' title="bbox 223 5096 1817 5163; baseline -0.001 -13"><span class='ocrx_word' id='word_1_740' title='bbox 223 5108 353 5151; x_wconf 86' lang='lat' dir='ltr'><strong>tum</strong></span> <span class='ocrx_word' id='word_1_741' title='bbox 380 5114 649 5154; x_wconf 67' lang='lat' dir='ltr'><strong>sectemur</strong></span> <span class='ocrx_word' id='word_1_742' title='bbox 671 5099 1006 5163; x_wconf 75' lang='lat' dir='ltr'><strong>conSpicerc,</strong></span> <span class='ocrx_word' id='word_1_743' title='bbox 1037 5098 1137 5151; x_wconf 83' lang='lat' dir='ltr'><strong>nisi</strong></span> <span class='ocrx_word' id='word_1_744' title='bbox 1171 5101 1254 5151; x_wconf 89' lang='lat' dir='ltr'><strong>cui</strong></span> <span class='ocrx_word' id='word_1_745' title='bbox 1278 5099 1459 5150; x_wconf 73' lang='lat' dir='ltr'><strong>datum</strong></span> <span class='ocrx_word' id='word_1_746' title='bbox 1493 5096 1651 5151; x_wconf 81' lang='lat' dir='ltr'><strong>fuerit</strong></span> <span class='ocrx_word' id='word_1_747' title='bbox 1681 5099 1817 5150; x_wconf 88' lang='lat' dir='ltr'><strong>bona</strong></span> 
     </span>
    </p>
   </div>
   <div class='ocr_carea' id='block_1_100' title="bbox 226 5188 1825 5255">
    <p class='ocr_par' dir='ltr' id='par_1_100' title="bbox 226 5188 1825 5255">
     <span class='ocr_line' id='line_1_100' title="bbox 226 5188 1825 5255; baseline 0 -14"><span class='ocrx_word' id='word_1_748' title='bbox 226 5193 650 5245; x_wconf 73' lang='lat' dir='ltr'><strong>conversatione</strong></span> <span class='ocrx_word' id='word_1_749' title='bbox 671 5190 976 5244; x_wconf 68' lang='lat' dir='ltr'><strong>coelestibus</strong></span> <span class='ocrx_word' id='word_1_750' title='bbox 1001 5204 1058 5243; x_wconf 90' lang='lat' dir='ltr'><strong>se</strong></span> <span class='ocrx_word' id='word_1_751' title='bbox 1090 5188 1362 5243; x_wconf 60' lang='lat' dir='ltr'><strong>beneﬁcis</strong></span> <span class='ocrx_word' id='word_1_752' title='bbox 1393 5189 1720 5255; x_wconf 69' lang='lat' dir='ltr'><strong>proximare.</strong></span> <span class='ocrx_word' id='word_1_753' title='bbox 1759 5190 1825 5241; x_wconf 74' lang='lat' dir='ltr'><strong>Et</strong></span> 
     </span>
    </p>
   </div>
   <div class='ocr_carea' id='block_1_101' title="bbox 226 5280 1825 5352">
    <p class='ocr_par' dir='ltr' id='par_1_101' title="bbox 226 5280 1825 5352">
     <span class='ocr_line' id='line_1_101' title="bbox 226 5280 1825 5352; baseline 0 -19"><span class='ocrx_word' id='word_1_754' title='bbox 226 5292 368 5336; x_wconf 74' lang='lat' dir='ltr'><strong>nota</strong></span> <span class='ocrx_word' id='word_1_755' title='bbox 395 5284 535 5352; x_wconf 87' lang='lat' dir='ltr'><strong>quod</strong></span> <span class='ocrx_word' id='word_1_756' title='bbox 568 5284 879 5336; x_wconf 75' lang='lat' dir='ltr'><strong>exercitatio</strong></span> <span class='ocrx_word' id='word_1_757' title='bbox 911 5282 962 5335; x_wconf 92' lang='lat' dir='ltr'><strong>in</strong></span> <span class='ocrx_word' id='word_1_758' title='bbox 986 5280 1273 5349; x_wconf 89' lang='lat' dir='ltr'><strong>Scripturis</strong></span> <span class='ocrx_word' id='word_1_759' title='bbox 1301 5280 1492 5333; x_wconf 88' lang='lat' dir='ltr'><strong>divinis</strong></span> <span class='ocrx_word' id='word_1_760' title='bbox 1514 5280 1825 5349; x_wconf 70' lang='lat' dir='ltr'><strong>pierumque</strong></span> 
     </span>
    </p>
   </div>
   <div class='ocr_carea' id='block_1_102' title="bbox 226 5371 736 5440">
    <p class='ocr_par' dir='ltr' id='par_1_102' title="bbox 226 5371 736 5440">
     <span class='ocr_line' id='line_1_102' title="bbox 226 5371 736 5440; baseline 0 -15"><span class='ocrx_word' id='word_1_761' title='bbox 226 5371 286 5425; x_wconf 71' lang='lat' dir='ltr'><strong>in</strong></span> <span class='ocrx_word' id='word_1_762' title='bbox 328 5372 472 5425; x_wconf 83' lang='lat' dir='ltr'><strong>bono</strong></span> <span class='ocrx_word' id='word_1_763' title='bbox 500 5374 736 5440; x_wconf 83' lang='lat' dir='ltr'><strong>ponitur.</strong></span> 
     </span>
    </p>
   </div>
   <div class='ocr_carea' id='block_1_103' title="bbox 310 5462 1825 5534">
    <p class='ocr_par' dir='ltr' id='par_1_103' title="bbox 310 5462 1825 5534">
     <span class='ocr_line' id='line_1_103' title="bbox 310 5462 1825 5534; baseline 0.001 -18"><span class='ocrx_word' id='word_1_764' title='bbox 310 5462 471 5517; x_wconf 74' lang='lat' dir='ltr'><strong>Vcrs.</strong></span> <span class='ocrx_word' id='word_1_765' title='bbox 512 5464 596 5517; x_wconf 77' lang='grc'><strong>16.</strong></span> <span class='ocrx_word' id='word_1_766' title='bbox 634 5464 697 5516; x_wconf 85' lang='lat' dir='ltr'><strong>In</strong></span> <span class='ocrx_word' id='word_1_767' title='bbox 741 5466 839 5518; x_wconf 89' lang='lat' dir='ltr'><strong>luis</strong></span> <span class='ocrx_word' id='word_1_768' title='bbox 885 5466 1335 5534; x_wconf 74' lang='lat' dir='ltr'><strong>justi/ication’ibus</strong></span> <span class='ocrx_word' id='word_1_769' title='bbox 1380 5466 1511 5519; x_wconf 84' lang='lat' dir='ltr'><strong>medi</strong></span> <span class='ocrx_word' id='word_1_770' title='bbox 1537 5465 1693 5527; x_wconf 88' lang='lat' dir='ltr'><strong>abor,</strong></span> <span class='ocrx_word' id='word_1_771' title='bbox 1725 5483 1825 5518; x_wconf 88' lang='lat' dir='ltr'><strong>non</strong></span> 
     </span>
    </p>
   </div>
   <div class='ocr_carea' id='block_1_104' title="bbox 224 5554 1827 5612">
    <p class='ocr_par' dir='ltr' id='par_1_104' title="bbox 224 5554 1827 5612">
     <span class='ocr_line' id='line_1_104' title="bbox 224 5554 1827 5612; baseline 0.002 -7"><span class='ocrx_word' id='word_1_772' title='bbox 224 5554 515 5608; x_wconf 72' lang='lat' dir='ltr'><strong>oblitiscar</strong></span> <span class='ocrx_word' id='word_1_773' title='bbox 561 5572 818 5609; x_wconf 83' lang='lat' dir='ltr'><strong>sermones</strong></span> <span class='ocrx_word' id='word_1_774' title='bbox 865 5568 999 5611; x_wconf 82' lang='lat' dir='ltr'><strong>tuos.</strong></span> <span class='ocrx_word' id='word_1_775' title='bbox 1030 5559 1240 5612; x_wconf 74' lang='lat' dir='ltr'><strong>Oblivio</strong></span> <span class='ocrx_word' id='word_1_776' title='bbox 1282 5574 1384 5611; x_wconf 87' lang='lat' dir='ltr'><strong>non</strong></span> <span class='ocrx_word' id='word_1_777' title='bbox 1438 5574 1500 5610; x_wconf 86' lang='lat' dir='ltr'><strong>na</strong></span> <span class='ocrx_word' id='word_1_778' title='bbox 1532 5574 1623 5610; x_wconf 74' lang='grc' dir='ltr'><strong>ιιι-,ι</strong></span> <span class='ocrx_word' id='word_1_779' title='bbox 1676 5560 1827 5610; x_wconf 70' lang='lat' dir='ltr'><strong>nobis</strong></span> 
     </span>
    </p>
   </div>
   <div class='ocr_carea' id='block_1_105' title="bbox 224 5648 1825 5719">
    <p class='ocr_par' dir='ltr' id='par_1_105' title="bbox 224 5648 1825 5719">
     <span class='ocr_line' id='line_1_105' title="bbox 224 5648 1825 5719; baseline 0.006 -24"><span class='ocrx_word' id='word_1_780' title='bbox 224 5648 416 5708; x_wconf 76' lang='lat' dir='ltr'><strong>venit,</strong></span> <span class='ocrx_word' id='word_1_781' title='bbox 447 5650 542 5703; x_wconf 69' lang='lat' dir='ltr'><strong>sed</strong></span> <span class='ocrx_word' id='word_1_782' title='bbox 572 5651 637 5701; x_wconf 90' lang='lat' dir='ltr'><strong>ab</strong></span> <span class='ocrx_word' id='word_1_783' title='bbox 668 5652 939 5717; x_wconf 68' lang='lat' dir='ltr'><strong>originalis</strong></span> <span class='ocrx_word' id='word_1_784' title='bbox 972 5654 1173 5719; x_wconf 87' lang='lat' dir='ltr'><strong>peccati</strong></span> <span class='ocrx_word' id='word_1_785' title='bbox 1198 5652 1505 5705; x_wconf 88' lang='lat' dir='ltr'><strong>inﬁrmitate</strong></span> <span class='ocrx_word' id='word_1_786' title='bbox 1529 5652 1825 5705; x_wconf 77' lang='lat' dir='ltr'><strong>descendit.</strong></span> 
     </span>
    </p>
   </div>
   <div class='ocr_carea' id='block_1_106' title="bbox 215 5733 1825 5810">
    <p class='ocr_par' dir='ltr' id='par_1_106' title="bbox 215 5733 1825 5810">
     <span class='ocr_line' id='line_1_106' title="bbox 215 5733 1825 5810; baseline 0.006 -23"><span class='ocrx_word' id='word_1_787' title='bbox 215 5733 383 5790; x_wconf 76' lang='lat' dir='ltr'><strong>ﬂuic</strong></span> <span class='ocrx_word' id='word_1_788' title='bbox 411 5739 715 5793; x_wconf 85' lang='lat' dir='ltr'><strong>rctnedialis</strong></span> <span class='ocrx_word' id='word_1_789' title='bbox 754 5742 993 5809; x_wconf 87' lang='lat' dir='ltr'><strong>opposita</strong></span> <span class='ocrx_word' id='word_1_790' title='bbox 1022 5754 1103 5797; x_wconf 84' lang='lat' dir='ltr'><strong>est</strong></span> <span class='ocrx_word' id='word_1_791' title='bbox 1130 5743 1423 5810; x_wconf 82' lang='lat' dir='ltr'><strong>meditatio,</strong></span> <span class='ocrx_word' id='word_1_792' title='bbox 1457 5760 1523 5800; x_wconf 90' lang='lat' dir='ltr'><strong>ne</strong></span> <span class='ocrx_word' id='word_1_793' title='bbox 1556 5743 1825 5797; x_wconf 76' lang='lat' dir='ltr'><strong>memoria:</strong></span> 
     </span>
    </p>
   </div>
   <div class='ocr_carea' id='block_1_107' title="bbox 529 5853 1044 5916">
    <p class='ocr_par' dir='ltr' id='par_1_107' title="bbox 529 5853 1044 5916">
     <span class='ocr_line' id='line_1_107' title="bbox 529 5853 1044 5916; baseline 0.004 -3"><span class='ocrx_word' id='word_1_794' title='bbox 529 5853 802 5913; x_wconf 69' lang='grc' dir='ltr'><strong>Ρηιιοι..</strong></span> <span class='ocrx_word' id='word_1_795' title='bbox 852 5856 1044 5916; x_wconf 76' lang='lat' dir='ltr'><strong>LXX.</strong></span> 
     </span>
    </p>
   </div>
   <div class='ocr_carea' id='block_1_108' title="bbox 1922 4640 3509 4706">
    <p class='ocr_par' dir='ltr' id='par_1_108' title="bbox 1922 4640 3509 4706">
     <span class='ocr_line' id='line_1_108' title="bbox 1922 4640 3509 4706; baseline 0.003 -12"><span class='ocrx_word' id='word_1_796' title='bbox 1922 4640 2061 4694; x_wconf 89' lang='lat' dir='ltr'><strong>enim</strong></span> <span class='ocrx_word' id='word_1_797' title='bbox 2111 4640 2309 4693; x_wconf 89' lang='lat' dir='ltr'><strong>dictum</strong></span> <span class='ocrx_word' id='word_1_798' title='bbox 2350 4648 2454 4705; x_wconf 81' lang='lat' dir='ltr'><strong>est,</strong></span> <span class='ocrx_word' id='word_1_799' title='bbox 2498 4656 2776 4695; x_wconf 88' lang='lat' dir='ltr'><strong>removere</strong></span> <span class='ocrx_word' id='word_1_800' title='bbox 2823 4641 3022 4693; x_wconf 89' lang='lat' dir='ltr'><strong>velum.</strong></span> <span class='ocrx_word' id='word_1_801' title='bbox 3068 4641 3312 4706; x_wconf 84' lang='lat' dir='ltr'><strong>Quodam</strong></span> <span class='ocrx_word' id='word_1_802' title='bbox 3363 4643 3509 4697; x_wconf 89' lang='lat' dir='ltr'><strong>enim</strong></span> 
     </span>
    </p>
   </div>
   <div class='ocr_carea' id='block_1_109' title="bbox 1922 4729 3508 4800">
    <p class='ocr_par' dir='ltr' id='par_1_109' title="bbox 1922 4729 3508 4800">
     <span class='ocr_line' id='line_1_109' title="bbox 1922 4729 3508 4800; baseline 0.001 -17"><span class='ocrx_word' id='word_1_803' title='bbox 1922 4733 2257 4799; x_wconf 85' lang='lat' dir='ltr'><strong>operimento</strong></span> <span class='ocrx_word' id='word_1_804' title='bbox 2289 4731 2603 4800; x_wconf 68' lang='lat' dir='ltr'><strong>ignorantite</strong></span> <span class='ocrx_word' id='word_1_805' title='bbox 2658 4729 2881 4783; x_wconf 89' lang='lat' dir='ltr'><strong>interior</strong></span> <span class='ocrx_word' id='word_1_806' title='bbox 2909 4739 3156 4797; x_wconf 85' lang='lat' dir='ltr'><strong>aspectus</strong></span> <span class='ocrx_word' id='word_1_807' title='bbox 3185 4731 3467 4785; x_wconf 88' lang='lat' dir='ltr'><strong>obducitur</strong></span> <span class='ocrx_word' id='word_1_808' title='bbox 3494 4752 3508 4797; x_wconf 90' lang='lat'><strong>;</strong></span> 
     </span>
    </p>
   </div>
   <div class='ocr_carea' id='block_1_110' title="bbox 1924 4821 3511 4889">
    <p class='ocr_par' dir='ltr' id='par_1_110' title="bbox 1924 4821 3511 4889">
     <span class='ocr_line' id='line_1_110' title="bbox 1924 4821 3511 4889; baseline -0.001 -13"><span class='ocrx_word' id='word_1_809' title='bbox 1924 4831 1979 4876; x_wconf 90' lang='lat' dir='ltr'><strong>et</strong></span> <span class='ocrx_word' id='word_1_810' title='bbox 2010 4822 2109 4874; x_wconf 80' lang='lat' dir='ltr'><strong>nisi</strong></span> <span class='ocrx_word' id='word_1_811' title='bbox 2140 4822 2506 4875; x_wconf 82' lang='lat' dir='ltr'><strong>misericordia</strong></span> <span class='ocrx_word' id='word_1_812' title='bbox 2553 4821 2721 4889; x_wconf 90' lang='lat' dir='ltr'><strong>ipsius</strong></span> <span class='ocrx_word' id='word_1_813' title='bbox 2757 4821 2913 4874; x_wconf 81' lang='lat' dir='ltr'><strong>fuerit</strong></span> <span class='ocrx_word' id='word_1_814' title='bbox 2956 4821 3055 4874; x_wconf 90' lang='lat' dir='ltr'><strong>hoc</strong></span> <span class='ocrx_word' id='word_1_815' title='bbox 3096 4821 3337 4875; x_wconf 89' lang='lat' dir='ltr'><strong>velamen</strong></span> <span class='ocrx_word' id='word_1_816' title='bbox 3365 4822 3511 4875; x_wconf 89' lang='lat' dir='ltr'><strong>abla-</strong></span> 
     </span>
    </p>
   </div>
   <div class='ocr_carea' id='block_1_111' title="bbox 1930 4916 3514 4985">
    <p class='ocr_par' dir='ltr' id='par_1_111' title="bbox 1930 4916 3514 4985">
     <span class='ocr_line' id='line_1_111' title="bbox 1930 4916 3514 4985; baseline -0.001 -14"><span class='ocrx_word' id='word_1_817' title='bbox 1930 4930 2061 4980; x_wconf 87' lang='lat' dir='ltr'><strong>tum,</strong></span> <span class='ocrx_word' id='word_1_818' title='bbox 2088 4918 2394 4985; x_wconf 61' lang='lat' dir='ltr'><strong>Scripturas</strong></span> <span class='ocrx_word' id='word_1_819' title='bbox 2418 4926 2633 4970; x_wconf 86' lang='lat' dir='ltr'><strong>sanctas</strong></span> <span class='ocrx_word' id='word_1_820' title='bbox 2662 4917 2860 4970; x_wconf 91' lang='lat' dir='ltr'><strong>lumine</strong></span> <span class='ocrx_word' id='word_1_821' title='bbox 2890 4916 3067 4970; x_wconf 84' lang='lat' dir='ltr'><strong>cordis</strong></span> <span class='ocrx_word' id='word_1_822' title='bbox 3093 4929 3198 4969; x_wconf 92' lang='lat' dir='ltr'><strong>non</strong></span> <span class='ocrx_word' id='word_1_823' title='bbox 3229 4928 3514 4983; x_wconf 88' lang='lat' dir='ltr'><strong>possumus</strong></span> 
     </span>
    </p>
   </div>
   <div class='ocr_carea' id='block_1_112' title="bbox 1933 5009 3509 5078">
    <p class='ocr_par' dir='ltr' id='par_1_112' title="bbox 1933 5009 3509 5078">
     <span class='ocr_line' id='line_1_112' title="bbox 1933 5009 3509 5078; baseline -0.003 -14"><span class='ocrx_word' id='word_1_824' title='bbox 1933 5012 2149 5064; x_wconf 81' lang='lat' dir='ltr'><strong>intueri.</strong></span> <span class='ocrx_word' id='word_1_825' title='bbox 2184 5011 2319 5063; x_wconf 70' lang='lat' dir='ltr'><strong>l‘eiit</strong></span> <span class='ocrx_word' id='word_1_826' title='bbox 2346 5024 2473 5077; x_wconf 81' lang='lat' dir='ltr'><strong>ergo</strong></span> <span class='ocrx_word' id='word_1_827' title='bbox 2505 5010 2701 5063; x_wconf 82' lang='lat' dir='ltr'><strong>auferri</strong></span> <span class='ocrx_word' id='word_1_828' title='bbox 2735 5009 2834 5063; x_wconf 90' lang='lat' dir='ltr'><strong>sibi</strong></span> <span class='ocrx_word' id='word_1_829' title='bbox 2875 5009 3153 5078; x_wconf 73' lang='lat' dir='ltr'><strong>imperitia:</strong></span> <span class='ocrx_word' id='word_1_830' title='bbox 3194 5009 3509 5072; x_wconf 68' lang='lat' dir='ltr'><strong>cwcitatern,</strong></span> 
     </span>
    </p>
   </div>
   <div class='ocr_carea' id='block_1_113' title="bbox 1932 5102 3509 5171">
    <p class='ocr_par' dir='ltr' id='par_1_113' title="bbox 1932 5102 3509 5171">
     <span class='ocr_line' id='line_1_113' title="bbox 1932 5102 3509 5171; baseline -0.003 -14"><span class='ocrx_word' id='word_1_831' title='bbox 1932 5118 1987 5157; x_wconf 86' lang='grc' dir='ltr'><strong>ιιι</strong></span> <span class='ocrx_word' id='word_1_832' title='bbox 2010 5104 2339 5156; x_wconf 87' lang='lat' dir='ltr'><strong>itlumiuatns</strong></span> <span class='ocrx_word' id='word_1_833' title='bbox 2378 5104 2545 5171; x_wconf 85' lang='lat' dir='ltr'><strong>gratia</strong></span> <span class='ocrx_word' id='word_1_834' title='bbox 2575 5103 2753 5156; x_wconf 72' lang='lat' dir='ltr'><strong>diiina</strong></span> <span class='ocrx_word' id='word_1_835' title='bbox 2784 5112 2944 5170; x_wconf 84' lang='lat' dir='ltr'><strong>queat</strong></span> <span class='ocrx_word' id='word_1_836' title='bbox 2974 5102 3177 5155; x_wconf 88' lang='lat' dir='ltr'><strong>Domini</strong></span> <span class='ocrx_word' id='word_1_837' title='bbox 3202 5102 3383 5155; x_wconf 88' lang='lat' dir='ltr'><strong>videre</strong></span> <span class='ocrx_word' id='word_1_838' title='bbox 3407 5102 3509 5154; x_wconf 83' lang='lat' dir='ltr'><strong>titi-</strong></span> 
     </span>
    </p>
   </div>
   <div class='ocr_carea' id='block_1_114' title="bbox 1931 5193 3514 5261">
    <p class='ocr_par' dir='ltr' id='par_1_114' title="bbox 1931 5193 3514 5261">
     <span class='ocr_line' id='line_1_114' title="bbox 1931 5193 3514 5261; baseline -0.001 -14"><span class='ocrx_word' id='word_1_839' title='bbox 1931 5198 2131 5248; x_wconf 79' lang='lat' dir='ltr'><strong>racula.</strong></span> <span class='ocrx_word' id='word_1_840' title='bbox 2166 5196 2293 5260; x_wconf 71' lang='lat' dir='ltr'><strong>Qua:</strong></span> <span class='ocrx_word' id='word_1_841' title='bbox 2323 5201 2446 5245; x_wconf 81' lang='lat' dir='ltr'><strong>sunt</strong></span> <span class='ocrx_word' id='word_1_842' title='bbox 2476 5205 2651 5247; x_wconf 88' lang='lat' dir='ltr'><strong>autem</strong></span> <span class='ocrx_word' id='word_1_843' title='bbox 2702 5195 2799 5247; x_wconf 70' lang='lat' dir='ltr'><strong>ista</strong></span> <span class='ocrx_word' id='word_1_844' title='bbox 2840 5194 3094 5247; x_wconf 83' lang='lat' dir='ltr'><strong>miracula</strong></span> <span class='ocrx_word' id='word_1_845' title='bbox 3128 5193 3240 5261; x_wconf 90' lang='lat' dir='ltr'><strong>ipse</strong></span> <span class='ocrx_word' id='word_1_846' title='bbox 3290 5201 3514 5246; x_wconf 65' lang='lat' dir='ltr'><strong>testatur</strong></span> 
     </span>
    </p>
   </div>
   <div class='ocr_carea' id='block_1_115' title="bbox 1931 5287 3511 5357">
    <p class='ocr_par' dir='ltr' id='par_1_115' title="bbox 1931 5287 3511 5357">
     <span class='ocr_line' id='line_1_115' title="bbox 1931 5287 3511 5357; baseline 0.001 -18"><span class='ocrx_word' id='word_1_847' title='bbox 1931 5288 2136 5348; x_wconf 87' lang='lat' dir='ltr'><strong>dicens,</strong></span> <span class='ocrx_word' id='word_1_848' title='bbox 2169 5288 2232 5339; x_wconf 90' lang='lat' dir='ltr'><strong>de</strong></span> <span class='ocrx_word' id='word_1_849' title='bbox 2271 5288 2377 5353; x_wconf 65' lang='lat' dir='ltr'><strong>lege</strong></span> <span class='ocrx_word' id='word_1_850' title='bbox 2400 5296 2503 5339; x_wconf 86' lang='lat' dir='ltr'><strong>tua.</strong></span> <span class='ocrx_word' id='word_1_851' title='bbox 2535 5288 2791 5357; x_wconf 83' lang='lat' dir='ltr'><strong>Superius</strong></span> <span class='ocrx_word' id='word_1_852' title='bbox 2819 5287 3051 5341; x_wconf 83' lang='lat' dir='ltr'><strong>diximus</strong></span> <span class='ocrx_word' id='word_1_853' title='bbox 3079 5288 3235 5356; x_wconf 80' lang='lat' dir='ltr'><strong>legent</strong></span> <span class='ocrx_word' id='word_1_854' title='bbox 3269 5287 3511 5340; x_wconf 91' lang='lat' dir='ltr'><strong>umbram</strong></span> 
     </span>
    </p>
   </div>
   <div class='ocr_carea' id='block_1_116' title="bbox 1931 5377 3512 5447">
    <p class='ocr_par' dir='ltr' id='par_1_116' title="bbox 1931 5377 3512 5447">
     <span class='ocr_line' id='line_1_116' title="bbox 1931 5377 3512 5447; baseline 0.001 -18"><span class='ocrx_word' id='word_1_855' title='bbox 1931 5377 2095 5430; x_wconf 74' lang='lat' dir='ltr'><strong>fuLsse</strong></span> <span class='ocrx_word' id='word_1_856' title='bbox 2125 5377 2446 5441; x_wconf 78' lang='lat' dir='ltr'><strong>futurorum,</strong></span> <span class='ocrx_word' id='word_1_857' title='bbox 2479 5395 2597 5447; x_wconf 62' lang='lat' dir='ltr'><strong>qua:</strong></span> <span class='ocrx_word' id='word_1_858' title='bbox 2627 5378 3036 5447; x_wconf 74' lang='lat' dir='ltr'><strong>signiﬁcantium</strong></span> <span class='ocrx_word' id='word_1_859' title='bbox 3071 5388 3305 5432; x_wconf 77' lang='lat' dir='ltr'><strong>venturze</strong></span> <span class='ocrx_word' id='word_1_860' title='bbox 3339 5379 3512 5446; x_wconf 90' lang='lat' dir='ltr'><strong>pleni-</strong></span> 
     </span>
    </p>
   </div>
   <div class='ocr_carea' id='block_1_117' title="bbox 1931 5470 3515 5540">
    <p class='ocr_par' dir='ltr' id='par_1_117' title="bbox 1931 5470 3515 5540">
     <span class='ocr_line' id='line_1_117' title="bbox 1931 5470 3515 5540; baseline 0 -18"><span class='ocrx_word' id='word_1_861' title='bbox 1931 5470 2128 5523; x_wconf 88' lang='lat' dir='ltr'><strong>tudinis</strong></span> <span class='ocrx_word' id='word_1_862' title='bbox 2152 5470 2479 5523; x_wconf 84' lang='lat' dir='ltr'><strong>continebat.</strong></span> <span class='ocrx_word' id='word_1_863' title='bbox 2500 5470 2873 5524; x_wconf 85' lang='lat' dir='ltr'><strong>lmmolabatur</strong></span> <span class='ocrx_word' id='word_1_864' title='bbox 2888 5471 3081 5540; x_wconf 89' lang='lat' dir='ltr'><strong>quippe</strong></span> <span class='ocrx_word' id='word_1_865' title='bbox 3107 5471 3341 5540; x_wconf 90' lang='lat' dir='ltr'><strong>paschali</strong></span> <span class='ocrx_word' id='word_1_866' title='bbox 3368 5470 3515 5525; x_wconf 79' lang='lat' dir='ltr'><strong>festi-</strong></span> 
     </span>
    </p>
   </div>
   <div class='ocr_carea' id='block_1_118' title="bbox 1932 5562 3510 5632">
    <p class='ocr_par' dir='ltr' id='par_1_118' title="bbox 1932 5562 3510 5632">
     <span class='ocr_line' id='line_1_118' title="bbox 1932 5562 3510 5632; baseline 0.002 -18"><span class='ocrx_word' id='word_1_867' title='bbox 1932 5568 2092 5615; x_wconf 81' lang='lat' dir='ltr'><strong>vitate</strong></span> <span class='ocrx_word' id='word_1_868' title='bbox 2134 5578 2301 5630; x_wconf 83' lang='lat' dir='ltr'><strong>aguus</strong></span> <span class='ocrx_word' id='word_1_869' title='bbox 2342 5565 2732 5626; x_wconf 75' lang='lat' dir='ltr'><strong>immaculatns,</strong></span> <span class='ocrx_word' id='word_1_870' title='bbox 2764 5564 2852 5632; x_wconf 87' lang='lat' dir='ltr'><strong>qui</strong></span> <span class='ocrx_word' id='word_1_871' title='bbox 2900 5564 3171 5617; x_wconf 80' lang='lat' dir='ltr'><strong>Christum</strong></span> <span class='ocrx_word' id='word_1_872' title='bbox 3225 5562 3510 5617; x_wconf 79' lang='lat' dir='ltr'><strong>hominum</strong></span> 
     </span>
    </p>
   </div>
   <div class='ocr_carea' id='block_1_119' title="bbox 1933 5652 3518 5722">
    <p class='ocr_par' dir='ltr' id='par_1_119' title="bbox 1933 5652 3518 5722">
     <span class='ocr_line' id='line_1_119' title="bbox 1933 5652 3518 5722; baseline 0.002 -15"><span class='ocrx_word' id='word_1_873' title='bbox 1933 5653 2263 5722; x_wconf 79' lang='lat' dir='ltr'><strong>signiﬁcabat</strong></span> <span class='ocrx_word' id='word_1_874' title='bbox 2312 5653 2505 5706; x_wconf 81' lang='lat' dir='ltr'><strong>occidi.</strong></span> <span class='ocrx_word' id='word_1_875' title='bbox 2542 5652 2808 5709; x_wconf 58' lang='lat' dir='ltr'><strong>Sacerdos</strong></span> <span class='ocrx_word' id='word_1_876' title='bbox 2854 5662 3005 5709; x_wconf 86' lang='lat' dir='ltr'><strong>veste</strong></span> <span class='ocrx_word' id='word_1_877' title='bbox 3054 5654 3411 5721; x_wconf 85' lang='lat' dir='ltr'><strong>pulcherrima</strong></span> <span class='ocrx_word' id='word_1_878' title='bbox 3461 5667 3518 5711; x_wconf 81' lang='lat' dir='ltr'><strong>et</strong></span> 
     </span>
    </p>
   </div>
   <div class='ocr_carea' id='block_1_120' title="bbox 1932 5746 3517 5815">
    <p class='ocr_par' dir='ltr' id='par_1_120' title="bbox 1932 5746 3517 5815">
     <span class='ocr_line' id='line_1_120' title="bbox 1932 5746 3517 5815; baseline -0.001 -13"><span class='ocrx_word' id='word_1_879' title='bbox 1932 5747 2247 5802; x_wconf 84' lang='lat' dir='ltr'><strong>coruscabili</strong></span> <span class='ocrx_word' id='word_1_880' title='bbox 2276 5747 2583 5815; x_wconf 83' lang='lat' dir='ltr'><strong>tegebatur,</strong></span> <span class='ocrx_word' id='word_1_881' title='bbox 2618 5758 2675 5803; x_wconf 91' lang='lat' dir='ltr'><strong>ut</strong></span> <span class='ocrx_word' id='word_1_882' title='bbox 2698 5747 2860 5803; x_wconf 80' lang='lat' dir='ltr'><strong>futuri</strong></span> <span class='ocrx_word' id='word_1_883' title='bbox 2892 5747 3166 5804; x_wconf 86' lang='lat' dir='ltr'><strong>Pontiﬁcis</strong></span> <span class='ocrx_word' id='word_1_884' title='bbox 3197 5760 3251 5807; x_wconf 88' lang='lat' dir='ltr'><strong>et</strong></span> <span class='ocrx_word' id='word_1_885' title='bbox 3278 5746 3517 5805; x_wconf 59' lang='lat' dir='ltr'><strong>calcatis</strong></span> 
     </span>
    </p>
   </div>
   <div class='ocr_carea' id='block_1_121' title="bbox 3004 5858 3079 5921">
    <p class='ocr_par' dir='ltr' id='par_1_121' title="bbox 3004 5858 3079 5921">
     <span class='ocr_line' id='line_1_121' title="bbox 3004 5858 3079 5921; baseline 0 0"><span class='ocrx_word' id='word_1_886' title='bbox 3004 5858 3079 5921; x_wconf 72' lang='lat'><strong>27</strong></span> 
     </span>
    </p>
   </div>
  </div>
