3966 6172
435 223 559 279 34?,
1686 229 1754 285 Μ.
1797 228 2074 285 AURELII
2115 226 2515 282 CASSIODORI
3577 236 3658 291 Sid

442 346 827 418 ‘llegisindicia
858 344 1149 399 nuntiaret.
1177 341 1564 396 Promissioncs
1588 358 1802 413 quoque
1827 344 2032 398 Domini
2066 347 2114 405 Α
2141 344 2395 397 turnitate
2451 357 2707 412 crepare,
2756 354 2808 400 et
2853 345 2903 401 in
2952 345 3218 401 mordaci:
3266 345 3392 399 diota
3435 350 3665 419 prosilire;

455 442 691 508 inerunt,
719 449 775 492 ut
814 436 1133 491 lsraeliticus
1159 434 1385 504 populus
1415 435 1465 489 in
1495 444 1693 490 terram
1725 437 2039 507 perducere-
2147 439 2287 506 quod
2322 438 2462 492 Deus
2505 454 2599 507 per
2630 440 2934 508 Scripturas
2974 442 3183 495 divinas
3229 440 3504 509 frequenter
3544 443 3665 510 facit,

456 544 540 587 tur
564 532 817 586 fluentem
847 529 925 581 lac
954 526 1158 592 et'mel,
1178 525 1320 595 quod
1345 525 1409 579 ad
1437 526 1564 580 illud
1584 526 1833 583 futurum
1864 543 2039 582 szcru-
2148 547 2267 585 cum
2302 543 2561 586 terrorem
2593 532 2671 587 eis
2705 549 2815 587 suae
2846 534 3227 605 indignationis
3251 534 3481 588 ostendit.
3512 534 3674 607 Sequi-

456 638 563 678 tum
596 624 865 691 pertinere
892 635 998 674 non
1027 619 1246 673 dubium
1278 628 1381 685 est,
1414 620 1505 673 ubi
1538 634 1762 674 sunnnae
1808 621 2041 676 beatitu-
2149 631 2234 676 tur
2260 624 2526 693 generalis
2548 635 2601 679 et
2641 626 2881 680 ab-oluta
2928 626 3192 681 sententia
3215 664 3229 688 ,
3264 625 3534 679 maledicto:
3575 643 3674 680 esse

452 714 592 767 diuis
621 712 817 783 gaudia
853 711 1067 780 copiosa
1097 709 1429 764 dulcescunt.
1458 710 1629 779 Rogat
1658 727 1790 781 ergo
1813 713 2042 782 populus
2149 714 2237 781 qni
2270 714 2384 784 ejus
2416 724 2623 768 tentant
2648 719 2890 770 mandata
2914 717 3189 771 declinare.
3225 715 3349 769 Nam
3376 725 3430 768 ut
3449 732 3679 785 praecepta

456 807 545 859 ille
569 814 898 867 sanctorum,
919 813 975 857 ut
996 803 1234 857 revelato
1262 802 1425 857 corde
1450 803 1551 857 ista
1579 804 2042 873 causideret,qure
2150 807 2358 860 Domini
2390 821 2494 861 non
2531 809 2798 876 compleat
2830 811 3057 863 humana
3097 807 3372 877 fragilitas,
3403 810 3551 863 levius
3582 826 3678 863 ira-

454 895 776 964 superducta
798 895 1060 949 velamine
1088 909 1193 947 non
1226 901 1433 961 poterat
1466 895 1679 950 intueri.
2146 895 2253 951 lum
2287 906 2397 963 est;
2435 899 2575 952 istud
2607 915 2736 953 vero
2782 900 3042 954 nefarium
3075 912 3155 953 est
3186 914 3279 967 per
3304 899 3585 966 superbiant
3609 904 3683 952 de-

531 988 685 1042 Vers.
719 987 805 1042 19.
837 984 1019 1039 Incola
1042 1002 1136 1054 ego
1159 1002 1270 1038 sum
1291 986 1431 1051 apud
1460 994 1507 1039 te
1528 986 1581 1038 in
1610 996 1895 1040 terra:non
1922 987 2044 1042 abs-
2146 991 2356 1053 rlinare,
2396 991 2535 1044 unde
2576 993 2808 1045 animam
2852 1006 3001 1045 suam
3041 1007 3068 1041 a
3122 1000 3453 1059 peccatorum
3494 993 3685 1044 nexibus

457 1080 648 1133 condas
679 1095 709 1131 a
741 1094 818 1130 me
846 1077 1088 1130 mandata
1117 1085 1228 1129 tua.
1269 1077 1321 1130 In
1356 1075 1457 1130 hac
1489 1086 1632 1130 terra
1655 1076 1786 1145 justi
1814 1090 1939 1131 sunt
1970 1079 2043 1131 in-
2146 1084 2313 1148 possit
2365 1082 2596 1149 eripere.
2642 1083 2770 1136 Nam
2813 1094 2867 1137 et
2910 1083 3058 1136 illum
3104 1082 3273 1136 Adam
3322 1083 3407 1151 qui
3450 1082 3685 1136 declinat-it

453 1172 703 1240 calce,qui
730 1172 999 1240 propriam
1026 1170 1078 1223 itt
1102 1169 1303 1222 mundo
1323 1184 1427 1222 non
1453 1169 1653 1223 habent
1676 1171 2039 1234 mansionem;
2144 1173 2389 1224 mandata
2423 1173 2629 1227 Domini
2658 1183 2865 1227 constat
2897 1190 3017 1229 esse
3060 1173 3422 1236 maledictum,
3462 1174 3690 1242 hodieque

454 1282 679 1335 corpore
699 1266 964 1336 siquidem
993 1266 1043 1319 in
1078 1275 1223 1319 terra
1248 1266 1408 1334 positi
1434 1265 1646 1330 sunt,in
1676 1264 1831 1319 cretis
1860 1274 2041 1317 autem
2144 1265 2411 1318 maledicti
2443 1268 2676 1336 suntqui
2709 1267 2868 1320 simili
2902 1267 3107 1321 seelere
3139 1266 3644 1336 polluunturJlamla
3665 1285 3690 1319 a

456 1358 715 1427 probabili
757 1358 1164 1411 conversatione
1208 1357 1526 1419 consistunt,
1558 1356 1699 1411 sicut
1750 1356 2043 1424 Apostr-lus
2143 1358 2284 1412 enim
2316 1374 2435 1426 qua:
2464 1362 2593 1423 sint,
2624 1358 2735 1427 jam
2764 1369 2888 1413 sunt
2918 1361 3057 1414 dicta
3091 1362 3355 1427 superius.

457 1449 958 1508 dicit:Conversatio
985 1457 1155 1503 autem
1177 1457 1352 1507 nostra
1373 1448 1425 1501 in
1452 1448 1590 1501 caelis
1616 1446 1933 1519 est(Pliilip.
1959 1463 2039 1514 ιιι,
2218 1474 2369 1519 γης-
2400 1471 2489 1519 εἰ-
2520 1474 2679 1519 Aufer
2707 1491 2737 1519 η
2767 1490 2844 1519 ,ηρ
2893 1473 3226 1519 “nmmum
3270 1482 3316 1519 η
3357 1430 3447 1519 om,

453 1540 570 1607 20)⁸
598 1540 665 1594 Εί
696 1539 1001 1635 τηθτίίοξήθ
1036 1540 1288 1593 (“eumut
1317 1538 1520 1635 ίηεθζων
1549 1539 1747 1608 q'm’us
1778 1540 1830 1593 in
1869 1539 2041 1635 alie"?
2142 1564 2262 1633 quia
2290 1565 2576 1617 testimonia
2603 1538 2701 1617 tua
2725 1538 2991 1635 exqttiiiei.
3029 1566 3166 1620 Ecce
3203 1566 3271 1619 de
3302 1566 3393 1619 illo
3422 1538 3577 1620 cltoro
3600 1581 3701 1619 sau-

455 1635 624 1704 Ρίητίδ
653 1633 831 1729 mm“?
860 1631 1083 1729 δπθίξξυδ
1116 1640 1224 1729 05'}
1251 1632 1348 1687 sed
1391 1631 1705 1729 “autem?”
1731 1641 1929 1729 ("nim
1958 1633 2041 1729 5"?
2075 1720 2112 1729 _
2145 1631 2350 1710 ctorum
2381 1667 2432 1709 et
2467 1666 2757 1726 martyrum
2798 1631 2964 1712 verba
3012 1667 3332 1721 sonuerunt,
3378 1663 3465 1729 qui
3508 1660 3703 1713 diversis

454 1729 698 1798 corporis
738 1727 941 1782 colunt.
975 1724 1092 1779 Non
1121 1726 1265 1779 enim
1298 1733 1414 1780 erat
1443 1725 1532 1780 ille
1560 1725 1708 1780 dives
1735 1725 1924 1789 incola,
1951 1724 2040 1794 qui
2073 1720 2116 1779 Β
2149 1751 2319 1816 panis
2363 1746 2586 1816 subjecti
2607 1720 2762 1817 ‘[ed.,
2796 1747 3066 1819 subacti],
3105 1748 3359 1816 superbis
3399 1720 3455 1803 et
3482 1750 3708 1818 improbis

456 1824 645 1879 horrea
690 1820 1058 1885 construebat,
1102 1826 1158 1875 et
1204 1819 1605 1890 longmvitatcm
1649 1819 1776 1873 vita:
1822 1834 1936 1874 suae
1986 1821 2040 1875 in

456 1916 618 1968 multa
651 1912 1064 1983 congregatione
1093 1918 1369 1981 posuerat.
1402 1912 1507 1967 Sed
1536 1912 1623 1966 isti
1646 1920 1773 1966 sunt
1799 1928 1927 1966 vere
1957 1913 2037 1966 in-

454 2006 601 2072 coltc,
635 2007 722 2074 qni
756 2006 1066 2057 thesaurum
1105 2017 1261 2058 suum
1292 2004 1343 2057 in
1376 2002 1516 2058 coelo
1542 2011 1830 2070 reponunt,
1865 2014 2043 2059 ut'cor

2218 1474 2369 1527 Vcrs.
2400 1471 2489 1526 22.
2518 1474 2679 1541 Aufer
2707 1491 2737 1527 a
2767 1490 2844 1528 me
2893 1473 3226 1543 appro/trium
3270 1482 3316 1527 et
3357 1483 3664 1543 contemptum
3683 1516 3697 1538 ,

2143 1838 2432 1905 opprobrio
2463 1847 2518 1892 et
2559 1839 2886 1906 contemptui
2918 1854 3038 1892 esse
3068 1838 3392 1893 videbantur
3422 1857 3436 1894 :
3466 1854 3595 1893 nunc
3634 1856 3706 1891 ro-

2143 1942 2269 2001 gant
2300 1941 2356 1985 ut
2387 1930 2816 1986 manifeStatione
2859 1932 3248 1986 misericordia:
3294 1933 3522 1997 Domini,
3549 1948 3709 1986 count

2144 2022 2342 2076 derisio
2384 2030 2438 2074 et
2478 2023 2653 2076 vi’itas
2698 2021 2991 2076 auferatur.
3027 2023 3180 2088 Quod
3215 2033 3270 2078 et
3300 2025 3353 2078 in
3385 2025 3491 2077 alio
3529 2024 3709 2093 psalmo

454 2112 641 2151 eorum
686 2098 913 2150 futuram
945 2096 1170 2164 patriam
1214 2108 1429 2164 semper
1475 2082 1708 2149 allectat.
1735 2094 1872 2149 Petit
1914 2110 2045 2165 ergo

458 2191 630 2245 ﬁdelis
681 2190 903 2258 populus
957 2188 1330 2243 mandatorum
1389 2188 1598 2243 Domini
1655 2190 1935 2244 conscium
1984 2205 2044 2245 se

446 2284 591 2348 fieri,
637 2284 756 2351 quia
806 2297 911 2337 non
959 2281 1383 2351 deprehenditur
1425 2282 1485 2336 in’
1530 2282 1841 2353 Babylonia:
1892 2293 2044 2352 parte

455 2374 653 2428 rersari
702 2372 837 2446 [cd.,
869 2372 1235 2444 conversari].
1301 2371 1448 2427 Illius
1492 2373 1633 2427 enim
1680 2381 1856 2443 potest
1903 2375 2046 2430 scire

456 2466 678 2534 quisque
728 2476 933 2530 votum,
975 2465 1061 2519 cui
1091 2474 1144 2519 et
1190 2464 1433 2518 famulari
1483 2463 1621 2518 velle
1670 2466 2037 2534 cognoscitur.

456 2556 712 2610 Mandata
735 2558 875 2609 enim
904 2570 1024 2610 csse
1045 2554 1274 2610 diximus
1304 2574 1316 2608 :
1356 2555 1546 2623 Diliges
1580 2555 1854 2633 Dominum
1878 2555 2043 2611 Deum

459 2658 602 2701 tuum
628 2664 691 2702 ea:
723 2657 823 2700 tot)
847 2648 997 2702 corde
1027 2655 1136 2711 tuo,
1167 2657 1214 2700 et
1244 2663 1307 2700 ea:
1327 2654 1433 2700 tota
1458 2648 1631 2700 anima
1656 2656 1744 2701 tua
1770 2647 1950 2719 (Deut.
1969 2664 2040 2712 vr,

455 2740 541 2810 ὅ),
571 2752 675 2797 etc.
712 2740 835 2793 llrcc
865 2740 999 2810 petit
1038 2756 1139 2793 non
1164 2753 1193 2792 a
1225 2754 1284 2794 se
1310 2740 1574 2804 abscondi,
1608 2738 1661 2793 id
1693 2748 1774 2795 est
1800 2741 2042 2795 subtrahi

455 2842 615 2902 atque
658 2831 937 2903 denegari,
971 2830 1112 2885 unde
1165 2832 1397 2886 salutem
1440 2831 1631 2884 anima:
1679 2846 1789 2885 sua:
1822 2840 2046 2886 noverat

451 2939 576 2979 esse
609 2935 908 2979 venturam.
930 2923 1100 2993 Rogat
1128 2938 1259 2994 ergo
1283 2932 1340 2976 ut
1363 2923 1410 2976 ei
1446 2922 1750 2976 nullatenus
1779 2922 2043 2986 celentur,

453 3034 574 3084 ante
613 3017 991 3086 peccatoribus
1030 3016 1327 3085 probantur
1357 3015 1642 3079 absconsa,
1674 3016 1920 3085 quamvis
1953 3031 2046 3086 ge-

453 3111 707 3166 neraliter
741 3110 1080 3179 pronuntiata
1112 3122 1237 3163 esse
1264 3107 1564 3163 videantur.

531 3204 680 3258 Vers.
703 3204 790 3258 ίὶι).
823 3201 1121 3271 Concupivit
1166 3202 1344 3254 anima
1376 3216 1489 3254 mea
1518 3200 1807 3254 desiderare
1839 3200 2042 3271 Justiﬁ-

436 3296 680 3347 rationes
708 3304 841 3359 tuas,
862 3294 914 3347 in
937 3294 1075 3346 omni
1100 3302 1341 3359 tempore.
1355 3290 1797 3361 Coucupiscentia
1822 3291 1875 3345 in
1907 3292 2047 3345 malo

449 3393 511 3440 et
539 3385 591 3439 in
632 3384 774 3438 bono
815 3383 1029 3453 ponitur
1059 3400 1072 3435 :
1107 3384 1157 3437 in
1190 3382 1332 3436 malo
1363 3399 1375 3434 :
1414 3380 1536 3434 Non
1581 3382 1910 3451 concupisces
1940 3398 2048 3435 rem

457 3479 679 3548 proximi
705 3479 782 3531 tui
811 3476 1004 3547 (Exod.
1043 3493 1131 3540 xx,
1166 3476 1289 3546 i7);
1324 3475 1375 3529 in
1406 3475 1548 3530 bono
1578 3492 1590 3528 :
1624 3473 2047 3543 Concupiscentia

448 3573 721 3641 sapientia:
749 3571 976 3639 perducit
1002 3570 1071 3623 ad
1092 3585 1304 3640 regnum
1328 3569 1485 3639 (Sap.
1516 3583 1592 3633 vt,
1622 3567 1752 3638 ‘21);
1780 3568 1849 3621 ita
1878 3576 1931 3622 et
1964 3570 2047 3623 hic

443 3668 689 3737 'positutu
716 3676 797 3721 est
828 3683 839 3718 :
871 3664 1172 3731 Concupivit
1220 3665 1391 3717 anima
1432 3679 1545 3716 mea
1570 3663 1863 3717 desiderare
1887 3665 2047 3733 justi-

452 3760 723 3828 ﬁcatinnes
753 3770 892 3812 tuas.
930 3757 1171 3811 Violenta
1194 3770 1302 3819 res,
1339 3763 1393 3809 et
1425 3755 1475 3809 iu
1509 3763 1733 3821 utraque
1765 3767 1911 3820 parte
1942 3756 2046 3807 far-

462 3852 700 3913 tissima;
738 3866 841 3904 non
872 3851 1014 3904 enim
1047 3848 1201 3904 facile
1238 3847 1453 3910 labitur,
1488 3847 1628 3917 quod
1661 3848 2046 3916 concupiscen-

445 3945 546 3997 tia!
577 3943 848 3997 radicibus
889 3942 1154 4009 alligatur.
1187 3939 1317 3994 Nam
1348 3947 1407 3993 ut
1446 3938 1612 4008 ipsam
1646 3938 1751 3991 vim
1781 3939 2044 3992 sermonis

458 4037 717 4103 potuisset
746 4032 1050 4097 ostendere,
1070 4031 1285 4100 adjecit,
1312 4032 1363 4083 in
1392 4030 1531 4083 omni
1562 4041 1806 4097 tempore,
1845 4042 1899 4082 ut
1924 4030 2045 4083 huic

442 4128 723 4182 desiderio
755 4126 894 4179 utilia
927 4124 1277 4191 intermissio,
1307 4122 1509 4176 nullum
1557 4132 1767 4191 tempus
1793 4123 2047 4177 valuis<et

2148 2116 2361 2185 legitur,
2397 2116 2482 2169 ubi
2514 2116 2586 2168 ait
2615 2133 2627 2167 :
2667 2115 2802 2182 Quia
2841 2116 3058 2169 multum
3088 2117 3278 2186 repleti
3320 2134 3497 2172 sumus
3526 2132 3719 2172 εςληιαιι-

2149 2210 2345 2276 ptione,
2382 2218 2448 2271 et,
2487 2208 2705 2261 multum
2746 2208 2939 2276 repleta
2979 2219 3055 2263 est
3097 2211 3286 2264 anima
3330 2222 3505 2265 nostra
3546 2228 3718 2283 appro-

2149 2301 2316 2353 brium
2332 2301 2709 2354 abundantibus
2726 2300 2858 2372 [cd.,
2884 2301 3310 2375 abundantiam],
3329 2314 3379 2358 et
3398 2304 3639 2371 despectio
3653 2320 3724 2356 st;-

2147 2394 2313 2464 perbis
2371 2393 2548 2464 (Psal.
2609 2408 2796 2457 cxx",
2851 2394 2930 2464 4).
3000 2393 3327 2448 Testimonia
3388 2411 3513 2448 vero
3570 2395 3722 2448 divina

2147 2486 2518 2555 rxquisierunt,
2542 2495 2600 2538 ιιι
2627 2486 2749 2539 talia
2783 2496 3113 2556 paterentur,
3138 2488 3371 2558 quando
3398 2496 3602 2543 erustat
3629 2503 3730 2541 esse

2150 2588 2475 2648 prmeeptum
2507 2597 2518 2631 :
2556 2577 2705 2632 Beati
2731 2580 2818 2648 qui
2866 2583 3283 2649 persecutionem
3327 2564 3589 2653 patiuntur
3625 2598 3727 2648 pro-

2147 2680 2261 2735 pter
2294 2672 2576 2741 justitiam,
2611 2673 2850 2741 quoniam
2880 2673 3105 2743 ipsorum
3144 2682 3225 2726 est
3269 2690 3491 2741 regnum
3520 2677 3734 2726 (telorum

2148 2759 2379 2833 (Matth.
2411 2777 2461 2825 ν,
2498 2762 2562 2815 10
2586 2760 2626 2831 ).
2659 2762 2768 2817 Sed
2817 2762 2901 2816 hic
2946 2762 3270 2832 diligentius
3328 2765 3637 2818 intuendum
3667 2773 3733 2817 est

2148 2867 2313 2922 quare
2337 2869 2365 2905 a
2399 2868 2455 2907 se
2480 2863 2661 2920 petant
2690 2862 2953 2924 martyres
2985 2856 3281 2923 opprobria
3306 2856 3594 2921 remum-ri,
3618 2856 3739 2907 ttudu

2149 2958 2208 2998 se
2242 2954 2503 2998 noverant
2532 2945 2739 2999 Domini
2775 2961 2997 3000 munere
3027 2950 3321 3003 coronari.
3348 2948 3456 3003 Sed
3486 2950 3595 3002 iure
3632 2962 3741 2999 era-

2152 3037 2224 3089 ‘i"
2274 3052 2369 3105 [πο
2419 3038 2849 3103 ιίιθνεεοιιιοιτέιιιιε
2900 3037 3173 3104 funditur;
3232 3050 3296 3094 ut
3348 3042 3478 3095 dum
3520 3039 3744 3095 conversi

2074 3103 2119 3165 ε
2155 3103 2351 3184 fuerint
2370 3131 2435 3184 ad
2460 3131 2766 3199 Dominum,
2794 3132 3121 3203 martyribus
3154 3103 3389 3186 tollatur
3417 3136 3744 3203 approbrium,

2153 3222 2368 3292 quando
2396 3233 2450 3277 et
2482 3222 2558 3276 illi
2592 3223 2759 3290 ipsam
2792 3224 3106 3292 religionem
3160 3225 3469 3287 coluerint,
3514 3241 3663 3293 quain
3701 3224 3748 3277 in

2151 3315 2267 3369 aliis
2298 3314 2720 3385 persequendam
2744 3329 2864 3369 esse
2886 3325 3249 3385 putaverunt.
3280 3320 3465 3385 Quod,
3485 3326 3752 3387 prmstante

2152 3406 2396 3472 Domino,
2424 3405 2727 3475 frequenter
2769 3405 2969 3461 factum
3004 3423 3129 3465 esse
3153 3411 3555 3480 cognovimus.

2220 3532 2374 3587 Vers.
2406 3532 2495 3586 9.3.
2534 3532 2729 3587 Etenim
2772 3536 3010 3589 sederunt
3053 3540 3367 3611 principes,
3418 3552 3466 3594 et
3507 3542 3754 3593 adversum

2148 3640 2227 3676 me
2254 3622 2614 3692 loquebantur,
2646 3641 2816 3678 servus
2846 3637 3014 3680 autem
3041 3636 3173 3683 tuus
3208 3632 3565 3686 exercebatur
3595 3633 3645 3685 in
3679 3630 3761 3683 tuis

2149 3715 2618 3782 iustiﬁcationibus.
2652 3718 2905 3771 Auditum
2936 3734 2995 3774 se
3022 3736 3048 3772 a
3078 3723 3451 3792 principibus
3483 3732 3758 3792 martyrum

2147 3808 2345 3861 chorus
2375 3809 3023 3878 exponit,quijudiciario
3050 3828 3221 3867 more
3255 3802 3577 3871 residentes
3600 3814 3764 3887 M2.

2147 3900 2212 3954 dc
2247 3900 2609 3954 innocentium
2644 3902 2938 3970 pcrditione
2966 3908 3318 3964 tractabant.
3354 3911 3421 3964 Et
3456 3922 3513 3964 ut
3545 3910 3677 3982 [ed.,
3714 3910 3765 3961 Et

2146 3989 2321 4062 quol]
2353 3995 2567 4061 gratius
2613 4005 2816 4049 terrere
2845 3996 3177 4064 potuis~ent,
3218 4002 3334 4071 ipsi
3370 4017 3535 4058 erant
3565 4017 3765 4058 accusa-

2147 4093 2288 4137 tores
2316 4092 2368 4137 (ιι
2388 4084 2709 4153 judires.Se
2741 4104 2868 4141 vero
2892 4094 3087 4145 merito
3124 4094 3279 4149 dicit
3311 4114 3528 4151 servum
3557 4096 3766 4159 Domini,

2145 4178 2235 4243 qui
2269 4178 2403 4230 inter
2422 4180 2544 4231 vitm
2576 4180 2806 4247 pericula
2832 4182 2897 4235 de
2922 4184 3492 4254 ejusjustilicatione
3523 4190 3772 4263 ccgitabat

2146 4264 2269 4332 quid
2302 4265 2352 4318 in
2381 4267 2465 4319 illa
2493 4268 2596 4321 vita
2628 4279 2939 4336 recepturus
2968 4283 3118 4327 esset
3152 4278 3254 4345 qui
3293 4282 3485 4335 itt'ista
3523 4294 3772 4349 tempora-

2146 4356 2264 4411 liter
2292 4360 2603 4427 gravissima
2634 4363 2952 4417 sustinebat.
2978 4364 3367 4425 Exercebatur
3397 4374 3551 4428 enim
3581 4375 3646 4437 ad
3667 4386 3775 4443 pro-

2147 4460 2355 4506 vectum
2409 4468 2585 4517 suum,
2636 4469 2738 4507 non
2790 4456 3141 4513 cruciabatur
3191 4463 3271 4517 ad
3332 4480 3586 4535 pmuam.
3634 4467 3776 4520 Tales

2145 4544 2283 4594 anim
2305 4562 2333 4593 ιε
2387 4544 2640 4597 untnduin
2697 4545 2958 4610 vicerunt,
2993 4564 3125 4619 quae
3176 4567 3431 4610 sensum
3464 4558 3670 4613 doloris
3702 4553 3778 4611 sui

2140 4637 2325 4690 tuterni
2356 4637 2557 4704 peculii
2586 4654 2614 4691 c
2654 4639 3012 4707 gitationibus
3044 4644 3432 4705 molliebant.

455 4221 741 4273 obsistere.
778 4218 958 4271 Potest
1008 4216 1148 4269 enim
1197 4222 1251 4269 et
1296 4214 1529 4268 infidelis
1574 4213 1639 4267 ad
1676 4224 1883 4281 tempus
1929 4229 2041 4268 rem

444 4310 649 4363 bonam
679 4309 1082 4374 concupiscere,
1112 4306 1205 4361 sed
1233 4306 1335 4361 hoc
1356 4306 1613 4375 perfectis
1642 4306 1925 4361 desideriis
1950 4322 2043 4376 po-

456 4401 611 4467 pulus
635 4409 851 4453 sanctus
875 4399 1137 4464 attribuit,
1164 4396 1306 4467 quod
1350 4397 1494 4451 omni
1521 4406 1761 4466 tempore
1793 4398 2042 4466 concupi-

447 4493 547 4544 vit.
585 4491 694 4543 lloc
744 4497 826 4542 cst
871 4490 1013 4544 enim
1063 4489 1453 4556 concupiscere,
1499 4487 1639 4557 quod
1690 4488 2035 4544 desiderare:
2072 4486 2121 4545 D

455 4595 613 4637 nemo
653 4580 793 4635 enim
826 4578 1120 4643 desiderat,
1156 4578 1258 4632 nisi
1284 4579 1390 4648 ,ιιιιὶ
1423 4578 1779 4646 concupiscit;
1811 4595 1908 4633 nec
1942 4580 2040 4635 ite-

455 4690 570 4727 rum
601 4672 953 4742 conCHpiscit,
984 4671 1086 4725 nisi
1115 4673 1202 4741 qui
1244 4670 1536 4725 desiderat.
1568 4674 1905 4738 Quapropter
1929 4672 2037 4739 ple-

442 4764 727 4818 nissimam
762 4764 1090 4817 voluntatem
1126 4763 1321 4815 iudicat
1353 4763 1620 4833 geminata
1652 4763 1937 4832 professio.

526 4860 675 4914 \‘crs.
701 4860 789 4912 ξι.
825 4858 1107 4928 lncrrpasti
1136 4857 1376 4928 superbos
1410 4873 1428 4909 :
1456 4858 1714 4911 maledicti
1751 4860 1835 4926 qui
1864 4857 2035 4911 decli-

451 4961 574 5007 nant
603 4968 636 5005 a
672 4952 924 5004 mandatis
955 4952 1071 5005 tuis.
1098 4949 1225 5004 Cum
1273 4948 1379 5003 sint
1410 4943 1682 5003 ltom‘nnm
1723 4949 2031 5004 innumera-

450 5043 574 5098 bilia
605 5040 848 5105 crimina,
868 5040 1105 5111 superbos
1139 5039 1224 5093 bic
1248 5039 1440 5094 asserit
1465 5040 1773 5109 increpatos,
1800 5040 1890 5107 qui
1926 5039 2032 5093 Deo

438 5147 662 5201 semper
708 5132 999 5200 probantur
1038 5130 1287 5184 odibiles.
1317 5128 1578 5199 Superbia
1628 5137 1710 5183 est
1757 5132 1897 5182 enim
1939 5144 2033 5197 pt‘l‘

448 5239 607 5291 quam
638 5223 859 5291 angelus
882 5220 1085 5281 cecidit,
1114 5236 1205 5291 per
1227 5234 1383 5288 quam
1404 5218 1573 5273 Adam
1602 5219 1667 5273 de
1696 5230 1901 5275 natura:
1920 5235 2031 5275 sute

448 5314 708 5384 dignitate
738 5312 973 5380 deiectus
1000 5320 1098 5365 est.
1136 5311 1265 5364 Nam
1292 5311 1429 5364 sicut
1477 5310 1748 5364 humilitas
1793 5313 2029 5365 omnium

451 5422 548 5471 pax
586 5406 837 5471 probatur
884 5418 1001 5457 esse
1042 5404 1320 5465 viitutnm,
1371 5402 1437 5454 ita
1482 5404 1733 5471 superbia
1780 5403 2032 5457 vitiorum

2212 4750 2362 4804 Vers.
2390 4749 2481 4806 2t.
2512 4751 2649 4805 Nam
2676 4763 2723 4805 et
2745 4754 3029 4808 testimonia
3071 4768 3180 4812 tua
3215 4764 3518 4818 meditatio
3549 4779 3659 4818 mea
3691 4769 3775 4825 est,

2143 4852 2187 4893 et
2227 4842 2507 4897 consolatio
2554 4860 2664 4898 mea
2699 4845 3104 4914 justi/icaltones
3153 4861 3275 4907 ture
3327 4869 3484 4910 sunt.
3512 4856 3780 4910 Consilium

2142 4932 2411 4985 inventum
2443 4942 2527 4987 est
2555 4944 2738 4988 contra
2773 4935 3210 5004 malignantiuut
3247 4946 3671 5012 concilium,ut
3695 4941 3777 4996 ad-

2142 5039 2352 5078 versum
2378 5025 2648 5092 improbos
2679 5024 2889 5082 furores
2909 5027 3135 5084 Domini
3177 5037 3512 5091 testimonia
3536 5038 3779 5091 meditata

2139 5114 2464 5171 sufﬁcerent.
2498 5117 2692 5170 Eorum
2727 5119 2922 5187 quippe
2944 5121 3230 5190 cogitatio
3261 5130 3561 5198 quoslibet
3592 5128 3779 5198 mitigat

2140 5207 2377 5271 dolores,
2407 5222 2504 5262 nec
2536 5208 2710 5262 timori
2738 5209 2989 5280 relinquit
3017 5212 3227 5271 locum
3255 5223 3358 5289 qui
3396 5224 3451 5276 in
3482 5222 3779 5292 promissio-

2142 5302 2297 5355 nibus
2331 5300 2536 5354 Domini
2574 5301 2772 5371 jugitcr
2797 5312 3137 5373 occupatur;
3180 5311 3347 5367 sicut
3380 5315 3519 5369 dicit
3567 5319 3781 5382 Ap0~l0o

2143 5395 2222 5448 ius
2250 5412 2264 5446 :
2301 5395 2470 5447 Timor
2502 5412 2599 5448 non
2641 5398 2793 5450 cst-in
2824 5398 3103 5466 cbaritate,
3156 5408 3264 5458 sed
3315 5412 3565 5477 per/ccta
3592 5411 3783 5462 dilectas

443 5505 622 5551 mater
653 5511 772 5550 tISaC
800 5493 1141 5561 tizgnoseitur.
1178 5494 1250 5546 De
1282 5494 1408 5560 ipsis
1448 5495 1588 5547 enim
1621 5495 1873 5562 scriptum
1907 5506 1985 5547 cst
2021 5514 2031 5545 ;
2142 5492 2278 5554 [oras
2310 5490 2459 5540 miuit
2489 5490 2717 5542 timorem
2757 5489 2825 5556 tl
2856 5490 3009 5544 Joan.
3050 5510 3137 5560 tv,
3186 5497 3259 5553 18
3286 5498 3333 5569 ).
3368 5501 3783 5558 Consolationem

452 5586 702 5654 Supirbis
746 5585 879 5638 Deus
922 5585 1124 5647 resistit,
1163 5584 1437 5637 humilibus
1483 5594 1651 5636 animi
1696 5587 1780 5637 dat
1817 5588 2034 5655 gratiam
2143 5596 2268 5635 vero
2313 5596 2463 5635 suam
2496 5596 2613 5635 esse
2644 5584 2914 5649 professus
2950 5592 3033 5639 est
3072 5586 3329 5647 Domini
3356 5599 3783 5665 jirstiﬁcationrs.

455 5675 601 5744 (Jac.
628 5692 700 5743 tv,
732 5676 807 5731 6i.
843 5672 1117 5743 Increpare
1147 5674 1288 5730 enim
1330 5675 1584 5742 dicimus,
1620 5676 1768 5745 quasi
1810 5677 1875 5730 de
1907 5675 2034 5729 taci-
2142 5687 2275 5741 quas
2320 5674 2429 5729 suis
2471 5676 2789 5744 martyribus
2837 5676 3162 5745 pollicetur.
3212 5684 3603 5744 Consolantur
3651 5686 3783 5740 enim
