3966 6172
229 280 336 338 845

1126 291 1483 349 ΕΧΓΟΞΙΤΞΟ
1525 296 1589 349 1Ν
1632 297 2081 353 PSALTERIU“.
2123 300 2317 362 PSAL.
2359 303 2587 360 CXVIII.

3402 325 3504 373 840

224 397 275 451 in
302 396 596 453 amictione
620 402 960 468 praesentium
982 417 1293 475 rerum,spe
1320 407 1647 462 venientium
1676 425 1811 477 praa-
1840 416 1885 471 Α
1919 410 1987 466 tia
2020 413 2299 483 singulari,
2325 419 2412 487 qui
2447 419 2589 475 dicta
2620 420 2830 476 Domini
2854 423 2920 478 ad
2958 426 3293 495 spiritualetu
3336 434 3506 504 signi-

220 502 453 543 miorum
464 531 476 543 .

292 580 447 635 Vcrs.
478 582 723 640 25—tv.
753 585 994 641 DALET".
1040 589 1270 644 Adhaesit
1310 592 1598 660 pavimento
1640 595 1812 649 anima

223 687 329 723 mea
356 687 376 725 :
405 674 604 741 viviﬁca
642 691 723 729 me
761 678 1039 731 secundum
1083 681 1290 735 verbum
1332 692 1497 738 tuum.
1527 686 1606 740 Ad
1648 702 1809 755 quar-

219 776 322 818 tam
356 766 590 822 litteram
621 770 769 823 venit
818 770 975 827 fidele
1016 776 1322 841 concilium,
1356 779 1407 831 in
1449 792 1553 846 qua
1593 793 1652 834 se
1680 780 1810 835 dicit

211 859 478 927 corporali
512 860 727 929 quidem
771 865 1094 918 necessitate
1143 869 1518 932 constrictum,
1552 870 1646 923 sed
1692 872 1804 925 sola

216 948 425 1003 Domini
468 951 663 1019 pietate
702 954 1042 1021 salvandum,
1074 968 1260 1022 petens
1292 969 1348 1013 ut
1381 960 1448 1013 ab
1471 976 1537 1013 eo
1561 962 1674 1015 vias
1706 964 1804 1017 ini-

210 1039 429 1106 quitatis
469 1051 741 1107 amoveat,
774 1045 1024 1113 quoniam
1071 1047 1208 1100 viam
1251 1051 1495 1103 veritatis
1543 1051 1797 1120 elegerat.

211 1129 599 1187 Pulcherrimis
645 1144 821 1189 autem
856 1135 1210 1191 allusionibus
1240 1141 1525 1207 exponitur
1570 1140 1799 1197 humana

207 1227 458 1283 coinlitio.
522 1228 879 1284 Pavimentum
928 1242 1010 1286 est
1059 1234 1157 1288 soli
1206 1234 1431 1305 alicujus
1484 1239 1534 1290 in
1583 1237 1800 1293 lenitate

207 1322 435 1375 maxima
465 1331 774 1379 constructa
805 1323 1070 1392 soliditas,
1098 1343 1216 1393 qua:
1246 1329 1439 1382 merito
1469 1339 1651 1385 nostro
1673 1346 1796 1384 cor-

205 1413 315 1482 pori
343 1424 713 1482 comparatur,
746 1418 998 1485 quoniam
1030 1426 1085 1472 et
1117 1419 1289 1487 ipsum
1318 1421 1481 1475 simili
1512 1426 1685 1478 nitore
1714 1424 1794 1479 le-

203 1506 428 1573 vigatur.
461 1506 752 1561 Adhtesisse
781 1521 841 1561 se
868 1522 999 1577 ergo
1029 1508 1160 1564 dicit
1185 1511 1334 1564 carni
1366 1525 1496 1577 suae,
1534 1515 1675 1582 quod
1718 1515 1793 1568 vi-

201 1597 395 1652 tiosum
422 1611 545 1653 esse
574 1612 678 1652 non
706 1598 924 1653 dubium
948 1607 1051 1655 est.
1083 1602 1269 1656 Anima
1294 1603 1435 1658 enim
1465 1603 1511 1658 si
1535 1605 1793 1660 adluereat

201 1689 434 1759 corpori,
468 1689 678 1744 delictis
710 1690 878 1755 lavet;
911 1692 956 1746 si
991 1693 1267 1749 voluntate
1294 1695 1357 1748 sit
1389 1695 1588 1760 divisa,
1625 1699 1791 1754 virtu-

1918 506 2185 561 licantiam
2217 508 2402 564 trahit.
2432 510 2697 567 Mirabilia
2729 530 2856 570 vero
2888 516 3002 586 ipsa
3044 530 3222 589 vocat,
3258 538 3380 592 quas
3409 540 3503 581 su-

1917 596 2094 664 perius
2121 599 2254 654 dicit
2291 602 2712 672 justiﬁcationes.
2748 607 3005 664 Praebent
3046 612 3188 667 enim
3233 614 3505 674 intellecta

1914 688 2247 755 miraculum,
2276 695 2488 762 quando
2532 696 2611 752 sic
2654 698 2707 752 in
2750 702 3001 768 praesenti
3051 714 3177 758 sunt
3222 707 3410 775 posita,
3444 720 3506 765 nt

1913 778 2068 846 longe
2097 780 2269 835 futura
2298 784 2601 854 significare
2627 789 2929 849 vidcantur.

1983 868 2137 924 Vers.
2160 873 2251 926 28.
2271 874 2575 931 Dormit/wit
2597 882 2770 934 anima
2788 899 2898 936 meo
2922 902 3027 951 prtr
3042 890 3193 943 (mdia
3210 906 3226 943 :
3251 894 3502 959 conﬁrma

1908 976 1986 1013 me
2019 962 2068 1013 in
2098 965 2258 1017 verbis
2282 967 2401 1019 tuis.
2432 967 2556 1023 Post
2585 970 2726 1025 illam
2758 975 3067 1042 petitionem
3099 994 3335 1039 sanctam
3374 1001 3503 1056 cog-

1910 1052 2182 1108 noscimus
2212 1070 2332 1110 eum
2364 1056 2529 1114 fuisse
2570 1062 2812 1131 dilatum,
2844 1071 3058 1137 quando
3088 1074 3316 1129 animum
3345 1092 3497 1132 suam

1906 1145 2033 1201 dicit
2079 1150 2381 1206 dormitasse
2419 1171 2526 1217 prie
2565 1158 2736 1225 twdio,
2768 1163 2912 1230 quod
2947 1166 3197 1223 accidere
3240 1172 3378 1226 solet
3419 1176 3500 1230 eis

1904 1240 1991 1307 qui
2027 1240 2199 1311 longis
2230 1248 2720 1315 exspectationibus
2750 1251 3101 1325 differuntur;
3147 1270 3205 1314 ut
3233 1262 3499 1334 intellige-

1904 1346 2082 1387 remus
2128 1351 2222 1402 per
2252 1339 2526 1405 patientiae
2571 1342 2793 1411 bonum,
2833 1347 3069 1405 divinum
3115 1354 3268 1410 nobis
3312 1360 3498 1413 venire

1904 1423 2230 1488 praesidium.
2252 1426 2506 1484 Dormitat
2529 1447 2657 1503 ergo
2680 1438 2873 1501 animo,
2899 1444 3111 1510 quando
3139 1460 3168 1499 a
3200 1462 3295 1503 sua
3319 1450 3496 1507 intem

1902 1512 2045 1567 tione
2075 1514 2363 1583 ﬂaccescit,
2393 1530 2445 1575 et
2476 1522 2530 1576 in
2559 1525 2725 1580 ctium
2758 1526 2898 1584 fessa
2930 1535 3239 1604 remittitur,
3260 1539 3387 1597 dum
3426 1544 3495 1597 ad

1900 1600 2034 1656 illud
2065 1605 2207 1672 quod
2233 1607 2549 1667 intendebat
2578 1615 2801 1672 minime
2824 1625 3107 1688 pervenire
3136 1600 3493 1688 monstratur.

1901 1695 1963 1748 Et
1993 1695 2116 1752 vide
2138 1699 2261 1768 quia
2290 1703 2583 1760 dormitavit
2605 1710 2800 1776 posuit,
2822 1728 2926 1766 non
2953 1714 3233 1783 dormivit;
3260 1722 3494 1780 dormire

199 1781 354 1837 tibus.
390 1783 729 1852 Quapropter
759 1789 952 1839 merito
991 1799 1049 1840 se
1097 1787 1313 1855 petebat
1344 1803 1440 1857 per
1482 1791 1707 1857 verbum,
1741 1794 1791 1847 id
1827 1796 1872 1853 Β
1900 1786 2045 1842 enim
2077 1791 2324 1848 obliviosi
2358 1807 2519 1866 atque
2558 1802 2801 1860 socordis
2831 1814 2934 1872 est,
2966 1808 3245 1868 dormitare
3282 1816 3410 1873 fessi
3440 1833 3492 1875 et

196 1881 274 1928 est
301 1888 399 1941 per
426 1871 700 1928 Christum
733 1874 1016 1929 Dominum
1045 1878 1293 1942 viviﬁcari
1316 1894 1336 1933 :
1358 1880 1481 1948 quia
1515 1896 1609 1950 per
1652 1898 1783 1937 con-

193 1980 407 2021 sensum
447 1970 625 2021 curnis
658 1982 717 2022 se
753 1969 1008 2023 noscebat
1053 1971 1339 2041 exstingui.
1374 1972 1481 2028 Sed
1535 1989 1788 2043 perscru-

192 2058 411 2112 tandum
452 2068 537 2113 est
584 2075 753 2128 quare
799 2060 928 2115 illud
974 2061 1259 2117 concilium
1308 2066 1612 2132 beatorum,
1643 2069 1783 2137 quod

191 2151 435 2219 superius
475 2151 685 2206 dixerat
715 2169 728 2206 :
761 2151 948 2209 Servus
995 2163 1168 2209 autem
1212 2166 1328 2211 tuus
1372 2160 1702 2215 exercebatur
1730 2163 1783 2216 in.

191 2243 287 2295 tuis
323 2242 809 2314 justiﬁcationibus,
844 2243 931 2299 hic
962 2246 1288 2301 conﬁteatur
1333 2250 1610 2304 adhtrsisse
1638 2253 1781 2320 pavi-

188 2344 352 2387 mento
382 2336 613 2387 animam
640 2348 815 2388 suam.
848 2334 918 2390 Ut
959 2351 1144 2391 revera
1192 2337 1550 2409 intelligamus
1590 2358 1781 2411 quam-

189 2426 262 2477 vis
292 2423 468 2478 sancti
509 2425 678 2493 gratia
722 2424 936 2479 Domini
968 2427 1328 2495 perfruantur,
1360 2431 1635 2502 multaque
1671 2433 1779 2488 vir-

188 2523 357 2568 tutum
414 2504 673 2570 varietate
724 2515 1059 2581 collaceant,
1110 2519 1346 2587 quandiu
1396 2530 1524 2575 sunt
1573 2524 1624 2577 in
1680 2526 1780 2579 bac

186 2620 345 2661 carne
374 2606 611 2673 mortali,
657 2622 776 2662 esse
804 2616 993 2664 tamen»
1028 2610 1168 2664 unde
1197 2626 1255 2665 se
1286 2612 1645 2679 deprecentur
1685 2615 1779 2668 ab-

185 2698 348 2761 solvi,
391 2699 531 2753 sicut
569 2700 622 2753 in
672 2699 967 2770 Evangelio
1017 2700 1270 2771 Magister
1311 2706 1551 2773 optimus
1600 2707 1772 2769 dicit:

184 2784 464 2856 Postquam
487 2790 658 2842 omnia
685 2790 931 2857 feceritis,
965 2791 1117 2845 dicite
1134 2810 1154 2846 :
1179 2792 1325 2847 Servi
1349 2794 1555 2849 inutiles
1575 2813 1772 2863 sumus,

182 2879 317 2945 quod
342 2879 612 2933 debuimus
642 2884 809 2950 facere
836 2882 1049 2952 fecimus
1073 2882 1224 2953 (Luc.
1255 2900 1385 2952 xvtl,
1409 2886 1521 2954 l0).
1556 2887 1622 2941 Et
1644 2889 1775 2944 alibi

180 2972 458 3041 Scriptura
503 2974 632 3029 dicit
665 2991 680 3026 :
713 2973 895 3028 Justus
925 2976 981 3029 in
1005 2976 1259 3047 principio
1288 2980 1537 3033 sermonis
1565 2996 1775 3037 accusa-

178 3073 251 3117 tor
268 3072 350 3117 est
372 3065 453 3117 sui
475 3063 657 3133 (Prov.
690 3080 839 3129 svnt,
870 3065 981 3136 l7).

1892 1886 2279 1951 exspectantis.
2312 1887 2466 1953 Quod
2507 1893 2730 1948 verbum
2768 1907 2821 1950 et
2847 1898 2983 1953 alter
3012 1903 3250 1970 psalmus
3280 1907 3443 1964 edicit
3472 1928 3486 1963 :

1892 1970 1955 2025 Si
1980 1975 2166 2029 dedero
2198 1994 2429 2035 somnum
2463 1986 2624 2038 oculis
2653 1989 2798 2053 meis,
2832 1998 2881 2043 et
2906 1994 3162 2063 palpebris
3207 2002 3335 2055 meis
3364 2004 3486 2057 dor-

1890 2064 2205 2121 mitationem
2242 2069 2416 2138 (Psal.
2458 2090 2640 2143 cxxxr,
2668 2078 2749 2148 4).
2784 2080 2848 2135 Et
2875 2084 3026 2150 alibi,
3055 2086 3189 2142 Ecce
3228 2106 3331 2146 non
3366 2093 3488 2148 dar-

1888 2157 2082 2209 mitabit
2102 2175 2259 2229 neque
2281 2162 2496 2218 dormiet
2515 2168 2602 2236 qui
2624 2172 2847 2225 custodit
2872 2172 3035 2229 Israel
3057 2177 3233 2247 (Psal.
3252 2195 3378 2248 cxx,
3403 2182 3483 2253 4).

1886 2244 1992 2300 Sed
2026 2256 2083 2301 ut
2112 2248 2254 2305 hunc
2293 2267 2508 2324 quoque
2544 2257 2814 2315 delectum
2843 2264 2911 2319 ab
2942 2244 3121 2324 anima
3151 2244 3376 2343 fatigata
3401 2244 3484 2331 re-

1886 2350 2147 2404 moveret,
2185 2343 2447 2412 sequitur,
2481 2349 2732 2417 conﬁrma
2761 2370 2840 2407 me
2860 2356 2913 2408 in
2942 2359 3102 2413 verbis
3130 2364 3265 2418 tuis:
3290 2377 3484 2433 quate-

1886 2444 1986 2488 nus
2028 2437 2071 2491 si
2115 2437 2291 2494 adhuc
2334 2446 2668 2512 exspectatio
2705 2448 3001 2507 dill'erenda
3040 2466 3176 2523 erat,
3212 2457 3266 2513 in
3299 2462 3484 2517 verbis

1885 2524 2095 2582 Domini
2145 2529 2245 2584 lixa
2298 2542 2458 2602 atque
2490 2536 2838 2595 immutabilis
2892 2547 3072 2601 anima
3120 2564 3483 2620 permaneret.

1881 2613 2275 2687 Cognoscimus
2331 2626 2475 2680 enim
2538 2629 2628 2683 tali
2680 2633 2919 2690 remedio
2975 2642 3190 2708 quasvis
3258 2658 3479 2713 moras,

1880 2711 2085 2777 quaevis
2127 2712 2303 2779 mdia,
2348 2719 2617 2785 quoslibet
2656 2722 2871 2781 labores
2906 2733 3234 2789 omnimodis
3280 2711 3480 2794 conso;

1881 2802 2089 2874 landos,
2124 2809 2169 2863 si
2201 2810 2371 2881 legem
2406 2814 2616 2872 Domini
2663 2818 2931 2891 frequenti
2976 2826 3263 2889 iteratione
3306 2838 3479 2892 medi-

1882 2903 2078 2951 temur.
2122 2899 2269 2955 Hanc
2321 2913 2497 2960 autem
2537 2908 2730 2965 anima:
2780 2914 3213 2977 dormitationem
3263 2924 3478 2983 Cassia-

1879 3003 1982 3044 nus
2013 3005 2292 3048 servorum
2334 2995 2427 3050 Dei
2456 2999 2688 3067 optimus
2717 3003 2991 3063 institutor
3029 3014 3289 3071 accidiam
3323 3032 3478 3076 vocat

1882 3081 2020 3152 (Lib.
2051 3100 2083 3139 x
2122 3084 2323 3155 Instit.,
2359 3106 2474 3159 cap.
2504 3093 2595 3163 4),
2632 3111 2789 3165 quam
2832 3115 3026 3171 magno
3076 3110 3252 3164 studio
3293 3127 3477 3167 mona-

242 3155 405 3209 Vers.
433 3156 523 3211 26.
562 3154 687 3210 Vias
731 3172 873 3211 meas
914 3160 1209 3221 enuntiavi,
1261 3170 1307 3213 et
1349 3162 1605 3216 exaudisti
1649 3180 1774 3219 me:
1806 3175 1849 3237 ρ
1880 3176 1998 3230 chis
2027 3181 2313 3247 persuadet
2341 3198 2462 3239 esse
2496 3185 2820 3256 fugiendam,

178 3250 302 3303 doce
345 3267 421 3302 me
443 3250 850 3320 justi/icationes
880 3261 1016 3311 tuas.
1045 3253 1145 3320 Qui
1182 3268 1242 3309 se
1285 3256 1570 3322 pavimento
1602 3257 1779 3311 adluc-

174 3344 305 3395 sisse
340 3341 566 3410 professi
594 3352 737 3406 sunt,
756 3342 950 3397 merito
974 3342 1024 3397 in
1055 3347 1508 3414 consequentibus
1538 3362 1633 3403 sua
1655 3363 1779 3416 pec-

174 3444 286 3488 cata
346 3434 725 3503 prodiderunt;
772 3442 827 3489 et
873 3434 993 3489 idco
1046 3436 1311 3506 sequitur,
1361 3439 1624 3492 exaudisti
1672 3455 1775 3493 me.

172 3522 299 3577 Mira
353 3526 744 3593 compensatio,
774 3526 1034 3594 stupenda
1068 3526 1400 3593 vicissitudo,
1428 3529 1654 3585 Domino
1678 3546 1778 3585 suo

170 3614 391 3683 propria
420 3616 558 3668 mala
584 3615 788 3681 dicere,
821 3624 875 3669 et
904 3617 971 3670 ab
1000 3617 1191 3672 eodem
1224 3619 1443 3684 praemia
1475 3622 1667 3675 salutis
1688 3637 1776 3677 ac-

167 3704 373 3776 cipere.
399 3706 531 3773 Quis
569 3723 675 3760 non
713 3707 869 3762 bonis
902 3710 1096 3764 talibus
1125 3711 1381 3767 incitetur
1418 3714 1490 3767 illi
1530 3715 1596 3769 ad
1628 3731 1775 3784 prte-

170 3796 337 3850 mium
367 3796 638 3860 confiteri,
672 3799 756 3851 cui
789 3814 895 3853 non
931 3801 1103 3867 possis
1135 3816 1330 3871 negare
1360 3804 1500 3871 quod
1545 3806 1773 3861 feceris?

170 3888 632 3945 Perscrutandum
672 3906 886 3962 quoque
926 3894 1068 3960 quod
1111 3894 1283 3949 dixit:
1316 3894 1453 3950 Doce
1480 3902 1772 3970 mejustiﬁ-

167 3987 398 4039 cutioncs
426 3995 563 4051 tuas,
600 4002 707 4041 non
746 3988 812 4041 ad
854 3988 1199 4054 audiendum,
1230 3990 1325 4043 sed
1348 3990 1414 4044 ad
1446 3991 1765 4047 faciendum.

164 4072 258 4132 Ille
281 4080 431 4132 enim
456 4078 764 4133 divinarum
798 4094 976 4133 rerum
995 4077 1186 4134 doctus
1207 4080 1526 4146 ostenditur,
1548 4083 1636 4151 qui
1666 4084 1767 4138 sibi

162 4169 376 4222 credita
407 4170 603 4225 fecisse
630 4180 982 4225 monstratur.
1016 4172 1142 4227 Sive
1172 4173 1302 4241 petit
1332 4182 1389 4227 ut
1419 4174 1535 4230 illas
1563 4178 1763 4245 justiﬁ-

160 4260 391 4312 mtiones
438 4259 765 4327 adverteret,
809 4278 928 4331 qttzn
977 4273 1261 4333 praecepta:
1307 4264 1601 4334 figuraliter
1646 4284 1764 4324 esse

161 4348 511 4402 videbantur.

237 4441 396 4495 γει-5.
432 4442 524 4496 9.7.
566 4441 710 4496 Viam
742 4446 1181 4514 justiﬁcationum
1212 4457 1417 4503 tuarum
1446 4452 1637 4506 instrue
1661 4470 1759 4521 me,

156 4542 201 4581 et
232 4533 515 4586 exercebar
538 4533 592 4586 in
622 4535 938 4589 mirabilibus
967 4541 1087 4591 tuis.
1124 4538 1312 4594 Merito
1338 4542 1533 4597 cohors
1574 4555 1756 4599 sancta
1790 4557 1839 4615 ι)
1869 4574 1977 4622 xw,
2010 4558 2087 4629 6),

150 4621 598 4691 justiﬁcatiouum
642 4626 775 4678 viain
817 4627 1119 4699 intelligere
1146 4634 1439 4699 qurereliat,
1472 4650 1591 4704 qum
1636 4652 1759 4691 suas

153 4714 293 4779 vias,
325 4714 383 4768 id
417 4724 503 4771 est
536 4726 747 4785 peccata
778 4721 1127 4789 prodiderat:
1162 4725 1283 4794 quia
1330 4727 1430 4780 nisi
1463 4728 1580 4782 illus
1610 4729 1757 4783 dum-

153 4818 381 4863 ncmus,
420 4806 484 4859 ad
537 4808 695 4861 is-‘am
730 4811 1015 4877 pervenire
1063 4829 1167 4867 non
1216 4830 1522 4883 possumus.
1558 4818 1760 4874 lttslruc

152 4912 250 4957 me,
305 4897 770 4953 ail~intellectum
827 4904 1088 4971 pertinet;
1139 4918 1195 4959 ut
1244 4909 1568 4977 adverteret,
1615 4918 1756 4983 quod

149 5001 301 5055 saepe
332 4988 453 5055 jam
486 4989 687 5043 dictum
714 5001 825 5057 cst,
854 4994 995 5061 quali
1028 5000 1284 5067 mysterio
1317 5012 1433 5069 post
1465 5018 1553 5058 sex
1588 5023 1759 5060 annos

145 5094 352 5136 servus
387 5083 727 5138 relaxari-tur
759 5086 1046 5151 llcbrrcus;
1075 5094 1335 5160 septimus
1370 5105 1523 5150 terra:
1557 5101 1759 5155 fruti-tus

145 5174 457 5239 pecoribus
504 5178 889 5247 egentibusque
928 5181 1252 5247 donaretur;
1307 5190 1447 5256 quod
1498 5202 1617 5259 post
1663 5211 1759 5247 an-

142 5280 275 5318 num
330 5265 842 5337 quinquagesimum
894 5274 1171 5340 quodlibet
1222 5277 1348 5331 illud
1393 5282 1555 5348 priori
1611 5288 1756 5339 reddi

142 5360 395 5412 Domino
428 5359 732 5426 jubebatur,
768 5374 822 5418 ct
852 5365 935 5419 llis
968 5367 1166 5422 similia
1202 5386 1322 5439 qua:
1352 5375 1752 5441 justilieationi-

134 5447 236 5503 bos
273 5450 504 5503 Domini
551 5454 842 5507 convenire
872 5468 1261 5515 monstrantur.
1302 5464 1424 5519 "me
1470 5471 1611 5524 enim
1643 5490 1755 5525 tne-

133 5544 241 5598 rito
274 5544 353 5596 de
398 5544 637 5599 iderabat
667 5564 976 5615 agnoscere,
1009 5569 1128 5621 qum
1176 5558 1366 5611 futura:
1416 5563 1526 5627 spei
1558 5575 1753 5619 nostra!

132 5634 462 5701 probantur
488 5640 742 5705 mysteria
774 5643 1070 5699 coiitinere.
1103 5646 1378 5717 Sequitur,
1404 5663 1450 5705 et
1481 5660 1750 5709 crcrn’bor

131 5726 181 5778 in
214 5728 565 5784 mirabilibus
597 5733 928 5802 tnis.Utique
961 5749 1218 5791 exercetur
1246 5758 1401 5799 sensu
1431 5756 1484 5801 et
1517 5752 1748 5819 pruden-

1959 3270 2111 3327 Vers.
2143 3273 2234 3329 29.
2276 3275 2423 3331 Viam
2465 3280 2748 3351 iniquitatis
2795 3303 2970 3342 amove
2997 3308 3029 3343 a
3068 3310 3167 3361 me,
3197 3306 3245 3350 et
3284 3298 3337 3352 in
3365 3299 3475 3370 lege

1883 3370 1972 3414 tua
2003 3365 2237 3419 miserere
2264 3369 2383 3421 mei.
2411 3368 2490 3424 Ad
2515 3372 2657 3428 illam
2688 3382 3199 3450 contemplationem
3230 3365 3473 3448 veritatis

1880 3463 2121 3523 evectus,
2156 3459 2291 3526 petit
2319 3462 2463 3530 quod
2496 3465 2546 3517 in
2581 3466 2681 3523 isto
2710 3473 2912 3527 smculo
2957 3481 3316 3537 necessarium
3350 3484 3468 3552 fuit,

1881 3554 1935 3599 ut
1965 3546 2045 3599 via
2072 3548 2378 3618 iniquitatis,
2415 3553 2513 3610 hoc
2543 3568 2627 3613 est
2656 3562 2903 3620 diabolus
2927 3566 2995 3621 ab
3020 3569 3136 3638 ejus
3166 3546 3471 3632 infestatio;

1880 3638 2036 3691 nibus
2074 3641 2368 3709 tolleretur,
2400 3658 2453 3700 et
2491 3650 2546 3702 in
2585 3652 2695 3722 lege
2735 3656 2951 3715 Domini
2987 3672 3223 3731 optatam
3258 3670 3472 3726 miseri-

1877 3728 2115 3783 cordiam
2160 3736 2444 3801 reperiret.
2478 3738 2580 3795 Per
2607 3743 2777 3814 legem
2820 3750 3084 3820 siquidem
3129 3772 3288 3812 nemo
3310 3761 3470 3832 juSti.

1877 3817 2141 3885 licabitur,
2185 3826 2326 3879 sicut
2368 3829 2659 3897 Apostolus
2702 3836 2835 3891 dicit
2865 3817 3140 3899 :‘Scientes
3169 3852 3291 3918 quia
3310 3817 3469 3908 nemo

1863 3911 2235 3979 justiﬁcabitur
2262 3934 2326 3971 e1:
2356 3922 2596 3981 operibus
2622 3926 2766 3998 legis,
2791 3934 2879 3984 sed
2908 3949 2971 3987 ea:
2992 3938 3095 4004 [ide
3123 3911 3248 3995 Iesu
3279 3942 3469 4001 Christi

1874 4001 2048 4071 (Rom.
2089 4020 2167 4070 ιιι,
2206 4008 2321 4077 20).
2371 4011 2433 4064 Et
2466 4015 2683 4083 iterum,
2728 4018 2830 4073 Per
2876 4001 3037 4093 legem
3080 4032 3213 4084 enim
3243 4040 3467 4104 cegnitio

1871 4097 2061 4162 peccati
2092 4097 2379 4169 (Ibidem).
2415 4103 2566 4160 Juste
2596 4122 2724 4178 ergo
2756 4112 2826 4165 ibi
2852 4117 2981 4182 petit
3013 4097 3463 4194 misericordiam,

1872 4190 1959 4243 ubi
1990 4207 2050 4246 se
2077 4208 2172 4262 per
2202 4195 2335 4266 legis
2363 4200 2572 4255 vincula
2606 4219 2709 4258 non
2740 4208 2992 4263 credebat
3018 4214 3242 4271 absolvi.

1936 4280 2096 4352 ωδ
2127 4284 2279 4339 Vers.
2313 4289 2403 4343 30.
2450 4290 2602 4345 Viam
2652 4298 2881 4353 veritatis
2926 4302 3089 4374 elegi;
3135 4309 3339 4377 judicia
3375 4322 3461 4365 tua

1868 4391 1968 4427 non
1998 4392 2110 4428 sum
2139 4379 2341 4434 oblitus.
2386 4381 2481 4435 Via
2525 4389 2749 4442 veritatis
2784 4390 3039 4449 Dominus
3074 4396 3321 4455 Christus
3352 4415 3456 4468 est,

1866 4466 1999 4520 sicut
2030 4468 2141 4532 ipse
2162 4470 2295 4525 dicit
2324 4491 2336 4524 :
2371 4474 2484 4545 Ego
2513 4494 2627 4531 sum
2663 4481 2764 4546 via,
2818 4488 3005 4541 veritas
3031 4499 3079 4542 et
3122 4493 3225 4547 vita
3272 4495 3454 4564 (Joan.

2173 4562 2402 4633 Elegisse
2449 4583 2507 4623 se
2553 4570 2767 4629 dicebat
2823 4582 3203 4640 sanctissimus
3257 4589 3457 4644 chorus

1868 4652 2126 4706 culturam
2164 4655 2369 4711 Domini
2394 4658 2685 4717 Salvatoris
2718 4669 2857 4723 inter
2881 4671 3125 4729 diversas
3150 4681 3330 4732 mumli
3365 4699 3456 4734 su-

1869 4760 1961 4811 pcr
1996 4746 2227 4811 titiones,
2264 4752 2457 4818 quibus
2490 4754 2804 4822 insipienter
2837 4765 3088 4819 mundani
3124 4771 3303 4837 populi
3333 4789 3452 4826 ser-

1867 4836 2098 4889 viebant.
2130 4838 2331 4907 liliqere
2359 4844 2502 4896 cnim
2533 4862 2637 4901 non
2670 4860 2774 4913 est,
2828 4854 2924 4907 nisi
2958 4857 3025 4909 de
3073 4862 3254 4914 multis
3287 4878 3450 4919 unum

1867 4926 2064 4995 legere.
2098 4930 2201 4983 Sed
2229 4932 2503 4989 videamus
2529 4954 2694 5006 quare
2719 4957 2777 4994 se
2810 4946 2934 4998 dicit
2964 4948 3192 5017 elegisse,
3225 4967 3342 5007 eum
3368 4958 3453 5007 di-

1866 5033 2018 5077 catur
2065 5026 2116 5078 in
2169 5028 2456 5097 Evangelia
2504 5035 2667 5087 :Non
2718 5054 2801 5091 ros
2851 5057 2929 5092 me
2957 5044 3196 5113 elegistis,
3244 5050 3334 5100 sed
3365 5068 3456 5117 ego

1859 5111 1987 5180 elegi
2015 5132 2097 5167 vos
2126 5118 2303 5185 (Jomt.
2354 5137 2441 5181 sv,
2492 5123 2593 5185 lli).
2624 5124 2752 5179 .iure
2793 5130 2955 5195 igitur
2987 5135 3214 5202 populus
3263 5140 3450 5192 beatus

1862 5203 1958 5256 ἱεή
1992 5206 2225 5273 dicebat,
2254 5214 2341 5277 qui
2372 5212 2478 5279 jam
2530 5216 2729 5270 rlccltts
2768 5217 2962 5283 fuerat,
3009 5241 3065 5277 [lt
3113 5226 3311 5295 eligere
3362 5247 3459 5298 po-

1864 5295 2084 5360 tuisset;
2118 5300 2254 5353 sicut
2288 5304 2336 5355 in
2362 5304 2468 5355 alio
2498 5307 2614 5359 loco
2637 5310 2760 5361 dicit
2790 5329 2803 5366 :
2829 5311 2977 5380 Elogi
3005 5316 3230 5384 abjcctus
3257 5336 3365 5373 csse
3394 5326 3448 5374 in

1862 5385 2013 5437 domo
2066 5388 2271 5443 Domini
2304 5395 2491 5462 (l’sal.
2536 5414 2767 5467 unum,
2802 5404 2917 5471 ll).
2978 5406 3165 5460 Merito
3214 5424 3343 5478 ergo
3392 5428 3450 5465 se

1862 5481 2071 5531 oblitum
2128 5482 2332 5537 Domini
2368 5490 2702 5545 ttondiccbal
2754 5509 2875 5549 esse
2921 5498 3147 5566 judicia,
3206 5502 3295 5567 qui
3330 5505 3419 5553 tali

1861 5571 2125 5623 electione
2154 5576 2437 5633 candebat.

2132 5666 2159 5681 σιν

1938 5664 2085 5718 Vers.
2132 5666 2219 5717 fit.
2264 5670 2470 5722 All/ursi
2514 5675 2815 5731 testimoniis
2862 5680 2982 5746 tuis,
3037 5680 3287 5751 Domino,
3342 5690 3446 5740 nuli

1858 5772 1934 5809 me
1984 5760 2315 5829 confundere.
2361 5762 2451 5818 lllc
2502 5768 2593 5835 qui
2642 5786 2700 5826 se
2744 5774 3037 5841 pavimento
3088 5780 3238 5849 prius
3269 5784 3443 5836 attines
