4032 6176
505 235 624 290 867

1719 226 1789 280 Μ.
1833 221 2106 276 Αυιιιεωι

2210 220 2548 278 lSSlODORl
3125 213 3163 228 ”
3656 230 3740 286 3.53

499 361 638 402 eme
674 343 904 410 dixerat,
961 357 1105 399 nunc
1133 355 1193 398 se
1233 338 1444 397 Domini
1478 339 1782 394 testimoniis
1827 336 2106 390 ηιΙΙιαιεὶδεε
2133 337 2184 398 Α
2210 334 2537 404 sublilesquc
2573 335 2824 392 minutias
2852 347 3013 389 omne
3045 334 3242 390 bonum
3271 341 3326 390 et
3361 348 3390 390 a
3430 334 3633 394 Domino
3659 345 3742 398 tri-

511 443 936 502 commemorat;
971 443 1030 490 ut
1057 434 1306 490 ostendat
1335 441 1648 504 provectum
1683 445 1742 485 se
1766 429 1890 484 vitae
1923 427 2104 481 divino

503 541 738 582 munere
783 506 1136 597 percepisse:
1169 523 1274 580 Sed
1327 523 1577 593 quoniam
1612 529 1780 576 totum
1827 521 1882 573 in
1923 518 2106 572 divina

503 619 744 673 'tuitione
769 616 1034 683 consistit,
1063 624 1214 686 rogat
1255 625 1312 670 ut
1339 615 1407 670 de
1432 613 1744 669 muneribus
1765 610 1972 666 collatis
1997 624 2102 662 non

513 707 693 770 cadat,
741 721 810 763 ne
855 707 921 762 ad
967 707 1308 762 verecundiae
1363 707 1586 761 confusa
1637 702 1934 772 perveniat.
1989 699 2104 754 Non

516 797 658 853 enim
692 811 750 850 se
778 806 960 850 sancta
991 797 1322 850 conscientia
1369 794 1654 865 negligenti
1687 794 1980 848 securitate
2023 804 2107 843 re-

517 890 759 954 miserat,
789 889 882 943 sed
915 891 1082 957 magis
1109 886 1248 956 quod
1295 893 1580 955 acceperat
1613 883 1830 938 humilis
1859 881 2108 934 amittere

519 981 862 1036 formidabat.
895 979 988 1035 Sic
1016 979 1158 1034 enim
1193 977 1448 1033 confundi
1502 969 1738 1045 poterat,
1765 974 1808 1028 si
1857 971 2106 1042 perderet

527 1071 930 1138 quudtencbaL

593 1165 743 1220 Vers.
786 1165 874 1221 52.
925 1164 968 1218 Υ
973 1165 1076 1218 iam
1101 1163 1461 1217 mandatorum
1491 1171 1696 1213 tuorum
1735 1156 1962 1222 cucurri,
1992 1169 2110 1208 cum

520 1256 768 1311 dilotarca
790 1271 878 1310 cor
903 1271 1093 1310 meum.
1131 1253 1227 1308 Via
1259 1255 1360 1310 ista
1389 1267 1546 1322 quam
1579 1249 1866 1304 multifarie
1894 1248 2108 1312 dicitur,

525 1363 686 1414 quam
729 1346 944 1401 diversa
973 1345 1230 1415 qualitate
1261 1343 1556 1398 tractaturi
1593 1341 1734 1396 Dixit
1761 1341 1905 1395 enim
1943 1353 2112 1407 supc-

522 1440 672 1496 rius:
718 1438 835 1492 Viaa
863 1453 1000 1492 nicas
1027 1438 1316 1502 enuntiavi;
1347 1434 1565 1502 deinde,
1604 1433 1752 1488 Viam
1781 1434 2114 1503 justiﬁcatio-

521 1551 640 1588 num
671 1543 870 1586 tuarum
893 1532 1088 1586 instrue
1109 1547 1236 1602 me;
1275 1537 1329 1585 et
1359 1532 1576 1594 iterum,
1633 1525 1780 1582 Viam
1826 1525 2113 1594 iniquitatis

521 1639 693 1678 amore
719 1639 750 1676 a
773 1638 852 1674 me
876 1638 895 1687 ;
927 1622 1141 1691 repetit,
1181 1619 1328 1674 Viam
1355 1618 1586 1674 ueritatis
1609 1615 1739 1686 elegi
1760 1630 1780 1679 ;
1808 1614 1876 1669 ad
1905 1624 2118 1684 postre-

2212 427 2324 492 bui,
2354 434 2410 482 et
2439 441 2534 496 per
2561 426 2737 496 ipsum
2767 427 2996 492 servari,
3035 437 3090 482 et
3111 425 3230 496 ejus
3258 427 3426 495 gratia
3455 443 3646 499 semper
3668 451 3749 490 au-

2209 519 2346 588 geri.
2377 519 2444 571 Et
2469 519 2590 572 vide
2635 533 2795 588 quam
2846 519 3072 586 pulchro
3113 518 3302 572 ordine
3333 528 3513 574 cuncta
3555 521 3749 576 descen-

2211 612 2362 666 dant.
2386 612 2539 668 Prius
2573 613 2723 682 petit,
2757 622 2812 664 ut
2841 613 2923 668 lea:
2945 612 2990 665 ei
3015 623 3306 682 poneretur,
3332 610 3381 664 id
3409 621 3485 666 est
3511 611 3632 668 Novi
3666 615 3753 670 Te-

2211 703 2486 768 stamenti,
2511 704 2636 772 quia
2671 702 2879 757 Veteris
2902 701 3012 770 jam
3045 701 3294 766 tenebat;
3329 700 3528 770 deinde,
3561 713 3612 756 ιιι
3637 706 3752 774 legit

2215 798 2382 864 ipsius
2412 796 2766 850 intentionem
2817 809 3143 864 cognoscere
3195 794 3493 856 trieruisset,
3525 807 3757 865 quatenus

2213 904 2330 943 eam
2361 887 2540 942 cordis
2571 887 2880 956 integritate
2901 897 3162 939 servaret.

2291 981 2441 1036 Vcrs.
2475 981 2566 1036 55.
2613 967 2790 1032 DEduc
2814 995 2891 1032 me
2937 979 2991 1032 in
3031 979 3266 1031 semitam
3310 977 3644 1031 mandatorum
3668 993 3762 1032 tuo-

2212 1073 2690 1144 rum,--quiaipsam
2709 1072 2868 1125 volui.
2898 1071 3032 1125 Cum
3072 1071 3123 1124 in
3165 1080 3352 1138 quarta
3401 1069 3564 1124 littora
3605 1088 3761 1124 cucur-

2215 1173 2342 1225 risse
2362 1184 2420 1225 se
2449 1169 2590 1224 dicat
2634 1169 2767 1222 viam
2815 1165 3198 1228 mandatorum,
3249 1163 3334 1218 hic
3364 1179 3422 1218 se
3467 1165 3518 1216 in
3544 1165 3760 1218 eamdem

2216 1264 2402 1320 deduci
2458 1264 2654 1316 iterum
2707 1259 3018 1330 postulavit.
3071 1257 3176 1312 Sed
3227 1256 3470 1310 mandata
3516 1256 3610 1311 ista
3655 1258 3765 1312 Novi

2217 1360 2545 1418 Testamenti
2578 1357 2834 1414 debemus
2878 1355 3146 1424 accipere,
3194 1353 3284 1407 ubi
3317 1367 3378 1406 se
3413 1353 3621 1421 perduci
3667 1369 3768 1405 ma-

2218 1466 2452 1524 gnopere
2499 1450 2840 1520 precabatur,
2891 1446 3142 1518 quoniam
3213 1443 3422 1499 Veteris
3471 1443 3770 1498 Testameuli

2217 1550 2550 1598 cucurrerat.
2580 1538 2656 1594 ita
2687 1539 2765 1603 lit,
2797 1548 2861 1592 ut
2886 1548 2939 1591 et
2969 1536 3089 1590 lidei
3133 1535 3468 1604 compleatur
3499 1533 3774 1588 desiderata

2221 1631 2502 1705 perfectio,
2532 1639 2586 1687 et
2609 1638 2793 1684 sancta
2823 1629 3098 1698 Scriptura
3142 1627 3279 1682 nihil
3321 1625 3428 1680 sibi
3478 1625 3773 1678 contrarium

523 1735 685 1784 ntunt,
751 1716 896 1770 Viam
945 1716 1304 1770 mandatorum
1359 1723 1563 1768 tuorum
1615 1710 1858 1776 cucurri;
1913 1716 1972 1762 ut
1995 1708 2106 1762 sive

2213 1729 2414 1784 dixisse
2444 1725 2707 1780 videatur.
2741 1722 2874 1777 Nam
2905 1736 3025 1775 cum
3057 1719 3184 1774 dicit
3217 1735 3229 1770 :
3259 1717 3443 1786 Ipsam
3483 1717 3636 1784 volui,
3661 1715 3775 1769 Novi

521 1814 696 1875 bonae,
731 1810 844 1865 sive
875 1808 1028 1864 malae
1061 1807 1184 1862 vita:
1215 1793 1350 1861 viam
1381 1805 1488 1860 dici
1513 1801 1845 1860 omnimodis
1875 1799 2105 1854 instrua-

520 1917 658 1956 mur.
685 1899 937 1955 Veritatis
983 1898 1230 1952 ordinem
1279 1911 1524 1961 servans,
1559 1893 1844 1948 cucurrisse
1871 1905 1932 1947 se
1980 1891 2110 1944 dicit

519 1995 649 2048 uiam
675 1992 1050 2052 mandatorum,
1079 1989 1334 2060 quoniam
1359 2002 1448 2048 cor
1477 2001 1634 2040 suum
1657 2001 1686 2040 a
1711 1983 1936 2038 Domino
1960 1996 2108 2036 assc-

519 2088 584 2140 rit
615 2101 722 2138 esse
751 2085 1042 2136 dilatatam.
1094 2081 1210 2136 Non
1241 2081 1384 2137 enim
1431 2080 1694 2148 potuisset
1719 2077 1806 2132 vel
1833 2076 2108 2130 ambulare

527 2178 608 2232 vel
643 2191 880 2241 currere,
915 2175 1014 2229 nisi
1047 2189 1134 2227 cor
1161 2173 1276 2242 ejus
1310 2173 1362 2226 in
1389 2171 1672 2226 latitudine
1701 2167 1942 2222 scientiae
1973 2165 2104 2220 ΐιιίς-

521 2279 600 2324 set
631 2279 952 2332 extensum;
987 2279 1108 2318 nam
1141 2279 1262 2318 cum
1295 2264 1376 2317 ria
1405 2262 1772 2315 mandatorum
1802 2257 1922 2328 ejus
1963 2257 2108 2324 lega-

521 2373 605 2414 tur
648 2366 892 2428 angusta,
923 2356 1026 2411 nisi
1051 2355 1272 2410 dilatato
1293 2352 1458 2408 corde
1499 2367 1602 2406 nou
1629 2351 1884 2404 curritur.
1915 2347 2108 2402 Anima

519 2452 660 2506 enim
692 2448 903 2518 quando
933 2447 1110 2501 lumen
1155 2445 1398 2500 veritatis
1441 2441 1729 2511 acceperit,
1781 2440 1834 2493 in
1869 2437 2108 2493 multifa-

519 2546 625 2600 rias
655 2541 956 2612 agnitiones
987 2537 1264 2607 aperitur;
1303 2541 1358 2588 cl.
1405 2534 1560 2588 latior
1608 2531 1852 2587 redditur
1894 2527 2108 2582 virtuti-

521 2638 620 2690 l-us
665 2633 912 2704 cognitis,
949 2645 1068 2701 qua:
1099 2631 1248 2699 prius
1291 2627 1464 2682 fuerat
1514 2632 1794 2696 angustata
1847 2621 2104 2692 peccatis.

517 2731 664 2786 Betae
691 2736 866 2781 autem
897 2725 1050 2788 dixit,
1084 2724 1305 2788 cucurri,
1340 2730 1396 2774 ut
1429 2717 1738 2774 ostenderet
1763 2731 1822 2772 se
1851 2715 1916 2770 ad
1943 2714 2106 2770 ﬁdem

519 2831 718 2878 rectam
745 2815 1004 2872 velociter
1036 2813 1244 2868 Domini
1277 2827 1500 2867 munere
1529 2809 1860 2879 pervenisse.
1893 2807 2098 2860 Cucur-

519 2915 582 2968 rit
613 2911 756 2966 enim
782 2909 924 2962 viam
967 2904 1166 2977 justus,
1215 2904 1391 2959 donec
1441 2901 1602 2974 (sicut
1631 2900 1762 2956 dicit
1789 2899 2105 2970 Apostolus)

519 3001 794 3074 perveniat
835 2998 900 3054 ad
951 3000 1183 3068 pa'mam
1229 3009 1476 3064 supernae
1530 2991 1830 3049 vocationis
1877 2988 2103 3062 (Philip.

519 3109 572 3150 ιιι
597 3136 610 3159 ,
640 3093 748 3162 tt).

592 3186 748 3242 Vers.
779 3184 870 3239 5'5.
899 3209 968 3222 —-
1013 3197 1064 3233 v.
1113 3179 1214 3234 lle.
1257 3178 1440 3249 Legem
1490 3193 1622 3248 pone
1677 3176 1821 3241 mihi,
1869 3173 2104 3241 Dom'ne,

519 3278 653 3330 riam
691 3273 1126 3344 justiﬂcatiouuiu
1179 3279 1470 3332 ttta;unt,et
1522 3269 1784 3338 exquiram
1815 3284 1928 3321 eam
1975 3283 2108 3320 sem-

519 3385 629 3440 per.
654 3366 732 3420 Ad
765 3365 1001 3434 quintam
1034 3362 1268 3415 litteram
1302 3361 1452 3428 plebs
1479 3360 1632 3414 beata
1657 3359 1942 3428 processit,
1969 3358 2110 3412 mul-

519 3461 590 3517 tis
635 3457 807 3514 modis
839 3464 1098 3524 expetens
1146 3458 1205 3504 ut
1257 3452 1308 3503 in
1359 3452 1474 3520 lege
1523 3451 1730 3506 Domini
1773 3451 1892 3521 ejus
1917 3450 2109 3504 debeat

519 3546 746 3606 munere
781 3543 1060 3602 custodiri.
1097 3542 1478 3610 inquirendum
1522 3544 1674 3612 plane
1699 3557 1856 3610 quam
1887 3540 1989 3595 sibi
2035 3539 2110 3594 le-

520 3661 630 3716 gem
656 3651 800 3712 petat
831 3640 1055 3710 pottulus
1083 3638 1185 3693 iste
1211 3637 1486 3702 constitui,
1521 3637 1610 3706 qui
1658 3635 1904 3704 superius
1947 3633 2101 3700 dixit,

519 3747 562 3792 et
587 3739 638 3791 in
673 3737 782 3806 lege
805 3745 891 3787 tua
915 3735 1148 3788 miserere
1179 3734 1298 3788 mei.
1333 3731 1464 3788 illud
1498 3731 1695 3786 dictum
1727 3737 1808 3784 est
1830 3729 1897 3782 de
1932 3727 2105 3782 Veteri

519 3830 900 3892 Testamento;
937 3839 1076 3880 nunc
1116 3837 1296 3881 autem
1331 3837 1520 3879 novam
1553 3822 1716 3893 legem
1746 3819 1980 3890 postulat
2005 3819 2104 3874 sibi

517 3923 716 3978 debere
749 3919 893 3989 poni,
939 3920 1188 3974 veniente
1235 3918 1442 3973 scilicet
1491 3916 1720 3970 Domino
1768 3913 2014 3978 Christo;
2051 3919 2109 3965 ut

518 4013 612 4068 illo
660 4012 890 4068 adven'u
938 4019 1140 4066 sancta:
1185 4008 1571 4065 incarnationis
1615 4007 1829 4076 expleto
1878 4005 1995 4078 [ηις.
2036 4003 2104 4058 G.

519 4107 696 4167 «rem,
733 4103 1026 4174 expletus],
1078 4101 1316 4172 perfecto
1362 4099 1682 4156 Christianae
1739 4097 1856 4152 lidei
1910 4096 2106 4152 robore

519 4197 854 4256 tit-marrtur;
891 4195 1027 4249 sicut
1056 4193 1256 4248 dictum
1301 4201 1420 4247 cst:
1462 4189 1536 4244 De
1572 4189 1698 4244 Sion
1727 4188 1882 4242 exibit
1919 4188 2024 4253 lex,
2056 4197 2104 4239 et

518 4288 718 4338 rer-(mm
762 4283 966 4336 Domini
1007 4285 1070 4336 de
1099 4280 1388 4336 Jerusalem
1437 4282 1590 4353 (lsai.
1643 4296 1714 4344 ιι,
1747 4279 1823 4351 5).
1859 4277 2104 4349 Denique

520 4379 709 4447 iugiter
730 4392 790 4432 se
811 4391 926 4430 eam
957 4377 1085 4431 dicit
1127 4376 1414 4445 exquirere.
1461 4375 1595 4430 lllud
1645 4375 1788 4428 enim
1833 4373 2103 4428 desiderio

2213 1819 2544 1878 Tcstamcnti
2598 1815 2930 1885 spiritualem
3012 1813 3235 1882 gratiam
3309 1811 3570 1880 probatur
3635 1823 3777 1874 etpe-

2211 1920 2357 1976 tere,
2393 1925 2486 1980 per
2510 1921 2666 1978 quam
2706 1919 2764 1960 se
2786 1904 2852 1958 ad
2881 1903 3138 1984 cm’lorum
3169 1918 3336 1972 regna
3367 1909 3586 1954 noverat
3610 1914 3777 1968 pervc-

2213 2017 2350 2056 mre.

2284 2091 2438 2146 Vers.
2471 2087 2558 2142 56.
2601 2085 2808 2140 lnolina
2835 2099 2922 2138 cor
2961 2099 3126 2136 meum
3169 2083 3220 2134 in
3259 2081 3556 2135 testimonia
3599 2089 3699 2146 tua,
3739 2089 3777 2130 et

2211 2185 2386 2238 nonin
2417 2180 2702 2234 avaritiam.
2729 2175 3194 2246 Diligenterverba
3221 2173 3330 2227 ista
3350 2173 3620 2228 tractanda
3652 2181 3778 2226 sunt.

2211 2275 2462 2330 Iuctinari
2489 2289 2576 2326 cor
2605 2285 2760 2324 suum
2806 2271 2942 2338 petit
2992 2268 3043 2322 in
3079 2269 3379 2322 testimonia
3433 2266 3660 2330 homini,
3711 2264 3782 2316 ubi

2212 2383 2320 2420 non
2347 2381 2441 2434 per
2471 2377 2719 2432 rapacem
2753 2358 3058 2425 avaritiam,
3095 2357 3190 2412 scd
3223 2373 3328 2424 per
3361 2357 3674 2412 laudabiietn
3704 2355 3786 2406 bu.

2213 2459 2493 2512 militatem
2563 2459 2853 2523 praestante
2906 2450 3134 2504 Domino
3181 2449 3521 2518 pervenitur.
3568 2445 3788 2499 Inclinati

2211 2551 2354 2606 enim
2397 2549 2588 2604 melius
2618 2544 2984 2613 conspicimus
3014 2559 3132 2613 quae
3187 2553 3324 2598 ante
3373 2544 3560 2616 oculos
3601 2551 3788 2596 nostros

2211 2658 2330 2698 esse
2363 2635 2760 2702 punisti-antur;
2795 2651 2918 2690 nam
2973 2635 3048 2688 illi
3109 2637 3196 2705 qui
3253 2635 3428 2690 erecti
3475 2644 3528 2690 et
3569 2635 3784 2686 vanitate

2212 2733 2385 2802 supini
2415 2737 2562 2797 sunt,
2597 2743 2930 2798 nequaquam
2981 2735 3207 2796 possunt
3239 2729 3489 2798 subjecta
3537 2728 3696 2782 oculis
3725 2727 3788 2780 in-

2213 2827 2367 2882 tueri.
2407 2824 2641 2890 Addidit,
2674 2830 2720 2878 et
2750 2839 2852 2876 non
2873 2823 2924 2874 in
2955 2822 3254 2876 auaritiam.
3289 2821 3482 2878 Sciens
3507 2821 3589 2876 illa
3615 2820 3788 2874 cohors

2211 2933 2516 2974 sauciorum
2547 2917 2818 2970 avaritiam
2839 2928 3091 2983 capacem
3135 2929 3264 2968 esse
3305 2915 3586 2974 vitiorum,
3616 2911 3744 2966 hanc
3765 2927 3789 2962 ει

2211 3027 2267 3066 se
2298 3011 2495 3078 expetit
2524 3007 2779 3075 amoveri,
2811 3016 2868 3061 ut
2909 3007 3168 3075 patuisset
3196 3015 3315 3062 toto
3347 3005 3516 3062 eorde
3556 3003 3618 3058 ad
3659 3002 3792 3058 Scri-

2141 3105 2183 3168 C
2221 3117 2401 3174 pturas
2453 3102 2842 3158 sacratissitnas
2895 3100 3181 3154 salubiter
3240 3099 3516 3154 inclinari.
3585 3095 3794 3150 Avaritia

2209 3201 2352 3253 enim
2381 3209 2458 3252 est
2495 3193 2868 3264 temporalium
2907 3209 3086 3246 rerum
3131 3191 3373 3260 ﬂagrans
3405 3190 3626 3246 omnino
3669 3186 3794 3238 desi«

2207 3290 2438 3352 deriutu,
2467 3287 2613 3342 unde
2643 3295 2698 3340 et
2728 3287 2932 3354 primus
2981 3285 3144 3336 homo
3175 3283 3453 3350 peccavit,
3505 3291 3558 3334 et
3585 3278 3688 3330 suis
3715 3292 3798 3344 po-

2211 3382 2370 3436 steris
2403 3367 2530 3435 vilia
2576 3378 2844 3432 incentiva
2899 3375 3208 3445 dereliquit.
3269 3375 3412 3430 ilinc
3466 3383 3522 3428 et
3573 3369 3796 3426 diabolus

2209 3473 2481 3528 accusavit
2504 3470 2628 3538 Job,
2660 3469 2846 3526 dicens
2877 3467 3018 3538 (Job.
3049 3484 3103 3536 t,
3135 3468 3228 3538 10)
3257 3486 3271 3522 :
3320 3468 3558 3536 Drepter
3595 3465 3796 3520 divitias

2209 3581 2340 3636 quas
2373 3565 2446 3618 illi
2477 3563 2722 3625 dederat,
2773 3576 2878 3616 non
2908 3569 3127 3630 propter
3171 3560 3356 3628 ipsam
3403 3556 3800 3628 contemplatio-

2209 3671 2330 3712 nem
2354 3671 2458 3724 qua
2501 3653 2674 3709 bonus
2695 3664 2798 3718 est,
2825 3651 2895 3707 ab
2922 3667 2986 3706 eo
3018 3651 3312 3706 Dominum
3339 3651 3511 3706 luisse
3539 3649 3800 3705 dilectum.

2209 3749 2360 3817 Quod
2392 3761 2624 3814 sequens
2659 3743 2997 3813 impugnavit
3023 3753 3280 3808 eventus,
3334 3742 3558 3812 quando
3586 3743 3666 3794 vir
3691 3753 3802 3793 san-

2209 3856 2328 3896 ctus
2374 3840 2426 3893 in
2459 3839 2711 3892 omnibus
2741 3836 2985 3892 adversis
3017 3833 3252 3890 Domino
3287 3837 3503 3905 gratias
3557 3833 3800 3888 actitavit.

2211 3933 2349 3988 Petit
2377 3947 2504 4000 ergo
2533 3931 2756 3999 pupulas
2788 3929 2975 3982 beatus
3006 3937 3060 3980 ut
3087 3926 3229 3981 hanc
3262 3928 3550 3981 auaritiam
3575 3926 3641 3994 de
3661 3922 3804 3976 corde

2209 4027 2324 4096 ejus
2355 4035 2626 4086 amoveat,
2657 4029 2707 4077 et
2740 4020 2804 4076 ad
2840 4017 3144 4076 testimonia
3177 4019 3405 4074 Domini
3441 4018 3562 4074 solo
3591 4013 3806 4087 protrita.

2215 4121 2282 4173 tis
2309 4118 2563 4172 invitetur
2593 4113 2808 4170 aliectu.

2281 4207 2432 4264 V’crs.
2464 4209 2550 4262 57,
2595 4209 2772 4262 Auct-te
2789 4205 2962 4259 oculos
2985 4220 3124 4258 meos
3165 4221 3229 4257 ne
3259 4205 3484 4259 videant
3511 4201 3804 4256 vanitatem,

2209 4305 2260 4356 in
2293 4303 2370 4354 vit:
2397 4311 2482 4354 tuo
2523 4299 2722 4369 viui/ica
2769 4314 2866 4353 nte.
2903 4297 3048 4352 Multi
3072 4296 3238 4365 hujus
3294 4297 3490 4352 saeculi
3523 4294 3806 4364 prudentes

2208 4411 2271 4448 co
2299 4394 2552 4447 tlittettlizl!
2581 4406 2638 4446 se
2671 4392 2784 4461 lege
2809 4389 3068 4444 moderati
3104 4397 3260 4454 sunt,
3291 4399 3356 4444 ut
3391 4389 3676 4444 hominum
3708 4396 3810 4438 ma-

520 4469 892 4524 inardesccnte
916 4484 1132 4538 semper
1156 4467 1477 4537 exquiritur,
1510 4469 1647 4540 quod
1681 4469 1866 4523 venire
1895 4468 2099 4537 magnis

2213 4490 2290 4556 gis
2335 4503 2492 4554 quam
2527 4485 2739 4540 Domini
2791 4483 2995 4553 judicio
3025 4481 3192 4554 404
3247 4485 3686 4554 cornplaccrent.
3719 4474 3812 4532 Sed

523 4563 770 4633 precibus
799 4564 1116 4631 postulatur.

596 4655 669 4710 \‘e
704 4669 748 4706 s.
779 4655 866 4708 δί.
915 4653 993 4706 Da
1040 4654 1162 4707 mihi
1193 4654 1525 4710 intellectum.
1557 4667 1598 4704 t':
1635 4654 1900 4705 scrutabor
1945 4651 2103 4724 legem

521 4759 694 4811 tuam;
726 4757 772 4801 ct
795 4749 1079 4802 custodiam
1112 4747 1256 4800 illam
1286 4748 1338 4800 in
1363 4756 1465 4800 toto
1493 4747 1644 4800 corde
1673 4764 1804 4800 meo.
1839 4747 2103 4801 Conside-

521 4842 746 4898 randum
785 4851 867 4896 est
897 4842 1020 4908 ηιιὶιι
1067 4841 1166 4894 sibi
1210 4840 1334 4894 velit
1368 4841 1505 4910 quod
1553 4840 1746 4892 iterum
1790 4841 1942 4906 petit,
1991 4855 2109 4908 qure

521 4936 672 5002 prius
706 4947 762 4986 se
788 4933 1058 4996 arcuisse
1098 4935 1432 4996 memoravit,
1471 4931 1519 4984 id
1553 4943 1651 4995 est,
1693 4929 1842 4984 Viam
1885 4932 2106 4983 manda-

517 5033 915 5080 torumtttorum
958 5024 1204 5087 cucurri;
1261 5023 1464 5077 scilicet
1517 5023 1638 5088 quia
1697 5021 1836 5074 dona
1893 5021 2106 5075 Domini

520 5117 774 5172 co-ttinuc
799 5126 922 5170 sunt
947 5115 1193 5186 petenda.
1227 5115 1454 5184 Semper
1483 5116 1624 5170 enim
1653 5123 1870 5183 prmstat
1897 5116 1984 5184 qui
2015 5116 2107 5169 do-

521 5221 642 5263 nata
671 5219 980 5274 conservat;
1011 5218 1054 5260 ιι
1087 5207 1346 5276 probabili
1381 5207 1648 5262 desiderio
1683 5207 1937 5260 continue
1971 5207 2108 5276 peti-

517 5317 659 5367 mus,
691 5301 828 5368 quod
875 5303 925 5355 in
969 5301 1122 5354 nobis
1157 5317 1470 5367 permanere
1502 5300 1699 5370 jugiter
1753 5301 2100 5369 postulamus.

515 5393 634 5463 ipse
667 5393 808 5448 enim
837 5401 1204 5460 perscrutatur
1247 5389 1386 5446 hanc
1445 5392 1638 5459 legent,
1687 5391 1770 5444 cui
1803 5391 2104 5446 intellectus

514 5497 852 5555 pra-statura
889 5483 1135 5538 Domino.
1185 5485 1248 5538 Et
1279 5493 1334 5538 ut
1381 5489 1736 5539 constantiam
1786 5483 1886 5553 pii]?
1934 5484 2106 5551 petic-

513 5579 708 5638 (tinnis
731 5577 1059 5645 ostenderet,
1083 5593 1200 5632 eam
1229 5594 1287 5632 se
1315 5578 1443 5632 dicit
1469 5581 1520 5632 in
1549 5589 1652 5632 toto
1699 5577 1852 5630 corde
1881 5592 1980 5631 suo
2015 5577 2104 5629 Di-

519 5668 758 5724 vinitatis
799 5684 1018 5724 munere
1045 5671 1302 5726 custodire
1335 5687 1352 5725 :
1393 5671 1676 5726 declarans
1710 5685 1802 5736 per
1827 5669 2106 5724 universas

2215 4582 2300 4634 ἰςιί
2325 4595 2540 4648 operam
2571 4595 2720 4634 suam
2757 4593 2896 4633 vano
2927 4577 3106 4634 studio
3135 4575 3544 4645 perdiderunt;
3577 4571 3812 4647 quoniam

2213 4671 2467 4738 scriptum
2520 4679 2602 4723 est
2633 4686 2646 4721 :
2681 4667 2766 4722 Ne
2795 4667 3002 4738 faciatis
3041 4667 3318 4737 justitiam
3373 4679 3602 4722 uestram
3657 4677 3812 4717 caram

2214 4761 2500 4814 hominibus
2533 4759 2864 4826 (;tiatth.vt,
2919 4756 2991 4827 i).
3049 4757 3204 4813 Unde
3263 4773 3418 4814 nunc
3477 4757 3632 4826 plebs
3675 4753 3812 4806 beata

2215 4856 2532 4922 deprecatur
2561 4863 2614 4904 ut
2643 4852 2816 4906 oculos
2845 4851 3024 4905 cordis
3071 4851 3192 4918 ejus
3225 4865 3260 4904 a
3295 4851 3392 4904 tali
3423 4848 3702 4918 proposito
3727 4845 3814 4896 llo-

2215 4946 2389 5000 minus
2416 4945 2666 5014 dignetur
2703 4953 2964 4998 avertere:
3012 4957 3080 4998 ne
3130 4955 3406 5010 perversa
3439 4936 3814 4996 consuetudine

2215 5037 2497 5091 mundanis
2528 5037 2692 5105 possit
2729 5035 3172 5090 delectationibus
3209 5034 3496 5103 implicari
3527 5051 3540 5084 :
3577 5031 3698 5101 quia
3725 5041 3814 5084 nos

2210 5139 2262 5184 et
2291 5143 2386 5199 per
2412 5129 2599 5183 oculos
2632 5143 2860 5192 peccare
2899 5143 3004 5181 non
3035 5125 3266 5181 dubium
3299 5135 3410 5190 est,
3436 5126 3566 5180 dum
3595 5134 3812 5190 conspc‘

2188 5234 2414 5274 .ctarutn
2439 5235 2617 5273 rerum
2646 5218 2939 5273 ambitione
2959 5215 3322 5271 traducimur.
3353 5219 3440 5270 Ab
3471 5215 3572 5272 hac
3597 5217 3736 5269 enim
3763 5227 3816 5260 se

2215 5311 2448 5363 vanitate
2479 5309 2593 5362 fieri
2629 5309 2946 5379 deprecatur
2993 5308 3259 5372 alzeuum,
3312 5307 3580 5376 quoniam
3631 5304 3814 5358 scit-bat

2213 5404 2338 5457 inde
2363 5401 2651 5456 maximtnn
2681 5401 2864 5455 venire
2919 5411 3222 5468 peccatum.
3284 5399 3430 5454 lliuc
3475 5409 3725 5453 notantur
3771 5401 3816 5444 cl

2215 5493 2290 5547 illi
2325 5493 2414 5563 qui
2470 5493 2700 5548 diversis
2752 5491 3071 5560 Spectaculis
3119 5503 3512 5558 occupantur;
3576 5490 3696 5542 hinc
3733 5485 3814 5552 ιιιιξ

2217 5585 2498 5640 mulierum
2527 5585 2664 5639 [uado
2687 5599 2872 5638 arnore
2903 5583 3182 5652 rapiuntur
3205 5597 3220 5647 ;
3251 5582 3386 5637 hinc
3413 5585 3506 5650 qui
3533 5583 3764 5636 alienant
3791 5591 3816 5626 tt

2213 5691 2388 5732 rerum
2468 5675 2862 5746 possessionem
2938 5671 3190 5744 improbe
3247 5675 3672 5740 concupiscunt.
3723 5665 3818 5722 Sr-l
