3966 6172
217 371 315 426 13-59

1109 369 1466 428 EXI‘OSITIO
1506 368 1568 424 IN
1610 367 2070 426 PSALTERIUM.
2111 370 2306 453 PSH...
2347 371 2575 428 CXVIII.

3387 373 3488 424 εἶθ

215 488 335 540 huic
361 485 601 553 petitioni
630 483 842 539 additur
869 491 923 540 et
948 482 1040 538 illa
1069 483 1358 554 perfectio;
1385 492 1443 538 ut
1470 484 1525 536 in‘
1551 483 1633 536 via
1673 497 1791 544 sua,
1824 480 1875 540 Δ
1903 481 2157 537 Precatur
2184 499 2313 554 ergo
2339 493 2402 538 'ut
2444 499 2601 553 supra
2633 499 2752 540 eam
2803 483 3064 539 Dominus
3107 483 3354 541 Salvator
3399 485 3495 539 ad-

214 578 261 631 id
298 588 381 632 est
430 577 482 630 in
540 576 766 628 Domino
811 574 1028 630 Chrlsto
1071 589 1194 631 eum
1227 576 1483 641 vivi/icore
1524 574 1795 644 dignetur,

213 667 264 722 in
296 682 404 734 quo
440 680 571 720 vere
596 665 904 734 viviﬁcatur,
937 665 1062 734 quia
1105 679 1252 720 mors
1275 665 1390 734 ejus
1415 665 1612 720 virtute
1641 677 1800 733 supe-

211 770 383 814 ratur.
1093 751 1111 774 ³

290 849 444 903 γεῖς.
494 846 584 902 '58.
629 846 814 901 Statue
836 864 981 902 servo
1030 858 1118 903 tuo
1155 849 1414 917 eloquium
1459 858 1603 903 tuum
1660 849 1712 901 in
1736 849 1800 901 ti-

210 959 353 996 more
386 951 493 996 tuo.
526 939 727 1004 Statue,
756 939 909 1006 dicit,
951 949 1096 995 stare
1134 939 1238 1006 fac,
1264 939 1317 994 id
1341 949 1446 1006 est,
1474 938 1655 1007 inﬁge,
1687 953 1805 992 eon-

209 1035 384 1088 Sulltla
419 1043 579 1102 atque
609 1031 870 1086 conﬁrma
903 1050 916 1084 :
950 1047 1018 1087 ne
1058 1040 1304 1087 sanctum
1330 1031 1600 1100 eloquium
1634 1029 1803 1100 fugaci

210 1126 489 1181 oblivione
518 1125 989 1194 dilabatur;quod
1041 1125 1095 1179 in
1147 1125 1348 1180 nostris
1405 1138 1621 1192 semper
1647 1124 1808 1178 debet

211 1220 459 1275 sensibus
485 1217 746 1272 stabiliter
775 1232 1117 1285 permanere.
1149 1213 1248 1272 Cui
1290 1217 1369 1272 rei
1417 1216 1553 1271 bene
1577 1214 1806 1280 addidit,

209 1313 470 1374 timorem,
504 1324 560 1366 ut
585 1329 800 1383 semper
827 1330 1044 1370 oremus
1073 1331 1141 1370 ne
1168 1323 1414 1384 suscepta
1435 1329 1656 1368 munera
1684 1327 1806 1382 pos-

210 1404 382 1460 simus
428 1406 700 1473 amittere,
747 1416 800 1460 et
839 1408 1054 1476 gravius
1096 1408 1166 1463 sit
1193 1407 1528 1462 dulcedinem
1559 1405 1810 1460 didicisse

211 1508 330 1561 qua:
364 1504 569 1561 pereat.
613 1495 922 1565 Subjunxit,
971 1507 1076 1563 tuo,
1108 1497 1200 1566 qui
1248 1498 1314 1551 ab
1359 1499 1592 1550 humano
1619 1496 1810 1550 timore

214 1584 371 1654 longe
397 1587 662 1641 discretus
712 1598 814 1643 est.
845 1588 948 1642 Iste
981 1588 1120 1642 enim
1174 1588 1252 1643 sic
1301 1588 1570 1652 tormidat,
1603 1595 1662 1640 ut
1691 1586 1814 1640 dili-

214 1684 335 1743 gat;
389 1677 469 1730 sic
513 1676 725 1743 quaerit.
760 1685 819 1731 ut
854 1693 1122 1746 nunquam
1175 1677 1385 1731 desinat
1427 1691 1608 1730 amare
1653 1691 1812 1744 quiem

215 1767 424 1820 metuit.
478 1768 542 1820 Et
577 1769 696 1831 quia
729 1768 941 1836 plurimi
987 1768 1200 1836 eloquia
1256 1766 1464 1821 Domini
1515 1766 1817 1834 suscipiunt

1905 572 2104 639 veniat,
2135 574 2223 641 qui
2255 583 2337 629 est
2361 575 2711 628 misericordia
2739 584 3106 644 peccatorum,
3140 583 3196 630 et
3219 575 3327 629 vita
3357 573 3492 632 ﬁde-

1907 663 2059 718 lium.
2089 664 2163 718 Et
2205 674 2264 719 ut
2323 665 2465 721 banc
2511 666 2934 722 misericordiam
2984 665 3292 737 specialiter
3319 666 3494 736 ipsum

1903 757 2183 814 debuisses
2205 759 2507 828 advertere,
2558 769 2801 817 secutum
2859 771 2978 828 est,
3029 764 3258 818 salutare
3309 773 3498 838 tuum;

1905 863 2092 902 revera
2135 864 2226 917 per.
2268 865 2428 918 quem
2477 851 2626 906 salus
2683 853 2934 923 gentibus
2960 854 3126 918 venit,
3164 855 3253 922 qui
3298 853 3497 910 mundo

1905 941 2187 1010 aegrotanti
2220 942 2540 997 medicinam
2589 959 2701 998 sua:
2742 946 2954 1015 pietatis
2988 947 3252 1000 attribuit.
3295 946 3499 1002 Secun-

1907 1033 2025 1084 dum
2058 1032 2325 1103 eloquium
2355 1043 2521 1103 tuum,
2556 1035 2710 1102 dixit,
2748 1037 2798 1090 id
2829 1045 2911 1091 est
2939 1037 3230 1092 secundum
3264 1039 3497 1107 promis-

1906 1122 2110 1176 sionem
2145 1131 2312 1189 tuam,
2336 1138 2494 1194 quam
2527 1141 2622 1195 per
2642 1128 2932 1196 prepltetas
2962 1131 3304 1200 cognosr'eris
3335 1131 3500 1186 fuisse

1912 1212 2201 1283 pollicitus.

1985 1305 2138 1360 Vers.
2172 1305 2262 1360 42.
2309 1306 2374 1360 Et
2417 1309 2729 1378 respondebo
2766 1309 3192 1381 exprobrantibus
3227 1311 3359 1367 nti/ti
3391 1326 3501 1364 ver-

1912 1397 2049 1461 bum,
2078 1398 2196 1466 quia
2220 1399 2417 1468 speravi
2439 1401 2490 1451 in
2519 1400 2835 1454 sermonibus
2863 1400 2982 1454 tuis.
3021 1399 3144 1454 llmc
3173 1399 3328 1454 nobis
3361 1401 3502 1454 indi-

1911 1498 1998 1542 cat
2036 1491 2278 1544 absoluta
2310 1489 2430 1561 [ms.
2467 1490 2532 1545 G.
2558 1503 2601 1545 et
2627 1493 2737 1558 ed.,
2782 1491 3046 1562 absolute]
3069 1493 3352 1557 sententia,
3383 1509 3502 1548 cum

1915 1580 2313 1636 adversantium
2376 1582 2538 1637 fuerit
2587 1583 2796 1652 objecta
2850 1584 3121 1650 versutia;
3179 1585 3267 1654 qui
3329 1593 3504 1639 tamen

1917 1682 2138 1741 possunt
2168 1673 2411 1739 recipere
2441 1675 2727 1739 rationem,
2759 1690 2862 1728 non
2897 1675 3050 1729 nobis
3074 1676 3380 1740 tacendum,
3406 1677 3504 1730 sed

1917 1763 2349 1831 respondendum
2392 1777 2511 1817 esse
2543 1764 2770 1818 viriliter
2803 1781 2816 1816 :
2869 1778 2935 1818 ne
2966 1763 3066 1818 sibi
3101 1764 3506 1834 malignautinm

215 1858 566 1926 negligenter,
589 1869 644 1912 et
670 1867 919 1927 tanquam
951 1858 1157 1911 fabulas
1197 1857 1412 1910 inutiles
1441 1856 1627 1909 audire
1647 1854 1812 1909 decli-
1845 1865 1891 1924 Β
1919 1855 2263 1926 prtesumptio
2293 1855 2539 1924 superior
2567 1869 2688 1911 esse
2715 1854 2981 1910 videatur.
3010 1854 3341 1926 Exprobrant
3365 1857 3508 1912 enim

217 1961 365 2012 nam,
413 1950 606 2004 merito
629 1948 855 2012 addidit,
889 1951 942 2002 in
989 1950 1169 2002 timore
1200 1957 1309 2012 tuo,
1365 1946 1454 2000 ubi
1504 1961 1605 2001 nec
1655 1946 1810 2014 culpa

216 2042 580 2110 conquiritur,
606 2056 705 2096 nec
743 2040 809 2095 ad
839 2040 1060 2096 desidia:
1089 2040 1398 2094 discrimina
1431 2037 1762 2108 pervenitur.

293 2134 450 2189 Vers.
495 2133 585 2190 59.
629 2136 854 2202 Amputa
897 2133 1227 2203 approbrium
1273 2147 1442 2184 meum
1481 2129 1618 2200 quod
1647 2129 1817 2199 suspi-

215 2233 362 2278 catus
390 2241 525 2290 sum,
557 2226 680 2295 quia
709 2225 900 2292 judicia
925 2233 1016 2277 tua
1039 2222 1292 2289 iucunda.
1321 2221 1381 2276 ln
1411 2221 1510 2276 hac
1546 2221 1814 2276 sententia

217 2319 515 2372 maximum
549 2320 736 2371 vitium
769 2315 1116 2371 immanitatis
1141 2315 1449 2384 exponitur.
1485 2312 1631 2366 Multi
1664 2311 1808 2366 enim

217 2409 264 2464 in
303 2410 636 2478 opprobrium
676 2409 874 2462 cadunt
903 2408 1061 2463 aliter
1089 2421 1245 2476 quam
1277 2405 1469 2458 habeat
1495 2404 1691 2458 veritas
1721 2418 1814 2457 su-

217 2501 505 2568 spicando;
561 2516 722 2571 quam
756 2503 967 2570 cu!pam
1022 2516 1053 2554 a
1103 2514 1162 2555 se
1205 2498 1480 2553 desiderat
1527 2494 1817 2566 amputari.

220 2593 322 2648 Pro
349 2594 540 2648 multis
562 2594 706 2648 enim
740 2594 898 2648 ma'is
919 2608 1068 2662 saepe
1095 2592 1293 2646 bonum
1324 2589 1690 2646 testimonium
1726 2589 1816 2642 da-

220 2701 356 2750 mus,
394 2696 557 2755 atque
587 2687 778 2739 iterum
809 2686 875 2740 de
907 2686 1060 2739 bonis
1106 2684 1246 2738 mala
1291 2683 1523 2737 dicimus
1571 2681 1818 2734 nescien-

220 2784 295 2829 tes
319 2791 334 2840 ;
362 2785 421 2830 et
445 2791 671 2830 necesse
713 2784 795 2831 est
836 2774 1216 2830 verecundiam
1251 2775 1512 2837 incurrat,
1549 2773 1638 2840 qui
1666 2769 1822 2839 igitu-

223 2882 342 2920 rans
371 2867 574 2937 aliquid
599 2877 898 2922 asseverat.
942 2866 1114 2933 Suspi;
1138 2866 1188 2918 io
1210 2865 1350 2918 enim
1380 2863 1678 2932 svepisﬁme
1703 2878 1845 2930 pro--

220 2956 377 3010 batur
412 2957 639 3020 incerta,
673 2973 792 3026 qua:
835 2959 951 3010 viro
1008 2972 1112 3009 non
1159 2954 1413 3008 convenit
1465 2951 1819 3017 Christiano;

221 3047 334 3103 bazc
385 3064 522 3118 ergo
571 3049 808 3118 suspicio
856 3049 1002 3102 ducit
1033 3048 1099 3102 ad
1133 3047 1510 3116 opprobrium,
1560 3045 1699 3114 quod
1757 3059 1822 3099 ex

220 3149 448 3208 peccato
477 3141 734 3194 nascitur.
768 3139 897 3194 Jure
925 3154 1053 3208 ergo
1093 3138 1195 3194 sibi
1238 3137 1514 3208 quaerebat
1545 3135 1822 3204 amputari,

222 3231 364 3285 unde
403 3246 532 3284 reus
559 3237 774 3299 poterat
812 3230 1062 3284 inveniri.
1099 3229 1276 3283 Primo
1305 3227 1585 3281 confessus
1614 3238 1698 3280 est
1741 3227 1820 3279 in-
1851 3242 1896 3304 ρ

221 3321 536 3378 li:mitatem
567 3339 738 3388 suam,
775 3338 913 3377 nunc
960 3321 1166 3376 Domini
1209 3322 1554 3390 Cognoscitur
1603 3319 1822 3373 laudare

222 3415 437 3480 judicia.
468 3417 621 3484 ctijus
648 3415 865 3469 Vt'l'bllln
897 3429 1080 3468 verum
1107 3424 1188 3468 est
1215 3396 1503 3481 ﬁrmaque
1525 3411 1819 3466 seu'entia.

221 3506 572 3576 Quapropter
625 3515 830 3560 amator
861 3505 1102 3559 veritatis
1146 3507 1338 3558 merito
1383 3502 1481 3556 sibi
1524 3501 1822 3570 jucundum

223 3596 439 3651 Domini
480 3597 698 3651 dicebat
734 3612 852 3651 esse
883 3597 1181 3661 decretum,
1231 3612 1324 3665 per
1354 3611 1510 3666 quem
1560 3611 1619 3649 se
1651 3603 1704 3648 et
1755 3610 1833 3646 re-

221 3687 405 3758 quiem
442 3688 685 3755 reperirc
713 3696 941 3741 noverat
969 3699 1016 3740 et
1053 3700 1343 3756 coronam;
1377 3687 1514 3738 sicut
1539 3684 1828 3752 Apostolus

223 3780 392 3830 dicit:
427 3776 629 3829 Bonum
660 3789 914 3830 certamen
947 3776 1154 3841 certavi,
1203 3791 1411 3828 cursum
1454 3774 1828 3837 consummavi,

221 3868 380 3934 [illam
418 3868 656 3930 servavi;
686 3868 748 3920 de
778 3869 972 3937 reliquo
997 3867 1219 3937 reposita
1261 3875 1334 3920 est
1365 3866 1491 3919 milii
1517 3881 1709 3920 corona
1731 3867 1830 3936 ju-

223 3963 380 4012 ειη-ἰε
404 3957 497 4028 (II
525 3957 660 4012 Tim.
697 3975 769 4024 tv,
807 3958 881 4027 7).

299 4056 461 4109 V'ers.
489 4053 580 4108 ΑΟ.
622 4052 755 4106 Ecce
779 4053 1044 4125 concupiui
1070 4054 1315 4107 mandata
1356 4064 1480 4117 tua;
1506 4051 1558 4104 in
1591 4050 1833 4119 (equitate

222 4158 311 4198 tua
339 4148 544 4214 rivi/ica
595 4163 692 4200 ηιε.
727 4147 947 4201 Diversa
1001 4145 1262 4200 benelicia
1310 4144 1558 4214 superius
1589 4141 1692 4196 sibi
1742 4157 1835 4196 co-

225 4239 360 4289 ἰδίη-ς
396 4245 585 4291 sancta
630 4238 790 4290 tribui
820 4236 1141 4305 postulavit:
1173 4235 1267 4290 sed
1296 4235 1348 4288 in
1378 4234 1480 4288 hoc
1504 4247 1662 4287 versu
1703 4246 1836 4285 con-

222 4337 476 4380 secutam
505 4342 564 4381 se
596 4327 719 4381 dicit
766 4326 1154 4396 plenitudinem
1184 4326 1498 4396 gratiarum,
1542 4325 1666 4393 quia
1695 4339 1824 4378 con-

223 4421 503 4485 c..-piverat
550 4419 796 4471 mandem
848 4419 1082 4483 Domini,
1135 4434 1254 4489 qua:
1281 4434 1462 4475 veram
1495 4418 1832 4488 prudentiain

219 4511 458 4566 confetu
485 4521 523 4564 Δι
544 4522 596 4565 et
617 4511 868 4566 salutem.
905 4510 1045 4564 Petit
1073 4518 1253 4564 autem
1282 4512 1333 4564 in
1357 4511 1595 4580 arquitqte
1618 4507 1834 4563 Domini

1919 1949 2105 2014 verbo,
2142 1949 2234 2019 qui
2265 1948 2460 2004 Filium
2492 1949 2677 2004 dicunt
2702 1964 2822 2005 esse
2853 1949 3136 2014 minorem,
3158 1950 3241 2004 vel
3271 1951 3360 2020 qui
3390 1965 3508 2009 eum

1919 2056 2080 2096 carne
2111 2055 2324 2111 passum
2359 2042 2579 2096 minimc
2608 2041 2991 2105 crediderunt;
3022 2042 3162 2097 sicut
3190 2043 3321 2096 dicit
3359 2044 3505 2112 Apo-

1919 2133 2086 2188 stolus
2111 2151 2124 2186 :
2160 2133 2223 2188 Si
2245 2134 2376 2187 enim
2400 2133 2771 2204 cognovissent,
2793 2151 3055 2204 nunquam
3082 2134 3360 2188 Dominum
3394 2135 3508 2206 glo-

1919 2224 2010 2278 ria:
2032 2224 2405 2293 cruci/ixisseut
2428 2223 2476 2295 (Ι
2502 2225 2621 2279 Cor.
2654 2239 2712 2290 tt,
2741 2224 2822 2294 8).
2850 2225 2944 2279 llis
2973 2225 3390 2295 prtnsumptione
3415 2225 3494 2279 Do

1919 2315 2050 2371 mini
2106 2316 2539 2386 respondendum
2581 2325 2686 2382 est,
2733 2318 2821 2385 qui
2876 2317 3175 2372 doctrinam
3219 2318 3511 2373 salutarem

1921 2424 2026 2463 non
2058 2408 2124 2463 ad
2157 2409 2514 2464 reverentiam
2548 2409 2804 2473 audiunt,
2835 2409 2928 2464 sed
2958 2409 3024 2463 ad
3051 2409 3298 2477 iujuriam
3335 2409 3512 2478 potius

1920 2500 2353 2570 exprobrationis
2383 2501 2678 2556 adducunt.
2738 2502 3010 2569 Sequitur,
3060 2500 3181 2569 quia
3230 2501 3429 2566 sperari
3451 2500 3512 2568 in

1922 2594 2243 2646 strmonibus
2293 2593 2418 2646 tuis.
2461 2596 2634 2661 Atque
2664 2592 2791 2662 [κάη
2829 2590 3033 2662 utique]
3089 2592 3206 2643 ideo
3249 2590 3379 2644 dicit
3431 2606 3513 2644 rc-

1928 2684 2328 2754 spondendutn,
2362 2686 2483 2752 quin
2534 2686 2750 2753 sperarit
2799 2685 2851 2735 in
2907 2683 3222 2736 sermonibus
3275 2683 3507 2750 Domini,

1923 2779 2012 2846 qui
2045 2779 2175 2832 dicit
2201 2795 2216 2835 :
2239 2757 2374 2831 ‘Cum
2402 2778 2638 2832 veneritis
2665 2788 2783 2831 ante
2833 2779 3088 2845 princ'pes
3130 2786 3176 2830 et
3210 2765 3506 2846 potestates,

1926 2869 2082 2921 nolite
2120 2868 2344 2936 cogitare
2373 2869 2626 2934 quomodo
2667 2877 2756 2920 aut
2798 2870 2916 2935 quid
2947 2867 3271 2934 loquamini;
3316 2867 3521 2918 dabitur

1934 2963 2068 3017 enim
2110 2962 2246 3015 vobis
2273 2963 2324 3014 in
2356 2961 2446 3013 illa
2475 2961 2602 3014 liora
2631 2961 2753 3027 quid
2788 2960 3090 3026 loquamini.
3125 2958 3244 3011 Non
3272 2957 3406 3010 enim
3433 2971 3520 3009 vos

1935 3052 2052 3105 estis
2074 3052 2159 3122 qui
2179 3051 2466 3122 loquimini,
2486 3051 2576 3104 sed
2605 3051 2830 3122 Spiritus
2858 3048 3035 3102 Putris
3059 3049 3204 3103 t‘estri
3231 3049 3316 3117 qui
3344 3046 3514 3116 loqui-

1936 3155 2021 3198 tur
2051 3146 2100 3198 iu
2129 3146 2265 3200 vobis
2291 3145 2503 3214 (.llattlt.
2540 3161 2590 3207 x,
2634 3146 2712 3207 l9,
2745 3145 2781 3196 2
2820 3145 2858 3213 ).

2008 3236 2160 3290 Vers.
2193 3238 2281 3290 45.
2316 3235 2378 3288 Et
2413 3252 2473 3289 ne
2501 3238 2705 3304 auferas
2736 3233 2798 3287 de
2823 3250 2906 3285 ore
2929 3250 3038 3286 meo
3065 3233 3266 3320 vet-(gini
3296 3231 3516 3285 veritatis

1933 3343 2312 3395 usquequaque,
2338 3329 2454 3394 quin
2477 3327 2755 3397 injudiciis
2788 3328 2888 3377 tuis
2917 3323 3279 3394 sperat'ijmss.
3308 3331 3396 3384 Α..
3430 3323 3514 3386 IL,

1934 3417 2016 3482 F.,
2046 3416 2444 3488 supcrsperavij.
2477 3418 2645 3486 Rogat
2679 3426 2732 3469 ut
2760 3417 3150 3469 confessionem
3183 3416 3419 3468 veritatis
3452 3417 3516 3468 de

1933 3510 2049 3578 ejus
2080 3527 2174 3564 ore
2209 3511 2368 3564 nulla:
2405 3526 2593 3576 jKPlICB,
2632 3526 2662 3562 n
2706 3509 2806 3562 llus
2835 3517 3008 3562 terror
3037 3515 3389 3576 extorqueat;
3421 3507 3517 3561 sed

1933 3604 2184 3671 quaelibet
2212 3611 2474 3656 tormrn'a
2519 3601 2714 3655 iuerint
2749 3599 2940 3654 inﬂicta
2991 3600 3041 3651 in
3067 3613 3171 3651 una
3228 3614 3353 3650 voce
3390 3613 3519 3652 Con-

1934 3691 2145 3758 stantia:
2195 3700 2538 3758 perseveret:
2573 3690 2692 3757 quia
2741 3705 2842 3741 non
2901 3690 2949 3740 in
2991 3689 3190 3741 viribus
3248 3687 3518 3754 humanis,

1933 3785 2027 3839 sed
2086 3785 2137 3838 in
2194 3786 2392 3838 divinis
2441 3784 2780 3851 cognoscitur
2822 3798 3068 3848 Sperasse
3115 3783 3352 3850 judiciis.
3410 3781 3514 3834 Sed

1935 3895 2054 3934 Cum
2083 3879 2227 3938 dicit,
2262 3892 2639 3946 usquequaque,
2671 3875 2934 3943 signiﬁcat
2961 3876 3162 3927 verbum
3186 3875 3407 3925 veritatis
3450 3873 3518 3924 ad

1937 3977 2147 4036 tempus
2182 3968 2454 4036 aliquibus
2487 3965 2652 4019 fuisse
2680 3964 2965 4026 sublatum,
2998 3974 3054 4016 ut
3088 3964 3243 4016 l‘etro
3275 3964 3518 4028 apostolo

1935 4061 2180 4126 Contigit,
2209 4064 2295 4128 qui
2328 4069 2450 4111 ante
2475 4057 2596 4126 galli
2625 4064 2838 4110 cautum
2871 4066 2950 4108 tt-r
2976 4054 3252 4107 Dominum
3285 4053 3518 4122 denega-

1937 4151 2014 4204 vit
2046 4149 2196 4220 (Luc.
2234 4166 2342 4203 nn
2366 4190 2378 4212 ,
2410 4151 2523 4219 57).
2561 4151 2661 4205 Sed
2692 4165 2794 4203 non
2820 4163 3179 4218 usquequaque
3202 4148 3427 4200 ablatura
3450 4158 3523 4201 est

1939 4242 2141 4295 veri-um
2181 4241 2402 4294 veritatis
2434 4242 2496 4293 de
2521 4256 2604 4294 ore
2647 4240 2836 4309 ipsius,
2868 4239 3080 4308 quando
3107 4238 3320 4308 culpam
3363 4254 3517 4293 suam

1935 4342 1991 4388 et
2021 4331 2229 4386 ﬂetibus
2266 4331 2438 4394 diluit,
2489 4341 2541 4384 et
2585 4331 2858 4397 Sanguinis
2914 4329 3173 4383 ellusione
3217 4329 3513 4384 inundavit.

1938 4423 2190 4493 Sequitur
2217 4437 2382 4492 quare
2410 4437 2516 4476 non
2545 4422 2739 4477 debeat
2764 4422 2831 4475 de
2860 4437 2954 4474 ore
2990 4421 3156 4490 ipsius
3171 4420 3366 4475 veritas
3389 4437 3521 4476 con-

1941 4513 2187 4570 fessionis
2213 4512 2430 4578 auferri,
2455 4514 2576 4581 quia
2603 4514 2657 4566 in
2681 4513 2898 4584 judiciis
2929 4513 3028 4566 tuis
3059 4513 3276 4582 speravi.
3312 4511 3525 4567 Iudicia

222 4618 283 4655 εν
319 4601 600 4670 vieiﬁcari,
631 4603 719 4671 qui
753 4601 928 4655 adhuc
954 4608 1228 4670 superstes
1257 4615 1378 4657 esse
1415 4600 1733 4666 videbatur,
1773 4605 1832 4653 ut
1859 4607 1912 4669 D
1936 4615 2090 4662 erant
2123 4604 2355 4670 Domini,
2384 4604 2525 4675 quod
2559 4606 2728 4659 turba:
2752 4617 3044 4674 martyrum
3071 4605 3294 4658 diversis
3317 4605 3527 4659 crucia-

222 4697 606 4763 intelligamus
661 4712 766 4750 non
837 4712 959 4752 esse
1015 4695 1435 4759 veracissimam,
1472 4694 1679 4757 vitam,
1734 4691 1834 4746 nisi

221 4802 397 4855 quam
443 4787 698 4838 bonnnus
751 4786 998 4840 Christus
1048 4786 1209 4840 fuerit
1261 4795 1515 4854 praestare
1563 4783 1832 4846 dignatus.

219 4877 493 4948 Equites
524 4885 705 4931 autem
740 4877 909 4932 Patris
941 4877 1173 4931 Verbum
1201 4891 1328 4930 caro
1356 4874 1553 4930 factum
1605 4884 1713 4936 est,
1748 4875 1832 4929 cui

222 4984 409 5023 Otlllle
437 4969 698 5035 judicium
729 4967 900 5037 dedit,
931 4977 990 5021 ut
1014 4955 1165 5023 orbis
1191 4977 1455 5022 terrarum
1483 4968 1534 5022 in
1565 4966 1684 5036 ejus
1711 4981 1839 5021 exa-

221 5061 386 5114 mine
416 5059 740 5127 judicandus
777 5063 1027 5124 assistat;
1060 5060 1202 5114 sicut
1228 5059 1516 5127 Apostolus
1541 5058 1703 5114 dicit:
1737 5057 1842 5124 Qui

222 5153 413 5208 factus
440 5161 513 5205 est
540 5151 799 5220 sapientia
831 5152 974 5206 nobis
1001 5169 1032 5205 a
1059 5150 1190 5217 Deo,
1228 5161 1275 5205 et
1310 5152 1539 5223 justitia,
1581 5160 1629 5206 et
1655 5153 1842 5206 sancti-

220 5246 445 5312 ﬁcatio,
467 5257 514 5298 et
538 5245 818 5315 redemptio
848 5244 904 5316 (Ι
921 5244 1040 5300 Cor.
1074 5261 1121 5312 t,
1155 5243 1271 5315 50).

303 5337 477 5392 Vers.
507 5338 596 5393 ll.
629 5367 701 5380 -—-
727 5355 798 5394 vt.
851 5339 989 5394 V’Au.
1034 5337 1098 5393 Et
1144 5340 1312 5393 veniat
1334 5355 1490 5407 super
1533 5355 1611 5394 me
1641 5339 1843 5396 miseri-

218 5430 430 5485 cordia
455 5437 563 5495 tua,
593 5429 807 5483 Domine
827 5447 845 5496 ;
863 5431 1087 5484 salutare
1108 5438 1254 5484 tuum
1273 5431 1551 5484 secundum
1581 5429 1838 5500 eloquium

219 5535 420 5578 mum.
457 5523 534 5577 Ad
562 5532 769 5578 sextam
805 5523 1036 5579 litteram
1067 5525 1416 5594 congregatio
1441 5533 1620 5581 sancta
1651 5541 1839 5595 perve—

224 5614 314 5667 nit
345 5632 356 5664 :
399 5612 456 5665 in
484 5627 587 5680 qua
619 5613 717 5668 sibi
750 5615 981 5682 postulat
1006 5615 1298 5670 salutarem
1332 5615 1616 5670 Dominum
1641 5616 1840 5672 debere

223 5703 498 5770 concedi,
522 5717 580 5760 ut
618 5707 863 5762 inimicos
890 5707 958 5762 de
987 5717 1130 5762 tanta
1153 5709 1585 5764 remuneratione
1611 5707 1840 5764 confun-

225 5797 359 5865 dat,
406 5803 467 5850 et
495 5795 544 5851 in
579 5797 694 5861 lege
725 5798 933 5854 Domini
961 5797 1173 5854 assidua
1207 5799 1553 5858 meditatione
1573 5799 1840 5870 proﬁciat.

1940 4697 2081 4752 tibus
2107 4696 2420 4764 agebantur.
2453 4695 2558 4750 Sed
2591 4695 2642 4748 in
2691 4695 2772 4748 bis
2818 4710 2877 4749 se
2925 4693 3092 4762 magis
3144 4709 3292 4764 spem
3337 4711 3527 4763 gerere

1945 4789 2244 4858 proﬁtetur,
2277 4791 2398 4858 quia
2427 4787 2586 4858 405
2619 4791 2874 4854 scriptum
2919 4796 3003 4840 est
3037 4805 3048 4838 :
3080 4785 3359 4856 Flagellat
3419 4804 3528 4841 om-

1940 4895 2053 4933 nem
2085 4880 2250 4947 ﬁlium
2271 4896 2417 4949 quem
2448 4879 2624 4948 recipit
2653 4877 2840 4950 (Hebr.
2892 4895 2993 4940 xu,
3049 4877 3125 4948 (5).
3161 4879 3334 4948 Iniqui
3383 4881 3524 4934 enim

1945 4985 2065 5026 cum
2099 4969 2450 5025 molcsmutur
2486 4971 2773 5039 desperant
2802 4986 2816 5034 ;
2851 4971 3020 5025 sam-ti
3067 4972 3190 5037 viri,
3222 4972 3264 5026 si
3289 4970 3526 5040 afﬂigan-

1947 5071 2053 5131 tur,
2087 5077 2235 5132 spem
2269 5062 2439 5133 magis
2467 5078 2579 5118 sua:
2609 5062 2913 5127 dilectionis
2941 5064 3226 5133 accipiunt.
3261 5064 3528 5118 llactenus

1946 5156 2141 5212 littera:
2195 5156 2352 5211 istius
2398 5170 2586 5210 versus
2643 5157 2942 5212 habuerunt
2986 5158 3302 5218 orationem,
3337 5156 3526 5209 subse-

1946 5259 2172 5319 quentes
2195 5264 2324 5305 vero
2353 5263 2520 5320 usque
2563 5249 2631 5304 ad
2661 5249 2821 5306 ﬁnem
2855 5249 3176 5305 narrationis
3200 5249 3389 5304 ordine
3425 5250 3528 5303 de—

1948 5351 2287 5412 promuntur.
2589 5391 2596 5397 .

2012 5433 2160 5488 Vers.
2185 5434 2276 5488 Η.
2303 5433 2369 5488 Et
2398 5441 2682 5489 custodiam
2705 5434 2865 5505 legem
2886 5444 3027 5488 tuam
3053 5449 3267 5503 semper,
3296 5434 3344 5486 in
3363 5449 3525 5487 stetu-

1943 5524 2049 5579 lun:
2068 5534 2115 5578 et
2146 5524 2200 5576 in
2227 5525 2471 5578 siccatam
2490 5526 2688 5580 swculi.
2724 5525 2825 5580 Iste
2852 5537 2906 5581 et
2927 5527 3016 5578 alii
3059 5539 3243 5579 versus
3270 5539 3437 5592 usque
3456 5527 3522 5581 ad

1946 5615 2103 5669 ﬁnem
2136 5613 2328 5668 litterae
2355 5630 2460 5668 non
2493 5615 2696 5672 habent
2731 5617 3185 5687 deprecationem,
3211 5616 3305 5672 sed
3331 5631 3522 5672 narra-

1946 5705 2166 5760 tionem.
2218 5702 2475 5773 Superius
2503 5707 2647 5762 enim
2683 5708 2835 5777 petiit
2864 5719 2919 5761 ut
2949 5708 3236 5778 acciperet,
3287 5710 3372 5766 bic
3413 5709 3526 5780 jam

1947 5799 2016 5852 de
2037 5795 2299 5869 perceptis
2323 5797 2599 5855 beneﬁciis
2621 5800 2818 5871 gratias
2842 5801 2970 5874 agit.
2995 5799 3266 5859 Custodire
3286 5818 3345 5860 se
3370 5803 3532 5876 legem
