4032 6176
468 323 567 379 851

1704 322 1771 376 M.
1818 318 2093 377 AURELII
2133 316 2532 374 CASSIQDORI

3650 320 3756 375 832

467 423 677 494 Domini
706 453 904 507 semper
926 436 1180 501 altlrmat,
1209 435 1332 506 quia
1360 435 1415 490 in
1448 435 1562 505 ipsa
1588 437 1781 490 variari
1806 436 1935 509 |ed.,
1962 450 2053 489 va-
2085 436 2133 494 Λ
2161 442 2336 502 potest
2379 432 2597 487 dileetio
2636 432 2879 501 reperiri.
2930 431 3045 487 Non
3088 432 3231 489 enim
3281 442 3337 487 ut
3384 433 3485 487 alia
3537 432 3755 489 dilectio

464 529 631 603 riare]
679 529 963 585 uelandum
1010 538 1117 585 est.
1149 528 1241 585 Sic
1290 529 1434 584 enim
1480 530 1734 583 custodire
1766 539 1959 598 potest,
2006 529 2051 583 si

462 622 625 691 (quod
655 621 901 691 superius
929 620 1087 691 dixit)
1122 638 1221 675 non
1243 623 1447 691 auferat
1477 621 1541 673 de
1592 638 1679 674 ore
1708 622 1875 691 ipsius
1926 624 2053 676 veri-

463 719 582 770 tatis
633 718 856 773 verbum.
912 718 1188 773 Interdum
1245 734 1443 789 semper
1497 718 1710 787 ponitur
1769 730 1935 784 usque
1986 714 2051 769 ad

462 813 621 868 tinem
672 812 830 881 hujus
878 814 1079 867 εωρυιί.
1132 813 1235 866 Sed
1293 813 1380 866 hic
1435 827 1557 865 cum
1613 810 1743 863 dicit
1795 809 1850 861 in
1894 824 2055 861 saecu-

462 905 570 958 lum
616 907 810 971 steculi,
845 906 989 959 illam
1043 905 1431 976 perennitatem
1480 902 1744 971 significat
1775 918 1894 969 quae
1947 915 2050 954 non

464 996 624 1057 habet
666 995 848 1051 tinem.
895 996 1000 1051 Sed
1051 1012 1172 1051 cum
1232 996 1481 1064 superius
1528 994 1826 1048 dixerimus
1882 994 2052 1062 legem

464 1086 706 1141 umbram
736 1086 901 1142 fuisse
950 1088 1273 1151 futurorum,
1308 1086 1357 1140 id
1407 1095 1512 1149 est,
1543 1084 1826 1138 immolare
1856 1098 2052 1153 agnum

464 1178 894 1241 immaculatum,
922 1188 1112 1233 octavo
1142 1177 1229 1232 die
1258 1178 1415 1231 ritum
1449 1176 1875 1230 circumcisionis
1906 1175 2056 1228 adhi-

465 1267 596 1322 here
639 1266 772 1338 [ed.,
830 1265 1121 1338 adhiberi],
1173 1268 1258 1322 vel
1304 1267 1387 1322 his
1436 1265 1669 1321 similia:
1711 1266 2057 1334 quemadmo-

368 1386 373 1391 η
465 1359 591 1413 dum
652 1358 704 1411 itt
762 1370 1020 1415 mternum
1073 1362 1232 1429 legem
1288 1374 1347 1413 se
1405 1358 1665 1412 custodire
1713 1357 1883 1421 dicit,
1934 1372 2054 1412 cum

466 1464 572 1503 non
614 1450 786 1504 solum
822 1460 939 1518 post
977 1448 1430 1505 resurrectionem
1464 1448 1693 1501 t‘uturam
1742 1447 2055 1501 necessaria

465 1555 570 1594 non
595 1542 701 1595 sint
732 1542 854 1607 ista,
888 1542 982 1597 sed
1014 1541 1099 1596 hic
1129 1556 1340 1610 quoque
1374 1540 1485 1609 jam
1527 1540 1807 1594 videantur
1835 1540 2054 1594 abolita.

466 1629 573 1684 Sed
628 1630 697 1685 ibi
751 1630 855 1684 alia
906 1631 989 1683 tea:
1042 1629 1145 1683 erit
1195 1628 1427 1693 Domini,
1480 1645 1639 1697 quam
1682 1644 1742 1684 se
1799 1630 2061 1697 promittit

466 1720 693 1789 populus
735 1720 996 1774 custodire
1025 1719 1431 1784 sanctissimus;
1479 1721 1583 1774 scit
1624 1720 1765 1774 enim
1800 1735 1893 1788 per
1923 1723 2059 1773 hanc

2159 525 2530 578 mandatorum
2578 523 2789 580 Domini
2855 525 3141 582 mediocris
3191 542 3314 582 esse
3375 535 3589 596 potest,
3650 529 3753 581 nisi

2158 621 2476 675 vehementer
2527 620 2709 691 (quod
2760 619 2847 675 hic
2904 619 3208 691 expetitur)
3269 620 3538 690 diligatur.
3604 622 3749 686 Qua-

2159 723 2380 782 propter
2414 712 2663 767 mandata
2692 711 2900 767 Domini
2930 714 3051 781 jure
3079 712 3393 766 vehementer
3422 713 3624 777 dilexit,
3654 728 3754 783 per

2157 822 2276 875 qua:
2307 805 2359 859 in
2391 805 2566 861 cordis
2595 805 2874 860 latitudine
2904 805 3227 859 ﬁducialiter
3271 803 3601 861 ambulabat.

2228 897 2384 952 Vers.
2417 897 2507 951 48.
2552 897 2618 951 Et
2652 899 2803 953 levavi
2836 914 3017 952 manus
3068 914 3206 950 meas
3254 897 3321 949 ad
3366 898 3615 951 mandata
3662 908 3755 953 tua

2158 1008 2268 1059 qua:
2290 992 2446 1045 dilexi
2474 991 2648 1058 nimis,
2686 1002 2732 1045 et
2763 991 3028 1045 exercebar
3058 990 3111 1041 in
3131 988 3587 1059 justiﬁcatiouibus
3620 992 3747 1047 tuis.

2159 1082 2433 1150 Superiori
2465 1096 2625 1136 versu
2670 1082 2809 1137 dixit
2838 1100 2850 1133 :
2905 1080 3109 1134 Medi.“
3141 1096 3197 1132 ar
3231 1080 3287 1131 in
3317 1081 3573 1133 mandatis
3622 1082 3751 1145 tuis,

2162 1172 2305 1241 quod
2339 1171 2405 1227 ad
2435 1173 2685 1227 virtutem
2716 1170 2938 1241 respicit
2966 1170 3357 1238 inapectivatu;
3392 1169 3552 1224 modo
3571 1182 3755 1225 autem

2159 1265 2327 1319 dicit:
2363 1262 2565 1318 Lavabo
2612 1279 2793 1317 manus
2824 1277 2981 1327 meas,
3012 1261 3153 1330 quod
3182 1260 3247 1315 ad
3280 1274 3483 1329 partem
3516 1263 3754 1329 pertinet

2160 1357 2447 1411 actualem.
2476 1356 2666 1410 Levare
2702 1357 2845 1411 enim
2874 1371 3059 1407 manus
3087 1355 3353 1423 signiliett
3383 1354 3539 1408 bonis
3561 1356 3754 1424 operi-

2164 1449 2261 1503 bus
2283 1449 2557 1517 oceupari.
2606 1448 2874 1502 Caeterum
2904 1445 2993 1516 qui
3020 1446 3175 1499 malis
3206 1446 3504 1499 actionibus
3534 1446 3752 1501 detine—

2162 1550 2265 1603 tur,
2300 1554 2403 1594 uon
2436 1540 2565 1593 levat
2595 1555 2776 1592 manus
2805 1552 2949 1601 suas,
2980 1537 3074 1593 sed
3103 1536 3306 1605 dejicit.
3339 1537 3405 1591 Et
3435 1538 3579 1603 vide,
3624 1539 3753 1607 quia

2162 1631 2214 1683 in
2237 1629 2473 1698 utrisque
2490 1628 2728 1696 partibus
2748 1628 2916 1696 ponit,
2934 1643 3050 1696 qua:
3064 1626 3256 1690 dilexi;
3281 1628 3375 1693 ibi,
3396 1629 3748 1693 vehementer;

2164 1722 2270 1785 hic,
2302 1721 2490 1783 nim’s;
2520 1719 2769 1789 quoniam
2800 1728 3087 1788 utrumque
3115 1734 3249 1787 opus
3278 1721 3375 1775 sub
3405 1734 3588 1789 magna
3622 1736 3745 1775 am-

466 1813 708 1867 umbram
740 1813 873 1884 legis
923 1814 988 1867 ad
1020 1812 1337 1884 mysterium
1365 1822 1582 1867 aeterna:
1634 1812 1766 1882 legis
1798 1812 2052 1875 ascendi;
2090 1812 2133 1871 Β
2164 1810 2365 1865 bitione
2412 1809 2714 1864 faciendum
2765 1820 2869 1873 est,
2918 1819 2975 1863 ut
3029 1812 3255 1863 tructum
3312 1812 3480 1878 possit
3528 1811 3754 1876 habere,

466 1906 614 1960 novit
644 1907 805 1960 etiam
839 1902 1288 1960 consuetudinem
1313 1904 1623 1975 angelorum
1653 1914 1707 1959 et
1738 1914 2053 1972 potestatum

469 1998 752 2050 Dominum
782 1999 899 2052 sine
932 1998 1036 2051 line
1065 1996 1313 2061 laudare;
1344 1997 1444 2051 scit
1470 2012 1691 2050 summa:
1713 1995 2055 2051 beatitudinis

466 2104 585 2142 esse
640 2089 1037 2145 solemnitatem
1085 2089 1285 2161 jugiter
1318 2088 1602 2145 Dominum
1631 2088 1905 2152 COIIlitCl'i;
1957 2088 2057 2141 scit

465 2180 698 2249 denique
731 2182 966 2236 tidelium
1000 2182 1069 2236 ibi
1103 2197 1224 2237 esse
1272 2183 1434 2251 leges,
1491 2196 1626 2252 quas
1676 2196 1737 2236 se
1783 2181 1963 2250 proles
1996 2197 2055 2234 us

466 2282 549 2325 est
573 2274 689 2326 sine
722 2272 825 2326 line
852 2288 1088 2327 servare.

538 2360 694 2415 Veis.
730 2362 818 2417 45.
864 2362 929 2415 Et
977 2364 1298 2417 ambulabant
1347 2366 1397 2417 in
1430 2366 1721 2431 latitudine,
1754 2369 1873 2435 quin
1912 2385 2055 2419 mum

467 2455 588 2505 data
620 2462 708 2506 tua
749 2455 1017 2523 exquisivi.
1051 2454 1165 2523 Ipsa
1196 2467 1278 2509 est
1310 2458 1551 2523 latitudo,
1591 2473 1748 2526 quam
1782 2457 1835 2511 in
1867 2473 2053 2526 quana

468 2543 641 2597 littera
674 2543 842 2597 dixit:
886 2543 1031 2597 Viam
1067 2546 1423 2599 mandatorum
1454 2557 1656 2600 tuorum
1685 2549 1907 2611 cucurri,
1940 2564 2056 2600 cum

468 2633 711 2688 dilatares
744 2652 830 2688 cor
859 2652 1058 2704 meum;
1092 2637 1313 2692 scientia
1344 2639 1549 2694 scilicet
1584 2639 1859 2707 multiplex
1890 2652 2054 2708 atque

467 2726 736 2794 salutaris,
770 2742 927 2797 quam
952 2728 1074 2783 ideo
1098 2731 1312 2796 meruit,
1346 2731 1467 2801 quia
1494 2732 1866 2787 mandatorum
1894 2733 2053 2789 intel-

468 2819 739 2889 ligentiam
794 2819 1116 2889 requisivit;
1172 2836 1331 2891 quam
1396 2823 1589 2877 merito
1643 2822 1871 2879 dicimus
1933 2839 2054 2881 esse

468 2911 801 2975 rharitatem,
829 2910 896 2966 de
918 2926 1021 2981 qua
1040 2913 1297 2981 scriptum
1327 2922 1447 2968 est:
1480 2913 1719 2968 Charitas
1742 2914 1837 2969 Dei
1860 2915 2055 2983 di/fusa

466 3017 543 3060 est
593 3007 645 3061 in
695 3007 933 3061 cordibus
992 3008 1181 3062 nostris
1238 3024 1329 3079 per
1360 3008 1611 3079 Spiritum
1655 3021 1918 3075 sanctum,
1967 3012 2055 3075 qui

467 3104 615 3153 datus
639 3110 711 3153 est
732 3100 874 3153 nobis
901 3098 1083 3170 (Rom.
1116 3117 1168 3165 v,
1193 3100 1270 3169 5).
1295 3099 1492 3155 Contra
1522 3111 1862 3171 peccatorum
1888 3103 2050 3157 corda

468 3192 519 3245 in
565 3192 805 3248 bonitate
852 3200 1142 3261 coangusta
1188 3203 1335 3259 sunt,
1367 3193 1508 3263 quod
1538 3194 1707 3263 tangit
1760 3194 2049 3263 Apostolus
2077 3188 2124 3250 C

469 3298 584 3336 cum
609 3283 773 3337 dicit:
810 3282 929 3335 Non
968 3283 1336 3353 angustiamiui
1383 3284 1435 3336 in
1479 3285 1643 3350 nobis,
1682 3287 2051 3356 angustiamini

470 3382 635 3426 autem
683 3373 736 3426 in
779 3372 1050 3426 visceribus
1102 3373 1277 3426 vestris
1330 3371 1412 3444 (Il
1462 3372 1581 3427 Cor.
1635 3390 1705 3440 vi,
1762 3373 1883 3444 1‘2);
1929 3377 2053 3445 quia

472 3467 637 3520 Deum
686 3479 839 3521 mens
889 3474 1204 3535 coangusta,
1249 3465 1299 3518 id
1330 3475 1413 3519 est
1454 3466 1655 3535 polluta
1692 3482 1796 3520 non
1842 3470 2051 3538 recipit;

470 3556 568 3610 sed
619 3557 673 3610 in
720 3556 992 3610 latitudine
1036 3555 1231 3610 mentis
1269 3556 1575 3626 suscipitur,
1627 3574 1657 3611 a
1704 3572 1811 3628 quo
1859 3561 2052 3615 emtum

471 3658 720 3715 terraque
750 3644 1074 3714 completur.
1105 3644 1349 3700 Patulum
1374 3646 1515 3701 enim
1537 3648 1866 3703 domicilium
1896 3650 2056 3705 debet

469 3753 613 3804 esse,
646 3746 704 3791 ut
734 3745 937 3792 tantam
965 3749 1233 3793 mereatur
1262 3740 1504 3808 recipere
1537 3738 1887 3809 majestatem.

544 3830 695 3885 Vers.
748 3830 840 3886 46.
882 3829 949 3883 Et
994 3831 1233 3900 loquebar
1260 3832 1323 3884 de
1374 3833 1671 3886 testimoniis
1722 3833 1821 3887 tuis
1850 3835 1901 3887 in
1934 3851 2057 3889 con-

469 3932 642 3989 spectu
669 3938 871 3991 regum,
894 3933 937 3975 et
962 3939 1063 3975 non
1089 3924 1457 3991 confundebar.
1484 3922 1804 3993 Loquebatur
1830 3924 1892 3977 de
1916 3928 2030 3978 testi
2041 3954 2057 3965 -

469 4015 651 4068 moniis
685 4014 932 4080 Domini,
977 4015 1230 4084 quoniam
1282 4015 1542 4084 petiverat
1591 4025 1647 4070 et
1676 4026 1959 4084 acceperat
2000 4025 2059 4071 ut

469 4105 819 4175 responderet
844 4106 1295 4174 exprobrantibus
1337 4106 1439 4161 sibi
1467 4106 1713 4162 verbum.
1745 4107 1857 4174 Qua
1890 4108 2058 4162 lirmi-

469 4199 579 4251 t'ate
604 4196 889 4250 roboratus
933 4206 1058 4251 ante
1104 4211 1259 4267 reges
1288 4198 1493 4258 saeculi.
1519 4197 1609 4267 qui
1642 4208 1885 4266 poterant
1916 4199 2057 4253 elata

470 4295 740 4355 potestate
788 4297 1016 4352 terrere,
1042 4302 1148 4343 non
1193 4303 1251 4341 se
1280 4288 1409 4342 dicit
1434 4288 1596 4344 fuisse
1626 4291 1929 4354 contusum,
1960 4290 2057 4346 sed

470 4378 770 4445 veritatem,
793 4393 950 4446 quam
978 4391 1157 4433 mente
1185 4390 1529 4449 conceperat,
1554 4381 1831 4447 intrepidis
1852 4398 2060 4437 sermo-

472 4466 628 4521 nibus
671 4467 980 4521 exercebat.
1029 4466 1378 4538 Confunditur
1424 4480 1601 4524 autem
1633 4470 1745 4535 ille,
1780 4470 1934 4540 cujus
1964 4489 2059 4541 per

2164 1901 2390 1956 Domino
2420 1902 2732 1967 miserante,
2763 1904 2853 1971 qui
2892 1903 3116 1971 perlicit.
3149 1903 3386 1970 Addidit,
3412 1917 3458 1959 et
3482 1909 3756 1959 exercebar

2160 1996 2212 2048 in
2233 1995 2686 2065 justiﬁcationibus
2735 1998 2856 2050 tuis.
2892 1997 2967 2050 lbi
3002 1998 3362 2064 meditabatur,
3412 2000 3499 2053 ubi
3550 2002 3754 2066 mentis

2162 2086 2460 2141 intentione
2509 2087 2800 2141 translatus
2833 2097 2945 2152 est;
2977 2088 3062 2142 hic
3090 2090 3441 2152 exercebatur,
3476 2091 3563 2144 ubi
3604 2107 3757 2160 quae-

2160 2178 2311 2233 rebat
2341 2178 2517 2246 operis
2548 2176 2974 2245 frequentatione
3016 2180 3300 2246 prolicere.
3350 2178 3417 2233 Et
3448 2193 3571 2234 n0ta
3606 2180 3757 2250 quod

2160 2268 2476 2322 exercitatio
2522 2268 2572 2321 in
2623 2268 2916 2338 Scripturis
2945 2268 3143 2323 divinis
3176 2270 3485 2340 plerumque
3512 2273 3562 2324 in
3607 2272 3755 2327 bono

2161 2360 2409 2428 ponitur;
2442 2360 2492 2413 in
2524 2360 2718 2414 litteris
2762 2369 2941 2414 autem
2989 2361 3357 2431 saecularibus,
3408 2369 3487 2415 vel
3519 2363 3569 2416 in
3598 2378 3751 2417 eom-

2160 2451 2306 2503 tnuni
2338 2450 2631 2515 locutione,
2664 2450 2715 2503 in
2739 2451 2879 2504 bono
2904 2462 3279 2520 autnunquam
3309 2462 3401 2505 aut
3430 2468 3549 2506 raro
3579 2454 3741 2521 puni-

2163 2552 2265 2594 tur.
2300 2540 2469 2608 Quam
2504 2541 2826 2595 locutionem
2858 2542 3252 2611 Scripturarum
3282 2543 3581 2599 divinarum
3611 2562 3746 2615 pro-

2161 2634 2332 2702 priatn
2365 2649 2486 2688 esse
2531 2633 2780 2687 dicimus.
2814 2632 2879 2687 In
2902 2635 3353 2703 iustiﬁcationibus
3385 2638 3486 2691 tuis
3517 2641 3757 2707 pertinet

2159 2724 2227 2779 ad
2256 2734 2572 2795 utrumque;
2611 2737 2667 2780 ut
2713 2737 2765 2781 et
2798 2726 3048 2782 mandata
3098 2727 3306 2782 DOmini
3336 2744 3455 2782 cum
3506 2732 3753 2785 delecta-

2159 2816 2304 2871 tione
2332 2818 2704 2882 meditaretur,
2736 2827 2789 2871 et
2819 2832 3011 2886 operas
3042 2834 3293 2873 manuum
3327 2836 3447 2873 cum
3478 2822 3749 2877 charitate

2158 2908 2463 2977 perliceret.
2497 2909 2597 2963 Ista
2624 2908 2765 2963 enim
2797 2910 2901 2963 duo
2926 2918 3049 2963 sunt
3074 2910 3153 2979 (ut
3177 2926 3320 2978 saepe
3349 2911 3593 2979 diCilllUS)
3623 2930 3753 2981 «luas

2159 2999 2424 3066 perfectos
2456 2999 2656 3053 faciunt
2707 3000 2886 3070 utique
2930 3001 3272 3056 christianos.
3306 3002 3476 3056 Finita
3508 3015 3589 3058 est
3617 3021 3751 3059 eum

2162 3090 2337 3144 littera
2351 3093 2612 3157 narratio,
2632 3106 2789 3159 quam
2807 3107 2835 3143 a
2853 3108 3007 3145 versu
3023 3104 3212 3159 quarto
3230 3094 3434 3147 scilicet
3456 3095 3754 3152 inchoavit.

2234 3183 2384 3240 Vers.
2434 3184 2525 3237 49.
2556 3214 2623 3223 ~—
2663 3199 2752 3237 vn.
2796 3183 2945 3238 ΖΜΝ.
2994 3183 3250 3238 Memento
3295 3187 3431 3239 verbi
3479 3188 3553 3240 tui
3599 3203 3758 3241 servo

2159 3285 2267 3339 tuo,
2305 3277 2357 3328 in
2390 3292 2490 3344 quo
2516 3277 2641 3329 mihi
2674 3293 2817 3346 spem
2848 3278 3049 3331 dedisti.
3084 3278 3162 3331 Ad
3194 3280 3476 3347 septimam
3515 3281 3761 3337 litteram

2160 3367 2310 3420 venit
2338 3366 2533 3420 chorus
2588 3366 2677 3420 ille
2721 3379 3055 3433 sanctorum,
3090 3371 3139 3421 in
3170 3386 3269 3436 qua
3322 3385 3470 3439 spem
3520 3376 3751 3442 promis-

2157 3456 2368 3509 sionum
2393 3456 2601 3511 Domini
2634 3459 2882 3512 sensibus
2905 3460 3104 3513 nostris
3127 3461 3346 3513 omnino
3373 3465 3750 3534 commendat,

2162 3559 2222 3603 ut
2252 3550 2460 3602 ﬁrmum
2487 3550 2542 3602 in
2585 3560 2763 3605 mente
2794 3561 2971 3605 nostra
3004 3562 3316 3621 permaneat
3340 3556 3479 3624 quod
3508 3556 3752 3625 gloriosa

2158 3640 2353 3695 veritas
2404 3640 2727 3709 pollicetur,
2790 3656 3038 3697 asserens
3090 3656 3304 3713 propter
3371 3662 3487 3700 eam
3552 3648 3755 3705 tidrles

2160 3731 2385 3786 adversa
2436 3731 2595 3801 hujus
2648 3734 2833 3788 mundi
2889 3734 3241 3791 tolerabiliter
3290 3746 3345 3791 et
3399 3739 3762 3797 libentissime

2160 3822 2450 3877 sustinere.
2498 3822 2628 3888 Quis
2676 3824 2820 3877 enim
2870 3836 3093 3881 mortem
3129 3830 3478 3897 temporalem
3522 3844 3758 3902 metuat,

2160 3914 2247 3967 cui
2276 3924 2479 3967 mterna
2503 3912 2607 3967 vita
2634 3914 3000 3982 promittitur?
3028 3917 3159 3983 Quis
3184 3919 3436 3974 orbitates
3467 3920 3761 3989 pignorum

2160 4004 2382 4073 cogitet,
2400 4018 2526 4057 cum
2546 4020 2606 4058 se
2619 4005 2948 4075 jungendum
2966 4007 3145 4063 choris
3167 4011 3377 4066 noverit
3397 4013 3715 4082 angelorum
3732 4018 3763 4069 ἰ

2164 4095 2295 4164 Quis
2328 4095 2540 4151 labores
2586 4099 2767 4151 carnis
2812 4098 3017 4163 timeat,
3065 4114 3187 4155 cum
3232 4117 3291 4157 se
3336 4102 3387 4157 in
3438 4115 3762 4173 perpetuam

2163 4188 2403 4256 rt‘quiem
2459 4188 2668 4242 noverit
2716 4188 3135 4245 collocandum?
3191 4193 3271 4246 Ex
3331 4195 3561 4250 humana
3616 4211 3764 4254 vero

2163 4279 2552 4334 consuetudine
2585 4293 2833 4335 memento
2860 4282 3055 4337 dicitur
3088 4283 3221 4350 Deo,
3271 4286 3360 4355 qui
3392 4287 3526 4342 nihil
3574 4299 3767 4356 potest

2166 4374 2432 4429 ullatenus
2480 4374 2755 4439 oblivisci;
2810 4393 2915 4430 non
2957 4378 3079 4446 quia
3128 4379 3347 4449 dignum
3395 4394 3512 4437 erat
3556 4384 3609 4438 in
3654 4384 3761 4440 illa

2167 4466 2443 4535 majestate
2490 4482 2689 4535 ponere
2738 4468 3024 4522 oblivionis
3070 4469 3344 4539 injuriam,
3379 4475 3471 4527 sed
3503 4484 3765 4542 precatur

471 4556 939 4634 ratiocinationem
990 4557 1132 4613 dicta
1191 4559 1497 4614 vincuntur.
1548 4560 1628 4614 Ad
1681 4563 2056 4618 verecundiam
2090 4571 2137 4628 ι)
2166 4570 2223 4613 ut
2248 4560 2355 4614 cito
2384 4575 2529 4613 servo
2551 4574 2649 4613 suo
2692 4560 2933 4615 conterat
2963 4561 3397 4619 clementissima:
3429 4567 3765 4634 promissio-

471 4654 616 4709 enitn
662 4654 846 4709 venire
892 4670 999 4709 non
1051 4664 1246 4725 potest,
1281 4657 1369 4723 qui
1419 4655 1658 4711 veritatis
1708 4657 1874 4726 ipsius
1908 4658 2060 4712 testi-

476 4746 657 4800 monio
710 4746 1013 4801 roboratur.
1049 4746 1162 4801 Non
1194 4747 1334 4801 enim
1367 4747 1457 4802 ille
1486 4747 1586 4801 sub
1614 4749 1849 4816 qualbet
1872 4764 2063 4806 neces-

470 4840 628 4894 sitate
677 4841 953 4907 negaudus
1000 4854 1116 4907 est,
1164 4843 1255 4912 qui
1303 4842 1471 4897 dicit:
1537 4843 1640 4909 Qui
1685 4860 1763 4897 me
1807 4847 2063 4917 negaverit

468 4947 639 4984 coram
682 4931 1014 5000 hominibus,
1063 4934 1253 5003 negabo
1303 4942 1349 4987 et
1396 4950 1487 5005 ego
1528 4951 1642 4989 eum
1685 4952 1861 4989 coram
1902 4936 2064 4991 Patre

470 5039 600 5086 meo,
632 5024 724 5093 qui
747 5034 819 5077 est
847 5027 899 5077 in
924 5026 1062 5079 caelis
1093 5023 1308 5095 (Matth.
1344 5042 1398 5091 Χ,
1446 5025 1559 5095 55).

542 5113 693 5170 Vers.
726 5115 817 5171 47.
863 5116 927 5170 Et
955 5117 1235 5170 meditabar
1256 5118 1307 5169 in
1336 5118 1593 5170 mandatis
1610 5120 1731 5184 tuis,
1764 5134 1879 5185 qua:
1900 5119 2059 5172 dilexi

469 5208 810 5261 vehementer.
866 5208 961 5262 llic
1008 5207 1244 5262 ostendit
1295 5206 1645 5277 frequentatae
1695 5209 2059 5263 meditationis

470 5298 745 5354 ardorem.
778 5298 1022 5353 Meditari
1048 5301 1190 5353 enim
1224 5301 1469 5351 mandata
1504 5316 1608 5353 non
1634 5309 1810 5368 potest
1839 5302 1935 5355 nisi
1968 5304 2057 5371 qui

471 5407 535 5443 ea
565 5388 779 5445 aSsidua
809 5391 1038 5446 lectione
1063 5390 1379 5446 cucurrerit.
1419 5392 1483 5445 Et
1513 5402 1569 5445 ut
1622 5391 1760 5447 hanc
1807 5392 2059 5462 frequen-

475 5494 601 5535 tiam
661 5484 964 5538 evidentius
1028 5485 1365 5550 declararet,
1417 5483 1654 5549 addidit,
1705 5502 1820 5554 quw
1879 5488 2057 5541 dilexi.

476 5576 757 5646 Negligere
799 5579 942 5632 enim
974 5594 1247 5647 nunquam
1297 5590 1474 5647 potest
1522 5580 1684 5633 homo
1714 5598 1831 5647 qu.e
1862 5582 2061 5650 diligt.

483 5667 589 5718 sed
623 5683 692 5721 ne
735 5668 870 5723 lianc
912 5686 1125 5741 quoque
1174 5671 1515 5725 dilectionem
1563 5670 1793 5739 tepidam
1842 5671 2060 5726 fet-sitan

482 5756 795 5825 aestimares,
842 5762 1064 5831 addidit,
1119 5764 1451 5833 vehementer,
1505 5780 1665 5836 sopra
1712 5781 1871 5834 quam
1920 5768 2062 5822 nulla

2170 4668 2251 4705 ns
2302 4652 2573 4707 eliectum.
2628 4653 2734 4707 llas
2787 4655 2929 4709 enim
2990 4656 3316 4727 tropologias
3365 4659 3418 4713 in
3463 4659 3768 4725 Scripturis

2168 4744 2359 4798 divinis
2408 4727 2714 4813 frequenter
2762 4747 3023 4813 invenies,
3072 4758 3127 4801 ut
3154 4758 3240 4802 est
3269 4749 3395 4803 illud
3428 4751 3481 4805 in
3511 4750 3714 4808 Genesi
3742 4772 3761 4810 :

2170 4836 2496 4891 Recordabar
2517 4836 2724 4902 foederis
2754 4839 2850 4890 mei
2876 4836 3027 4909 (Gen.
3062 4854 3138 4903 Ix,
3172 4841 3297 4910 i5);
3328 4844 3413 4898 vel
3444 4843 3497 4897 in
3530 4845 3719 4900 Exodo
3741 4866 3761 4903 :

2166 4930 2231 4982 Et
2269 4932 2563 4985 recordatus
2588 4940 2661 4984 est
2699 4930 2957 4987 Dominus
2994 4935 3130 5003 quod
3160 4933 3307 5005 [ed.,
3340 4938 3544 5005 {aderis
3572 4945 3712 5009 quod
3736 4940 3760 5015 j

2166 5025 2424 5094 pepigerat
2439 5039 2558 5077 cum
2573 5025 2830 5078 Abraham
2846 5034 2893 5079 et
2908 5026 3062 5080 Isaac
3080 5037 3124 5082 et
3140 5026 3300 5081 Jacob
3320 5028 3516 5099 (Exod.
3543 5047 3601 5098 tt,
3632 5033 3757 5099 24).

2173 5116 2324 5170 Verbi
2363 5119 2438 5169 tui
2461 5116 2690 5171 fortasse
2720 5118 2989 5187 signiﬁcat
3033 5120 3442 5187 promissionem
3486 5138 3644 5192 quam
3696 5126 3758 5179 in

2169 5207 2460 5275 Evangelio
2487 5206 2619 5260 dicit
2647 5225 2659 5259 :
2710 5206 2858 5261 Beati
2893 5209 2981 5276 qui
3012 5209 3209 5278 lugent,
3236 5212 3478 5281 quoniam
3504 5215 3601 5280 ipsi
3630 5231 3756 5269 con-

2161 5303 2479 5355 solabuntur.
2515 5299 2661 5354 Beati
2692 5303 2779 5369 qui
2811 5302 3213 5371 persecutionem
3240 5304 3508 5369 patiuntur
3550 5316 3759 5373 prapter

2151 5398 2430 5468 justitiam,
2452 5396 2689 5463 quoniam
2708 5396 2935 5462 ipsorum
2956 5404 3027 5448 est
3048 5410 3263 5465 regnum
3282 5396 3521 5449 calorum
3539 5397 3752 5467 (Matth.

2167 5507 2221 5553 v,
2253 5493 2327 5557 5).
2381 5492 2446 5545 Et
2483 5491 2590 5545 alio
2618 5490 2782 5561 506
2819 5491 2933 5545 loco
2959 5506 2974 5545 ;
3007 5489 3128 5544 Non
3158 5507 3241 5544 vos
3271 5491 3529 5545 dimittam
3561 5495 3751 5561 orpha-

2168 5601 2257 5635 nos
2280 5582 2463 5650 (Joan.
2498 5599 2603 5647 κεν,
2636 5584 2756 5653 18);
2788 5593 2840 5638 et
2866 5584 2949 5637 his
2974 5583 3195 5639 similia.
3220 5584 3380 5638 Serra
3412 5596 3519 5647 tuo,
3555 5588 3744 5638 subau-

2170 5677 2448 5736 diendum,
2478 5676 2641 5745 imple
2666 5678 2987 5744 promissum
3015 5694 3027 5727 :
3058 5677 3182 5745 quia
3208 5676 3252 5729 si
3277 5677 3410 5730 velis
3436 5679 3552 5731 sine
3572 5678 3746 5745 aliqua

2172 5770 2476 5839 ad,eetione
2533 5769 2907 5841 superioribus
2959 5779 3145 5840 aptare
3198 5769 3337 5840 quod
3394 5769 3590 5825 dictum
3649 5783 3745 5835 est,
