3966 6172
216 321 314 377 853

1072 326 1427 384 EXPOSITIO
1466 326 1529 383 IN
1571 324 2027 382 PSALTERIUM.
2073 324 2263 379 PSAL.
2307 322 2526 377 CXVIII.

3382 324 3493 379 εδδ

213 444 365 492 νοω.
412 440 511 491 sibi
567 446 838 507 nequeunt
884 442 1194 495 convenire.
1222 440 1353 508 Qua:
1399 442 1563 510 ligura
1596 439 1792 493 dicitur
1826 440 1868 498 A
1898 452 1956 491 se
2000 434 2263 489 defecisse
2310 434 2471 496 dicat,
2524 431 2644 500 quia
2699 441 3008 498 peccatores
3057 428 3226 499 legem
3276 432 3487 486 Domini

212 533 433 600 ellipsis,
457 534 506 586 id
536 545 613 587 est
646 533 907 599 delectus,
940 535 1152 603 quoties
1173 535 1397 589 verbum
1427 532 1792 602 suspenditur,

212 634 263 676 ut
305 624 544 678 vivacius
576 625 897 693 iuquiratur.
950 628 1225 697 Sequitur,
1270 628 1323 682 in
1366 644 1469 697 quo
1499 626 1626 679 milii
1655 643 1796 696 spent

212 715 431 779 dedisti,-
460 716 508 768 in
545 716 633 768 illa
661 717 867 771 scilicet
913 718 1270 786 promissione
1315 717 1465 771 verbi
1500 717 1596 781 lui,
1636 732 1794 785 quam

213 806 323 874 iure
349 822 381 859 a
414 807 590 860 veraci
623 807 849 862 Domino
879 808 1133 879 compleri
1164 807 1337 864 ﬁdelis
1368 810 1595 878 populus
1621 822 1799 877 expc-

217 898 358 951 tebat
404 897 535 969 [ed.,
566 897 956 970 exspectabat].

283 989 440 1043 Vers.
468 990 559 1044 5;).
604 988 731 1043 llrec
758 1007 837 1043 me
868 991 1129 1045 consulatu
1149 1002 1221 1045 est
1251 995 1304 1045 in
1335 990 1622 1045 humilitate
1650 1004 1759 1041 mea
1778 1004 1797 1043 :

217 1082 332 1149 quia
360 1082 619 1149 eloquium
666 1092 805 1135 tuum
838 1082 1107 1150 vivi/icavit
1152 1098 1253 1135 me.
1302 1084 1463 1150 Spem
1491 1096 1647 1150 quam
1698 1081 1799 1134 sibi

216 1171 343 1225 dicit
362 1170 431 1225 de
461 1171 667 1225 Domini
703 1171 1183 1239 pollicitationibus
1213 1171 1511 1235 exstitisse,
1542 1171 1710 1239 ipsam
1740 1185 1801 1225 se

216 1262 263 1316 in
296 1261 710 1317 necessitatibus
756 1261 912 1330 hujus
938 1261 1124 1316 mundi
1154 1261 1468 1315 consolatam
1511 1260 1674 1315 fuisse
1722 1274 1799 1315 te-

215 1364 405 1418 statur,
454 1353 705 1424 quoniam
754 1354 894 1408 inter
924 1353 1186 1424 quaslibet
1211 1352 1542 1406 calamitates
1589 1350 1797 1405 animus

218 1447 454 1501 ﬁdelium
492 1445 751 1515 reficitur,
785 1446 997 1515 quando
1030 1446 1152 1499 talis
1182 1444 1465 1499 retributio
1510 1442 1797 1514 cogitatur.

217 1538 346 1605 Quis
400 1538 545 1591 cnim
606 1539 928 1606 temporales
983 1536 1205 1591 insidias
1262 1545 1505 1601 metuat,
1558 1552 1679 1589 cum
1736 1535 1801 1589 ad

222 1638 420 1682 acterna
454 1628 664 1681 Domini
698 1628 953 1695 Promissa
992 1627 1275 1697 reSpiciat?
1318 1627 1447 1679 Nam
1498 1641 1619 1680 cum
1649 1625 1798 1690 dicit,

219 1718 482 1771 consolata
505 1728 600 1785 cst,
633 1718 865 1772 ostendit
899 1719 1035 1773 inter
1066 1732 1331 1772 (erumnas
1353 1717 1538 1771 surculi
1571 1716 1675 1771 hoc
1701 1716 1802 1771 sibi

1901 531 2150 585 deserere
2182 526 2555 581 cernebantur.
2590 524 2820 577 Necesse
2849 532 2933 578 cst
2960 523 3102 578 enim
3156 531 3212 577 ut
3240 529 3482 581 sanctum

1900 622 2071 672 virum
2117 617 2336 670 alterius
2383 615 2536 684 culpa
2586 612 2889 678 contristet,
2922 612 3049 666 dum
3098 617 3308 667 animus
3356 613 3475 680 pius

1900 710 2081 764 salvos
2130 708 2241 760 licri
2271 705 2541 761 desiderat
2588 703 2898 766 universos;
2935 711 2989 757 ct
3016 719 3173 771 quem
3206 719 3311 758 non
3338 712 3505 772 optat.

1902 800 2163 855 excedere
2193 797 2311 869 [ms.
2337 795 2429 861 6.,
2462 793 2753 865 excidere],
2785 792 3038 863 afﬂigitur
3070 809 3191 847 cum
3223 795 3270 848 ei
3303 808 3489 863 poenas

1902 890 2212 962 cognoverit
2234 889 2534 943 imminere.
2559 888 2672 941 Scit
2700 884 2842 940 enim
2876 885 2996 953 quia
3028 886 3258 955 gratuite
3284 885 3491 940 illatum

1902 983 2099 1036 malum
2131 996 2283 1035 suum
2315 980 2487 1049 potius
2518 986 2703 1049 gravet
2748 986 3049 1032 auctorem.
3107 976 3261 1033 Unde
3304 986 3509 1033 sancta.

1902 1073 2098 1128 cohors
2129 1088 2233 1125 non
2272 1078 2475 1125 tantum
2524 1067 2695 1138 pomis
2741 1068 2877 1137 suis,
2911 1080 3165 1139 quantum
3200 1070 3505 1141 tyrannicus.

1905 1164 2252 1232 torquebatur
2294 1162 2629 1217 excessibus.

1977 1255 2126 1311 Vers.
2158 1252 2245 1310 54.
2288 1253 2578 1309 Cantabiles
2609 1255 2731 1309 mihi
2760 1262 2902 1308 erant
2924 1254 3327 1326 justi/icattones
3357 1264 3500 1319 tuw,,

1904 1348 1957 1399 in
1986 1345 2098 1399 loco
2125 1345 2376 1398 iucelatus
2408 1345 2525 1399 mei.
2559 1344 2692 1399 Cum
2724 1344 2940 1411 dicitur,
2975 1344 3278 1410 cautabiles,
3320 1344 3493 1413 signi-

1906 1440 2031 1494 lirat
2076 1439 2425 1509 psalmodiam
2459 1455 2581 1493 cum
2614 1454 2801 1509 magna
2832 1439 3191 1493 delectatione
3240 1454 3496 1509 peragen-

1906 1535 2050 1598 dam,
2100 1534 2240 1587 sicut
2269 1534 2399 1587 dicit
2432 1533 2764 1601 Apostolus:
2822 1531 3099 1586 Cantautes
3150 1542 3194 1584 et
3224 1532 3495 1602 psallentes

1909 1626 1960 1679 in
1991 1626 2225 1678 cordibus
2272 1625 2443 1678 vestris
2476 1624 2579 1677 Deo
2628 1623 2847 1696 (Ep/tes.
2884 1642 2936 1689 v,
2972 1624 3082 1695 lli).
3115 1624 3315 1679 Cantus
3350 1624 3492 1680 enirn

1908 1734 2120 1787 semper
2152 1720 2350 1774 relevat
2375 1719 2607 1784 labores,
2637 1731 2689 1775 et
2723 1736 2822 1773 non
2852 1721 2976 1774 facit
3007 1720 3186 1773 animo
3217 1720 3495 1791 surripere

217 1812 391 1863 solatii
428 1809 614 1875 fuisse,
648 1820 704 1863 ut
736 1810 788 1863 in
831 1810 1079 1879 pratsenti
1114 1810 1217 1863 vita
1259 1810 1605 1878 alﬂigeretur,
1651 1818 1705 1863 et
1735 1809 1803 1862 de
1832 1817 1877 1883 Β
1910 1810 2145 1873 ιωιιίιιιη,
2198 1810 2287 1879 qui
2318 1811 2786 1879 contemplationis
2816 1822 3006 1881 magna
3036 1811 3297 1866 suavitate
3350 1810 3490 1866 mul-

218 1903 390 1956 latura
425 1902 538 1970 spei
572 1902 925 1970 promissione
953 1900 1230 1971 gauderet.
1265 1900 1375 1955 lloc
1419 1901 1579 1955 etiam
1635 1899 1803 1967 signi-

218 1995 358 2055 licat,
389 1994 442 2044 in
471 1993 760 2046 humilitate
791 2009 933 2054 mea;
961 1992 1085 2059 quia
1112 2000 1296 2045 sancta
1328 2006 1519 2046 revera
1552 1991 1805 2059 probatur

217 2083 489 2137 humilitas
533 2086 711 2137 omnia
769 2085 1060 2151 patienter,
1103 2082 1283 2135 omnia
1334 2099 1454 2135 cum
1505 2084 1802 2149 gratiarum

216 2162 433 2228 actione
463 2174 756 2228 sustinere.
789 2174 935 2228 Ilauc
963 2173 1123 2227 etiam
1156 2189 1307 2242 Spem
1342 2173 1525 2227 tiibuit
1556 2174 1607 2226 iu
1638 2174 1807 2225 Evan-

215 2271 357 2339 gent)
410 2269 601 2322 dicens
631 2268 892 2336 apostolis
924 2284 935 2318 :
990 2265 1055 2319 In
1083 2267 1357 2338 patientia
1378 2276 1544 2318 vestra
1576 2266 1804 2328 posside-

215 2360 327 2412 bitis
376 2361 583 2412 animus
632 2368 820 2413 vestras
855 2358 1006 2428 (Luc.
1064 2376 1176 2428 xxI,
1223 2360 1334 2426 19).
1368 2360 1642 2429 Sequitur,
1688 2360 1811 2429 quia

217 2451 476 2520 eloquium
505 2462 650 2503 tuum
698 2451 968 2518 vivi/icabit
1017 2467 1118 2506 me.
1146 2450 1376 2504 Causam
1425 2452 1601 2505 reddit
1648 2466 1811 2517 quate

218 2541 495 2595 humilitas
543 2541 660 2611 ejus
700 2542 863 2597 fuerit
912 2543 1210 2597 consulatu.
1267 2543 1561 2597 I’runtissio
1612 2544 1810 2613 quippe

220 2637 346 2688 tanti
403 2635 608 2690 Judicis
670 2636 897 2689 ﬁrmavit
946 2637 1182 2690 animum
1234 2637 1579 2703 sustinentis;
1634 2649 1689 2690 et
1744 2656 1810 2692 tte

218 2728 568 2793 temporalem
626 2728 839 2781 timeret
888 2728 1195 2798 interitum,
1245 2744 1369 2799 spes
1425 2731 1808 2787 consolationis

216 2821 489 2887 ritiﬁcuvit
524 2822 801 2874 alllictum.

289 2911 446 2964 Vers.
498 2912 588 2964 fil.
634 2912 855 2981 Superbi
885 2914 1056 2982 inique
1100 2914 1317 2986 agebant
1365 2932 1745 2987 usquequaque,
1780 2935 1813 2971 a

216 3002 317 3069 lege
364 3012 541 3054 autem
606 3012 695 3056 tua
758 3020 860 3057 non
920 3004 1194 3059 declinavi.
1256 3006 1492 3075 Tempus
1545 3007 1812 3076 signiﬁcat

214 3098 433 3160 quando
468 3113 499 3151 a
542 3100 788 3167 superbis
811 3103 1248 3169 persecutoribus
1270 3105 1812 3159 vehementerhnmi-

1909 1914 2078 1957 cetur.
2112 1903 2241 1959 Nam
2270 1904 2409 1973 quod
2440 1904 2661 1970 addidit,
2688 1906 2741 1957 in
2770 1905 2881 1959 loco
2911 1906 3169 1960 iucolatus
3202 1906 3299 1960 mei
3332 1906 3503 1975 (sicut.

1909 2006 2050 2062 saepe
2082 1993 2361 2063 diximus),
2412 1995 2676 2065 significat
2723 1996 2863 2051 hunc
2894 1997 3168 2060 mundum,
3211 1998 3303 2052 ubi
3338 2014 3495 2067 pcre-

1909 2087 2148 2153 griuamr
2197 2088 2374 2139 omnis
2422 2088 2512 2154 qui
2563 2087 2779 2141 Christo
2833 2088 3057 2143 Domino
3106 2088 3338 2144 devotus
3386 2101 3490 2145 cst.

1913 2176 2127 2244 Expulsi
2174 2176 2436 2245 siquilem
2467 2176 2519 2231 in
2568 2176 2735 2232 Adam
2764 2180 2832 2234 de
2864 2180 2993 2234 sede
3022 2180 3275 2247 paradisi,
3312 2182 3363 2233 in
3400 2182 3499 2237 hac

1912 2275 2052 2318 terra
2080 2266 2357 2319 incolatum
2383 2270 2641 2337 gerimus,
2673 2270 2793 2336 quia
2820 2273 3003 2339 patria:
3038 2271 3179 2326 illius
3212 2272 3488 2327 beatitudie

1913 2372 2032 2410 nem
2060 2375 2164 2411 non
2190 2358 2467 2413 habemus.
2502 2360 2575 2414 Ita
2608 2361 2662 2414 Iit
2696 2374 2748 2415 ut
2782 2363 2834 2415 in
2869 2363 2967 2417 hoc
2998 2363 3196 2417 mundo
3221 2366 3487 2432 peregrini

1911 2464 2032 2504 esse
2051 2450 2346 2518 videamur,
2366 2451 2500 2506 sicut
2516 2465 2568 2508 et
2584 2456 2871 2521 Apostolus
2885 2455 3014 2509 dicit
3035 2476 3041 2503 :
3066 2455 3499 2520 Quamliusumus

1912 2543 1963 2594 in
1985 2541 2079 2593 hoc
2109 2559 2339 2613 corpore,
2366 2546 2747 2615 peregrinamur
2768 2565 2797 2598 ιι
2825 2546 3043 2598 Domum
3067 2545 3150 2615 (ll
3190 2547 3309 2599 Cor.
3347 2564 3397 2611 v,
3422 2538 3498 2613 6).

1990 2634 2141 2688 Vers.
2182 2635 2270 2691 55.
2316 2636 2512 2689 Mentor
2540 2639 2616 2706 {ui
2648 2639 2698 2689 in
2722 2649 2865 2689 nocte
2888 2640 3105 2692 nominis
3135 2639 3227 2703 tui,
3257 2637 3492 2703 Domine,

1912 2738 1959 2781 et
2004 2729 2255 2782 custodiri
2285 2730 2440 2799 legent
2472 2740 2634 2782 tuam.
2670 2730 2766 2783 Per
2799 2740 3015 2792 uectem,
3051 2731 3303 2783 mundum
3338 2730 3367 2783 i.
3389 2741 3498 2782 tum

1912 2819 2215 2889 signiﬁcare
2240 2836 2393 2889 posse
2425 2836 2527 2875 non
2558 2820 2777 2874 dubium
2810 2833 2913 2886 est,
2949 2824 2998 2875 in
3024 2838 3129 2891 quo
3157 2832 3495 2889 peceaturum

1914 2920 2100 2979 regnat
2124 2912 2443 2965 obscuritas.
2469 2911 2575 2966 Sed
2603 2913 2805 2965 utinam
2830 2915 3015 2967 oculis
3038 2928 3331 2982 Corporeos
3352 2914 3497 2967 clau~

1914 2999 2086 3064 deret,
2116 3009 2170 3054 et
2195 3015 2300 3052 non
2328 3000 2505 3054 cordis
2536 3000 2733 3055 lumina
2784 3002 3135 3072 periculosius
3176 3004 3497 3058 obt'mcaret.

1918 3093 2063 3148 lianc
2094 3108 2290 3148 uocent
2322 3094 2573 3147 Dominus
2618 3094 2858 3163 depellit,
2905 3094 3117 3163 quindo
3153 3093 3337 3161 jndicii
3372 3108 3497 3148 teut-

216 3188 277 3239 l‘s
327 3189 573 3243 Eccle~ia
608 3193 917 3247 vexabatur.
968 3193 1076 3249 Sed
1128 3196 1245 3251 haec
1290 3197 1473 3251 omnia
1513 3199 1641 3251 dicit,
1690 3214 1809 3254 esse
1838 3196 1883 3258 C
1915 3202 2045 3257 pore
2073 3188 2293 3242 veniens
2324 3187 2584 3240 illuminat
2612 3186 3281 3251 abscondita-teuebrarum,
3310 3194 3357 3239 et
3389 3202 3499 3237 ma-

212 3284 498 3349 frustrata,
547 3302 667 3339 cum
712 3287 759 3341 ei
815 3290 1168 3359 malignorum
1228 3305 1336 3365 non
1391 3292 1564 3360 ptuit
1615 3308 1809 3349 nocere

214 3378 444 3431 scvitia.
505 3379 573 3431 Et
628 3381 837 3447 respice
908 3383 1158 3451 quoniam
1229 3384 1588 3440 humilitatem
1651 3401 1808 3441 suam

213 3468 389 3521 titlelis
438 3471 664 3536 populus
719 3471 1041 3527 vivilicatam
1096 3475 1267 3529 dicit:
1324 3476 1571 3545 superbos
1610 3492 1807 3546 autem,

212 3558 262 3608 id
285 3568 371 3611 est
397 3560 661 3629 malignos
685 3571 847 3631 atque
871 3572 1127 3633 tyrannos
1149 3566 1443 3622 crudeliter
1467 3568 1641 3637 egisse
1664 3584 1812 3622 com-

212 3662 514 3715 memorat,
536 3654 623 3722 qui
650 3670 753 3709 non
782 3656 1105 3722 vivilicandi,
1125 3658 1220 3712 sed
1246 3659 1425 3725 potius
1448 3660 1808 3713 mortilieandi

211 3752 356 3796 ιιιηι.
388 3743 494 3797 Per
520 3746 634 3799 haec
662 3746 803 3801 enim
832 3748 940 3803 duo
966 3750 1125 3804 verba
1154 3750 1398 3821 designat
1425 3768 1595 3821 genus
1627 3753 1811 3807 huma-

214 3848 372 3897 num;
432 3834 663 3891 humiles
692 3839 891 3908 quippe
939 3840 1157 3895 dicendi
1208 3852 1355 3908 sunt,
1411 3845 1502 3911 qui
1546 3845 1812 3899 mandatis

214 3922 433 3978 Domini
464 3926 686 3983 obedire
715 3928 1077 3997 contendunt;
1121 3934 1346 4003 superbi,
1395 3936 1485 4004 qui
1535 3936 1813 3990 diabolicis

212 4015 655 4084 suggestionibus
686 4020 1067 4077 intumescunt.
1099 4024 1373 4093 Sequitur,
1426 4041 1458 4078 a
1501 4026 1609 4093 lege
1642 4036 1813 4081 autem

210 4118 301 4157 tua
331 4122 440 4159 non
466 4108 749 4175 declinavi;
779 4113 986 4168 scilicet
1012 4122 1071 4168 ut
1098 4113 1175 4168 illi
1204 4116 1463 4184 putabant
1491 4118 1579 4187 qui
1629 4133 1810 4185 perse-

209 4200 524 4265 quebantur
576 4203 843 4259 innoxios.
904 4206 970 4260 Et
1020 4220 1143 4261 cum
1192 4207 1342 4274 dicit,
1387 4226 1492 4264 non
1539 4210 1808 4279 declinavi,

208 4292 488 4351 signiticet
528 4294 582 4347 in
624 4296 866 4350 veritatis
900 4296 1101 4366 jugiter
1129 4313 1189 4353 se
1221 4299 1488 4355 mansisse
1525 4303 1811 4357 sententia.

288 4382 453 4439 Vera.
482 4383 572 4439 5'2.
617 4384 816 4439 Memor
842 4389 920 4457 [ui
953 4390 1276 4459 judiciorunt
1305 4404 1508 4445 tuorum
1539 4408 1571 4444 a
1599 4392 1811 4459 sa'culo,

210 4472 481 4538 Domine;
510 4485 559 4526 et
588 4478 881 4532 consolatus
916 4496 1051 4533 sum.
1090 4480 1285 4535 Memor
1320 4483 1640 4553 judiciorunt
1697 4487 1807 4551 ple-

1912 3279 2120 3347 nifestat
2170 3278 2387 3330 consilia
2436 3277 2605 3331 cordis
2656 3276 2865 3347 (ICor.
2921 3294 2996 3343 tv,
3045 3276 3141 3347 5),
3196 3293 3317 3346 qua:
3366 3293 3499 3331 nunc

1912 3368 2223 3424 excessibus
2255 3367 2564 3422 nutriuntur
2605 3366 2825 3422 illicitis.
2858 3367 2963 3424 Sed
2994 3370 3045 3421 in
3075 3368 3173 3423 hac
3206 3379 3351 3422 nocte
3393 3387 3498 3423 me-

1914 3478 2101 3514 utorent
2119 3476 2178 3516 se
2194 3461 2321 3515 dicit
2340 3462 2496 3530 fuisse
2515 3462 2731 3535 nominis
2753 3460 2980 3528 Domini,
3002 3478 3123 3516 cum
3146 3465 3324 3516 omnia
3346 3462 3503 3518 bene-

1914 3554 2032 3607 licia
2062 3555 2226 3623 ipsius
2254 3570 2358 3607 non
2392 3554 2597 3608 meritis
2623 3555 2759 3622 suis,
2807 3554 2900 3608 sed
2948 3554 3143 3608 divinis
3187 3554 3501 3609 muneribus

1914 3647 2235 3716 applicaret;
2270 3649 2409 3701 sicut
2439 3654 2493 3699 et
2522 3648 2573 3700 in
2622 3647 2729 3701 alio
2760 3647 2963 3716 psalmo
2997 3647 3226 3716 legitur:
3280 3646 3501 3715 Adjnto-

1914 3739 2046 3790 riunt
2092 3748 2320 3791 nostrum
2362 3740 2412 3791 in
2461 3740 2661 3791 nomine
2697 3740 2921 3808 Domini,
2954 3742 3040 3810 qui
3068 3742 3184 3810 fecit
3236 3742 3417 3794 cu'lum
3456 3748 3503 3794 et

1916 3841 2104 3882 terram
2135 3828 2315 3899 (Psal.
2369 3845 2552 3892 cxxttt,
2588 3832 2676 3898 8).
2732 3830 2797 3883 Et
2846 3831 3139 3897 Apostolus
3194 3842 3501 3885 memorat:

1920 3924 2019 3987 Qui
2061 3923 2332 3994 gloriatur,
2366 3923 2417 3975 iu
2469 3922 2690 3975 Domino
2722 3923 2971 3992 glorietur
3015 3921 3097 3992 (ll
3134 3922 3249 3975 Cor.
3288 3940 3339 3986 χ,
3388 3925 3501 3991 I7).

1916 4015 2003 4071 Sic
2032 4013 2174 4069 enim
2211 4014 2382 4067 ﬁdelis
2416 4014 2585 4066 noctis
2610 4012 2761 4067 istius
2786 4014 3023 4066 tenebris
3049 4029 3152 4066 non
3184 4014 3499 4079 involvitur,

1917 4105 2041 4175 quia
2092 4103 2271 4158 cordis
2320 4104 2522 4157 lumine
2552 4102 2902 4155 elai-iliratur.
2958 4104 3315 4170 Consequitur
3346 4103 3503 4171 digna

1918 4196 2210 4265 professio;
2244 4196 2364 4249 ideo
2394 4196 2537 4250 enim
2588 4194 2857 4247 custoditit
2905 4195 3062 4265 legent
3096 4194 3329 4258 Domini,
3378 4195 3503 4264 quia

1918 4289 2015 4359 [uit
2046 4304 2237 4341 memor
2266 4287 2318 4339 iu
2342 4296 2485 4340 nocte
2516 4286 2736 4338 nominis
2761 4284 2898 4354 ejus.
2930 4284 3046 4339 Non
3078 4285 3219 4338 enim
3247 4285 3504 4337 custodire

1917 4380 2170 4436 valuisset
2202 4380 2357 4452 legem
2391 4378 2633 4443 Domini,
2658 4378 2700 4431 si
2733 4377 2844 4431 suis
2875 4375 3075 4446 aliquid
3108 4376 3314 4431 meritis
3339 4376 3503 4446 appli-

1918 4488 2070 4528 casse
2079 4482 2114 4527 Ι..

205 4568 424 4622 ctibilia
472 4586 577 4624 non
629 4573 925 4638 pragsuniit,
968 4576 1091 4643 quia
1140 4586 1286 4629 metu
1334 4590 1612 4644 paruerunt
1646 4562 1807 4630 revo-A
1844 4570 1889 4627 D
1990 4566 2142 4621 Vers.
2186 4565 2275 4621 56.
2320 4564 2449 4620 IIa'c
2501 4566 2638 4636 facta
2666 4574 2741 4618 est
2771 4563 2917 4629 mihi,
2949 4564 3073 4634 quia
3109 4562 3507 4632 iustiﬁcationes

203 4670 370 4712 eitur
432 4660 524 4729 qui
588 4661 1175 4733 incentiva_pravitale
1233 4667 1603 4721 succenditur.
1671 4668 1804 4723 Cum

203 4751 367 4815 dicit,
384 4768 417 4803 a
440 4754 649 4818 ueruto,
670 4754 932 4823 siguilicat
956 4773 1074 4811 cum
1102 4758 1466 4812 administrari
1495 4769 1705 4828 emptus
1730 4770 1811 4814 est

199 4844 473 4898 rutundus.
508 4845 615 4900 ΙΙοε
662 4848 803 4901 enim
854 4850 942 4902 illa
984 4851 1178 4906 cohors
1230 4858 1403 4921 potuit
1442 4852 1658 4919 dicere,
1692 4872 1810 4923 qua:

202 4947 307 4999 per
340 4937 721 4991 successiones
751 4941 1155 5006 generationum
1203 4943 1375 5013 longis
1404 4944 1653 4999 aetatibus
1684 4961 1810 5015 cog-

200 5026 463 5080 noscitur
486 5028 775 5083 exstitisse.
807 5031 937 5085 Nam
960 5032 1006 5086 si
1039 5042 1297 5087 mternum
1327 5046 1536 5103 tempus
1561 5037 1815 5092 voluisset

199 5118 529 5185 ostendere,
563 5123 819 5176 sacculum
851 5125 1036 5178 saeculi
1078 5126 1302 5192 diceret,
1331 5127 1466 5181 sicut
1508 5126 1815 5197 frequenter

197 5210 478 5265 insinuat.
527 5215 640 5277 Qua
672 5214 996 5283 cogitatione
1041 5215 1363 5270 consolatam
1405 5233 1463 5273 se
1510 5218 1658 5285 dicit,
1692 5223 1813 5289 quia

196 5303 455 5357 [anulos
496 5318 621 5357 suos
653 5305 821 5359 virtus
849 5307 1027 5360 divina
1056 5322 1160 5360 non
1190 5308 1409 5373 deserit,
1439 5308 1574 5362 sicut
1606 5319 1661 5363 et
1687 5310 1815 5363 alibi

193 5393 394 5447 dicit:
443 5392 691 5448 Iuvenior
735 5397 887 5467 [ωδε.
935 5402 1023 5463 A.,
1060 5399 1142 5466 8.,
1174 5397 1384 5470 Juuior]
1435 5402 1509 5471 {ui
1547 5411 1594 5455 et
1639 5405 1808 5467 senui,

195 5502 249 5541 et
286 5502 409 5539 non
436 5486 538 5539 vidi
557 5490 761 5557 justum
789 5490 1108 5543 derelictum.

281 5576 452 5630 Vera.
484 5578 570 5631 53.
614 5576 841 5647 Deiectio
871 5580 1031 5633 animi
1075 5581 1234 5633 tenuit
1263 5596 1360 5645 me,
1414 5596 1506 5649 pro
1536 5578 1664 5652 [ms.
1718 5580 1808 5648 G.,

204 5671 305 5733 l-‘_,
335 5668 475 5738 prie]
524 5672 868 5737 peccatoribus
920 5672 1381 5744 derelinquentibus
1435 5672 1597 5744 legem
1648 5682 1807 5726 tuam.

202 5757 311 5812 llic
337 5762 517 5828 pictas
543 5770 741 5815 sancta:
772 5761 1191 5820 conversationis
1218 5763 1517 5833 exponitur,
1545 5778 1601 5819 ut
1623 5762 1810 5819 dolore

1916 4671 2031 4714 tuas
2054 4660 2317 4728 exquisivi.
2339 4658 2468 4712 Παίς
2490 4664 2629 4729 facta
2650 4670 2723 4712 est
2748 4659 2894 4724 milii,
2920 4657 3169 4723 subaudi,
3188 4657 3505 4710 consolatio.

1917 4753 2069 4819 Quod
2104 4756 2271 4821 magis
2313 4753 2379 4805 de
2430 4760 2589 4805 nocte
2621 4766 2778 4818 quam
2807 4750 2876 4804 de
2908 4751 3023 4817 lege
3050 4750 3211 4803 debet
3258 4747 3504 4814 intelligi,

1918 4853 1975 4897 ut
2002 4858 2122 4912 qua:
2170 4842 2541 4911 peccatoribus
2574 4850 2657 4896 est
2699 4840 2932 4905 czecitas,
2986 4841 3097 4910 ipsi
3147 4839 3273 4892 viris
3305 4838 3507 4892 sanctis

1915 4933 2232 4988 illuminatio
2262 4949 2382 4987 esse
2426 4934 2686 4987 videatur.
2738 4932 2828 4986 Sic
2877 4933 3021 4987 enim
3073 4931 3358 4985 credentes
3402 4944 3508 4983 non

1917 5027 2186 5096 patiuntur
2212 5024 2479 5088 tenebras,
2506 5025 2753 5092 quamvis
2782 5024 2830 5078 in
2878 5022 3037 5093 hujus
3062 5022 3245 5077 mundi
3266 5023 3508 5077 ccecitate

1921 5127 2218 5172 versentur.
2261 5116 2516 5184 Sequitur
2565 5131 2727 5170 causa
2773 5132 2939 5185 quare
2984 5118 3060 5169 illi
3093 5132 3196 5169 nox
3250 5114 3386 5168 facta
3436 5113 3509 5167 sit

1918 5212 2233 5273 consolatio,
2267 5211 2388 5279 quia
2402 5210 2801 5280 justiﬁcationes
2829 5220 2946 5263 tuas
2974 5210 3242 5279 exquisivi.
3270 5206 3326 5263 Si
3354 5205 3504 5261 enim

1920 5306 2168 5371 dixisset,
2195 5320 2362 5369 meas,
2388 5303 2731 5358 sustinuisset
2754 5302 2929 5357 adhuc
2954 5303 3328 5357 densissimam
3352 5299 3508 5353 caeci-

1916 5407 2110 5463 tatem;
2164 5396 2257 5451 sed
2305 5396 2427 5465 quia
2469 5395 2621 5460 dixit,
2673 5403 2825 5462 tuas,
2876 5395 3060 5448 mundi
3116 5392 3349 5447 tenebris
3401 5408 3506 5446 non

1917 5491 2092 5561 potuit
2121 5489 2405 5543 olicmcari.

1991 5582 2139 5636 Vers.
2168 5582 2258 5636 57.
2283 5610 2351 5621 -
2372 5596 2485 5634 vni.
2532 5580 2706 5635 lle-ru.
2742 5578 2920 5634 Portio
2952 5594 3087 5639 mea,
3124 5576 3358 5638 Domine,
3389 5576 3509 5630 dixi

1915 5674 2171 5727 custodire
2214 5673 2373 5743 legent
2417 5681 2579 5726 tuam.
2623 5675 2827 5742 Agmen
2884 5672 3097 5725 beatum
3146 5669 3212 5723 ad
3261 5677 3507 5723 octavam

1916 5763 2151 5820 litteram
2180 5762 2347 5829 venit,
2366 5763 2418 5818 in
2441 5777 2543 5832 qua
2561 5763 2835 5819 desiderat
2854 5761 3033 5816 videre
3061 5762 3249 5818 faciem
3271 5760 3512 5823 Domini.
