4032 6176
438 295 541 352 855

1655 298 1721 355 Μ.
1773 302 1808 354 Α
1821 298 2046 356 URELll
2089 296 2491 364 CASSIODOGI

3599 301 3706 355 εδδ

435 416 558 483 quia
616 415 732 483 ejus
785 412 1051 467 mandatis
1105 412 1342 467 noscitur
1399 410 1707 466 obsecutus.
1757 410 1939 464 Portio
1985 424 2011 460 a
2046 412 2090 469 Α
2122 407 2370 462 Paratum
2403 425 2490 462 cor
2519 425 2683 461 meum
2723 409 2878 472 Deus,
2925 420 3160 477 paratum
3195 427 3283 465 cor
3327 427 3488 466 meum
3529 411 3708 481 (Ρωι.

437 514 588 576 parte
635 505 776 560 dicta
825 513 927 559 est.
987 505 1134 559 illius
1184 504 1328 560 enim
1378 504 1546 573 partis
1593 517 1818 566 sumus,
1869 503 2021 568 cujus

436 599 799 654 voluntatibus
859 597 1157 652 obedimus.
1220 596 1372 662 Quod
1430 595 1652 650 verbum
1718 593 2023 662 frequenter

435 690 646 746 invenis
697 690 917 754 dictum,
975 699 1031 743 ut
1079 698 1162 744 est
1210 689 1373 744 illud:
1433 687 1585 742 Filiis
1637 687 1755 740 Leri
1806 704 1907 739 non
1930 686 2023 738 erit

437 788 622 851 portio,
648 800 807 852 neque
824 801 934 836 sors
955 783 1114 854 407
1147 784 1198 835 in
1225 785 1392 836 medio
1418 786 1639 851 fratrum
1665 796 1860 842 eorum,
1900 796 2021 846 quia

437 872 685 926 Dominus
720 875 853 928 Deus
898 892 1016 941 pars
1062 885 1348 928 esteorum
1397 874 1577 934 (Deut.
1634 888 1688 939 tt,
1745 874 1824 939 9).
1873 871 2023 926 Unde

435 965 627 1019 merito
649 967 812 1031 portio
842 964 1051 1034 piorum
1086 967 1222 1020 Deus
1252 965 1468 1030 dicitur,
1491 964 1613 1034 quia
1640 962 1691 1016 in
1723 963 1871 1032 regni
1903 963 2020 1029 ejus

439 1057 689 1112 felicitate
713 1058 906 1112 victuri
939 1067 1084 1113 sunt.
1118 1058 1390 1127 Sequitur,
1425 1057 1534 1110 dixi
1569 1055 1821 1109 custodire
1863 1055 2023 1123 legem

438 1162 597 1206 tuam.
642 1153 782 1213 Dixi,
835 1153 884 1206 id
936 1164 1038 1219 est,
1094 1151 1276 1214 statui,
1311 1149 1548 1211 decrevi,
1583 1158 1743 1216 atque
1801 1144 2019 1214 promisi

439 1245 648 1300 Domini
701 1255 961 1314 prmcepta
1013 1259 1268 1300 servare:
1319 1242 1463 1296 unde
1517 1242 1695 1294 factus
1750 1237 1920 1292 fuerat
1970 1237 2020 1290 in

441 1339 647 1392 Domini
696 1339 959 1407 portione,
994 1337 1045 1390 id
1075 1344 1160 1392 est
1191 1335 1242 1390 in
1275 1332 1571 1388 Jerusalem
1601 1332 1780 1398 beata,
1837 1344 1942 1382 non
1972 1328 2022 1381 in

443 1432 744 1503 Babylonite
777 1441 924 1500 parte
952 1429 1198 1485 confusa.

515 1523 665 1580 Vers.
700 1524 789 1579 58.
836 1524 1148 1589 Deprecatus
1171 1538 1282 1576 sum
1305 1522 1484 1591 {aciem
1507 1529 1645 1573 tuam
1675 1519 1725 1571 in
1749 1527 1851 1570 toto
1878 1515 2027 1568 corde

439 1631 582 1670 meo:
612 1616 850 1669 miserere
875 1615 973 1668 mei
1015 1613 1291 1666 secundum
1319 1613 1575 1680 eloquium
1619 1623 1782 1663 tuum.
1817 1609 2023 1680 Duplici

440 1707 600 1762 modo
628 1708 744 1762 haec
774 1708 929 1775 [acies
957 1705 1166 1760 Domini
1197 1706 1454 1774 probatur
1476 1702 1722 1771 intelligi.
1750 1702 2019 1757 Christum

2124 516 2242 565 LVI,
2290 500 2382 568 8).
2427 501 2708 570 Sequitur,
2750 511 2796 554 ct
2827 518 2927 555 non
2969 519 3077 555 sunt
3109 507 3362 555 turbatus.
3410 501 3710 572 lmprovisa

2125 590 2264 645 forte
2291 591 2638 646 conturbant.
2667 592 2781 644 Non
2817 593 2957 645 enim
2989 591 3115 645 facit
3153 592 3439 647 formidare
3464 594 3708 647 animum

2124 681 2418 738 deliberata
2450 685 2740 737 sententia.
2777 685 2925 738 L‘nde
2948 694 3001 737 et
3031 685 3288 738 Dominus
3333 687 3386 738 in
3417 686 3712 754 Evangelia

2127 789 2466 843 pra'monens
2495 774 2665 830 dicit:
2702 776 2824 830 Non
2866 778 3093 830 turbetur
3141 794 3225 829 cor
3254 792 3474 831 uestrum
3523 777 3710 844 (Jeau.

2125 882 2236 932 xw,
2269 867 2354 936 l);
2383 869 2632 936 quoniam
2668 884 2772 921 non
2821 879 2993 936 potest
3042 869 3144 922 dici
3195 878 3428 936 paratus,
3471 874 3556 939 qui
3602 880 3713 925 trc-

2127 960 2246 1030 pida
2279 961 2600 1030 cogitatione
2645 962 3005 1016 contunditur.
3057 962 3216 1016 lnl’ert
3263 964 3423 1016 etiam
3472 963 3537 1016 ad
3581 963 3714 1031 quid

2126 1061 2362 1122 paratum
2393 1068 2450 1108 se
2489 1068 2609 1108 esse
2638 1053 2869 1119 dicebat,
2902 1054 3108 1108 scilicet
3137 1064 3190 1105 ut
3219 1055 3464 1106 mandata
3495 1055 3712 1110 Domini

2126 1147 2440 1212 custodiret;
2470 1161 2589 1216 qua:
2612 1147 2688 1200 sic
2706 1146 2842 1200 bene
2865 1155 3020 1214 atque
3040 1146 3242 1215 integre
3265 1153 3569 1211 servantur,
3592 1162 3715 1201 cum

2125 1236 2422 1291 adversitas
2451 1238 2594 1290 nulla
2624 1237 2898 1291 metuitur.

2203 1327 2350 1382 Vers.
2375 1328 2463 1380 Gl.
2496 1327 2668 1380 Funes
2689 1340 3011 1396 peccatorum
3033 1327 3361 1396 circumpleri
3384 1337 3503 1380 sunt
3526 1344 3643 1391 me;
3670 1337 3720 1382 et

2127 1417 2287 1487 legem
2326 1426 2468 1471 tuam
2501 1435 2601 1471 non
2631 1435 2742 1471 sum
2773 1418 2978 1472 oblitus.
3012 1418 3142 1472 Cum
3183 1419 3332 1486 dicit,
3363 1419 3508 1485 funes
3537 1435 3720 1489 pecca-

2128 1518 2318 1574 torum,
2349 1510 2586 1564 ostendit
2622 1518 2701 1564 tot
2736 1523 2859 1564 esse
2906 1509 3124 1579 laqueos
3151 1518 3281 1578 quot
3311 1521 3525 1577 peccata
3569 1528 3720 1566 com-

2130 1603 2413 1657 mittimus.
2475 1603 2645 1657 Funes
2707 1604 2850 1657 enim
2904 1610 3031 1657 sunt
3078 1602 3333 1672 implicita
3387 1615 3440 1658 et
3481 1614 3721 1660 tortuosa

2130 1696 2400 1764 ligamina,
2432 1695 2625 1762 quibus
2649 1710 2707 1750 se
2735 1695 3105 1764 delinquentes
3143 1709 3356 1762 semper
3386 1695 3721 1766 astringunt,

439 1817 596 1871 quem
629 1800 883 1854 credebat
910 1814 1030 1855 esse
1059 1809 1343 1854 venturum
1374 1796 1671 1851 indubitata
1697 1795 2026 1864 cogi'atione
2058 1783 2105 1842 Β
2133 1788 2268 1842 sicut
2312 1787 2468 1840 Ιεειὶιιδ
2499 1786 2664 1841 dicit:
2721 1785 2808 1840 Vw
2849 1787 2936 1856 qui
2980 1785 3190 1840 trahunt
3235 1797 3438 1852 peccata
3478 1796 3721 1856 tanquam

441 1892 780 1960 desiderans,
813 1893 1238 1947 incarnationem
1270 1889 1437 1956 ipsius
1459 1887 1733 1957 qumrebat
1759 1887 2019 1955 aspicere,

439 2002 559 2055 qute
589 1988 791 2041 mundo
838 1985 1092 2041 salutaris
1123 1991 1334 2054 poterat
1379 1996 1664 2051 apparere,
1700 1980 1839 2034 sicut
1882 1989 1934 2033 et
1972 1979 2023 2032 iu

440 2078 547 2134 alio
570 2080 778 2148 psalmo
804 2078 1004 2132 dictum
1037 2083 1121 2130 est
1151 2093 1164 2128 :
1203 2074 1338 2128 Deus
1364 2075 1627 2134 virtutum,
1659 2079 1891 2124 converte
1915 2086 2024 2132 nos,

439 2178 488 2224 et
530 2172 736 2225 astende
763 2172 945 2242 faciem
992 2179 1153 2231 tuam,
1183 2175 1229 2222 et
1250 2168 1377 2220 salvi
1419 2167 1607 2218 erimus
1640 2163 1809 2234 (Psal.
1845 2177 2023 2229 LXXIX,

442 2263 519 2334 8).
553 2261 617 2316 In
647 2271 752 2316 toto
782 2263 956 2328 corde,
993 2262 1109 2315 sine
1140 2261 1242 2313 ulla
1276 2258 1635 2319 haesitatione,
1671 2263 1730 2308 ut
1770 2269 1874 2308 non
1913 2265 2028 2308 tan-

441 2368 598 2423 quam
634 2353 766 2425 [ed.,
799 2362 855 2406 ut
906 2351 1198 2420 nunquam}
1234 2350 1302 2403 de
1348 2350 1525 2402 luturo
1569 2361 1885 2414 suspensus,
1933 2345 2027 2399 sed

444 2445 586 2499 velut
619 2453 943 2515 piteentem
973 2443 1246 2495 videretur
1277 2455 1465 2508 rogare
1506 2437 1867 2492 certissimus.
1905 2438 2031 2489 Pos-

444 2536 575 2590 tulat
634 2537 794 2590 etiam
851 2531 1279 2588 misericordiam
1340 2530 1605 2584 adventus
1659 2531 1778 2596 ejus
1830 2529 2039 2583 debere

442 2628 740 2696 compleri,
803 2627 890 2695 qui
949 2641 1044 2695 per
1101 2624 1388 2693 prophetas
1447 2622 1727 2676 innumera
1787 2622 2028 2676 noscitur

443 2719 850 2774 annuntiatione
885 2717 1201 2787 promissus.
1238 2713 1363 2769 Sive
1387 2713 1557 2783 magis
1580 2712 1845 2781 deprecari
1882 2713 2030 2766 vitle-

445 2821 550 2876 tur,
577 2811 708 2866 utin
732 2810 904 2864 futura
931 2810 1070 2864 illius
1093 2809 1492 2863 resurrectione
1512 2805 1630 2874 ejus
1655 2805 1843 2859 faciem
1870 2805 2032 2872 iossit

442 2904 731 2973 inspicere,
759 2903 901 2957 sicut
927 2902 1139 2970 legitur,
1177 2898 1321 2953 Bea'i
1353 2897 1543 2950 mundo
1575 2895 1748 2960 corde,
1789 2896 2032 2964 quoniam

447 3001 550 3068 ipsi
601 2997 770 3051 Deum
818 2995 1064 3049 videbunt
1106 2991 1337 3062 (.Mattlt.
1377 3006 1430 3052 v,
1467 2991 1554 3054 8).
1588 2987 1654 3042 Et
1702 2973 2028 3054 Apostolus:

453 3090 695 3147 Videmus
725 3106 858 3144 nunc
887 3104 975 3159 per
1003 3086 1265 3155 speculum
1293 3086 1346 3137 in
1377 3084 1678 3152 aenigmate;
1713 3088 1834 3133 tunc
1861 3088 2030 3132 autem

2132 1879 2305 1946 funem
2335 1878 2539 1946 longum
2571 1876 2723 1948 (lsai.
2768 1892 2823 1941 v,
2873 1875 2987 1947 l8).
3024 1878 3088 1930 Et
3118 1877 3246 1931 alibi
3277 1895 3290 1929 :
3330 1876 3561 1932 Vinculis
3592 1896 3718 1932 suo-

2131 1986 2243 2022 rum
2289 1981 2614 2039 peccatorum
2658 1970 3003 2040 unusquisque
3037 1971 3398 2039 constringitur
3441 1970 3618 2039 (Prov.
3663 1988 3722 2036 v,

2129 2061 2245 2131 Ἡ).
2280 2063 2383 2117 Sed
2409 2063 2510 2116 hoc
2532 2060 2870 2116 referendum
2899 2070 2981 2115 est
3009 2061 3073 2114 ad
3107 2062 3350 2131 corporis
3376 2062 3724 2127 pravitatem.

2134 2155 2265 2208 Nam
2317 2169 2436 2209 cum
2487 2152 2640 2217 dicit,
2695 2153 2854 2222 legem
2881 2161 3020 2204 tuum
3048 2167 3149 2204 non
3199 2167 3309 2203 sum
3339 2153 3526 2204 oblitus
3557 2153 3725 2222 (quod

2132 2257 2216 2302 est
2241 2247 2567 2316 beatorum),
2597 2261 2692 2298 cur
2720 2259 2780 2299 se
2813 2246 2925 2312 ipse
2964 2253 3299 2312 peccatorum
3329 2243 3553 2297 nexibus
3579 2245 3725 2297 dicat

2134 2355 2256 2397 esse
2286 2339 2658 2408 complexum?
2686 2339 2779 2392 sed
2812 2337 2923 2391 ﬁeri
2957 2337 3126 2405 poruit
3165 2345 3223 2389 ut
3249 2351 3375 2389 caro
3405 2336 3728 2390 delictorum

2135 2436 2346 2490 funibus
2375 2433 2652 2500 complexa
2703 2433 2993 2502 ligaretur:
3034 2431 3245 2484 animus
3289 2438 3465 2484 autem
3507 2440 3726 2483 sanctus

2136 2527 2420 2582 incentivis
2454 2526 2596 2580 vitiis
2651 2525 2939 2586 reluctans,
2966 2521 3127 2592 legem
3162 2522 3368 2575 Domini
3408 2537 3509 2574 non
3549 2523 3734 2590 fuisse:

2137 2617 2346 2680 oblitus,
2379 2618 2520 2670 sicut
2548 2613 2842 2683 Apostolus
2870 2612 3036 2667 dicit:
3073 2610 3183 2680 Ego
3211 2612 3319 2678 ipse
3359 2619 3524 2664 mente
3559 2611 3731 2663 seruio

2137 2710 2237 2782 tegi
2274 2709 2390 2775 Dei,
2420 2724 2572 2762 carne
2599 2716 2770 2761 autem
2809 2705 2917 2776 lege
2943 2707 3134 2775 peccati
3163 2703 3343 2773 (Rom.
3378 2720 3466 2768 vn,
3494 2703 3594 2773 '25)

2210 2803 2362 2858 Vers.
2416 2785 2505 2855 62.
2551 2800 2726 2855 Media
2755 2809 2898 2853 nocte
2935 2799 3204 2868 surgebam
3255 2799 3320 2850 ad
3373 2797 3727 2865 conﬁtendum

2138 2897 2248 2957 tibi,
2275 2912 2428 2967 super
2449 2895 2654 2964 judicia
2674 2892 2896 2966 justitia:
2921 2900 3046 2944 tute.
3078 2889 3192 2945 Non
3221 2897 3376 2944 vacat
3399 2889 3537 2958 quod
3568 2890 3730 2957 dicit,

2137 2988 2311 3042 Media
2351 2997 2493 3041 nocte
2521 2985 2818 3054 surgebant:
2848 2983 2951 3038 scit
2991 2981 3134 3037 enim
3177 2980 3281 3035 Itoc
3331 2990 3571 3049 tempore
3612 2982 3730 3050 pri-

2137 3081 2403 3148 mogenita
2447 3076 2819 3147 Egyptiorum
2862 3073 3023 3127 fuisse
3053 3085 3308 3140 percussa
3335 3070 3534 3141 (Exod.
3569 3087 3626 3132 ιι,
3667 3071 3731 3132 4,

446 3187 578 3258 {acie
603 3186 670 3238 ad
700 3153 963 3254 faciem'U
986 3153 1106 3234 cor.
1131 3193 1243 3242 xui,
1279 3177 1388 3246 1‘2).
1418 3174 1525 3231 Sed
1551 3173 1669 3243 quia
1701 3181 2034 3241 peccatorem
2066 3153 2111 3216 (ἶ
2143 3171 2239 3241 5);
2280 3169 2379 3225 scit
2405 3170 2566 3223 etiam
2605 3181 2668 3222 ea
2714 3175 3031 3235 tempestate
3079 3165 3219 3219 Petri
3251 3175 3306 3219 et
3338 3163 3488 3216 Pauli
3517 3173 3570 3217 et
3596 3163 3732 3218 Silm

448 3295 507 3335 se
536 3285 783 3342 noverat,
819 3275 916 3330 sibi
951 3270 1189 3342 postulat
1224 3269 1424 3324 debere
1455 3265 1738 3329 misereri;
1770 3271 2036 3334 quatenus

448 3386 547 3440 per
571 3369 794 3439 gratiam
829 3367 1110 3432 liberatus,
1139 3361 1322 3416 viderit
1352 3358 1492 3428 quod
1539 3358 1650 3411 suis
1679 3371 1783 3409 non
1826 3363 2036 3423 poterat

449 3461 658 3518 meritis
678 3459 894 3515 intueri.
923 3455 1218 3512 Secundum
1234 3452 1489 3522 eloquium
1509 3459 1672 3512 tuum,
1690 3447 1819 3501 illud
1835 3446 2039 3500 scilicet

449 3573 556 3627 quo
605 3556 822 3612 Deitatis
869 3568 979 3606 sua:
1014 3549 1277 3620 promittit
1307 3543 1508 3601 sanctis
1536 3543 1750 3597 beatam
1786 3538 1944 3592 nimis
1984 3546 2038 3592 et

450 3645 922 3717 incomparabilem
959 3658 1053 3711 per
1079 3639 1257 3694 omnia
1288 3637 1574 3690 visionem.

524 3741 677 3796 Vers.
707 3739 795 3792 59.
841 3736 975 3804 Quia
996 3733 1215 3804 cogitaui
1238 3731 1346 3785 vias
1375 3744 1535 3791 meris,
1563 3734 1610 3780 et
1636 3723 1860 3778 converti
1882 3721 2052 3790 pedes'

451 3850 588 3890 meos
624 3834 678 3886 in
705 3829 1011 3892 testimonia
1060 3837 1170 3880 tua.
1215 3823 1469 3878 Ordinem
1521 3819 1768 3874 humana:
1812 3829 2038 3870 conver-

451 3926 796 4000 sionislmss.
855 3926 945 3988 Α..
1001 3920 1092 3985 B.,
1143 3916 1237 3984 F.,
1292 3909 1738 3983 conversationis]
1796 3909 2034 3978 exponit.

453 4021 606 4076 Prius
636 4028 717 4075 est
743 4018 884 4073 enim
919 4025 977 4069 ut
1006 4013 1366 4078 nosmetipsos
1397 4005 1697 4061 districtius
1725 4016 2035 4072 arguamus,

450 4125 505 4169 et
553 4116 631 4169 sic
681 4112 745 4166 ad
800 4109 1007 4165 Domini
1055 4105 1302 4161 mandata
1352 4101 1662 4171 migremus.
1715 4096 2038 4165 Cogitaverat

459 4205 683 4276 proinde
733 4217 958 4258 examen
1012 4199 1142 4255 illud
1186 4195 1477 4267 gloriosum
1518 4191 1628 4244 uias
1674 4204 1816 4252 suas,
1871 4185 1923 4239 id
1957 4193 2043 4240 est

452 4311 605 4354 actus
651 4298 942 4361 humanos;
996 4291 1089 4347 sed
1118 4289 1370 4361 quoniam
1401 4287 1449 4340 ei
1480 4282 1805 4339 omnimodis
1856 4279 2036 4347 ("Sp"-

453 4389 668 4452 cebant,
724 4387 872 4457 pedes
918 4399 1045 4439 suos
1091 4380 1336 4436 convertit
1386 4379 1454 4432 ad
1485 4375 1773 4432 testimonia
1825 4370 2036 4426 Domini

2143 3263 2193 3315 in
2226 3274 2446 3315 carcere
2477 3261 2774 3326 positorum
2818 3257 3028 3310 vincula
3069 3256 3302 3310 resoluta
3334 3255 3474 3324 (Act.
3514 3271 3608 3319 xu,
3639 3255 3732 3323 6),

2139 3354 2244 3407 scit
2287 3365 2498 3420 quoque
2543 3365 2799 3420 sponsum
2850 3349 3024 3403 media
3074 3357 3232 3402 nocte
3269 3361 3391 3402 esse
3437 3357 3734 3402 venturum

2142 3441 2358 3515 (Matth.
2406 3455 2552 3508 xxv,
2595 3439 2706 3508 8);
2751 3440 2978 3509 ideoque
3024 3438 3214 3494 eodem
3269 3447 3508 3505 tempore
3557 3439 3734 3506 surgit

2141 3537 2207 3590 ad
2249 3535 2475 3598 laudes,
2527 3549 2593 3587 ne
2645 3534 2784 3586 inter
2828 3532 3001 3585 fatuas
3055 3530 3290 3599 virgines
3338 3527 3499 3598 janua
3547 3528 3735 3588 clausa

2143 3637 2439 3683 remaneat.
2495 3626 2603 3680 Nec
2655 3634 2808 3678 vacat
2860 3623 3005 3692 quod
3053 3622 3200 3689 dicit,
3242 3623 3548 3692 surgebam,
3604 3621 3736 3686 quia

2143 3736 2357 3792 semper
2377 3721 2634 3789 surgitur,
2663 3733 2782 3792 eum
2811 3717 2876 3770 ad
2904 3714 3108 3768 Domini
3133 3716 3399 3784 praeconia
3425 3714 3732 3768 featiuatur.

2143 3813 2223 3866 Ad
2262 3787 2612 3881 conﬁtendum
2646 3787 2732 3862 hic
2780 3806 3047 3877 signiﬁcat
3098 3805 3162 3859 ad
3197 3803 3560 3858 laudandum:
3600 3804 3738 3871 quia

2143 3877 2411 3974 sequitur,
2460 3917 2611 3972 super
2640 3900 2844 3970 judicia
2882 3898 3102 3966 iustitia:
3151 3905 3272 3950 tute.
3301 3895 3432 3949 Nam
3473 3895 3515 3947 si
3559 3895 3738 3962 preiii-
3809 3877 3821 3888 ’

2145 3999 2326 4053 tentia:
2355 3994 2753 4051 confessionem
2795 3991 3056 4046 voluisset
3083 3986 3326 4055 intelligi,
3367 4000 3530 4054 super
3569 3987 3739 4039 inise-

2143 4087 2426 4144 ricordiam
2445 4098 2586 4140 tuam
2603 4085 2850 4149 dixisset,
2871 4096 2976 4136 non
2999 4096 3152 4152 super
3157 4079 3362 4150 judicia
3379 4078 3587 4144 institiir
3608 4087 3737 4131 mar.

2216 4157 2371 4233 b’ers.
2405 4178 2494 4233 6'5.
2543 4175 2808 4244 Particeps
2837 4189 2928 4244 ego
2957 4187 3067 4224 sum
3113 4170 3336 4224 omnium
3376 4170 3653 4220 timentium
3680 4176 3738 4220 te

2142 4280 2191 4327 et
2220 4257 2614 4326 custodientium
2662 4269 2910 4340 mandata
2950 4274 3061 4320 tua.
3095 4264 3198 4318 llic
3239 4261 3535 4317 evidentius
3571 4260 3746 4336 dixit,

2141 4365 2283 4436 quod
2327 4365 2574 4433 superius
2604 4363 2654 4415 in
2687 4361 2860 4428 capite
2907 4359 3102 4412 littera:
3142 4356 3341 4425 posuit,
3391 4353 3556 4422 portio
3595 4368 3736 4415 mea,

452 4443 744 4549 gradienda
773 4495 785 4528 :
821 4477 873 4530 in
897 4475 1091 4544 quibus
1113 4473 1156 4527 si
1183 4471 1374 4541 aliquis
1396 4468 1658 4533 ambulat,
1689 4466 1841 4518 firma
1865 4472 2037 4532 potest
2123 4458 2381 4529 .Dontinc.
2421 4457 2511 4512 Sic
2539 4454 2680 4509 enim
2712 4463 2826 4508 erat
2863 4450 3070 4504 Domini
3100 4449 3286 4518 portio,
3321 4453 3377 4498 ut
3404 4453 3461 4499 et
3497 4443 3735 4497 famulo-

454 4538 654 4628 babere
683 4538 929 4640 vestigia:
958 4567 1190 4623 Videbat
1233 4538 1496 4635 siquidem
1532 4562 1585 4615 in
1624 4558 1874 4615 immanis
1904 4556 2040 4610 acti—
2074 4541 2124 4600 D
2149 4567 2265 4606 rum
2314 4551 2480 4617 ipsius
2526 4548 2780 4618 particeps
2835 4559 2954 4600 esse
3002 4543 3340 4612 probaretur.
3405 4539 3469 4592 Et
3520 4538 3742 4605 respice

453 4667 556 4722 bus
584 4678 706 4719 esse
739 4672 985 4733 peccata;
1039 4661 1090 4714 in
1116 4658 1312 4712 divinis
1339 4665 1516 4710 autem
1551 4653 1814 4707 mandatis
1841 4650 2039 4704 norcre

451 4756 745 4828 justitiam:
780 4765 833 4810 et
862 4749 1274 4822 sapienterillud
1294 4749 1628 4813 deseruerat,
1659 4743 1796 4813 quod
1827 4741 2040 4807 exposi-

455 4862 565 4903 lum
621 4846 873 4918 periculis
922 4843 1212 4900 sentiebat.
1278 4838 1516 4894 Dicendo
1573 4836 1759 4899 enim,
1818 4834 2041 4886 conuerti

452 4942 605 5010 pedes
643 4957 801 5002 meos,
851 4937 1087 4992 ostendit
1117 4932 1361 5004 primitus
1392 4931 1556 4985 fuisse
1585 4939 1887 4998 perversos.

529 5033 683 5089 Vers.
726 5031 813 5086 60.
862 5026 1084 5082 Paratus
1125 5042 1262 5091 sum,
1312 5033 1360 5078 et
1409 5040 1508 5076 non
1538 5037 1651 5076 sum
1699 5018 1948 5078 turbatus,
1982 5025 2037 5068 ut

457 5125 740 5180 custodiam
763 5123 1010 5175 mandata
1038 5128 1146 5172 tua.
1181 5119 1312 5174 Cum
1344 5115 1492 5178 dicit,
1517 5120 1773 5183 paratum,
1807 5106 2040 5162 ostendit

455 5219 783 5275 deliberasse
810 5233 868 5272 se
895 5231 990 5284 pro
1040 5210 1308 5267 mandatis
1358 5205 1569 5262 Domini
1599 5203 1852 5274 qumlibet
1899 5200 2041 5268 peri-

454 5314 572 5370 eula
598 5310 879 5367 sustinere.
905 5308 1150 5361 Paratum
1181 5319 1242 5358 se
1263 5301 1408 5356 enim
1431 5299 1495 5352 ad
1523 5305 1788 5367 prtecepta
1829 5293 2036 5347 llomini

455 5403 808 5460 custodienda
831 5402 919 5454 ille
940 5407 1186 5461 testatur,
1204 5397 1288 5466 qui
1311 5409 1406 5448 nec
1429 5400 1804 5462 persecutores
1828 5389 2039 5454 metuit,

455 5505 512 5550 et
538 5494 819 5550 illecebras
844 5487 1000 5558 hujus
1031 5487 1210 5553 saeculi
1243 5499 1272 5537 a
1303 5483 1415 5538 suis
1455 5479 1701 5536 sensibus
1747 5477 2042 5548 ell‘ugavit;

456 5588 594 5642 sicut
620 5595 674 5640 et
706 5583 988 5653 Apostolus
1018 5579 1210 5633 Paulus
1235 5577 1342 5630 ait:
1374 5573 1487 5645 Ego
1531 5573 1670 5626 enim
1700 5587 1789 5637 pro
1844 5569 2045 5622 nomine

457 5678 578 5730 Jesu
607 5693 706 5729 non
742 5676 907 5727 solum
937 5672 1162 5742 alligari,
1193 5671 1280 5724 sed
1317 5679 1365 5723 et
1393 5668 1517 5721 mori
1543 5674 1748 5736 paratus
1769 5679 1882 5716 sum
1905 5661 2041 5732 (Act.

457 5768 550 5832 ‘21,
585 5767 690 5834 l3).
725 5767 875 5821 Unde
903 5766 1146 5821 similiter
1177 5776 1230 5820 et
1258 5763 1307 5818 in
1332 5756 1433 5816 alio
1465 5757 1667 5829 psalmo
1705 5752 1903 5808 dictum
1929 5759 2043 5807 est:

2147 4641 2593 4706 quemadmodum
2619 4639 2866 4691 virtutem
2893 4633 3272 4689 ecclesiastica:
3293 4630 3511 4684 unitatis
3537 4639 3734 4682 aSten-

2149 4735 2246 4796 dit,
2274 4743 2326 4786 ut
2357 4732 2594 4786 omnium
2624 4729 2863 4782 ﬁdelium
2887 4740 2945 4778 se
2970 4723 3113 4777 dicat
3135 4737 3257 4776 eSse
3278 4722 3596 4794 participem,
3623 4733 3738 4774 non

2149 4827 2308 4880 unius
2340 4821 2615 4884 Ecclesiat,
2656 4819 2749 4873 sed
2781 4832 2899 4888 quae
2943 4816 2993 4870 in
3031 4814 3193 4868 ιοιίοιε
3223 4811 3404 4865 mundi
3433 4813 3738 4880 eapacitate

2148 4918 2336 4976 diffusa
2373 4928 2473 4972 est.
2519 4917 2586 4966 Et
2607 4913 2800 4968 merito
2831 4925 2890 4964 se
2918 4908 3112 4975 ubique
3139 4913 3316 4974 partes
3358 4903 3556 4958 habere
3578 4903 3732 4967 dicit,

2143 5009 2359 5080 quando
2381 5003 2698 5060 universalis
2724 4997 3070 5069 congregatio
3096 4997 3218 5050 talia
3242 4994 3573 5064 loquebatur.
3600 4991 3736 5046 Pars

2145 5103 2289 5157 enim
2323 5099 2491 5168 ip~ius
2541 5104 2678 5162 erat,
2735 5091 2989 5164 quidquid
3025 5089 3136 5143 Deo
3185 5088 3394 5155 placere
3428 5094 3634 5153 poti-rat
3673 5085 3729 5138 in

2148 5207 2262 5251 toto
2292 5193 2424 5248 orbe
2459 5201 2742 5244 terrarum.
2779 5186 2845 5238 Et
2874 5182 3082 5251 respice
3111 5195 3270 5249 quam
3301 5179 3570 5232 humiliter
3602 5192 3731 5245 par-

2147 5290 2346 5360 ticipem
2407 5300 2465 5338 se
2517 5281 2646 5334 dicit
2693 5277 2974 5331 timentium
3028 5273 3218 5337 Deum,
3258 5285 3378 5324 eum
3429 5269 3635 5336 lrtgatur
3673 5267 3729 5319 in

2149 5355 2444 5450 Apostolo:
2501 5373 2782 5441 Participes
2834 5368 3023 5422 Christi
3054 5366 3174 5435 [acti
3211 5355 3388 5416 sumus
3420 5360 3603 5431 (Hebr.
3647 5375 3727 5426 nt,

2153 5474 2266 5543 M).
2320 5473 2387 5526 Et
2417 5471 2466 5523 in
2507 5463 2918 5536 quadragesimo
2957 5468 3148 5529 quarto
3194 5457 3421 5524 psalmo,
3467 5453 3726 5523 quosdam

2153 5564 2439 5634 participes
2461 5557 2661 5613 Christi
2695 5554 3021 5625 signiﬁcatus
3057 5563 3178 5604 esse
3209 5548 3568 5609 meminimus,
3604 5559 3726 5597 cum

2150 5655 2278 5710 dicit
2305 5671 2319 5708 :
2345 5650 2652 5718 Propterera
2677 5645 2822 5700 unxit
2851 5652 2898 5697 te
2921 5641 3078 5706 Deus,
3103 5637 3236 5692 Deus
3265 5647 3379 5690 tuus
3409 5637 3517 5689 oleo
3541 5635 3732 5688 lwtitia:

2152 5762 2257 5817 pra:
2300 5745 2618 5798 consortibus
2649 5740 2749 5794 tuis
2780 5734 2948 5806 (Psal.
2983 5746 3124 5794 XLIV.
3156 5731 3235 5802 8).
3285 5727 3534 5798 Quisquis
3583 5724 3730 5780 enim
