3966 6172
219 373 299 431 85Ἰ
1113 364 1473 422 EXPOSITIO
1517 365 1577 416 ΙΝ
1623 364 2072 420 I’SALTI‘LIKIL‘M.
2120 368 2308 422 PS.\I..
2350 369 2579 423 CXVIII.
3374 372 3476 428 835

219 486 261 541 in
293 481 523 536 novitate
561 479 684 534 vita:
714 477 1092 539 ambulaverit,
1127 478 1229 532 erit
1256 477 1527 545 particeps
1558 476 1775 528 Christi.
1809 480 1857 537 Α
1887 480 1978 531 sel
2035 481 2360 534 intellectum
2392 497 2496 535 non
2549 489 2727 550 potest
2755 498 2939 537 earum
2996 498 3174 538 rerum
3225 495 3482 554 prrestare

219 579 290 633 Sic
329 583 380 630 ct
429 572 704 627 humiliter
751 572 962 625 locutus
1012 579 1118 633 est,
1165 580 1217 622 et
1264 579 1439 621 tamen
1495 568 1560 621 ad
1612 569 1778 643 ipsam

219 665 601 738 signiﬁcantium
633 709 646 730 ,
696 662 824 732 quid
875 663 944 716 sit
992 662 1244 731 particeps
1289 658 1506 721 Christi,
1543 659 1778 712 animum

217 763 330 816 bene
368 755 717 824 intelligentis
772 751 1032 808 extendit.
1085 752 1152 805 Et
1179 750 1508 820 quia.dixit,
1555 749 1783 800 omnium

215 849 478 904 timentium
501 858 582 900 te:
609 862 675 899 ne
705 845 826 897 illos
849 843 1125 898 debuisses
1147 842 1426 895 advertere
1455 839 1540 908 qui
1573 840 1780 892 Domini

217 941 384 1008 iudicia
438 938 620 992 servili
660 941 850 990 timore
905 935 1213 998 formidant,
1245 932 1468 997 addidit,
1517 941 1562 984 et
1614 939 1780 983 custo-

216 1036 311 1087 dim
335 1034 440 1084 ium
469 1030 716 1084 mundata
739 1037 848 1094 tua,
880 1027 971 1096 qui
1001 1026 1330 1081 devotissimi
1364 1023 1783 1092 comprobantur

215 1127 386 1180 tiirnre
425 1123 728 1178 castissimo
758 1131 812 1177 et
841 1135 1026 1174 amore
1051 1119 1378 1174 reverendo.

273 1217 416 1269 Vers.
441 1215 526 1267 64.
557 1214 916 1267 Misericordia
940 1222 1050 1278 tua,
1082 1213 1313 1274 Domine,
1337 1212 1490 1282 plena
1513 1220 1584 1264 est
1605 1219 1739 1262 terra
1763 1224 1782 1264 :

203 1309 582 1378 justiﬁcariones
614 1318 728 1360 lues
756 1307 883 1360 doce
915 1322 1014 1363 me.
1047 1305 1180 1359 Cum
1222 1305 1385 1358 dicit:
1427 1303 1784 1356 Misericordia

211 1414 295 1464 tua,
349 1399 592 1460 Domine,
643 1399 794 1460 plena
825 1406 895 1450 est
919 1407 1076 1461 terra,
1118 1394 1348 1449 ostendit
1382 1394 1564 1463 utique
1592 1392 1784 1445 dilata-

213 1491 389 1543 ti-uiem
453 1489 578 1542 ﬁdei
627 1487 985 1552 Christianze,
1030 1501 1190 1556 quam
1243 1486 1320 1538 sic
1360 1483 1779 1539 misericorditer

211 1582 449 1650 implevit,
483 1591 539 1634 ut
568 1581 801 1650 undique
826 1594 1018 1634 nomen
1050 1579 1358 1633 vanissima:
1385 1577 1778 1648 superstitionis

209 1688 480 1729 evacuas<e
540 1675 816 1727 doceatur.
877 1673 944 1727 Et
1010 1681 1136 1726 uota
1189 1671 1331 1741 quod
1376 1671 1780 1740 justiﬁcationes

210 1765 398 1819 Domini
421 1782 579 1835 quam
597 1765 783 1821 sedule
803 1765 1166 1834 petitdiscere,
1195 1779 1315 1818 cum
1342 1763 1505 1833 [4.08
1530 1761 1783 1830 frequen-

1889 586 2010 637 quae
2046 571 2321 639 prter-ipit;
2376 573 2515 626 Deus
2565 583 2743 628 autem
2785 577 2934 639 prius
2976 589 3069 629 cor
3103 576 3382 640 illuminat,
3423 587 3484 634 ut

1891 662 1943 715 iu
1979 678 2168 715 sensns
2197 664 2488 718 electorum
2531 663 2649 732 ejus
2687 664 2848 718 verba
2883 667 3233 719 descendunt.
3287 669 3482 736 Sequi-

1891 765 1995 819 tur,
2029 755 2148 823 quia
2187 755 2448 807 mandatis
2502 753 2602 808 tuis
2653 755 2868 808 credidi.
2918 755 3048 809 Cum
3084 757 3330 810 mandata
3359 757 3478 811 ideo

1889 848 2246 915 priedieeutur
2292 857 2346 900 ut
2377 848 2524 912 liaut,
2562 848 2976 914 perquireudum
3007 859 3086 901 est
3134 865 3298 918 quare
3321 850 3478 905 dise-

1889 944 1977 1004 rit,
2007 943 2265 996 mandatis
2286 943 2385 996 tuis
2409 944 2621 996 credidi.
2653 945 2875 1015 Prtipter
2902 945 3044 998 illaut
3069 947 3477 1012 prom'ssionem

1895 1033 1934 1086 D
1958 1035 2097 1087 unini
2123 1051 2238 1102 qua:
2261 1035 2420 1088 dicit:
2444 1035 2702 1099 Quiaudit
2728 1037 2873 1088 verba
2892 1053 2997 1087 mea
3019 1046 3068 1088 et
3092 1038 3211 1104 facit
3234 1054 3313 1098 εἰ,
3338 1038 3482 1091 sinti-

1891 1129 1952 1180 lis
1967 1137 2034 1179 est
2051 1130 2154 1180 rfro
2166 1128 2672 1195 [edi/icantidomunt
2687 1145 2835 1180 suam
2853 1145 3009 1196 supra
3037 1140 3229 1196 petram
3262 1129 3480 1199 (Matth.

1893 1235 1988 1280 vn,
2035 1219 2149 1288 ii),
2203 1230 2306 1272 etc.
2343 1219 2531 1272 Merito
2579 1234 2706 1287 ergo
2738 1219 3035 1288 sulijuuvit,
3088 1221 3304 1285 credidi,
3351 1223 3477 1292 quia

1891 1312 2104 1378 prrmnia
2144 1312 2245 1365 sibi
2278 1311 2649 1366 obedientibus
2679 1326 2910 1365 max'ma
2941 1314 3335 1379 compromisit.

1965 1423 2115 1479 Vers.
2150 1425 2237 1478 67.
2287 1423 2599 1494 Priusquam
2624 1423 2926 1478 humiliarer
2955 1441 3048 1495 ego
3078 1426 3298 1495 deliqui;
3326 1443 3483 1495 prop-

1891 1527 2026 1569 terea
2065 1516 2321 1582 eloquium
2350 1525 2492 1568 tuum
2520 1516 2787 1568 custodivi.
2821 1516 3188 1582 Respiciamus
3218 1516 3480 1584 qtle'tttld-

1891 1605 2104 1658 modum
2138 1606 2187 1658 in
2223 1605 2322 1659 hoc
2352 1621 2508 1660 versu
2542 1606 2770 1659 humana
2800 1607 2907 1660 vita
2937 1607 3264 1661 describitur
3289 1623 3302 1662 :
3332 1608 3480 1676 prius

1889 1701 2032 1752 enim
2072 1715 2328 1762 peccasse
2358 1715 2412 1753 ie
2439 1699 2593 1761 dixit,
2625 1714 2743 1752 cum
2775 1700 3017 1768 originali
3051 1701 3176 1753 \itio
3210 1709 3482 1754 teneretur

1891 1791 2189 1855 obnoxius;
2243 1799 2359 1859 post
2399 1791 2727 1844 humiliatum
2781 1805 2840 1845 se
2880 1805 3000 1844 esse
3041 1791 3315 1859 proli-ssus
3367 1799 3474 1852 est,

209 1870 274 1914 ίθτ
316 1875 411 1915 eas
449 1875 509 1914 se
560 1859 721 1916 fuerit
773 1859 1097 1914 θηεῖοδίίδδθ
1140 1857 1448 1927 “Orassus;
1483 1856 1689 1910 sane“
1726 1863 1782 1907 ut
1821 1867 1862 1925 Β
1889 1891 1946 1936 ttt
1982 1884 2134 1950 culpa
2165 1856 2396 1946 careret,
2450 1898 2606 1952 quam
2656 1892 3001 1936 coittraxcrat
3043 1856 3097 1936 in
3152 1883 3364 1946 radice;
3408 1883 3475 1937 ad

207 1951 440 2006 ostendat
462 1953 708 2007 mandata
735 1953 942 2008 Domini
969 1951 1370 2019 iulatigabiliter
1422 1949 1779 2020 exquirenda,

208 2054 456 2112 quatenus
495 2044 595 2098 sub
641 2045 733 2098 tali
763 2044 1034 2098 desiderio
1064 2044 1336 2112 prolectus
1378 2053 1566 2095 noster
1614 2043 1785 2108 pos~it

205 2156 399 2207 s-mper
426 2141 633 2209 augeri,
664 2139 801 2193 sicut
843 2139 897 2191 in
927 2137 1128 2206 quinta:
1163 2137 1352 2189 littera:
1404 2135 1580 2203 primo
1626 2148 1782 2186 versu

206 2229 346 2283 dixit:
380 2229 569 2302 Legem
597 2247 722 2296 parte
762 2231 908 2292 mihi,
933 2227 1170 2289 Domine,
1201 2225 1783 2295 viamjustiﬁcatiouum

205 2333 417 2387 tuarum,
445 2333 493 2375 et
519 2323 782 2392 exquiram
805 2339 919 2375 eam
949 2335 1164 2391 semper.

266 2412 415 2466 Vcrs.
451 2413 719 2468 6‘S.——tx.
755 2412 963 2466 Tttrz'ru.
999 2410 1291 2464 Bonitatem
1315 2409 1480 2478 fecisti
1502 2425 1615 2461 cum
1639 2424 1782 2462 servo

204 2513 293 2566 tuo,
321 2505 564 2572 Domine,
598 2507 877 2558 secundum
901 2506 1106 2557 verbum
1134 2515 1300 2557 tuum.
1336 2503 1569 2571 Populus
1597 2504 1784 2555 beatus
1814 2516 1822 2523 '

205 2611 375 2650 nonam
415 2599 644 2651 litteram
669 2606 980 2651 cantaturos
1016 2596 1346 2666 ingreditur:
1382 2597 1432 2648 in
1457 2611 1556 2660 qua
1581 2595 1781 2663 gratias

201 2691 294 2750 agit
343 2690 712 2744 humiliatqu
769 2706 827 2745 se
876 2690 1082 2756 fuisse,
1139 2699 1198 2743 ut
1253 2688 1319 2743 ad
1371 2688 1782 2758 justiliratioues

209 2778 411 2833 Domini
463 2781 849 2836 deretissimus
901 2780 1238 2847 perveniret,
1305 2780 1606 2833 testimonia
1664 2763 1781 2849 ejus

201 2885 443 2926 asserens
481 2874 582 2926 sibi
615 2888 774 2942 supra
807 2887 996 2927 omnes
1021 2887 1143 2927 esse
1171 2872 1408 2926 divitlas.
1441 2870 1570 2937 Cum
1600 2880 1777 2924 autem

198 2961 361 3020 dicit:
442 2964 731 3018 Bonitatrm
788 2966 952 3034 fecisti
975 2981 1089 3018 cum
1147 2981 1288 3017 servo
1344 2975 1470 3027 tuo,
1537 2961 1773 3030 Domine,

201 3055 376 3111 collata
431 3057 530 3111 sibi
562 3072 780 3111 munera
814 3056 1116 3126 proﬁtetur.
1151 3056 1328 3110 Bonus
1359 3055 1555 3126 quippe
1599 3056 1779 3110 Domi-

199 3165 288 3205 nus
311 3151 488 3204 servis
531 3151 643 3204 suis
685 3150 873 3204 tribuit
903 3150 1218 3203 bonitatem.
1252 3147 1359 3202 Sed
1410 3163 1528 3212 quae
1559 3147 1627 3202 sit
1673 3147 1774 3202 ista

204 3241 383 3295 lonitas
426 3242 623 3296 subter
671 3242 910 3309 exponit,
961 3242 1190 3296 dicens:
1237 3237 1440 3292 Bonum
1484 3238 1608 3292 mihi
1641 3240 1779 3309 quod
1809 3237 1855 3308 Ω
1886 3217 2125 3302 ⁹²²⁰⁷²¹έί¹τα
2155 3223 2265 3269 mc"

200 3334 473 3387 humiliasti
523 3349 624 3396 me,
671 3341 724 3384 ut
772 3333 1016 3386 discerem
1039 3331 1439 3402 justiﬁeatioues
1490 3338 1624 3384 tuas.
1668 3331 1784 3386 Non

200 3423 323 3475 enim
354 3424 422 3479 de
453 3424 707 3476 felicitate
739 3422 1006 3476 mundana
1031 3422 1230 3489 gratias
1258 3423 1386 3490 agit,
1410 3421 1506 3475 sed
1529 3422 1594 3474 de
1615 3421 1784 3476 alllic-

200 3525 330 3570 tone
378 3518 634 3571 salutari.
690 3516 924 3570 Meminit
982 3515 1125 3568 enim
1186 3515 1328 3582 piam
1391 3512 1779 3567 disrrictiouem

196 3622 303 3662 esse
366 3624 493 3678 qua:
542 3609 788 3673 corripit.
844 3606 1180 3674 Intelligebat
1241 3604 1438 3674 quippe
1507 3605 1781 3656 bonitatem

196 3698 326 3754 illam
359 3701 568 3756 debere
611 3699 714 3753 dici
767 3698 906 3752 unde
954 3698 1251 3767 proﬁcitur,
1306 3711 1408 3750 non
1458 3699 1600 3752 unde
1639 3696 1780 3751 inani

195 3793 556 3847 exsultatione
591 3792 872 3861 gaudetur.
909 3790 999 3846 Sic
1031 3790 1155 3844 facit
1183 3799 1233 3845 et
1276 3790 1514 3843 medicus
1567 3790 1782 3843 bonita-

192 3889 288 3935 tem
315 3900 437 3938 cum
472 3895 624 3938 secat
655 3884 908 3947 vulnera;
941 3881 1019 3936 sic
1049 3892 1201 3948 pater
1223 3896 1346 3936 cum
1381 3883 1549 3934 Illium
1579 3882 1772 3936 credit:

191 3978 269 4040 qui
298 3976 422 4030 licet
455 3975 525 4030 ad
551 3987 761 4044 tempus
786 3975 1021 4028 inierant
1048 3987 1256 4041 ptenas,
1285 3971 1566 4027 conferunt
1594 3983 1772 4027 tamen

189 4064 246 4119 de
273 4066 572 4123 afﬂictione
607 4068 866 4122 remedia.
901 4065 1134 4121 Noverat
1181 4081 1311 4134 ergo
1355 4066 1634 4119 Dominum
1677 4067 1781 4134 piis

188 4160 666 4227 supplicationibus
694 4158 1091 4222 honorandum,
1123 4159 1276 4223 cujus
1303 4157 1586 4211 clementia
1615 4157 1782 4210 tribu-

191 4249 418 4305 la'iones
483 4263 685 4304 nostra:
727 4259 1097 4320 permutantur
1144 4251 1197 4304 in
1225 4251 1495 4318 gaudium,
1537 4251 1780 4318 quamvis

185 4340 244 4392 ad
268 4354 488 4412 tempus
513 4357 704 4412 graves
729 4357 850 4412 esse
872 4341 1176 4395 videantur.
1199 4320 1471 4410 Sequitur,
1499 4342 1781 4394 secundum

184 4434 383 4486 urbani
412 4444 600 4494 tuum;
633 4435 722 4488 illo
753 4435 962 4489 scilicet
987 4450 1094 4505 quo
1120 4434 1316 4488 dicitur
1344 4453 1355 4487 :
1403 4433 1505 4499 Qui
1536 4451 1589 4487 se
1611 4435 1782 4488 Immi-

182 4523 266 4575 liat
297 4527 642 4591 exaltabitnr,
672 4537 717 4580 et
743 4527 829 4592 qui
867 4544 921 4581 se
949 4527 1141 4580 exultat
1166 4525 1525 4580 Itumiliabitur
1557 4525 1771 4597 (Matth.

179 4631 324 4683 mu,
357 4621 482 4676 1'2).

246 4711 402 4764 Vers.
465 4712 557 4765 653.
601 4711 883 4764 [trinitatem
936 4724 986 4766 et
1033 4712 1361 4782 disciplinam
1412 4722 1456 4765 et
1517 4713 1779 4766 scientiam

177 4803 292 4856 dore
315 4821 424 4864 me,
461 4805 582 4871 quia
600 4805 852 4859 mandatis
877 4807 976 4858 tuis
997 4805 1215 4860 credidi.
1247 4804 1668 4872 Perquireuduut
1697 4815 1781 4859 est

173 4909 262 4947 cur
291 4899 481 4950 adhuc
513 4896 647 4964 petit
675 4895 867 4962 doceri,
900 4899 1041 4967 quod
1070 4897 1180 4965 jam
1208 4898 1460 4965 superius
1496 4897 1778 4962 accepisse

174 4987 459 5052 professus
518 4996 620 5041 est.
682 4988 901 5044 Scilicet
959 4989 1212 5057 quoniam
1271 4988 1530 5042 bonarum
1597 5002 1775 5042 rerum

171 5082 308 5132 nulla
366 5080 598 5134 satietas
626 5089 748 5144 est,
802 5097 923 5151 quae
992 5094 1146 5134 more
1191 5079 1465 5147 ﬂagrantis
1519 5077 1775 5140 incendii,

170 5189 373 5244 quanto
429 5178 666 5246 amplius
717 5191 810 5245 per
859 5175 1005 5230 arida
1048 5175 1191 5244 ligna
1233 5173 1570 5237 cucurrerit,
1629 5181 1775 5224 tanto

166 5272 455 5340 eopiOsius
497 5271 767 5323 atstualiit.
824 5269 954 5323 Nam
1013 5277 1070 5322 et
1113 5267 1354 5336 Apostoli
1416 5265 1534 5318 lidei
1593 5265 1777 5318 calore

167 5359 456 5416 ferventes
491 5364 777 5416 dicebant:
811 5362 951 5430 Auge
980 5359 1121 5413 nobis
1166 5358 1318 5425 ﬁdem
1349 5355 1498 5423 (an.
1533 5371 1662 5418 xvii,
1692 5354 1773 5422 5).

167 5454 328 5506 Docet
380 5469 523 5520 ergo
579 5454 719 5507 Deus
765 5453 1072 5516 bonitatem,
1129 5449 1440 5517 inspirando
1497 5444 1775 5501 charitatis

162 5545 538 5599 desiderium.
578 5545 730 5600 Docet
755 5544 1098 5614 disciplinam,
1115 5556 1236 5595 cum
1271 5541 1323 5594 itt
1343 5538 1775 5593 tribulationibus

163 5641 507 5710 patientiam
545 5640 724 5693 donat.
762 5637 917 5693 Docet
947 5639 1246 5697 scientiam.
1295 5649 1416 5686 cum
1456 5630 1772 5687 salutarium

165 5748 353 5786 rerum
389 5733 521 5798 ipse
567 5733 904 5802 cognoscitur
935 5728 1245 5782 attributor.
1293 5725 1395 5779 Sed
1430 5725 1586 5778 aliter
1616 5722 1773 5777 docet

166 5821 312 5880 Deus
336 5868 350 5889 ,
403 5824 569 5878 aliter
615 5822 863 5892 magister
893 5821 1156 5876 humanus
1185 5837 1197 5872 :
1241 5819 1328 5874 ille
1358 5816 1519 5872 verba
1549 5813 1774 5883 promit.

1887 1985 2212 2044 postremum
2234 1976 3053 2044 Dominieloquium’custodivit,
3075 1976 3196 2044 quia
3219 1973 3480 2027 humiliari
3515 1970 3528 2000 ‘

1889 2071 2102 2134 trierttit,
2155 2069 2293 2122 s'iciit
2342 2069 2465 2121 dicit
2519 2068 2748 2122 Iacobus
2799 2068 3114 2136 apostolus:
3178 2067 3482 2120 Humilith

1884 2171 2055 2214 autem
2101 2163 2187 2213 dat
2237 2164 2454 2232 gratiam
2495 2160 2660 2232 (Jac.
2696 2177 2774 2226 tv,
2804 2161 2902 2233 6).
2955 2163 3020 2217 Et
3070 2171 3128 2215 ut
3175 2164 3482 2236 frequenter

1885 2254 2258 2307 excedentium
2286 2255 2552 2308 licentiam
2575 2254 2876 2320 eoltiherel,
2906 2265 3024 2323 post
3052 2257 3476 2309 humiliationem

1885 2361 2036 2398 suam
2062 2347 2331 2416 eloquium
2376 2347 2604 2412 Domini,
2641 2348 2689 2400 id
2722 2358 2802 2400 est
2832 2347 3137 2414 Scripturis
3171 2359 3385 2401 sanctas
3414 2363 3474 2408 se

1885 2439 2015 2492 dicit
2043 2439 2158 2506 ejus
2203 2439 2346 2493 dono
2378 2448 2489 2493 toto
2520 2440 2718 2493 mentis
2747 2440 3036 2495 conamine
3063 2441 3405 2496 custodiissc.

1962 2553 2110 2607 Vers.
2157 2553 2245 2607 63.
2291 2551 2462 2606 Bonus
2505 2569 2556 2606 es
2597 2562 2671 2616 tu,
2707 2553 2946 2616 Domine,
2974 2564 3021 2607 et
3068 2555 3120 2606 in
3145 2554 3370 2608 bonitu'e
3394 2565 3481 2608 tua

1885 2645 2011 2697 doce
2034 2661 2112 2698 me
2129 2645 2526 2714 justiﬁcationes
2561 2653 2698 2697 tuas.
2751 2645 2889 2697 Petit
2935 2646 3132 2698 bonum
3166 2648 3478 2714 magistrum

1886 2746 1940 2787 ttt
1972 2737 2020 2788 iu
2053 2750 2145 2787 Sua
2180 2736 2416 2789 bonitate
2446 2735 2699 2805 dignetur
2731 2735 2929 2789 docere
2961 2735 3308 2802 discipulum.
3350 2736 3480 2802 ριω

1887 2829 2047 2889 Ιίιζιιτςὶ
2077 2827 2270 2880 dicitur
2294 2827 2685 2893 paronomasia.
2715 2827 2900 2882 Latine
2933 2826 3322 2889 denominatio,
3353 2843 3474 2894 quae

1885 2915 2230 2970 si-uilituzline
2255 2917 2400 2968 verbi
2425 2917 2691 2969 convertit
2715 2919 2764 2968 iu
2787 2930 2844 2970 se
2867 2917 3174 2969 auditorum
3199 2915 3474 2970 all'ectum.

1958 3029 2106 3081 Vers.
2171 3028 2258 3082 69.
2329 3027 2674 3098 Multiplicata
2744 3037 2819 3082 est
2886 3046 3039 3098 super
3088 3047 3166 3083 me
3231 3031 3475 3098 iniquitas

1883 3123 2250 3188 superborum;
2295 3137 2387 3191 ego
2432 3130 2600 3175 autem
2628 3123 2681 3174 in
2732 3130 2837 3175 toto
2877 3122 3030 3176 corde
3063 3137 3171 3175 meo
3216 3124 3478 3176 scrutabor

2295 3217 2430 3280 Apte
2482 3215 2611 3282 petit
2661 3215 2870 3267 bonitas
2896 3213 3170 3276 auxilium,
3202 3215 3293 3280 qui
3319 3214 3478 3266 subi-

1887 3297 2038 3358 turus
2068 3315 2179 3356 erat
2208 3305 2602 3357 collocationis
2634 3305 2938 3370 incertum;
2974 3313 3032 3357 ut
3064 3303 3477 3373 justilicationes

1891 3395 2122 3460 Dmiitii,
2173 3413 2307 3465 quas
2342 3396 2577 3451 lectione
2613 3397 2894 3462 didicerat,
2931 3397 2981 3449 iu
3031 3411 3130 3450 suo
3181 3397 3479 3450 ceitauiine

1885 3490 2206 3545 declararet.
2233 3489 2385 3543 'l‘uuc
2415 3491 2556 3544 enim
2605 3492 2842 3558 perfecte
2881 3489 3162 3544 discuntur
3195 3489 3465 3552 mandata,

1884 3599 2002 3638 cum
2035 3585 2185 3637 liuut.
2229 3584 2366 3637 Dicit
2395 3584 2537 3636 enim
2572 3585 2960 3654 multiplicatam
3011 3598 3173 3650 super
3204 3597 3261 3634 se
3293 3598 3469 3644 perse-

1883 3678 2156 3743 quentium
2188 3667 2542 3745 iniquitatem;
2587 3685 2640 3730 et
2666 3675 2787 3730 ideo
2828 3678 2958 3743 petit
2992 3692 3056 3727 ne
3089 3677 3261 3742 pceuis
3302 3675 3478 3739 gravi-

1883 3768 1984 3823 bus
2015 3769 2370 3834 superborum
2410 3769 2601 3821 devota
2646 3767 2764 3837 ejus
2795 3768 3156 3820 macularetur
3185 3766 3477 3820 humilitas.

1883 3859 1986 3914 Sed
2016 3871 2200 3915 contra
2234 3861 2379 3913 illam
2420 3860 2771 3914 secvissimam
2822 3860 3132 3927 factionem,
3186 3859 3310 3913 vide
3349 3859 3474 3926 quid

1883 3952 2156 4020 sequitur:
2191 3966 2284 4020 ego
2310 3960 2478 4004 autem
2513 3951 2563 4003 in
2587 3960 2690 4003 toto
2717 3953 2870 4004 corde
2902 3968 3013 4004 meo
3040 3953 3303 4004 scrutabor
3332 3969 3477 4004 man-

1881 4043 2003 4094 da‘a
2049 4052 2167 4102 tua;
2221 4047 2279 4093 ut
2323 4050 2578 4108 quantum
2610 4040 2685 4093 illi
2731 4039 3131 4094 contendebant
3177 4041 3464 4102 seducere,

1886 4140 2090 4186 tantum
2122 4132 2220 4185 iste
2249 4129 2517 4184 videretur
2547 4131 2814 4184 mandatis
2844 4131 3138 4184 Dmuinicis
3169 4130 3468 4184 adhmrcre.

1881 4226 1968 4277 Sic
2005 4223 2237 4295 gloriose
2280 4223 2566 4277 vincuntur
2597 4222 2682 4292 qui
2707 4221 2880 4290 poenis
2913 4221 3297 4287 temporalibus
3345 4236 3466 4273 sau-

1882 4328 1998 4369 cms
2020 4317 2237 4369 vincere
2261 4323 2426 4368 ten'at
2444 4323 2632 4378 erunt;
2666 4323 2716 4366 et
2739 4324 2938 4380 quanto
2954 4329 3048 4367 eos
3073 4328 3100 4363 a
3121 4313 3234 4383 lege
3261 4312 3472 4366 Domini

1887 4407 2128 4461 dividere
2160 4408 2258 4460 nisi
2314 4417 2461 4470 sunt,
2509 4415 2658 4460 tanto
2702 4407 2820 4478 illos
2852 4406 3226 4459 mandatorqu
3258 4417 3474 4459 seruta-

1883 4511 2026 4554 tores
2057 4500 2288 4564 amplius
2312 4498 2634 4552 effecerunt.

1957 4615 2111 4668 Vers.
2144 4612 2234 4667 7'0.
2277 4612 2617 4682 Coagulatum
2659 4621 2730 4664 est
2758 4611 2885 4664 sicut
2920 4611 3002 4664 lac
3035 4626 3124 4664 cor
3152 4627 3360 4675 eorum;
3386 4628 3480 4682 ego

1889 4723 2005 4759 vero
2029 4707 2189 4777 legem
2213 4716 2351 4758 tuam
2374 4704 2642 4758 meditatus
2663 4719 2795 4758 sum.
2821 4701 3160 4772 Coagulatnm
3183 4709 3236 4753 et
3262 4701 3312 4753 in
3340 4701 3478 4753 bono

1888 4809 1942 4851 et
1992 4798 2042 4850 in
2093 4798 2231 4850 nian
2264 4796 2511 4864 ponitur:
2550 4795 2600 4846 iu
2649 4794 2811 4857 bono,
2861 4794 3001 4846 sicut
3045 4793 3098 4846 iu
3143 4793 3477 4859 sesagesimo

1888 4888 2118 4956 septimo
2175 4889 2380 4955 psalmo
2427 4886 2536 4953 jam
2579 4886 2780 4938 dictum
2814 4893 2931 4937 est:
2969 4882 3116 4935 Mons
3151 4883 3471 4950 coagulatus,

1885 4998 2030 5034 ntons
2067 4980 2271 5049 pinguis
2307 4976 2480 5047 (Psal.
2534 4993 2708 5043 Lxm,
2747 4977 2866 5045 l7);
2912 4977 2997 5029 hic
3022 4985 3200 5029 autvm
3235 4976 3287 5028 in
3335 4975 3476 5028 malo

1885 5073 2084 5125 dictum
2133 5070 2393 5122 (lt-bemus
2427 5070 2710 5135 accipere:
2758 5083 2878 5120 nam
2928 5069 3247 5137 iniquitatem
3293 5084 3474 5136 snper-

1885 5165 2084 5226 borum,
2117 5177 2273 5232 quam
2303 5162 2550 5229 superius
2582 5160 2974 5225 multiplicatam
3003 5175 3160 5227 supra
3204 5173 3262 5211 se
3311 5159 3474 5213 fuisse

1886 5265 2111 5310 testatus
2144 5265 2244 5318 est,
2287 5255 2394 5306 vult
2452 5251 2677 5318 intelligi
2727 5252 3100 5316 couduratam,
3154 5266 3274 5320 qua:
3324 5266 3472 5305 uturc

1885 5352 2039 5405 lactis
2090 5350 2140 5403 iu
2175 5348 2494 5402 crassiorem
2527 5347 2881 5398 substantiam
2915 5344 3089 5398 inierat
3139 5343 3297 5421 impia
3329 5340 3468 5396 deli-

1885 5444 2158 5498 beratioue
2185 5441 2499 5494 cons=rieta.
2538 5440 2638 5492 Lac
2657 5439 2856 5492 dictant
2886 5450 2964 5492 est
2997 5454 3026 5490 a
3059 5438 3284 5504 liquore,
3324 5433 3466 5502 quod

1881 5538 1946 5590 de
1969 5535 2177 5586 interna
2201 5532 2496 5585 substantia
2517 5531 2742 5583 naturali
2767 5530 2939 5596 potius
2960 5530 3165 5595 liquore
3187 5526 3467 5589 decurrat;

1878 5643 1910 5678 a
1937 5625 2079 5678 enim
2107 5623 2159 5676 in
2191 5623 2206 5673 i
2238 5623 2589 5681 convertitur.
2623 5631 2679 5674 ttt
2723 5621 2948 5682 amicus,
2981 5618 3250 5682 inimicus,
3278 5629 3332 5671 et
3382 5613 3469 5670 bis

1879 5715 2092 5770 similia.
2129 5713 2235 5769 Sed
2262 5723 2514 5779 quantum
2550 5713 2628 5768 illi
2656 5713 2706 5766 in
2737 5713 2876 5765 malo
2905 5695 3288 5775 duresceb'aut,
3318 5717 3467 5764 tanto

1880 5812 1981 5864 iste
2011 5823 2040 5862 a
2081 5807 2198 5877 lege
2258 5803 2465 5861 Domini
2523 5819 2582 5858 se
2639 5818 2922 5874 segregare
2973 5816 3078 5855 non
3129 5809 3368 5872 poterat;
3409 5811 3465 5855 ut
