4032 6176
569 339 674 395 8'59
744 396 749 402 .

1770 329 1839 384 Μ.
1883 329 2131 386 Αυιὶειι

2242 329 2594 388 ASSlODOl‘d
3017 319 3021 324 ’
3161 359 3166 364 -
3700 345 3782 401 860

567 456 777 509 itﬁuium
825 451 1057 509 crudelis
1096 449 1383 506 obstinatio
1416 448 1496 519 pia
1529 447 1925 519 perseverantia
1976 447 2153 501 vince-
2185 449 2236 509 Α
2261 447 2567 500 intellectum
2607 448 2901 516 (pectebat,
2937 463 3094 516 quem
3128 448 3463 505 humanitatis
3487 457 3668 511 ratione
3693 474 3786 514 nor

564 555 730 600 retur.

640 636 789 688 Vers.
819 636 904 688 7l.
949 634 1148 687 Bonum
1192 634 1316 687 nti/ti
1339 634 1478 701 quod
1509 631 1792 685 ltumilittsti
1820 649 1918 698 me,
1954 641 2008 684 ut
2046 631 2153 684 dis-

563 745 725 781 cerem
767 729 1163 799 jttstiﬁrttticnrs
1212 737 1345 780 turis.
1380 726 1581 779 Bonum
1634 725 1845 778 diccbat
1875 723 1976 777 sibi
2008 723 2149 792 quod

569 820 738 888 lienis
772 821 1118 875 SLL‘VicttliblIs
1154 819 1504 885 snhdchatur,
1557 834 1661 871 non
1693 819 1971 887 praesentia
2004 815 2146 886 cogi-

563 922 702 979 Luts,
752 912 843 965 sed
881 913 1052 965 lutura
1099 911 1431 963 desiderans.
1467 911 1715 978 (Imperat
1757 907 1901 961 enim
1950 905 2016 960 dc
2058 905 2147 958 illa

559 1003 844 1057 dulcedine
890 1013 1121 1072 gustare,
1173 1017 1292 1071 qua}
1327 1015 1512 1055 omnes
1543 999 1840 1053 suavitates
1893 997 2148 1065 probatur

560 1117 570 1144 ι
597 1097 842 1150 xcedere.
878 1095 1157 1147 llnmilitas
1188 1095 1329 1147 enim
1359 1091 1458 1145 ista
1495 1091 1791 1145 Jerusalem
1833 1090 1996 1159 tangit
2028 1089 2143 1157 glo-

559 1203 702 1241 rtosa
733 1187 969 1256 fastigia;
1025 1202 1146 1241 nam
1176 1185 1312 1240 sicut
1344 1183 1592 1253 superbia
1642 1183 1836 1250 mergit
1881 1181 1946 1234 ad
1980 1188 2147 1233 tarta-

561 1296 702 1346 rum,
734 1281 801 1334 ita
837 1281 935 1334 ista
974 1281 1108 1333 tollit
1137 1279 1201 1332 ad
1231 1279 1448 1332 cmlum.
1482 1277 1583 1329 Ista
1623 1276 1820 1344 quippe
1847 1272 2143 1326 lmmiiiatio

559 1373 718 1442 quale
751 1373 992 1442 prmlium
1023 1371 1214 1424 habeat
1241 1377 1637 1438 consequenter
1661 1365 1982 1434 exponitur;
2013 1363 2144 1418 dicit

557 1464 721 1529 enim,
754 1475 806 1516 ut
837 1464 1081 1516 discerent
1108 1459 1504 1532 justiﬁcationes
1531 1467 1667 1522 luas,
1701 1456 1748 1508 id
1781 1463 1883 1523 est,
1915 1465 1971 1508 ut
2002 1454 2143 1508 iacc-

557 1571 672 1608 rcm
718 1569 838 1625 qua:
886 1554 1135 1608 docuisti.
1189 1552 1340 1604 Tunc
1388 1550 1532 1603 enim
1600 1547 1836 1617 perfecte
1895 1545 2138 1613 discitur,

555 1646 768 1715 quando
804 1657 1067 1714 prteccpta
1092 1643 1299 1698 Domini
1334 1641 1474 1696 lidel.
1508 1642 1720 1696 actione
1751 1651 2136 1695 monstrantur.

630 1740 780 1796 Vers.
814 1741 902 1796 7'2.
947 1737 1148 1792 Bonum
1173 1738 1297 1790 mihi
1328 1739 1409 1790 lex
1439 1737 1542 1789 oris
1565 1736 1637 1789 tui
1660 1751 1812 1802 super
1834 1734 1996 1786 millia
2020 1735 2138 1786 auri

2262 545 2473 604 poterat
2505 537 2775 603 invenire;
2819 538 2968 592 illum
3021 540 3227 594 scilicet
3256 556 3457 610 purum,
3491 549 3782 616 (Ὀιιὶθιιψὶὲσ

2256 627 2440 694 bilem,
2487 627 2761 692 devotum,
2801 646 2958 700 quem
3007 640 3134 686 ante
3177 642 3442 699 peccatum
3482 637 3638 692 adhuc
3673 641 3779 696 Adae

2256 721 2568 790 incorrupta
2597 722 2909 790 simplicitas
2942 724 3270 792 possidebat,
3305 742 3406 782 non
3442 730 3587 783 istum
3613 732 3673 786 de
3695 750 3781 803 quo

2254 814 2358 867 sibi
2411 813 2656 869 homines
2686 816 2936 869 videntur
2978 831 3097 871 esse
3125 816 3414 886 sapientes,
3457 830 3508 874 et
3541 824 3780 890 pecoribus

2253 921 2318 960 ex
2349 907 2524 976 aliqua
2558 920 2708 976 parte
2751 910 3126 978 pratetninere.
3157 910 3298 966 Petit
3337 927 3460 979 ergo
3489 914 3780 982 intellectum,

2253 1008 2310 1052 ut
2342 999 2550 1056 Domini
2573 1001 2817 1054 mandata
2839 1011 3157 1072 cognoscat;
3182 1013 3440 1073 quatenus
3477 1020 3618 1074 quem
3641 1007 3784 1060 Adam

2253 1107 2346 1160 per
2373 1093 2790 1148 inobedientiam
2819 1093 3149 1163 perdiderat,
3175 1094 3369 1150 cohors
3401 1107 3576 1151 saneta
3601 1113 3682 1167 per
3701 1098 3784 1154 de-

2249 1185 2482 1242 v0tionis
2506 1187 2760 1256 obsequia
2788 1201 3106 1243 mereretur.

2323 1277 2475 1334 Vers.
2507 1280 2600 1333 74.
2633 1281 2734 1344 Qui
2762 1281 2935 1335 timent
2959 1290 3006 1336 te
3031 1281 3267 1336 videbunt
3293 1299 3392 1348 me,
3423 1295 3467 1337 et
3494 1285 3783 1353 letabuntnr,

2247 1372 2368 1440 quia
2399 1373 2452 1426 in
2489 1374 2639 1427 verbo
2669 1385 2755 1428 tuo
2785 1377 3160 1446 supersperavi.
3205 1375 3564 1433 Pulcherrima
3593 1382 3669 1448 pio
3704 1383 3786 1436 Do-

2246 1465 2396 1518 mino
2419 1478 2580 1520 causa
2610 1465 2975 1522 miserationis
3002 1467 3182 1522 oblata
3211 1478 3294 1523 est
3320 1485 3334 1534 ;
3366 1471 3602 1538 quoniam
3629 1471 3670 1526 si
3695 1475 3786 1526 cui-

2245 1553 2376 1608 libet
2403 1555 2470 1610 de
2497 1568 2679 1610 sancta
2713 1560 3128 1628 cettgregatione
3159 1561 3487 1627 pra-stiterit,
3517 1573 3785 1617 cunctorum

2243 1646 2454 1701 animos
2510 1664 2702 1717 magna
2749 1649 3021 1704 hilaritate
3078 1651 3391 1719 complebit.
3422 1652 3631 1708 'Sci'ebat
3670 1655 3786 1708 enim

2243 1736 2583 1793 clementiam
2626 1741 2744 1810 ejus
2776 1741 2917 1795 velle
2964 1743 3161 1807 facere,
3212 1744 3361 1813 quod
3390 1743 3614 1801 ﬁd-lium
3654 1748 3787 1804 corda

553 1845 599 1887 rt
627 1833 838 1903 argenti.
871 1831 1092 1898 Quoties
1118 1832 1171 1884 in
1204 1830 1303 1885 hac
1333 1831 1508 1885 liatera
1536 1829 1827 1884 bonitatem
1868 1837 2133 1883 memorat
2166 1830 2212 1890 Β
2241 1829 2551 1897 roboraret;
2600 1844 2654 1887 et
2700 1834 2832 1902 petit
2865 1834 2992 1889 talia
3039 1835 3090 1888 itt
3124 1851 3184 1890 se
3224 1837 3371 1903 ﬁeri,
3413 1837 3546 1893 unde
3586 1843 3786 1893 omnium

551 1926 748 1980 cohors
791 1926 879 1980 illa
913 1937 1242 1990 sanctorum,
1268 1939 1426 1995 quam
1459 1923 1582 1978 ideo
1608 1923 1920 1993 frequenter
1958 1921 2134 1991 petiit,

550 2019 800 2088 quoniam
849 2021 1016 2088 magis
1046 2035 1108 2073 ac
1140 2020 1310 2089 magis
1332 2019 1610 2073 crescebat
1647 2019 1697 2072 ei
1729 2015 1957 2072 dulcedo
1985 2016 2135 2070 honi-

550 2115 696 2170 tatis.
719 2114 1129 2170 Consideremus
1147 2123 1324 2167 autem
1351 2113 1458 2166 vim
1477 2111 1633 2166 istius
1658 2110 1804 2166 verbi
1825 2109 1968 2181 quod
1988 2109 2133 2176 dicit,

548 2206 654 2261 oris
699 2207 794 2272 tui,
849 2221 954 2259 non
995 2213 1102 2259 tam
1157 2204 1560 2274 prephetarum,
1595 2219 1701 2257 non
1743 2203 2134 2270 apostoforum,

553 2299 650 2354 sed
678 2307 945 2368 praecepta
975 2297 1283 2366 evangeliea
1310 2297 1412 2350 sibi
1436 2305 1666 2350 testatur
1711 2307 1829 2348 esse
1867 2292 2140 2362 pretiosis-

550 2392 708 2456 sima,
734 2405 851 2461 qua:
888 2389 1084 2444 Christi
1105 2387 1315 2443 Domini
1344 2398 1472 2442 sunt
1493 2402 1588 2442 ore
1613 2385 1838 2454 prolata.
1861 2383 2136 2453 Sequitur,

547 2481 880 2553 Wsuper
913 2480 1078 2533 millia
1121 2478 1234 2531 auri
1271 2486 1317 2531 et
1345 2477 1565 2549 argenti.
1591 2477 1784 2530 Aurum
1805 2485 1853 2527 et
1870 2484 2137 2544 argentum

553 2571 935 2642 cupiditatibus
967 2571 1238 2626 hominum
1264 2570 1473 2625 videtur
1502 2583 1624 2625 esse
1653 2569 2002 2637 praecipuum.
2028 2566 2135 2622 Sed

547 2663 667 2732 quia
691 2662 903 2717 bonitas
933 2662 1020 2716 illa
1049 2659 1505 2731 comparationem
1534 2659 1763 2713 similem
1789 2673 1895 2712 non
1924 2666 2135 2725 poterat

551 2755 834 2822 invenire,
887 2753 1166 2823 praemisit,
1215 2769 1367 2821 super
1415 2751 1624 2817 millia,
1675 2749 1817 2820 quod
1871 2749 2134 2803 inﬁnitum

555 2855 718 2914 atque
770 2841 1310 2911 incomprehensibile
1362 2851 1486 2905 est;
1539 2849 1596 2894 ut
1654 2839 1770 2894 auri
1821 2839 2137 2908 argentique

551 2935 881 3012 comparativo
907 2935 997 2990 tali
1020 2934 1320 3005 adjectione
1355 2933 1667 2997 \ilesccrct;
1700 2930 1957 3002 quidquid
1988 2932 2132 2986 enirn

554 3028 780 3098 dixeris,
813 3045 967 3099 super
991 3042 1206 3098 semper
1245 3027 1476 3082 excedit.
1525 3025 1685 3080 Facta
1717 3034 1798 3080 est
1829 3039 1955 3093 ergo
1985 3037 2133 3078 com-

553 3122 760 3190 paratio
777 3121 980 3188 absque
1001 3120 1375 3186 simililudinc,
1397 3120 1622 3189 pretium
1645 3118 1759 3172 sine
1780 3117 1963 3182 modo,
1986 3133 2136 3171 amor

2244 1920 2458 1975 devotio
2488 1926 2657 1992 possit
2683 1925 2888 1994 augeri.
2922 1926 3162 1980 Videndo
3193 1928 3343 1982 enim
3371 1929 3580 1983 alterius
3607 1933 3787 1998 prtemia

2245 2013 2452 2080 prolicit
2479 2024 2663 2068 sancta
2685 2015 3036 2083 conscientia,
3070 2016 3197 2072 dum
3231 2019 3302 2072 ad
3333 2019 3659 2074 imitationem
3694 2022 3786 2074 lau-

2245 2103 2502 2157 ddtilium
2559 2120 2736 2160 rerum
2795 2109 3071 2177 pr0posita
3121 2124 3343 2180 semper
3391 2115 3619 2182 exempla
3659 2117 3788 2183 proli-

2242 2193 2412 2248 ciunt.
2461 2196 2680 2251 Addidit
2725 2199 2885 2252 etiam
2939 2208 3159 2269 propter
3197 2203 3329 2270 quid
3384 2204 3594 2256 omnino
3631 2203 3788 2256 debeat

2242 2286 2553 2356 impetrare,
2582 2291 2704 2358 quia
2734 2289 2785 2342 in
2813 2290 2979 2357 verba,
3007 2292 3058 2345 id
3085 2303 3168 2346 est
3195 2293 3246 2346 in
3275 2293 3494 2349 Christo
3526 2294 3725 2348 Domino
3743 2309 3790 2346 se

2241 2393 2448 2446 sperare
2493 2381 2923 2448 proliteturzubi
2975 2397 3246 2452 nunquam
3293 2383 3492 2453 decipit
3533 2399 3668 2451 spes,
3710 2399 3787 2435 nec

2242 2479 2415 2537 potest
2456 2469 2664 2524 animus
2695 2472 2843 2539 quasi
2875 2471 3092 2526 caducis
3116 2473 3410 2528 desideriis
3446 2474 3602 2539 eludi,
3644 2471 3720 2543 qui
3749 2473 3789 2525 in

2243 2570 2387 2616 tanta
2421 2562 2645 2617 veritate
2669 2571 2909 2618 meretur
2939 2565 3111 2635 inﬁgi.

2314 2651 2467 2709 Vers.
2514 2654 2601 2708 75.
2650 2651 2894 2726 Cognovi,
2948 2653 3188 2724 Domine,
3236 2659 3365 2726 quia
3397 2660 3596 2726 a'quitas
3622 2657 3804 2729 judicia,

2241 2753 2350 2812 tua,
2395 2755 2444 2800 et
2482 2746 2534 2798 in
2576 2747 2783 2800 veritate
2837 2756 2925 2799 tua
2973 2749 3256 2802 ltumilittsti
3308 2767 3404 2804 me.
3455 2749 3581 2804 Cum
3623 2750 3789 2817 legatur

2239 2837 2386 2902 alibi,
2409 2837 2611 2905 judicia
2652 2846 2739 2890 tua
2774 2837 2986 2907 abyssus
3016 2841 3177 2892 multa
3214 2839 3390 2909 (Psal.
3428 2858 3586 2905 xxxv,
3617 2841 3666 2910 7)
3700 2841 3790 2894 εει

2241 2929 2462 2995 iterum,
2503 2929 2710 3000 judicia
2772 2928 2867 2984 Dei
2916 2932 3302 3001 inrestigabilia
3352 2934 3524 3005 (liam.
3578 2949 3648 2998 xl,
3692 2933 3788 3000 53).

2239 3023 2586 3089 quaerendum
2633 3031 2716 3077 est
2761 3038 2856 3078 cur
2890 3026 2974 3078 hic
3003 3024 3247 3080 dixerit:
3290 3027 3533 3099 Cognovi,
3589 3027 3788 3090 Domine,

2240 3112 2362 3182 quia
2385 3115 2596 3183 wquitas
2617 3114 2821 3186 judicia
2853 3126 2960 3169 tua.
3003 3116 3108 3171 Sed
3141 3119 3362 3185 quoties
3389 3120 3692 3172 immensum
3725 3128 3790 3170 at-

548 3213 669 3267 sine
702 3213 829 3268 ﬁne.
865 3213 952 3268 Sic
981 3213 1124 3267 enim
1171 3212 1388 3266 dileCtio
1439 3219 1581 3265 tanta
1606 3210 1826 3265 indicari
1865 3209 2010 3282 [mss.
2043 3211 2129 3269 A..
2159 3200 2204 3259 C
2238 3220 2341 3274 que
2382 3206 2928 3276 incomprehensibile
2957 3207 3172 3279 legitur,
3212 3210 3352 3266 illud
3399 3224 3645 3268 aeternum
3669 3210 3791 3281 judi-

546 3302 635 3366 B.,
665 3300 762 3370 F.,
794 3300 1052 3374 indagari]
1101 3304 1318 3370 meruit,
1375 3311 1434 3357 ut
1463 3299 1610 3356 nulla
1639 3315 1729 3356 res
1775 3301 1823 3355 ei
1872 3302 2131 3368 potuisset

544 3393 774 3461 aequari.

619 3484 769 3540 Vers.
811 3487 898 3539 73.
930 3514 998 3524 --
1024 3502 1055 3539 χ
1109 3485 1265 3541 Jorn.
1307 3485 1497 3538 Manus
1545 3494 1645 3538 tua:
1682 3488 1914 3555 fecerunt
1962 3501 2041 3539 me
2083 3496 2129 3539 et

544 3580 920 3648 pias-moverunt
951 3594 1066 3632 me:
1098 3583 1164 3632 da
1187 3578 1311 3632 milti
1336 3578 1653 3634 intellectum
1683 3587 1734 3630 ut
1757 3578 1948 3632 discam
1978 3594 2128 3631 matt-

543 3674 666 3723 data
691 3681 800 3724 tua.
832 3670 912 3724 Ad
955 3670 1219 3724 decimam
1248 3669 1478 3723 litteram
1525 3669 1722 3724 cohors
1747 3669 1976 3739 gloriosa
2012 3685 2130 3738 pro-

542 3760 803 3832 greditur,
834 3761 890 3814 in
928 3778 1028 3831 qua
1063 3761 1194 3830 petit.
1219 3762 1544 3816 intellectum
1587 3762 1961 3815 mandatorum
1993 3759 2141 3817 sibi?

542 3859 654 3906 inet
690 3851 892 3907 debere
927 3851 1183 3918 ,concedi,
1228 3861 1284 3906 ut
1336 3852 1694 3907 veracissimre
1742 3853 1864 3906 vita:
1905 3869 2128 3908 munere

543 3945 884 4013 perfruatur;
931 3953 1189 4012 expetens
1248 3953 1304 3997 ut
1353 3943 1564 3998 Domini
1613 3943 1982 3998 misericordia
2033 3945 2128 3998 ﬁat

541 4035 905 4106 immaculata,
937 4051 1006 4088 ne
1036 4035 1202 4103 possit
1253 4033 1307 4087 in
1351 4033 1797 4102 illajudicatione
1845 4033 2123 4088 confundi.

541 4126 598 4179 Si
641 4126 868 4181 velimus
912 4125 1074 4194 igitur
1099 4124 1168 4180 de
1211 4124 1310 4178 hoc
1341 4139 1501 4178 versu
1532 4124 1922 4194 disputationes
1972 4126 2127 4180 colli-

538 4234 681 4284 gere,
716 4219 1046 4287 singulorum
1098 4217 1355 4271 librorum
1386 4219 1555 4286 mag's
1596 4217 1808 4272 edimus
1853 4217 2122 4287 quantita-

539 4318 668 4372 tem,
697 4324 852 4376 quam
877 4309 1074 4377 aliquid
1106 4309 1368 4376 promissa
1398 4308 1658 4364 brevitate
1685 4325 1988 4365 narramus.
2018 4310 2125 4366 Sed

537 4396 765 4451 sufﬁciat
813 4397 966 4450 nobis
1006 4397 1319 4466 (priestante
1373 4399 1625 4470 Domino)
1669 4400 1995 4456 intellectum
2049 4403 2123 4458 rei

539 4487 937 4555 compendiosis
963 4488 1211 4542 sensibus
1237 4490 1474 4558 aperire.
1499 4489 1715 4560 Legitur
1740 4492 1885 4547 enim
1913 4510 1925 4546 :
1955 4493 2124 4564 Opera

2235 3295 2378 3349 cium
2407 3295 2667 3352 debemus
2694 3299 2959 3368 accipere,
2992 3301 3132 3370 quod
3163 3317 3234 3357 ex
3283 3313 3402 3359 toto
3429 3305 3512 3358 hic
3535 3320 3633 3358 non
3673 3302 3795 3356 vale-

2235 3402 2355 3441 mus
2404 3387 2702 3443 advertere.
2760 3391 2908 3446 lstnd
2967 3408 3096 3448 vero
3147 3397 3444 3463 prmsentis
3473 3396 3644 3451 mundi
3696 3404 3793 3457 est.

2232 3476 2371 3546 quod
2415 3492 2474 3532 se
2503 3480 2792 3549 cognovisse
2821 3490 3078 3548 testatur;
3125 3495 3182 3538 ut
3227 3485 3507 3543 hominem
3537 3489 3687 3543 animi
3723 3499 3791 3541 tu-

2235 3585 2384 3624 more
2411 3583 2718 3639 peccantem
2751 3573 3088 3630 ltumiliatunt
3125 3579 3389 3650 corrigat,
3437 3592 3491 3634 et
3520 3581 3792 3650 supplican-

2233 3670 2340 3716 tem
2365 3662 2463 3715 sibi
2493 3662 2862 3718 misericordia
2892 3665 3070 3720 divina
3101 3669 3352 3737 recipiat.
3387 3671 3516 3738 Quis
3541 3672 3674 3726 enim
3702 3671 3788 3725 du-

2233 3756 2360 3810 bitet
2383 3770 2608 3810 summa:
2636 3758 2906 3827 :equitatis
2933 3773 3054 3814 esse
3080 3760 3370 3829 judicium,
3399 3775 3454 3818 ut
3483 3765 3569 3835 qui
3601 3780 3690 3833 per
3719 3776 3787 3815 sn-

2233 3847 2471 3915 pcrhiam
2501 3847 2835 3917 delinquunt,
2883 3849 3079 3905 devota
3127 3851 3444 3910 humilitate
3495 3853 3795 3925 purgentur?

2234 3938 2300 3992 Et
2343 3941 2551 3994 intuere
2581 3941 2704 4008 quia
2747 3939 2836 3996 hic
2862 3955 2969 3996 non
3002 3942 3150 4009 dicit,
3195 3947 3430 4013 credidi,
3463 3949 3557 4002 sed
3586 3944 3793 4018 cognovi,

2229 4027 2281 4082 id
2326 4041 2409 4083 est
2434 4038 2689 4100 expertus
2733 4046 2888 4099 sum;
2935 4043 2991 4087 ut
3021 4032 3076 4087 in
3117 4035 3232 4090 suis
3276 4038 3622 4106 passionibus
3661 4044 3799 4104 atque

2231 4117 2504 4175 beneﬁciis
2559 4120 2696 4176 hanc
2747 4137 2805 4177 se
2848 4124 3158 4193 atquitatem
3220 4125 3436 4183 Domini
3503 4127 3797 4198 cognovisse

2230 4223 2578 4269 monstraret.

2305 4304 2454 4360 Vers.
2489 4306 2578 4360 76.
2612 4305 2737 4361 Fiat
2773 4325 2905 4363 nunc
2935 4311 3288 4366 misericordia
3326 4323 3418 4367 tua
3455 4323 3510 4368 ut
3539 4312 3799 4366 consoletur

2229 4412 2324 4462 me,
2351 4397 2636 4450 secundum
2657 4398 2916 4464 eloquium
2939 4409 3086 4455 tuum
3111 4420 3255 4457 servo
3298 4415 3414 4460 tuo.
3447 4404 3634 4459 Merito
3661 4399 3796 4472 petiit

2228 4488 2650 4556 misericordiam,
2683 4493 2773 4561 qui
2817 4494 2962 4562 prius
2991 4495 3044 4548 in
3075 4495 3386 4552 humilitate
3415 4512 3512 4552 sua
3544 4495 3799 4552 confessus

539 4593 783 4630 manuum
833 4587 1035 4631 tuarum
1078 4589 1196 4633 sunt
1247 4555 1360 4632 cnefi
1406 4555 1601 4650 (Ρδαι.⁷
1628 4597 1700 4647 CI,
1750 4583 1868 4653 26).
1908 4555 2123 4653 Legitur
2151 4555 2203 4616 Ῑ)
2228 4577 2398 4632 fuerat
2421 4578 2564 4648 justa
2595 4555 3267 4653 Domini'fuissejndieia.
3301 4586 3440 4640 Nam
3489 4587 3628 4640 inter
3674 4597 3798 4637 teru-

539 4669 700 4726 etiam
727 4689 739 4723 :
768 4668 833 4722 Et
863 4670 1067 4723 aridam
1093 4681 1279 4724 (errant
1310 4687 1492 4725 ntanus
1514 4675 1628 4743 ejus
1655 4673 1916 4742 ﬁnxerunt
1944 4677 2117 4746 (Psal.

541 4777 681 4824 XCIV,
715 4761 794 4832 5).
842 4760 986 4816 Idem
1023 4771 1078 4816 et
1126 4761 1213 4816 hic
1240 4779 1252 4814 :
1283 4761 1472 4815 Manus
1515 4771 1615 4816 tua:
1660 4764 1888 4832 fecerunt
1937 4784 2030 4833 me,
2073 4778 2122 4822 et

539 4855 918 4926 plasmarerunt
941 4870 1038 4908 me.
1070 4854 1175 4909 Sed
1207 4853 1322 4907 ha'c
1356 4855 1533 4909 omnia
1567 4856 1776 4924 tropice
1803 4857 1942 4912 dicta
1975 4869 2119 4914 sunt.

539 4947 670 5002 Nam
700 4961 889 5000 manus
918 4945 1117 4999 habere
1141 4959 1461 5014 corporeum
1505 4956 1606 5000 est.
1637 4946 1692 5001 Si
1722 4963 1852 5002 vero
1880 4951 2125 5016 promic-

539 5046 700 5092 tatem
746 5036 1072 5104 Operationis
1105 5036 1394 5094 Dominicae
1437 5037 1570 5093 velis
1614 5038 1915 5105 advertere,
1958 5057 2023 5094 au
2048 5043 2122 5095 li:

538 5125 706 5199 Dixit,
732 5139 777 5182 et
806 5129 943 5198 facta
972 5139 1127 5193 sunt;
1177 5129 1465 5192 mandavit,
1503 5139 1548 5182 et
1577 5140 1749 5182 creata
1784 5141 1903 5185 sunt
1943 5130 2120 5199 (Psal.

536 5238 762 5288 CXLVIII,
793 5221 872 5293 5).
906 5225 1242 5291 Quapropter
1281 5222 1607 5290 Operationis
1661 5223 1779 5292 ejus
1814 5225 1983 5279 virtus
2028 5225 2125 5280 ltu-

539 5325 698 5367 mano
727 5327 876 5367 more
902 5329 1085 5366 manus
1111 5319 1394 5377 vocantur,
1426 5327 1520 5382 per
1543 5327 1675 5383 quas
1706 5329 1809 5369 nos
1836 5316 2125 5372 consueti-

535 5419 656 5458 mus
683 5406 913 5473 operari.
945 5401 1200 5458 Fecerunt
1224 5414 1426 5469 autem,
1457 5404 1669 5474 quidam
1695 5405 1879 5461 volunt
1908 5407 1974 5460 ad
2003 5407 2120 5463 ani-

538 5510 679 5547 mam
726 5497 1024 5563 pertinere;
1081 5481 1464 5566 plasmaverunt
1496 5495 1562 5549 ad
1615 5509 1832 5565 corpus,
1875 5499 2018 5566 quod
2047 5498 2116 5554 de

538 5582 666 5634 lituo
709 5594 864 5637 terrae
893 5589 1235 5654 cognoscitur
1263 5586 1428 5641 fuisse
1467 5585 1777 5640 formatum.
1803 5587 1951 5642 Jttsta
1985 5604 2116 5644 voce

541 5668 741 5723 [actura
769 5690 859 5725 sua
899 5677 1091 5730 clamat
1130 5679 1390 5732 Auctori:
1423 5675 1504 5729 Da
1543 5677 1669 5731 mihi
1716 5679 2050 5744 intellectum,
2084 5698 2114 5735 a

542 5774 645 5825 quo
677 5778 967 5829 cognoseor
1011 5785 1130 5824 esse
1160 5771 1436 5838 plasmata.
1467 5769 1572 5826 Sed
1601 5771 1872 5841 perquiret
1901 5773 2110 5840 qualem

2225 4685 2378 4724 mnas
2421 4673 2748 4742 multiplices
2801 4683 2857 4729 et
2900 4691 3040 4729 saeva
3081 4678 3380 4731 certamina
3431 4685 3798 4732 tormentorum

2223 4761 2634 4818 consolatricem
2659 4780 2838 4820 rerum
2869 4764 3091 4820 istarum
3125 4767 3539 4823 misericordiam
3568 4766 3724 4837 petit:
3746 4769 3796 4816 ut

2224 4851 2580 4908 adversitates
2608 4856 2790 4911 saeculi
2821 4854 2966 4911 ferre
2995 4857 3274 4927 potuisset,
3311 4875 3449 4928 quas
3479 4859 3580 4912 sibi
3606 4857 3672 4911 ad
3691 4868 3800 4925 pur-

2229 4945 2497 5014 gationem
2526 4945 2776 5001 vitiorum
2805 4949 3044 5016 proﬁcue
3068 4958 3290 5004 noverat
3317 4950 3674 5005 contributas.
3695 4944 3796 5000 Non

2231 5039 2372 5093 enim
2403 5038 2600 5094 auferri
2626 5039 2728 5095 sibi
2755 5041 2881 5096 talia
2905 5044 3214 5112 postulavit,
3247 5044 3346 5100 sed
3380 5048 3437 5100 in
3471 5045 3550 5100 eis
3575 5058 3632 5099 se
3656 5055 3797 5110 expe-

2231 5132 2294 5185 tit
2324 5134 2611 5188 consolari.
2655 5133 2962 5206 Consolatio
2991 5142 3134 5193 enim
3164 5147 3268 5206 est,
3298 5141 3521 5210 quando
3571 5136 3792 5194 miseria-

2231 5238 2348 5276 rum
2388 5225 2701 5292 patientiam
2731 5226 2915 5291 donat,
2962 5237 3226 5285 tormenta
3274 5247 3425 5287 szeva
3471 5235 3791 5299 retemperal.

2231 5316 2488 5372 etalllicti
2535 5320 2698 5373 animi
2744 5303 3008 5377 mmrores
3057 5324 3406 5380 beatitudinis
3460 5322 3792 5396 promissione

2223 5407 2510 5463 eonfortat.
2551 5409 2825 5480 Sequitur,
2859 5414 3145 5468 secundum
3181 5415 3443 5484 eloquium
3483 5429 3622 5468 tuum
3662 5425 3793 5465 seruo

2222 5508 2332 5553 tuo.
2364 5505 2408 5555 Δ
2439 5504 2705 5557 communi
2749 5504 3036 5576 subjunge,
3067 5508 3184 5576 ﬁat,
3218 5507 3266 5561 id
3307 5517 3395 5561 est
3424 5503 3705 5562 secundum
3731 5499 3787 5557 il.-

2221 5594 2324 5646 lam
2373 5595 2783 5662 promissionem
2832 5613 2937 5668 qua
2984 5599 3269 5670 spepondit
3302 5601 3359 5654 in
3410 5597 3693 5669 Evangelio
3731 5609 3785 5649 se

2219 5683 2498 5738 tribulatos
2531 5687 2583 5740 in
2617 5688 2954 5754 passionibus
2983 5691 3204 5746 minime
3243 5691 3579 5746 relicturum.

2298 5775 2444 5831 Vers.
2481 5774 2564 5828 77.
2596 5776 2812 5834 Veniant
2838 5781 2964 5835 mihi
2992 5781 3335 5838 miserationes
3365 5790 3486 5849 tua,
3515 5790 3566 5840 et,
3585 5782 3776 5839 vittam;
