3966 6172
205 361 288 418 861
1099 362 1466 419 EXPOSlTIO
1508 360 1571 415 IN
1615 359 2078 417 PSALTlllilUM.
2119 360 2315 418 I’SAL.
2357 363 2581 419 CX't'lll.

3365 365 3470 421 862

202 475 302 541 quia
330 474 414 530 lex
449 484 538 530 tua
580 475 844 530 meditatio
872 489 982 528 mea
1027 484 1122 535 cst.
1171 473 1514 530 Sufﬁcienter
1551 489 1772 542 espres-
1801 477 1848 532 Α
1885 475 2124 528 stimoniu
2155 485 2281 542 tua;
2313 491 2450 545 quos
2483 475 2640 529 lectio
2658 473 2873 542 quidem
2906 473 3086 528 divina
3109 473 3220 545 jatu
3254 475 3466 546 imbuit,

203 581 307 619 sum
345 576 430 620 est
463 566 589 634 quid
625 581 721 634 per
765 563 1192 619 misericordiam
1231 565 1443 618 Domini
1475 578 1774 631 consequa-

203 675 326 724 tnur,
363 660 523 713 vitam
555 659 758 714 scilicet
787 668 1068 712 atternatu.
1095 656 1233 712 Nam
1263 672 1385 711 cum
1410 657 1548 711 istud
1571 657 1668 711 sibi
1693 656 1775 710 di-

201 757 329 804 ceret
355 764 477 802 esse
510 748 874 815 tribuendum,
907 747 1196 814 pustulavit
1223 757 1280 802 ut
1318 748 1584 802 veraciter
1615 748 1776 800 vivere

199 851 518 904 mereretur;
567 840 690 908 quia
734 841 848 893 sola
885 840 972 892 illa
1021 839 1157 893 bene
1203 838 1399 893 dicitur
1439 839 1569 900 vita,
1615 852 1773 906 quam

199 947 281 984 uec
308 933 557 986 molestia
587 934 688 985 ulla
733 932 1010 998 sollicitat,
1041 947 1142 987 nec
1180 947 1328 986 mors
1357 941 1604 1000 suspecta
1643 947 1775 984 con-

202 1025 363 1076 ltistat
389 1040 404 1088 ;
437 1025 503 1079 de
530 1040 632 1092 qua
660 1027 708 1078 in
736 1024 1022 1093 Evangelia
1050 1024 1250 1079 dictum
1274 1033 1359 1078 est
1384 1041 1396 1076 :
1426 1024 1488 1077 Si
1509 1024 1583 1076 vis
1607 1022 1775 1075 venire

196 1118 446 1184 adt-itam,
495 1133 639 1170 serva
682 1117 926 1170 mundata
953 1115 1172 1186 (Matth.
1206 1131 1316 1184 stx,
1360 1115 1474 1185 l'i).
1515 1114 1624 1168 Nec
1661 1127 1776 1165 tuo-

198 1222 300 1261 veat
342 1207 490 1277 quod
535 1223 640 1261 non
669 1207 874 1262 addidit
897 1213 1187 1271 aeternam;
1218 1213 1363 1261 tanta
1393 1215 1478 1260 est
1515 1205 1656 1259 enim
1692 1204 1774 1256 vis

196 1301 294 1368 ejus
323 1299 582 1365 nominis,
617 1309 674 1353 ut
702 1315 822 1353 cum
848 1299 959 1352 sola
983 1298 1086 1352 vita
1111 1297 1330 1362 dicitur,
1365 1307 1564 1352 :eterna
1595 1296 1774 1366 potius

195 1391 464 1446 sentiatur.
496 1391 646 1444 llanc
673 1406 802 1460 ergo
847 1391 1013 1446 vitam
1043 1389 1175 1445 dicit
1219 1405 1278 1446 se
1309 1390 1511 1446 debere
1550 1406 1774 1458 prome-

195 1483 303 1547 reri,
329 1479 456 1550 quia
486 1481 762 1535 meditatio
807 1481 922 1550 ejus
966 1481 1122 1536 bonis
1151 1482 1553 1535 monstrabatur
1590 1481 1772 1550 operi-

195 1575 281 1630 bus
307 1585 595 1644 occupata.
632 1575 764 1629 Nam
792 1576 1171 1629 meditationem
1199 1575 1406 1630 hicuon
1431 1575 1600 1629 solam
1629 1574 1774 1627 acci-

194 1669 290 1737 pias
329 1669 645 1738 lectionem,
698 1667 792 1722 sed
839 1668 1010 1736 magis
1049 1681 1215 1736 opera
1242 1666 1394 1734 legis.
1425 1666 1541 1718 Non
1593 1678 1770 1720 aurem

192 1776 273 1828 per
299 1762 463 1814 istam
493 1761 665 1815 solam
713 1761 1094 1814 meditationem
1147 1759 1288 1814 beati
1337 1760 1620 1822 efficimur,
1653 1775 1772 1828 que

1879 567 1974 622 sed
2021 567 2246 621 net-dunt
2281 583 2445 637 opera
2493 567 2744 620 salutaris
2787 566 3055 621 instruxit.
3099 565 3471 620 Convertuntur

1879 658 2022 710 enim
2070 656 2135 710 de
2167 657 2421 725 perfectis
2465 671 2567 710 non
2602 665 2810 725 poterat
2836 655 2966 721 dici,
3012 655 3101 724 qui
3147 663 3200 710 et
3242 656 3473 712 lectione

1877 760 2052 810 Sacra,
2086 757 2138 800 et
2172 747 2254 814 pia
2279 745 2590 814 Operatione
2621 746 2912 815 fulgebant.

1953 837 2109 891 Vers.
2141 836 2228 890 80.
2268 835 2388 891 Fiat
2429 852 2517 888 cor
2548 853 2713 890 meum
2746 837 3130 889 immaculatum
3171 837 3222 888 in
3256 837 3356 890 tuis
3377 839 3470 908 ju-

1878 930 2294 995 stiﬁcutionibus,
2321 940 2374 982 ut
2405 948 2505 982 non
2547 933 2860 998 confundor.
2896 930 2994 982 Cor
3023 945 3176 983 suum
3223 931 3471 984 immacu-

1879 1022 2043 1074 latum
2077 1023 2204 1090 pelit
2236 1024 2350 1092 ﬁeri
2396 1009 3110 1092 peccatorum.remissione,
3147 1037 3251 1075 non
3288 1023 3466 1076 meriti

1876 1113 2156 1182 qualitate.
2194 1113 2325 1166 Nam
2357 1114 2490 1167 sicut
2519 1113 2570 1166 in
2606 1113 2868 1181 principio
2903 1113 3090 1181 psalmi
3120 1112 3318 1166 dictum
3345 1125 3464 1168 est:

1877 1203 1976 1258 Cui
2001 1217 2277 1274 peceatum
2297 1222 2450 1260 suum
2475 1206 2787 1273 dimittitur,
2817 1207 2934 1262 sine
2957 1206 3285 1261 dubitatione
3315 1222 3469 1260 mun-

1877 1297 2062 1360 datur;
2106 1312 2204 1352 nec
2252 1308 2426 1365 potest
2456 1297 2600 1350 illam
2646 1297 2837 1351 stolam
2883 1298 3105 1352 induere
3151 1299 3465 1365 nuptialem,

1878 1391 1977 1444 nisi
2008 1394 2094 1460 qui
2130 1408 2222 1460 per
2250 1390 2482 1443 divinam
2517 1391 2742 1460 gratiam
2777 1391 3124 1460 indulgentiae
3158 1389 3352 1444 meruit
3378 1405 3458 1444 ac-

1879 1481 2059 1549 cipere
2101 1480 2408 1548 puritatem.
2442 1480 2516 1534 lbi
2550 1481 2692 1534 enim
2725 1482 2873 1536 solus
2914 1482 3004 1536 ille
3049 1497 3154 1536 non
3184 1482 3465 1536 confandi-

1879 1582 1986 1638 tur,
2012 1573 2097 1627 cui
2128 1583 2346 1642 peccata
2375 1573 2661 1627 donantur.
2693 1572 2758 1626 Et
2789 1572 3008 1627 intende
3037 1574 3177 1642 quod
3212 1584 3330 1643 post
3361 1573 3467 1628 vir-

1877 1672 2018 1718 tutes
2047 1665 2272 1718 eximias
2300 1665 2496 1718 chorus
2526 1662 2619 1717 ille
2641 1672 2948 1718 sanctorum
2981 1682 3068 1718 cor
3097 1681 3252 1720 suum
3280 1668 3467 1722 imma-

1875 1758 2107 1808 culatum
2132 1755 2248 1822 ﬁeri
2269 1755 2608 1822 deprecatur,
2636 1765 2691 1808 ut
2723 1754 2898 1808 nullus
2937 1755 3214 1809 hominum
3247 1772 3468 1826 praesu-

191 1852 425 1905 lectionis
470 1851 792 1922 repetitione
839 1858 1128 1915 tractatur,
1172 1850 1259 1904 illa
1318 1851 1460 1904 enim
1508 1851 1771 1904 meditatio
1802 1862 1852 1922 Β
1882 1856 2072 1909 rueret,
2099 1845 2239 1915 quod
2288 1847 2454 1899 solam
2483 1843 2684 1900 Christi
2717 1846 2925 1916 Domini
2965 1848 3216 1903 habuisse
3259 1863 3464 1904 certum

189 1944 359 1996 beatos
402 1942 553 2007 facit,
597 1957 717 2011 qua:
761 1941 1016 2012 operibus
1060 1941 1262 1996 sanctis
1310 1942 1572 1995 caelorum
1605 1957 1767 2011 regna

190 2034 469 2102 conquirit,
495 2034 632 2087 sicut
659 2033 953 2103 Apostolus
989 2032 1160 2087 dicit:
1193 2030 1317 2084 Non
1344 2031 1479 2085 enim
1508 2033 1768 2086 auditores

188 2125 295 2194 legis
314 2127 456 2195 justi
490 2135 605 2177 sunt
643 2125 783 2194 apud
813 2122 1000 2190 Deum,
1041 2123 1128 2177 sed
1162 2121 1383 2191 [actores
1415 2123 1540 2192 legis
1567 2122 1768 2192 justiﬁ-

188 2219 425 2269 rai-untur
447 2217 627 2286 (Rom.
654 2231 712 2278 Il,
745 2214 858 2285 l5).

251 2309 399 2363 Vers.
449 2309 538 2362 78.
573 2307 969 2376 Confundantur
1007 2305 1232 2376 superbi,
1264 2307 1385 2377 quia
1414 2307 1601 2377 injuste
1640 2304 1763 2377 [ms.

186 2399 242 2453 G.
271 2410 322 2454 et
355 2399 475 2464 ed.,
511 2397 714 2468 injus'i]
746 2399 1068 2467 iniquitatem
1099 2402 1324 2467 fecerunt
1346 2399 1399 2460 in
1424 2413 1528 2462 me;
1559 2412 1651 2468 ego
1673 2413 1770 2450 au-

125 2499 130 2506 '
183 2498 269 2541 teut
300 2489 577 2542 exrrcebor
614 2489 667 2541 itt
710 2487 967 2540 mundatis
1009 2489 1130 2541 tuis.
1163 2487 1277 2542 Non
1329 2488 1579 2542 convenit
1625 2487 1764 2556 plebi

183 2594 247 2631 sn
268 2588 366 2633 CLI:
402 2580 455 2632 in
489 2579 826 2632 adversarios
857 2594 985 2632 suos
1027 2577 1424 2632 maledictionis
1457 2587 1581 2632 voto
1613 2577 1760 2649 [mss.

184 2672 261 2736 A.,
289 2671 382 2736 Β.,
415 2669 510 2734 Ρ..
541 2671 711 2740 tuotuj
747 2670 1014 2740 prosilire,
1046 2687 1166 2726 cum
1198 2672 1314 2741 ipse
1339 2671 1521 2726 dicat:
1553 2671 1766 2742 Diligite

181 2761 400 2816 irinticos
459 2771 672 2827 vestros,
719 2769 766 2813 et
815 2769 958 2815 orate
997 2777 1089 2830 pro
1143 2761 1575 2815 calumniantibus
1626 2762 1764 2816 vobis

183 2856 386 2922 (statin.
411 2871 464 2919 v,
499 2855 612 2923 44).
648 2855 764 2923 Ipse
785 2869 998 2923 quoque
1021 2855 1276 2924 subjecit,
1301 2870 1393 2925 ego
1424 2866 1592 2908 autem
1619 2869 1766 2907 exer-

181 2945 312 2997 cebor
351 2946 411 2998 in
444 2945 704 2997 mundatis
735 2951 858 3008 tuis,
893 2951 951 2996 ut
976 2945 1106 2998 nihil
1133 2960 1256 2999 eum
1288 2955 1476 2999 contra
1524 2943 1763 3014 regulam

181 3037 354 3094 fecisse
384 3051 771 3100 cegnosceres.
799 3037 930 3104 Sed,
968 3036 1382 3107 confundantur,
1416 3035 1481 3089 ad
1513 3038 1766 3091 emenda-

179 3129 364 3184 tionem
421 3128 678 3198 pertinet,
727 3143 831 3183 non
864 3129 931 3182 ad
981 3129 1302 3196 supplicium
1349 3130 1759 3197 sempiternum.

1878 1948 1962 1992 est
1989 1937 2354 1992 sanctitatem.
2388 1937 2519 1992 Nam
2550 1939 2639 2006 qui
2691 1939 2969 1994 confessus
3014 1941 3190 1995 fuerat
3221 1942 3465 1998 manibus

1872 2042 1931 2084 se
1968 2030 2178 2083 Domini
2214 2028 2410 2083 factum
2439 2041 2601 2100 atque
2627 2030 2970 2100 plasmatum,
3003 2031 3093 2102 qui
3127 2032 3462 2088 liutniliatum

1868 2117 2014 2188 juste
2043 2135 2101 2173 se
2129 2119 2338 2174 dixerat
2367 2119 2434 2174 ad
2463 2121 2819 2176 creberrimas
2852 2124 3154 2192 passiones,
3180 2125 3270 2195 qui
3303 2142 3459 2180 exer-

1869 2211 2062 2264 citatus
2079 2221 2160 2264 est
2187 2210 2241 2264 in
2281 2212 2542 2265 mandatis
2578 2211 2808 2283 Domini,
2844 2215 2894 2268 in
2937 2214 3053 2283 ejus
3093 2231 3306 2286 quoque
3345 2217 3462 2286 lege

1873 2305 2178 2369 meditatus,
2231 2321 2336 2358 non
2385 2307 2543 2360 audet
2587 2307 2767 2362 dicere
2795 2309 3184 2362 immaculatum
3231 2325 3318 2363 cor
3354 2311 3457 2364 sibi

1869 2411 2024 2461 esse;
2052 2397 2144 2451 sed
2177 2383 2316 2466 petit
2357 2407 2414 2452 ut
2442 2400 2532 2452 fiat
2572 2400 2714 2469 quod
2745 2401 2970 2455 necdum
3006 2402 3058 2455 itt
3090 2401 3177 2456 illa
3221 2417 3464 2457 resurre-

1870 2488 2051 2543 CLione
2085 2499 2416 2558 perceperat,
2447 2490 2534 2544 ubi
2567 2493 2800 2546 audituri
2823 2505 2946 2546 sunt
2981 2511 2992 2545 :
3031 2493 3224 2558 Venite,
3251 2494 3460 2547 beriedi-

1870 2581 1938 2632 cti
1971 2577 2142 2633 Patris
2191 2584 2310 2646 mei,
2341 2583 2586 2653 percipite
2627 2600 2838 2654 regnum
2867 2586 3004 2654 quod
3045 2585 3182 2638 vobis
3224 2598 3462 2656 paratum

1870 2680 1945 2726 est
1985 2675 2048 2726 ab
2079 2674 2223 2726 initio
2267 2674 2444 2726 mundi
2488 2674 2701 2744 (Matth.
2737 2693 2861 2745 xxv,
2912 2678 3028 2748 54),
3075 2688 3180 2734 etc.
3224 2679 3294 2732 Et
3342 2679 3463 2735 vide

1869 2762 2317 2830 quemadmodum
2357 2780 2520 2818 unum
2571 2767 2793 2820 verbum
2826 2767 3057 2822 diversis
3101 2769 3278 2823 causis
3309 2770 3460 2824 adbi-

1869 2853 2037 2906 bitutu
2060 2863 2161 2907 est.
2204 2854 2375 2924 Supra
2414 2856 2566 2924 petiit
2614 2857 2805 2926 impios
2855 2858 3055 2914 debe:e
3093 2859 3368 2927 confundi,
3405 2871 3461 2916 ut

1871 2945 2249 3014 corrigantur;
2295 2962 2354 3001 se
2387 2962 2512 3001 vero
2544 2947 2782 3017 postulat
2811 2963 2916 3003 non
2955 2949 3153 3006 debere
3181 2952 3455 3019 confundi,

1871 3046 1928 3090 ut
1956 3036 2228 3091 interitum
2259 3037 2624 3092 damnationis
2653 3039 2865 3095 evadat.

1941 3129 2096 3185 Vers.
2146 3133 2326 3187 8l.—
2358 3147 2432 3186 st.
2480 3132 2648 3187 Cara.
2693 3133 2893 3206 Deiecit
2938 3130 2992 3190 iri
3043 3137 3269 3190 salutare
3316 3146 3457 3191 tuum

180 3217 313 3274 Tunc
344 3219 500 3275 enim
544 3218 876 3274 conscientia
912 3221 1184 3288 peccantis
1229 3220 1362 3274 bene
1401 3220 1760 3288 confunditur,
1791 3230 1839 3293 ο
1869 3224 2043 3276 anima
2075 3240 2208 3292 mea,
2235 3235 2281 3276 et
2310 3224 2363 3277 in
2384 3227 2609 3291 ,t'erbum
2641 3237 2785 3280 tuum
2825 3230 3026 3296 speravi
3058 3228 3210 3299 [mss
3244 3232 3334 3292 A.,
3368 3230 3454 3299 Β.,

177 3318 378 3382 quando
423 3316 565 3370 mala
595 3316 817 3385 pristina
843 3316 1060 3386 propria
1086 3316 1358 3370 voluntate
1398 3315 1756 3370 damnantur:

177 3419 224 3460 et
248 3410 440 3478 incipit
467 3410 648 3463 odisse
673 3409 813 3478 quod
853 3410 1130 3462 videbatur
1172 3418 1298 3461 aute
1339 3407 1583 3477 diligere.
1618 3407 1759 3460 Istud

174 3499 325 3573 [διο
348 3503 502 3556 enim
529 3510 648 3555 orat
675 3501 958 3570 provenire
989 3499 1254 3568 superbis,
1297 3515 1364 3553 ne
1386 3499 1588 3553 diutius
1628 3500 1759 3554 bac-

176 3594 312 3648 chari
345 3595 576 3649 ausibus
605 3592 750 3666 [mss.
782 3593 871 3657 A.,
899 3591 987 3656 Β.,
1027 3590 1119 3656 F.,
1147 3587 1355 3661 usibus]
1387 3590 1667 3645 videantur
1694 3591 1763 3645 il-

173 3683 341 3743 licitis.
388 3688 651 3756 Sequitur
693 3701 852 3740 causa
885 3685 1176 3755 probabilis
1221 3699 1389 3754 quare
1429 3684 1634 3751 superbi
1663 3688 1762 3739 de-

173 3775 322 3832 beant
345 3779 638 3846 confundi;
663 3777 889 3842 scilicet,
913 3777 1034 3844 quia
1068 3777 1257 3847 injuste
1287 3776 1608 3846 iniquitatem
1629 3778 1761 3846 [ece-

170 3872 354 3924 runtin
391 3886 490 3923 me.
519 3869 658 3936 Quid
677 3869 820 3925 enim
846 3869 1095 3939 injustius
1121 3868 1227 3922 dici
1257 3877 1455 3938 potest,
1479 3885 1640 3938 quam
1668 3885 1762 3926 eos

172 3961 300 4015 Velle
328 3961 591 4031 persequi
619 3961 708 4030 qui
739 3960 1008 4014 mandatis
1042 3959 1359 4014 videbantur
1381 3961 1763 4016 sacratissimis

169 4051 455 4121 occupari?
479 4052 756 4120 Sequitur,
784 4067 876 4121 ego
921 4049 1378 4104 autemexercebor
1404 4051 1459 4104 in
1505 4051 1763 4105 mandatis

167 4145 278 4196 tuis.
304 4145 516 4198 Contra
546 4142 769 4197 insidias
807 4141 1149 4197 inimicorum
1201 4149 1255 4195 et
1283 4141 1588 4210 superbiam
1622 4157 1760 4211 prte-

170 4236 365 4289 tumida
395 4251 458 4290 se
486 4235 763 4303 iniquitate
789 4235 1102 4303 iactantem,
1143 4234 1293 4304 ponit
1320 4234 1556 4289 salutare
1588 4249 1764 4288 reme-

163 4327 325 4395 dium,
365 4327 692 4383 exercitium
721 4328 906 4396 utique
932 4325 1329 4380 mandatorum.
1363 4325 1476 4379 Non
1507 4328 1649 4380 enim
1677 4327 1766 4380 ad-

164 4431 346 4474 versus
378 4419 620 4490 perfidos
657 4430 712 4474 ct
751 4418 1001 4474 crudeles
1042 4418 1219 4487 aliqua
1257 4417 1619 4472 obluctatione
1658 4434 1760 4487 pu-

162 4513 366 4578 gnavit,
407 4522 505 4566 aut
553 4513 837 4566 verborum
880 4511 1108 4580 litigiosa
1155 4510 1502 4565 contentioiie
1545 4524 1606 4564 se
1655 4510 1760 4563 rui-

1867 3312 1954 3378 F.,
1987 3314 2380 3386 supersperavi].
2420 3314 2766 3372 Undecituam
2797 3319 3030 3374 litteram
3061 3322 3373 3391 peregrinus
3403 3324 3456 3377 in

1865 3402 1967 3458 hac
1999 3417 2144 3459 terra
2177 3412 2404 3476 populus
2449 3409 2720 3475 decantat,
2754 3411 2804 3464 in
2837 3428 2939 3480 qua
2985 3413 3203 3468 nimium
3235 3416 3454 3472 deside-

1864 3496 2001 3549 rium
2046 3513 2201 3551 suum
2250 3500 2302 3551 in
2351 3499 2581 3554 adventu
2632 3501 2842 3556 Domini
2876 3503 3106 3559 feliciter
3135 3507 3449 3562 confitetur.

1865 3588 2162 3643 Ennmerat
2188 3604 2402 3658 quoque
2429 3604 2655 3661 quantas
2703 3595 3059 3662 superborum
3092 3597 3459 3652 insecutiones

1864 3683 2166 3752 pertulerit.
2213 3682 2292 3736 Ad
2328 3695 2656 3752 postremum
2685 3688 2822 3755 petit
2852 3697 2910 3742 ut
2953 3689 3007 3743 in
3040 3690 3307 3745 mandatis
3353 3690 3460 3746 Do-

1864 3773 1996 3828 mini
2033 3774 2198 3842 ipsius
2225 3789 2448 3830 munere
2487 3786 2819 3843 perseveret.
2857 3779 3106 3836 Defectus
3137 3790 3193 3836 et
3225 3797 3319 3850 pro
3351 3783 3458 3838 fine

1865 3864 2094 3932 alicujus
2144 3866 2220 3919 rei
2253 3865 2470 3931 dicitur,
2516 3877 2572 3921 ut
2601 3879 2682 3922 est
2706 3869 2836 3923 illud
2867 3888 2880 3922 :
2909 3869 3116 3926 Inimici
3163 3874 3458 3944 defecerunt

1865 3955 2073 4024 framea:
2111 3955 2164 4006 in
2192 3954 2348 4020 linem
2379 3955 2547 4024 (Paul.
2582 3971 2657 4022 ιι,
2693 3957 2768 4027 7).
2803 3957 3191 4032 Nonnunquam
3243 3965 3459 4032 ponitur

1864 4055 1919 4101 et
1950 4062 2045 4115 pro
2068 4047 2324 4102 desiderii
2355 4047 2631 4104 nimietate
2672 4049 3014 4120 declaranda,
3065 4064 3122 4108 ut
3167 4067 3248 4109 est
3279 4057 3408 4111 illud
3439 4073 3456 4114 :

1867 4135 2171 4208 Concupivit
2193 4149 2240 4193 et
2263 4141 2436 4208 deﬁcit
2465 4141 2640 4194 anima
2668 4158 2781 4196 mea
2812 4144 2865 4197 in
2890 4145 3029 4201 atria
3051 4144 3456 4216 Domini(Psal.

1870 4245 2099 4294 Lxxstu,
2130 4230 2209 4300 5).
2235 4231 2382 4285 Idem
2413 4244 2467 4286 et
2497 4233 2583 4288 hic
2624 4243 2806 4288 sancta
2847 4241 3189 4307 congregatio
3217 4240 3459 4311 defecisse

1865 4321 1994 4374 dicit
2021 4321 2248 4374 animum
2280 4338 2432 4376 suain
2466 4324 2517 4376 in
2565 4323 2777 4379 Domini
2822 4327 3118 4382 Salvatoris
3144 4331 3458 4388 ardentissi—

1865 4430 2008 4467 mam
2041 4414 2384 4468 cbaritatem.
2417 4415 2530 4469 Mos
2572 4421 2716 4470 enim
2755 4418 2856 4473 iste
2891 4421 3240 4476 limnanitatis
3268 4435 3372 4490 est,
3402 4436 3460 4480 ut

1865 4506 2008 4576 quod
2035 4508 2258 4561 omnino
2280 4509 2734 4578 concupiscimus,
2767 4512 2818 4565 in
2843 4528 2908 4566 eo
2935 4513 3124 4568 lassari
3152 4531 3214 4570 ac
3243 4518 3460 4586 deﬁcere

161 4604 326 4667 seuit;
385 4604 485 4658 sed
544 4611 792 4672 tanquam
851 4611 1012 4656 vento
1076 4600 1242 4656 ﬂabili
1305 4601 1464 4655 dictis
1511 4601 1762 4656 inanibus
1791 4601 1844 4662 D
1870 4601 2165 4666 videamur,
2191 4603 2408 4670 quando
2437 4602 2699 4658 dilatione
2723 4608 2995 4674 suspensi,
3023 4607 3091 4662 ad
3122 4620 3241 4664 vota
3275 4623 3457 4665 ltOSlra

160 4700 509 4759 verberatus,
537 4695 868 4764 prepositum
899 4709 1056 4748 suum
1090 4694 1270 4763 quieta
1315 4705 1495 4750 mente
1533 4709 1758 4764 perage-

158 4782 267 4846 bat,
300 4794 363 4838 ut
391 4785 520 4839 inde
546 4785 715 4853 magis
739 4785 1034 4839 adversarii
1060 4786 1289 4839 celerius
1320 4786 1600 4850 caderent,
1630 4785 1756 4840 dum

155 4878 316 4932 nobis
345 4880 433 4934 eis
476 4877 724 4932 humanis
760 4877 966 4932 viribus
1005 4878 1318 4932 restitisset.
1367 4877 1519 4943 Quod
1551 4877 1758 4947 patien-

159 4968 243 5019 ti:e
262 4984 446 5039 genus
466 4977 627 5022 ornat.
653 4970 770 5022 sine
798 4967 962 5023 dubio
990 4965 1354 5022 Christianos.

228 5062 396 5116 \‘ers.
433 5061 525 5116 79.
557 5060 929 5115 Convertuntur
963 5062 1032 5112 ad
1060 5075 1137 5114 me
1169 5060 1256 5128 qui
1279 5059 1455 5113 timent
1496 5069 1562 5128 te,
1588 5068 1636 5112 et
1674 5059 1759 5129 qui

154 5162 416 5205 not-erunt
455 5153 744 5206 testimonia
773 5162 882 5205 tua.
930 5151 1013 5206 Ad
1053 5151 1466 5221 distinguendas
1499 5165 1760 5218 personas

151 5244 380 5312 propria
415 5244 574 5298 verba
603 5245 808 5313 signata
847 5252 994 5298 sunt.
1036 5244 1209 5311 Supra
1249 5241 1392 5296 enim
1420 5242 1486 5295 de
1512 5242 1759 5310 superbis

149 5337 365 5389 dctum
394 5345 505 5402 est,
534 5336 952 5406 confunduntur;
977 5335 1062 5389 bie
1082 5344 1260 5389 autem
1286 5334 1354 5389 de
1375 5335 1758 5404 incipientibus

148 5425 382 5493 dicitur,
433 5427 802 5481 Convertuntur
821 5427 889 5480 ad
920 5442 1019 5490 me,
1046 5426 1108 5480 id
1146 5435 1231 5481 est
1263 5425 1329 5480 ad
1362 5435 1433 5480 te.
1463 5425 1544 5480 Ad
1576 5426 1759 5479 Domi-

148 5529 184 5571 ιι
206 5534 278 5570 ιω
303 5518 466 5572 enim
497 5517 632 5572 bene
654 5517 972 5585 intelligitur
1000 5517 1248 5580 converti,
1279 5517 1445 5586 quiin
1492 5517 1762 5571 Ecclesia-

145 5611 280 5663 Mica
337 5608 513 5676 caspit
553 5613 967 5678 congregatmne
1014 5614 1255 5672 versari;
1290 5607 1367 5661 illi
1417 5607 1628 5662 scilicet
1669 5607 1758 5676 qui

140 5699 251 5767 jam
286 5701 496 5755 timere
515 5709 811 5768 imperant,
835 5701 929 5754 sed
961 5699 1198 5770 nondum
1228 5698 1443 5754 fuerant
1465 5709 1576 5752 tota
1604 5715 1759 5752 tuen-

145 5794 211 5847 tis
237 5802 561 5848 intentione
612 5795 878 5849 contIetsi.
913 5791 1156 5864 Addidit,
1189 5803 1236 5846 et
1276 5793 1365 5864 qui
1408 5801 1656 5845 noverunt
1680 5801 1754 5844 te—

1870 4691 2153 4760 pervenire
2191 4705 2298 4747 non
2330 4706 2638 4762 possumus.
2673 4693 2742 4750 Ut
2786 4696 2833 4750 si
2873 4697 3246 4753 charissimum
3292 4701 3456 4754 lilium

1865 4784 2317 4839 clementissimus
2363 4793 2514 4853 pater
2568 4785 2724 4856 longa
2779 4791 3180 4858 exspectatione
3234 4791 3455 4846 dilatum

1865 4878 2043 4930 anima
2073 4874 2365 4930 festinante
2395 4875 2680 4945 sustineat,
2724 4877 2771 4933 si
2819 4895 2960 4934 uxor
3001 4879 3304 4934 castissima
3340 4882 3458 4937 dul-

1868 4968 2143 5024 cissimum
2173 4966 2450 5034 maritum,
2479 4982 2660 5024 nonne
2685 4960 2870 5024 arnore
2896 4971 3146 5040 fatigante
3180 4973 3455 5040 deficiunt,

1867 5073 2006 5127 quos
2053 5057 2239 5111 videre
2297 5056 2676 5114 desideranter
2727 5064 3064 5131 exposcunt?
3121 5064 3457 5133 Quapropter

1867 5145 2067 5215 Defccft
2097 5147 2270 5200 anima
2301 5165 2433 5214 mea,
2461 5150 2755 5219 significat,
2781 5153 2980 5208 lassata
3017 5168 3102 5210 est
3145 5167 3308 5226 atque
3337 5157 3458 5212 fati-

1865 5253 2016 5310 gata;
2072 5241 2216 5310 quod
2274 5256 2370 5312 per
2428 5242 2595 5298 nimia
2647 5245 2786 5299 solet
2838 5245 3105 5301 desideria
3153 5250 3454 5316 provenire.

1866 5331 2284 5388 Consideretnus
2321 5349 2452 5401 ergo
2481 5337 2814 5392 sanctissimi
2845 5337 3098 5394 desiderii
3138 5342 3456 5410 magnitudi-

1868 5440 2013 5488 nem,
2057 5433 2198 5476 tanta
2230 5438 2292 5478 se
2338 5425 2538 5480 mentis
2568 5425 2868 5483 intentione
2899 5429 3170 5498 fatigasse,
3205 5440 3261 5484 ut
3290 5447 3457 5499 usque

1867 5517 1932 5570 ad
1960 5516 2225 5570 defectum
2270 5517 2641 5573 felicissimum
2689 5523 3015 5591 perveniret.
3059 5523 3165 5578 Sed
3207 5539 3275 5578 ne
3305 5525 3456 5580 dete-

1865 5617 1982 5660 ctus
2011 5607 2113 5661 iSIe
2144 5608 2266 5662 fidei
2297 5610 2570 5664 videretur
2615 5627 2858 5676 occasus,
2889 5617 2939 5665 .‘u
2969 5613 3196 5668 salutare
3221 5630 3280 5670 se
3308 5619 3454 5686 defe-

1866 5699 1994 5750 cisse
2020 5699 2170 5762 dicit,
2201 5703 2346 5768 quod
2379 5703 2600 5758 Hebraia
2643 5706 2819 5775 lingua
2851 5707 3044 5761 dicitur
3079 5705 3255 5764 Jesus.
3295 5711 3359 5766 Et
3386 5728 3456 5769 ne

1865 5792 2055 5863 aliquis
2083 5792 2153 5847 ita
2187 5795 2526 5852 sentiendum
2567 5796 2792 5858 forsitan
2822 5800 3114 5869 dubitatct,
3146 5804 3370 5874 addidit,
3406 5816 3456 5862 ct
