3966 6172
495 344 597 396 863

1732 337 1799 391 Μ.
1845 335 2093 390 AUREU

2203 331 2551 389 ASSIODORI
3609 343 3687 401 Slil

491 463 546 515 in
568 461 770 516 verbum
798 471 936 512 tuum
966 457 1190 528 speravi,
1225 455 1273 509 id
1307 463 1390 511 est
1415 457 1467 510 in
1499 455 1832 524 unigenitum
1864 454 2081 516 Filium,
2114 456 2162 512 Α
2193 451 2404 520 quando
2441 452 2672 506 mundus
2706 452 2810 508 iste
2843 452 3077 519 ﬁnietur,
3116 458 3174 505 ut
3211 451 3275 507 de
3303 458 3693 525 persecutoribus,

493 551 582 618 qui
613 559 693 604 est
737 549 830 600 Dei
881 548 1040 600 cit-tus
1072 556 1117 599 et
1160 543 1256 598 Dei
1283 546 1537 616 sapientia
1568 543 1621 614 (Ι
1651 544 1768 599 Cor.
1794 560 1830 609 ι,
1860 545 1976 614 2i),
2015 542 2082 598 de

493 658 599 710 quo
619 650 673 695 et
701 640 828 694 alibi
859 640 1052 707 legitur
1079 657 1089 692 :
1129 639 1349 693 Verbum
1372 654 1494 692 caro
1522 643 1715 708 factum
1738 646 1836 701 est,
1866 650 1912 690 et
1942 638 2085 690 Itabi-

495 735 615 787 taoit
641 734 692 786 in
716 733 858 786 nobis
896 732 1078 801 (Joau.
1099 749 1134 795 I,
1181 733 1288 802 li).

567 825 717 879 Vers.
753 826 841 878 82.
884 824 1192 893 Defecerunt
1233 825 1366 878 oculi
1400 824 1496 876 mei
1538 824 1590 876 in
1629 824 1883 893 eloquium
1916 832 2080 887 tuum,

495 917 716 970 dicentes
743 931 761 968 :
797 915 1017 979 Quando
1050 915 1396 969 consolaberis
1442 931 1541 968 me.
1575 915 1855 982 Repetitur
1883 915 2086 969 saluta-

495 1009 571 1062 iis
603 1018 657 1062 et
686 1006 1056 1062 conﬁrmativa
1088 1007 1339 1070 defectio,
1379 1021 1497 1075 qua:
1544 1020 1651 1058 non
1679 1005 1745 1056 ab
1777 1005 2086 1059 infirmitate

496 1100 692 1153 mentis
724 1100 890 1162 venit.
926 1099 1018 1154 sed
1049 1113 1077 1152 a
1107 1099 1339 1168 gloriosa
1369 1097 1546 1166 pelius
1572 1095 1737 1151 animi
1772 1097 1964 1149 virtute
1992 1095 2089 1151 de-

495 1190 726 1244 scendit.
770 1190 941 1259 Supra
989 1189 1128 1243 enim
1162 1189 1316 1254 dixit,
1371 1187 1537 1242 nimio
1563 1187 1833 1242 desiderio
1874 1186 2084 1241 Domini

495 1282 811 1345 Salvatoris,
849 1281 1091 1351 defecisse
1111 1282 1336 1334 animam
1359 1295 1542 1344 suam;
1577 1293 1718 1332 nunc
1751 1279 1927 1333 oculos
1967 1293 2089 1334 cor—

495 1374 576 1425 (lis
611 1374 698 1426 tali
730 1373 1021 1427 ambitione
1063 1372 1307 1440 defecisse
1351 1378 1760 1425 commemorat.
1796 1369 1903 1439 lpsi
1944 1370 2087 1424 enim

496 1474 618 1518 Sunt
647 1464 735 1532 qui
767 1463 992 1518 interius
1022 1464 1164 1532 loqui
1199 1470 1445 1532 possunt,
1478 1462 1617 1516 sicut
1662 1462 1917 1529 scriptum
1965 1469 2084 1514 est:

495 1555 722 1610 Ctmnari
760 1557 814 1609 in
855 1565 959 1610 toto
985 1555 1138 1609 corde
1167 1570 1299 1619 mea,
1333 1554 1521 1608 exaudi
1548 1569 1646 1622 me,
1681 1551 1914 1607 Domine.
1955 1553 2088 1607 Nam

499 1663 620 1699 cuni
652 1647 830 1717 lingua
864 1645 1009 1715 loqui
1056 1645 1250 1711 soleat,
1286 1645 1371 1700 hic
1408 1644 1602 1715 legitur
1643 1644 1818 1698 oculos
1857 1643 2088 1698 dixisse:

502 1738 724 1804 Quando
770 1735 1114 1791 consolaberis
1163 1752 1260 1790 me.
1305 1729 1530 1792 Constat
1567 1751 1697 1806 ergo
1725 1736 1912 1790 oculos
1957 1734 2089 1790 istos

2188 544 2240 598 id
2283 552 2370 598 est
2399 543 2616 600 diabolo
2657 559 2777 599 cum
2812 545 3071 600 ministris
3107 543 3250 617 ['mss.
3273 545 3355 610 A.,
3387 545 3465 610 B.,
3498 547 3574 610 F.,
3602 550 3694 606 dia-

2189 639 2381 692 bolicis
2430 638 2710 710 ministris]
2752 651 3048 708 praaparata
3089 637 3219 692 ultio
3259 640 3580 708 compleatur;
3609 659 3690 697 non

2185 730 2307 798 quia
2333 730 2454 783 vita!
2483 745 2595 784 snze
2628 741 2838 796 tempus
2879 731 3099 784 volebat
3127 744 3404 797 agnoscere
3429 748 3440 784 :
3470 732 3551 786 sed
3583 734 3696 788 celo-

2187 820 2404 872 ritatem
2431 818 2591 874 futuri
2620 820 2810 888 judicii
2846 820 3154 890 postulabat
3179 861 3193 884 ,
3225 820 3274 872 in
3303 836 3399 888 quo
3435 820 3534 889 jam
3561 823 3698 877 beatis

2187 910 2292 965 erit
2318 911 2532 980 requies
2552 956 2566 979 ,
2594 923 2648 966 et
2678 912 2932 982 gaudium
2977 912 3095 966 sine
3140 911 3242 966 ﬁne
3271 927 3570 966 mansurum.
3605 915 3701 969 blo—

2187 1017 2316 1058 vere
2342 1012 2522 1058 autem
2575 1012 2789 1072 potest,
2834 1019 3001 1073 quare
3033 1004 3192 1058 ﬁnem
3223 1004 3396 1058 saeculi
3434 1004 3707 1062 desiderarit

2188 1108 2484 1165 agnoscere
2509 1137 2524 1160 ,
2570 1112 2691 1152 cum
2741 1097 2954 1167 legatur
2997 1097 3048 1151 in
3092 1095 3310 1151 Actibus
3353 1100 3707 1166 apostolorum:

2190 1185 2314 1239 Non
2343 1196 2417 1240 est
2442 1198 2663 1242 uestrum
2691 1191 2823 1244 scire
2849 1199 3081 1260 tempora
3109 1189 3184 1243 uel
3206 1200 3444 1243 momenta
3470 1207 3568 1259 qute
3588 1189 3709 1245 Pater

2190 1277 2356 1344 posuit
2382 1277 2434 1330 in
2463 1294 2558 1331 sua
2586 1288 2836 1348 potestate
2885 1277 3039 1348 (Act.
3067 1294 3108 1343 ι,
3141 1277 3244 1350 7)?
3273 1279 3518 1345 Primum,
3544 1281 3646 1348 quia
3669 1292 3712 1336 et

2189 1367 2440 1436 discipuli
2469 1368 2605 1424 hanc
2635 1385 2753 1425 rem
2787 1370 3263 1439 interrogaverunt
3303 1371 3564 1425 Dominum
3588 1369 3716 1426 Chri-

2195 1466 2371 1523 stum;
2399 1468 2454 1513 et
2481 1473 2777 1530 congruum
2825 1461 2964 1524 fuit,
2995 1471 3051 1516 ut
3099 1461 3153 1516 in
3201 1469 3324 1533 typo
3365 1463 3718 1531 apostolorum,

2209 1550 2353 1619 quod
2384 1549 2579 1606 dicturi
2609 1561 2788 1618 erant,
2819 1553 3016 1610 cohors
3047 1563 3235 1610 sancta
3266 1555 3572 1623 loqueretur.
3595 1557 3722 1611 Dein-

2197 1640 2289 1708 de,
2319 1641 2397 1696 sic
2427 1641 2836 1714 intelligendum
2865 1654 2953 1700 est
2975 1663 2991 1702 :
3016 1647 3139 1716 quia
3178 1646 3339 1701 ﬁnem
3364 1649 3597 1703 malorum
3625 1651 3724 1703 bea-

2195 1741 2280 1788 tus
2309 1736 2535 1803 populus
2562 1737 2874 1805 expetebat,
2904 1754 3061 1809 quem
3107 1740 3213 1795 nisi
3247 1751 3366 1810 post
3397 1742 3565 1796 mundi
3600 1741 3726 1796 istius

497 1844 619 1883 esse
651 1829 1058 1894 intellectualcs,
1089 1829 1141 1884 id
1167 1839 1247 1885 est
1271 1829 1472 1884 lumina
1496 1828 1676 1885 cordis
1700 1828 1846 1900 [mss.
1880 1829 1968 1897 A.,
1996 1827 2085 1896 B.,
2121 1824 2169 1884 B
2198 1823 2483 1878 lerminum
2517 1825 2703 1880 videre
2733 1841 2840 1881 non
2869 1836 3101 1896 poterat.

501 1918 807 1988 luminaria]
832 1921 1147 1986 intrinseca,
1175 1935 1294 1989 qua:
1319 1920 1545 1975 Domino
1569 1920 1865 1976 efﬁcaciter
1885 1919 2088 1988 suppli-

498 2023 621 2066 Cant
650 2021 700 2067 et
730 2013 1008 2068 silentiosa
1036 2012 1265 2084 quodam
1289 2028 1542 2069 sermone
1571 1997 1925 2082 proclamant.
1955 2013 2089 2066 Ocu-

505 2107 582 2157 los
609 2103 809 2174 aliquid
839 2104 1026 2170 dicere,
1071 2119 1176 2159 non
1207 2113 1290 2160 est
1319 2104 1622 2160 communis
1651 2113 1742 2158 aut
1771 2104 1964 2159 usitata
2006 2105 2090 2159 lo-

498 2197 669 2260 cutio;
697 2195 792 2250 sed
823 2195 984 2250 istum
1009 2196 1416 2266 compositionis
1443 2196 1662 2250 modum
1691 2196 1985 2265 Scriptura:
2009 2195 2090 2250 di-

498 2288 635 2339 vinae
667 2301 891 2341 necesse
922 2294 1006 2341 est
1029 2295 1087 2340 ut
1115 2289 1389 2356 proprium
1437 2302 1555 2341 esse
1585 2286 1867 2341 fateamur.
1907 2286 1970 2340 Et
2000 2301 2090 2341 re-

499 2379 646 2442 spice
675 2377 780 2431 vim
810 2377 1069 2448 syllabte:
1099 2375 1164 2430 In
1184 2376 1387 2446 eloquio
1428 2378 1586 2445 dixit,
1620 2392 1726 2432 non
1755 2378 1823 2432 ab
1850 2378 2086 2446 eloquio.

501 2469 730 2536 Deﬁcere
762 2468 905 2524 enim
945 2469 1012 2523 ab
1041 2469 1258 2540 eloquio
1289 2469 1520 2532 Domini,
1545 2469 1708 2525 totius
1739 2471 1866 2525 boni
1902 2485 2089 2526 revera

501 2561 725 2626 privatio
756 2568 871 2627 est;
907 2576 1029 2616 nam
1073 2562 1126 2615 in
1169 2562 1372 2629 eloquio
1418 2563 1538 2631 ejus
1583 2562 1824 2631 deﬁcere,
1877 2577 2092 2633 semper

500 2667 696 2722 augere
717 2661 818 2707 est.
852 2651 1060 2707 Tandiu
1087 2652 1229 2707 enim
1259 2668 1318 2708 se
1347 2653 1479 2708 dicit
1505 2652 1776 2709 defectum
1812 2656 1972 2709 istum
2005 2649 2092 2709 ro-

501 2743 870 2802 bustissimum
906 2745 1216 2815 pertulisse,
1249 2745 1423 2801 donec
1455 2755 1765 2816 exspectata
1792 2748 2093 2803 incarnatio

503 2839 711 2892 homini
743 2839 922 2893 cordis
952 2839 1260 2909 aspectibus
1291 2847 1599 2911 appareret.
1635 2839 1786 2895 Unde
1815 2841 2094 2895 evidenter

501 2927 837 2998 agnoscimus
868 2928 1045 3001 justos
1089 2929 1260 2997 viros,
1305 2929 1409 2986 etsi
1446 2930 1754 2986 carnalibus
1785 2931 1958 2986 oculis
1998 2931 2094 2986 ad-

501 3031 719 3078 ventum
755 3024 967 3079 Domini
1020 3040 1128 3079 non
1174 3022 1434 3090 viderint,
1481 3025 1602 3078 ﬁdei
1651 3024 1852 3096 lumine
1901 3025 1969 3078 ab
2013 3024 2094 3079 eis

505 3129 716 3183 semper
747 3115 1026 3179 intuitum;
1073 3115 1211 3169 sicut
1259 3123 1313 3170 et
1363 3114 1477 3184 ipse
1523 3114 1783 3170 Dominus
1811 3115 2092 3185 discipulis

2265 1912 2417 1970 Vers.
2451 1914 2538 1969 85.
2568 1916 2923 1972 Narraverunt
2947 1918 3072 1972 mihi
3100 1919 3270 1987 iniqui
3301 1918 3647 1990 fabulationes,
3666 1920 3732 1972 sed

2191 2021 2296 2059 non
2325 2015 2379 2060 ut
2407 2005 2493 2062 lea:
2522 2017 2632 2073 tua,
2660 2009 2879 2064 Domine
2902 2009 3145 2082 [Domine
3181 2011 3335 2067 abest
3359 2027 3386 2064 a
3418 2027 3539 2066 mss.
3567 2012 3642 2074 A.,
3665 2011 3730 2074 B.,

2192 2096 2301 2170 F.].
2327 2096 2504 2170 Iniqui
2533 2110 2661 2157 sunt
2682 2102 2961 2158 evidenter
2989 2105 3265 2170 lueretici,
3300 2104 3385 2158 vel
3425 2103 3606 2168 Judaei,
3633 2118 3739 2171 quo-

2192 2205 2310 2245 rum
2345 2205 2595 2258 perversa
2620 2192 2918 2264 loquacitas
2947 2195 3134 2249 nescio
3169 2208 3304 2264 quas
3342 2194 3442 2249 sibi
3469 2209 3661 2248 narrare
3683 2195 3738 2245 vi-

2195 2283 2357 2339 detur
2389 2283 2636 2353 ineptias,
2685 2285 2904 2356 quando
2934 2286 3123 2341 relicto
3176 2287 3370 2343 ordine
3397 2287 3618 2342 veritatis
3641 2327 3653 2351 ,
3678 2286 3741 2339 in-

2194 2377 2547 2432 ventionibus
2571 2377 2870 2448 probantur
2897 2378 3115 2432 studere
3150 2378 3480 2436 falsissimis.
3509 2377 3620 2432 llzec
3643 2386 3742 2430 sunt

2195 2481 2224 2520 a
2254 2467 2372 2537 lege
2402 2467 2612 2523 Domini
2645 2469 2867 2522 omnino
2905 2468 3307 2536 discrepantia,
3339 2467 3547 2538 quando
3570 2468 3649 2521 illa
3672 2481 3747 2518 vc—

2196 2560 2409 2614 ritatem
2457 2559 2688 2625 docent,
2721 2561 2810 2615 isti
2843 2561 3087 2615 nituntur
3139 2561 3381 2617 suadere
3422 2560 3654 2614 fallacias.
3682 2557 3748 2609 ln-

2195 2651 2444 2720 telligite,
2476 2651 2781 2716 dementes,
2812 2653 2903 2722 qui
2935 2668 2964 2706 a
2993 2653 3234 2710 veritate
3267 2653 3529 2709 catholica
3557 2648 3750 2706 discedi~

2201 2742 2293 2806 tis,
2328 2741 2578 2810 dogmata
2614 2751 2794 2797 vestra
2825 2743 3075 2799 inanibus
3101 2745 3314 2801 fabulis
3340 2751 3654 2814 comparata.
3681 2737 3754 2794 Cui

2197 2846 2293 2886 vos
2321 2833 2534 2901 placere
2565 2832 2693 2904 [ed.,
2716 2834 3082 2906 complacere]
3103 2836 3367 2904 creditis,
3391 2851 3512 2892 cum
3543 2851 3570 2889 a
3591 2832 3760 2902 Spiritu

2197 2931 2386 2978 sancto
2413 2931 2634 2979 notatos
2664 2938 2761 2979 vos
2786 2924 2879 2979 tali
2909 2927 3131 2981 nomine
3161 2927 3453 2982 sentiatis?

2269 3015 2424 3072 Vers.
2450 3015 2538 3073 86.
2577 3016 2764 3071 Omnia
2793 3019 3038 3072 mandata
3066 3030 3166 3074 tua
3197 3021 3435 3086 veritas]:
3466 3017 3613 3089 iniqui
3631 3030 3764 3088 perte

2199 3107 2303 3160 cuti
2328 3116 2447 3163 sunt
2473 3125 2573 3176 me,
2603 3110 2796 3181 adjuua
2826 3125 2922 3164 me.
2955 3109 3166 3166 Contra
3203 3111 3342 3166 illud
3369 3110 3512 3181 quod
3541 3110 3602 3162 de
3631 3109 3769 3160 hazrc-

501 3207 612 3260 suis
641 3207 691 3259 in
735 3206 1026 3276 Evangelio
1058 3206 1188 3261 dicit
1217 3225 1228 3259 :
1258 3206 1519 3260 Abraham
1541 3208 1730 3276 cupivit
1759 3207 1931 3262 videre
1957 3208 2092 3261 diem
2120 3202 2167 3266 C
2203 3201 2322 3258 ticis
2344 3202 2481 3258 dixit
2516 3220 2529 3255 :
2565 3202 2922 3257 Narraverunt
2945 3203 3071 3255 mihi
3092 3203 3276 3276 iniqui
3320 3203 3680 3274 fabulationes;
3705 3197 3772 3251 hic

504 3312 694 3359 meum,
716 3297 861 3363 vidit,
884 3307 930 3350 et
955 3299 1158 3367 gavisus
1183 3307 1257 3352 est
1283 3296 1462 3367 (Joan.
1489 3313 1604 3363 VIII,
1631 3297 1743 3369 56).

581 3386 736 3442 Vers.
774 3391 863 3444 85.
893 3388 1031 3456 Quia
1056 3390 1225 3457 factus
1253 3404 1363 3443 sum
1387 3391 1515 3444 sicut
1541 3400 1652 3445 uter
1678 3392 1732 3444 in
1759 3392 1947 3460 pruina
1975 3408 1995 3445 :
2009 3395 2100 3463 ju-

505 3480 835 3547 stﬁcatioues
866 3489 980 3535 tuas
1021 3498 1122 3536 non
1148 3499 1262 3537 sum
1306 3483 1514 3538 oblitus.
1546 3485 1804 3551 Quoniam
1837 3486 2095 3552 superius

505 3589 566 3625 se
591 3574 850 3642 petiverat
879 3574 1303 3641 consolandum;
1349 3591 1493 3631 nunc
1535 3591 1753 3632 causam
1795 3577 1972 3633 reddit
2002 3594 2099 3633 cur

506 3665 611 3716 illis
643 3663 898 3718 Dominus
921 3664 1113 3720 debeat
1135 3666 1443 3722 subvenire.
1479 3666 1604 3722 Uter
1627 3669 1679 3720 in
1704 3669 1890 3734 pruina
1919 3670 2100 3725 nativo

506 3755 685 3810 calore
713 3755 983 3824 desertus,
1023 3757 1236 3827 glaciali
1268 3759 1444 3827 rigore
1483 3761 1839 3825 contrahitur,
1867 3761 1945 3816 sic
1972 3776 2098 3816 cor-

507 3861 605 3914 [us
631 3857 940 3903 sanctorum
969 3849 1242 3906 incentivo
1275 3851 1526 3906 vitiorum
1574 3854 1754 3908 calore
1782 3863 2097 3921 vacuatum,

507 3939 772 3995 beneﬁcio
802 3942 1173 3997 conversionis
1202 3944 1520 4010 attrahitur;
1569 3954 1776 4001 etcum
1817 3948 1895 4002 sic
1933 3947 2098 4003 fuerit

507 4029 648 4086 felici
692 4043 840 4088 sorte
871 4042 1223 4101 maceratum,
1267 4037 1524 4104 provenit
1559 4038 1700 4105 quod
1747 4040 2008 4106 sequitur,
2043 4045 2101 4092 ut

507 4122 901 4194 iustiﬁcationes
967 4125 1182 4182 Domini
1254 4128 1425 4197 possit
1477 4129 1785 4185 nullatenus
1845 4129 2095 4184 oblivisci.

512 4212 637 4268 Uter
664 4216 808 4270 enim
851 4231 1047 4286 corpus
1091 4219 1317 4273 mortale
1357 4219 1639 4289 signiﬁcat,
1675 4221 1864 4289 pruina
1890 4220 2098 4276 beneﬁ-

509 4306 648 4359 cium
681 4305 840 4377 411
873 4309 1246 4363 conversionis
1278 4309 1423 4382 [mss.
1457 4310 1542 4376 A.,
1570 4310 1657 4375 B.,
1685 4309 1776 4375 F.,
1804 4325 2096 4366 conversa-

512 4394 698 4466 tionis]
722 4398 978 4464 oswodit,
1013 4414 1109 4469 per
1130 4415 1288 4470 quam
1319 4402 1524 4467 evenit,
1566 4411 1622 4456 ut
1648 4416 1776 4457 caro
1804 4413 1988 4458 nostra
2017 4403 2098 4457 la-

509 4489 744 4544 sciviens
775 4489 1070 4546 afﬂictione
1111 4495 1442 4561 ptenitentite
1469 4496 1835 4550 contrahatur.
1868 4496 2096 4552 Tantum

2203 3296 2491 3366 proﬁtetur
2513 3297 2685 3350 omnia
2711 3298 2960 3350 mandata
2990 3297 3216 3354 Domini
3249 3314 3380 3355 esse
3412 3299 3672 3352 veritatem.
3699 3293 3776 3345 Ve-

2205 3389 2333 3441 ritas
2360 3389 2502 3443 enim
2533 3403 2719 3443 verum
2754 3388 2990 3456 loquitur
3016 3405 3030 3453 ;
3063 3390 3168 3445 sed
3207 3389 3404 3459 perﬁdi
3435 3403 3551 3443 eam
3579 3385 3769 3454 quibus-

2201 3478 2322 3534 dam
2346 3479 2555 3535 nebulis
2572 3480 2848 3536 obemcare
2869 3479 3244 3535 contendunt.
3263 3480 3526 3550 Sequitur
3539 3477 3692 3542 enim,
3713 3475 3782 3525 ini-

2199 3573 2290 3644 qui
2309 3574 2558 3644 persecuti
2585 3583 2700 3627 sum
2728 3589 2826 3640 me,
2861 3573 3072 3627 scilicet
3088 3572 3359 3642 jubendo
3393 3585 3658 3642 perversa,
3679 3566 3782 3620 falsa

2202 3663 2481 3718 suadendo
2503 3707 2518 3731 ,
2551 3673 2606 3719 et
2633 3679 2957 3733 quocunque
2985 3666 3159 3719 modo
3195 3663 3643 3736 persequentium
3670 3673 3787 3728 gras-

2201 3756 2311 3809 sari
2341 3757 2479 3810 solet
2507 3756 2780 3825 iniquitas.
2817 3757 3064 3826 Adjecit,
3119 3759 3334 3830 adjuva
3369 3775 3482 3822 me,
3516 3754 3661 3827 quasi
3685 3764 3785 3806 con-

2204 3855 2282 3898 tra
2318 3844 2608 3899 immanem
2635 3847 2894 3910 belluam,
2926 3847 3146 3900 hosmm
3187 3847 3676 3908 crudelissimum,
3703 3841 3793 3895 leo-

2203 3953 2325 3993 nem
2357 3952 2579 4005 sazvum,
2609 3949 2663 3994 et
2694 3947 2892 3994 caetera
2924 3955 3045 4010 qua:
3078 3955 3195 3996 nos
3245 3941 3432 3996 vitare
3461 3936 3686 4008 suspicio
3707 3933 3792 3987 for-

2203 4029 2470 4084 midolosa
2492 4031 2791 4099 compellit.

2266 4121 2421 4177 Vers.
2441 4123 2531 4177 87.
2558 4123 2725 4176 Paulo
2742 4122 2910 4178 minus
2933 4133 3456 4180 consummaverunt
3485 4140 3562 4176 me
3582 4122 3633 4174 iu
3652 4125 3795 4171 terra:

2202 4230 2295 4284 ego
2317 4223 2484 4269 autem
2507 4230 2608 4268 non
2637 4215 2887 4285 dereliqui
2913 4217 3175 4271 mandata
3205 4227 3321 4271 tua.
3348 4217 3490 4272 Cum
3519 4213 3670 4269 dicit:
3692 4208 3801 4262 Pati-

2205 4303 2256 4356 lo
2275 4306 2442 4358 minus
2475 4315 2952 4359 consummaverunt
2972 4323 3069 4372 me,
3094 4316 3158 4363 et.
3193 4311 3553 4364 nimietatem
3583 4312 3800 4374 persecu—

2204 4395 2364 4450 tionis
2395 4376 2660 4462 ostcn’dit,
2706 4405 2759 4450 et
2807 4413 2866 4451 se
2897 4408 3076 4452 tamen
3137 4412 3259 4453 non
3307 4398 3589 4454 deiecisse
3631 4385 3806 4448 Domini

2206 4503 2430 4544 munere
2460 4489 2773 4544 declaravit.
2814 4490 3053 4545 Verbum
3087 4502 3294 4547 autem
3332 4488 3806 4545 consummaverunt.

512 4581 656 4634 enim
686 4583 883 4637 crescit
909 4583 1054 4638 calor
1084 4584 1232 4651 ﬁdei,
1261 4597 1516 4655 quantum
1546 4587 1614 4642 de
1642 4587 1855 4642 flamina
1890 4589 2103 4644 subtra-
2136 4597 2180 4654 [)
2205 4589 2260 4634 θι
2289 4581 2675 4650 [lcl'leClionem
2703 4581 2968 4650 signiﬁcat
2997 4590 3055 4636 el
3084 4581 3396 4638 defectum
3421 4601 3438 4648 ',
3470 4590 3530 4638 ul
3558 4580 3602 4635 si
3627 4577 3724 4631 Vim
3748 4566 3810 4624 νεῖ

511 4684 654 4728 ctum
687 4674 843 4730 fuerit
892 4677 1182 4746 corporali.
1215 4678 1322 4734 Sed
1370 4689 1482 4733 uter
1530 4679 1631 4735 iste
1670 4679 1949 4736 beatorum
1990 4693 2096 4751 est,

512 4769 602 4837 qui
633 4768 865 4821 animam
899 4770 1245 4826 conﬁtentem
1278 4771 1345 4830 de
1376 4773 1588 4843 propria
1617 4773 1743 4828 facit
1771 4775 2099 4830 contritione

513 4859 792 4928 proficere.
849 4860 958 4915 Nec
1000 4862 1238 4916 mstimes
1288 4863 1605 4918 indeCorum
1657 4864 1806 4918 vivos
1852 4863 2100 4919 homines

513 4949 709 5003 utribus
747 4962 1108 5021 comparatos,
1138 4967 1257 5008 cum
1293 4953 1550 5008 Dominus
1597 4955 1648 5008 in
1694 4955 1982 5025 Evangelia
2013 4955 2098 5009 di-

512 5051 600 5095 cat
625 5041 691 5095 de
724 5042 1105 5110 praedicatione
1142 5044 1262 5099 lidei
1307 5044 1618 5100 locuturus:
1649 5044 1818 5100 Nemo
1855 5047 2005 5099 mittit
2030 5047 2106 5100 ui-

514 5152 633 5189 num
663 5152 843 5189 norum
867 5137 920 5190 in
951 5147 1086 5192 utres
1113 5149 1322 5202 veteres,
1349 5140 1579 5208 alioquin
1602 5151 1914 5209 rumpuntur
1941 5150 2099 5207 utres,

514 5239 562 5279 et
588 5229 760 5282 vinum
791 5229 1096 5298 effunditur,
1129 5243 1174 5287 et
1217 5242 1354 5287 utres
1387 5233 1656 5298 peribunt;
1692 5235 1782 5286 sed
1807 5235 1977 5286 vinum
2006 5251 2102 5288 no-

514 5335 630 5372 rum
667 5321 719 5374 in
763 5329 898 5377 utres
947 5338 1101 5377 novos
1143 5325 1369 5388 mittunt,
1405 5332 1449 5376 et
1480 5325 1626 5377 ambo
1673 5319 2103 5379 conservabuutur

515 5408 732 5477 (Matth.
761 5427 833 5477 Ix,
865 5411 973 5479 Π).

589 5501 745 5558 Vers.
771 5502 860 5558 84.
892 5504 1024 5568 Quot
1056 5516 1172 5559 sunt
1201 5507 1309 5560 dies
1329 5507 1457 5560 servi
1485 5508 1558 5560 tui
1595 5506 1729 5580 [ed.,
1767 5525 1910 5563 serra
1942 5507 2048 5579 tuo]
2084 5524 2098 5562 :

516 5593 721 5661 quando
749 5593 905 5661 facies
934 5595 996 5648 de
1025 5595 1434 5665 persequentibus
1471 5613 1550 5650 me
1570 5597 1867 5667 judicium?
1908 5598 2100 5651 Sciens

518 5689 824 5734 sanctorum
853 5692 1026 5739 cmtus
1065 5701 1236 5754 usque
1262 5684 1328 5739 ad
1357 5685 1516 5740 ﬁnem
1550 5687 1732 5741 saeculi
1775 5685 2100 5740 teutatioui-

526 5774 619 5822 Irus
644 5771 925 5828 diabolicis
953 5780 1194 5832 membra
1226 5777 1432 5833 Domini
1464 5777 1764 5855 sulijaccre,
1795 5779 2095 5846 interrogat

2208 4673 2495 4744 diligenter
2541 4673 2791 4728 intendas
2817 4713 2833 4740 ,
2882 4674 3050 4743 magis
3081 4687 3196 4728 eos
3231 4675 3526 4744 perfectos
3566 4670 3719 4725 fuisse
3740 4676 3812 4716 εο-

2207 4782 2454 4836 gnosces,
2486 4767 2626 4821 sicut
2657 4767 2999 4835 Evangelinm
3042 4766 3237 4822 dicit:
3279 4767 3716 4822 Consummatum
3738 4766 3812 4817 est.

2207 4859 2260 4913 id
2293 4869 2375 4912 est
2406 4861 2698 4928 perfectum
2741 4870 2858 4915 est:
2898 4859 2960 4913 Et
2991 4860 3108 4914 Iure
3143 4863 3370 4927 dicens,
3405 4862 3580 4916 emisit
3609 4857 3816 4929 spiritum

2209 4953 2385 5027 (Joan.
2421 4971 2530 5020 xxx,
2562 4954 2676 5020 59).
2705 4954 2760 5010 Si
2793 4968 2921 5009 vero
2951 4963 3183 5024 strages
3211 4956 3591 5012 morientium
3622 4949 3818 5018 cogites.

2207 5060 2344 5114 pene
2385 5055 2759 5100 consummatos
2811 5043 3360 5103 immisericorditer
3411 5041 3726 5100 astimabis.
3770 5034 3822 5087 In

2206 5144 2358 5201 terra,
2395 5138 2444 5189 in
2480 5137 2579 5191 lioc
2606 5137 2824 5200 smculo,
2851 5133 2938 5189 ubi
2971 5146 3275 5206 martyres
3337 5136 3710 5210 pertulerunt.
3735 5125 3823 5182 Ad-

2207 5226 2376 5294 didit,
2410 5243 2501 5297 ego
2531 5237 2699 5281 autem
2747 5243 2846 5280 non
2887 5227 3158 5297 dereliqui
3193 5233 3473 5283 ntandata
3498 5240 3623 5290 tua;
3651 5221 3827 5279 sciliCCl

2209 5327 2267 5372 ut
2296 5334 2464 5389 usque
2490 5320 2555 5373 ad
2590 5321 2751 5373 linem
2791 5318 2906 5388 ejus
2953 5320 3293 5376 constantia
3328 5318 3688 5393 perveniret,
3713 5310 3830 5366 sient

2212 5411 2403 5481 legitur
2435 5428 2447 5462 :
2481 5412 2582 5476 Qui
2606 5412 2993 5480 perseveraverit
3019 5426 3210 5481 usque
3239 5415 3300 5467 in
3333 5415 3501 5482 ﬁnem
3527 5453 3543 5478 ,
3576 5412 3660 5464 hic
3686 5403 3832 5459 solum

2210 5503 2304 5556 erit
2336 5501 2552 5573 (Matth.
2583 5517 2639 5565 Χ,
2665 5502 2779 5573 22).

2290 5592 2440 5646 Vers.
2484 5592 2574 5647 88.
2623 5591 2919 5647 Secundum
2962 5590 3418 5649 misericordiam
3468 5605 3614 5648 tuam
3659 5585 3841 5654 uiriﬁm

2213 5701 2312 5748 me,
2340 5695 2384 5738 et
2408 5683 2697 5739 custodiam
2735 5683 3016 5738 testimonia
3051 5686 3178 5738 oris
3215 5687 3325 5740 tui.
3364 5687 3502 5742 Post
3527 5677 3836 5739 desiderium

2212 5776 2486 5848 singulare
2511 5775 2722 5832 Domini
2747 5773 3038 5834 Salvatoris
3066 5815 3084 5842 ,
3131 5788 3274 5849 post
3331 5779 3697 5834 afﬁictioncm
3735 5781 3834 5823 cor-
