3966 6172
210 291 309 344 8ὕό

1118 239 1476 340 EXl‘OSiTlJ
1516 283 1577 335 LV
1622 280 1927 336 ΡΞΑιΧΕιι
1963 279 2078 333 liii.
2121 277 2310 333 PSAL.
2353 277 2582 331 CXVill.

3396 279 3494 333 866

209 403 351 473 poris
395 400 533 455 utris
585 399 934 454 similitudine
981 398 1346 465 declaratum;
1399 406 1518 467 post
1570 396 1809 465 gloriosa
1846 399 1888 456 Α
1921 392 2175 447 szcculnm
2208 393 2259 445 iu
2290 392 2644 459 patriarchis,
2693 405 2788 443 nec
2838 390 3130 445 secundum
3165 392 3214 444 in
3245 391 3504 460 apostolis

208 492 464 564 supplicia
492 492 796 558 passionum
827 492 1037 545 videtur
1060 501 1244 558 petere
1273 507 1331 544 se
1362 489 1650 552 vivificari,
1684 496 1802 539 tan-

210 602 362 658 quam
391 583 566 637 adhuc
598 597 702 638 non
729 584 904 646 vivat;
937 592 983 636 et
1012 583 1393 637 custodituru'm
1425 596 1484 636 se
1515 582 1808 634 testimonia

207 681 307 732 aris
338 676 551 731 Domini
585 675 901 744 pollicetur,
957 675 1103 729 velut
1146 674 1320 728 adhuc
1369 688 1473 726 non
1519 671 1804 727 custodiat.

206 771 305 825 Sed
335 769 536 834 viuiﬁca
563 782 639 818 nte
667 766 821 831 divit,
849 766 900 818 in
927 765 1017 818 illa
1042 780 1126 818 me
1149 775 1349 819 aeterna
1374 765 1478 817 vita
1505 763 1796 824 constitue,

206 861 294 914 ubi
328 861 531 913 sanctis
557 858 663 912 vita
692 867 793 921 est,
826 858 950 926 quia
983 856 1126 910 nu'la
1161 856 1547 909 contrarietate
1581 854 1799 922 pul-an-

208 966 313 1010 tur.
351 951 505 1018 Quod
530 962 706 1006 autem
736 951 890 1015 dixit,
925 950 1208 1003 custodian
1239 947 1524 1000 testimonia
1557 948 1661 1000 oris
1695 947 1808 1010 tui;

208 1063 310 1100 non
343 1047 468 1115 quia
503 1044 554 1098 iu
582 1021 834 1112 prmsenti
869 1057 970 1095 nea
1001 1040 1373 1103 custodiebat,
1417 1039 1510 1092 sed
1539 1054 1708 1107 usque
1736 1038 1803 1091 ad

207 1139 370 1191 tinem
401 1135 527 1188 vita:
572 1148 683 1187 sua:
724 1132 1013 1200 adjuvante
1062 1131 1290 1185 Domino
1319 1131 1712 1183 eustoditurum
1743 1145 1804 1184 se

209 1231 337 1282 talia
363 1244 440 1298 pr.
468 1227 731 1281 mittebat.
760 1225 907 1290 Sive,
941 1235 996 1277 ut
1025 1224 1340 1290 quihusdam
1376 1223 1568 1291 placet,
1597 1233 1808 1276 sancto-

210 1340 324 1381 rum
353 1339 458 1377 vox
493 1321 687 1390 estqui
719 1321 1037 1391 martyrium
1085 1316 1501 1383 desiderabant,
1527 1319 1616 1384 qui
1651 1317 1809 1385 paulo

210 1429 328 1473 ante
359 1418 615 1471 dixerunt
647 1433 658 1468 :
700 1414 870 1481 Iniqui
895 1417 1148 1481 persecuti
1173 1425 1290 1466 sttnt
1331 1430 1428 1477 me,
1462 1412 1654 1483 udjuea
1688 1427 1808 1472 me;

211 1512 456 1581 sequitur
503 1511 664 1562 etiant
695 1551 707 1570 ,
756 1511 908 1577 paulo
935 1509 1104 1560 minus
1137 1513 1613 1560 contunmuwerunt
1637 1520 1726 1556 .me
1758 1503 1811 1554 in

215 1615 392 1666 terra;
425 1601 655 1668 ideoque
684 1599 748 1651 ad
765 1597 1087 1654 desiderium
1118 1597 1364 1666 martyrii
1395 1595 1662 1648 :rstitnant
1688 1609 1812 1648 esse

139 1749 141 1751 ,
216 1691 587 1746 referendum.
643 1690 742 1758 Ipsi
777 1689 920 1743 enim
964 1687 1210 1756 riviﬁcari
1243 1701 1303 1740 se
1349 1692 1599 1754 petebant
1638 1694 1811 1738 morte

216 1782 474 1852 gloriosa,
506 1791 561 1833 ut
586 1778 881 1832 amittendo
922 1793 1017 1847 pro
1059 1777 1164 1831 ﬁde
1195 1776 1330 1831 hanc
1360 1777 1519 1830 vitam
1552 1816 1566 1839 ,
1601 1789 1811 1829 merca-
1848 1784 1888 1841 Β

220 1885 410 1929 rentur
441 1872 684 1940 requiem
734 1871 1152 1940 sempiternam;
1185 1878 1239 1923 et
1287 1880 1408 1923 lllllC
1455 1869 1629 1935 potius
1667 1867 1811 1921 acci-

221 1976 414 2035 perent
444 1966 681 2018 honores
708 1973 938 2018 alternas
961 2004 976 2028 ,
1008 1978 1128 2017 cum
1160 1977 1253 2017 eos
1287 1963 1473 2030 pertiti
1513 1961 1813 2016 credebant

218 2073 336 2111 esse
364 2065 743 2122 consumptos.
796 2053 1160 2108 Considerans
1211 2065 1385 2108 tamen
1421 2053 1814 2108 imbecillitates

219 2148 510 2211 humanas,
537 2147 677 2199 istud
711 2146 838 2201 dicit
862 2150 1143 2200 secundum
1167 2146 1574 2198 iniserimrdiam
1607 2145 1812 2198 Dotnini

221 2239 596 2298 tribuendum,
627 2239 714 2304 qui
746 2247 957 2292 mortua
983 2236 1217 2292 viviﬁcat
1237 2278 1250 2302 ,
1297 2247 1351 2291 et
1392 2237 1660 2292 imbecilla
1688 2251 1818 2290 con-

221 2333 425 2386 ﬁrmat.

290 2423 450 2476 Vers.
488 2421 728 2476 89—xn.
762 2420 969 2475 Lauso.
1004 2418 1068 2473 In
1095 2430 1380 2487 wternum,
1417 2419 1635 2474 Domine
1657 2463 1671 2488 ,
1697 2437 1818 2475 ver-

222 2516 334 2566 bum
362 2524 514 2564 latim
541 2521 800 2580 permanet
830 2513 882 2564 in
911 2511 1054 2564 emta.
1082 2511 1158 2564 Ad
1185 2512 1558 2566 duodecimam
1589 2513 1818 2566 litteram

222 2612 374 2680 plebs
398 2609 643 2664 caelestis
666 2609 902 2673 advenit,
927 2611 978 2662 in
1002 2624 1104 2678 qua
1130 2609 1377 2662 virtutem
1413 2609 1624 2662 Domini
1658 2606 1818 2660 lacta-

222 2703 694 2772 qzte-describens,
737 2702 868 2756 dicit
911 2703 1090 2754 omnia
1126 2701 1442 2767 temporalia
1471 2701 1629 2753 tinent
1657 2713 1820 2770 posse

222 2796 538 2860 suscipere;
569 2794 815 2846 mandata
851 2808 974 2846 vero
1004 2792 1122 2860 ejus
1168 2807 1500 2861 nequaquam
1534 2791 1821 2844 terminum

223 2887 488 2950 reperire.
514 2884 619 2940 Sed
643 2885 890 2951 quoniam
916 2887 1162 2952 superius
1185 2884 1398 2938 dixerat
1423 2901 1434 2936 :
1471 2884 1640 2937 Paulo
1659 2884 1825 2937 minus

224 2985 706 3028 consummaverunt
746 2990 823 3027 me
871 2975 922 3026 in
954 2984 1089 3027 terra
1115 3018 1128 3039 ,
1178 2973 1473 3027 admiratus
1528 2975 1824 3042 potentiam

229 3065 463 3131 Domini,
502 3065 589 3134 qui
615 3081 723 3118 non
754 3066 1015 3132 permittit
1047 3074 1243 3118 statunt
1275 3063 1536 3119 Ecclesim
1583 3064 1826 3133 quamvis

225 3159 395 3214 atroci
431 3158 808 3227 persecutione
836 3158 1116 3222 consumi,
1149 3159 1236 3226 pia
1280 3159 1669 3212 exclamatione
1699 3172 1824 3226 pro-

225 3251 376 3303 siluit
406 3249 594 3303 dicens
624 3267 635 3301 :
667 3247 731 3301 In
763 3249 885 3302 ca’lo
915 3249 1122 3302 verbum
1163 3249 1370 3303 Domini
1403 3264 1701 3317 permanere
1728 3263 1746 3310 ;
1777 3248 1826 3300 id

224 3357 328 3408 est,
362 3345 420 3397 in
474 3359 793 3412 tmoquoque
847 3354 1034 3396 sancto
1059 3385 1074 3407 ,
1121 3357 1255 3406 (IIIOS
1287 3342 1358 3396 de
1381 3350 1554 3396 morte
1587 3342 1712 3394 facit
1755 3340 1828 3394 vi-

225 3451 377 3499 vere,
431 3446 488 3488 et
529 3435 595 3486 de
626 3433 973 3489 tribulatione
1003 3434 1269 3502 gaudere,
1300 3434 1388 3502 qui
1421 3434 1685 3486 mandatis
1714 3433 1830 3502 ejus

223 3533 306 3597 pia
335 3529 642 3582 humilitate
676 3527 1020 3580 iatttttlaniur.
1056 3529 1148 3581 Est
1177 3526 1320 3580 enim
1367 3527 1419 3580 in
1464 3525 1572 3579 illis
1604 3528 1786 3578 caelum
1814 3567 1826 3585 ,

225 3622 314 3688 qui
371 3635 434 3673 se
481 3620 894 3672 conversatione
948 3617 1158 3672 cmlesti
1211 3627 1438 3671 tractare
1493 3627 1826 3672 noscuntur:

224 3713 340 3765 sive
375 3712 430 3763 in
475 3709 679 3764 atuelis
705 3750 717 3771 ,
752 3718 805 3764 et
831 3710 1168 3780 archangelis
1195 3751 1210 3769 ,
1240 3710 1635 3778 virtutibusque
1667 3708 1833 3763 caele-

224 3804 444 3864 stibn5,
493 3815 627 3869 quas
674 3817 768 3867 pro
801 3801 1112 3855 sinceritate
1157 3802 1446 3855 voluntatis
1490 3816 1601 3854 sua:
1645 3814 1832 3855 sancta

225 3893 494 3960 maiestas
538 3891 820 3944 inhabitat.
853 3891 1030 3945 Manet
1068 3892 1208 3945 enim
1254 3892 1305 3945 in
1339 3892 1416 3946 eis
1461 3907 1674 3961 semper
1707 3891 1832 3945 l'er-

227 3983 388 4046 bum;
420 3983 675 4050 quoniam
705 3992 758 4036 et
800 3983 874 4036 illi
901 3983 1101 4053 jugulel‘
1129 3984 1180 4036 itt
1208 3983 1506 4037 tttinistcrio
1555 3983 1830 4040 dominico

226 4075 549 4126 firmissima
593 4073 985 4128 deliberatione
1016 4075 1336 4128 consistunt.
1375 4076 1568 4128 Verum
1605 4077 1690 4130 hic
1731 4078 1829 4131 ali-

223 4170 316 4236 qui
353 4169 675 4222 nonnullam
707 4168 908 4222 taciti-tt
932 4170 1316 4237 t]ll;t35tl0tlelll,
1353 4170 1829 4241 quemadmodum,

223 4260 292 4314 In
320 4273 578 4314 wternum
617 4260 837 4313 Verbum
861 4272 1156 4330 permaneat
1197 4263 1246 4314 in
1273 4262 1422 4321 (aio,
1453 4277 1574 4316 Cum
1607 4265 1722 4332 ip-e
1753 4263 1835 4317 di-

224 4364 313 4404 cat
345 4369 358 4406 :
393 4351 588 4404 Caelum
619 4363 664 4404 et
688 4363 820 4404 terra
847 4353 1139 4405 transibunt
1165 4397 1177 4416 ,
1212 4355 1365 4407 verba
1396 4364 1562 4408 autem
1596 4372 1705 4408 mea
1736 4373 1836 4409 non

223 4444 569 4513 prmeribuut
604 4443 754 4512 (Luc.
790 4459 904 4509 χχι,
937 4443 1051 4513 5'5).
1083 4444 1191 4499 Sed
1217 4446 1461 4514 quamvis
1489 4449 1586 4500 ista
1622 4458 1837 4501 muten-

224 4546 343 4599 tur,
373 4536 428 4587 in
461 4533 588 4587 ειειο
635 4544 895 4604 permanet
937 4535 1176 4598 verbum,
1213 4537 1334 4605 quia
1382 4538 1560 4590 omnia
1593 4538 1833 4593 cmlcstia
1865 4535 1914 4594 D
1941 4555 2103 4609 tiones
2134 4565 2310 4610 autem
2358 4565 2482 4610 sunt
2525 4556 2685 4627 (sicut
2711 4555 2820 4624 jam
2864 4573 3022 4624 supra
3065 4533 3278 4614 ﬁdit-tum
3310 4562 3413 4632 est)

225 4628 553 4696 dignatione
578 4643 689 4682 sure
720 4629 1020 4696 maiestatis
1053 4629 1342 4684 inhabitat.

304 4721 472 4776 Vers.
501 4722 588 4775 90.
625 4720 684 4772 In
726 4724 970 4774 sa’cnlum
1012 4724 1188 4776 διεσαΡὶ
1217 4724 1405 4776 veritas
1447 4733 1575 4776 tua:
1610 4724 1839 4794 [auidasti

227 4828 454 4879 terram,
482 4824 528 4867 et
558 4823 838 4882 permanet.
874 4814 936 4868 In
977 4815 1222 4869 swculum
1262 4817 1460 4881 simili,
1493 4825 1732 4884 tempora
1761 4818 1835 4872 si—

225 4906 466 4975 gniticat
495 4907 545 4959 in
588 4906 781 4974 quibus
823 4905 928 4960 duo
970 4906 1187 4976 populi,
1226 4907 1450 4962 Domino
1499 4917 1790 4976 praestante
1819 4948 1834 4974 ,

229 4996 625 5056 crediderunt;
661 5011 886 5063 quorum
918 5011 1054 5050 unus
1079 5005 1161 5051 est
1191 4997 1322 5066 legis
1347 4995 1838 5066 etprOphctarum,

1913 489 1992 537 Vel
2023 485 2249 538 credere
2273 484 2353 537 vel
2385 499 2684 552 permanere
2713 484 2995 548 potuisset.
3030 484 3159 537 Nam
3203 485 3247 536 si
3287 485 3388 536 hoc
3433 483 3500 536 ad

1919 580 2117 628 terram
2152 573 2358 627 referas
2390 573 2747 626 universaletn
2776 614 2789 636 ,
2821 589 2938 641 qua:
2971 573 3199 627 mirabili
3252 575 3394 627 mole
3424 574 3506 626 lo-

1914 667 2058 732 gitur
2097 679 2219 718 esse
2266 677 2527 728 susttcnsa
2552 703 2567 726 ,
2613 664 3063 733 quemadmmlum
3103 679 3221 719 eam
3263 664 3506 719 dicamus

1917 771 2260 824 permanere,
2293 770 2452 823 quam
2487 755 2793 808 mutandam
2830 767 2884 808 ιιι
2912 757 3107 810 uelum
3144 755 3300 810 leCIio
3323 757 3506 809 divina

1913 826 2238 880 conﬁrmat?

1985 896 2142 949 V'ers.
2179 897 2266 948 ‘Jl.
2306 895 2755 948 Ordinatiouetua
2787 909 3068 964 perseverat
3093 897 3229 961 dies,
3261 897 3506 966 quoniam

1916 985 2090 1038 omnia
2121 988 2346 1037 serviunt
2373 985 2479 1037 tibi.
2507 984 2731 1051 Quoties
2746 984 3006 1052 singulari
3033 1001 3255 1039 numero
3276 986 3382 1039 dies
3412 1002 3506 1054 po-

1914 1077 2076 1141 nitur,
2104 1084 2361 1130 venturus
2394 1077 2482 1130 ille
2503 1077 2858 1146 signiﬁcatur,
2885 1076 2970 1144 qui
2998 1093 3133 1130 nnus
3163 1092 3323 1145 atque
3347 1088 3506 1133 teter-

1915 1183 2015 1221 ttus
2045 1177 2128 1220 est
2156 1158 2209 1219 et
2239 1183 2343 1220 non
2372 1166 2533 1220 habet
2561 1177 2773 1220 noctem
2808 1184 2821 1220 :
2855 1167 2922 1221 de
2953 1185 3055 1235 quo
3083 1171 3342 1237 scriptum
3377 1181 3454 1225 est
3485 1188 3498 1225 :

1917 1261 1980 1316 Et
2003 1263 2095 1314 erit
2129 1261 2232 1314 illis
2282 1261 2535 1314 Dominus
2578 1260 2747 1313 lumen
2779 1270 3027 1314 teternum
3059 1261 3203 1331 (Isa.
3239 1280 3302 1318 ιι
3332 1305 3345 1325 ,
3384 1267 3505 1331 19).

1919 1355 1983 1407 Et.
2012 1370 2077 1406 ne
2107 1354 2226 1423 quis
2257 1353 2322 1406 de
2353 1361 2497 1406 tanto
2531 1353 2793 1406 miraculo
2819 1355 3059 1407 crederet
3101 1355 3508 1422 disputandum,

1913 1447 2119 1500 addidit.
2146 1445 2278 1515 [ειιη
2310 1444 2552 1514 adjecit],
2579 1445 2749 1497 onmia
2781 1446 2966 1499 servire
3003 1445 3268 1512 Creatori,
3295 1448 3384 1516 qui
3412 1463 3508 1515 pro

1915 1554 2006 1592 sua
2033 1537 2311 1590 voluntate
2341 1547 2393 1590 et
2423 1537 2738 1602 temporalia
2770 1548 2820 1589 et
2855 1545 3055 1590 aeterna
3099 1537 3360 1606 diSponit.
3403 1539 3509 1592 Po-

1923 1635 2025 1680 test
2057 1636 2232 1680 autem
2274 1625 2341 1679 de
2385 1625 2688 1678 infidelibus
2720 1627 2973 1679 nonnulla
3005 1629 3229 1696 qiuesti.»
3267 1629 3467 1683 oboriri
3493 1669 3508 1692 ,

1917 1721 2006 1789 qui
2035 1735 2136 1773 non
2167 1719 2410 1772 videntur
2439 1719 2624 1772 servire
2650 1718 2896 1784 Domino,
2931 1721 3146 1787 quando
3177 1724 3244 1774 ab
3270 1723 3385 1789 ejus
3416 1722 3509 1774 (ln-

1921 1812 2134 1866 votione
2157 1810 2372 1864 discreti
2404 1818 2546 1863 sunt.
2579 1808 2685 1862 Sed
2729 1819 2776 1863 et
2823 1809 2921 1878 ipsi
2951 1813 3178 1864 serviunt
3211 1827 3330 1866 cum
3361 1813 3508 1880 judi-

1915 1911 2141 1963 cantur;
2173 1917 2275 1955 nan
2301 1901 2442 1954 cnim
2468 1900 2600 1954 liber
2625 1901 2932 1964 dimittitur,
2960 1901 3045 1969 qui
3074 1885 3370 1968 puniendus
3391 1919 3510 1958 esse

1918 2004 2273 2048 monstratur.
2332 1993 2458 2046 Sive
2485 2032 2498 2054 ,
2542 1992 2712 2045 omnia
2739 2033 2754 2058 ,
2801 1992 3105 2061 intelligere
3151 1993 3408 2048 debemus
3445 1995 3512 2050 de

1917 2088 2107 2157 quibus
2132 2087 2474 2154 loquebatur,
2508 2075 2703 2154 quibus
2752 2086 2866 2140 dies
2897 2098 3186 2155 perpetuus
3218 2088 3354 2152 erit;
3389 2094 3510 2158 qua

1918 2179 2247 2233 inﬁdelitatis
2275 2177 2525 2231 tenebras
2555 2177 2696 2231 nullo
2727 2187 2969 2245 tempore
2999 2181 3291 2246 patiuntur.

1990 2273 2144 2327 Vers.
2173 2273 2262 2326 9‘2.
2299 2271 2417 2325 Nisi
2444 2273 2578 2341 quod
2609 2274 2690 2327 Ira:
2720 2284 2805 2327 tua
2833 2276 3095 2329 meditatio
3122 2294 3230 2328 mea
3274 2288 3366 2342 est,
3395 2289 3512 2333 tunc

1923 2371 2052 2436 forte
2083 2368 2347 2437 periissem
2380 2367 2431 2419 in
2465 2367 2752 2421 humilitate
2780 2385 2909 2421 mea.
2965 2369 3083 2423 Nisi
3133 2371 3388 2424 beneiiria
3439 2374 3512 2426 le.-

1929 2460 2068 2527 galis
2097 2457 2462 2511 meditationis
2494 2457 2654 2512 habui
2689 2467 2788 2523 set,
2827 2467 2880 2510 ut
2916 2460 3085 2526 pmnis
3133 2476 3236 2514 non
3267 2462 3502 2524 cederet,

1929 2560 1983 2604 ct
2014 2550 2365 2604 constantiam
2409 2549 2530 2602 ﬁdei
2562 2551 2917 2616 periculorum
2962 2550 3307 2620 despectioue
3334 2569 3508 2608 serm-

1926 2650 2025 2705 rct,
2054 2640 2194 2693 inter
2226 2640 2558 2693 calamitates
2588 2656 2723 2707 quas
2757 2657 3039 2710 perpessus
3065 2651 3148 2697 est
3172 2685 3186 2710 ,
3239 2648 3431 2700 asserit
3457 2662 3516 2701 se

1933 2731 2111 2800 pi'l‘il‘e
2144 2731 2414 2799 potuisse;
2451 2742 2506 2784 ut
2535 2733 2894 2801 intelligamus
2923 2743 3179 2803 quantum
3214 2737 3367 2791 nobis
3396 2754 3528 2806 przn-

1927 2831 2031 2877 stet
2065 2821 2330 2876 meditato
2375 2823 2520 2890 legis,
2561 2839 2681 2889 qum
2710 2825 2881 2891 potuit
2911 2839 2938 2877 a
2971 2835 3075 2876 tam
3115 2826 3419 2895 ingentibus
3451 2827 3518 2881 li-

1930 2912 2124 2967 berare
2159 2912 2432 2981 periculis.
2469 2912 2739 2966 Medi'alio
2769 2914 2965 2983 quippe
2997 2915 3122 2986 legis
3152 2929 3235 2971 est
3277 2918 3368 2972 illa
3399 2932 3518 2986 qua!

1931 3004 2185 3072 prmcepit
2213 3004 2295 3056 vul
2327 3003 2582 3072 cogitare,
2620 3005 2698 3057 vel
2745 3005 2948 3069 facere;
2985 3016 3042 3058 ut
3072 3007 3337 3062 interiore
3373 3011 3518 3076 quasi

1931 3095 2238 3149 Consiliario
2270 3094 2413 3166 imas.
2441 3095 2530 3158 A.,
2574 3092 2659 3158 3.,
2691 3093 2781 3158 F.,
2807 3095 3186 3168 consolatorie]
3223 3100 3480 3152 l'ovmatus
3504 3141 3514 3159 ,

1851 3166 1895 3226 C
1930 3184 2204 3239 saevientia
2259 3192 2518 3238 tormenta
2553 3198 2810 3252 superare
2860 3186 3027 3252 possit
3078 3166 3399 3257 intrepidos.
3461 3189 3516 3240 In

1931 3273 2220 3326 humilitate
2247 3289 2374 3328 vero
2406 3289 2524 3336 sua,
2555 3273 2608 3326 itt
2638 3273 3021 3330 afﬂictionibus
3051 3277 3216 3342 dicit,
3276 3295 3408 3348 quas
3438 3283 3517 3350 pia

1937 3364 2244 3419 intentione
2276 3363 2524 3440 toleravit
2557 3380 2569 3416 :
2605 3378 2632 3417 a
2662 3365 2853 3432 quibus
2897 3380 2954 3420 se
2994 3367 3191 3435 gaudet
3239 3381 3479 3438 ert-ptum
3507 3413 3519 3437 ,

1934 3455 2149 3523 quando
2191 3454 2256 3508 ad
2308 3464 2550 3508 sanctum
2608 3457 2803 3508 meruit
2857 3458 3134 3524 pervenire
3189 3462 3524 3529 martyrium.

1937 3545 2221 3600 llumititas
2254 3546 2395 3600 enim
2434 3557 2485 3601 et
2518 3546 2840 3601 necessitate
2889 3547 3101 3602 subitur
3125 3590 3138 3614 ,
3172 3559 3225 3604 ct
3250 3551 3527 3606 voluntate

1938 3638 2266 3706 suscipitur;
2329 3637 2469 3690 illam
2529 3639 2796 3692 sustinent
2860 3639 3144 3695 criminum
3199 3641 3305 3708 rei;
3370 3644 3522 3698 istavn

1933 3739 2190 3784 exercent
2217 3729 2448 3796 puritate
2474 3730 2825 3785 sanctissimi.

2006 3820 2158 3874 Vcrs.
2193 3821 2277 3875 93.
2321 3819 2380 3873 In
2425 3832 2671 3874 a‘ternum
2723 3839 2820 3875 non
2869 3823 3139 3879 obliviscar
3179 3829 3523 3893 justi/iratio-

1947 3928 2034 3965 nes
2066 3921 2218 3978 tuas,
2267 3914 2388 3981 quia
2430 3913 2482 3965 in
2533 3913 2657 3982 ipsis
2702 3914 2971 3981 riri/icusti
3022 3933 3120 3969 me.
3175 3917 3524 3977 Devotionem

1943 4001 2208 4068 promittit
2261 4000 2503 4056 absolute
2537 4011 2656 4070 post
2684 4000 2864 4068 dona,
2915 4018 3033 4072 quae
3086 4005 3294 4061 Domini
3338 4011 3530 4064 meruit

1938 4095 2228 4163 impetrare
2257 4094 2561 4148 clementia.
2608 4095 2838 4148 Possunt
2869 4096 2969 4150 alia
3000 4100 3258 4154 memoria
3304 4101 3532 4160 fortasse.

1938 4184 2217 4250 decidere;
2273 4184 2594 4238 beneﬁt-ium
2637 4195 2813 4240 autem
2848 4188 3025 4243 nullus
3056 4191 3288 4246 tidelium
3339 4195 3522 4248 oblivi-

1940 4279 2132 4341 scitur,
2179 4277 2232 4330 in
2263 4292 2369 4346 quo
2413 4277 2520 4330 vita
2568 4288 2872 4346 prmstatur.
2918 4283 3256 4350 Quapropter
3308 4267 3556 4344 necesse‘

1943 4367 2111 4422 fuerat
2135 4369 2348 4422 illarum
2372 4370 2808 4440 justi/icationmn
2833 4385 3048 4441 semper
3069 4391 3190 4430 esse
3217 4393 3529 4447 memercm,

1941 4478 1971 4515 a
2001 4462 2196 4531 quibus
2228 4464 2386 4517 vitale
2431 4477 2623 4517 turmas
2655 4465 2893 4519 noscitur
2929 4467 3218 4534 arccpisse.
3265 4470 3523 4533 Just-'ﬁm-

3445 4582 3539 4633 per

1944 4647 2270 4714 temporales
2296 4661 2487 4702 causas
2518 4647 2826 4701 intellectus
2860 4646 3154 4703 futurarum
3186 4653 3532 4721 sigttiiicatio‘

1941 4754 2097 4802 num;
2142 4737 2281 4808 quod
2313 4738 2657 4793 occidebatur
2703 4753 2876 4808 agnus
2926 4740 3303 4794 innuaculatus
3349 4744 3402 4798 in
3436 4745 3531 4798 Pa.

1943 4828 2105 4891 scha;
2138 4827 2277 4895 quod
2312 4844 2457 4882 mare
2492 4829 2731 4884 Ilubrum
2763 4831 2866 4883 iter
2903 4831 3128 4896 pra-buit
3167 4833 3231 4884 ad
3277 4834 3534 4901 salutem;

1945 4917 2086 4986 quod
2113 4919 2335 4986 populus
2360 4929 2555 4973 terram
2587 4920 3022 4988 repromissionis
3049 4938 3143 4990 per
3169 4922 3352 4977 Jesum
3385 4925 3529 4980 Nave

1945 5008 2286 5063 intr.nuissus
2315 5012 2536 5077 accepit.
2571 5010 2695 5064 lltcc
2729 5011 2874 5065 enim
2908 5013 3088 5065 omnia
3137 5023 3376 5068 ventura)
3409 5031 3530 5084 per-

230 5091 385 5142 alius
418 5089 820 5158 evangeliorum
845 5098 900 5142 et
925 5091 1311 5160 apostolorum,
1335 5090 1384 5143 in
1409 5091 1602 5158 quibus
1624 5100 1706 5145 est
1744 5090 1844 5144 Vc—

228 5181 396 5244 ritas,
420 5180 470 5233 id
496 5188 579 5234 est
605 5181 720 5248 ipse
755 5181 1009 5236 Dominus
1033 5181 1295 5245 Christus,
1321 5184 1408 5252 qui
1439 5184 1516 5236 eis
1544 5191 1597 5237 et
1625 5183 1844 5238 donavit

227 5271 497 5337 credere,
519 5282 570 5325 et
605 5272 654 5324 in
681 5272 1029 5327 fundamento
1052 5273 1212 5344 412
1238 5274 1357 5327 ﬁdei
1383 5289 1716 5342 permanere.
1739 5274 1842 5330 Sed

229 5380 343 5416 cur
383 5364 499 5416 istis
533 5364 746 5416 sareulis
787 5365 973 5416 vetitas
1024 5380 1129 5417 non
1179 5363 1407 5419 defuerit
1455 5375 1846 5433 consequenter

229 5456 496 5522 exponit,
537 5453 658 5508 dice
684 5471 722 5508 :s
757 5474 766 5504 :
804 5453 1060 5508 Fundus-ti
1091 5465 1276 5508 terram
1310 5466 1355 5508 et
1390 5468 1670 5524 permanet.
1695 5459 1845 5525 Quod

233 5547 453 5602 tne'ius
481 5545 548 5600 de
575 5547 776 5599 sanctis
820 5546 1127 5600 hominibus
1149 5547 1305 5601 datur
1338 5546 1560 5617 intelligi
1589 5590 1603 5614 ,
1639 5549 1728 5617 qui
1769 5552 1848 5603 sic

231 5638 464 5706 fundati
503 5646 645 5702 sunt,
678 5647 732 5690 nt
764 5639 812 5691 in
844 5638 1041 5694 Christi
1101 5639 1307 5693 Domini
1356 5639 1676 5694 credulitate
1727 5657 1849 5710 per-

234 5740 551 5792 maneant;
579 5733 825 5797 quoniam
850 5732 893 5787 si
927 5731 1040 5794 ipse
1067 5748 1169 5786 non
1225 5729 1510 5801 fundasset,
1558 5749 1658 5789 nec
1697 5739 1846 5805 prTus

1948 5099 2164 5154 lectioni
2197 5109 2404 5153 constat
2445 5101 2638 5156 indicia
2683 5103 3015 5170 praestitisse.
3054 5103 3159 5157 llas
3186 5108 3530 5175 ergojustiﬁ-

1948 5193 2174 5248 rationes
2205 5210 2308 5247 non
2357 5193 2614 5248 debemus
2646 5196 2913 5249 ullatenus
2941 5195 3190 5258 oblivisci,
3223 5213 3341 5266 qua:
3374 5202 3533 5252 nobis

1951 5285 2072 5339 ﬁdei
2107 5285 2394 5354 primordia
2423 5287 2803 5354 praestiterunt.
2837 5285 3005 5340 Nemo
3032 5287 3178 5340 enim
3210 5298 3384 5354 potest
3418 5304 3533 5354 per-

1953 5378 2086 5434 fecte
2115 5380 2338 5448 gratiam
2361 5380 2667 5434 donationis
2698 5396 3008 5446 agnoscere.
3049 5383 3149 5435 nisi
3183 5391 3240 5437 et
3269 5383 3416 5439 initia
3451 5405 3526 5439 re-

1950 5482 2070 5520 rum
2094 5469 2420 5533 meminerit,
2447 5485 2541 5523 cur
2568 5470 2676 5524 visa
2708 5472 2813 5524 sint
2847 5472 3162 5526 inchoasse."
3523 5491 3546 5512 ο

2025 5557 2178 5612 Vers.
2226 5558 2312 5613 94.
2351 5559 2490 5616 Tuus
2518 5578 2626 5614 sum
2673 5578 2784 5633 ego,
2817 5562 3012 5616 solrum
3051 5579 3130 5617 me
3153 5569 3258 5637 [τις.
3289 5570 3533 5638 quoniam

1952 5646 2340 5716 iustiﬁcationes
2372 5662 2484 5708 tuas
2509 5656 2754 5724 exquisivi
2801 5654 2972 5724 (l’sal.
3010 5670 3160 5723 uin,
3191 5667 3264 5726 1).
3300 5660 3428 5714 Cttm
3463 5660 3530 5712 le-

1953 5749 2145 5806 gatur:
2180 5738 2390 5798 Domini
2411 5753 2484 5798 est
2512 5752 2649 5798 terra
2672 5787 2684 5809 ,
2728 5756 2774 5798 et
2802 5747 3068 5813 plenitudo
3097 5747 3233 5814 eius,
3271 5749 3406 5806 orbis
3439 5761 3532 5804 ter-
