3966 6172
505 239 606 296 867

1735 235 1798 288 ll.
1850 231 2125 288 ACRI‘IIJI
2167 231 2248 286 CA
2261 233 2567 293 SSIODORI

3611 257 3687 314 86}

499 373 697 422 rarum,
729 364 775 410 et
807 352 1024 407 universi
1049 352 1135 420 qni
1177 349 1409 402 habitant
1441 350 1490 402 in
1521 365 1602 414 eo,
1628 349 1826 403 chorus
1857 348 1959 404 iste
1999 364 2091 401 ne-
2122 353 2167 408 Α
2199 350 2305 402 suit
2327 353 2514 417 nimis,
2539 355 2744 409 scilicet
2771 356 3078 426 signiﬁcans
3101 356 3409 428 charitatem,
3431 381 3564 430 quam
3583 372 3695 429 circa

503 451 618 506 scio
647 463 750 518 qua
781 445 992 501 Domini
1027 443 1271 512 specialis
1300 443 1484 510 gratim
1508 441 1945 495 remuneratione
1970 456 2093 495 con-

503 546 696 607 ﬁdens,
729 541 802 595 ait
832 558 843 592 :
879 538 1019 591 Tuus
1045 552 1157 590 sum
1185 551 1295 606 ego.
1333 533 1474 587 Tuus
1513 533 1655 588 enim
1681 551 1818 598 sum,
1866 549 1972 588 non
2003 535 2093 589 ille

501 649 675 710 potest
699 651 824 690 vere
851 635 1052 695 dicere,
1083 631 1172 700 qui
1205 631 1380 696 aliqua
1427 644 1485 683 se
1531 628 1873 696 cognoscitur
1904 629 2092 683 obsce—

495 734 665 786 nitate
709 737 958 781 tractare.
1009 724 1270 778 \‘itiorum
1321 721 1516 790 quippe
1565 735 1759 774 servus
1803 721 2086 774 Dominum

492 839 604 879 non
637 830 870 876 meretur
893 819 1090 872 habere
1117 824 1449 869 sanctorum.
1474 813 1762 879 Apostolus
1785 815 1926 866 enim
1953 813 2084 867 Pau-

501 915 585 969 lus
624 929 729 968 non
775 911 1111 979 impudenter
1149 908 1276 980 [ms.
1330 905 1425 968 F.,
1463 905 1782 976 prudenter]
1816 905 1915 960 hac
1958 922 2086 959 voce

503 1006 674 1078 patuit
704 1005 801 1070 uti,
826 1003 915 1072 qui
944 1002 1211 1054 clamabat
1242 1017 1255 1052 :
1291 999 1420 1051 Mihi
1445 1000 1610 1051 vivere
1633 995 1866 1051 Christus
1908 1008 2001 1060 est,
2037 1009 2084 1052 et

497 1101 628 1154 mori
659 1100 860 1152 lucrum
895 1095 1116 1163 (Philip.
1150 1108 1188 1160 ι,
1222 1091 1349 1159 2λ1);
1384 1100 1438 1147 et
1471 1090 1600 1144 illud
1632 1106 1645 1142 :
1683 1089 1809 1144 Vivo
1832 1095 1949 1162 jam
1981 1108 2081 1145 non

492 1209 585 1262 ego
606 1235 620 1257 ,
649 1191 768 1243 vivit
796 1199 969 1240 autem
1000 1186 1051 1238 in
1098 1201 1178 1238 me
1220 1183 1451 1237 Christus
1483 1181 1625 1251 (Gal.
1662 1198 1719 1247 tt,
1751 1183 1873 1249 9.0);
1903 1191 1957 1236 et
2003 1183 2081 1237 his

493 1283 710 1338 similia.
742 1279 873 1333 Illud
917 1291 1130 1346 quoque
1161 1273 1610 1330 considerandum
1644 1282 1725 1326 est
1746 1313 1760 1335 ,
1794 1274 1932 1342 quod
1960 1289 2079 1329 cum

492 1373 768 1444 professus
802 1370 959 1424 fuerit
987 1384 1045 1422 se
1076 1382 1195 1422 esse
1227 1367 1461 1428 Domini,
1494 1365 1668 1419 adhuc
1697 1365 1830 1433 petit
1872 1375 1930 1418 ut
1973 1368 2080 1418 sal-

490 1483 579 1520 vus
607 1466 729 1533 ﬁat,
760 1464 943 1530 utique
974 1463 1027 1514 in
1059 1461 1148 1514 illa
1175 1460 1511 1530 judicatiope
1551 1457 1725 1512 futura
1747 1502 1762 1526 ,
1787 1472 1906 1512 cum
1938 1457 2078 1513 beati

493 1558 920 1612 intromittuntur
959 1557 1011 1607 in
1047 1555 1288 1622 requiem
1337 1553 1743 1620 sempiternam.
1779 1552 1882 1608 Sed
1912 1567 2078 1622 quare

491 1651 590 1704 ista
615 1649 762 1704 salus
811 1656 1023 1717 petatur
1055 1645 1289 1710 assidue,
1329 1645 1513 1699 subter
1543 1643 1806 1711 adjunxit,
1830 1646 2072 1714 quoniam

2201 441 2364 496 Deum
2398 445 2600 500 habere
2617 447 2871 514 jubemur
2892 459 2945 502 et
2966 451 3282 517 proximum.
3305 452 3420 507 Nam
3442 459 3547 525 quid
3571 461 3699 521 latius

2196 533 2301 589 dici
2337 544 2535 605 potest,
2567 554 2722 608 quant
2755 544 2892 610 quod
2926 543 3222 595 universam
3252 543 3410 612 legem
3443 557 3489 602 et
3523 563 3702 607 cuncto-

2195 642 2312 680 rum
2346 629 2729 698 prnphetarum
2773 635 2913 686 dicta
2955 634 3263 689 concludit?
3291 637 3360 690 De
3385 653 3474 707 qua
3502 639 3637 714 4Ῑ3
3661 657 3703 702 et

2193 719 2482 786 Aposmlus
2511 721 2595 776 dic
2622 733 2640 776 t
2670 741 2682 775 :
2717 723 2952 778 Charitas
3001 724 3094 778 Dei
3119 725 3301 790 ili/lusa
3340 739 3408 781 est
3434 732 3482 783 in
3512 737 3707 791 cordibus

2193 813 2377 866 nostris
2421 831 2511 883 per
2561 814 2818 886 Spiritum
2861 828 3128 884 sanctum,
3179 821 3261 887 qui
3305 822 3442 878 datus
3487 839 3551 880 est
3589 833 3705 885 nobis

2191 901 2367 971 (Rom.
2401 921 2454 967 v,
2487 906 2566 974 5).

2262 1019 2414 1074 Vers.
2447 1021 2732 1076 97.—xm.
2769 1023 2915 1078 Μειι.
2947 1025 3213 1091 Quomodo
3239 1025 3389 1082 dilexi
3415 1029 3559 1099 legem
3573 1041 3707 1101 tuom,

2189 1109 2573 1167 Domine?tota
2604 1116 2686 1170 die
2715 1117 2979 1170 meditatio
3003 1134 3114 1170 mea
3144 1128 3236 1172 est.
3271 1119 3490 1187 Populus
3529 1125 3707 1190 beatus,

2187 1204 2275 1268 qui
2312 1205 2698 1282 prophetarum
2731 1217 2892 1278 atque
2941 1210 3218 1275 Evangelii
3262 1213 3476 1280 plurima
3518 1219 3710 1272 meditu-

2191 1294 2337 1348 tione
2382 1295 2708 1364 profecerat,
2743 1299 2795 1353 in
2844 1299 2946 1355 hac
2979 1301 3156 1355 littera
3190 1303 3525 1360 introducitur
3563 1310 3620 1362 ad
3653 1310 3716 1362 lo-

2183 1383 2459 1450 quendum
2483 1402 2521 1441 .:
2566 1401 2726 1456 super
2771 1388 3029 1444 docentes
3056 1405 3117 1445 se
3142 1405 3205 1446 ac
3233 1394 3467 1448 seniores
3509 1413 3715 1453 asserens

2180 1473 2367 1532 divina
2413 1477 2744 1534 intellexisse
2788 1483 3066 1544 mandata;
3111 1492 3169 1538 et
3198 1483 3316 1539 ideo
3362 1501 3513 1555 super
3551 1492 3637 1545 mel
3671 1502 3716 1545 et

2181 1567 2360 1622 favum
2392 1570 2471 1623 ori
2499 1586 2597 1625 suo
2625 1571 3028 1642 Scripturarum
3052 1565 3351 1630 divinarum
3384 1586 3586 1634 testatur
3620 1597 3720 1650 pro-

2159 1659 2400 1713 venisse
2427 1660 2788 1717 dulcedinem.
2821 1663 3079 1729 Dicenda,
3109 1666 3398 1734 Quomodo,
3426 1672 3657 1738 promittit
3675 1687 3722 1726 se

490 1741 874 1809 iustiﬁcationes
905 1747 1020 1790 tuas
1049 1736 1319 1804 exquisivi.
1346 1736 1446 1789 Alii
1475 1736 1620 1790 enim
1666 1735 1894 1790 honores
1916 1751 2072 1804 appe-

2184 1747 2450 1804 dicturum
2480 1753 2934 1821 quemadmodum
2962 1730 3148 1827 legem'
3161 1759 3367 1813 Domini
3390 1730 3632 1830 praecipua
3657 1763 3721 1815 in-

490 1843 632 1896 tunt,
661 1832 907 1902 conjugia
939 1841 1208 1900 qumrunt,
1227 1830 1408 1884 mundi
1437 1829 1628 1900 gaudia
1661 1829 2074 1898 concupiscunt;

490 1928 591 1983 iste
628 1927 728 1981 sibi
761 1925 1163 1979 inmstimabiles
1206 1923 1425 1992 putabat
1470 1938 1592 1978 esse
1618 1922 1861 1987 divitias,
1897 1922 1942 1976 si
1975 1923 2076 1976 Do-

490 2019 622 2072 mini
645 2018 1043 2087 justiﬁcationes
1068 2014 1182 2085 jugi
1217 2013 1395 2068 studio
1425 2014 1742 2083 probaretur
1770 2015 2075 2082 exquirere.

492 2108 939 2164 Perscrutandum
984 2117 1066 2161 est
1110 2120 1342 2176 quoque,
1381 2120 1479 2160 cur
1509 2105 1636 2160 istas
1679 2107 2079 2177 jus'iﬁcationes

488 2200 644 2255 toties
685 2199 906 2268 repetit;
943 2199 1152 2251 scilicet
1193 2205 1249 2251 ut
1291 2197 1498 2252 Veteris
1546 2197 1879 2251 Testameuti
1908 2195 2076 2266 signi-

536 2291 741 2344 cantias
767 2306 869 2342 non
900 2297 1111 2358 putaret
1133 2287 1326 2356 aliquis
1351 2287 1719 2358 negligendas.

487 2377 492 2382 ’
562 2384 712 2436 Vers.
745 2383 833 2436 95.
870 2381 952 2434 Me
971 2391 1386 2450 exspectaverunt
1421 2389 1712 2445 peccatores
1734 2387 1788 2433 ut
1810 2379 2077 2447 perderent

489 2492 606 2529 me:
641 2475 924 2528 testimonia
965 2483 1055 2526 tua
1093 2473 1337 2526 intellexi.
1381 2473 1814 2543 E-rspcctaverunt
1863 2485 1918 2526 ut
1957 2491 2076 2541 per-

488 2571 686 2633 derent,
734 2569 798 2621 ad
829 2567 956 2621 illud
985 2567 1224 2636 respicit,
1267 2567 1404 2635 quod
1453 2566 1578 2620 mali
1620 2581 1870 2620 suasores
1921 2567 2074 2620 blan-

487 2664 682 2718 diendo
710 2662 956 2732 agebant,
1003 2669 1062 2714 ut
1091 2660 1206 2730 ejus
1255 2660 1486 2712 animam
1542 2660 1817 2727 pratitatis
1857 2660 2077 2713 vulnere

486 2757 808 2810 sauciarent.
841 2753 970 2806 Nam
995 2753 1038 2805 si
1073 2767 1225 2820 pretia
1256 2750 1441 2804 fuisset
1472 2751 1800 2818 prmcipitata
1823 2792 1836 2816 ,
1868 2766 1972 2804 non
1997 2751 2075 2802 di-

487 2860 699 2906 ceretur
747 2856 1164 2919 expectaverunt,
1212 2846 1304 2899 sed
1345 2845 1800 2898 acceleraverunt.
1850 2841 2076 2897 Gravior

485 2953 562 2998 est
594 2943 737 2997 enim
764 2941 860 2995 ista
911 2939 1247 3009 persecutio,
1298 2951 1419 3006 queo
1456 2945 1510 2990 et
1531 2949 1786 2991 coronam
1830 2934 2074 3005 martyrii

485 3032 781 3103 Sttspendil,
807 3040 860 3084 et
889 3038 1110 3083 mortem
1137 3026 1328 3080 anima:
1349 3025 1576 3079 suadere
1600 3040 1705 3078 non
1729 3023 1942 3078 desinit.
1970 3023 2073 3079 Sed

485 3143 590 3197 quo
613 3123 851 3181 remedio
878 3124 967 3176 illa
998 3123 1164 3175 vitare
1188 3119 1446 3187 potuisset
1469 3117 1733 3181 ostendit;
1763 3117 2070 3184 intelligens

487 3218 626 3272 cnim
657 3215 943 3270 testimonia
978 3212 1208 3276 Domini,
1238 3225 1344 3264 non
1369 3217 1576 3279 poterat
1598 3207 1666 3262 ad
1690 3209 1814 3262 vitia
1839 3207 2069 3262 nefanda

485 3309 726 3380 perduci.
760 3306 910 3360 Unde
941 3305 1110 3378 claret
1137 3303 1256 3355 illos
1297 3302 1440 3355 solos
1469 3299 1632 3367 eripi,
1666 3314 1753 3367 qut
1783 3313 1812 3352 a
1847 3299 1936 3351 tali
1973 3313 2068 3366 pe-

486 3400 656 3456 riculo
695 3397 840 3469 [mss.
883 3396 970 3463 A.,
1026 3393 1118 3456 13.,
1164 3389 1444 3463 martyrio]
1476 3390 1688 3444 Domini
1723 3388 1921 3444 fuerint
1951 3389 2069 3468 illuj

485 3490 776 3546 minatione
807 3488 1041 3543 liberati.
1073 3484 1314 3538 Intellexi
1347 3494 1544 3546 autem,
1577 3483 1904 3551 accipiamus
1940 3497 2069 3548 ope-

485 3596 631 3642 ratus
662 3599 801 3648 sum,
835 3583 974 3637 sicut
1001 3584 1055 3636 in
1087 3582 1191 3633 alio
1226 3579 1431 3648 psalmo
1460 3578 1588 3631 dicit
1619 3593 1633 3633 :
1669 3576 1853 3629 Beatus
1875 3576 1960 3645 qui
1984 3577 2065 3627 in.

483 3675 661 3746 telligit
685 3691 838 3742 super
867 3689 1074 3744 egenum
1103 3682 1148 3724 et
1177 3687 1449 3738 pauperem
1490 3669 1662 3742 (Psal.
1705 3685 1790 3734 XL,
1823 3668 1904 3738 2).
1932 3669 2066 3737 Quid

483 3768 624 3823 enim
655 3774 864 3835 poterat
895 3763 1112 3833 pauperi
1141 3763 1414 3829 prodesse,
1447 3761 1491 3813 si
1515 3776 1634 3815 eum
1666 3768 1868 3814 tantum
1908 3775 2069 3829 egen-

484 3870 590 3915 tem
619 3857 964 3928 intelligeret,
993 3862 1049 3909 ct
1078 3855 1223 3907 nullo
1261 3868 1483 3906 n'tunere
1529 3851 1876 3906 sublevaret?
1926 3851 2069 3918 Qua-

485 3962 703 4025 propter
733 3951 1038 4007 intellectus
1067 3947 1443 4002 mandatorum
1476 3954 1657 4000 sancta
1697 3945 1939 4014 operatio
1959 3952 2064 3999 e-t.

554 4044 707 4099 Vers.
733 4041 823 4098 96.
861 4041 1042 4095 Omnis
1065 4038 1522 4092 consummationis
1544 4036 1647 4090 vidi
1674 4036 1828 4104 linem
1861 4053 1878 4090 :
1903 4036 2065 4089 latum

484 4138 780 4191 mandatum
823 4145 967 4189 tuum
1006 4133 1178 4186 nimis.
1228 4131 1525 4185 lntraverat
1554 4130 1606 4182 in
1635 4129 1854 4182 divitias
1885 4128 2069 4182 altitu-

483 4231 623 4285 dinis
667 4230 756 4284 Dei
789 4245 803 4282 :
837 4227 1045 4280 vider.=t
1074 4224 1216 4294 quod
1249 4239 1345 4292 per
1378 4231 1560 4293 partes
1591 4237 1698 4276 non
1724 4231 1936 4291 poterat
1973 4237 2066 4276 ex-

484 4324 669 4393 plicari
703 4322 806 4376 :ad
840 4333 1168 4388 postremum
1220 4319 1368 4374 brevi
1401 4317 1666 4372 sententia
1695 4331 1816 4384 qua:
1858 4317 2068 4370 fuerant

484 4415 705 4470 dicenda
733 4413 1029 4476 conclusit;
1057 4413 1346 4482 proﬁtetur
1385 4410 1526 4464 enim
1553 4408 1715 4463 totius
1746 4424 2065 4462 consumma-

484 4509 634 4564 tionis
660 4521 719 4562 se
746 4507 1142 4574 vidissejﬁnem.
1194 4505 1578 4558 Consummatio
1607 4512 1692 4557 est
1715 4503 1858 4557 enim
1903 4504 2072 4557 virtu-

484 4612 595 4658 tum
620 4600 855 4656 omnium
881 4599 1200 4664 completiva
1227 4598 1482 4667 perfectio
1509 4615 1520 4651 :
1555 4599 1641 4652 cui
1665 4601 2067 4653 consummatio-

484 4695 563 4749 nis
585 4693 829 4748 Christus
857 4699 940 4745 est
967 4691 1126 4759 finis,-
1170 4705 1327 4759 quem
1353 4705 1414 4746 se
1451 4692 1644 4746 merito
1676 4691 1861 4746 vidisse
1891 4693 2015 4748 dicit
2047 4712 2061 4759 ;

484 4788 732 4851 quoniam
773 4801 894 4841 eum
941 4785 1238 4840 illuminata
1274 4793 1453 4839 mente
1503 4793 1630 4840 tunc
1678 4787 1908 4842 credidit
1950 4803 2071 4842 esse

489 4894 794 4940 venturum.
833 4881 887 4936 Si
913 4892 1089 4936 autem
1116 4880 1184 4936 ad
1224 4881 1449 4936 litteram
1483 4883 1583 4938 hoc
1605 4885 1736 4939 velis
1765 4885 2067 4952 advertere,

499 4987 672 5048 potest
691 4985 743 5029 et
773 4974 851 5029 sic
880 4974 1049 5043 accipi
1078 4991 1091 5028 :
1125 4975 1373 5043 quoniam
1398 4976 1556 5030 rebus
1584 4977 1931 5033 srecularibus
1965 4988 2071 5033 Ier-

495 5084 674 5124 minus
729 5081 943 5135 semper
990 5066 1203 5121 videtur
1256 5067 1568 5136 impositus;
1621 5069 1872 5124 mandata
1927 5071 2068 5123 enim

487 5161 696 5217 Domini
729 5176 833 5214 non
865 5159 1063 5214 habent
1094 5159 1288 5226 linem;
1338 5163 1458 5230 quia
1498 5163 1756 5218 latissima
1787 5179 1846 5220 se
1875 5165 2072 5220 virtute

483 5255 810 5310 (lirlelldllltl.
855 5254 1007 5321 Quod
1050 5255 1171 5310 ideo
1197 5256 1273 5311 sic
1308 5258 1539 5323 positum
1573 5268 1674 5319 est,
1726 5267 1911 5315 utnec
1942 5276 2058 5315 am-

482 5347 709 5401 bitiones
739 5345 922 5399 smeuli
969 5345 1160 5413 aliquis
1203 5345 1573 5399 desideranter
1602 5357 1908 5414 expeteret,
1943 5351 2060 5418 qui-

447 5441 582 5492 -hus
611 5439 768 5492 ﬁnem
809 5437 989 5491 datum
1016 5453 1138 5492 esse
1165 5438 1418 5505 sentiret;
1452 5450 1502 5494 et
1548 5441 1798 5495 mandata
1851 5445 2059 5498 Domini

485 5528 644 5581 nimia
675 5527 1010 5582 festinatione
1037 5530 1406 5597 perquireret,
1448 5547 1568 5599 quae
1618 5532 1875 5588 latissima
1916 5551 2062 5590 cout-

486 5615 752 5679 probarct.
784 5616 891 5670 Nec
914 5627 1069 5672 vacat
1103 5619 1242 5688 quod
1275 5621 1432 5672 latum
1461 5623 1761 5676 mandatum
1798 5637 1938 5679 tuum
1970 5644 2064 5696 po-

2189 1840 2430 1896 tentione
2468 1842 2724 1898 dilexerit.
2778 1845 2972 1900 Dilexit
3010 1863 3141 1917 ergo
3183 1850 3342 1920 legem
3367 1891 3384 1914 ,
3414 1867 3511 1906 non
3541 1853 3721 1908 timuit:

2183 1933 2345 2001 quoni
2365 1949 2435 1988 tm
2477 1951 2574 2004 per
2603 1936 2969 2006 dilectionem,
3003 1955 3110 1996 non
3144 1955 3243 2010 per
3273 1943 3509 1998 timorem
3534 1947 3725 2000 utunda-

2189 2039 2312 2077 num
2339 2036 2665 2097 przeccptum
2701 2029 2912 2084 Domini
2936 2038 3157 2086 sanctos
3181 2033 3328 2088 viros
3358 2035 3505 2090 decet
3530 2039 3727 2105 operari.

2188 2113 2314 2168 Plus
2342 2117 2485 2170 enim
2538 2127 2818 2189 acceptum
2867 2130 2953 2176 est
2995 2133 3277 2179 amantem
3330 2125 3522 2196 aliquid
3553 2128 3728 2189 facere,

2183 2222 2344 2276 quam
2393 2209 2568 2266 solum
2621 2212 2908 2269 inﬁdeliter
2942 2216 3254 2274 timentem.
3289 2221 3543 2284 Quomodo
3586 2231 3728 2274 autem

2187 2300 2465 2366 dilexerit,
2497 2314 2895 2374 consequenter
2941 2309 3206 2376 exponit,
3260 2308 3440 2364 dicens
3472 2328 3485 2364 :
3531 2311 3642 2364 Tota
3669 2313 3734 2364 diu.

2187 2392 2455 2447 meditatio
2481 2410 2592 2448 mea
2619 2405 2719 2449 est.
2749 2396 2881 2450 Tota
2906 2398 2988 2452 die
3015 2398 3340 2454 continuum
3375 2412 3571 2472 tempus
3603 2402 3733 2456 delic-

2190 2498 2310 2536 mus
2339 2486 2583 2553 accipere
2605 2529 2617 2550 ,
2649 2487 2788 2540 sicut
2813 2496 2868 2541 et
2897 2489 3024 2544 alibi
3057 2490 3259 2559 legitur
3292 2509 3305 2544 :
3346 2491 3629 2545 Benedicam
3654 2491 3737 2544 Do-

2185 2575 2380 2626 minum
2408 2577 2462 2629 in
2494 2578 2632 2629 omni
2663 2587 2888 2647 tempore
2915 2596 2932 2634 :
2958 2597 3161 2652 semper
3189 2583 3306 2636 laus
3341 2585 3448 2652 ejus
3475 2585 3524 2636 in
3548 2601 3623 2637 ore
3651 2598 3736 2636 mea

2185 2663 2374 2727 (Psal.
2421 2682 2607 2734 xum,
2637 2669 2725 2739 2).
2763 2671 2958 2726 Sancta
3001 2674 3149 2728 enim
3201 2677 3530 2731 conscientia
3560 2692 3742 2745 semper

2183 2754 2369 2809 habuit
2396 2756 2563 2823 (lieni,
2597 2774 2717 2828 qua:
2749 2761 3046 2817 clariﬁcato
3079 2767 3253 2822 corde
3285 2769 3656 2823 incredulitatis
3680 2779 3739 2820 te-

2182 2845 2381 2899 nebras
2416 2845 2699 2915 ignoravit.
2733 2851 2778 2905 0
2807 2852 3072 2908 indeiecta
3119 2858 3408 2914 meditatio
3432 2901 3446 2925 ,
3475 2859 3556 2913 cui
3590 2859 3745 2912 surculi

2183 2937 2339 2992 istius
2372 2953 2476 2992 non
2502 2940 2702 2996 sufﬁcit
2730 2942 2879 2999 dies!
2916 2946 2984 2999 Et
3013 2955 3073 3000 ut
3105 2948 3400 3005 humanam
3447 2950 3742 3020 fragilitatem

2180 3029 2449 3081 continua:
2480 3030 2818 3086 meditationi
2858 3035 3148 3092 credamus
3198 3040 3443 3108 potuisse
3492 3040 3747 3097 sufﬁcere,

2101 3097 2143 3156 (ἶ
2180 3117 2280 3172 hac
2303 3119 2477 3182 nobis,
2511 3129 2570 3176 ut
2597 3122 2811 3193 opinor,
2845 3125 3056 3182 ratione
3089 3132 3404 3194 constabit;
3457 3131 3684 3200 quoniam
3713 3131 3746 3179 si

2174 3210 2294 3278 quis
2315 3211 2586 3279 quaslibet
2611 3227 2801 3269 causas
2831 3229 3079 3287 respectu
3133 3221 3358 3277 Domini
3401 3223 3500 3276 sub
3539 3221 3750 3275 modera-

2175 3303 2320 3354 tione
2363 3300 2647 3369 disponat,
2693 3304 2738 3358 si
2789 3307 2941 3362 cibos
2992 3321 3380 3381 trmperanter
3429 3313 3670 3382 accipiat,
3714 3312 3751 3364 si

2173 3405 2418 3444 somnum
2447 3393 2831 3452 convenienter
2857 3401 3055 3467 capiat,
3084 3403 3270 3474 legem
3302 3405 3519 3460 Domini
3546 3404 3753 3459 medita-

2175 3490 2260 3535 tur
2308 3484 2359 3536 in
2403 3485 2686 3553 omnibus;
2743 3493 2999 3559 quoniam
3039 3507 3102 3549 se
3137 3497 3373 3553 honesta
3426 3508 3480 3552 et
3523 3495 3754 3567 probabili

2173 3575 2384 3629 actione
2414 3579 2779 3644 commendat,
2809 3584 2948 3638 sicut
2970 3590 3257 3654 apostolus
3288 3589 3424 3644 dicit
3449 3605 3464 3640 :
3502 3589 3616 3644 Sive
3642 3589 3757 3642 cn’m

2171 3667 2514 3732 nianducatis,
2545 3671 2649 3724 sive
2675 3671 2863 3736 bibitis,
2899 3675 3004 3730 sive
3029 3679 3187 3732 aliud
3218 3681 3426 3749 aliquid
3457 3682 3640 3752 facitis,
3665 3695 3754 3731 omv

2172 3757 2258 3808 nia
2289 3757 2339 3809 in
2368 3759 2589 3828 gloriam
2614 3759 2711 3816 Dei
2741 3763 2894 3833 facile
2927 3765 2979 3835 (1
3009 3765 3134 3823 Cor.
3175 3788 3232 3834 x,
3267 3773 3392 3843 5|).

2245 3891 2400 3948 Vers.
2422 3893 2512 3948 98.
2543 3894 2712 3963 Super
2733 3898 2964 3955 inimicos
2995 3919 3138 3958 meos
3174 3907 3493 3975 prudentem
3515 3922 3595 3959 me
3618 3903 3759 3974 fecisti

2172 3983 2416 4037 manda’o
2445 3994 2574 4051 tuo;
2605 3990 2725 4058 quia
2746 3991 2798 4043 in
2828 4001 3074 4047 teternum
3099 3996 3239 4050 mihi
3269 4007 3369 4053 est.
3401 3995 3604 4052 Inimici
3629 3997 3764 4050 intel-

2172 4070 2368 4141 ligendi
2403 4084 2528 4131 sunt
2556 4078 2807 4134 obstinati
2841 4082 3016 4138 Judri
3039 4124 3054 4147 ,
3098 4085 3362 4143 haeretici
3387 4131 3403 4151 ,
3436 4090 3520 4144 vel
3554 4088 3761 4158 pagani.

2171 4163 2258 4231 qui
2283 4176 2554 4235 praecepta
2586 4167 2800 4226 Domini
2831 4183 2924 4227 aut
2968 4177 3204 4233 minime
3237 4179 3666 4246 intellexerunt,
3695 4185 3769 4230 aut

2169 4267 2230 4306 ea
2258 4269 2420 4323 pravo
2449 4258 2628 4313 studio
2673 4277 2779 4316 non
2831 4264 3134 4332 probantur
3165 4275 3424 4337 operari.
3461 4272 3629 4341 Supra
3655 4273 3768 4323 istos

2172 4347 2470 4411 prudentem
2500 4365 2560 4404 se
2602 4351 2734 4406 dicit
2761 4353 3046 4424 eﬁ‘ectum;
3081 4361 3364 4429 quoniam
3397 4363 3551 4432 iussa
3580 4358 3768 4416 Domni

2102 4478 2154 4538 Β
2176 4447 2228 4488 et
2255 4436 2478 4492 devotus
2510 4443 2757 4512 accepit,
2787 4453 2843 4500 et
2868 4461 3051 4502 veram
3098 4450 3218 4505 illis
3275 4453 3648 4522 integritatem
3675 4466 3774 4503 ser-

2176 4531 2321 4581 vavit
2350 4530 2466 4600 [ηις.
2499 4531 2562 4585 G.
2596 4545 2642 4587 et
2675 4537 2783 4598 ed.,
2817 4552 2944 4592 vera
2995 4540 3102 4593 illis
3155 4543 3493 4615 integritate
3534 4537 3770 4610 serviviti-

2179 4619 2282 4673 Sed
2324 4622 2460 4676 unde
2489 4623 2657 4692 factus
2685 4627 2912 4694 prudens
2955 4629 3119 4685 fuerit
3149 4649 3327 4702 super
3371 4637 3607 4690 inimicos
3635 4648 3774 4691 suos.

2180 4710 2412 4775 addidit.
2463 4717 2702 4770 mandato
2753 4730 2840 4772 tuo
2885 4737 2904 4774 :
2946 4723 3214 4791 quoniam
3275 4727 3414 4782 dum
3465 4727 3541 4782 illi
3575 4725 3774 4781 ﬁdeliter

2180 4803 2458 4870 obedivit,
2509 4818 2731 4870 cunctos
2778 4824 3023 4867 errantes
3070 4815 3204 4870 sine
3257 4818 3609 4872 dubitatione
3647 4827 3778 4869 tran-

2183 4895 2406 4948 scendit.
2447 4898 2583 4952 Eccc
2618 4915 2802 4955 revera
2839 4904 3025 4960 beatus
3048 4905 3262 4970 honor.
3291 4925 3429 4965 cecc
3455 4924 3671 4980 regnum
3700 4906 3778 4958 bn-

2175 5003 2366 5042 norum
2399 4992 2661 5060 superbos
2712 4998 3096 5054 transr'endere
3127 5043 3143 5063 ,
3202 5005 3580 5068 potestatibus
3617 5000 3776 5056 saeculi

2176 5079 2551 5146 praeeminere,
2578 5093 2630 5137 et
2661 5085 2710 5138 in
2743 5098 2924 5141 sancta
2960 5089 3287 5147 humilitate
3323 5094 3430 5146 lixa
3467 5101 3645 5147 mente
3667 5105 3777 5143 con~

2174 5170 2382 5224 sistere.
2417 5172 2632 5242 Adjecit
2661 5215 2674 5238 ,
2707 5178 2824 5245 quia
2874 5179 2926 5231 in
2970 5189 3238 5234 internum
3292 5185 3434 5236 mihi
3482 5193 3588 5247 est;
3627 5181 3676 5234 i.l
3710 5187 3780 5233 est

2174 5264 2480 5318 mandatum
2538 5279 2705 5322 tuum.
2759 5272 2863 5326 Sed
2916 5289 3244 5342 quaeramus
3298 5279 3449 5347 quod
3499 5275 3776 5330 mandatum

2177 5365 2278 5418 est,
2318 5359 2456 5425 quod
2490 5363 2686 5415 sareulo
2712 5364 2814 5418 isto
2857 5366 3154 5423 deﬁciente
3194 5385 3553 5439 permaneat.
3596 5369 3778 5424 εσίῐίοετι

2171 5450 2386 5503 dilectio
2419 5453 2506 5505 Dei
2540 5464 2589 5506 et
2618 5457 2879 5523 proximi;
2914 5460 2982 5512 ihi
3015 5460 3174 5513 enim
3205 5473 3264 5515 et
3302 5463 3596 5516 Dominum
3627 5469 3775 5526 supra

2172 5543 2348 5595 omnia
2385 5544 2692 5612 diligimus,
2725 5561 2779 5602 et
2813 5553 3123 5618 proximum
3185 5557 3657 5624 quemadmodum
3697 5564 3780 5602 nos

2174 5634 2561 5703 perfectissime
2594 5651 2716 5694 tunc.
2747 5658 3007 5700 amamus.
3055 5645 3275 5703 Merito
3321 5665 3459 5720 ergo
3510 5650 3608 5702 hoc
3642 5660 3776 5696 ma"-
