3966 6172
187 261 283 318 869

1074 259 1433 316 EXPOSITIO
1474 257 1537 310 IN
1583 252 2032 314 l‘SALTEIllUM.
2074 256 2266 312 PSAL.
2307 256 2532 312 CXVIII.

3363 256 3467 313 870

187 377 352 426 datum
384 373 434 425 in
468 379 717 424 aternum
753 371 852 424 sibi
883 371 1242 426 dicebat'es-e
1283 369 1630 436 servandum,
1663 385 1767 438 quo
1802 371 1850 428 Λ
1879 369 2008 438 tua].
2047 369 2120 423 Ex
2174 371 2274 424 hoc
2312 386 2469 424 versu
2517 369 2795 424 evidenter
2837 377 3090 438 apparet,
3129 379 3181 424 et
3220 372 3474 440 superius

189 466 320 519 lle-lli
353 473 542 516 saneta
573 465 900 518 conscientia
920 465 1122 534 jugiter
1154 464 1524 535 perfruuntur.

251 556 404 610 γει-ς.
441 555 532 609 99.
567 554 736 619 Super
765 572 942 610 omnes
975 557 1206 610 docentes
1247 571 1324 608 me
1352 552 1583 608 intellexi
1612 568 1628 606 :
1654 553 1777 620 quia

185 649 472 701 testimonia
502 656 588 698 tua
615 648 877 700 meditatio
905 665 1017 701 mea
1046 658 1139 702 est.
1171 648 1392 701 Videtur
1429 661 1457 699 a
1498 647 1774 698 lentarum

187 738 484 792 humilitate
533 737 870 791 sanctissima
902 738 1212 804 discrepare
1238 781 1252 802 ,
1288 738 1333 792 si
1362 752 1525 801 sin-er
1554 735 1775 805 Moysen

188 843 344 900 atque
369 833 660 900 prophetas
691 831 772 884 vel
805 831 1081 899 apostolos
1111 834 1200 900 qui
1239 830 1536 883 Ecclesium
1565 826 1776 880 Domini

191 925 534 991 integerrima
579 921 682 976 lide
703 920 1025 982 doruerunt,
1059 921 1160 975 huc
1192 921 1392 973 dictum
1420 920 1645 972 velimus
1675 917 1778 969 ad-

190 1029 416 1071 vcttcre.
445 1015 550 1070 Sed
586 1014 926 1068 intendamus
947 1014 1283 1082 superiorem
1319 1027 1556 1073 vetsnm,
1584 1020 1635 1062 et
1665 1025 1780 1063 om-

190 1110 264 1165 nis
289 1108 522 1177 quaestio
549 1106 881 1160 calumniosa
912 1106 1164 1160 discedit.
1195 1105 1308 1158 Non
1341 1105 1487 1157 enim
1533 1102 1664 1156 dixit
1690 1116 1779 1156 su-

190 1218 277 1272 per
299 1211 504 1272 patres,
535 1199 628 1254 sed
660 1215 812 1269 super
837 1198 1074 1250 inimicos
1097 1214 1260 1262 meos,
1286 1198 1470 1266 utique
1493 1197 1581 1264 qui
1608 1195 1777 1262 legem

192 1293 402 1349 Domini
429 1306 590 1361 prava
616 1289 914 1344 intentione
937 1289 1262 1360 docuerunt.
1290 1289 1388 1342 llic
1413 1291 1555 1342 enim
1582 1285 1778 1354 a-guit,

191 1402 292 1439 non
312 1385 572 1454 reprobat
602 1382 735 1454 [ed.,
771 1379 982 1452 probat]
1009 1381 1330 1449 magistros;
1368 1380 1572 1432 scilicet
1607 1375 1780 1445 phario

191 1493 326 1534 steos
354 1477 671 1546 designans,
701 1474 793 1542 qui
827 1489 886 1528 se
915 1474 981 1526 ad
1014 1474 1244 1527 litteram
1297 1468 1544 1527 tenentes
1570 1512 1583 1534 ,
1617 1468 1777 1538 spiri-

191 1573 391 1627 taalem
421 1568 832 1639 intelligentiam
866 1567 1238 1638 negligebant;
1270 1581 1405 1636 quos
1437 1576 1488 1620 et
1522 1564 1782 1617 Dominus

193 1665 238 1718 in
272 1662 573 1731 Evangelio
595 1660 907 1729 frequenter
937 1659 1141 1728 arguit;
1175 1657 1270 1713 sed
1301 1674 1396 1713 cor
1432 1671 1619 1712 eorum
1651 1654 1783 1722 lapi-

1882 461 2004 514 illos
2031 461 2208 516 dictos
2241 461 2483 516 inimicos
2515 463 2602 531 qui
2647 463 2816 532 legem
2853 462 3063 515 Domini
3109 464 3419 517 nesciebant
3453 500 3474 530 ,

1878 563 1932 607 et
1963 555 2215 608 doctores
2243 554 2528 623 imperitia:
2555 555 2800 609 etccitate
2830 554 3104 619 detentos,
3134 565 3189 609 et
3229 556 3470 610 seniores

1886 661 1991 698 non
2026 646 2276 700 habuisse
2313 647 2691 716 gravissimam
2723 646 2843 701 ﬁdei
2878 649 3184 701 ﬁrmitatem
3210 687 3226 712 ,
3256 648 3472 716 quando

1883 751 1941 791 se
1973 736 2102 791 dicit
2125 740 2185 789 ab
2217 739 2358 791 omni
2388 739 2467 791 via
2508 738 2645 791 mala
2692 739 2926 806 ipsorum
2960 739 3109 805 pedes
3147 753 3272 791 suos
3297 738 3474 808 prohi-

1885 828 2071 893 buisse,
2104 844 2169 882 ne
2191 843 2376 882 eorum
2411 831 2670 898 potuisset
2694 831 3043 898 perversitate
3071 831 3334 884 subverti.
3381 831 3470 884 illa

1883 928 1967 973 est
1995 920 2137 973 enim
2165 920 2364 974 certior
2394 920 2718 989 explanatio,
2749 921 2964 990 quando
2990 935 3049 974 se
3101 921 3213 990 ipsa
3244 935 3472 974 corusco

1884 1011 2077 1064 similis
2111 1011 2677 1066 declaratauctoritas.
2713 1013 2820 1067 Sed
2854 1013 3129 1067 videamus
3159 1015 3282 1084 quid
3316 1014 3472 1068 nobis

1883 1101 2036 1156 istius
2066 1117 2251 1156 versus
2282 1103 2446 1156 verba
2485 1103 2820 1172 parturiant.
2869 1103 2944 1156 Ab
2994 1106 3131 1157 omni
3161 1107 3242 1156 ria
3288 1104 3427 1158 mala
3453 1145 3470 1168 ,

1883 1193 2144 1261 signilieat
2179 1195 2549 1248 haereticorum
2575 1209 2768 1263 pravas
2793 1203 2848 1249 et
2878 1197 3142 1265 pessimas
3171 1196 3468 1255 suasiones.

1884 1286 2076 1354 quibus
2111 1285 2186 1338 illi
2217 1286 2470 1340 exi'iabili
2503 1287 2785 1341 dulcedine
2834 1286 3199 1340 blandiuntur.
3255 1289 3474 1342 Addidit

1885 1391 2118 1445 quoque,
2148 1375 2384 1445 prohibui
2412 1377 2562 1446 pedes
2587 1393 2742 1442 utros,
2773 1377 2925 1446 quasi
2949 1377 3319 1433 desiderantes
3351 1378 3478 1432 illm:

1894 1469 1995 1532 ire,
2031 1468 2119 1522 ubi
2164 1469 2215 1521 in
2247 1479 2416 1522 atram
2451 1467 2658 1524 foveam
2705 1484 2959 1525 corruere
3006 1474 3325 1540 potuissent.
3359 1477 3481 1526 Ur:-

1887 1559 2080 1628 giualis
2103 1559 2367 1626 siquidem
2397 1561 2602 1629 peccati
2633 1561 2786 1630 culpa
2812 1576 3010 1631 pronos
3032 1578 3128 1617 nos
3154 1564 3309 1617 trahit
3332 1581 3474 1617 sem-

1891 1663 1982 1717 per
2013 1649 2078 1704 ad
2108 1650 2269 1715 vitia;
2304 1661 2354 1704 ct
2383 1651 2484 1705 nisi
2511 1651 2678 1720 gratia
2715 1652 2924 1706 Domini
2953 1653 3276 1716 muniamnr,
3306 1654 3470 1725 414.

190 1757 349 1810 deum
397 1755 662 1808 rationem
695 1751 939 1805 veritatis
967 1750 1172 1805 sentire
1213 1766 1318 1805 non
1355 1749 1575 1803 meruit.
1610 1749 1779 1816 Supra
1818 1762 1860 1821 Β
1892 1735 2143 1795 facillime
2203 1756 2455 1810 perversa
2537 1743 2789 1798 suasione
2853 1743 3178 1813 decipimur.
3247 1746 3339 1799 Illa
3395 1757 3480 1802 est

192 1847 327 1900 tales
359 1845 527 1915 igitur
550 1859 736 1897 omnes
771 1842 1024 1896 doctores
1082 1844 1274 1896 merito
1311 1841 1506 1895 cohors
1541 1843 1554 1892 Ι
1583 1854 1782 1908 vange-

191 1941 290 1993 lira
323 1937 637 1990 intellexisse
689 1949 749 1990 se
797 1933 992 1989 melius
1040 1933 1198 1994 dicit;
1249 1933 1371 2002 quia
1423 1931 1781 2001 pravitatibus

191 2043 378 2084 eertum
411 2026 708 2094 repudiatis
733 2065 748 2088 ,
791 2025 1059 2078 sinceram
1093 2023 1396 2076 doctrinam
1432 2021 1643 2075 Domini
1670 2020 1788 2074 Sal-

193 2121 395 2177 vatoris
421 2118 650 2187 accepit.
689 2116 795 2172 Sed
828 2130 923 2170 cur
950 2114 1141 2169 melius
1172 2114 1479 2167 intellexerit
1505 2156 1519 2179 ,
1569 2126 1786 2167 csusam

193 2215 463 2284 designat,
497 2211 621 2281 quia
651 2209 938 2264 testimonia
970 2218 1058 2260 tua
1095 2207 1356 2260 meditatio
1396 2222 1506 2258 mea
1535 2214 1628 2258 est.
1675 2203 1788 2258 Illis

190 2309 333 2361 enim
361 2302 656 2357 testimonia
689 2298 902 2354 Domini
931 2314 1034 2352 non
1068 2306 1211 2351 erant
1237 2295 1516 2359 meditatio,
1553 2297 1642 2364 qui
1668 2311 1789 2365 per-

193 2400 452 2455 suasione
487 2394 770 2450 falsissima
802 2393 959 2461 longe
1009 2389 1151 2444 aliud
1180 2404 1343 2460 quam
1373 2389 1577 2443 dictum
1615 2388 1791 2444 fuerat

192 2492 524 2547 sentiebant.

261 2583 421 2637 Vers.
457 2580 582 2635 100.
619 2577 788 2647 Super
808 2577 1035 2632 seniores
1063 2575 1292 2629 intellexi
1327 2591 1347 2629 :
1378 2575 1502 2644 quia
1549 2574 1792 2626 "laudata

189 2686 271 2727 tua
298 2672 576 2741 exquisivi.
612 2669 723 2724 Non
756 2681 837 2724 est
870 2669 957 2723 hic
979 2669 1238 2736 jartantia
1271 2669 1526 2732 superba,
1574 2665 1670 2719 sed
1702 2681 1792 2719 ve-

191 2765 340 2819 ritas.
377 2762 628 2819 Seniores
659 2761 889 2815 dicimus
925 2769 978 2812 et
1002 2757 1282 2826 sapientia:
1306 2757 1620 2810 maturitate
1653 2756 1795 2824 prle-

193 2856 392 2915 claros,
423 2861 482 2907 et
515 2851 670 2920 longa
703 2865 802 2903 nos
832 2857 991 2902 :etate
1044 2845 1412 2915 prlecedentes
1439 2864 1452 2911 ;
1503 2846 1570 2898 de
1600 2847 1706 2914 qui’,
1733 2860 1794 2898 us

192 2947 398 3001 dictum
425 2952 539 2996 est:
565 2939 832 3010 ln'erroga
855 2947 1048 3010 patrem
1073 2947 1235 3000 tuum,
1254 2948 1299 2990 et
1321 2936 1640 2989 annuntiabil
1669 2937 1795 2992 tibi:

186 3040 423 3091 seniores
447 3046 588 3098 tuos,
619 3043 664 3086 et
690 3033 858 3084 dicent
884 3032 971 3084 tibi
996 3030 1230 3100 (Denter.
1257 3046 1425 3093 xxx”,
1452 3030 1529 3095 7).
1562 3027 1794 3081 Dicimus

1891 1831 2034 1884 enim
2087 1831 2310 1884 Domino
2335 1829 2558 1901 juvante
2603 1833 2835 1888 salubris
2869 1833 3184 1902 prohibitio,
3224 1850 3342 1889 cum
3379 1839 3479 1890 hoc

1897 1921 2012 1976 ﬁeri
2044 1937 2150 1976 non
2183 1922 2436 1990 patimur,
2473 1925 2611 1994 quod
2649 1925 2864 1993 plenum
2898 1926 3155 1994 pv-riculi:
3183 1926 3474 1982 invenitur.

1891 2012 2058 2068 Pedes
2089 2027 2268 2068 autem
2303 2031 2459 2078 meos,
2501 2015 2764 2084 signiﬁcat
2794 2017 2989 2072 mentis
3029 2032 3328 2085 assensum,
3361 2036 3481 2089 qua:

1892 2117 1992 2159 nos
2017 2104 2250 2174 quodam
2293 2105 2520 2176 vestigio
2565 2106 2714 2161 ducit
2761 2107 2826 2160 ad
2872 2109 3082 2176 culpam
3111 2152 3124 2174 ,
3173 2122 3224 2163 et
3270 2111 3335 2164 ad
3367 2113 3480 2165 vias

1894 2197 2058 2251 malas
2080 2197 2378 2266 compellit,
2413 2199 2511 2252 nisi
2547 2213 2643 2252 nos
2668 2199 2840 2266 pietas
2871 2200 3173 2254 Divinitatis
3201 2202 3480 2265 abstzaxe-

1896 2291 1984 2345 rit.
2008 2290 2281 2359 Sequitur,
2319 2301 2372 2344 ut
2398 2292 2682 2344 custodiam
2711 2293 2915 2345 verbum
2946 2304 3113 2347 tuum.
3141 2296 3311 2348 Aliter
3339 2295 3482 2349 enim

1896 2385 2120 2440 verbum
2156 2385 2368 2439 Domini
2413 2399 2517 2439 non
2547 2386 2718 2454 potuit
2757 2386 3014 2440 custodiri
3043 2427 3058 2451 ,
3092 2387 3191 2440 nisi
3241 2402 3362 2440 cum
3399 2388 3485 2441 illa

1898 2476 2152 2545 pestifera
2198 2477 2381 2530 suasio
2427 2477 2686 2546 probatur
2738 2477 2993 2548 expulsa,
3027 2478 3165 2532 sicut
3197 2479 3486 2547 Apostolus

1893 2570 2020 2623 dicit
2056 2584 2070 2621 :
2108 2567 2229 2621 Non
2255 2571 2468 2637 potestis
2497 2569 2707 2623 calicem
2741 2567 2946 2648 Domini
2983 2569 3178 2635 bibere,
3205 2581 3250 2622 ct
3277 2571 3487 2624 c.:licem

1895 2661 2308 2724 (lautianiorum;
2353 2677 2451 2714 non
2495 2663 2704 2728 potestis
2743 2678 2931 2716 mensa:
2961 2662 3175 2715 Domini
3213 2664 3487 2734 participes

1897 2769 2003 2808 esse
2023 2763 2074 2805 et
2096 2768 2280 2806 mensa:
2302 2753 2670 2807 daemoniorum
2703 2753 2751 2823 (l
2782 2752 2904 2807 Cor.
2939 2771 2989 2817 κ,
3021 2755 3113 2820 ‘20,
3147 2754 3264 2825 2|).

1975 2840 2130 2898 Vors.
2168 2843 2291 2898 102.
2326 2844 2606 2917 Ajudieiis
2636 2846 2737 2898 tuis
2761 2862 2861 2898 non
2890 2847 3160 2912 declinavi,
3193 2848 3311 2917 quia
3339 2856 3390 2899 tu
3422 2849 3491 2900 le-

1899 2951 2012 3005 gem
2035 2935 2248 3005 posuisti
2276 2937 2421 2988 mihi.
2469 2935 2767 2990 Declaravit
2808 2935 2934 2990 iilud
2969 2937 3109 3006 quod
3140 2939 3384 3006 superius
3412 2939 3490 2992 di-

1903 3029 2016 3083 xit:
2049 3028 2124 3081 Ab
2145 3028 2282 3081 οητηὶ
2308 3030 2386 3080 via
2408 3030 2543 3082 mala
2570 3030 2808 3098 prohibui
2841 3031 2994 3096 pedes
3030 3047 3190 3096 meos,
3223 3032 3405 3101 utique
3437 3041 3494 3086 ut

191 3131 356 3184 etiam
389 3128 644 3190 seniores,
675 3133 833 3178 aelate
861 3122 1076 3193 quidem
1112 3133 1382 3186 maturos,
1417 3121 1512 3176 sed
1547 3123 1793 3175 vitiorum
1825 3135 1869 3196 ρ
1900 3126 2014 3196 ejus
2037 3127 2477 3198 minimejndicia
2500 3129 2796 3181 declinaret.
2823 3128 2911 3184 Sic
2933 3128 3074 3183 enim
3101 3129 3346 3197 perlaeta:
3372 3128 3494 3183 bea-

188 3223 546 3278 nﬂ‘ectatinue
571 3218 707 3290 [σόη
733 3215 1040 3288 aliectione)
1066 3216 1397 3281 levissimos;
1427 3215 1566 3270 sicut
1591 3216 1800 3270 luerunt

187 3314 290 3379 illi,
323 3315 396 3368 de
433 3310 702 3382 quibusin
739 3307 1035 3378 Euangelio
1080 3306 1340 3375 scriptum
1372 3314 1498 3360 est:
1546 3304 1802 3370 Fecerunt

188 3407 497 3460 sacerdotes
545 3401 818 3455 consilium
860 3415 977 3452 cum
1022 3398 1340 3463 senioribus,
1393 3405 1448 3450 ut
1502 3413 1618 3451 eum
1650 3399 1802 3451 morti

188 3500 472 3552 traderent
503 3495 719 3563 (Matth.
744 3507 890 3558 xxvi,
923 3493 979 3559 3,
1005 3491 1084 3559 4).
1117 3490 1274 3545 Tales
1307 3504 1448 3544 nunc
1475 3493 1696 3545 seniores
1720 3492 1802 3544 di—

190 3589 291 3652 cit,
317 3604 436 3642 non
460 3599 627 3640 canos
656 3591 858 3648 mente,
889 3581 984 3636 sed
1011 3597 1260 3652 corpore.
1287 3581 1366 3635 Ab
1391 3581 1506 3636 istis
1537 3596 1665 3651 ergo
1694 3597 1805 3641 me-

194 3691 308 3735 rito
345 3695 409 3733 se
455 3677 690 3746 amplius
737 3674 869 3730 dicit
912 3673 1264 3738 intellexisse,
1295 3673 1510 3742 quando
1539 3689 1696 3743 quem
1730 3673 1804 3728 illi

187 3772 470 3840 sacrilega
515 3776 700 3822 mente
734 3773 1221 3835 contempserunt,
1258 3764 1359 3819 iste
1390 3780 1544 3818 suum
1577 3781 1806 3820 venera-

187 3864 358 3916 batur
386 3871 691 3914 auctorem.
729 3859 1064 3928 Frequenter
1088 3860 1230 3913 enim
1262 3859 1568 3929 Scripturas
1595 3860 1806 3914 divinas

182 3955 453 4022 iuniores
482 3955 674 4008 melius
703 3952 1010 4019 intelligunt
1055 3951 1382 4006 senioribus.
1432 3951 1587 4005 Sicut
1639 3950 1808 4004 Jacob

187 4049 287 4116 qui
337 4062 406 4102 se
438 4046 506 4100 ad
561 4045 988 4098 benedicendum
1039 4043 1268 4112 pra-buit
1307 4053 1362 4099 et
1406 4059 1661 4114 germano
1709 4059 1808 4098 suo

185 4141 543 4209 promissum
562 4141 786 4190 lructutn
815 4137 997 4205 primm
1020 4136 1407 4189 benedictionis
1436 4151 1497 4188 ac
1531 4137 1661 4206 epit.
1686 4136 1804 4192 Sie-

181 4245 246 4286 ut
289 4231 528 4286 Samuel
561 4231 756 4284 melius
803 4229 916 4282 lleli
961 4228 1276 4293 sacerdote;
1335 4228 1415 4281 vel
1462 4228 1651 4282 Daniel
1694 4244 1806 4284 me-

180 4325 300 4377 lius
347 4319 516 4376 falsis
543 4320 870 4380 senioribus.
919 4334 1056 4390 quos
1098 4320 1216 4390 ipse
1257 4319 1456 4387 Spiritu
1491 4319 1581 4374 Dei
1623 4320 1810 4388 plenus

179 4425 384 4470 morte
429 4411 732 4466 damnavit.
785 4411 975 4466 Melius
1029 4412 1213 4480 utique
1267 4411 1534 4464 intellexit
1584 4411 1808 4481 pOpulus

1907 3218 2147 3272 titudinis
2189 3218 2467 3288 intigritas
2499 3219 2828 3285 ctzsmditur,
2865 3221 3079 3290 quando
3121 3221 3494 3276 htereticorum

1903 3309 2155 3377 iniquitas
2177 3323 2433 3378 perversa
2457 3309 2747 3382 respuitur.
2772 3310 3044 3382 Ajadici-‘s
3069 3325 3198 3380 ergo
3223 3313 3322 3364 tuis
3347 3311 3496 3377 dicit,

1905 3400 1956 3454 id
1989 3411 2072 3455 est
2102 3416 2223 3469 qua:
2255 3411 2342 3455 tua
2375 3402 2621 3455 voluntas
2651 3412 2831 3455 sancta
2863 3403 3168 3470 constituit,
3206 3413 3257 3456 et
3291 3404 3499 3460 vivendi

1906 3495 2063 3548 nobis
2095 3493 2333 3564 regulam
2367 3493 2535 3546 dedit.
2567 3492 2648 3547 Ab
2670 3494 2748 3547 eis
2773 3493 2952 3563 utique
2975 3510 3074 3547 non
3100 3494 3374 3561 declinare,
3402 3497 3500 3550 hee

1906 3595 1988 3639 est
2018 3585 2071 3637 in
2104 3583 2186 3638 via
2218 3593 2360 3637 recta
2394 3584 2544 3637 consi
2579 3591 2726 3649 tere;
2759 3585 2860 3638 hoc
2887 3592 2972 3639 est
2991 3584 3057 3638 ad
3083 3586 3340 3640 CtBloI‘Itttt
3373 3602 3501 3655 gan-

1909 3679 1996 3732 dia
2045 3677 2348 3747 pervenire.
2399 3675 2653 3744 Sequitur
2698 3691 2864 3730 causa
2905 3677 3229 3746 probabilis,
3275 3679 3396 3748 quia
3448 3689 3504 3732 tu

1909 3770 2071 3842 legem
2100 3772 2316 3837 posuisti
2341 3771 2484 3823 mihi.
2510 3768 2641 3824 Cum
2667 3771 2834 3839 legem
2865 3786 2960 3839 per
2985 3771 3215 3842 llloysem
3253 3772 3505 3825 [totuinus

1909 3861 2145 3923 dederit,
2176 3875 2402 3929 eamque
2421 3859 2644 3929 jusserit
2667 3860 3048 3914 inviolabiliter
3077 3863 3372 3926 observari,
3399 3878 3504 3918 non

1912 3954 2207 4022 incongrue
2257 3951 2343 4005 hic
2385 3952 2731 4020 Evangelium
2781 3952 3125 4020 intelligimus
3157 3969 3276 4007 cum
3328 3955 3502 4008 dicit:

1911 4043 1991 4097 Tu
2015 4046 2173 4114 legem
2203 4044 2418 4113 posuisti
2470 4043 2617 4095 mihi.
2656 4042 2749 4096 Illa
2781 4043 2924 4096 enim
2955 4058 3111 4111 quam
3144 4059 3239 4112 per
3271 4046 3506 4114 Moysen]

1915 4138 2083 4200 dedit,
2117 4136 2391 4206 pavtlagogi
2421 4136 2570 4189 nobis
2596 4134 2939 4204 praseutavit
2957 4134 3222 4199 cilicium;
3255 4139 3351 4190 ista
3376 4153 3507 4192 vero

1915 4231 2078 4284 tozius
2137 4227 2485 4298 plenitudinis
2544 4227 2763 4281 donavit
2817 4225 3086 4281 clientum.
3143 4227 3331 4283 Merito
3378 4245 3508 4299 ergo

1913 4332 2134 4372 sanctus
2184 4319 2408 4388 populus
2435 4318 2501 4371 de
2549 4317 2660 4387 ipsa
2705 4318 2822 4387 lege
2860 4319 3150 4390 gaudi-bal,
3196 4335 3354 4390 quam
3397 4323 3508 4392 jam

1917 4411 2191 4464 credendo
2220 4421 2557 4480 susceperat.
2593 4410 2835 4481 Denique
2864 4411 2986 4467 vide
3014 4414 3137 4483 quid
3176 4415 3437 4484 sequitur.

175 4521 411 4569 novus,
447 4519 606 4574 quam
641 4517 666 4557 s
688 4503 823 4557 -nior
855 4502 946 4558 ille
976 4503 1258 4568 Iudaicus,
1291 4501 1380 4570 qui
1410 4501 1635 4557 ftl‘c'ter
1665 4503 1810 4575 [mss.
1849 4515 1893 4571 ι)
1993 4501 2146 4556 Vers.
2176 4501 2297 4556 105.
2338 4501 2504 4568 Quam
2541 4501 2716 4554 dulcia
2750 4502 2982 4572 faticil'us
3011 4503 3132 4556 meis
3165 4503 3370 4570 eloquia
3400 4514 3510 4570 tua,

175 4601 280 4661 Α..
311 4595 424 4660 B.,
454 4591 714 4665 ﬁdeliter]
745 4594 983 4663 suscepit
1007 4593 1278 4648 Christum
1320 4593 1621 4658 Dominum,
1651 4609 1810 4662 quam

171 4691 283 4746 ille
309 4687 429 4759 qui
460 4685 742 4741 mortifere
773 4685 1003 4741 credidit
1030 4699 1151 4740 esse
1178 4686 1546 4739 temnendum.
1575 4685 1638 4738 Et
1667 4693 1723 4739 ut
1751 4701 1815 4739 ea

173 4783 308 4852 ipsa
337 4779 605 4834 veritatis
629 4778 939 4833 testimonio
962 4777 1361 4846 comprobaret,
1387 4777 1630 4846 sequitur
1650 4793 1816 4848 quare

169 4872 536 4929 intellexerit
558 4888 716 4939 supra
747 4872 1009 4934 seniores;
1058 4871 1286 4937 scilicet,
1321 4873 1439 4942 quia
1466 4873 1708 4925 mandata
1731 4883 1818 4927 tua

169 4963 490 5035 exquisivi.
539 4962 617 5015 Illi
648 4963 794 5016 enim
835 4963 878 5016 si
907 4963 1263 5032 exquisiissent
1295 4965 1534 5016 mandata
1584 4963 1814 5031 Domini,

169 5068 570 5127 nequaquam
606 5052 982 5120 prudentiores
1003 5069 1061 5107 se
1093 5063 1380 5122 potuerant
1411 5055 1610 5109 habere
1634 5055 1788 5124 junio

168 5161 305 5201 res.
340 5144 430 5196 Et
457 5141 580 5194 vide
601 5139 1054 5207 quemadmodum
1083 5142 1320 5195 veritatis
1352 5143 1594 5196 ordinem
1620 5152 1819 5198 servat.

167 5238 345 5296 Dicit
383 5235 541 5289 enim
576 5235 818 5287 mandata
843 5243 952 5297 tua,
985 5252 1086 5290 non
1115 5237 1388 5292 hominum
1416 5255 1818 5307 perversurum,

1917 4609 2072 4664 super
2121 4593 2219 4646 mel
2247 4601 2296 4646 et
2347 4592 2521 4662 favum
2575 4594 2652 4646 ori
2697 4595 2843 4646 uno!
2872 4594 3314 4660 Uontparationcs
3370 4596 3510 4662 istas,

1921 4686 2164 4758 quamvis
2191 4685 2391 4754 aliquid
2423 4686 2702 4741 videantur
2728 4687 2926 4741 habere
2956 4689 3302 4755 praecipuum,
3335 4699 3514 4745 tamen

1931 4795 2038 4834 non
2073 4786 2296 4850 possunt
2325 4777 2484 4834 rebus
2522 4779 2884 4846 Spiritua'ibus
2914 4781 3176 4849 exaequari
3198 4821 3212 4844 ,
3244 4781 3340 4834 nisi
3371 4796 3517 4835 sent-

1927 4887 2022 4940 pcr
2048 4881 2298 4940 ponatur,
2322 4885 2494 4936 super,
2532 4869 2670 4924 sicut
2701 4871 2752 4924 in
2793 4886 2930 4924 nona
2971 4872 3143 4925 littera
3171 4872 3278 4937 jam
3311 4869 3516 4924 dictum

1926 4971 2003 5017 est
2039 4979 2051 5014 :
2087 4959 2283 5014 Bonum
2309 4961 2433 5012 mihi
2479 4961 2558 5014 les;
2599 4962 2701 5015 oris
2727 4962 2800 5013 tui
2822 4979 2970 5031 super
3001 4961 3162 5014 millia
3203 4963 3317 5014 auri
3338 4971 3386 5014 et
3431 4977 3519 5014 ar—

1927 5057 2106 5127 genti;
2145 5064 2288 5109 utea
2321 5054 2535 5123 quidem
2593 5055 2730 5108 intrr
2781 5054 3027 5109 homines
3077 5055 3376 5124 prtecirua,
3425 5053 3520 5106 sed

1927 5148 2455 5217 divinarjuc::uditati
2492 5145 2743 5202 inferiora
2771 5164 2888 5202 esse
2911 5162 3226 5215 cognoscas.
3263 5146 3523 5215 Spiritua-

1927 5242 2066 5294 libus
2099 5244 2276 5310 itque
2317 5239 2526 5295 de‘ieiis
2565 5256 2753 5310 magna
2806 5242 3049 5294 uberta'e
3099 5241 3374 5311 saginatus
3428 5255 3523 5308 po-

163 5335 250 5387 (το
280 5325 521 5398 quibus
548 5325 754 5378 dictum
785 5335 867 5378 est
895 5343 907 5377 :
937 5323 1242 5395 Ignorantes
1271 5330 1676 5401 enimjustitiam
1705 5329 1820 5395 αἱ,

163 5435 219 5478 et
263 5434 461 5476 suam
506 5419 724 5471 colentes
774 5421 1117 5484 constituere,
1159 5421 1380 5491 justitite
1427 5422 1518 5476 Dei
1564 5439 1662 5476 non
1707 5437 1823 5476 sunt

162 5511 449 5587 subjecti
485 5510 655 5578 (llam.
688 5527 739 5575 κ,
774 5513 851 5580 5).

249 5601 470 5660 γεῖς.
506 5605 622 5656 illi.
661 5604 732 5656 .lb
765 5607 900 5657 muni
927 5607 1006 5658 via
1040 5606 1173 5658 mala
1206 5605 1445 5676 prohibui
1479 5605 1629 5671 pedes
1665 5623 1822 5667 lucos.

167 5715 232 5755 ιιι
283 5697 619 5753 custodiam
654 5699 849 5751 rerbtnn
899 5709 1037 5750 tuum
1083 5697 1238 5770 [mss.
1284 5698 1375 5762 A.,
1414 5697 1497 5764 8.,
1536 5697 1620 5764 F.,
1679 5699 1824 5752 εἰη-[τι

1930 5334 2087 5403 pulus
2117 5333 2304 5388 beatus
2329 5335 2640 5389 etclamat:
2679 5333 2846 5399 Quam
2891 5334 3065 5386 dulcia
3118 5333 3351 5403 faucibus
3400 5332 3527 5386 meis

1933 5428 2134 5491 eloquia
2165 5438 2251 5480 tua
2273 5430 2289 5480 .’
2326 5427 2559 5483 Dicendo
2588 5447 2601 5481 :
2636 5429 2828 5491 Quam,
2876 5441 3119 5494 magnam
3145 5425 3359 5495 quidem
3401 5425 3526 5477 titil-

1933 5519 2176 5573 cedinetn
2223 5517 2324 5570 sibi
2356 5534 2477 5572 e-se
2519 5517 2788 5585 professus
2811 5525 2922 5580 est,
2958 5517 3049 5569 sed
3088 5529 3190 5569 non
3223 5529 3380 5585 quam
3416 5515 3524 5566 lin-

1936 5624 2032 5678 gna
2060 5609 2316 5676 potuisset
2342 5609 2665 5674 exprimere.
2696 5607 2828 5661 Nam
2863 5622 2981 5659 cmn
3015 5607 3188 5658 omnis
3216 5615 3401 5675 gustus
3430 5618 3520 5657 sa-

1939 5699 2050 5770 piat
2078 5701 2128 5754 in
2174 5699 2379 5770 palato,
2433 5697 2883 5754 considerandum
2927 5706 3008 5753 est
3055 5697 3138 5752 h'c
3166 5712 3332 5767 quare
3374 5694 3530 5761 disi,
