4032 6176
589 267 680 321 S‘ll
1816 267 1884 320 Μ.
1937 266 2139 322 AUliEl

2253 265 2650 322 CASSlODUlll
3753 272 3784 324 8
3793 273 3841 326 7:!

586 384 824 452 fatu-ibus
847 382 989 434 meis.
1041 377 1237 432 Fauces
1268 379 1407 431 cnim
1447 389 1572 433 sunt
1601 381 1828 448 gutturis
1855 381 2022 434 nostri
2057 383 2136 434 vim
2162 423 2174 442 ,
2209 383 2256 440 Α
2285 382 2454 451 facilis
2501 383 2819 436 intemlentes
2861 381 2994 436 velut
3045 384 3264 438 lucerna:
3317 384 3504 438 lucenti
3542 387 3592 438 iu
3635 387 3826 444 obscuro

583 475 798 542 ubijam
825 473 1078 540 dcglutita
1109 470 1340 524 dulcedo
1369 471 1510 524 nulla
1553 471 1800 524 se-ntitur.
1841 471 1944 526 Sed
1977 473 2064 541 qui
2103 473 2168 527 de
2271 479 2383 526 loco
2415 471 2498 542 (Il
2539 472 2680 526 l’etr.
2715 490 2764 538 ι,
2792 473 2902 540 l9).
2943 474 3034 529 Sic
3063 484 3118 528 et
3157 477 3272 544 ipse
3307 475 3555 530 Dominus
3597 479 3828 544 apostolis

583 567 812 636 eloquiis
857 565 1060 618 Domini
1105 573 1220 618 erat
1253 563 1496 617 absolute
1539 563 1778 618 dicturus
1802 608 1816 629 ,
1851 565 2169 618 mirabiliter
2271 563 2400 617 dicit
2429 581 2442 617 :
2473 563 2590 618 Sint
2622 564 2782 617 lumbi
2813 567 2960 616 vestri
3007 566 3289 632 prtccincti,
3339 575 3384 616 et
3433 569 3642 620 incerare
3671 576 3827 622 vesti-re

583 661 728 715 mam
761 667 964 726 partem
1013 657 1218 722 posuit;
1265 669 1318 708 ιιι
1351 658 1456 710 cito
1481 657 1544 710 nd
1577 657 1757 711 cordis
1803 660 1966 710 nostri
2001 674 2166 724 pone.
2273 655 2508 708 ardentes
2539 655 2691 728 (Luc.
2723 671 2821 720 xtl,
3001 658 3144 710 Bene
3187 667 3363 710 autem
3389 659 3614 712 ardentes
3653 659 3832 713 addidit

581 751 732 803 tralia
767 749 1089 814 perveniret.
1125 745 1343 814 Eloqnia
1365 748 1504 800 enim
1539 745 1743 799 Domini
1778 763 1882 800 non
1917 748 1968 800 in
1995 749 2170 814 palato
2273 753 2494 813 propter
2539 745 2770 816 virgines
2790 745 2998 808 fatuas,
3033 747 3226 814 quibus
3259 763 3378 800 cum
3420 750 3594 802 oleum
3623 749 3829 812 deiecit,

579 845 818 912 sapiunt.
856 841 950 894 sed
977 839 1144 908 magis
1171 855 1290 892 cum
1323 840 1520 892 tritu-int
1551 841 1808 910 dcglutita
1832 839 2168 894 dulcescunt.
2272 838 2338 889 ml
2369 836 2654 891 achntmn
2685 835 2879 906 Sponsi
2909 853 3014 891 non
3050 847 3342 906 potuerunt
3373 840 3686 907 prazstolari.
3717 839 3834 894 Ver-

578 936 861 1004 Sequitnr,
895 949 991 1000 sup
1023 947 1050 984 r
1080 931 1172 983 uel
1199 939 1244 984 et
1276 931 1444 996 fatum:
1472 931 1548 982 ori
1581 947 1712 992 meo.
1741 929 1846 984 Mel
1870 931 1935 985 ad
1971 930 2134 986 Vetus
2154 971 2168 995 ,
2273 932 2392 982 bum
2423 939 2599 984 autem
2642 929 2770 984 illud
2807 931 3264 986 consubstantiale
3293 931 3432 984 Patri
3465 947 3494 983 a
3525 941 3700 986 natura
3735 931 3834 986 dei-

579 1029 750 1095 {at-um
778 1027 841 1078 ad
873 1026 1074 1080 Novum
1109 1025 1342 1094 pertinet
1377 1027 1560 1094 utique
1581 1026 2007 1080 Testamentum.
2037 1026 2169 1081 Nam
2275 1022 2396 1075 tatis
2426 1037 2537 1074 Sine
2569 1021 2776 1074 lucerna
2813 1039 2917 1076 non
2945 1033 3120 1092 potest
3143 1023 3269 1086 dici,
3303 1025 3440 1094 quod
3467 1022 3714 1076 illuminat
3741 1040 3836 1076 om-

577 1121 704 1176 l'tcet
743 1131 968 1188 utraque
1011 1121 1120 1173 sint
1146 1119 1348 1182 dulcia,
1384 1129 1562 1172 tamen
1597 1119 1699 1188 favi
1729 1133 1890 1187 sapor
1925 1127 2010 1174 est
2043 1133 2171 1172 sua-
2273 1127 2387 1164 nem
2427 1111 2682 1166 hominem
2719 1114 3002 1166 uenientem
3042 1115 3096 1166 in
3135 1115 3271 1166 hunc
3303 1115 3550 1168 mundum
3580 1113 3726 1184 (Jaan
3787 1130 3830 1176 ι,

577 1212 696 1266 vior
721 1252 734 1274 ,
768 1211 892 1278 quia
917 1209 1090 1278 gratia
1119 1207 1377 1262 novitatis
1403 1209 1604 1277 majore
1625 1209 1949 1262 cumulatur.
1989 1209 2172 1264 Potest
2273 1201 2364 1272 9);
2399 1204 2539 1258 sicut
2568 1213 2622 1258 et
2672 1205 2786 1273 ipse
2809 1205 2876 1260 de
2907 1219 2966 1260 se
2998 1205 3127 1262 dicit
3157 1222 3170 1258 :
3208 1205 3316 1276 Ego
3347 1223 3460 1258 sum
3490 1207 3652 1258 ιιιιιιεη
3681 1207 3834 1260 mundi

578 1303 738 1355 etiam
784 1309 835 1354 et
891 1299 992 1352 mel
1023 1299 1250 1368 intelligi
1307 1307 1490 1366 aperta
1551 1299 1794 1352 doctrina
1843 1300 2168 1366 sapientiae:
2274 1295 2413 1366 (Id.,
2455 1311 2566 1361 vm.
2627 1296 2740 1366 tt).
2776 1297 2906 1351 Nam
2941 1298 3038 1358 i;ta
3075 1297 3330 1352 discretio
3377 1308 3433 1352 et
3477 1299 3532 1351 in
3572 1296 3833 1366 Evangelia

577 1395 748 1464 favum
797 1407 957 1456 vero,
1008 1407 1128 1462 qua:
1175 1391 1227 1444 in
1275 1391 1595 1460 quibusdam
1651 1389 1926 1459 profundis
1968 1391 2172 1446 eellulis
2275 1387 2412 1442 facta
2435 1399 2534 1448 est.
2571 1390 2660 1444 ubi
2683 1389 2750 1445 de
2778 1390 2983 1446 Jonnne
3009 1392 3210 1446 dictum
3241 1401 3362 1446 est:
3395 1389 3498 1446 Ille
3525 1403 3630 1446 erat
3651 1391 3834 1444 lucerna

581 1485 836 1554 probatur
865 1497 985 1538 esse
1025 1483 1319 1538 recondita.
1352 1483 1502 1550 Quod
1537 1493 1819 1551 utrumque
1851 1485 1901 1538 in
1932 1485 2174 1553 Scriptu-
2273 1482 2460 1532 ardens
2507 1489 2553 1533 et
2595 1483 2768 1536 lucens
2799 1480 2936 1549 (ld.,
2961 1499 2990 1537 v
3011 1525 3026 1544 .
3059 1483 3176 1553 55).
3207 1483 3272 1537 Et
3321 1484 3515 1538 iterum
3543 1501 3556 1536 :
3587 1481 3702 1536 Non
3721 1484 3832 1536 enim

577 1583 653 1634 ris
707 1579 904 1633 divinis
931 1593 1038 1632 non
1105 1587 1190 1631 est
1237 1576 1458 1630 dubium
1507 1577 1756 1645 reperiri.
1809 1577 2046 1644 Addidit,
2096 1577 2174 1632 ori
2276 1581 2387 1624 erat
2435 1573 2524 1624 ille
2549 1577 2752 1638 lumen,
2781 1575 3067 1642 sedulique
3091 1577 3274 1629 missus
3311 1585 3410 1640 est,
3439 1585 3496 1628 ut
3519 1575 3832 1630 testimonium

577 1669 962 1740 meo:qua'1do
993 1683 1180 1723 revera
1213 1670 1382 1737 ipsam
1424 1651 1778 1738 sapientiam,
1817 1685 1978 1738 quam
2009 1671 2172 1724 l'auci-
2273 1663 2558 1730 ρετιιὶῡενοε
2589 1664 2650 1716 de
2697 1665 2888 1720 lumine
2913 1664 3047 1736 (Id.,
3089 1683 3124 1732 ι,
3167 1667 3244 1734 8).
3294 1665 3570 1738 Sequitur,
3601 1681 3644 1724 et
3683 1669 3834 1726 lumen

577 1765 678 1820 bus
709 1763 1062 1832 iit-.glutiverat
1083 1801 1099 1824 ,
1147 1775 1240 1815 ore
1297 1763 1643 1830 prmdicabat.
1697 1762 1787 1818 Sic
1829 1773 1882 1816 ot
1916 1761 2168 1817 Ezechiel
2201 1749 2247 1808 Β
2275 1757 2464 1808 cernitis
2485 1757 2630 1810 nteit.
2661 1755 2714 1808 In
2743 1757 2931 1812 eadem
2957 1760 3299 1814 translatione
3323 1763 3634 1830 permansit,
3667 1773 3720 1818 ut
3743 1779 3832 1816 rer-

575 1856 836 1925 prOpbeta
859 1854 988 1908 dicit
1013 1853 1078 1907 de
1101 1853 1359 1907 Domino:
1389 1851 1456 1905 Et
1477 1853 1550 1905 ait
1570 1853 1637 1905 ad
1659 1869 1764 1908 me:
1789 1851 1895 1906 Fili
1925 1855 2165 1920 hominis,
2273 1848 2388 1900 bum
2433 1847 2665 1915 Domini,
2693 1849 2744 1903 id
2774 1860 2858 1904 est
2885 1851 3022 1905 diela
3065 1852 3452 1921 prophetarum
3519 1853 3684 1908 lumen
3709 1855 3828 1910 dicat

575 1949 710 2014 quod
734 1947 966 2001 inuenisti
989 1945 1264 2010 manduca,
1293 1954 1339 1999 et
1363 1948 1548 1998 devora
1571 1947 1806 1999 volumen
1829 1945 1944 2012 hoc,
1973 1957 2019 2000 et
2044 1949 2170 2000 uade
2271 1943 2384 1998 suis
2411 1945 2602 1997 semitis
2633 1944 2968 2010 prtestitisse.
3011 1945 3112 2000 Per
3143 1947 3283 2014 ipsas
3311 1948 3610 2016 siquidem,
3635 1951 3749 2004 dum
3775 1951 3828 2004 ad

574 2051 618 2096 et
648 2039 851 2110 loquere
880 2039 948 2091 ad
987 2039 1196 2090 domum
1233 2036 1415 2092 Israel.
1463 2037 1528 2090 Et
1571 2037 1878 2092 manducavi
1923 2039 2080 2104 illud,
2123 2051 2170 2094 et
2273 2037 2395 2091 vita:
2426 2037 2581 2090 bona:
2606 2053 2820 2090 cursum
2847 2039 3182 2106 instruimur,
3209 2040 3490 2094 clarilicuti
3513 2040 3670 2095 corda:
3693 2041 3828 2096 rectis

577 2137 846 2187 ’actumest
869 2135 920 2186 in
944 2147 1151 2186 oremeo
1171 2131 1301 2183 sicut
1325 2131 1426 2184 mel
1449 2129 1831 2200 dulce(Ezech.
1851 2146 1928 2198 Ill,
1948 2129 2066 2198 1,2,
2086 2131 2164 2198 5).
2276 2127 2408 2197 [edn
2441 2129 2681 2200 dimotis]
2703 2129 2975 2200 gressibus
3005 2129 3370 2184 amlmlamus.

647 2223 802 2277 Vers.
853 2221 974 2276 104.
1021 2221 1064 2274 Λ
1109 2222 1364 2275 mandatis
1421 2221 1521 2275 tuis
1567 2219 1795 2275 intellexi
1835 2239 1854 2276 :
1892 2233 2166 2293 prapterca
2343 2221 2498 2274 V'crs.
2532 2221 2655 2275 lOG.
2680 2218 2862 2274 Jurar-i
2904 2233 2950 2274 et
2970 2221 3128 2274 statui
3152 2223 3412 2276 custodire
3424 2223 3624 2295 judicia
3641 2223 3828 2294 justitiw

575 2316 708 2368 adis-1'
747 2330 943 2366 onmem
977 2313 1108 2364 riam
1137 2312 1444 2380 iniquitatis.
1481 2311 1674 2381 Legem
1701 2311 1914 2367 Domini
1945 2314 2168 2368 edoctus
2275 2323 2396 2368 tute.
2425 2312 2556 2366 Post-
2581 2312 2726 2366 illam
2759 2313 3202 2368 illuminationem
3233 2315 3412 2382 verbi,
3441 2331 3593 2383 quam
3618 2315 3720 2370 suis
3743 2329 3824 2384 pe-

575 2416 889 2475 acceperat:
925 2403 1052 2471 Fili,
1087 2405 1192 2458 noli
1217 2405 1478 2459 ainbulare
1507 2407 1640 2458 viam
1665 2423 1778 2460 cum
1805 2407 1977 2478 impiis
2020 2425 2040 2462 :
2080 2409 2164 2461 tli-
2269 2405 2428 2462 dibus
2455 2407 2634 2460 lucere
2659 2405 2934 2475 professus
2955 2415 3066 2471 cst,
3100 2405 3384 2462 videamus
3413 2409 3456 2462 si
3487 2409 3698 2477 populus
3723 2408 3824 2463 bea-

577 2511 709 2553 verte
751 2507 916 2551 autem
967 2497 1144 2565 pedem
1190 2508 1332 2550 tuum
1375 2496 1436 2547 ab
1483 2497 1750 2550 itineribus
1777 2514 1984 2564 eorum;
2017 2501 2164 2566 poles
2271 2507 2355 2552 tus
2383 2507 2572 2552 contra
2604 2505 2926 2568 prmceptum
2951 2497 3180 2566 potuerit
3200 2501 3391 2568 jurare
3411 2541 3425 2561 ,
3458 2515 3574 2554 cum
3601 2499 3822 2568 scriptum

579 2594 710 2646 enim
748 2609 920 2646 eorum
973 2592 1025 2642 iu
1065 2589 1313 2641 ma'itiam
1363 2599 1570 2641 currunt
1595 2632 1610 2652 ,
1643 2599 1690 2642 et
1731 2590 1923 2642 celoces
1955 2603 2070 2644 sunt
2097 2593 2165 2644 ad
2267 2593 2338 2647 sit
2363 2591 2416 2645 in
2451 2589 2738 2658 Evangelio
2765 2604 2778 2644 :
2809 2589 2927 2644 Non
2957 2589 3152 2656 iurabis
3173 2589 3344 2660 415
3369 2606 3524 2660 neque
3548 2607 3632 2661 per
3649 2592 3819 2660 caelum,

577 2682 944 2750 eﬂ'untlrndum
973 2679 1276 2750 sanguinem
1303 2677 1483 2742 (Prov.
1517 2695 1556 2743 ι,
1589 2681 1677 2734 l5.
1715 2681 1825 2749 1(5).
1876 2683 2166 2737 Audiverat
2269 2699 2432 2754 neque
2479 2697 2570 2751 per
2611 2691 2820 2745 terram,
2852 2695 3010 2750 neque
3039 2697 3127 2750 per
3155 2678 3552 2752 Jerosolymam,
3584 2669 3728 2749 neque
3753 2695 3819 2748 ρει

575 2759 738 2828 etiam
767 2791 780 2826 :
814 2773 1100 2826 Perdidisti
1127 2787 1301 2824 omnes
1330 2771 1416 2840 qui
1445 2771 1766 2836 fornicantur
1789 2775 1876 2826 abs
1903 2785 1950 2827 te
1979 2774 2157 2846 (I’sal.
2267 2783 2420 2842 caput
2459 2783 2602 2826 tuum
2650 2771 2874 2842 (Matth.
2906 2787 2959 2838 v,
3002 2770 3146 2840 54),
3193 2781 3248 2826 et
3275 2785 3497 2828 cmtera.
3545 2771 3644 2828 Sed
3670 2773 3821 2842 jurare

509 2867 512 2872 ’
577 2881 740 2930 Lxxn,
771 2854 884 2932 9.7).
935 2863 1001 2917 Et
1047 2863 1216 2916 alibi:
1257 2861 1358 2928 Qui
1395 2863 1608 2932 diligitis
1659 2863 1934 2918 Dominum
1960 2908 1974 2929 ,
2027 2867 2164 2920 adite
2269 2853 2373 2920 non
2421 2879 2637 2934 semper
2665 2863 2934 2933 signiﬁcat
2963 2872 3304 2918 sacramenta
3339 2874 3624 2934 pra-stare,
3655 2864 3702 2917 in
3724 2861 3810 2932 qui-

577 2958 768 3010 malum
799 2953 973 3024 (Psal.
1022 2969 1164 3018 xcw,
1205 2951 1314 3024 10).
1341 2953 1404 3008 Et
1433 2963 1624 3010 czetcra
1655 2973 1772 3024 qum
1797 2957 1849 3010 in
1883 2957 2022 3012 hunc
2050 2975 2164 3014 mo-
2267 2958 2365 3012 bus
2395 2955 2694 3011 invocanda
2739 2957 3081 3010 Divinilatem
3115 2956 3446 3024 pollicemur
3467 3002 3482 3026 ,
3527 2973 3592 3011 ne
3629 2957 3816 3027 promis-

579 3049 706 3103 dum
734 3047 914 3102 divina
943 3047 1178 3100 lectione
1211 3044 1418 3114 prolata
1447 3055 1592 3101 sunt.
1625 3046 1774 3100 'l‘alia
1805 3051 2005 3117 quipne
2033 3049 2157 3104 dum
2267 3050 2446 3104 siones
2469 3059 2680 3104 nostras
2721 3049 3050 3104 mutabiliter
3080 3049 3438 3104 excedamus.
3471 3049 3560 3108 Sic
3587 3060 3636 3106 ct
3663 3061 3818 3104 sancta

578 3144 835 3198 atullisset
867 3143 920 3196 in
953 3139 1218 3195 mandatis
1251 3141 1486 3206 Domini,
1515 3141 1646 3194 viam
1675 3143 1960 3212 iniquitatis
1999 3145 2158 3200 intel-
2191 3127 2234 3188 C
2267 3142 2479 3196 devotio
2503 3142 2820 3197 decreverat
2848 3140 2949 3195 sibi
2977 3149 3136 3210 atque
3159 3144 3522 3198 constituerat
3545 3143 3676 3198 inter
3699 3157 3818 3211 quat-

577 3237 700 3292 lcsit
745 3236 1070 3291 omnimodis
1121 3233 1510 3288 exsecrandum
1538 3275 1552 3298 ,
1591 3251 1710 3303 qua:
1745 3236 1894 3306 justo
1939 3237 2166 3294 Domino
2267 3237 2658 3307 libetpericuia
2683 3237 2894 3294 Domini
2921 3237 3580 3310 custodire_iudicia.Natn
3603 3239 3816 3306 etipsum

576 3333 788 3397 placere
815 3345 917 3382 non
953 3336 1178 3394 poterat.
1211 3327 1344 3380 Ollio
1377 3327 1519 3382 enim
1549 3327 1745 3382 debent
1767 3333 2030 3400 esse'qure
2061 3347 2164 3386 διιε-
2269 3345 2461 3384 nomen
2489 3329 2690 3382 indicat
2715 3344 2962 3390 causam;
3006 3330 3192 3401 jurare
3221 3331 3378 3386 enim
3421 3341 3502 3386 est
3525 3331 3642 3400 jure
3669 3343 3814 3384 orare.

575 3419 678 3472 mli
713 3429 863 3478 siml,
897 3417 1140 3486 ut_rebus
1170 3415 1482 3469 cmlesttbus
1523 3426 1666 3470 totus
1708 3417 2048 3485 impendatur
2077 3421 2164 3474 ai-
2267 3423 2322 3477 1d
2366 3431 2448 3477 cst
2479 3421 2784 3490 tenuitatem
2823 3423 3004 3478 dicere
3046 3439 3060 3475 :
3107 3437 3173 3478 ne
3221 3424 3360 3477 velit
3403 3423 3656 3494 quispiam
3699 3419 3812 3491 quoi

583 3507 768 3562 fectus.
811 3508 968 3562 Decet
1009 3507 1150 3561 enim
1194 3521 1292 3560 nos
1322 3508 1602 3561 exsecrari
1658 3525 1774 3579 quas
1821 3512 1959 3565 mala
2008 3525 2162 3580 ειιιιι,
2270 3515 2516 3574 promisit
2547 3513 2600 3568 in
2639 3525 2844 3583 partem
2892 3514 3118 3568 alterum
3170 3513 3432 3570 seductus
3464 3523 3710 3569 avertero.
3745 3509 3814 3565 Sic

571 3601 694 3665 quia
726 3597 994 3653 interdum
1029 3613 1054 3650 a
1083 3600 1264 3667 pravis
1291 3599 1613 3654 necessitate
1638 3603 2006 3672 prohibemur;
2035 3623 2165 3674 quo-
2266 3607 2408 3660 enim
2450 3605 2656 3674 jurant,
2693 3603 2744 3658 id
2788 3613 2876 3659 est
2921 3605 3072 3660 ﬁrmo
3123 3606 3467 3660 constituunt
3513 3605 3702 3668 sancti,
3741 3603 3810 3669 qui

575 3693 716 3743 ιιίλιιιι
746 3689 994 3741 conscius
1017 3703 1202 3741 eorum
1237 3688 1454 3742 videtur
1481 3689 1715 3756 animos,
1745 3693 1830 3761 qui
1856 3694 2030 3763 aliqua
2061 3695 2163 3752 illis
2262 3699 2372 3769 jam
2418 3707 2544 3751 sunt
2571 3699 2712 3751 dono
2759 3696 2971 3751 Duntini
3007 3697 3271 3754 roborati.
3321 3699 3376 3754 In
3427 3697 3688 3768 evangelio
3713 3709 3809 3748 vett!

571 3783 925 3836 deet-talione
954 3778 1319 3832 Consenscrit.
1353 3779 1736 3845 Sequestratur
1765 3795 1942 3837 autem
1964 3785 2030 3839 ab
2059 3784 2162 3839 illis
2265 3788 2514 3858 prohibet
2549 3789 2808 3843 Dominus
2833 3789 3098 3852 inﬁrmos,
3133 3789 3225 3859 qui
3255 3799 3478 3846 venerat
3509 3790 3572 3842 ad
3599 3813 3605 3840 ί
3628 3787 3809 3842 ειτιύιοι

571 3871 736 3925 rebus
770 3869 1014 3923 voluntas
1045 3867 1302 3933 fidelium,
1347 3883 1464 3936 qua:
1493 3869 1616 3924 odio
1659 3870 2026 3929 intercedente
2063 3875 2162 3930 da-
2264 3879 2586 3950 sauciosque
2613 3881 2923 3948 salvandos,
2961 3897 3028 3934 ne
3059 3881 3230 3936 velint
3265 3891 3471 3938 temere
3501 3881 3804 3952 promittere.

571 3971 884 4024 mutaverat;
917 3972 972 4014 ut
1004 3975 1102 4014 nec
1147 3971 1272 4014 voto
1325 3975 1422 4015 nec
1473 3964 1784 4031 operatione
1833 3979 1891 4020 se
1933 3967 2156 4036 polluat,
2263 3972 2404 4042 quod
2448 3987 2782 4041 nequaquam
2831 3982 3077 4042 poterant
3123 3973 3236 4028 suis
3285 3975 3492 4029 viribus
3533 3973 3803 4041 adimplere.

568 4051 658 4120 qui
693 4061 926 4105 mentem
957 4066 1108 4105 suam
1143 4051 1234 4104 tali
1265 4054 1640 4108 exsecratione
1669 4055 1932 4122 puriﬁcat.
2261 4061 2472 4117 Judicia
2497 4079 2628 4118 vero
2647 4064 2870 4135 justitite
2898 4075 3044 4128 sunt,
3075 4080 3198 4119 cum
3223 4067 3432 4122 exultat
3457 4065 3708 4130 llutniles,
3735 4063 3804 4117 dc-

643 4141 797 4195 V'ers.
829 4141 1137 4196 lOS.—‘-xtv.
1167 4143 1298 4198 Non.
1331 4143 1560 4196 Lucerna
1583 4147 1794 4212 pedibus
1809 4149 1932 4202 meis
1953 4151 2158 4204 verbum
2257 4155 2375 4225 jicit
2395 4155 2678 4225 superbos,
2709 4165 2763 4210 et
2797 4155 3178 4212 lnisericordiat
3203 4173 3317 4212 sua:
3346 4158 3490 4214 deuo
3520 4159 3706 4214 relevat
3729 4157 3804 4210 llu-

570 4245 738 4298 tuum,
771 4233 1018 4300 Domine,
1051 4245 1098 4286 et
1141 4235 1309 4288 lumen
1356 4237 1546 4289 semitis
1579 4239 1720 4290 meis.
1773 4239 1898 4294 Post
1943 4243 2156 4298 tertiam
2265 4249 2378 4304 mili
2417 4249 2789 4303 satisfactione
2831 4257 3147 4315 prostratos.
3181 4247 3338 4315 Quod
3381 4265 3607 4321 sequens
3647 4261 3804 4304 versus

571 4325 831 4378 decimam
867 4325 1096 4376 litteram
1126 4324 1189 4376 ad
1219 4337 1462 4392 quartam
1487 4327 1750 4382 decimam
1775 4333 1970 4386 cohors
1999 4333 2153 4390 beata

565 4416 840 4484 pervenit,
871 4415 920 4466 in
963 4431 1064 4484 ιιιιι
1106 4415 1316 4485 pedicas
1346 4418 1458 4470 suis
1499 4419 1754 4474 Dominici
1791 4423 1938 4478 verbi
1978 4425 2146 4480 ltuueu

2295 4343 2511 4396 stendit.

2258 4359 2511 4398 oswnott.

2331 4432 2480 4486 Vers.
2517 4431 2638 4487 107.
2669 4431 2988 4486 Ilumiliatus
3015 4449 3126 4486 sum
3164 4449 3544 4504 usquequaque,
3581 4431 3802 4504 Domina:

563 4505 768 4558 radiare
797 4505 1116 4572 congaudci,
1153 4507 1384 4559 animum
1419 4523 1568 4562 suam
1602 4509 1896 4568 humillima
1925 4517 2136 4570 satisia-
2175 4514 2222 4573 Ι)
2245 4527 2444 4594 vini/ica
2461 4544 2538 4581 me
2555 4526 2836 4580 secundum
2856 4525 3060 4580 verbum
3082 4535 3246 4579 tuum.
3263 4525 3398 4581 Cum
3417 4523 3800 4581 scdicantChri'

561 4599 737 4652 etione
766 4597 1148 4650 commendans
1183 4616 1194 4650 :
1235 4611 1495 4666 expetens
1531 4603 1909 4660 retributiones
1933 4607 2146 4664 Domini

561 4688 900 4757 prmminrtllli
944 4687 1241 4753 desiderio,
1275 4705 1382 4742 non
1421 4699 1630 4748 terrore
1658 4693 1923 4752 vindictae.
1959 4699 2147 4756 Sciens

561 4795 689 4850 ergo
716 4779 871 4849 hujus
909 4780 1089 4836 srcculi
1125 4791 1335 4836 noctem
1383 4783 1608 4839 diversis
1653 4765 2037 4848 oliensidnibus
2077 4797 2148 4850 ir-

559 4871 774 4925 relitam
797 4913 811 4934 ,
845 4879 902 4924 ut
935 4872 1058 4924 alibi
1095 4873 1343 4941 laqueos,
1380 4875 1504 4930 alibi
1542 4881 1816 4949 scopulos,
1853 4883 1976 4939 alibi
2015 4901 2143 4941 con-

561 4963 725 5013 tinent
749 4975 782 5029 ῃ
813 4961 1192 5018 ofundissimas
1226 4967 1520 5034 vastitates,
1547 4973 1758 5039 pedibus
1787 4977 1896 5029 suis
1941 4981 2142 5032 verbum

559 5054 766 5108 Domini
795 5053 974 5110 lucere
1006 5066 1262 5120 testatur;
1300 5075 1365 5113 ne
1398 5063 1634 5116 absentia
1662 5067 1774 5120 veri
1811 5067 2028 5125 luminis
2061 5073 2140 5126 in-

555 5145 696 5198 cidat
729 5145 780 5198 in
813 5145 1042 5208 ruinam,
1071 5163 1228 5208 quam
1261 5165 1352 5216 per
1375 5165 1524 5206 suam
1559 5155 1943 5219 providentiam
1967 5163 2139 5218 vitare

555 5245 912 5304 nonpoteral.
965 5237 1070 5292 Sed
1105 5237 1190 5292 hic
1237 5241 1440 5293 verbum
1495 5243 1624 5298 illud
1673 5247 1832 5302 debet
1889 5251 2134 5326 intelligi,

554 5328 692 5396 quod
725 5341 817 5394 per
849 5327 1159 5396 Scripturas
1199 5341 1414 5386 sanctas
1442 5335 1822 5402 prapbetarum
1853 5357 1946 5393 (ιι-η
1975 5349 2133 5400 semi-

551 5425 732 5470 natum
765 5425 866 5470 est.
895 5417 1048 5482 Qttod
1079 5419 1214 5474 bene
1239 5422 1528 5488 appellavit
1567 5424 1855 5496 lucernam,
1888 5447 2006 5502 qua:
2037 5437 2132 5490 bu-

552 5509 725 5560 manis
747 5507 1074 5580 usibnsdata
1097 5521 1178 5564 est
1206 5511 1270 5566 ad
1311 5512 1682 5583 depellendam
1713 5523 1883 5578 noctis
1909 5527 2132 5595 profun-

551 5598 822 5650 dissimam
868 5603 1192 5665 ctecitatem;
1247 5605 1382 5659 sicut
1437 5607 1628 5664 Petrus
1669 5617 1940 5680 apostolus
1966 5619 2131 5676 dicit:

558 5685 813 5742 (latemus
845 5693 1104 5746 certiorem
1123 5695 1482 5762 propheticum
1513 5717 1820 5767 sermonem,
1851 5709 1935 5762 cui
1981 5711 2130 5768 bene-

2257 4619 2324 4674 SIi
2343 4617 2580 4672 membra
2615 4616 2770 4671 nimis
2787 4617 3078 4682 humiliata,
3093 4617 3388 4673 multarum
3411 4619 3796 4687 persecutionum

2255 4725 2314 4765 se
2340 4710 2626 4764 ostendunt
2653 4711 2972 4764 sustinuisse
2999 4711 3269 4779 pericula;
3309 4721 3366 4768 et
3402 4713 3520 4766 idco
3551 4717 3717 4779 petunt
3749 4721 3798 4760 se

2252 4803 2544 4856 secundum
2581 4801 2962 4870 promissionvs
3001 4801 3214 4857 Domini
3259 4803 3506 4872 uici/icari
3533 4817 3552 4856 :
3579 4799 3792 4872 quoniam

2249 4895 2304 4948 in
2353 4905 2524 4948 morte
2581 4893 2900 4948 videbantur
2950 4895 3226 4948 constituti
3278 4895 3582 4948 conditio‘nc
3624 4887 3792 4945 carnali

2247 4983 2391 5056 [mss.
2426 4986 2510 5048 Α.,
2537 4983 2623 5050 Β.,
2663 4983 2751 5050 l".,
2785 4985 3067 5056 carnales).
3103 4985 3402 5040 Secundum
3429 4987 3786 5038 rcrbumtuuct.

2247 5077 2452 5131 scilicet
2485 5077 2894 5144 promiSsinucm
2923 5077 3064 5130 illam
3087 5093 3202 5146 quae
3233 5077 3367 5131 dicit
3393 5093 3406 5129 :
3435 5077 3602 5129 Venite
3627 5075 3687 5127 ad
3705 5084 3786 5128 mc.

2249 5183 2419 5219 omnes
2449 5167 2536 5232 qui
2565 5167 2810 5220 laboratis
2855 5177 2900 5220 et
2932 5169 3122 5221 onerati
3144 5169 3285 5230 estis,
3311 5177 3358 5220 et
3384 5183 3472 5237 ego
3493 5167 3785 5230 reficiamm

2243 5257 2456 5326 (illeilli.
2483 5275 2557 5321 XI,
2581 5257 2699 5324 28),
2735 5267 2788 5312 ct
2815 5257 2897 5310 bis
2931 5259 3144 5312 similia.
3172 5258 3362 5312 Sciunt
3392 5260 3546 5311 ctiam
3571 5273 3655 5325 per
3673 5255 3784 5308 hanc

2243 5351 2599 5406 lnnnilitatem
2645 5351 2926 5404 Dotninnm
2972 5349 3244 5405 Christum
3279 5349 3472 5404 diabltlt
3502 5351 3675 5401 vicisse
3705 5360 3782 5396 su—

2241 5441 2478 5508 perbiam
2545 5459 2554 5492 :
2614 5443 2789 5496 sciunt
2853 5458 2946 5508 per
3005 5440 3318 5508 patientiam
3387 5443 3567 5494 mimis
3641 5437 3778 5502 ἱρείας

2239 5535 2394 5586 l'ortia
2427 5545 2674 5604 superata
2704 5553 2717 5590 :
2745 5537 2917 5589 sciunt
2949 5535 3128 5588 omnia
3169 5547 3482 5602 perpessum
3515 5531 3777 5590 hominum,

2237 5639 2355 5691 quae
2415 5627 2613 5678 sanctis
2671 5626 2782 5680 suis
2839 5625 3090 5694 prtecepit
3139 5623 3432 5678 sustinere.
3503 5623 3560 5676 Et
3619 5619 3778 5672 ιιιεείιιῖ

2239 5715 2532 5774 humilitate
2555 5733 2649 5774 sua
2677 5729 2866 5788 petunt
2904 5718 3164 5788 remedia,
3203 5731 3300 5785 per
3325 5731 3443 5788 qua:
3471 5729 3525 5770 se
3557 5715 3776 5768 noverant
