4032 6176
306 397 404 452 875

1203 389 1558 446 EXPOSITIO
1599 388 1662 444 IN
1693 385 2142 445 PSALTERIUM.
2188 386 2375 441 I‘SAL.
2419 386 2648 444 CXVIII.

3466 385 3569 443 87,5

301 526 412 566 esse
438 507 741 563 εθινειηδος.
782 507 880 561 Per
915 508 1051 560 banc
1089 504 1249 574 igitur
1296 503 1484 559 ﬁdeles
1521 517 1682 573 supra
1717 515 1876 570 regna
1909 501 1955 559 A
1991 497 2113 567 Reg.
2152 515 2244 563 xv,
2275 499 2404 567 ‘20);
2439 501 2553 568 ipse
2573 498 2702 553 Cain
2739 499 2907 553 livore
2929 498 3108 553 fratris
3137 497 3386 554 astrinxit
3413 496 3570 570 (Gen.

299 602 599 665 proﬁciunt,
646 615 739 668 per
787 598 922 652 lianc
961 596 1210 665 superbia
1245 597 1524 665 tyrannica
1563 599 1874 658 superatur,

297 709 390 761 per
421 693 558 748 hanc
593 692 645 746 in
692 699 952 745 artcrnum
987 698 1251 759 martyres
1295 687 1507 752 vivunt;
1559 700 1657 741 nec
1701 690 1880 755 potest

295 785 393 840 dici
427 782 696 853 perfectus
721 783 808 850 qui
843 781 940 835 hac
970 781 1164 835 virtute
1196 781 1433 848 privatus
1464 787 1565 833 est.

367 874 516 929 Vers.
555 873 674 928 108.
715 871 1021 926 Voluntaria
1046 871 1148 926 oris
1178 869 1276 923 mei
1301 867 1613 938 beneplacita
1641 869 1746 938 fac,
1777 867 1881 919 Do-

295 969 446 1031 mine,
481 974 528 1020 et
551 966 754 1036 judicia
784 975 875 1018 tua
900 952 1026 1019 doce
1054 979 1150 1018 me.
1181 961 1312 1017 Cum
1343 977 1400 1016 se
1427 961 1754 1015 humiliatum
1784 975 1877 1014 su-

301 1058 479 1126 purius
531 1056 724 1111 dixerit
764 1070 1151 1126 usquequaque,
1188 1069 1255 1108 ne
1292 1054 1436 1108 illam
1482 1053 1879 1106 inciinationem

295 1149 634 1204 necessitatis
664 1149 841 1218 potius
864 1147 1028 1202 fuisse
1052 1145 1303 1211 sentires,
1337 1145 1560 1211 addidit,
1594 1145 1881 1198 voluntaria

294 1242 394 1293 oris
421 1239 502 1294 sui
527 1239 788 1294 sacrificia
811 1240 956 1306 justo
981 1238 1208 1292 Domino
1232 1237 1347 1292 ﬁeri
1377 1237 1534 1306 posse
1554 1238 1880 1307 gratissima,

293 1344 410 1398 quae
442 1330 582 1384 inter
608 1330 891 1385 sinvientes
920 1331 1195 1397 angustias
1219 1331 1333 1399 pius
1360 1331 1568 1383 animus
1598 1327 1876 1383 offerebat.

294 1425 500 1481 Laudes
523 1425 663 1481 enim
685 1426 764 1481 vel
789 1425 841 1480 in
862 1426 972 1479 otio
991 1425 1216 1480 Domino
1238 1424 1493 1480 exhibere
1515 1425 1880 1494 gratissimum

295 1525 405 1582 est;
434 1516 526 1571 sed
556 1517 607 1570 in
639 1516 982 1572 tribulatione
1023 1516 1256 1586 amplius
1295 1517 1552 1587 probatur
1599 1516 1877 1581 eximium,

297 1607 506 1678 quando
535 1607 816 1661 infirmitas
857 1606 1099 1676 corporis
1130 1606 1318 1662 dolore
1349 1621 1530 1674 pressa
1563 1622 1668 1661 non
1701 1607 1878 1662 vinci-

297 1712 400 1764 tur,
431 1698 522 1754 sed
549 1708 672 1753 tunc
712 1699 880 1768 magis
915 1698 1091 1752 anima
1138 1697 1260 1753 felix
1304 1700 1355 1752 in
1396 1698 1604 1753 Domini
1633 1699 1880 1754 laudibus

297 1791 574 1847 excitatur.
632 1790 749 1844 Oris
783 1799 961 1844 autem
992 1790 1281 1844 voluntaria
1310 1789 1569 1845 sacriﬁcia
1598 1798 1744 1856 sunt,
1776 1790 1875 1845 de-

1985 605 2056 656 tv,
2081 591 2135 660 8)
2156 631 2170 654 ,
2191 599 2245 645 et
2269 591 2351 644 bis
2378 592 2570 646 similia
2591 607 2709 660 qua:
2737 591 2789 645 in
2819 591 2973 660 hujus
2997 589 3176 645 saeculi
3205 590 3571 660 longissimam

1982 671 2144 736 vitam
2196 680 2459 736 diabolica
2516 680 2714 752 jugitcr
2763 690 3038 752 grassatur
3078 681 3307 735 insania.
3364 680 3420 734 In
3474 680 3573 732 hac

1983 771 2128 825 enim
2161 773 2342 826 mundi
2372 773 2502 826 silva
2536 782 2606 826 toi
2639 774 2856 842 laqueos
2881 772 3109 834 invenis,
3144 783 3268 842 quot
3293 772 3416 826 vitia
3445 786 3574 826 con-

1985 862 2170 918 tueris.
2219 864 2323 919 Sed
2357 865 2584 935 collegio
2626 866 2710 919 isti
2752 876 2936 920 sancto
2967 866 3098 920 nihil
3132 876 3401 920 terrenum
3437 880 3573 935 prie-

1987 958 2162 1013 valere
2187 958 2376 1026 potuit,
2405 959 2493 1028 qui
2523 973 2581 1012 se
2612 959 2821 1014 caelesti
2849 958 3256 1014 conversatione
3288 960 3537 1015 tractavit
3558 999 3573 1022 ,

1983 1049 2120 1104 sicut
2149 1050 2200 1104 itt
2225 1051 2330 1104 a‘io
2358 1051 2561 1119 psalmo
2592 1051 2756 1104 dicit:
2791 1051 2976 1104 Anima
3007 1056 3181 1104 nostra
3226 1052 3355 1103 sicut
3401 1067 3577 1119 passer

1983 1155 2153 1207 erepta
2183 1153 2258 1198 est
2283 1145 2345 1198 de
2375 1145 2550 1212 laqueo
2580 1146 2888 1199 venantium.
2935 1144 3160 1214 Laqueus
3183 1145 3433 1197 contritus
3476 1155 3573 1208 est,

1984 1249 2028 1290 et
2062 1255 2153 1291 nos
2185 1237 2386 1290 liberati
2412 1256 2588 1294 sunms
2618 1231 2788 1310 (Psal.
2829 1254 3018 1304 cxxttt,
3052 1238 3130 1307 ἲ).
3162 1237 3410 1307 Sequitur
3439 1240 3574 1290 anti-

1981 1327 2161 1381 dotum
2191 1328 2434 1392 cash-ste,
2481 1329 2620 1398 quod
2663 1336 2849 1382 contra
2884 1329 3038 1384 istius
3072 1329 3252 1382 smculi
3293 1328 3577 1398 cognosci-

1986 1429 2073 1476 tur
2117 1436 2319 1476 venena
2371 1438 2641 1492 pugnare;
2690 1423 2894 1477 scilicet
2943 1423 3194 1492 quoniam
3241 1439 3270 1475 α
3317 1421 3576 1475 mandatis

1987 1511 2198 1565 Do‘mini
2233 1513 2454 1567 minimc
2481 1513 2789 1569 declinavit.
2825 1514 2904 1568 Ab
2935 1513 3037 1568 illis
3055 1496 3198 1569 enim
3231 1515 3317 1584 qui
3349 1529 3452 1569 non
3479 1514 3574 1566 (Ie-

1981 1604 2168 1670 clinat,
2202 1604 2304 1658 ulla
2338 1605 2656 1670 deceptione
2684 1620 2796 1660 non-
2820 1605 3069 1675 capitur:
3102 1606 3220 1674 quia
3250 1604 3399 1674 juxta
3430 1605 3569 1673 ips-tt,

1989 1693 2093 1751 nou
2120 1697 2171 1749 in
2197 1696 2324 1763 ipsis
2358 1696 2569 1750 insidia,-
2601 1706 2744 1750 sunt.

2055 1785 2209 1840 Vers.
2244 1785 2365 1840 111.
2428 1785 2745 1841 [hereditate
2787 1787 3030 1855 acquisiui
3061 1788 3345 1842 testimonia
3385 1797 3473 1864 tua
3519 1789 3572 1844 in

297 1883 565 1938 votionem
599 1881 770 1937 laudis
797 1881 1012 1948 oII'crt'e,
1043 1897 1148 1936 non
1187 1881 1414 1949 alicujus
1450 1881 1733 1936 mundana:
1775 1884 1874 1937 uti-
1908 1881 1954 1941 B
1979 1887 2224 1934 trternum
2251 1897 2270 1933 :
2297 1880 2418 1950 quia
2444 1881 2716 1934 exsultatio
2738 1881 2903 1934 cordis
2933 1882 3029 1934 mei
3054 1891 3189 1934 sunt.
3240 1880 3419 1936 Multis
3447 1883 3572 1952 qui-

298 1975 475 2029 litatis-
503 1961 771 2045 respectu,
814 1973 908 2027 sed
953 1973 1187 2043 propriae
1224 1973 1525 2029 devotionis
1561 1974 1780 2036 intuitu;
1822 1985 1879 2030 ut

296 2070 470 2138 ipsum
511 2076 735 2138 propter
777 2080 836 2122 se
885 2067 1166 2121 Dominum
1210 2066 1492 2135 diligamus
1519 2085 1531 2121 :
1558 2083 1879 2124 veneremur

297 2162 602 2222 Auctorem,
637 2161 724 2226 qui
755 2157 885 2225 pluit
913 2171 1068 2224 super
1105 2158 1280 2227 justas
1318 2167 1367 2211 et
1397 2158 1615 2226 injustas
1659 2157 1874 2226 (Matth.

297 2268 351 2313 v,
384 2251 498 2320 45),
528 2249 619 2319 qui
649 2248 1089 2304 inaestimabilitcr
1129 2249 1302 2304 bonus
1334 2259 1438 2304 est.
1473 2249 1614 2304 Petit
1648 2254 1775 2320 (ἐι-ες)
1823 2262 1877 2306 ut

296 2342 412 2410 ejus
441 2340 653 2395 devotio
687 2339 910 2393 Domino
935 2338 1190 2393 reddatur
1210 2331 1464 2409 accepta;
1490 2351 1754 2411 quatenus
1779 2344 1879 2397 hac

296 2432 568 2487 oblatione
596 2429 858 2499 placatus,
879 2429 1082 2500 judicia
1111 2442 1204 2483 sua
1236 2444 1358 2484 eum
1382 2430 1580 2497 doceat,
1611 2447 1730 2502 qua:
1753 2431 1883 2487 ﬁde-

296 2525 434 2580 libus
471 2525 720 2594 dignatur
756 2523 1026 2578 mentibus
1049 2523 1282 2593 aperire.
1323 2522 1430 2579 Sed
1477 2523 1881 2580 consideremus

296 2618 582 2688 gloriosum
614 2617 792 2672 cordis
824 2615 1095 2679 ardorem,
1138 2622 1194 2668 ut
1219 2603 1326 2668 illa
1362 2629 1575 2683 semper
1605 2613 1759 2668 avide
1792 2629 1883 2682 pe-

297 2720 396 2775 tat,
428 2727 548 2780 qute
571 2725 630 2764 se
665 2708 862 2778 saepius
891 2707 1168 2777 accepisse
1207 2715 1627 2774 commemorat,
1662 2707 1799 2761 sicut
1829 2707 1882 2761 in

295 2818 433 2858 nona
464 2802 642 2857 littera
669 2801 832 2857 dicit:
865 2799 1154 2856 Bonitatem
1183 2800 1350 2871 feciin
1375 2815 1489 2852 cum
1514 2815 1655 2853 servo
1679 2807 1789 2854 tuo.
1818 2799 1885 2854 Et

284 2894 490 2949 iterum
520 2912 533 2947 :
564 2893 873 2960 Bonitatem,
916 2900 963 2945 et
1003 2891 1351 2961 disciplinam,
1397 2901 1444 2944 et
1469 2890 1732 2943 scientiam
1759 2889 1884 2945 doce

297 2999 396 3037 me.
429 2983 578 3049 Quod
613 2999 705 3052 per
736 2985 875 3038 hunc
906 2984 1123 3040 modum
1151 2994 1374 3052 utraque
1413 2983 1705 3051 probantur
1729 2983 1886 3038 intol-

295 3075 410 3144 ligi.
435 3074 640 3144 Jugiter
675 3075 818 3131 enim
851 3075 1174 3147 sperandum
1214 3085 1318 3141 est,
1347 3073 1435 3130 ubi
1469 3073 1700 3144 petendo
1739 3089 1884 3130 sem~

294 3182 396 3238 per
423 3169 740 3237 acquiritur.
1193 3172 1198 3180 '

375 3256 529 3313 Vers.
560 3258 683 3313 109.
714 3259 899 3314 Anima
930 3277 1040 3316 mea
1069 3263 1122 3315 in
1151 3260 1383 3315 manibus
1412 3263 1515 3316 tuis
1541 3277 1738 3333 semper
1775 3278 1792 3314 :

296 3349 460 3421 legem
491 3359 629 3404 tuam
658 3368 757 3406 non
785 3367 898 3407 sum
921 3354 1124 3408 oblitus.
1155 3354 1287 3409 Cum
1311 3357 1541 3410 animam
1560 3354 1691 3426 justi
1721 3357 1885 3410 latro-

299 3441 599 3497 cinantium
650 3453 1065 3513 persequeretur
1109 3446 1388 3515 iniquitas,
1419 3461 1645 3516 eamque
1684 3446 1885 3502 vellent

298 3535 532 3590 diversis
574 3535 780 3606 laqueis
811 3538 1044 3604 irrctirc,
1090 3537 1485 3608 sapientissime
1525 3541 1664 3594 illam
1696 3541 1747 3594 in
1779 3558 1888 3594 ma-

299 3627 455 3682 nibus
486 3627 696 3682 Domini
730 3629 859 3682 dicit
880 3629 1218 3692 collocatam,
1269 3631 1354 3684 ubi
1387 3631 1529 3685 nulla
1579 3631 1883 3686 nocentium

298 3719 384 3771 vis
429 3720 598 3787 possit
621 3719 911 3787 accedere,
944 3720 1083 3774 sicut
1117 3705 1309 3790 legitur
1344 3740 1356 3774 :
1404 3720 1674 3775 Justorum
1702 3724 1887 3776 anima:

297 3816 355 3866 in
387 3830 541 3866 manu
569 3813 666 3867 Dei
695 3825 832 3878 sunt,
859 3824 904 3867 et
934 3832 1034 3868 non
1076 3824 1243 3885 tanget
1265 3814 1384 3869 illos
1413 3825 1726 3869 tormentum
1749 3831 1887 3868 mor-

299 3904 371 3955 tis
415 3902 566 3974 (Sap.
613 3919 694 3968 Ill,
731 3905 802 3974 1).
841 3901 908 3959 Et
939 3905 1172 3959 iterum:
1211 3905 1338 3959 Oves
1368 3923 1492 3960 mete
1518 3921 1686 3958 vocem
1727 3923 1887 3959 meam

297 3997 519 4048 audiunt
547 3995 728 4066 (Joan.
765 4012 820 4062 ι,
851 3997 940 4062 Ἦ,
975 3996 1102 4067 28);
1152 4007 1207 4051 ct
1256 3998 1416 4068 paqu
1457 4006 1620 4066 post.
1663 3995 1730 4051 Et
1787 4015 1888 4051 non

299 4090 438 4156 rapi:
467 4103 551 4140 eas
573 4089 839 4158 quisquam
865 4089 929 4143 de
953 4105 1111 4142 manu
1133 4105 1266 4143 mea.
1312 4090 1550 4153 Addidit,
1580 4105 1798 4160 semper,
1833 4101 1889 4143 ut

299 4180 512 4234 nttllum
545 4190 756 4250 tempus
782 4182 984 4236 (101οθ18
1012 4182 1452 4252 subreptionibus
1481 4183 1783 4252 relinquere
1807 4183 1888 4237 vi-

299 4271 544 4327 deretur.
591 4273 742 4340 Quod
778 4283 954 4328 autem
1001 4273 1150 4339 dicit,
1183 4276 1236 4328 in
1263 4266 1514 4340 manibus,
1547 4274 1807 4344 significat
1838 4275 1891 4328 in

298 4373 594 4432 potestate,
631 4366 754 4434 quia
783 4369 929 4419 novit
959 4366 1265 4420 salutariter
1292 4368 1622 4437 regere,-qui
1672 4382 1731 4420 se
1771 4365 1890 4436 ejus

301 4457 604 4525 probantur
625 4457 963 4512 comuisisse
991 4459 1292 4513 sentcntiae.
1322 4458 1575 4529 Sequitur
1599 4475 1693 4514 cur
1716 4460 1892 4513 anima

299 4550 478 4618 ipsius
497 4552 744 4606 credatur
765 4552 818 4605 in
849 4551 1082 4607 manibus
1107 4551 1317 4607 Domini
1341 4553 1630 4608 constituta
1653 4570 1666 4618 ;
1693 4551 1897 4606 scilicet

1983 1971 2104 2026 dem
2136 1971 2308 2025 modis
2348 1971 2546 2040 acquiri
2573 1970 2770 2025 dicitur
2816 1971 3072 2026 lucrativa
3121 1971 3426 2040 possessio;
3474 1972 3572 2026 sed

1984 2065 2076 2120 ille
2121 2063 2453 2119 honorabilis
2506 2065 2730 2119 habetur
2762 2063 2924 2129 ﬁlius,
2963 2065 3051 2135 qui
3099 2063 3442 2120 successione
3481 2080 3570 2134 pa-

1985 2167 2132 2211 terna
2163 2157 2443 2226 gloriatur.
2478 2156 2589 2211 lloc
2616 2158 2759 2212 enim
2793 2156 3087 2228 legitimum
3118 2172 3313 2213 nomen
3344 2166 3447 2225 est,
3471 2157 3573 2212 hoc

1983 2263 2207 2303 summa!
2222 2247 2499 2302 charitatis
2519 2238 2862 2312 iudieium,et
2882 2247 3082 2316 judicia
3105 2249 3376 2302 seniorum
3400 2250 3574 2303 susei-
3601 2255 3606 2258 ’

1987 2354 2131 2408 pere,
2145 2339 2278 2395 etde
2291 2337 2595 2394 ﬁrmissima
2609 2338 2954 2408 possessione
2973 2337 3228 2408 gaudere.
3257 2337 3574 2394 Testimonia

1988 2432 2131 2485 enim
2160 2439 2283 2485 sunt
2312 2429 2524 2485 Domini
2555 2439 2819 2500 praecepta
2839 2429 3196 2497 sanctissima,
3222 2445 3340 2500 quin
3365 2430 3574 2499 Moyses

1987 2524 2258 2594 populoin
2285 2522 2687 2579 Dcuteronomii
2709 2522 2843 2578 libro
2883 2523 2983 2578 snb
3029 2522 3403 2578 testiﬁcatione
3430 2538 3574 2577 coin-

1989 2623 2269 2681 memorat,
2300 2614 2487 2669 dicens
2519 2631 2533 2667 :
2563 2613 2745 2668 Testor
2775 2615 2914 2667 vobis
2939 2615 3090 2668 hodie
3108 2615 3288 2669 caelum
3313 2625 3364 2668 et
3389 2624 3574 2669 terram

1987 2706 2166 2774 (Deut.
2197 2721 2327 2770 xxx,
2365 2706 2472 2774 19).
2508 2705 2574 2759 Et
2601 2705 2768 2760 alibi:
2805 2704 2981 2759 Estote
3021 2705 3148 2760 mitti
3185 2715 3353 2770 testes,
3393 2717 3441 2760 et
3483 2723 3574 2777 ego

1988 2800 2127 2852 vobis
2152 2800 2317 2868 testis,
2349 2799 2472 2852 dicit
2506 2797 2757 2852 Dominus
2779 2795 2914 2866 (lsa.
2941 2813 3088 2864 xuii,
3113 2799 3221 2868 10).
3246 2797 3336 2854 Sic
3357 2807 3412 2853 et
3433 2799 3574 2869 Apo-

1989 2892 2158 2946 stolus
2184 2908 2196 2943 :
2234 2889 2499 2957 Testiﬁcor
2528 2906 2700 2943 coram
2730 2887 2860 2954 Deo,
2892 2900 2940 2942 et
2961 2887 3161 2943 Christo
3181 2888 3326 2958 Jesu,
3352 2899 3398 2944 et
3421 2907 3572 2961 ange-

1990 2983 2054 3036 lis
2083 2983 2190 3053 ejus
2217 2978 2270 3050 (Ι
2293 2980 2430 3035 Tim.
2457 2997 2510 3046 v,
2537 2979 2653 3051 21).
2688 2980 3028 3049 Quapropter
3058 2980 3175 3035 hinc
3200 2990 3326 3036 sunt
3353 2983 3572 3036 testimo-

1991 3075 2100 3141 nia,
2130 3089 2246 3142 qua:
2268 3088 2327 3128 se
2347 3073 2647 3128 hwrcditate
2675 3073 2898 3141 populus
2921 3072 3109 3128 beatus
3132 3075 3184 3127 in
3211 3082 3456 3128 wternum
3480 3091 3574 3129 ac-

1990 3164 2224 3234 quisiisse
2271 3164 2569 3234 gaudebat;
2611 3165 2814 3219 scilicet
2859 3165 3110 3233 quoniam
3141 3165 3260 3219 talis
3309 3165 3579 3219 Iiwreditas

1837 3275 1884 3316 et
1918 3269 1963 3330 ο
1997 3260 2050 3311 in
2083 3269 2326 3312 azternum
2356 3257 2585 3326 capitur,
2625 3272 2731 3311 non
2761 3257 2825 3311 ad
2858 3258 3168 3312 brevitatem
3210 3255 3465 3328 temporis
3498 3259 3576 3313 ine

1992 3349 2204 3404 troitur.
2267 3347 2541 3418 Sequitur,
2592 3349 2710 3418 quia
2759 3349 3034 3403 exsultatio
3081 3350 3250 3404 cordis
3297 3352 3396 3404 me?
3436 3363 3575 3406 sunt.

1992 3445 2179 3499 Merito
2227 3444 2617 3498 exsultationem
2647 3444 2729 3498 sui
2769 3445 2939 3498 cordis
2974 3445 3187 3500 dicebat
3230 3448 3577 3502 Iucreditatcm

1991 3539 2139 3608 regni
2174 3537 2432 3604 caelestis,
2462 3541 2677 3594 :eternis
2727 3541 3059 3611 temporibus
3099 3542 3420 3609 acquisitam.
3464 3543 3577 3614 Ipse

1990 3637 2134 3688 cnim
2165 3643 2404 3691 meretur
2432 3636 2498 3689 ad
2521 3650 2640 3691 eam
2673 3635 2976 3706 pervenire,
2998 3635 3085 3706 qui
3110 3635 3363 3706 probatur
3390 3638 3455 3693 de
3487 3640 3576 3694 tali

1991 3725 2210 3793 acquisit
2223 3727 2343 3781 ioue
2371 3726 2620 3795 gaudere.
3278 3721 3280 3724 ’
3325 3736 3330 3740 ’

2065 3817 2228 3889 416
2260 3818 2416 3873 Vers.
2456 3819 2580 3874 112.
2627 3818 2880 3873 Inclinan
2911 3837 2998 3874 cor
3027 3837 3192 3875 nteant
3217 3823 3291 3875 ad
3316 3824 3578 3891 faciendas

1983 3910 2383 3980 justi/icationes
2416 3921 2527 3962 tuas
2572 3911 2628 3963 in
2663 3921 2909 3964 ceternum
2941 3921 3145 3981 propter
3173 3913 3573 3968 retributionem.

1992 4002 2280 4055 Audiverat
2301 4001 2495 4056 cohors
2511 4001 2612 4055 ista
2629 4003 2963 4056 sanctissima
2984 4017 3140 4072 quam
3167 4004 3444 4058 meditatio
3465 4005 3541 4059 fre
3558 4035 3570 4045 -

1991 4109 2158 4163 quens
2181 4092 2379 4164 jugiter
2403 4092 2701 4148 instruebat
2726 4111 2740 4148 :
2775 4091 2966 4147 Discite
3000 4112 3031 4146 a
3060 4111 3138 4147 me
3162 4095 3280 4165 quia
3301 4096 3437 4150 mit-is
3462 4115 3576 4152 sum

1993 4198 2038 4240 et
2070 4187 2277 4240 humilis
2306 4187 2458 4239 corde
2483 4184 2698 4256 (Matth.
2740 4201 2816 4248 χι,
2845 4185 2960 4255 29).
3017 4185 3082 4240 Et
3113 4199 3333 4240 necesse
3377 4187 3477 4240 fuit
3518 4198 3576 4241 ttt

1994 4294 2080 4331 cor
2107 4295 2260 4332 suum
2309 4278 2374 4331 ad
2403 4277 2665 4348 faciendas
2703 4275 3098 4349 justifieationes
3146 4262 3352 4333 Domini
3404 4281 3579 4334 modis

1995 4371 2244 4422 munibus
2287 4353 2604 4433 inclinaret,
2638 4383 2756 4437 quin
2803 4367 2892 4422 tali
2943 4369 3252 4439 magisterio
3297 4370 3578 4436 instructa,

1998 4462 2226 4516 vitaliter
2256 4461 2482 4532 superba
2518 4461 2701 4515 mundi
2725 4460 2928 4530 iaStigia
2959 4463 3263 4531 respuebat.
3310 4461 3575 4531 Iusti/ica-

1999 4553 2156 4606 tiones
2185 4565 2265 4607 cst
2291 4552 2486 4622 quippe
2517 4555 2708 4619 facere,
2745 4554 2992 4608 mandata
3025 4553 3232 4609 Domini
3269 4556 3582 4611 humilitatis

299 4643 560 4711 quoniam
591 4644 751 4713 legem
780 4643 945 4711 ipsius
975 4660 1080 4699 non
1119 4644 1340 4699 docetur
1371 4645 1577 4698 oblitus.
1627 4643 1717 4699 Sic
1747 4643 1887 4696 cnim
1923 4647 1967 4704 D
1995 4645 2242 4698 sensibus
2272 4645 2501 4714 operari,
2531 4654 2586 4700 ut
2613 4647 2867 4699 csur'enti
2897 4661 3088 4714 panem
3117 4647 3349 4718 frangas,
3382 4649 3580 4702 nudum

297 4735 407 4788 sub
434 4734 745 4790 defensione
790 4737 952 4804 ipsius
983 4752 1187 4802 sumus,
1218 4739 1343 4792 dum
1376 4752 1406 4791 a
1437 4738 1717 4807 prmeeptis
1748 4737 1890 4790 Salu-

301 4826 516 4880 taribus
548 4827 765 4882 minime
791 4828 1087 4884 deviamus.
1133 4829 1255 4883 Hoc‘
1273 4829 1470 4898 ubique
1509 4843 1723 4897 semper
1752 4840 1890 4893 pric-

297 4920 529 4986 cipitur,
561 4921 665 4976 hoc
700 4921 1007 4991 specialiter
1035 4938 1473 4992 commonemur,
1509 4935 1566 4978 ut
1592 4925 1670 4979 sic
1700 4924 1892 4978 redea-

296 5025 430 5063 mus
458 5011 524 5064 ad
548 5012 741 5081 legem,
769 5030 834 5067 ne
863 5014 1202 5070 discedamus
1233 5031 1260 5068 a
1291 5010 1425 5085 lege.

386 5101 535 5156 V'ers.
570 5103 691 5174 110.
725 5100 1014 5158 Posuerunt
1043 5115 1330 5174 peccatores
1353 5108 1585 5178 laquemn
1608 5110 1730 5180 [ηις.
1757 5108 1821 5163 G.
1842 5120 1894 5164 ct

293 5191 423 5256 ctl.,
457 5193 681 5266 laqueos]
713 5196 836 5248 mihi
861 5212 880 5249 :
909 5207 956 5250 et
975 5214 1006 5249 a
1027 5199 1282 5251 mandatis
1309 5201 1409 5252 tuis
1437 5216 1536 5253 non
1559 5203 1745 5255 erravi.
1790 5201 1891 5255 Po-

292 5293 566 5350 sucrunt,
611 5285 878 5354 signiﬁcat.
929 5289 1268 5342 tetenderunt
1313 5301 1471 5359 atque
1515 5303 1893 5363 armaverunt;

297 5391 421 5428 ιιοη
464 5376 603 5428 enim
645 5385 848 5430 tantum
891 5379 1014 5446 poni
1046 5388 1290 5447 poterant
1319 5381 1496 5436 otiosi.
1541 5382 1722 5450 Neque
1751 5385 1893 5436 enim

295 5468 530 5535 laqueus
566 5468 703 5536 capit
735 5482 915 5536 avem,
958 5471 1049 5538 qui
1078 5488 1182 5525 non
1215 5472 1373 5527 liabet
1401 5488 1614 5539 escam;
1644 5477 1735 5531 sed
1768 5476 1897 5530 illud

295 5559 591 5614 efﬁcacius
619 5559 836 5629 decipit,
865 5563 1005 5631 quod
1022 5563 1196 5634 aliqua
1225 5564 1583 5620 oblectatione
1605 5568 1894 5623 blanditur.

298 5650 439 5706 Fuit
468 5650 609 5704 enim
649 5653 867 5722 laqueus
896 5654 1086 5709 diaboli
1119 5669 1355 5711 armatus
1388 5658 1600 5728 triginta
1629 5661 1898 5730 mgenteis

295 5749 317 5812 ί
345 5739 537 5797 Jfatth.
566 5759 736 5809 xxvii,
768 5745 845 5815 5),
877 5762 998 5800 cum
1030 5747 1220 5802 ludam
1249 5750 1392 5819 cepit
1419 5759 1579 5820 atque
1622 5753 1673 5805 in
1714 5753 1896 5806 interi-

301 5843 432 5890 tum
463 5833 768 5901 sum-cavit;
812 5839 924 5906 ipse
963 5838 1176 5895 Saulem
1199 5839 1370 5897 viuxit
1394 5841 1509 5898 zelo
1540 5842 1806 5912 superbia:
1841 5841 1890 5912 (Ι

562 5950 835 6012 Panos.
881 5950 1081 6011 LXX.

1954 4793 1958 4797 _
2004 4736 2218 4798 vestias,
2251 4734 2539 4807 condoleas
2594 4735 2986 4792 calamitatibus
3037 4737 3248 4802 alienis,
3289 4749 3344 4794 et
3390 4749 3582 4793 cI-lei'a

2002 4842 2121 4896 qua)
2156 4827 2443 4880 humanum
2474 4842 2645 4897 gen-ts
2669 4828 2799 4900 [ed.-,
2825 4827 3060 4881 humano
3090 4829 3270 4897 generi
3309 4843 3582 4883 commen-

2005 4917 2152 4990 dare]
2183 4917 2454 4972 Creatoris
2482 4920 2652 4988 pietas
2697 4933 3041 4974 commonere
3080 4920 3296 4991 dignata
3330 4931 3432 4976 est.
3479 4921 3582 4977 Sed

2005 5009 2452 5066 considerandum
2484 5010 2722 5080 estquod
2743 5011 2871 5066 dicit
2888 5013 2940 5065 in
2969 5021 3235 5079 teternum,
3257 5013 3383 5067 dum
3407 5015 3583 5067 omnia

2003 5119 2121 5173 qua:
2159 5119 2319 5173 supra
2356 5102 2608 5169 diximus,
2663 5103 2842 5158 taudiu
2883 5103 2998 5159 ﬁeri
3055 5113 3300 5174 possunt,
3349 5105 3583 5175 quandiu

2007 5197 2164 5267 bujus
2211 5196 2390 5251 mundi
2438 5196 2827 5250 calamitatibus
2877 5198 3273 5268 indigetniaque
3302 5213 3579 5255 vexamur.

2003 5291 2133 5356 Quis
2181 5290 2323 5344 enim
2375 5290 2428 5344 in
2495 5288 2672 5343 futuro
2728 5289 3046 5344 misereatur
3093 5289 3309 5354 afﬂicto,
3361 5305 3482 5345 cum
3529 5292 3582 5347 in

2006 5381 2094 5434 illo
2143 5397 2306 5450 regno
2355 5382 2494 5435 nulla
2554 5382 2806 5449 probetur
2858 5395 2976 5435 esse
3030 5381 3278 5435 miseria?
3333 5381 3438 5437 Sed
3493 5384 3583 5448 qui

2009 5474 2094 5528 hic
2124 5475 2222 5527 ista
2250 5472 2371 5527 facit
2405 5473 2585 5528 studio
2613 5473 2888 5528 charitatls
2914 5475 2965 5526 in
2993 5486 3236 5527 aeternum
3269 5473 3360 5529 illa
3408 5475 3583 5530 facere

2003 5565 2412 5635 cctnprobatur,
2451 5566 2570 5633 quia
2611 5566 2837 5619 fructum
2877 5580 3059 5620 earum
3093 5581 3270 5621 rerum
3306 5567 3409 5621 sub
3453 5567 3583 5638 [ed..

2004 5655 2119 5728 pro]
2162 5656 2458 5710 internitate
2490 5655 2731 5723 recipiet.
2764 5657 3000 5720 Addidit,
3037 5657 3254 5729 Propter
3283 5660 3582 5714 retributio-

2001 5767 2150 5813 nem;
2173 5749 2377 5805 scilicet
2403 5750 2541 5804 illam
2571 5751 2975 5821 quamaudituri
3003 5763 3128 5806 sunt
3147 5754 3346 5808 sancti:
3383 5752 3582 5819 Venite,

2003 5841 2250 5897 benedicti
2275 5840 2449 5898 Patris
2477 5846 2594 5909 mei,
2628 5842 2871 5912 percipite
2914 5860 3124 5914 regnum
3156 5845 3292 5916 quod
3325 5845 3458 5900 vobis
3490 5861 3584 5916 pa-

2986 5955 3063 6022 28
