3966 6172
494 327 612 383 ’8Ἰῦ
1486 370 1491 375 .
1724 320 1791 375 Μ.
1837 321 2104 376 Αυῐιιιξιιι

2215 321 2549 379 ιδδιοῡοηι
3625 334 3709 386 ⁸-6

509 455 679 497 ratum
704 450 776 495 est
809 442 868 493 ab
898 440 1045 492 initio
1074 436 1479 506 mundiﬂlutth.
1506 451 1629 499 xxv,
1650 434 1763 505 Ei),
1794 437 2098 503 ethagna
2131 438 2175 497 Α
2205 438 2422 505 speravit
2452 438 2503 490 in
2528 434 2747 489 Domino
2769 445 2815 489 et
2846 438 3085 506 confusus
3111 444 3182 489 est
3214 433 3422 506 (Eccles.
3453 454 3503 501 ιι,
3533 435 3641 505 ηις
3671 452 3715 498 ει

509 533 809 592 retributio,
833 545 964 599 qum,
990 542 1162 581 tamen
1189 527 1256 582 de
1282 528 1488 581 Domini
1521 528 1763 596 largitate
1792 527 2084 595 prevenict,
2195 528 2386 582 iterum
2419 546 2430 581 ε
2466 528 2745 594 Sperantes
2772 538 2938 580 au'em
2963 527 3015 580 in
3050 524 3266 579 Domino
3295 528 3611 597 misericordia
3633 540 3715 592 ιίτ.

506 626 739 679 incolam
802 623 912 703 ﬁeri
971 621 1116 690 regni
1164 621 1428 691 perpetui,
1461 630 1762 674 consortem
1825 618 2087 672 bonorum
2194 621 2448 673 cumdabit
2476 619 2643 691 (Ps-ul.
2670 636 2813 685 xxxi,
2847 620 2960 683 10).
2988 618 3181 687 Sperat
3207 632 3330 687 ergo
3360 617 3716 690 Redetnptorem

507 716 837 784 augeloruw,
874 713 1095 782 patriam
1128 726 1201 765 Stl~
1221 711 1399 779 cipere
1444 726 1561 780 que
1594 725 1806 779 semper
1836 707 2087 775 delectet,
2194 714 2428 783 gentium
2448 713 2647 776 Venire,
2668 712 2753 780 qui
2784 710 2966 763 rutundi
2992 711 3223 781 maculas
3253 709 3412 772 possit
3434 710 3720 781 abstergere‘

511 825 604 862 nec
621 808 720 861 ulla
739 803 1834 876 peregrinationedeseratur;eruntquein
1859 802 1941 855 illa
1960 817 2092 855 con-
2196 807 2284 876 qui
2324 806 2553 859 viviﬁcet
2604 814 2865 869 mortuos,
2898 810 3048 855 sanet
3087 809 3343 871 mgrotos;
3377 803 3578 871 etquod
3617 805 3727 872 liga.

512 899 857 967 templationc
889 896 1068 961 deﬁxi,
1100 907 1153 947 ιιι
1190 894 1335 948 illum
1365 895 1559 964 iugiter
1583 901 1851 963 appetant,
1893 895 1960 945 de
1989 907 2095 963 quo

508 1007 721 1061 semper
746 989 1033 1047 exsultant.

588 1084 741 1139 Vcrs.
774 1085 969 1137 115.-
992 1097 1079 1136 xv.
1106 1081 1345 1136 Ssuscu.
1381 1078 1593 1148 Iniquos
1624 1080 1742 1132 odio
1766 1078 1941 1139 habui,
1960 1085 2005 1130 et
2026 1075 2098 1131 le—

510 1195 621 1255 gem
654 1188 794 1231 tuam
827 1177 1007 1231 dilexi.
1039 1176 1120 1231 Ad
1152 1175 1388 1241 quintam
1421 1172 1685 1229 decimam
1734 1172 1961 1225 litteram
2002 1186 2097 1224 ca-

509 1271 766 1327 tholicum
798 1270 946 1324 venit
970 1282 1217 1329 examen,
1248 1266 1298 1319 iu
1332 1280 1433 1335 qua
1475 1264 1624 1329 dicit,
1653 1262 1893 1334 Iniquos,
1927 1263 1977 1316 id
2018 1274 2101 1318 est

509 1365 849 1423 adversarios
895 1363 1028 1433 legis
1069 1362 1191 1416 odio
1218 1361 1322 1437 sibi
1362 1360 1560 1425 fuisse;
1604 1359 1776 1428 legem
1817 1371 1947 1411 vero
1996 1357 2101 1411 Do-

512 1459 643 1513 mini
692 1472 752 1512 se
781 1440 1038 1512 dilexisse
1085 1460 1491 1514 commemorat,
1516 1462 1572 1505 et
1602 1450 1730 1518 petit
1774 1456 1830 1501 ut
1879 1446 1947 1501 ab
1985 1446 2105 1517 ejus

513 1556 710 1624 pietate
740 1556 1024 1618 susceptus
1059 1548 1193 1602 mala
1227 1544 1409 1601 saeculi
1442 1544 1610 1614 possit
1641 1543 1890 1605 evadere,
1926 1551 2107 1608 tostu-

513 1630 631 1701 lans
666 1644 825 1698 etiam
855 1655 1071 1695 carnem
1098 1653 1250 1693 suam
1282 1637 1473 1691 timore
1503 1634 1649 1708 [mss.
1675 1636 1759 1699 A.,
1788 1632 1876 1697 8.,
1911 1631 2002 1696 F.,
2037 1632 2106 1686 ti-

519 1735 677 1808 mori]
709 1734 978 1789 dominico
1003 1731 1199 1787 debere
1235 1728 1413 1797 subdi,
1450 1743 1515 1782 ne
1545 1729 1713 1797 possit
1738 1728 1789 1780 in
1822 1724 2109 1791 divinoju-

2199 910 2308 952 tum
2343 900 2513 953 fuerat
2555 899 2669 967 lege
2703 897 2923 965 peccati,
2960 896 3125 963 possit
3161 902 3329 947 morte
3372 893 3474 959 ipsa
3507 896 3730 950 moriente

2199 993 2439 1045 dissolvi.
2471 991 2561 1047 Sic
2592 992 2642 1044 in
2676 1006 2781 1044 uno
2802 988 3062 1043 versiculo
3090 988 3249 1042 totius
3278 987 3537 1057 religionis
3563 1000 3733 1045 nostra

2200 1086 2451 1139 conclusa
2488 1083 2745 1152 perfectio
2773 1093 2876 1137 est.

2279 1178 2428 1231 Vers.
2464 1175 2586 1245 H5.
2614 1172 2878 1227 Declinate
2916 1190 2945 1223 η
2989 1188 3085 1239 me,
3134 1171 3387 1241 maligni:
3434 1180 3476 1223 et
3510 1171 3730 1223 scrutabor

2204 1272 2450 1324 mandata
2500 1268 2593 1321 Dei
2639 1250 2763 1320 mel.
2806 1267 2956 1321 Sicut
2999 1262 3263 1329 ltmretici,
3302 1263 3566 1329 cupientes
3593 1272 3737 1317 tamen

2206 1377 2536 1435 cognoscere
2565 1362 2866 1426 veri'alem,
2898 1361 2947 1412 in
2981 1358 3247 1412 mandatis
3281 1357 3481 1410 Domini
3503 1371 3592 1410 nos
3614 1358 3746 1425 proﬁ-

2206 1477 2306 1516 rue
2327 1460 2635 1530 frequenter
2660 1467 2945 1525 exercent,
2976 1457 3046 1512 ita
3080 1456 3144 1511 ad
3172 1456 3570 1527 perscrutandas
3596 1471 3745 1510 sacras

2209 1554 2473 1607 lcetiones
2504 1551 2778 1615 obstinati,
2806 1559 3147 1619 perstrepere
3172 1548 3325 1621 nobis
3355 1559 3507 1617 atque
3533 1549 3751 1617 impedire

2212 1653 2524 1699 noscuntur.
2559 1643 2669 1697 llos
2699 1642 3045 1696 declinandos
3078 1655 3199 1696 esse
3248 1639 3561 1709 pronuntiat,
3585 1639 3661 1708 qui
3689 1639 3752 1691 in-

2211 1736 2441 1790 sc-nsatis
2472 1734 2902 1789 contentionibus
2949 1733 3258 1800 Scripturas
3304 1733 3511 1786 Domini
3554 1732 3756 1785 lacerae

512 1830 653 1909 (ιὶείρ
696 1828 764 1881 de
814 1824 934 1896 eius
993 1820 1437 1894 Pm‘iaricauone
1490 1819 1754 1873 ἀίιῐηηπτί·
1807 1816 1903 1871 mc
1944 1816 2104 1870 “iam
2140 1815 2181 1875 Β
2213 1826 2564 1881 contendunt.
2586 1825 2721 1893 Quid
2742 1826 2883 1881 enim
2911 1827 3018 1880 illic
3042 1825 3310 1880 humanus
3338 1840 3512 1880 sermo
3534 1825 3755 1899 proﬁciat,

512 1923 740 1992 qurestio
770 1920 860 1975 illa
895 1926 1055 1989 caput
1088 1917 1263 1985 erigit,
1295 1930 1391 1971 cur
1436 1914 1661 1985 pepulus
1705 1913 1878 1967 ﬁdelis
1914 1920 2101 1966 contra

512 2014 819 2086 evangelica
872 1992 1327 2078 videtur'aliquid
1375 2007 1752 2078 pronuntiasse
1802 2002 2103 2058 mandata?

517 2107 657 2160 Dicit
679 2105 820 2159 enim
848 2121 863 2159 :
894 2102 1112 2168 lniquos
1140 2100 1258 2153 odio
1282 2100 1456 2165 habui,
1487 2098 1612 2152 dum
1641 2107 1961 2166 praeceptum
1994 2095 2064 2148 sit
2090 2114 2101 2147 :

517 2196 675 2251 Orate
714 2211 807 2267 pro
832 2194 1057 2249 inimicis
1086 2191 1284 2257 vestris,
1312 2190 1593 2261 bcnefacite
1622 2190 1701 2243 his
1731 2188 1820 2258 qui
1864 2204 1951 2241 vos
1976 2186 2102 2240 ode-

517 2298 638 2343 runt
664 2287 876 2357 (Matth.
897 2284 1081 2355 v,M).
1107 2283 1213 2339 Sed
1242 2284 1286 2337 si
1312 2290 1551 2351 tempora
1581 2279 2105 2349 consideres,omnia

520 2384 623 2439 sibi
670 2381 1001 2438 concordare
1047 2370 1360 2451 cognosces.
1408 2377 1631 2455 Quando
1679 2376 1819 2431 enim
1857 2368 2119 2445 praecepit

522 2490 704 2530 amare
735 2473 982 2528 inimicos
1013 2481 1254 2535 nostros,
1296 2467 1639 2524 adversitatis
1672 2468 1849 2522 fervor
1882 2476 1935 2521 et
1964 2466 2110 2519 calor

521 2567 731 2637 injuria:
763 2572 1120 2633 temperatur:
1155 2571 1211 2613 ut
1234 2562 1427 2635 malum
1455 2576 1551 2630 pro
1578 2559 1719 2613 malo
1746 2559 1965 2613 minin‘e
1992 2558 2109 2611 red-

520 2665 650 2717 dere
678 2659 976 2726 videamur,
1002 2668 1060 2727 ιιι
1099 2660 1363 2729 patientes
1392 2658 1562 2709 simus
1590 2656 1655 2710 ad
1696 2670 1884 2710 omnes
1922 2664 2110 2709 contu-

520 2754 731 2820 melias,
764 2753 902 2807 sicut
925 2761 979 2808 et
1009 2752 1123 2821 ipse
1150 2753 1237 2819 qui
1262 2760 1519 2820 consputa
1552 2750 1792 2818 pertulit,
1817 2759 1868 2802 et
1900 2747 2107 2817 ﬁagclla

519 2846 774 2914 suscepit.
806 2842 1032 2913 Quando
1058 2857 1191 2896 vero
1218 2842 1458 2913 martyrii
1489 2849 1699 2908 tempus
1730 2839 1977 2902 occurrit,
2006 2838 2108 2891 ini-

520 2956 649 3012 quos
679 2952 929 2993 suasores
960 2937 1080 2991 odio
1115 2937 1301 2991 habere
1342 2933 1703 3005 pra‘cipintur,
1734 2948 1853 2988 cum
1884 2940 1939 2985 et
1964 2930 2109 2998 ipsos

520 3045 733 3100 quoque
784 3028 923 3082 ﬁlios
953 3036 1007 3083 et
1038 3036 1308 3097 parentes,
1346 3028 1389 3079 si
1440 3024 1655 3078 adversi
1699 3032 1842 3087 sunt,
1876 3023 2107 3076 alienata

520 3124 779 3176 debemus
823 3118 1096 3173 voluntate
1157 3124 1525 3171 contemnere.
1571 3115 1727 3183 Sa-pe
1776 3115 1920 3168 enim
1973 3129 2109 3183 quos

517 3216 733 3273 ﬂamma
764 3226 870 3264 non
904 3209 1115 3270 terruit,
1156 3221 1290 3277 quos
1329 3206 1528 3261 ferrum
1564 3222 1666 3259 uult
1700 3204 1961 3270 sublidit,
2012 3218 2105 3258 ne-
2141 3187 2183 3247 (ἶ

519 3286 902 3375 cessitudinum
932 3300 1291 3355 blandimenta
1319 3286 1612 3363 ﬂexerunt;
1655 3308 1708 3351 et
1739 3299 1859 3353 ideo
1904 3299 2103 3352 dictum

519 3406 607 3451 est
635 3416 645 3448 :
682 3396 741 3450 Si
779 3397 888 3464 quis
918 3392 1048 3447 venit
1076 3393 1143 3444 ad
1184 3407 1263 3444 me
1292 3402 1336 3469 et
1362 3408 1460 3443 non
1480 3378 1598 3444 rodit
1627 3399 1823 3457 patrem
1848 3406 2017 3455 suum,
2059 3400 2105 3442 et

517 3499 728 3541 matrem
750 3502 914 3551 suam,
952 3494 997 3539 et
1039 3500 1269 3547 uxorem,
1298 3491 1345 3535 et
1392 3482 1551 3549 ﬁlios,
1598 3490 1642 3535 et
1673 3484 1881 3550 fratres,
1929 3490 1976 3533 et
2022 3497 2105 3533 so-

520 3598 705 3647 rores,
766 3580 933 3632 adhuc
995 3578 1149 3631 etiam
1218 3587 1266 3631 et
1315 3576 1540 3629 animam
1587 3591 1753 3637 suam,
1787 3589 1888 3626 non
1948 3582 2109 3642 potest

518 3691 656 3728 incus
711 3690 816 3727 esse
867 3671 1149 3740 discipulus
1181 3668 1331 3741 (Luc.
1366 3683 1472 3731 xw,
1532 3667 1651 3737 26).
1707 3666 1901 3720 Contra
1943 3666 2106 3719 Deum

520 3767 717 3835 quippe
770 3778 994 3832 persona
1048 3760 1188 3815 nulla
1230 3761 1392 3815 debet
1431 3758 1623 3826 retipi;
1678 3756 1770 3811 St'd
1814 3758 1979 3823 ipsius
2030 3758 2110 3809 di-

520 3862 751 3915 lectione
792 3856 1097 3933 praeposita,
1132 3855 1286 3910 decet
1314 3844 1739 3909 necessitudines
1761 3862 1886 3907 tunc
1915 3850 2103 3916 amari,

518 3970 639 4008 cum
694 3955 772 4007 eis
830 3951 975 4004 nulla
1029 3948 1148 4003 lidei
1183 3957 1444 4018 repugnat
1493 3946 1813 4000 adversitas.
1870 3943 2108 4011 Quapro-

525 4054 644 4115 pter
695 4042 872 4097 habita
925 4038 1183 4108 temporis
1230 4040 1457 4102 ratione,
1515 4045 1737 4104 utraque
1797 4035 1949 4088 nobis
2017 4048 2109 4102 po-

520 4146 700 4192 terunt
719 4134 963 4189 absoluta
986 4133 1208 4187 veritate
1230 4140 1514 4193 constare;
1540 4130 1796 4196 scriptum
1824 4138 1898 4178 esr
1930 4126 2103 4180 enim:

517 4226 744 4292 Tempus
773 4223 1133 4292 amplectendi,
1162 4230 1207 4277 et
1229 4211 1435 4292 tempus
1465 4224 1614 4292 longe
1642 4220 1755 4287 ﬁeri
1776 4219 1839 4271 ab
1870 4220 2109 4289 amplexu

519 4318 741 4392 (Eccles.
785 4333 864 4381 nt,
908 4318 996 4383 5);
1044 4326 1097 4370 et
1146 4322 1263 4395 post
1311 4314 1517 4367 multa:
1557 4312 1711 4367 Omni
1762 4312 1837 4365 rei
1885 4320 2105 4380 tempus.

519 4413 670 4469 Scire
697 4420 872 4464 autem
903 4409 1161 4463 debemus
1191 4408 1241 4461 in
1276 4407 1376 4462 hoc
1396 4422 1550 4461 versu
1575 4418 1946 4477 argumentum
1979 4407 2105 4459 illud

518 4520 659 4566 esse,
700 4486 839 4573 quod
886 4502 1079 4557 dicitur
1122 4501 1173 4555 in
1213 4500 1401 4571 topicis
1442 4516 1507 4556 ex
1551 4504 1841 4565 contrario,
1890 4502 2105 4569 quando

519 4596 839 4651 sententiam
887 4606 1123 4648 nostram
1167 4608 1234 4649 es
1287 4593 1446 4648 rebus
1471 4591 1703 4648 diversis
1733 4609 1834 4647 una
1862 4594 2105 4663 proposi-

520 4691 663 4745 tione
690 4689 1077 4763 concludimus.

484 4833 493 4848 ,
592 4782 747 4853 Vers.
776 4780 900 4835 HL.
968 4781 1191 4852 Adjutor
1216 4795 1359 4835 meus
1393 4788 1439 4834 et
1473 4791 1734 4852 susceptor
1764 4797 1901 4835 meus
1945 4797 1998 4836 es
2024 4790 2100 4846 tu,

482 4854 563 4950 {et
594 4876 646 4927 in
681 4873 884 4927 verbum
928 4881 1071 4925 tuum
1112 4872 1331 4941 speravi.
1380 4874 1601 4945 Adjutor
1636 4874 1862 4941 pertinet
1890 4872 1955 4926 ad
2004 4874 2104 4927 im-

492 4954 713 5038 bplenda
762 4966 1035 5030 mandata,
1076 4967 1327 5035 quoniam
1374 4966 1493 5022 sine
1540 4965 1657 5037 ejus
1697 4968 1964 5035 adiutorio
2004 4982 2103 5022 nec

520 5060 776 5117 inchoare
802 5058 1087 5129 quidquam
1117 5059 1239 5114 boni
1272 5073 1574 5131 possumus,
1601 5073 1701 5113 nec
1723 5059 1944 5127 implore
1968 5074 2104 5127 prce-

518 5154 779 5206 valemus.
834 5136 1113 5222 Susceptor
1143 5160 1320 5206 autem
1362 5161 1543 5205 noster
1576 5150 1719 5223 [mss.
1750 5152 1843 5214 A.,
1871 5150 1959 5216 3.,
2008 5150 2101 5218 F.,

524 5246 714 5297 animm
739 5240 959 5314 nostras]
998 5243 1168 5296 factus
1215 5252 1297 5296 est
1343 5258 1436 5309 per
1481 5254 1679 5295 sancite
1723 5242 2104 5297 incarnationis

522 5350 775 5389 arcanum
809 5353 820 5387 :
846 5350 947 5404 qua
983 5342 1270 5401 prtestante
1298 5335 1535 5401 suscepit
1567 5334 1861 5399 hominem,
1892 5350 1957 5387 ne
1981 5348 2102 5402 pec-

524 5425 627 5481 cati
666 5425 780 5493 lege
809 5423 974 5493 possit
1012 5422 1247 5476 funditus
1281 5422 1522 5477 interire.
1559 5422 1800 5493 Denique
1830 5426 1983 5477 istam
2014 5438 2102 5475 su-

520 5520 846 5587 steptionem
875 5516 995 5571 vide
1016 5515 1142 5586 quid
1164 5515 1424 5586 sequitur,
1455 5526 1501 5571 et
1527 5516 1577 5570 in
1602 5517 1805 5570 verbum
1827 5528 1969 5569 tuum
1991 5531 2102 5585 spe-

523 5612 652 5673 ravi,
688 5610 734 5661 id
763 5617 846 5665 est
871 5611 921 5663 iu
944 5608 1154 5664 deitatis
1177 5618 1279 5678 tua:
1308 5609 1610 5678 prtesidium
1634 5622 1899 5663 summum
1924 5623 2099 5663 meum

526 5698 842 5755 desiderium
890 5702 1167 5765 collocavi,
1218 5703 1303 5755 ubi
1350 5716 1555 5770 sperare
1584 5701 1722 5766 licet,
1758 5709 1812 5754 et
1847 5713 1971 5769 spes
2013 5703 2101 5750 tir-

530 5792 766 5845 tuissime
790 5796 1071 5850 constituta
1115 5811 1221 5851 non
1271 5798 1494 5863 decipit,
1527 5798 1662 5850 sicut
1711 5794 1940 5863 legitur:
1976 5794 2102 5861 Quis

2210 1919 2297 1972 ubi
2334 1916 2456 1971 talia
2488 1926 2610 1969 sunt
2648 1926 2768 1970 vota
2800 1932 2865 1970 ue
2892 1914 3357 1987 credatiQuibus
3386 1915 3490 1970 alio
3514 1917 3621 1969 loco
3644 1913 3757 1983 dici-

2209 2020 2294 2062 tur
2327 2027 2338 2061 :
2379 2009 2637 2062 Discedite
2661 2026 2691 2061 a
2734 2025 2831 2072 me,
2859 2024 3033 2061 omnes
3060 2009 3147 2077 qui
3175 2009 3460 2078 aperantiui
3484 2008 3760 2077 iniquitatem

2212 2108 2386 2179 (Psat.
2419 2124 2494 2175 vt,
2534 2108 2614 2176 9).
2666 2106 2978 2181 llemedium
3030 2116 3111 2162 est
3154 2106 3326 2169 enim,
3362 2121 3518 2174 quem
3563 2104 3763 2158 converti

2211 2200 2348 2254 velle
2377 2215 2480 2253 non
2506 2198 2721 2265 videris,
2756 2200 2921 2252 vitare
2944 2198 2988 2252 si
3020 2198 3213 2267 possis.
3246 2198 3381 2267 lpsis
3404 2196 3540 2253 enim
3568 2211 3762 2265 praesen-

2211 2292 2353 2346 tibus
2375 2292 2499 2345 dum
2524 2291 2858 2345 contentiosa
2878 2306 3094 2356 semper
3116 2290 3461 2359 malignitate
3495 2289 3768 2357 conﬂigunt,

2218 2384 2345 2438 dum
2399 2384 2692 2438 calumnias
2746 2382 3004 2459 exquisita
3055 2384 3300 2437 vanitate
3350 2380 3677 2450 concipiunt,
3715 2379 3767 2431 ad

2217 2475 2501 2531 scrutanda
2537 2476 2784 2530 mundata
2818 2475 3024 2529 Domini
3051 2474 3238 2527 idonei
3273 2488 3380 2527 non
3412 2486 3679 2542 possumus
3703 2469 3771 2522 in-

2216 2570 2406 2635 veniri,
2438 2570 2529 2625 ubi
2562 2572 2687 2624 totis
2720 2569 2976 2624 debemus
3003 2568 3205 2623 animm
3231 2568 3339 2639 led.
3394 2564 3578 2636 animi]
3605 2563 3772 2620 viribus

2214 2663 2487 2732 occupari.

2286 2754 2441 2809 Vers.
2475 2753 2595 2808 116.
2630 2752 2847 2822 Suscipe
2878 2767 2955 2804 me
2980 2750 3272 2805 secundum
3307 2750 3562 2818 eloquium
3594 2756 3718 2801 tuum
3741 2754 3777 2796 et

2214 2850 2402 2913 vivam,
2424 2857 2471 2901 et
2494 2864 2592 2900 non
2623 2847 2907 2915 confundas
2930 2862 3007 2898 me
3036 2844 3097 2897 ab
3125 2862 3320 2911 exspt'c
3342 2847 3449 2897 alio
3472 2860 3515 2895 .e
3537 2857 3654 2894 mea.
3677 2838 3777 2891 Per-

2217 2940 2336 2994 ﬁdis
2368 2940 2633 3008 ell'ngatis,
2683 2949 2737 2993 et
2784 2939 3041 2992 malorum
3079 2938 3374 2993 boniinum
3419 2936 3782 2992 conversatione

2219 3043 2493 3101 purgatus,
2525 3048 2555 3085 a
2586 3031 2816 3086 Domino
2858 3046 2916 3086 se
2954 3032 3085 3102 petit
3131 3032 3369 3102 suscipi,
3427 3041 3481 3083 ut
3509 3028 3664 3099 po~sit
3688 3026 3781 3092 cjats

2218 3130 2365 3186 verbi
2400 3130 2757 3199 promissione
2783 3130 3000 3182 salvari.
3032 3128 3196 3184 Esset
3225 3131 3375 3183 enim
3407 3128 3624 3183 fortasse
3650 3136 3786 3178 temer

2219 3222 2417 3276 rariqu
2449 3222 2675 3275 Domino
2704 3221 2887 3275 dicere
2918 3236 2933 3275 :
2970 3220 3198 3285 Suscipe
3236 3238 3340 3287 ηιε,
3372 3220 3477 3293 nisi
3513 3218 3784 3287 adiungeret

2215 3314 2653 3383 promissionem,
2678 3327 2798 3381 qua:
2852 3312 3021 3366 nescit
3066 3312 3377 3382 aliquando
3405 3310 3664 3380 decipere.
3703 3303 3786 3362 Sed

2213 3421 2334 3461 cum
2357 3405 2508 3471 dicit,
2540 3404 2739 3469 Vivam,
2759 3403 2989 3479 futurum
3022 3416 3248 3473 tempus
3271 3403 3513 3459 ostendit
3535 3418 3549 3465 ;
3572 3402 3654 3454 hic
3672 3397 3785 3452 enim

2214 3511 2339 3552 vere
2370 3510 2474 3550 non
2509 3495 2721 3561 vivitur,
2754 3494 2840 3549 ubi
2872 3495 3050 3549 carnis
3076 3493 3391 3565 fragilitate
3418 3500 3680 3561 peccatur.
3704 3484 3789 3540 Er-

2214 3589 2462 3653 spectatio
2492 3603 2705 3657 quoque
2738 3588 2904 3655 ipsius
2930 3597 3069 3653 erat,
3102 3595 3169 3639 ut
3203 3584 3636 3640 misericordiam
3662 3578 3789 3633 Citri-

2213 3680 2282 3732 sti
2330 3679 2713 3735 devotissimus
2764 3677 3054 3743 inveniret;
3087 3693 3266 3748 quam
3324 3694 3479 3749 spem
3529 3677 3579 3730 in
3629 3671 3793 3743 judicio

2214 3781 2440 3825 venturo
2465 3787 2525 3825 se
2549 3773 2779 3839 postulat
2807 3769 3028 3838 adipisci
3051 3786 3063 3822 :
3095 3785 3170 3825 ne
3194 3769 3531 3824 confusione
3553 3766 3791 3832 deceptus

2218 3878 2247 3916 a
2281 3880 2376 3919 sua
2419 3864 2590 3933 possit
2625 3863 2992 3934 exspectatione
3035 3861 3320 3916 fraudari.
3370 3860 3479 3916 Sed
3511 3874 3627 3914 cum
3656 3853 3791 3911 dicit:

2218 3956 2295 4011 Ab
2325 3957 2697 4026 exspectatione
2744 3970 2872 4033 mea,
2908 3953 3118 4007 nullum
3156 3965 3387 4023 tempus
3427 3952 3576 4021 ponit
3608 3958 3796 4017 quoex-
3884 3948 3887 4033 “

2214 4047 2457 4115 spectare
2504 4063 2610 4102 non
2656 4046 2866 4101 debeat.
2914 4047 3017 4101 Res
3061 4046 3222 4100 enim
3278 4046 3387 4101 ista
3432 4045 3487 4100 in
3534 4039 3797 4114 pectoribus
3884 4044 3885 4049 ‘

2213 4141 2416 4195 sanctis
2464 4153 2567 4193 non
2620 4138 2779 4194 habet
2832 4139 3017 4203 ﬁnem,
3067 4138 3179 4192 nisi
3217 4153 3351 4193 cum
3385 4134 3686 4208 pollicitatio
3725 4143 3796 4181 su-

2217 4251 2379 4306 perna
2429 4235 2754 4304 provenerit.
2801 4232 2890 4288 Sic
2930 4233 3077 4288 enim
3141 4244 3205 4289 et
3260 4234 3399 4289 alibi
3431 4234 3603 4289 dicit:
3642 4225 3799 4289 Exspc‘
3878 4298 3879 4307 χ

2213 4339 2356 4381 etans
2385 4328 2666 4396 exspectavi
2696 4326 2989 4386 Dominum,
3023 4334 3072 4378 et
3108 4341 3241 4394 resp
3266 4326 3358 4379 'xit
3390 4341 3491 4378 me.
3524 4322 3672 4376 Beata
3699 4324 3801 4379 erg0
3876 4382 3877 4389 κ

2213 4418 2517 4488 exspectatio
2545 4414 2717 4487 (Psal.
2761 4431 2943 4480 χχιιι,
2975 4416 3055 4483 2),
3097 4415 3199 4469 ubi
3229 4425 3321 4470 est
3354 4427 3510 4471 certa
3537 4402 3799 4483 promisit)-

2214 4510 2323 4563 Cur
2348 4510 2489 4563 enim
2518 4509 2785 4564 defectum
2812 4522 2936 4577 spes
2965 4506 3150 4587 ﬁdelis
3182 4510 3475 4563 sustinere
3498 4504 3675 4575 possit.
3700 4510 3799 4550 cum

2213 4603 2257 4657 is
2287 4604 2373 4671 qui
2404 4605 2664 4673 promittit
2686 4604 2890 4660 nesciat
2924 4603 3256 4658 immutari?
3290 4601 3630 4674 Erspectatio
3657 4596 3804 4663 itaque

2213 4706 2518 4749 sanctorum
2550 4704 2632 4749 est
2656 4696 2916 4750 caelorum
2945 4709 3143 4764 regna,
3173 4696 3354 4767 5.17
3379 4697 3682 4764 angelorum
3702 4698 3805 4739 con-
3866 4744 3869 4767 Α

2212 4784 2376 4838 soi-tia
2410 4785 2735 4854 promcrei;
2785 4792 2841 4841 et
2885 4784 3026 4852 quod
3080 4800 3265 4854 supra
3318 4796 3495 4841 totum
3523 4792 3621 4847 est,
3662 4778 3802 4846 ipsum

2214 4876 2357 4945 [πως.
2389 4877 2477 4941 Α.,
2504 4876 2594 4943 B.,
2627 4876 2819 4949 tntum]
2858 4877 3057 4946 jugiter
3091 4877 3324 4947 videre,
3356 4879 3450 4945 qui
3480 4880 3532 4931 in
3569 4877 3801 4929 beatorum

2209 4970 2349 5025 solet
2376 4986 2590 5041 semper
2621 4972 2784 5026 corde
2812 4971 3155 5025 dulcesccre.

2286 5058 2436 5113 Vcrs.
2467 5060 2587 5114 117.
2619 5061 2820 5132 Adjuva
2860 5077 2957 5124 me,
2986 5068 3030 5112 et
3064 5066 3260 5117 minus
3304 5079 3399 5116 ero
3431 5077 3452 5115 ε
3478 5071 3526 5115 ιι
3567 5052 3805 5110 meditabor

2205 5157 2260 5210 in
2279 5153 2733 5225 justi/icatiouibus
2773 5153 2871 5204 tuis
2918 5166 3153 5219 semper.
3218 5152 3500 5218 Quamvis
3538 5146 3690 5203 verba
3727 5143 3803 5192 ista

2204 5265 2349 5317 st-pe
2372 5248 2646 5301 videantur
2667 5259 2785 5300 esse
2816 5244 3065 5313 repetita,
3106 5260 3322 5313 magna
3348 5244 3514 5301 nobis
3545 5252 3708 5297 tamen
3736 5248 3803 5285 asc
3858 5256 3859 5295 ι

2208 5340 2476 5397 siduitatis
2526 5337 2681 5394 istius
2730 5342 3072 5391 Sacramenta
3110 5337 3506 5394 declarantur.
3558 5334 3662 5388 [loc
3686 5328 3802 5382 enim
3856 5392 3857 5399 γ

2209 5436 2273 5487 ad
2290 5432 2683 5502 amplissimum
2703 5428 3027 5483 desiderium
3058 5431 3285 5485 mentis
3305 5430 3477 5485 debet
3490 5425 3675 5498 aptari.
3691 5412 3807 5487 quod
3848 5430 3855 5502 λι

2210 5523 2353 5576 nulla
2373 5522 2494 5577 inde
2509 5529 2717 5589 poterat
2738 5517 3157 5574 intermissione
3170 5519 3483 5591 suspendi;
3503 5496 3620 5588 quia
3641 5522 3808 5584 quam-

2206 5616 2288 5668 vis
2317 5614 2641 5683 accipiamus
2669 5626 2696 5665 a
2730 5611 2975 5675 Domino,
3030 5588 3298 5681 semper‘
3331 5611 3607 5681 rogandus
3651 5612 3724 5659 est
3764 5608 3809 5650 ιιι
3846 5588 3853 5677 i

2204 5706 2405 5777 jugiter
2433 5706 2616 5772 donet,
2657 5720 2723 5758 ne
2764 5701 2953 5757 collata
3002 5700 3298 5759 beneﬁcia
3362 5704 3571 5773 possint
3610 5713 3637 5753 a
3677 5693 3803 5749 nobis
3840 5704 3847 5747 ι

2212 5800 2332 5855 ﬁdei
2362 5808 2599 5866 tempore
2625 5794 2918 5851 discedere.
2948 5789 3075 5847 Non
3107 5797 3268 5851 enim
3297 5796 3592 5865 repetitum
3610 5790 3799 5846 verbum
