3966 6172
262 372 359 428 877

1162 368 1517 425 EXPOSITIO
1560 369 1621 423 ΙΝ
1663 364 2109 424 PSALTERIUM.
2154 370 2345 426 PSAL.
2388 370 2612 428 (ζ’-ΝΜ.

3358 430 3363 436 ί
3426 374 3529 430 878

263 484 431 539 otiose
458 481 717 539 debemus
749 486 1011 555 accipere,
1039 503 1104 540 ne
1129 487 1402 540 videamur
1437 488 1665 553 incaute,
1697 487 1837 557 quod
1871 493 1913 547 Α
1944 487 2119 541 omnis
2164 488 2525 556 prwvaricalor
2554 487 2826 557 redditur;
2859 490 3107 559 quoniam
3149 491 3215 547 ab
3241 493 3325 549 his
3353 494 3531 552 nulius

261 575 398 629 scire
432 590 532 627 nos
562 576 802 642 expedit,
838 577 1107 632 omisisse.
1147 578 1382 643 Addidit,
1409 588 1456 630 et
1492 577 1769 632 meditabor
1791 577 1843 632 in

262 667 361 718 tuis
389 665 845 737 justi/icationibus
874 685 1088 736 semper.
1129 668 1351 723 Causam
1378 667 1552 724 reddit
1578 662 1840 739 obsequii,

257 773 323 813 ne
353 766 475 825 post
501 766 803 827 Susceptam
835 760 1058 815 salutem
1105 761 1296 815 collato
1325 778 1543 817 munere
1574 762 1844 819 videretur

258 852 519 918 ingratus.
560 844 673 906 Sed
718 852 1133 921 cum‘piomittit
1174 855 1409 908 meditari
1446 856 1842 925 justi/icationes

258 957 478 1010 semper,
510 942 736 995 salutem
768 956 918 997 suam
945 938 1145 1015 jugitcr
1163 945 1431 1001 desiderat
1451 946 1745 1012 contineri;
1768 948 1844 1001 sic

256 1036 399 1088 enim
434 1035 683 1091 faciendo
716 1035 866 1091 locus
901 1037 1103 1091 tollitur
1128 1038 1377 1093 absolute
1404 1038 1637 1093 diabolo.
1681 1037 1845 1094 Justi-

259 1128 529 1193 ﬁcationes
581 1128 722 1183 enim
775 1128 975 1197 duplici
1026 1130 1184 1184 modo
1234 1130 1514 1199 possdmus
1554 1131 1842 1199 accipere:

256 1218 369 1271 sive
400 1218 533 1273 istas
554 1232 687 1288 quas
717 1216 804 1273 hic
825 1220 1061 1288 quotidie
1091 1220 1142 1274 in
1173 1230 1508 1289 peccatorum
1540 1231 1842 1274 nostrorum

254 1308 602 1364 conl’essiOne
633 1310 936 1379 peragi’mn‘s
957 1352 972 1375 ,
1024 1323 1076 1364 ut
1119 1320 1202 1365 est
1232 1310 1357 1365 illud
1389 1304 1663 1381 Evangelii
1692 1310 1842 1381 (Luc.

254 1417 415 1467 svnt,
452 1401 673 1472 13,14),
707 1418 827 1457 cum
858 1401 1165 1471 publicanus
1196 1412 1410 1471 peccata
1442 1420 1534 1458 sua
1559 1403 1841 1469 conﬁtens,

255 1494 323 1548 de
355 1495 559 1564 templo
585 1496 905 1565 justiﬁcatus
935 1491 1311 1553 exivitﬂDecet
1343 1499 1484 1553 enim
1528 1498 1760 1568 quandiu
1793 1498 1845 1552 in

255 1586 364 1640 isto
391 1586 590 1640 saeulo
612 1603 819 1653 sumus,
857 1598 910 1643 et
940 1604 967 1641 a
1001 1590 1230 1657 peccatis
1263 1590 1412 1645 liberi
1442 1605 1563 1646 esse
1588 1606 1695 1645 non
1724 1606 1846 1660 pos-

258 1694 469 1743 sumus,
504 1678 556 1732 in
589 1680 686 1733 ista
720 1696 816 1734 nos
859 1696 1055 1753 semper
1077 1682 1451 1754 justi/icatione
1480 1694 1841 1752 prosternere.

257 1770 365 1825 S~~d
398 1770 520 1839 quia
552 1773 814 1839 sequitur,
845 1789 1063 1842 semper,
1088 1774 1227 1841 quod
1257 1766 1419 1844 supra
1452 1789 1610 1828 omne
1639 1784 1846 1843 tempus

1955 581 2220 651 terrigena
2256 580 2505 653 probatur
2530 593 2807 651 exceptus.
2838 582 3179 652 Consequens
3208 593 3384 639 autem
3411 598 3532 642 erat

1948 680 2004 724 ut
2027 668 2238 725 enixius
2268 671 2499 743 diligeret
2521 660 2810 727 testimonia
2841 674 3070 737 Domini,
3101 674 3188 743 qui
3218 678 3527 745 μνᾶται-ἰσα-

1948 772 2113 815 torum
2159 764 2375 817 nomine
2415 762 2563 817 visus
2588 752 2685 818 est
2727 780 2898 819 omnes
2942 765 3187 819 addicere
3222 777 3525 833 peccatores.

1938 848 2048 909 'Per
2077 856 2188 922 ipsa
2236 855 2379 909 enim
2419 856 2706 910 testimonia
2735 856 2988 911 credebat
3018 857 3118 911 sibi
3159 859 3340 927 venire
3373 872 3529 928 posse

1949 936 2268 1011 remedium,
2306 962 2400 1014 per
2425 962 2542 1016 quae
2572 947 2639 1001 ad
2668 946 2865 1001 Christi
2906 949 3130 1018 gratiam
3159 932 3423 1005 desiderio
3449 947 3529 1006 fe-

1947 1038 2179 1092 stinante
2208 1037 2478 1093 tendebat.
2494 1037 2628 1092 Nam
2651 1053 2768 1092 cum
2792 1039 2875 1093 lex
2906 1054 3001 1095 nos
3019 1040 3247 1106 addicat,
3265 1041 3377 1095 sola
3398 1057 3526 1112 gra-

1948 1127 2018 1182 tia
2047 1138 2129 1183 est
2167 1126 2408 1182 absolute
2460 1143 2580 1197 quae
2622 1129 2830 1196 liberat,
2872 1129 2986 1198 ipsa
3038 1147 3153 1200 quae
3197 1133 3528 1203 compeditos

1947 1219 2131 1284 solvit,
2164 1219 2274 1289 ipsa
2306 1234 2424 1289 quae
2453 1219 2521 1274 de
2549 1219 2718 1274 servis
2748 1220 2884 1274 ﬁlios
2915 1219 3061 1275 facit.

2027 1307 2173 1363 Vcrs.
2205 1298 2327 1364 120.
2360 1306 2569 1379 Couﬁge
2614 1309 2768 1381 [mss.
2799 1310 2887 1374 G.,
2920 1312 3004 1375 F.,
3035 1312 3211 1387 inﬁge]
3240 1314 3416 1370 (iniere
3441 1327 3527 1370 tuo

1948 1397 2119 1454 carnes
2150 1418 2308 1467 meas,
2341 1418 2371 1454 a
2398 1401 2603 1467 iudiciis
2622 1403 2755 1454 enim
2779 1403 2879 1455 tuis
2906 1404 3074 1483 timui.
3103 1407 3289 1460 Sciens
3310 1421 3532 1476 congre-

1948 1492 2090 1560 gntio
2137 1493 2499 1560 Spiritualium
2562 1494 2823 1563 virorum,
2874 1494 3017 1550 unde
3073 1495 3306 1553 humano
3348 1501 3531 1569 generi

1952 1584 2321 1650 praevaricatio
2378 1584 2506 1653 legis
2545 1584 2847 1653 supradicta
2896 1594 3235 1655 provenerat,
3281 1572 3550 1659 tanquam

1948 1658 2303 1729 vaissimum
2334 1666 2598 1728 latronem
2629 1683 2681 1729 et
2706 1662 3083 1731 indomabilem
3101 1676 3528 1744 feram,caruem

1950 1783 2098 1821 suam
2130 1784 2233 1823 non
2263 1770 2440 1823 solum
2474 1752 2824 1837 religandam,
2846 1756 2938 1823 sed
2964 1770 3124 1823 etiam
3149 1770 3525 1839 conﬁgendam,

255 1876 379 1914 esse
402 1861 762 1929 dignoscitur;
785 1878 850 1916 ne
877 1879 980 1916 non
1005 1863 1098 1918 tibi
1123 1863 1366 1917 videatur
1392 1864 1477 1918 isti
1498 1865 1697 1918 saeculo
1717 1879 1843 1919 con-
1875 1881 1922 1941 Β
1951 1875 2085 1914 nova
2107 1869 2267 1931 atque
2297 1863 2545 1915 inusitata
2594 1844 2983 1930 supplicatione
3009 1861 3349 1931 deprecatur.
3394 1861 3529 1917 Car-

258 1952 474 2017 veuire,
505 1952 601 2005 sed
629 1953 827 2022 aliquid
859 1962 910 2008 te
932 1952 1161 2009 delectet
1185 1954 1251 2009 de
1283 1954 1368 2008 illa
1398 1956 1696 2009 aeternitate
1718 1969 1848 2010 con-

255 2045 466 2111 cipere.
503 2042 839 2097 'Mrditantur
864 2046 1034 2100 sancti
1053 2046 1453 2118 justiﬁcationes
1482 2046 1694 2100 Domini
1717 2063 1847 2100 sem-

253 2150 367 2201 per.
412 2134 630 2202 quando
659 2135 969 2205 angelorum
1017 2136 1197 2192 choris
1223 2151 1320 2191 sua
1371 2134 1633 2192 desideria
1675 2140 1848 2192 socia-

255 2227 427 2290 bunt;
475 2226 693 2295 quando
736 2228 921 2283 laudes
969 2230 1174 2284 l‘omini
1222 2231 1444 2301 perenni
1489 2218 1845 2286 exsultatiOue

250 2316 587 2385 cantabunt;
618 2319 856 2388 quando,
886 2320 1021 2375 sicut
1063 2321 1191 2376 dicit
1214 2322 1499 2388 Apostolus
1533 2340 1547 2377 ε
1581 2322 1846 2389 (ἐονγιιριίο

249 2408 355 2460 bile
383 2408 485 2460 hoc
514 2409 1217 2479 iuduerit‘incorruptionem,
1252 2426 1294 2467 et
1322 2416 1533 2468 mortale
1554 2413 1647 2468 hoc
1667 2416 1844 2468 indue-

248 2498 322 2552 rit
352 2499 789 2573 immortalitatem
815 2498 866 2573 (Ι
893 2501 1011 2556 Cor.
1040 2519 1128 2571 xv,
1163 2503 1276 2573 51's).

328 2587 488 2643 Vers.
524 2589 650 2645 118.
686 2590 938 2660 Sprevisti
968 2609 1140 2646 omnes
1181 2592 1491 2648 discedentes
1530 2611 1562 2648 a
1585 2596 1847 2667 justi/ica-

247 2681 485 2735 tionibus
513 2684 634 2748 tuis,
662 2684 780 2752 quia
811 2685 1003 2755 injusta
1034 2683 1269 2756 cogitatio
1291 2704 1485 2740 eorum.
1512 2687 1846 2743 Declaratum

242 2786 333 2828 est
372 2789 476 2830 cur
508 2780 1331 2850 assumebaturjustiﬁcationum
1363 2780 1571 2836 Domini
1598 2764 1848 2851 frequens

242 2867 589 2936 assiduaque
626 2860 920 2923 meditatio.
949 2870 1138 2924 Merito
1158 2871 1299 2925 enim
1328 2872 1570 2926 timorem
1602 2872 1848 2947 movebat

242 2956 381 3011 talis
411 2960 669 3011 secutura
698 2961 995 3026 sententia;
1032 2962 1279 3031 quoniam
1321 2976 1645 3033 spernuntur
1683 2979 1712 3017 a
1746 2966 1849 3019 Do-

242 3047 428 3110 mino,
465 3048 555 3116 qui
596 3042 660 3101 ab
688 3050 803 3118 ejus
831 3049 1201 3120 justiﬁcatione
1232 3054 1516 3108 discedunt.
1569 3054 1702 3108 Nam
1727 3070 1847 3110 cum

235 3139 319 3193 sit
355 3136 681 3208 justiﬁcatio
723 3150 1056 3209 peccatOrum
1106 3138 1302 3200 mentis
1356 3162 1487 3217 pura
1539 3147 1846 3213 coitfessio,

1952 1954 2031 2006 nis
2059 1954 2200 2007 enim
2233 1954 2355 2007 vitia
2395 1962 2521 2007 sunt
2556 1961 2767 2032 terrena
2818 1953 3032 2020 delicta,
3064 1968 3181 2024 qua:
3212 1968 3311 2009 nos
3354 1954 3525 2031 legent

1953 2045 2255 2115 transgredi
2314 2045 2957 2123 l‘aciuntmandatorum,
2997 2046 3139 2124 dum
3178 2061 3206 2099 a
3255 2048 3531 2119 proposito

1950 2135 2190 2192 veritatis
2219 2136 2511 2191 abducunt.
2553 2136 2720 2201 Quam
2763 2122 2960 2191 merito
3005 2122 3324 2213 deprecatur
3352 2138 3532 2215 timore

1953 2227 2159 2281 Domini
2191 2228 2387 2284 debere
2426 2227 2639 2299 conﬁgi,
2670 2243 2737 2282 ne
2771 2227 2839 2281 a'b
2867 2242 2932 2283 eo
2968 2228 3137 2296 possit
3174 2230 3329 2282 noxia
3368 2228 3531 2285 liber-

1949 2327 2055 2372 tate
2083 2318 2303 2373 dissolvi
2329 2322 2342 2373 !
2375 2318 2464 2374 Sic
2493 2334 2599 2373 uno
2628 2318 2793 2375 verbo
2822 2316 3180 2389 signiﬁcatum
3209 2327 3314 2386 est,
3343 2335 3532 2391 quem-

1950 2410 2243 2465 admodum
2276 2425 2401 2465 caro
2432 2411 2645 2465 tractari
2670 2410 2863 2465 debeat
2883 2409 3197 2475 Christiani,
3218 2418 3273 2464 et
3294 2426 3397 2480 qua
3422 2410 3534 2481 pie-

1951 2512 2058 2558 tate
2086 2513 2271 2558 contra
2310 2517 2508 2572 corpus
2552 2517 2709 2558 suum
2756 2502 2922 2557 nimie
2949 2516 3012 2556 ac
3042 2502 3301 2558 violenter
3330 2512 3530 2575 oraret,

1951 2597 2227 2666 exposuit;
2260 2598 2452 2651 timore
2482 2596 2685 2651 scilicet
2711 2593 2874 2650 futuri
2898 2595 3109 2665 judicii,
3143 2607 3202 2651 ut
3224 2596 3309 2651 hic
3348 2597 3534 2654 morti-

1951 2686 2185 2752 licatum,
2240 2686 2311 2740 ibi
2364 2684 2617 2740 reddatur
2669 2695 2928 2740 teternum
2971 2702 2985 2741 :
3031 2685 3117 2739 hic
3163 2686 3531 2755 temporaliter

1951 2787 2222 2841 nimstum,
2252 2777 2359 2832 iilic
2388 2785 2531 2831 esset
2560 2776 2660 2830 sub
2686 2777 3045 2845 perpetuitate
3068 2777 3422 2832 latissimum.
3468 2776 3535 2831 Et

1951 2868 2082 2922 illud
2122 2866 2325 2933 insiiice
2370 2866 2512 2937 quod
2556 2866 2722 2921 dicit:
2756 2868 2934 2920 timore
2980 2875 3107 2932 tuo;
3134 2876 3282 2921 casto
3329 2867 3534 2922 scilicet

1950 2960 2412 3027 atqueperl‘ecto,
2455 2944 2548 3026 qui
2598 2971 2703 3010 non
2746 2964 2951 3009 tantum
2992 2955 3310 3017 habetante
3349 2958 3534 3011 oculos

1954 3048 2292 3103 formidinem
2340 3048 2609 3113 vindictae,
2641 3047 2735 3103 sed
2768 3047 3116 3103 vehementer
3143 3048 3333 3103 metuit
3360 3034 3535 3103 amis-

1953 3140 2159 3195 sionem
2189 3140 2394 3210 gratiae,
2425 3140 2477 3193 in
2506 3152 2606 3208 qua
2646 3138 2814 3193 ﬁdelis
2859 3137 3011 3203 vivit,
3036 3153 3131 3208 per
3157 3153 3315 3208 quam
3355 3138 3534 3194 omnis

236 3234 461 3289 merito
493 3236 707 3304 superbi
740 3249 1063 3305 spernuntur
1097 3254 1128 3292 a
1163 3238 1405 3307 Domino,
1438 3240 1526 3309 qui
1561 3240 1647 3294 tali
1677 3256 1735 3296 se
1764 3258 1845 3296 re-
1875 3258 1921 3320 ρ
1954 3232 2191 3287 reﬁcitur
2225 3231 2584 3287 Christianus.
2627 3231 2733 3286 Sed
2773 3222 3053 3285 videamus
3089 3231 3179 3300 qui
3220 3230 3353 3285 clavi
3384 3240 3533 3299 sunt,

232 3328 439 3383 medio
492 3344 683 3383 sanare
726 3330 1042 3399 despiciunt.
1095 3332 1304 3407 Injttsla
1334 3336 1528 3405 quippe
1557 3346 1638 3390 est
1671 3354 1848 3392 eorum

230 3420 510 3489 cogitain
545 3429 601 3475 et
630 3420 769 3475 velle
801 3438 1044 3491 peciare,
1075 3437 1127 3479 et
1155 3426 1451 3495 jusdssimo
1485 3427 1657 3482 .Indiei
1707 3430 1851 3483 nolle

226 3512 603 3567 satisfacere.
636 3506 825 3568 Merito
852 3530 978 3584 ergo
1011 3517 1146 3571 tales
1194 3517 1261 3570 ab
1304 3518 1409 3572 abst
1437 3518 1652 3574 lutionis
1681 3521 1851 3591 gratia

226 3605 675 3668 submoventur,
708 3607 796 3674 qui
826 3608 981 3663 toties
1012 3609 1339 3676 commoniti,
1374 3611 1459 3667 hic
1501 3613 1586 3681 pio
1626 3614 1851 3669 Domino

219 3695 569 3763 supplicare
602 3706 948 3767 tempserunt.

312 3787 495 3841 νει-8.
530 3787 654 3841 119.
686 3787 1089 3848 Prmoricantes
1114 3797 1342 3866 reputavi
1374 3813 1544 3853 omnes
1566 3810 1851 3868 peccatores

220 3891 407 3934 (erret
438 3895 461 3933 :
492 3880 609 3933 ideo
632 3880 788 3935 dilexi
818 3884 1105 3939 testimonia
1139 3898 1246 3941 tua.
1297 3887 1423 3943 Haec
1456 3892 1718 3944 sententia
1752 3892 1853 3947 nisi

214 3971 581 4042 diligentius
630 3975 990 4043 perquiratur,
1023 3977 1279 4046 Apostolo
1325 3980 1533 4034 videtur
1570 3997 1686 4035 ese
1725 3998 1853 4038 con-

216 4064 449 4115 traria.
486 4062 580 4116 Ille
610 4065 751 4117 enim
782 4065 909 4120 dicit
936 4085 947 4119 :
981 4067 1079 4132 Qui
1108 4071 1217 4122 sine
1241 4072 1348 4141 lege
1378 4075 1851 4140 peccaverunt.sine

204 4155 345 4222 lege
383 4154 637 4225 peribunt
669 4155 844 4227 (Rom.
892 4172 951 4223 ll,
990 4156 1106 4228 l2);
1152 4159 1237 4214 hic
1270 4170 1445 4213 autem
1478 4177 1648 4214 omnes
1677 4179 1851 4230 pecca-

203 4254 381 4298 tows
426 4254 587 4297 terra:
625 4249 1041 4314 prazvaricatorcs
1073 4264 1196 4305 esse
1243 4258 1486 4305 testatur.
1546 4251 1677 4306 Nam
1721 4268 1851 4322 quo~

198 4336 420 4387 "tudo
464 4342 644 4401 petest
686 4336 878 4406 aliquis
908 4353 1026 4394 esse
1054 4339 1171 4395 sine
1199 4340 1333 4409 lege,
1365 4341 1411 4395 si
1451 4357 1638 4397 omnes
1668 4359 1855 4413 prtrva-

198 4428 517 4479 ricmores
545 4441 663 4481 esse
704 4429 954 4483 credendi
1004 4432 1160 4486 sunt?
1190 4431 1527 4487 Prwvaricari
1569 4434 1709 4489 enim
1749 4452 1853 4492 non

191 4530 325 4579 est,
350 4517 490 4571 nisi
525 4517 691 4585 legem
725 4521 1018 4589 transgredi
1041 4522 1404 4578 constitutam.
1434 4524 1540 4579 Sed
1572 4535 1855 4592 utrumque

1952 3323 2040 3392 qui
2072 3336 2171 3377 nos
2202 3323 2256 3376 in
2286 3322 2372 3376 illa
2426 3322 2635 3377 Domini
2679 3321 3027 3377 cruciﬁxione
3055 3321 3359 3391 conligunt;
3406 3323 3535 3378 cha-

1952 3418 2081 3471 ritas
2115 3417 2315 3486 utique,
2343 3432 2461 3485 qute
2490 3430 2590 3471 nos
2619 3415 2746 3469 facit
2769 3424 2824 3470 et
2854 3424 3126 3469 tormenta
3157 3423 3337 3469 nostra
3367 3416 3535 3487 negli-

1954 3528 2101 3584 gere,
2130 3520 2187 3568 et
2214 3510 2400 3566 mortis
2428 3511 2592 3582 ipsius
2620 3509 2857 3582 pericula
2883 3509 3004 3578 plus
3034 3522 3237 3565 amare.
3269 3507 3419 3563 Felix
3445 3511 3535 3579 qui

1954 3604 2106 3657 clavo
2139 3602 2246 3658 isto
2272 3602 2579 3673 conﬁgitur,
2606 3602 2695 3672 qui
2718 3601 2810 3656 tali
2836 3586 3059 3656 vulnere
3080 3600 3374 3655 sauciatur.
3417 3603 3537 3671 Ipso

1954 3694 2106 3747 clavo
2133 3693 2424 3749 transﬁxus
2455 3704 2539 3749 est
2565 3694 2653 3761 qui
2683 3692 2932 3748 dicebat:
2964 3691 3094 3745 Mihi
3120 3693 3281 3747 vivere
3305 3691 3536 3748 Christus

1954 3793 2047 3850 est,
2075 3793 2122 3838 et
2150 3787 2278 3839 mori
2306 3785 2507 3838 lucrum
2533 3766 2754 3859 (Philip.
2782 3800 2820 3851 ι,
2846 3784 2961 3849 21).
2987 3783 3104 3851 Ipsa
3124 3786 3537 3854 compunctione

1976 3882 2158 3928 uratus
2181 3881 2264 3928 est
2292 3874 2381 3942 qui
2413 3874 2603 3927 orabat
2630 3891 2643 3926 :
2675 3873 2829 3927 Nunc
2849 3874 3048 3926 dimitte
3083 3872 3283 3949 servum
3308 3883 3453 3926 tuum
3481 3872 3534 3927 iu

1956 3982 2096 4034 pace,
2132 3967 2252 4035 quia
2276 3966 2511 4019 viderunt
2540 3965 2675 4019 oculi
2702 3965 2799 4020 mei
2839 3966 3069 4043 salutare
3105 3973 3247 4018 tuum
3289 3964 3440 4037 (Luc.
3473 3981 3536 4032 ll,

1956 4060 2073 4129 ἓν).
2101 4056 2181 4112 Ad
2213 4068 2540 4128 postremum
2571 4058 2623 4112 in
2651 4056 2889 4112 Canticis
2918 4056 3253 4131 canticorum
3298 4056 3536 4121 Ecclesia

1958 4150 2235 4220 proﬁtetur
2268 4165 2282 4203 :
2336 4132 2615 4202 Vulnerata
2639 4148 2886 4203 charitate
2914 4163 3006 4217 ego
3032 4162 3147 4200 sum
3176 4146 3346 4216 (Cant.
3374 4161 3432 4221 tt,
3457 4145 3536 4218 5).

1958 4241 2159 4312 Conﬁgi
2190 4253 2316 4311 ergo
2341 4255 2397 4295 se
2428 4241 2607 4294 timore
2630 4238 2839 4294 Domini
2858 4238 3074 4293 sanctus
3096 4238 3323 4315 populus
3346 4238 3539 4319 depre-

1957 4344 2129 4401 catur,
2154 4343 2211 4388 ut
2255 4332 2533 4389 moriendo
2561 4333 2723 4398 vivat,
2768 4332 2858 4401 qui
2903 4332 3051 4400 prius
3092 4326 3320 4387 vivendo
3345 4330 3542 4386 morie-

1960 4429 2193 4589 ωὲἷε
2216 4515 2366 4571 Vcrs.
2406 4515 2527 4570 121.
2551 4526 2621 4556 4—-
2645 4529 2753 4568 xvt.
2790 4516 2908 4568 AIN.
2942 4494 3346 4589 Fecijudicium
3372 4518 3419 4564 et
3451 4513 3542 4583 ju-

194 4626 454 4665 vermn
492 4617 598 4673 est,
632 4588 971 4678 quoniamrab
996 4628 1099 4668 uno
1124 4614 1356 4669 veritatis
1386 4615 1530 4671 fonte
1558 4588 1846 4674 descendit.

1961 4588 2152 4663 stitiam
2174 4624 2194 4662 :
2223 4623 2284 4661 ne
2313 4608 2491 4661 tradas
2537 4623 2614 4661 me
2640 4604 3050 4677 persequentibus
3076 4619 3176 4658 me.
3224 4588 3306 4658 Ad
3337 4611 3541 4657 sextam

187 4704 357 4761 Sine
400 4703 540 4771 lege
563 4703 817 4769 peribunt,
860 4703 928 4758 de
960 4703 1047 4758 illa
1083 4713 1283 4760 tantum
1313 4708 1696 4764 constitutione
1731 4710 1862 4764 dicit

185 4791 587 4861 Αροςῑοιιις,
613 4805 732 4859 quae
758 4792 950 4845 tabulis
980 4792 1202 4862 lapideis
1244 4797 1296 4850 in
1329 4809 1509 4852 monte
1538 4797 1665 4853 Sina
1694 4798 1859 4871 digito

179 4881 481 4943 υυηιὶιιί
538 4883 795 4949 probatur
834 4886 1087 4953 ascripta.
1134 4886 1266 4940 Nam
1297 4895 1350 4942 et
1380 4888 1497 4943 alia:
1544 4889 1687 4958 leges
1716 4900 1857 4953 sunt,

180 4996 307 5049 ρει-
347 4987 536 5047 quas
564 4975 745 5042 populi
769 4975 963 5029 lein’J.‘
983 4978 1264 5033 sententiae
1290 4978 1674 5049 subjacebunt;
1704 4988 1760 5035 ut
1780 4990 1863 5035 est

173 5072 292 5127 ilia
330 5063 762 5140 praevaricatio
791 5066 943 5132 Adae,
977 5066 1043 5122 de
1074 5082 1176 5138 qua
1216 5068 1319 5123 nisi
1359 5068 1553 5125 Christi
1603 5071 1860 5127 beneﬁcio

174 5165 558 5220 liberetur,
588 5155 877 5211 humanum
906 5173 1074 5228 genus
1103 5170 1306 5215 constat
1339 5175 1458 5215 esse
1492 5161 1859 5231 iudicandum.

166 5251 728 5316 Constringuntur
769 5252 928 5305 etiam
964 5261 1147 5321 gentes
1198 5270 1291 5321 per
1331 5257 1625 5309 natura'em
1669 5255 1862 5323 legem,

166 5368 253 5407 ne
289 5340 737 5403 faeiantalteri
768 5342 906 5411 quod
934 5343 1119 5397 nolunt
1151 5344 1263 5399 ﬁeri
1294 5344 1424 5409 sibi;
1447 5345 1584 5399 unde
1616 5345 1752 5399 idem
1780 5346 1862 5400 di-

161 5448 263 5504 ci;
301 5434 671 5512 Apostolus
701 5452 712 5486 :
743 5433 925 5489 Gentes
953 5452 1065 5504 qua:
1089 5436 1246 5505 legem
1286 5453 1385 5489 non
1416 5436 1619 5502 habent,
1652 5445 1855 5490 natura-

161 5548 320 5601 ηια-
361 5545 541 5606 qua
568 5528 692 5599 legis
720 5540 835 5583 sunt
862 5532 1054 5600 faciunt
1081 5520 1252 5597 (Rom.
1285 5546 1342 5595 tt,
1375 5530 1488 5601 H).
1546 5530 1706 5585 Vides
1737 5545 1863 5599 ergo

159 5633 437 5693 merito
484 5620 588 5675 hic
609 5621 808 5673 dictum
841 5627 1250 5686 praevaricatores
1282 5638 1453 5675 omnes
1482 5636 1625 5689 esse,
1648 5621 1737 5689 qui
1770 5636 1865 5689 po-

160 5726 481 5785 tuerunt.
553 5713 728 5781 aliquo
755 5728 940 5768 errore
986 5712 1320 5783 delinquere.
1365 5712 1495 5766 Nam
1543 5713 1655 5767 sive
1694 5722 1866 5766 trans-

150 5814 436 5894 ετεδδπ
492 5802 739 5876 primum
772 5802 920 5870 legis,
953 5803 1065 5859 sive
1092 5819 1209 5870 qua:
1242 5819 1336 5871 per
1363 5803 1577 5871 Moysen
1606 5803 1728 5859 data
1760 5811 1861 5866 est,

1963 4703 2225 4756 decimam
2261 4700 2492 4755 litteram
2533 4700 2587 4754 in
2618 4710 2878 4755 aeternum
2935 4699 3175 4752 membra
3207 4696 3422 4750 Domini
3462 4696 3542 4751 vi-

1964 4795 2143 4848 ventia
2194 4799 2571 4861 pervenerunt,
2602 4793 2657 4846 in
2701 4808 2802 4861 qua
2836 4806 2939 4845 una
2968 4805 3099 4846 voce
3142 4798 3329 4859 petunt
3370 4803 3541 4844 sacrze

1966 4887 2351 4942 incarnationis
2379 4887 2687 4953 adventum,
2723 4895 2932 4954 tempus
2959 4900 3079 4941 esse
3108 4885 3359 4948 dicentia,
3392 4891 3451 4937 ut
3477 4885 3545 4937 ad

1964 4979 2256 5033 destruend
2267 4994 2327 5034 os
2344 4981 2607 5049 superbos
2623 4980 2798 5034 divina
2823 4980 3056 5048 potentia
3075 4978 3347 5035 debuisset
3365 4989 3546 5033 osten-

1964 5070 2039 5123 di.
2073 5068 2420 5124 lntendamus
2446 5069 2627 5138 itaque
2654 5070 2814 5124 verba
2853 5084 2973 5139 quas
3011 5068 3152 5123 dicta
3188 5076 3335 5136 sunt,
3367 5077 3425 5122 ut
3459 5083 3547 5123 ar-

1967 5164 2259 5231 rogantiam
2290 5164 2491 5219 sanctis
2520 5162 2760 5216 odiosam
2792 5162 2932 5216 nulla
2966 5162 3132 5229 possit
3172 5162 3407 5230 cogitare
3434 5175 3548 5226 per-

1967 5255 2215 5308 versitas.
2266 5253 2416 5309 Facit
2452 5254 2709 5325 judicium
2740 5253 2981 5323 quisquis
3015 5252 3223 5323 judicat
3249 5262 3435 5307 contra
3468 5265 3547 5313 se,

1966 5357 2021 5403 et
2050 5348 2338 5416 pravitates
2383 5363 2506 5401 suas
2545 5356 2669 5402 ante
2700 5363 2923 5402 examen
2971 5346 3180 5399 Domini
3223 5345 3363 5413 iusta
3394 5358 3545 5400 exse-

1970 5438 2210 5493 Cratione
2238 5436 2580 5495 condemnat.
2632 5436 2739 5491 Sed
2790 5452 2858 5489 ne
2887 5436 2987 5489 hoc
3005 5435 3262 5505 judicium
3301 5431 3548 5488 adulato-

1973 5531 2109 5584 rium
2139 5528 2306 5596 magis
2343 5538 2558 5595 putares
2602 5541 2723 5581 esse
2774 5540 2931 5595 quam
2978 5540 3197 5593 verum,
3246 5522 3472 5590 addidit,
3504 5533 3550 5576 tt

1964 5619 2253 5691 justitiam,
2312 5618 2562 5686 quoniam
2610 5629 2705 5685 per
2747 5615 3008 5685 justitiam
3065 5629 3163 5671 nos
3226 5614 3549 5684 iudicamus,

1972 5713 2187 5783 quando
2218 5711 2531 5765 delictorum
2566 5715 2871 5763 nostrorum
2901 5706 3139 5764 vindices
3166 5723 3376 5764 sumus.
3432 5706 3551 5777 Ipsa

1973 5785 2052 5859 esi
2088 5820 2213 5868 ergo
2242 5803 2466 5866 aequitas
2490 5813 2608 5867 quae
2637 5814 2736 5856 nos
2766 5800 2993 5859 absolvit
3020 5815 3049 5857 a
3073 5814 3267 5864 pmna:
3300 5798 3411 5869 ipsa
3431 5812 3553 5868 qua:
