3966 6172
500 266 601 321 879

1692 266 1757 321 Μ.
1802 267 2082 323 Αυῑηζιιῐ
2129 266 2524 326 CASSIODORI

3601 290 3679 344 δυο

499 384 685 439 liberat
726 399 752 437 a
784 394 953 450 reatu,
988 384 1032 438 si
1061 384 1420 454 nosmetipsos
1450 384 1824 454 cognoscimus
1853 384 2079 439 sceleri-
2106 391 2152 447 Α
2187 385 2326 439 niam
2357 399 2512 455 supra
2548 385 2690 451 ipsos
2719 385 2886 455 magis
2915 387 3168 451 atrociter
3191 389 3426 460 saeviunt,
3466 411 3576 465 quos
3609 410 3684 457 mi.

497 476 596 530 bus
624 474 907 528 involutus.
942 474 1006 527 Et
1030 474 1279 542 quoniam
1314 482 1525 543 per-acta
1550 475 1726 529 fuerat
1748 476 1961 529 devoue
1990 489 2075 528 sa-

497 567 816 621 tisfactiouis
846 566 1146 636 integritas,
1183 567 1315 634 petit
1344 566 1504 621 modo
1529 582 1595 622 ne
1624 566 1862 621 tradatur
1886 582 2073 636 pecca-

497 660 720 721 toribus,
754 657 839 726 qui
886 665 1100 725 peccata
1134 657 1425 713 damnavit.
1472 659 1585 713 Hoc
1623 668 1707 713 est
1751 662 1891 713 enim
1936 658 2078 728 quod

493 753 737 818 Superius
780 749 1105 819 postulavit:
1140 749 1307 818 lnﬁge
1358 752 1535 804 timore
1571 760 1660 803 tuo
1696 767 1873 804 carnes
1916 767 2075 814 meas,

494 856 548 898 ut
578 860 662 899 res
699 845 853 897 noxia
885 844 1075 896 anima:
1122 842 1324 912 judicio
1366 843 1705 905 subderetur,
1750 853 1805 896 et
1847 843 2080 901 serviret

495 939 667 1007 potius
697 936 858 989 ailixa
889 952 1007 1005 quae
1052 936 1296 990 lascivire
1340 944 1545 1004 poterat
1577 935 1854 989 elTrenata.
1894 935 2077 989 Perse-

492 1040 699 1101 quentes
741 1044 869 1081 vero
909 1034 1033 1081 sunt
1078 1027 1323 1081 diabolus
1366 1042 1484 1081 cum
1531 1026 1813 1092 ministris,
1849 1026 1937 1095 qui
1980 1041 2076 1079 nos

496 1123 759 1177 ituleteela
791 1116 991 1174 malitia
1026 1130 1433 1189 persequuntur,
1467 1129 1516 1174 et
1559 1119 1780 1172 traditos
1823 1118 1925 1173 sibi
1957 1134 2078 1172 cru-

495 1215 597 1270 deli
653 1213 974 1269 laceratione
1020 1213 1351 1279 discerpunt.
1397 1211 1736 1266 Meminimus
1765 1202 1907 1264 enim
1955 1224 2078 1280 quae

496 1306 776 1377 pertulerit
803 1304 902 1359 Job
926 1304 1014 1360 ille
1043 1304 1432 1366 sanctissimus,
1466 1302 1679 1370 quantis
1709 1301 1950 1355 cladibus
1982 1315 2075 1369 pa-

495 1401 689 1454 tienter
719 1396 1005 1465 subiacuit,
1056 1395 1178 1465 quia
1212 1396 1317 1450 illis
1349 1410 1408 1449 se
1448 1393 1697 1449 traditum
1726 1406 1847 1446 esse
1879 1406 2079 1462 cogno-

492 1492 586 1544 vit.
619 1489 830 1544 Scimus
869 1487 1028 1541 etiam
1064 1494 1259 1554 quanta
1307 1484 1507 1554 losepb
1558 1497 1746 1553 passus
1777 1481 1955 1548 fuerit,
1991 1482 2075 1537 vel

495 1582 757 1644 Susanna,
810 1577 936 1632 dum
990 1575 1168 1631 traditi
1220 1574 1416 1631 fuerint
1472 1574 1717 1630 manibus
1765 1571 2072 1640 impiorum.

496 1672 629 1726 llinc
658 1672 817 1725 etiam
847 1668 1086 1739 quotidie
1114 1682 1362 1737 rogamus
1393 1665 1648 1721 admoniti
1682 1685 1694 1718 ;
1749 1663 1831 1718 Ne
1860 1665 2075 1717 inducas

2182 480 2323 531 nime
2352 479 2611 533 seducc'e
2638 479 2939 555 valuerunt.

2256 568 2408 621 Vers.
2441 570 2560 623 ηδ.
2598 568 2748 623 Oculi
2777 572 2872 624 mei
2902 572 3194 642 defecerunt
3239 574 3291 626 iu
3327 578 3547 647 salutare,
3575 595 3689 640 ιιιηιη

2182 666 2230 709 et
2252 658 2300 710 in
2333 656 2585 726 eloquium
2608 660 2829 728 justitite
2854 671 2972 715 tuae.
3004 664 3214 719 Movere
3244 668 3437 737 aliquos
3463 676 3597 739 solet,
3617 696 3692 736 cur

2183 747 2368 815 plurali
2402 764 2622 804 numero
2654 752 2890 819 posuerit
2914 756 3105 820 oculos,
3143 772 3259 810 cum
3305 761 3371 814 sit
3411 779 3529 820 unus
3553 772 3697 825 θυι-(ἥς

2182 853 2458 911 aspectus;
2492 860 2588 899 nec
2620 854 2795 912 p0test
2828 846 2926 899 hoc
2955 848 3017 901 ad
3053 849 3182 903 istos
3208 852 3383 906 oculos
3401 862 3611 915 carnales
3631 879 3694 916 re-

2182 933 2327 1017 ferri,
2359 937 2447 1003 qui
2482 936 2533 989 in
2558 937 2648 991 illa
2676 939 3057 1008 longinquitate
3096 944 3352 1012 temporis
3380 947 3495 1001 nihil
3519 952 3606 1004 tale
3628 970 3703 1022 po.

2185 1034 2398 1079 luerunt
2426 1027 2641 1082 intueri.
2669 1028 2772 1083 Sed
2801 1031 3048 1098 quoniam
3075 1032 3270 1086 cohors
3297 1046 3464 1090 sancta
3489 1039 3698 1104 loquitur,

2180 1129 2338 1183 quam
2370 1131 2489 1171 esse
2520 1128 2731 1172 constat
2767 1120 3077 1186 Ecclesiam,
3124 1125 3315 1178 merito
3361 1128 3608 1194 pluraliter
3641 1136 3707 1185 di-

2179 1204 2292 1259 cit:
2326 1204 2475 1259 Oculi
2506 1209 2631 1273 mei,
2670 1209 2806 1263 sicut
2847 1220 2901 1264 et
2930 1210 3053 1265 alibi
3083 1213 3149 1267 de
3179 1214 3291 1280 ipsa
3324 1215 3501 1285 legitur
3528 1237 3541 1272 :
3584 1223 3704 1277 (lculi

2180 1296 2255 1348 tui
2283 1298 2411 1349 sicut
2432 1299 2678 1353 columba:
2713 1316 2865 1370 super
2898 1302 3262 1357 abundantiam
3302 1322 3538 1371 aquarum
3567 1312 3708 1382 (Cant.
3762 1286 3774 1305 ι

2178 1400 2231 1448 v,
2264 1386 2391 1455 12);
2423 1396 2477 1442 et
2518 1389 2642 1443 alibi
2673 1407 2687 1442 :
2739 1390 2886 1444 Oculi
2914 1393 2988 1445 tui
3017 1394 3145 1446 sicut
3176 1395 3417 1451 columba:
3451 1411 3581 1454 extra
3610 1408 3708 1457 taci-

2182 1477 2477 1530 turnitatem
2508 1488 2652 1531 tuam
2683 1476 2857 1550 (Cant.
2890 1496 2959 1547 Iv,
2992 1483 3067 1552 1).
3116 1484 3247 1539 Istos
3276 1501 3403 1556 ergo
3428 1489 3548 1545 dicit
3569 1494 3712 1548 oculos

2180 1567 2232 1618 in
2263 1568 2488 1620 salutare
2519 1568 2729 1623 Domini
2759 1572 3022 1641 defecisse,
3050 1585 3269 1643 propter
3309 1589 3537 1635 sanctum
3572 1584 3713 1637 incar-

2182 1658 2410 1713 nationis
2438 1658 2746 1726 adventum,
2782 1678 2939 1732 quem
2974 1672 3119 1720 tanto
3140 1667 3413 1726 desiderio
3438 1675 3715 1742 sustinebat,

492 1777 583 1815 nos
608 1761 663 1813 in
692 1759 1019 1813 tentationem
1048 1757 1265 1828 (Matth.
1294 1772 1368 1823 v1,
1399 1754 1505 1825 15).
1538 1754 1842 1808 Traduntur
1862 1752 2073 1822 quoque
2110 1763 2144 1819 ις
2177 1759 2235 1803 ttt
2263 1752 2459 1805 nullam
2492 1755 2729 1824 requiem
2766 1758 3026 1825 potuisset
3056 1761 3361 1817 admittere.
3392 1765 3534 1821 Unde
3558 1772 3718 1822 merito

496 1860 827 1920 peccatores,
855 1861 914 1906 ut
960 1850 1118 1919 digna
1168 1848 1472 1903 commissis
1519 1845 1724 1915 ﬂagella
1772 1847 2070 1915 patiantur,

491 1942 628 2001 sicut
657 1944 941 2013 Apostolus
968 1941 1043 1997 de“
1064 1940 1245 2008 impiis
1271 1939 1404 1993 dicit
1434 1956 1448 1991 :
1478 1937 1719 1991 Tradidit
1743 1952 1830 1991 eos
1858 1936 1988 1989 Deus
2020 1937 2075 1991 in

490 2035 765 2104 reprobum
785 2050 1009 2101 sensum,
1034 2041 1088 2087 ut
1113 2034 1307 2104 faciant
1325 2046 1437 2100 qua:
1456 2045 1557 2083 non
1576 2029 1877 2104 conveniunt
1893 2028 1909 2096 (
1923 2028 2072 2083 llam.

496 2141 532 2193 ι,
553 2097 670 2198 se).
702 2118 764 2181 Ει
791 2127 914 2181 alibi
946 2097 1014 2180 de
1045 2097 1416 2194 peccatoribus
1436 2122 1555 2176 ait:
1593 2097 1732 2187 ῥυοε
1760 2119 1949 2172 tradidi
1972 2119 2069 2174 Sa-

491 2231 666 2284 tanaz,
713 2228 770 2272 ut
827 2219 1027 2272 discant
1082 2232 1183 2270 non
1233 2214 1583 2285 blasphemare
1625 2211 1677 2283 (1
1702 2212 1839 2265 Tim.
1883 2228 1921 2281 ι,
1952 2211 2068 2280 20).

496 2311 630 2366 Petit
663 2324 793 2377 ergo
841 2309 1065 2377 populus
1096 2316 1333 2369 sanctus,
1362 2320 1427 2360 ne
1455 2305 1691 2358 tradatur
1731 2302 2074 2373 persequenti-

493 2404 583 2455 bus
613 2415 693 2464 se,
725 2398 929 2466 quibus
967 2398 1090 2452 ideo
1118 2396 1341 2465 spiritus
1372 2395 1741 2450 irascebantur
1765 2393 2067 2459 immundi,

494 2491 613 2559 quia
643 2489 897 2544 videbant
928 2488 995 2541 ab
1023 2486 1103 2541 eis
1131 2500 1254 2541 suas
1284 2485 1642 2540 immissiones
1676 2483 2073 2553 iustigationes-

489 2600 597 2656 que
629 2581 891 2635 damnari.
920 2580 1033 2634 Hoc
1072 2587 1154 2634 est
1180 2577 1360 2633 odium
1409 2575 1550 2647 quod
1595 2574 1791 2630 Christi
1835 2582 2073 2629 meretur

488 2675 771 2745 allectum;
805 2675 871 2729 ab
900 2674 991 2729 illo
1026 2674 1166 2728 enim
1221 2672 1388 2726 amari
1437 2687 1541 2727 non
1574 2681 1749 2741 potest
1781 2673 1922 2741 quis,
1969 2670 2068 2726 nisi

486 2772 555 2825 ab
581 2771 696 2840 ejus
719 2767 1102 2821 inimicissimis
1133 2766 1435 2819 hortentur.

562 2857 864 2913 Vers.122.
896 2857 1111 2927 Suscipe
1139 2872 1339 2911 servum
1368 2865 1511 2910 tuum
1565 2856 1617 2909 in
1669 2855 1855 2908 bonum
1900 2870 1919 2909 :
1968 2871 2070 2909 non

488 2950 867 3005 calumnientur
897 2965 974 3003 me
1003 2949 1226 3018 superbi.
1275 2947 1511 3015 Suscipe,
1548 2946 1813 3002 diabolico
1850 2947 2069 3001 brachio

491 3041 752 3112 lmpulsus‘
776 3040 988 3095 videtur
1031 3040 1253 3107 dixisse,
1286 3056 1354 3094 ne
1400 3050 1638 3093 corruat.
1685 3039 1891 3093 Domini
1924 3040 2065 3093 enim

491 3132 853 3192 misericordia
888 3134 1228 3201 suscipiatur,
1253 3131 1466 3201 quando
1493 3141 1830 3201 peccatorum
1855 3141 2067 3185 Dthlt‘O-
2096 3129 2137 3186 C

486 3242 604 3283 rum
637 3226 1005 3294 compulsinne
1030 3225 1371 3291 percutimur.
1399 3222 1535 3290 Apte
1566 3223 1707 3276 enim
1728 3221 1925 3275 dictum
1950 3229 2059 3275 est:

495 3315 738 3380 Domine,
770 3316 822 3368 in
852 3315 1050 3369 bunum
1079 3314 1303 3379 suscipe,
1335 3314 1453 3379 quia
1490 3314 1539 3364 in
1567 3312 1761 3366 malum
1789 3327 1847 3365 se
1868 3311 2066 3366 adver—

486 3421 602 3459 satn
634 3415 838 3474 partem
867 3413 1093 3459 noverat
1124 3404 1421 3471 impulisse.
1454 3401 1641 3457 Servus
1665 3411 1841 3455 autem
1878 3401 2067 3455 libera-

487 3499 656 3572 tionis
680 3496 929 3553 indicium
964 3508 1064 3552 esL
1099 3496 1291 3553 Servus
1313 3496 1451 3549 enim
1488 3510 1517 3549 a
1559 3496 1825 3550 servando
1851 3496 2063 3561 dicitur,

490 3590 629 3659 quod
661 3578 780 3645 eum
808 3596 1023 3656 captum
1052 3589 1119 3642 ab
1161 3589 1456 3641 imminenti
1497 3588 1711 3642 interitu
1752 3588 1953 3641 domini
1986 3590 2066 3641 sui

493 3682 682 3738 manus
707 3684 950 3737 miserata
982 3684 1293 3736 servaverit.
1330 3682 1417 3737 Sic
1456 3692 1508 3737 et
1531 3683 1630 3736 iste
1656 3683 1846 3736 merito
1877 3698 1934 3737 se
1965 3700 2069 3735 ser-

486 3790 603 3829 vum
630 3772 779 3839 dicit,
811 3773 898 3842 qui
928 3772 1103 3827 fuerat
1131 3773 1198 3827 ab
1223 3774 1415 3826 anima:
1446 3772 1760 3842 deceptione
1788 3773 2062 3828 liberatus.

496 3864 832 3934 Quapropter
866 3864 954 3918 hic
986 3880 1159 3918 servus
1205 3873 1258 3919 et
1302 3864 1633 3918 liberatiouis
1679 3865 2067 3933 professiocu-

496 3957 767 4025 gnoscitur
795 3963 849 4009 et
874 3954 1115 4009 honoris.
1163 3954 1308 4009 Illius
1336 3956 1479 4009 enim
1510 3969 1613 4007 non
1638 3967 1715 4007 est
1743 3970 1936 4020 servus,
1969 3956 2066 4009 uisi

490 4046 578 4116 qui
607 4053 911 4099 sanctorum
940 4044 1099 4098 fuerit
1119 4045 1348 4099 canibus
1371 4056 1704 4113 aggregatus.
1732 4042 2068 4097 Calumniari-

496 4150 577 4192 tur
607 4147 782 4193 autem
831 4137 1055 4205 superbi,
1107 4137 1320 4206 quando
1377 4137 1657 4189 bmreticas
1695 4137 2070 4189 contentiones

414 4216 419 4217 γ
489 4228 726 4286 violento
752 4227 991 4296 pondere
1015 4224 1267 4278 falsitatis
1296 4225 1590 4291 objiciunt.
1625 4232 1682 4278 ut
1724 4225 1914 4280 merito
1932 4232 2000 4279 *se
2041 4238 2070 4277 a

495 4322 725 4377 Domino
757 4320 1079 4389 deprecatus
1106 4317 1266 4371 fuerit
1288 4319 1508 4387 suscipi,
1549 4333 1617 4372 ne
1645 4333 1831 4373 eorum
1877 4320 2073 4387 potuis-

488 4421 570 4469 set
600 4409 946 4465 altercatione
991 4408 1277 4477 prosterni.
1306 4409 1430 4463 Sive
1473 4408 1573 4463 hoc
1602 4410 1768 4478 magis
1806 4408 1895 4466 de.
1911 4410 2067 4478 spiri-

2178 1844 2380 1912 defecit,
2425 1846 2544 1915 quia
2575 1848 2772 1900 nullum
2808 1858 3016 1918 tempus
3061 1854 3358 1909 vacationis
3387 1859 3599 1926 accepit.
3639 1860 3719 1921 Sa-

2177 1933 2340 1986 lutare
2369 1935 2511 1989 enim
2541 1936 2806 2007 signiﬁcat
2843 1941 3120 1998 Dominum
3171 1945 3526 2016 Salvatorem,
3554 1951 3613 2006 de
3636 1956 3730 2021 quo

2178 2027 2434 2098 scriptum
2462 2040 2582 2085 est:
2615 2031 2827 2087 Salvum
2855 2034 2942 2102 fac
2970 2040 3217 2107 populum
3252 2048 3419 2108 tuum,
3456 2041 3669 2111 Domine,
3684 2056 3721 2095 rt

2180 2120 2391 2173 benedic
2415 2121 2759 2178 liwreditalem
2805 2136 2940 2180 tuam
2969 2128 3137 2198 (Psal.
3166 2147 3337 2197 xxvn,
3370 2134 3448 2205 9).
3488 2134 3725 2206 Sequitur.

2175 2222 2220 2266 et
2245 2213 2298 2267 in
2324 2215 2581 2284 eloquium
2609 2218 2830 2285 justitite
2871 2230 2991 2287 tuae,
3024 2222 3074 2276 id
3105 2231 3187 2278 est
3214 2228 3529 2298 evangelica
3569 2232 3723 2294 verba,

2175 2319 2292 2374 qua:
2322 2305 2563 2361 dicturus
2593 2318 2708 2361 erat
2740 2312 2935 2377 populo
2973 2313 3279 2371 creditura.

2249 2394 2400 2449 Vers.
2434 2396 2555 2451 124.
2590 2395 2701 2451 Fac
2727 2415 2841 2453 cum
2864 2417 3004 2455 servo
3032 2413 3118 2457 tuo
3146 2408 3439 2461 secundum
3474 2410 3728 2462 misericor-

2174 2486 2309 2540 diam
2334 2497 2491 2551 tuam,
2519 2496 2565 2541 et
2585 2490 2982 2559 justiﬁcationes
3013 2503 3123 2548 tuas
3149 2497 3288 2551 doce
3317 2516 3417 2554 me.
3460 2500 3513 2553 In
3535 2502 3733 2556 assiduis

2174 2575 2421 2643 precibus
2465 2592 2813 2646 perseverat,
2858 2585 2980 2652 quia
3026 2586 3249 2653 petendi
3300 2605 3563 2661 nunquam
3601 2592 3732 2646 debet

2173 2681 2292 2720 esse
2321 2666 2614 2733 fastidium,
2648 2672 2734 2725 ubi
2766 2673 2980 2743 largitas
3004 2675 3297 2735 donatoris
3322 2698 3431 2735 non
3463 2693 3628 2752 potest
3661 2684 3736 2737 ba-

2172 2757 2303 2812 bere
2331 2759 2614 2814 delectum.
2657 2764 2859 2817 inﬁnita
2895 2768 3060 2833 petiit,
3093 2771 3181 2837 qui
3221 2772 3328 2826 sibi
3379 2774 3511 2827 bona
3541 2774 3644 2829 ﬁeri
3668 2791 3735 2827 se-

2173 2851 2400 2903 cundum
2430 2852 2837 2907 misericordiam
2867 2856 3074 2912 Domini
3107 2864 3433 2929 postulavit.
3466 2864 3592 2919 Nam
3629 2866 3748 2919 simil

2172 2941 2260 2995 illa
2284 2951 2482 2995 aeterna
2506 2950 2605 3007 est,
2633 2945 2709 2998 sic
2740 2944 2856 3014 ejus
2885 2962 3104 3004 munera
3139 2953 3454 3018 probantur
3483 2970 3597 3009 esse
3635 2942 3736 3023 per-

2174 3043 2347 3100 petua.
2383 3033 2526 3087 Bene
2555 3034 2782 3100 addidit,
2815 3053 2959 3091 sert'o
3004 3050 3108 3103 tuo,
3139 3043 3277 3109 quia
3308 3046 3492 3098 statim
3535 3055 3745 3119 corruet,

2173 3122 2265 3190 qui
2298 3123 2513 3177 alterius
2544 3139 2662 3180 esse
2688 3126 2935 3181 voluerit.
2978 3128 3405 3199 Justiﬁcationes
3452 3151 3577 3191 vero
3618 3150 3747 3189 more

2176 3227 2272 3267 suo
2304 3212 2444 3282 ipsas
2483 3229 2698 3284 semper
2751 3218 2900 3285 petit,
2947 3235 3076 3288 quas
3116 3223 3241 3289 jam
3275 3224 3508 3281 devotus
3548 3226 3748 3297 accepit.

2175 3301 2321 3355 Hauc
2351 3306 2492 3356 en'm
2520 3305 2886 3361 assiduitatem
2919 3319 2972 3362 et
3011 3310 3195 3364 oratio
3228 3313 3510 3369 dominica
3537 3317 3752 3383 designat

2174 3404 2290 3464 quas
2316 3396 2443 3450 dicit
2470 3415 2480 3448 :
2516 3395 2707 3450 Panem
2732 3399 2957 3452 nostrum
2980 3402 3363 3471 quotidianum
3405 3410 3473 3461 da
3502 3408 3639 3463 nobis
3677 3407 3753 3459 lto.

2174 3488 2256 3539 die
2282 3487 2433 3557 (Luc.
2466 3504 2537 3551 st,
2562 3489 2640 3557 '5).
2673 3488 2880 3544 Justum
2908 3502 2989 3546 est
3017 3494 3189 3557 enim,
3225 3507 3287 3553 ut
3315 3500 3520 3569 iugiter
3544 3511 3752 3570 rogetur.

2175 3578 2266 3645 qui
2315 3581 2360 3633 si
2407 3593 2509 3632 non
2540 3588 2749 3648 petatur
2792 3582 3096 3640 offenditur.
3137 3588 3210 3641 Et
3254 3592 3490 3658 res,ice,
3534 3605 3621 3647 res
3657 3591 3754 3645 iste

2174 3670 2315 3740 quali
2349 3672 2631 3727 verborum
2682 3678 3007 3743 proprietate
3037 3680 3325 3737 distincta:
3373 3696 3521 3739 sunt.
3580 3685 3757 3739 Miseri-

2174 3763 2403 3816 cordiam
2445 3780 2602 3832 supra
2659 3781 2717 3819 se
2765 3767 2875 3835 ﬁeri
2924 3771 3111 3836 petiit:
3150 3775 3575 3844 justiﬁcationes
3604 3786 3756 3831 autem

2174 3854 2345 3907 doceri
2376 3870 2435 3909 se
2460 3857 2773 3923 suppliciter
2803 3863 3108 3925 postulavit.

2250 3942 2395 3996 Vers.
2435 3942 2553 3997 125.
2581 3943 2767 3999 Servus
2790 3958 2906 4000 tuus
2928 3966 3039 4003 sum
3068 3970 3190 4023 ego,
3218 3956 3292 4008 da
3319 3958 3452 4009 mihi
3479 3960 3762 4012 intellectum

2173 4032 2338 4104 419
2367 4044 2421 4087 ut
2445 4036 2603 4089 sciam
2631 4038 2916 4092 testimonia
2943 4050 3051 4095 tua.
3074 4043 3357 4109 Quamvis
3386 4049 3634 4103 universa
3668 4060 3768 4116 qua

2175 4127 2464 4194 expediunt
2504 4130 2767 4185 continuis
2800 4133 3046 4198 precibus
3084 4139 3206 4191 sint
3257 4154 3289 4192 a
3327 4140 3565 4193 Domino
3599 4147 3764 4210 postu-

2178 4220 2355 4285 landa,
2390 4221 2619 4275 maxime
2669 4224 3188 4283 tamendivinarum
3246 4220 3657 4300 St-ripturarum
3700 4231 3771 4284 iu.

2178 4312 2422 4367 tellectus
2467 4313 2666 4381 jugiter
2713 4318 3039 4383 expetendus
3090 4320 3219 4384 est;
3260 4325 3360 4392 qui
3416 4336 3619 4395 quanto
3670 4324 3771 4393 plus

2177 4403 2486 4473 percipitur,
2520 4414 2666 4458 tanto
2687 4407 2905 4460 suavior
2931 4412 3133 4464 sanctis
3172 4417 3474 4471 mentibus
3506 4418 3777 4472 invenitur.

494 4503 629 4557 tibus
674 4499 962 4554 immundis
1007 4500 1199 4553 melius
1228 4499 1445 4564 dicitur,
1488 4500 1580 4563 qui
1626 4501 1778 4554 nobis
1830 4500 2073 4568 improbe
2104 4500 2150 4557 D
2178 4496 2284 4551 Sed
2331 4498 2452 4565 quia
2496 4500 2641 4552 novit
2689 4500 3113 4569 omnipotentem
3185 4506 3499 4562 Dominum
3542 4506 3777 4576 subjectis

494 4591 969 4654 calumniantur;et
986 4599 1105 4642 cuiu
1130 4589 1230 4658 ipsi
1254 4590 1360 4643 sint
1381 4589 1611 4643 maxime
1637 4599 1941 4644 nostrorum
1959 4592 2071 4646 cri-

494 4683 695 4736 minum
724 4681 821 4744 rei,
852 4680 1038 4735 nolunt
1070 4695 1167 4735 nos
1195 4695 1448 4735 concessa
1492 4683 1645 4737 veuia
1672 4682 1914 4747 liberari;
1948 4675 2070 4737 nam

493 4789 611 4829 cum
646 4774 746 4844 ipsi
796 4774 1084 4840 decipiant,
1119 4774 1218 4843 ipsi
1260 4769 1357 4827 nos
1398 4790 1609 4844 semper
1650 4786 1921 4831 accusant.
1969 4778 2073 4833 Sed

492 4864 615 4931 quid
651 4867 841 4918 mirum
872 4865 915 4917 si
958 4865 1325 4934 peccatoribus
1355 4864 1713 4930 calumnietur,
1744 4868 1833 4936 qui
1856 4867 2073 4923 CluiSto

496 4956 718 5009 Domino
745 4956 922 5010 dicere
945 4956 1205 5010 tentavit:
1240 4955 1425 5009 Omnia
1450 4956 1556 5010 lucc
1578 4958 1670 5011 tibi
1691 4958 1839 5023 dabo,
1864 4960 1917 5011 si
1955 4976 2075 5026 pro-

492 5048 662 5100 cidens
689 5046 977 5100 adoraveris
1007 5062 1084 5098 me
1110 5044 1321 5115 (Matth;
1347 5062 1419 5113 tv,
1443 5046 1536 5117 9)?
1571 5048 1633 5101 Et
1663 5049 1793 5102 illud
1827 5066 1840 5102 :
1876 5048 2074 5104 l’ouam

493 5139 662 5192 sedem
695 5155 857 5191 meam
899 5138 967 5190 ad
1010 5139 1318 5208 aquilonem,
1366 5148 1412 5191 et
1450 5154 1537 5191 ero
1582 5140 1762 5192 similis
1813 5140 2073 5201 ditissima

493 5225 627 5296 (lea.
662 5243 773 5291 xrv,
812 5230 913 5293 13).
962 5227 1150 5283 Merito
1193 5244 1321 5297 ergo
1360 5228 1554 5281 dicitur
1582 5226 1951 5296 calumniator,
1983 5231 2072 5300 qui

492 5321 618 5376 dum
663 5316 801 5376 facit
840 5321 1103 5386 crudelia,
1151 5321 1267 5389 pios
1296 5334 1509 5389 semper
1551 5332 1805 5376 accusat;
1841 5324 1915 5377 De
1958 5325 2073 5391 ipso

495 5410 633 5465 enim
663 5420 717 5465 et
742 5411 847 5464 alio
877 5412 992 5465 loco
1016 5411 1288 5479 Scriptura
1320 5412 1443 5465 dicit
1490 5429 1502 5464 :
1552 5411 1613 5465 Et
1659 5415 1947 5467 humiliabil
1979 5432 2070 5468 ca-

496 5507 871 5570 lumniatorem,
904 5513 951 5558 et
992 5504 1297 5574 permanebit
1334 5521 1447 5557 cum
1475 5506 1580 5558 sole
1607 5503 1775 5571 (Psal.
1812 5522 1957 5568 LXXI,
1990 5508 2070 5573 4,).

497 5602 793 5655 iustissime
825 5601 1001 5668 itaque
1032 5598 1184 5666 petit,
1218 5613 1282 5651 ne
1312 5596 1524 5651 humilis
1551 5598 1788 5652 tradatur
1817 5599 2069 5667 superbo,

498 5705 565 5745 ue
610 5691 833 5760 simplex
877 5690 1226 5756 calumnioso,
1272 5704 1338 5744 ne
1386 5689 1612 5744 devotus
1645 5678 1894 5758 ingrato:
1940 5705 2072 5759 quo-

2180 4586 2293 4641 suis
2320 4596 2449 4643 esse
2476 4589 2851 4657 largissimum,
2900 4591 3067 4645 dicit:
3124 4594 3346 4652 Servus
3399 4610 3521 4653 tuus
3569 4615 3691 4661 sum,
3729 4598 3784 4648 da

2181 4680 2306 4732 mihi
2336 4678 2667 4746 intellectum,
2710 4683 2797 4750 qui
2826 4682 3017 4736 solitus
3040 4688 3368 4742 esdouare
3417 4707 3542 4759 quae
3566 4695 3700 4757 juste
3732 4701 3785 4737 ac

2184 4767 2500 4826 ﬁducialiter
2529 4771 2744 4838 peteris.
2778 4771 2908 4826 Nam
2932 4789 3053 4827 cum
3079 4776 3348 4832 obnoxia
3379 4796 3443 4835 se
3472 4791 3666 4836 cuncta
3706 4793 3787 4832 ca-

2180 4874 2457 4931 gnoscant,
2500 4864 2674 4932 magni
2720 4875 2895 4919 tamen
2946 4866 3131 4921 meriti
3169 4882 3267 4924 est
3321 4873 3503 4939 ipsius
3553 4871 3787 4927 {atnulm

2183 4958 2497 5022 nuncupari.
2532 4954 2716 5009 Servus
2739 4958 2932 5025 quippe
2956 4957 3129 5026 ipsius
3150 4965 3451 5019 veraciter
3476 4978 3791 5036 nvqnaqttam

2180 5044 2282 5098 dici
2310 5054 2504 5114 potest,
2540 5046 2638 5100 nisi
2672 5048 2759 5114 qui
2804 5048 2919 5116 ejus
2950 5048 3266 5107 famulatur
3297 5056 3562 5109 arbitrio.
3595 5056 3658 5108 Et
3688 5056 3790 5105 vide

2178 5136 2302 5204 quid
2333 5136 2496 5200 dicat,
2540 5138 2828 5203 ut‘sciam,
2879 5138 2931 5192 id
2972 5148 3053 5208 est
3100 5154 3169 5193 ut
3224 5153 3469 5214 accepta
3529 5146 3791 5200 retineam.

2179 5227 2324 5283 Scire
2348 5228 2487 5281 enim
2519 5226 2647 5280 illud
2686 5236 2787 5293 est,
2817 5229 2956 5298 quod
3004 5230 3054 5283 in
3105 5235 3390 5289 notitiam
3426 5246 3667 5290 nostram
3700 5247 3793 5285 ωηο

2179 5321 2371 5375 nil'este
2395 5320 2633 5381 veniens,
2667 5323 2809 5375 nulla
2842 5319 3123 5379 obliviOne
3161 5327 3423 5384 deletur.

2256 5413 2404 5467 Vers.
2434 5413 2554 5468 126.
2586 5414 2803 5481 Tempus
2830 5400 3075 5485 faciendi,
3111 5418 3362 5476 Domine
3382 5439 3402 5475 :
3428 5425 3794 5491 dissipaverunt

2179 5503 2341 5571 iniqui
2373 5503 2532 5573 legem
2559 5515 2717 5558 tuam.
2750 5505 3054 5560 Prmvidens
3107 5513 3371 5580 pepulus
3416 5513 3647 5568 devotus
3672 5521 3797 5563 tent-

2184 5592 2400 5661 poribus
2428 5594 2676 5647 Antiochi
2702 5610 2728 5647 a
2760 5596 2916 5663 plebe
2944 5596 3183 5652 Judaica
3224 5602 3417 5672 legem
3454 5603 3667 5657 Domini
3698 5599 3798 5653 culo

2188 5698 2301 5743 tura
2334 5689 2636 5744 dmmonum
2666 5690 3031 5756 polluendam,
3071 5694 3243 5749 velut
3276 5696 3347 5751 ad
3385 5697 3656 5754 medicum
3696 5690 3799 5748 clr
