4032 6176
288 329 381 383 881

1193 326 1410 382 EXPOS
1436 326 1546 383 Τῐο
1582 329 1647 383 IN
1692 327 2146 385 PSALTERllJil.
2193 327 2383 384 PSAL.
2423 329 2651 385 CXVlll.

3440 335 3554 418 δεῖ

279 455 391 501 mat
433 451 667 513 aegrotus
717 448 912 510 tempus
961 452 1082 493 esse
1131 435 1517 507 subveniendi;
1553 459 1619 498 ne
1657 443 1858 498 morbis
1885 443 1935 502 Α
1963 445 2156 511 grbar;
2188 458 2385 496 omnem
2434 445 2567 496 viam
2608 444 2837 514 iniquam
2867 445 2985 498 odio
3030 446 3206 500 habui.
3237 445 3349 510 Qui
3384 460 3548 514 super

279 533 680 604 ingravantibus
709 533 853 586 salus
899 531 1079 602 p0puli
1139 533 1399 600 potuisset
1445 535 1674 589 absumi.
1723 534 1860 589 Dlt‘il.

279 629 459 684 enim:
491 625 712 693 Tempus
741 633 826 678 est
860 624 1116 693 faciendi,
1135 641 1242 678 non
1291 625 1572 679 dilTerendi
1600 625 1738 695 quod
1766 641 1859 680 ex-

281 718 444 789 pedit.
473 715 712 771 Jnsserat
741 715 881 769 enim
916 730 1011 783 per
1053 717 1225 785 legem
1254 725 1307 768 et
1336 718 1647 784 prophetas,
1682 725 1738 768 ut
1770 731 1859 770 ve—

282 825 373 864 rus
425 809 683 862 Dominus
731 805 1164 860 reverentissime
1219 793 1526 870 devotione
1555 806 1853 870 coleretur;

281 902 374 956 sed
421 900 674 968 quoniam
722 897 824 952 hoc
873 897 925 950 in
977 911 1128 951 suam
1183 895 1470 963 perniciem
1529 895 1858 969 contmnpsit

280 981 923 1054 obstinatio-Judteorum,
945 987 1145 1042 clamat
1164 988 1390 1058 populus
1417 987 1610 1049 fidelis,
1635 986 1858 1056 Tempus

280 1084 501 1154 ﬁniendi
525 1124 540 1148 ,
564 1082 614 1136 id
637 1088 800 1135 estut
823 1080 1023 1134 mundo
1049 1079 1298 1134 Salutaris
1330 1094 1609 1148 appareas,
1641 1086 1855 1146 peccata

281 1175 564 1235 dissolvas,
597 1177 825 1224 murtam
858 1170 1062 1231 vincas,
1112 1169 1392 1237 ipsumque
1422 1168 1692 1222 diabolum
1733 1183 1854 1220 cum

280 1281 372 1320 sua
401 1263 624 1320 cohorte
653 1272 982 1332 prosternas.
1010 1258 1120 1314 lloc
1149 1268 1236 1316 est
1251 1258 1391 1313 enim
1419 1258 1625 1313 Domini
1659 1257 1853 1326 facere,

280 1353 550 1424 prcdictis
569 1352 902 1422 temporibus
930 1340 1208 1404 advenire.
1243 1349 1392 1422 Unde
1420 1357 1475 1404 et
1505 1363 1596 1416 per
1627 1347 1858 1418 prophe-

283 1455 385 1498 t:un
435 1444 636 1498 dictum
668 1449 786 1495 est:
819 1440 1073 1507 Tempore
1121 1449 1326 1505 accepto
1367 1439 1604 1494 exaudiui
1631 1451 1696 1502 te,
1730 1448 1775 1492 et
1806 1438 1856 1494 in

280 1536 361 1586 die
388 1533 571 1588 salutis
610 1513 802 1602 adjuvi‘
830 1541 877 1586 te
908 1529 1063 1603 (leni.
1113 1518 1231 1585 χιιι
1260 1572 1273 1594 ,
1299 1530 1373 1600 8).
1413 1530 1480 1583 Et
1525 1530 1853 1598 Apostolus:

282 1626 411 1678 Ecre
437 1640 570 1677 nunc
613 1633 807 1690 tempus
834 1622 1164 1687 acceptabfle,
1207 1637 1318 1674 ecce
1360 1637 1496 1673 nunc
1524 1620 1630 1674 dies
1677 1621 1856 1674 salutis

281 1717 362 1778 ut
394 1714 515 1770 Cor.
547 1729 625 1779 vr,
653 1710 733 1782 9.).
779 1713 970 1767 Omnia
1019 1712 1161 1765 enim
1211 1726 1329 1780 quae
1379 1711 1633 1764 Dutninus
1689 1711 1852 1776 facit,

1963 547 2148 585 aurum
2181 542 2234 586 et
2264 547 2503 601 gemmas
2554 533 2725 600 legem
2774 533 2978 588 Domini
3009 534 3295 603 diligebat,
3322 549 3546 590 necesse

1963 621 2062 675 fuit
2083 630 2143 675 ut
2162 623 2227 675 ad
2258 622 2432 676 omnia
2469 624 2715 679 mandata
2737 624 2852 693 ejus
2881 627 3214 680 rectissimus
3241 633 3547 695 ppareret.

1961 720 2109 774 Talia
2143 721 2285 773 enim
2316 721 2585 790 negligere
2613 737 2716 775 non
2751 731 2949 789 potest,
2981 723 3082 776 nisi
3109 722 3196 792 qui
3222 721 3400 776 divina
3433 721 3550 778 fue-
3581 747 3585 751 -

1962 813 2030 866 rit
2064 812 2416 882 inSpiratinne
2463 822 2768 880 correctus;
2818 824 2874 866 ut
2925 829 3113 867 aurum
3165 813 3359 869 habeat
3404 813 3551 869 velut

1963 911 2199 958 terrenas
2248 903 2458 968 sordes,
2507 920 2748 971 gemmas
2779 911 2838 964 ut
2861 905 3095 959 calculos
3145 905 3298 959 vites.
3350 907 3548 962 Amare

1959 993 2222 1064 siquidem
2255 1011 2358 1048 non
2386 994 2662 1064 profutura
2685 995 2950 1052 dementis
2970 1003 3086 1060 est;
3119 994 3212 1049 sed
3245 995 3552 1050 illud-decet
3585 1037 3590 1042 .

1961 1087 2102 1140 viros
2132 1086 2498 1141 sanctissimos
2523 1086 2924 1155 concupiscere,
2954 1100 3075 1155 quae
3095 1087 3300 1154 possint
3329 1087 3546 1154 praemia

1962 1164 2228 1248 nunquam
2286 1180 2518 1246 peritura
2540 1179 2810 1233 conferre.
2856 1176 3162 1246 Congruum
3193 1192 3322 1247 ergo
3362 1176 3460 1230 fuit
3494 1187 3553 1231 ut

1960 1271 2162 1326 odisset
2194 1285 2497 1339 perversam
2533 1274 2693 1337 viam,
2726 1271 2815 1340 qui
2849 1273 3044 1324 meruit
3090 1286 3275 1326 amare
3297 1271 3552 1325 rectissi-

1961 1378 2122 1416 mam.
2169 1362 2357 1432 Iniqua
2387 1363 2647 1430 siquidem
2673 1365 2754 1416 v'a
2784 1370 2888 1431 est,
2919 1379 3037 1431 qua:
3065 1376 3165 1416 nos
3212 1363 3456 1433 perducit
3481 1364 3548 1417 ad

1961 1455 2116 1519 vitia;
2149 1466 2292 1508 recta
2326 1470 2454 1509 vero
2498 1458 2754 1509 virtutum
2777 1498 2792 1520 ,
2823 1469 2944 1524 quae
2974 1455 3128 1509 nobis
3165 1454 3549 1524 indulgentiam

1962 1546 2144 1600 tribuit
2173 1554 2226 1599 et
2252 1546 2501 1599 salutem.
2524 1547 2626 1600 Sed
2658 1547 2758 1600 hoc
2788 1561 2946 1613 quam
2976 1547 3238 1610 studiose,
3261 1561 3420 1616 quam
3446 1547 3552 1601 fre-

1959 1646 2186 1702 quenter-
2213 1637 2536 1691 infunditur!
2571 1647 2628 1691 ut
2654 1637 3010 1707 intelligamus
3029 1640 3217 1692 beatos
3244 1640 3392 1692 viros
3417 1653 3552 1706 qua—

1960 1730 2088 1782 lium
2125 1744 2300 1783 rerum
2345 1730 2702 1785 delectatione
2744 1738 3052 1798 pascantur,
3083 1730 3172 1798 qui
3216 1729 3552 1783 hoc-habent

283 1808 561 1877 aptissima
591 1805 944 1874 diSpositione
967 1803 1334 1873 complentur;
1370 1814 1428 1856 ut
1457 1815 1578 1855 ante
1612 1801 1726 1855 lieri
1751 1817 1857 1854 non

1970 1837 2120 1892 supra
2151 1830 2340 1878 cuncta
2369 1822 2762 1890 dulcissimum,
2787 1825 2928 1892 quod
2960 1825 3158 1893 saepius
3183 1821 3411 1879 credunt
3429 1837 3552 1877 esse

281 1903 386 1954 deb
411 1906 534 1962 aut,
567 1897 668 1951 nisi
699 1895 912 1966 quando
943 1895 1032 1950 ille
1070 1893 1354 1949 miseratus
1387 1894 1688 1961 indulserit.
1711 1894 1862 1947 .llinc

279 2005 363 2049 cst
392 1994 532 2062 quod
563 1992 717 2047 nobis
765 2006 981 2060 semper
1010 1990 1227 2058 expedit
1275 1989 1474 2044 habere
1507 1989 1816 2060 patientiam
1843 2028 1859 2052 ,

283 2094 593 2154 exspectare
616 2099 734 2154 quae
752 2083 899 2152 jussa
931 2091 1076 2143 sunt,
1102 2097 1292 2151 rogare
1322 2098 1438 2151 quae
1463 2091 1686 2152 prosunt
1713 2082 1860 2155 [mss.

281 2178 373 2240 A.,
401 2176 492 2243 B.,
526 2174 620 2241 F.,
654 2177 918 2246 promissa
950 2174 1134 2246 sunt}.
1161 2175 1382 2245 Tempus
1412 2186 1590 2230 autem
1639 2170 1863 2248 faciendi

285 2269 430 2320 novit
461 2267 570 2332 ille,
603 2267 692 2335 qui
722 2279 899 2321 reetor
921 2276 1021 2322 est.
1049 2265 1500 2321 Addiditcausam
1532 2281 1627 2320 cur
1659 2265 1854 2322 debeat

281 2362 456 2413 facere
487 2375 606 2426 qua:
637 2370 853 2429 rogatur
874 2402 888 2425 ,
923 2359 1047 2430 quia
1078 2358 1247 2415 Judazi
1279 2360 1436 2426 legem
1470 2341 1860 2427 dissipat-erunt,

281 2468 436 2517 quam
483 2452 574 2507 ille
616 2467 710 2507 eos
758 2452 1138 2506 inviolabiliter
1181 2450 1455 2506 custodire
1503 2459 1855 2519 praeceperat.

284 2541 548 2610 Dissipare
583 2541 725 2596 enitn
757 2552 841 2597 est
883 2541 1065 2614 legem,
1110 2541 1266 2596 aliter
1299 2541 1478 2596 vivere
1507 2556 1662 2608 quam
1699 2541 1865 2609 ipsius

283 2641 545 2701 pneccpta
577 2642 902 2687 monuerunt
927 2650 940 2699 ;
966 2643 1021 2687 et
1049 2632 1148 2689 hoc
1180 2632 1348 2700 magis
1377 2632 1574 2696 facere,
1601 2633 1742 2702 quod
1778 2632 1866 2686 illa

280 2722 628 2789 Cognoscitur
663 2723 763 2777 sub
791 2723 938 2777 omni
991 2724 1368 2779 exsecratione
1398 2722 1702 2793 damnasse.
1757 2722 1869 2777 lloc

280 2821 655 2883 argumentum
695 2815 942 2868 rhetores
985 2814 1125 2868 inter
1171 2812 1559 2868 violentissima
1601 2822 1868 2881 praecepta

284 2921 595 2980 posuerunt,
621 2912 835 2982 quando
861 2919 1121 2981 utpreces
1152 2911 1460 2976 audiantur,
1488 2909 1706 2979 adjuvat
1735 2915 1869 2964 tem-

283 3019 384 3072 pus
413 2997 775 3072 aptissimum.
1496 2999 1500 3003 ’

357 3096 512 3152 Vers.
548 3098 672 3152 £27.
706 3095 832 3152 Ideo
863 3095 1024 3151 dilexi
1049 3096 1296 3151 mandata
1345 3080 1640 3164 tua,'super
1683 3110 1869 3149 mirum

1962 1913 2334 1983 repetendum.

2039 2003 2190 2056 Vers.
2225 2002 2349 2056 H9.
2372 2031 2442 2042 —
2466 2018 2598 2056 xvtt.
2633 2003 2765 2058 Pus.
2799 2003 3063 2057 Mirabilia
3111 2004 3395 2057 testimonia
3437 2013 3546 2066 tua,

1962 2095 2178 2150 Domine
2210 2111 2228 2148 :
2257 2096 2372 2150 ideo
2417 2105 2645 2151 scrutata
2683 2105 2757 2150 est
2791 2112 2852 2150 ea
2879 2097 3051 2150 anima
3077 2112 3208 2152 mea.
3250 2095 3546 2166 Septimum

1963 2190 2227 2244 decimam
2245 2190 2478 2244 litteram
2501 2189 2667 2243 sancti
2699 2189 2876 2259 populi
2903 2190 3067 2242 intrat
3089 2189 3282 2254 oratio,
3304 2202 3551 2242 asserens

1964 2282 2241 2352 aperuisse
2271 2296 2333 2337 os
2361 2299 2515 2336 suum
2542 2293 2596 2338 et
2620 2283 2907 2337 attraxisse
2936 2281 3205 2350 spiritum,
3239 2289 3296 2335 ut
3319 2280 3434 2350 ejus
3456 2288 3552 2334 au-

1965 2375 2143 2430 diatur
2164 2376 2360 2439 oratio,
2393 2375 2673 2443 exitusque
2700 2389 2957 2443 aquarum
2991 2374 3264 2428 transiisSe
3291 2375 3554 2444 lacrymas

1967 2465 2106 2532 pias,
2133 2465 2255 2533 quia
2283 2479 2388 2519 non
2417 2466 2486 2519 sit
2511 2480 2539 2518 a
2569 2464 2772 2520 ludatis
2811 2465 3074 2519 custodita
3103 2466 3186 2519 lex
3228 2466 3456 2518 Domini.
3492 2467 3555 2520 Et

1969 2557 2179 2612 intuere
2225 2555 2678 2624 quemadmodum
2717 2556 3082 2610 deﬁnitionem
3132 2557 3208 2610 rei
3256 2554 3364 2610 uno
3393 2557 3556 2610 verbo

1968 2649 2279 2717 complexus
2299 2658 2383 2703 est
2407 2648 2671 2703 dicendo:
2705 2645 2970 2702 Mirabilia
2993 2647 3280 2701 testimonia
3307 2657 3413 2713 tua,
3443 2647 3549 2701 Do-

1969 2741 2123 2793 mine.
2151 2739 2414 2802 Mirabilia
2443 2741 2619 2808 plane,
2649 2740 2900 2808 quoniam
2933 2755 3026 2807 per
3045 2750 3105 2793 ea
3129 2740 3365 2793 caelestis
3388 2741 3556 2794 virtus

1971 2829 2277 2884 hominibus
2306 2829 2534 2884 terrenis
2566 2828 2826 2891 innotuit,
2859 2835 2914 2881 et
2944 2842 3104 2882 nosse
3132 2826 3400 2882 dederunt
3433 2841 3556 2896 par-

1973 2923 2113 2976 vulis
2145 2923 2285 2978 unde
2315 2922 2704 2990 et‘angelorum
2738 2919 2982 2986 sublimis
3011 2929 3201 2985 natura
3231 2919 3386 2972 beata
3409 2918 3556 2973 dele-

1971 3015 2204 3068 ctatione
2252 3013 2573 3082 completur.
2611 3010 2738 3066 l-lzec
2783 3025 2998 3078 semper
3037 3011 3262 3064 scrutari
3305 3009 3459 3075 licet,
3501 3019 3558 3064 et

1972 3103 2182 3157 assidua
2213 3102 2560 3157 meditatione
2591 3102 2848 3172 perq'uiri.
2879 3100 2974 3156 llic
2996 3108 3173 3154 autem
3204 3099 3332 3154 illud
3361 3099 3553 3154 timere

281 3199 330 3242 ct
362 3189 620 3259 topazion.
646 3189 913 3256 Quantum
940 3188 1112 3258 legem
1146 3187 1358 3243 Domini
1389 3187 1744 3262 diSsipaverat
1773 3199 1866 3239 ne-
1894 3197 1938 3259 ρ
1973 3211 2075 3249 non
2109 3197 2359 3250 convenit
2386 3211 2398 3247 :
2428 3195 2626 3248 Altiora
2654 3203 2701 3247 te
2721 3209 2786 3247 ne
2803 3193 3085 3262 qumsieris,
3108 3201 3154 3245 et
3183 3191 3399 3260 fortiora
3427 3201 3474 3244 te
3497 3206 3558 3244 ne

281 3280 444 3334 fanda
474 3279 841 3350 prtesumptlo,
887 3285 1090 3334 tantum
1122 3279 1348 3335 devotus
1379 3259 1589 3334 adimus
1624 3279 1690 3334 ad
1719 3295 1870 3335 man-

284 3377 410 3428 data
435 3373 550 3443 ejus
583 3373 870 3428 festinabat
911 3373 1200 3450 implenda.
1237 3371 1464 3427 Grandis
1490 3374 1632 3428 enim
1661 3374 1873 3444 religio-

281 3468 366 3519 nis
395 3465 592 3520 crescit
623 3463 868 3529 allectus,
901 3465 1111 3534 quoties
1139 3478 1257 3519 eam
1305 3465 1668 3532 improborum
1697 3467 1869 3536 impu-

280 3572 352 3626 gn
372 3570 449 3611 tre
471 3563 642 3610 tentat
666 3552 907 3612 audacia.
934 3555 1037 3610 Pro
1060 3558 1160 3610 hoc
1185 3556 1328 3610 enim
1353 3555 1589 3610 additum
1611 3563 1714 3622 est,
1732 3557 1866 3611 ideo.

280 3649 411 3702 Erat
439 3647 616 3716 itaque
651 3645 989 3702 sanctissimo
1017 3645 1183 3701 choro
1229 3663 1383 3715 super
1411 3662 1598 3700 aurum
1639 3657 1691 3702 et
1718 3663 1868 3717 gem-

279 3756 420 3807 mas,
450 3754 582 3808 quas
609 3739 1026 3808 pretiosissimas
1054 3739 1213 3794 habet
1247 3739 1574 3806 humanitas,
1598 3741 1868 3793 mandato-

279 3851 396 3887 rum
430 3833 639 3902 Domini
678 3833 1034 3888 reverentiam
1065 3833 1358 3887 custodire.
1391 3831 1537 3888 lstud
1560 3832 1706 3887 .enim
1738 3842 1871 3887 tem-

278 3926 541 3994 poraliter
583 3926 830 3981 humanis
861 3925 1132 3980 blanditur
1164 3924 1472 3994 aspectibus
1499 3943 1510 3977 :
1543 3925 1665 3980 inde
1694 3937 1868 3980 autem

278 4019 338 4070 in
360 4023 617 4072 :eterna'm
641 4017 876 4086 requiem
905 4031 1056 4071 mens
1083 4015 1230 4070 beata
1261 4015 1586 4084 perducitur.
1610 4005 1870 4086 Topazion

278 4122 438 4174 vero,
493 4106 635 4162 sicut
683 4107 899 4176 quidam
939 4107 1178 4162 scribere
1223 4106 1530 4174 voluerunt,
1574 4122 1742 4177 genus
1789 4118 1872 4162 est

277 4198 493 4267 lapidis,
524 4207 775 4268 quantum
800 4198 1105 4253 inventione
1136 4213 1341 4266 rarum,
1374 4205 1579 4252 tantum
1611 4199 1868 4253 mercium

277 4291 582 4359 quantitate
601 4290 889 4359 pretiosum
910 4306 926 4356 ;
951 4290 1040 4360 qui
1065 4289 1199 4344 duos
1229 4289 1396 4343 fertur
1423 4287 1618 4344 habere
1634 4291 1867 4356 colores,

276 4396 451 4434 unum
494 4381 610 4435 auri
657 4381 962 4450 puri~simi,
993 4390 1047 4434 et
1073 4381 1300 4435 alterum
1349 4381 1579 4435 :etherea
1629 4379 1870 4435 claritate

276 4474 610 4526 relucentem
641 4489 654 4525 :
689 4471 953 4542 pinguedo
994 4487 1170 4534 rosea,
1199 4471 1604 4541 verecundaque
1643 4473 1863 4542 puritas,

1973 3297 2227 3348 scrutatus
2277 3287 2436 3358 [ueris
2482 3285 2702 3360 (Ecelcs.
2752 3284 2989 3354 nt,22).
3041 3284 3163 3338 Ideo
3209 3284 3351 3338 enim
3401 3283 3560 3337 nobis

1977 3379 2260 3448 praedicata
2311 3386 2456 3441 sunt,
2503 3385 2561 3431 ut
2608 3390 2670 3432 ea
2717 3376 2802 3444 pie
2849 3371 3010 3444 atque
3044 3374 3328 3444 diligenter
3375 3382 3560 3428 noster

1974 3485 2189 3538 semper
2231 3470 2440 3523 animus
2471 3467 2774 3538 indagarct.
2823 3466 3025 3522 Altiora
3057 3467 3198 3521 enim
3239 3474 3295 3520 et
3338 3465 3559 3520 fortiora

1976 3560 2102 3626 talia
2131 3560 2234 3615 dici
2264 3575 2370 3614 non
2400 3566 2644 3629 possunt,
2685 3572 2802 3625 qua?
2834 3566 2891 3610 ut
2923 3561 3358 3626 perquirereutur
3385 3557 3558 3612 edicta

1975 3666 2122 3710 sunt.
2145 3654 2268 3709 lltec
2294 3663 2470 3707 autem
2503 3653 2686 3720 quinta
2708 3660 2790 3704 est
2819 3650 3028 3719 species
3059 3649 3408 3713 άεῐὶιοίιίοιιὶε,
3439 3665 3560 3720 qua:

1975 3747 2162 3803 Graece
2191 3749 2322 3802 κατά
2349 3751 2436 3804 τήν
2461 3745 2606 3808 λέξιν,
2645 3742 2832 3796 Latine
2864 3742 2946 3807 ad,
2965 3742 3182 3795 verbum
3208 3743 3424 3797 dicitur.
3458 3741 3561 3796 De-

1974 3837 2173 3891 clarata
2203 3842 2328 3887 sunt
2355 3832 2501 3886 enim
2524 3845 2640 3900 quae
2665 3838 2790 3884 sunt
2818 3829 3107 3882 testimonia
3141 3830 3374 3896 Domini,
3404 3829 3454 3884 id
3477 3842 3556 3887 est

1982 3925 2262 3979 mirabilia.
3532 3915 3544 3926 ’

1987 4009 1992 4012 ’
2051 4017 2200 4072 Vers.
2241 4014 2362 4070 150.
2401 4013 2690 4067 Declaratio
2735 4027 3029 4073 sermonum
3071 4017 3274 4064 tuorum
3305 4012 3559 4066 illuminat

1974 4127 2088 4166 me:
2117 4110 2278 4181 420
2306 4119 2354 4163 et
2384 4107 2695 4162 intellectum
2723 4109 2810 4159 dat
2843 4105 3086 4174 parvulis.
3120 4104 3394 4160 Sermones
3432 4115 3559 4160 sunt

1974 4201 2209 4265 Domini,
2255 4213 2388 4269 quos
2427 4197 2692 4267 justorum
2744 4195 3083 4265 prophetatit
3117 4198 3440 4261 auctoritas;
3481 4197 3559 4250 sic

1973 4293 2114 4348 enim
2142 4290 2398 4358 scriptum
2425 4296 2547 4343 est:
2580 4286 2711 4341 Ecce
2755 4287 2903 4354 Virgo
2935 4286 3206 4354 concipiet,
3230 4295 3278 4340 et
3305 4287 3466 4352 pariet
3495 4288 3559 4354 ﬁ-

1973 4385 2122 4450 lium,
2141 4395 2188 4438 et
2213 4383 2470 4437 vocabitur
2485 4396 2667 4434 nautea
2683 4368 3122 4450 ejuslt‘mmanuel
3147 4377 3303 4444 (lsai.
3324 4393 3416 4444 vn,
3444 4377 3558 4448 14).

1974 4477 2040 4532 Ει
2070 4475 2233 4530 alibi:
2279 4472 2478 4527 Videbit
2525 4472 2688 4526 omnis
2725 4485 2846 4523 caro
2875 4470 3101 4523 salutare
3139 4467 3233 4520 Dei
3265 4466 3438 4538 (Idem
3468 4483 3558 4533 cu,

279 4564 494 4618 vicinus
520 4563 685 4632 lapidi
709 4565 1136 4636 chrysophrasso
1157 4563 1523 4634 magnitudine
1550 4563 1866 4630 velcolore;
1897 4557 1950 4617 D
1982 4567 2089 4636 10).
2120 4549 2225 4620 Sed
2269 4563 2400 4637 istos
2434 4575 2714 4616 sermones
2743 4561 2832 4630 qui
2864 4559 3071 4614 fuerant
3119 4558 3264 4628 longi
3305 4561 3562 4630 temporis

275 4658 408 4725 quia
441 4658 675 4712 maxime
699 4657 1038 4726 lampatcum
1070 4658 1198 4713 solis
1228 4647 1873 4736 splendore'percutitur;

273 4748 524 4803 omnium
564 4764 897 4818 gemmarum
953 4763 1213 4819 superans
1260 4748 1670 4819 pretiosissimas
1713 4747 1876 4802 clari-

272 4851 462 4908 tates;
496 4841 550 4897 in
580 4852 854 4913 aspet-tum
877 4857 1031 4898 suum
1059 4841 1398 4912 singulariter
1418 4856 1716 4911 provocans
1740 4857 1868 4896 ocu-

274 4935 462 4991 lorum
488 4934 888 5003 cupidissimum
929 4933 1273 5003 voluptatem.
1308 4931 1478 4998 Quam
1507 4932 1552 4986 si
1582 4931 1752 5002 polire
1777 4946 1868 4986 ve-

274 5029 375 5097 lis,
407 5028 693 5093 obscuras;
727 5028 769 5082 si
798 5037 1001 5082 natura:
1030 5012 1254 5096 propria:
1299 5027 1592 5094 relinquas,
1626 5024 1866 5078 irradiat.

272 5119 414 5176 Haec
435 5121 647 5189 regibus
673 5120 805 5190 ipsis,
830 5119 995 5173 fertur
1027 5117 1154 5172 rsse'
1176 5117 1450 5180 mirabilis,
1487 5127 1545 5170 ut
1571 5117 1709 5170 inter
1739 5116 1871 5169 divi-

272 5215 391 5266 tias
412 5226 538 5265 suas
577 5207 710 5265 nihil
734 5198 809 5266 se.
829 5210 1001 5264 simile
1031 5209 1301 5275 possidere
1336 5194 1681 5276 cognoscant.
1713 5204 1870 5260 Nasci

269 5302 482 5354 dicitur
513 5301 564 5354 in
596 5300 769 5355 insula
801 5299 1068 5368 Topazion
1123 5313 1241 5368 qua:
1285 5303 1369 5351 est
1419 5296 1706 5365 provinciae
1732 5296 1870 5350 The-

267 5391 502 5456 baidze,
533 5393 672 5446 unde
721 5400 775 5446 et
823 5405 1014 5446 nomen
1046 5389 1290 5458 accepit;
1320 5387 1388 5443 de
1440 5403 1546 5457 quo
1589 5404 1693 5442 non
1745 5397 1872 5443 sunt

268 5482 460 5538 multa
502 5482 769 5538 dicenda:
801 5499 868 5538 ne
915 5481 1055 5552 quod
1095 5481 1366 5550 Scriptura
1399 5480 1528 5534 dicit
1577 5494 1697 5534 esse
1734 5494 1868 5534 con-

267 5575 623 5647 temptibile;
670 5590 768 5631 nos
815 5576 1171 5632 desiderabile
1218 5574 1460 5629 affectata
1506 5574 1662 5630 laude
1713 5575 1870 5631 fat-ia-

263 5683 431 5725 mus.
1122 5684 1124 5687 ’

354 5757 496 5817 Vet‘s
552 5759 681 5816 ηε.
721 5758 998 5824 Propterea
1027 5759 1092 5814 ad
1136 5757 1306 5814 omnia
1335 5755 1579 5812 momluta
1625 5767 1712 5810 tua
1738 5749 1869 5806 diri-

1985 4658 2331 4727 obscuritate.
2356 4652 2637 4719 reconditi,
2689 4651 2950 4706 adventus
2986 4648 3212 4704 'Domini
3241 4651 3565 4706 illo-minutio

1982 4746 2308 4808 declaravit,
2329 4744 2456 4813 quia
2482 4758 2579 4812 per
2606 4744 2779 4811 ipsum
2809 4741 3088 4796 manifesta
3109 4749 3234 4794 sunt
3263 4740 3422 4802 facta,
3440 4757 3557 4809 quae

1976 4837 2143 4892 sacris
2166 4836 2359 4891 litteris
2381 4834 2702 4889 tenebantur
2723 4831 3058 4886 abscondita.
3089 4830 3238 4885 Tunc
3258 4831 3400 4885 enim
3421 4831 3552 4884 Ver-

1974 4929 2101 4983 bum
2129 4943 2254 4982 caro
2282 4929 2474 4980 factum
2506 4934 2610 4991 est,
2630 4924 2790 4992 Virgo
2809 4925 3016 4992 peperit
3040 4938 3054 4976 :
3077 4931 3204 4976 tunc
3230 4923 3371 4975 muti~
3393 4923 3559 4979 locuti

1972 5029 2117 5086 sunt,
2149 5017 2295 5072 surdi
2325 5003 2636 5080 audierunt,
2687 5014 2863 5068 claudi
2905 5024 3053 5068 recto
3083 5013 3354 5068 incessere
3391 5016 3556 5067 vesti-

1973 5113 2082 5180 gio,
2113 5121 2166 5164 et
2195 5118 2390 5164 caetera
2409 5106 2676 5169 miracula
2717 5119 2836 5174 quae
2867 5102 3093 5173 Domino
3120 5105 3361 5158 serviere
3389 5103 3557 5156 virtu-

1977 5215 2110 5258 tum.
2140 5203 2266 5256 llaec
2286 5199 2566 5259 declaratio
2587 5198 2965 5252 obscuritatem
2989 5205 3194 5251 natura:
3222 5206 3418 5249 ostra:
3437 5209 3557 5262 quae

1971 5299 2186 5370 jaccbat
2216 5299 2269 5352 in
2313 5296 2579 5364 tenebris,
2613 5293 2668 5348 vi
2691 5309 2802 5348 suae
2834 5291 3113 5362 pelestatis
3139 5290 3436 5344 illuminare
3474 5287 3558 5342 tli-

1976 5399 2134 5460 gnata
2165 5399 2247 5442 est
2272 5404 2288 5452 ;
2321 5397 2366 5440 et
2395 5387 2702 5441 intellectum
2734 5387 2870 5440 dedit
2913 5382 3237 5455 parvulis,'.id
3267 5391 3346 5436 est
3373 5380 3462 5450 qui
3493 5395 3555 5435 se

1972 5481 2204 5535 humiles
2228 5487 2384 5547 atque
2428 5489 2647 5547 egentes
2679 5479 2790 5531 suis
2830 5478 3030 5532 viribus
3059 5482 3410 5545 agnoverunt.
3443 5473 3550 5529 Sed

1975 5572 2060 5626 isti
2089 5570 2290 5640 parvuli
2321 5585 2426 5623 non
2468 5570 2533 5624 de
2557 5579 2712 5623 actate
2741 5568 2998 5624 metiendi
3030 5577 3172 5632 sunt,
3203 5567 3296 5621 sed
3327 5566 3393 5620 de
3419 5565 3550 5618 sim-

1977 5662 2210 5731 plicitate
2248 5659 2610 5722 conscientias,
2655 5659 2722 5715 de
2770 5659 2962 5728 quibus
3000 5658 3199 5712 dictum
3239 5657 3554 5715 est:Siaite

1975 5749 2217 5821 parvulos
2242 5749 2406 5806 venire
2432 5750 2502 5803 ad
2542 5765 2618 5804 me
2633 5766 2651 5813 ;
2677 5750 2852 5804 talium
2879 5758 2949 5804 est
2979 5751 3112 5804 enim
3151 5765 3362 5822 regnum
3389 5751 3545 5806 calo-
