3966 6172
487 227 589 281 885

1728 229 1795 283 Μ.
1839 227 2059 284 AUREl.

2163 224 2546 295 SASSIODQRI
2860 282 2865 289 .
3569 247 3648 300 831

488 356 597 395 rum
637 338 829 412 (Marc.
873 356 925 406 ι,
961 341 1071 407 Id).
1105 340 1240 407 Ipsis
1286 339 1430 393 enim
1480 339 1565 393 hic
1611 349 1826 408 praestat
1874 356 2059 409 purum
2090 340 2445 425 A‘videamnr
2467 341 2774 407 olTendere;
2814 344 3065 413 scriptum
3088 353 3172 407 est
3203 346 3329 407 enim
3366 349 3569 419 :Slquis
3595 369 3654 409 ιο.

485 445 641 505 atque
680 434 1169 489 innocentissimum
1201 431 1539 498 intellertum,
1573 430 1763 499 quibus
1788 430 1865 485 ibi
1898 425 2056 485 aeter-

486 539 609 579 num
634 525 932 578 donaturus
959 531 1041 576 est
1069 522 1369 589 praemium.

556 616 706 670 Vers.
753 615 874 668 151.
910 614 981 668 0s
1004 630 1171 667 meum
1215 614 1415 685 aperui,
1459 622 1507 667 et
1552 612 1743 667 attraxi
1784 613 2055 681 spiritum,

485 707 603 775 quia
623 705 864 758 mandata
894 716 978 769 tua
1005 705 1383 768 desiderabam,
1407 704 1448 758 si
1482 704 1584 758 hoc
1612 704 1676 758 ad
1707 705 1938 758 litteram
1971 718 2061 756 ve-

486 797 550 854 lis
596 796 897 861 advertere,
948 795 1280 850 consuetudo
1336 796 1601 864 loquientis
1650 809 1902 863 expressa
1952 802 2054 847 est.

486 887 636 942 Prius
657 889 799 942 enim
824 904 878 941 os
899 888 1149 953 aperitur,
1172 887 1387 954 Spiritus
1409 885 1762 952 eontraliitur,
1781 901 1842 939 ac
1864 886 2057 939 deinde

482 982 539 1037 in
566 992 754 1035 sonum
783 978 928 1033 vocis
966 979 1160 1047 lingua:
1200 976 1467 1031 mobilitas
1495 977 1797 1031 adhibetur.
1835 976 1893 1030 Si
1927 991 2057 1029 vero

484 1071 852 1140 spiritualiter,
886 1080 943 1124 ut
994 1079 1226 1138 oportet,
1271 1067 1555 1138 intelligas,
1590 1084 1647 1120 os
1690 1067 1819 1121 dicit
1866 1066 2058 1122 mentis

484 1164 777 1225 introitum,
807 1165 893 1232 qui
925 1172 1049 1215 tunc
1089 1160 1342 1228 aperitur.
1370 1161 1584 1228 quando
1625 1158 1822 1228 aliquid
1847 1158 2057 1213 discere

485 1257 814 1312 lestinamus.
841 1255 1060 1308 Attraltit
1082 1265 1255 1308 autem
1277 1254 1538 1319 spiritum,
1566 1267 1684 1305 cum
1704 1252 1811 1320 jam
1837 1267 2057 1305 munere

485 1348 661 1403 divino
682 1347 928 1402 salutaris
951 1344 1202 1401 desiderii
1232 1344 1529 1412 completur
1551 1342 1764 1407 atiectu,
1796 1352 1850 1396 et
1873 1343 2058 1411 incipit

484 1438 635 1492 lirma
666 1446 842 1491 mente
870 1436 1026 1498 velle,
1054 1434 1195 1503 quod
1224 1443 1346 1487 ante
1373 1448 1468 1502 per
1494 1433 1715 1502 gratiam
1746 1442 1921 1487 tamen
1958 1434 2056 1485 Do-

484 1531 613 1585 mini
642 1529 786 1583 visus
832 1536 915 1584 est
949 1527 1255 1595 appetiissc.
1286 1526 1498 1595 Aperuit
1525 1540 1652 1594 ergo
1680 1542 1734 1579 os
1774 1526 1950 1579 cordis
1976 1526 2056 1580 sui

485 1622 725 1677 mllrmus
752 1627 807 1673 et
833 1619 1104 1688 parvulus,
1134 1627 1181 1671 ct
1211 1619 1422 1671 attraxit
1447 1618 1705 1686 spiritum,
1755 1617 1806 1670 id
1838 1626 1921 1671 est
1951 1619 2060 1671 vir-

2161 441 2263 482 tam
2286 431 2443 501 legem
2477 434 2763 495 servaverit,
2800 432 3020 499 o/I'endat
3049 444 3216 487 autem
3236 437 3281 489 in
3310 455 3416 503 uno,
3439 443 3577 509 [actus
3596 459 3655 503 est

2162 523 2388 573 omnium
2409 538 2526 575 reus
2556 520 2695 593 (Jac.
2730 538 2787 589 tt,
2819 520 2926 593 lO).

2232 612 2384 667 Vers.
2420 613 2539 666 151.
2569 615 2774 669 Redime
2804 632 2879 669 me
2910 633 2940 668 a
2970 618 3231 670 calumniis
3261 619 3509 691 hominum,
3530 637 3567 680 et
3591 646 3659 681 οη.

2158 705 2379 757 stadium
2410 706 2650 757 mandata
2693 717 2802 760 ttta.
2847 705 3115 761 Calumnia
3160 713 3600 780 per‘antipllrasim,
3624 720 3666 774 id

2161 786 2235 850 est
2267 812 2360 865 per
2380 801 2701 855 contrariam
2727 800 3044 853 locutionem
3068 801 3261 855 dicitur
3274 805 3448 873 capitis
3468 809 3663 875 alumna,

2160 887 2283 941 dum
2312 889 2479 959 magis
2509 899 2647 957 petat
2679 901 2837 958 caput
2857 892 3123 963 alienum,
3144 893 3295 962 eique
3319 900 3557 952 cmtraria
3580 902 3667 965 sit;

2160 978 2292 1031 sicut
2331 979 2526 1033 bellum
2559 980 2697 1048 quod
2726 997 2828 1035 non
2859 990 2940 1049 est
2968 970 3187 1049 bonum,
3217 993 3268 1038 et
3309 986 3445 1041 lucus
3476 991 3549 1058 qui
3584 1008 3667 1045 non
3726 996 3731 999 '

2163 1066 2194 1120 h
2216 1070 2319 1121 ubct
2345 1068 2536 1124 lucem.
2557 1069 2831 1125 Calumnia
2859 1082 2943 1127 est
2961 1074 3101 1127 enim
3128 1086 3470 1135 commentum
3496 1080 3670 1149 aliquod

2163 1160 2473 1225 periculosa:
2516 1161 2760 1217 falsitatis
2801 1164 3093 1233 objectum,
3127 1166 3265 1235 quod
3314 1169 3455 1237 bonis
3498 1185 3672 1241 semper

2161 1251 2463 1306 hominibus
2491 1254 2669 1308 studio
2701 1256 3063 1324 perversitatis
3106 1256 3370 1327 olijicitur,
3407 1260 3671 1322 decolorare

2159 1344 2485 1399 Contendens
2514 1346 2650 1412 quod
2684 1354 2828 1400 recta
2873 1350 3198 1413 conscientia
3230 1348 3382 1419 fuerit
3413 1354 3666 1411 actitatum.

2160 1436 2311 1515 lla‘ne
2333 1437 2665 1504 patiebantur
2692 1439 2942 1495 videlicet
2965 1441 3118 1509 justi,
3154 1450 3211 1495 ut
3240 1458 3326 1497 eos
3354 1444 3416 1497 ab
3450 1447 3672 1515 :equitatis

2161 1528 2373 1582 tramite
2403 1529 2575 1581 studio
2608 1528 3110 1601 infestationislms.
3142 1530 3210 1585 G.
3239 1542 3282 1585 et
3306 1534 3406 1595 ed.,
3434 1534 3673 1590 inliciatio-

2162 1616 2264 1684 nis]
2288 1628 2609 1673 averterent.
2636 1619 2838 1685 Quanta
2866 1623 3028 1689 enim,
3055 1633 3108 1674 nt
3137 1608 3457 1691 antiquiores
3487 1636 3680 1689 tae-am,

485 1718 650 1765 tutem
696 1708 944 1773 faciendi,
990 1722 1148 1776 quam
1194 1721 1291 1776 per
1334 1720 1393 1760 se
1424 1721 1527 1761 non
1558 1717 1767 1775 poterat
1813 1706 2054 1775 adipisci.
2090 1706 2132 1766 Β
2166 1709 2379 1776 pertulit
2404 1709 2591 1773 David,
2626 1725 2743 1781 cum
2769 1710 2911 1766 Sauli
2938 1722 3203 1780 parceret,
3236 1722 3287 1766 et
3309 1715 3440 1782 apud
3470 1716 3681 1784 injttslntu

484 1804 585 1859 Sed
612 1815 669 1858 ut
698 1803 797 1857 hoc
815 1802 985 1871 magis
1015 1800 1081 1854 ad
1105 1800 1473 1869 intelligentia:
1502 1799 1719 1865 bonum,
1752 1813 1855 1852 non
1886 1798 1950 1851 ad
1975 1797 2056 1851 lo-

485 1891 679 1964 quendi
703 1889 935 1945 ollicium
959 1902 1248 1959 cognoscas
1270 1903 1388 1942 esse
1412 1887 1767 1956 praemissum,
1793 1887 2058 1957 sequitur,

485 1987 600 2054 quia
647 1982 889 2037 mandata
940 1992 1027 2036 tua
1073 1981 1440 2036 desiderabam.
1492 1980 1751 2034 Ardorvm
1795 1982 2055 2051 siquidem

485 2074 771 2147 voluntatis
800 2073 1077 2143 praemisit,
1109 2085 1159 2125 ut
1195 2081 1379 2141 postea
1403 2084 1797 2141 consequenter
1823 2087 2060 2140 expone-

486 2175 569 2224 ret
596 2166 867 2222 desideria
893 2166 1283 2219 mandatorum.
1308 2162 1576 2232 C0nsequi
1606 2164 1799 2232 quippe
1830 2180 1933 2217 non
1969 2181 2060 2233 po-

486 2270 644 2329 terat,
674 2269 745 2331 ιιι
776 2260 921 2329 prius
949 2274 1007 2314 se
1033 2257 1237 2312 diceret
1267 2258 1591 2323 locuturum,
1619 2267 1673 2311 et
1716 2267 1895 2326 postea
1919 2258 2061 2311 desi-

486 2352 673 2407 derare
703 2366 822 2421 quae
857 2359 1102 2420 prosunt.

558 2444 709 2499 Vers.
744 2441 868 2498 152.
899 2442 1081 2512 Aspice
1109 2442 1162 2495 in
1182 2457 1285 2508 me,
1302 2450 1349 2495 et
1376 2443 1613 2495 miserere
1641 2442 1759 2504 mei,
1784 2442 2061 2495 secundum

487 2537 739 2608 iudicium
763 2535 1083 2605 diligentiam
1110 2549 1291 2588 nomen
1329 2544 1490 2587 tuum.
1527 2533 1850 2601 Frequenter
1881 2535 2063 2588 Domi-

487 2642 588 2683 nus
630 2627 815 2696 aspicit
855 2626 1041 2689 iratus,
1073 2625 1271 2694 saepius
1319 2626 1555 2680 intuetur
1586 2638 1639 2679 ut
1672 2626 1878 2696 perdat,
1928 2626 2064 2680 sicut

488 2721 776 2779 Sodomam
795 2730 850 2776 et
874 2720 1228 2776 Gomorrbam
1251 2720 1509 2787 reSpexit,
1541 2719 1679 2773 sicut
1704 2730 1875 2773 castra
1900 2719 2065 2790 :Egy-

489 2813 746 2883 ptiorum.
776 2812 970 2879 Aspicit
1000 2811 1158 2866 etiam
1190 2813 1474 2881 propitius,
1505 2812 1643 2866 sicut
1677 2811 1729 2865 in
1756 2812 2065 2866 muneribus

489 2905 615 2963 fecit
636 2907 791 2961 Abel.
822 2905 1073 2974 lic-spexit
1094 2919 1304 2973 quoque
1326 2920 1486 2971 super
1508 2904 1645 2958 tilios
1674 2919 1987 2973 pauperum,
2011 2912 2067 2958 et

492 3012 598 3053 non
632 2997 832 3066 sprevit
862 3010 1047 3066 preces
1085 3012 1266 3051 eorum
1300 2994 1469 3065 (Psal.
1504 3011 1576 3062 cr,
1608 2990 1722 3065 18).
1756 2996 1818 3050 Et
1847 2995 1965 3050 ideo
1998 3012 2062 3047 ne

2159 1814 2335 1869 regem
2363 1814 2429 1854 eo
2461 1800 2575 1868 ipso
2606 1801 2755 1855 ﬁeret
2801 1818 2944 1867 reus,
2993 1804 3245 1871 quoniam
3287 1805 3356 1858 illi
3406 1807 3681 1874 probabatur

2159 1906 2279 1945 esse
2306 1892 2607 1959 propitius?
2639 1893 2820 1958 Qualis
2848 1895 2945 1958 illi,
2996 1911 3144 1964 rogo,
3177 1896 3435 1951 cnlumnia
3474 1904 3687 1953 estexci-

2160 1994 2287 2047 tata,
2310 1987 2522 2053 quando
2548 1986 2849 2054 juvenculm
2880 1987 3125 2041 dixerunt
3154 2006 3168 2041 :
3198 1988 3329 2043 Saul
3356 1990 3521 2043 occidit
3545 1993 3685 2055 mille,

2159 2088 2205 2129 et
2228 2075 2391 2130 David
2420 2078 2591 2132 decem
2637 2079 2799 2132 millia
2830 2079 2885 2149 (Ι
2914 2081 3039 2151 Reg.
3083 2099 3237 2146 xvnt,
3277 2084 3370 2152 '7)?
3398 2084 3688 2153 Quapropter

2160 2169 2435 2223 calumnia:
2487 2179 2610 2224 sunt
2658 2171 2918 2223 hominum
2974 2182 3159 2231 contra
3207 2175 3441 2228 veritatis
3478 2174 3692 2229 hooorem

2162 2260 2543 2315 controversia:
2593 2262 2891 2329 requisitm;
2950 2278 3089 2333 quas
3132 2266 3331 2319 merito
3379 2281 3404 2318 a
3452 2281 3505 2320 se
3547 2274 3697 2319 sancta

2161 2350 2355 2403 cohors
2406 2351 2792 2420 deprecabatur
2837 2353 3033 2407 auferri
3061 2396 3076 2419 ,
3128 2366 3191 2413 ut
3246 2357 3481 2410 mandata
3526 2356 3698 2412 Domini

2163 2443 2352 2497 amotis
2377 2444 2789 2499 adversitalibus
2824 2446 3116 2516 intlagaret.

2235 2532 2388 2588 Vers.
2441 2534 2560 2590 155.
2614 2531 2822 2589 Faciem
2872 2548 3009 2611 tuam
3056 2539 3298 2609 illumina
3345 2556 3701 2610 supertsmvum

2165 2633 2308 2677 tuum
2332 2640 2351 2679 :
2381 2635 2428 2677 et
2452 2626 2575 2679 doce
2614 2644 2691 2683 me
2710 2629 3101 2695 iustiﬁcationes
3130 2640 3272 2685 tuas.
3304 2630 3540 2701 Legimus
3566 2632 3705 2686 sancti

2170 2715 2331 2780 Moysi
2372 2712 2563 2781 (Exod.
2600 2734 2776 2783 xxxiv,
2811 2720 2902 2787 55)
2929 2720 3129 2791 vultum
3157 2722 3230 2776 ita
3271 2736 3300 2775 a
3335 2722 3549 2787 Domino
3573 2721 3707 2776 fuisse

2166 2804 2533 2869 clariﬁcatum,
2569 2816 2624 2859 ιιι
2670 2822 2789 2861 eum
2848 2808 3172 2883 lsraerliticus
3204 2811 3433 2882 populus
3462 2794 3701 2877 respicere

2169 2911 2272 2950 non
2307 2897 2541 2957 valeret;
2575 2897 2715 2952 unde
2749 2900 3011 2953 velamine
3053 2903 3385 2971 superducto
3431 2902 3709 2971 loquebatur

2170 2989 2234 3041 ad
2261 3003 2354 3043 eos
2382 3008 2392 3042 :
2420 2991 2541 3059 quia
2572 3006 2674 3046 non
2709 3004 2947 3069 poterant
2978 2994 3027 3047 in
3064 2996 3185 3063 ipso
3220 2997 3495 3057 cmlestetu
3523 2996 3713 3063 conspi-

489 3091 543 3145 in
581 3099 789 3160 partem
818 3091 1178 3157 susciperetur
1206 3089 1506 3154 adversam,
1534 3090 1711 3142 statim
1748 3086 2022 3157 subiunxit
2045 3130 2059 3153 ,
2094 3068 2139 3128 (ἶ
2173 3092 2294 3131 cere
2316 3078 2630 3133 Clill‘ilalem-
2660 3068 3012 3136 Vullusrenim
3051 3072 3223 3156 Moysi
3254 3086 3564 3156 lnlgorcrat
3592 3085 3715 3154 legis.

490 3193 537 3239 et
560 3185 793 3237 miserere
819 3182 916 3236 mei
934 3200 953 3250 ;
984 3196 1103 3251 qum
1132 3181 1323 3236 merito
1355 3182 1515 3253 (sicut
1540 3172 1683 3251 smpe
1711 3188 2066 3235 memoratum

491 3274 598 3344 est)
629 3273 995 3330 misericordia
1039 3270 1236 3327 dicitur
1260 3292 1274 3337 ;
1300 3275 1422 3343 quia
1466 3275 1674 3328 miseris
1702 3275 1842 3341 larga
1872 3275 2069 3340 pietate

491 3374 795 3437 prastatur.
846 3365 954 3420 Nec
998 3365 1170 3420 solum
1200 3366 1286 3420 hic
1326 3364 1481 3419 haesit
1525 3364 1637 3419 lusa
1686 3366 1941 3435 precatio,
1971 3365 2064 3419 sed

490 3456 723 3521 addidit,
746 3456 1025 3510 secundum
1052 3456 1309 3527 judicium
1340 3457 1657 3527 diligentiam
1687 3474 1867 3511 nomen
1901 3468 2064 3513 tuum.

489 3544 749 3601 Iudicium
773 3548 970 3617 quippe
993 3555 1068 3600 est
1095 3547 1324 3613 Domini,
1353 3555 1410 3600 ut
1442 3562 1633 3602 nomen
1662 3564 1815 3602 suum
1842 3548 2066 3615 diligen-

485 3639 630 3692 tibus
652 3638 1030 3692 misericordite
1056 3637 1315 3705 largiatur
1338 3638 1616 3702 auxilium,
1646 3654 1713 3693 ne
1739 3642 2066 3707 exspectatio

490 3730 722 3785 ﬁdelium
750 3730 1068 3798 decipiatur,
1095 3742 1215 3799 qua:
1244 3728 1412 3797 ipsius
1442 3742 1654 3798 semper
1677 3730 2065 3785 consideratio-

490 3839 558 3880 ne
588 3822 899 3891 suscipitur.

558 3914 711 3969 Vers.
746 3914 867 3968 155.
899 3910 1115 3967 Gressus
1147 3928 1283 3967 meos
1309 3912 1474 3981 dirige
1502 3915 1778 3967 secundum
1808 3915 2064 3983 eloquium

487 4016 627 4061 tuum
648 4021 667 4059 :
696 4014 743 4060 et
771 4022 871 4059 non
899 4006 1184 4059 dominetur
1209 4005 1308 4057 mei
1337 4005 1504 4059 omnis
1539 4005 1816 4071 iniustitia.
1848 4004 2061 4060 Gressus

487 4112 620 4152 meos
649 4096 912 4165 signiﬁcat
950 4106 1127 4150 motus
1176 4095 1409 4158 animae;
1444 4108 1566 4148 nam
1599 4095 1738 4149 sicut
1794 4112 1885 4162 per
1933 4097 2063 4151 istos

486 4190 554 4247 de
582 4190 703 4245 loco
728 4189 792 4244 ad
832 4190 1006 4244 locum
1031 4184 1420 4253 transierimur,
1453 4188 1520 4242 ita
1545 4199 1596 4240 et
1620 4187 1671 4243 in
1703 4188 1806 4243 illis
1832 4190 2051 4257 quibus-

490 4280 612 4336 dam
662 4281 930 4350 passibus,
977 4280 1091 4334 sive
1118 4279 1184 4333 ad
1229 4280 1473 4347 meliora,
1525 4279 1639 4333 sive
1684 4279 1747 4331 ad
1796 4280 2059 4335 deteriora

489 4372 879 4441 progredimur.
917 4371 1024 4425 llos
1052 4380 1237 4426 sancta
1266 4372 1460 4427 cohors
1499 4375 1777 4427 secundum
1808 4375 2059 4445 eloquium

491 4462 697 4518 Domini
745 4463 899 4532 dirigi
951 4463 1271 4531 postulabat,
1318 4478 1385 4519 ne
1414 4464 1663 4519 vitiorum
1713 4446 2060 4534 pravitatibus

486 4550 724 4613 seducta,
758 4551 810 4604 in
851 4550 1153 4603 mortiferos
1200 4550 1470 4605 laberetur
1488 4566 1735 4609 errores.
1768 4555 2060 4609 Secundum

486 4640 741 4707 eloquium
772 4650 910 4692 tuum
933 4639 1083 4706 dicit,
1110 4640 1159 4692 id
1190 4653 1269 4694 est
1298 4643 1588 4696 secundum
1616 4645 1763 4711 jnssa
1785 4661 1901 4714 qua:
1931 4662 2061 4713 prae-

485 4732 619 4799 cipis
646 4732 710 4785 ad
757 4733 918 4784 vitam
955 4730 1173 4785 humani
1204 4735 1414 4802 generis
1443 4735 1833 4805 corrigendam.
1866 4738 2059 4806 Sequi-

485 4835 588 4885 tur,
614 4834 663 4877 et
696 4840 796 4877 non
826 4824 1115 4876 dominetur
1158 4825 1253 4877 mei
1302 4828 1466 4879 omnis
1510 4827 1782 4895 iniustitia.
1831 4827 2060 4883 Necesse

485 4915 626 4968 enim
657 4924 773 4968 erat
796 4925 873 4979 ul,
900 4914 945 4968 si
964 4929 1163 4985 gressus
1185 4915 1304 4986 ejus
1325 4917 1601 4970 secundum
1623 4916 1879 4985 eloquium
1904 4935 2057 4972 suum

485 5004 742 5060 Dominus
771 5006 988 5076 dirigere
1007 5000 1339 5078 dignaretur,
1372 5011 1510 5064 nulla
1533 5010 1607 5064 illi
1639 5012 1895 5082 injustitia
1926 5027 2061 5081 prae-

484 5097 663 5152 valere
691 5097 967 5165 potuisset.
1001 5100 1064 5152 Et
1095 5100 1212 5154 vide
1242 5116 1398 5168 quam
1429 5111 1583 5155 caute
1625 5103 1755 5168 petit
1799 5117 1866 5156 ne
1897 5103 2062 5158 donti-

482 5196 634 5241 netur
659 5186 777 5256 ejus
804 5203 922 5256 qua:
964 5203 1068 5241 non
1098 5198 1305 5256 poterat
1349 5190 1425 5243 sic
1472 5191 1703 5252 excludi,
1749 5198 1807 5244 ut
1838 5192 2061 5248 ulterius

485 5278 696 5346 pulsare
726 5292 830 5331 non
866 5289 1076 5346 posset;
1102 5278 1193 5333 sed
1225 5295 1345 5334 eum
1372 5286 1492 5333 'non
1537 5282 1829 5335 dominatur
1869 5285 2055 5339 evadi-

483 5381 629 5432 mus,
652 5368 772 5438 quia
792 5368 1018 5422 servitus
1042 5368 1127 5423 illa
1157 5384 1254 5423 nos
1278 5370 1570 5438 prtecipitat
1595 5372 1657 5425 ad
1688 5373 1914 5428 ruinam.
1945 5375 2055 5430 Nec

479 5459 608 5515 illud
631 5470 783 5515 vacat
805 5461 944 5532 quod
974 5462 1069 5529 ait,
1099 5464 1261 5516 omnis
1310 5464 1561 5535 injustitia
1586 5482 1605 5530 ;
1636 5466 1735 5520 scit
1763 5468 1902 5522 enim
1933 5470 2053 5538 quia

480 5553 526 5607 si
556 5567 657 5622 qua
690 5553 878 5607 horum
907 5554 1197 5609 dominetur
1234 5556 1529 5624 intercipit;
1564 5572 1663 5611 nec
1712 5558 1927 5626 prodest
1958 5561 2054 5612 ali-

480 5642 603 5710 quid
628 5644 679 5697 in
712 5646 893 5700 multis
918 5661 1132 5703 scrvare
1173 5646 1365 5719 legem,
1402 5648 1445 5703 si
1475 5663 1591 5703 eam
1626 5649 1675 5703 in
1705 5649 1876 5718 aliqua
1903 5661 2052 5718 parte

2173 3183 2326 3236 quem
2352 3168 2431 3247 illi
2472 3172 2737 3233 sustinere
2767 3188 2870 3225 non
2923 3182 3107 3241 potera
3137 3186 3171 3226 οι
3194 3217 3208 3241 ,
3244 3179 3367 3245 quia
3400 3176 3575 3247 velatis
3615 3187 3713 3226 eam

2172 3262 2421 3314 eordibus
2448 3261 2753 3317 audiebant.
2789 3264 2897 3317 lloc
2930 3281 3055 3334 ergo
3078 3279 3311 3329 sanctus
3356 3269 3570 3337 populus
3593 3266 3719 3335 petit,

2175 3361 2228 3405 ut
2256 3352 2455 3405 illumin
2476 3362 2597 3405 itam
2629 3354 2834 3425 Domini
2870 3358 3050 3424 [aciem
3077 3361 3255 3427 possit
3283 3361 3602 3427 conSpicere,
3633 3370 3718 3407 non

2170 3443 2426 3508 velatam;
2452 3456 2711 3512 quatenus
2735 3447 2851 3514 puri
2876 3445 3004 3518 [ed.,
3032 3448 3198 3523 pura]
3220 3454 3391 3517 gratia
3420 3436 3619 3521 luminis
3634 3459 3724 3513 ,mc-

2170 3547 2350 3590 reatur
2390 3536 2559 3589 al’llari
2580 3578 2595 3602 ,
2628 3552 2724 3591 nec
2748 3535 2856 3606 jam
2887 3537 3097 3605 a‘iquod
3132 3541 3371 3606 patiatur
3399 3535 3717 3598 obstat'ulum,

2170 3625 2258 3694 qui
2286 3626 2525 3679 veritatis
2552 3622 2715 3695 ipsius
2738 3627 3014 3697 desiderati
3036 3636 3071 3680 .t
3094 3639 3403 3697 aspectum.
3437 3627 3607 3681 Potest
3633 3638 3726 3677 ma-

2171 3721 2249 3789 gis
2272 3718 2466 3773 cohors
2490 3706 2671 3773 sancta
2721 3718 3028 3774 desiderare
3058 3710 3281 3791 Domini
3330 3720 3615 3775 Salvatoris
3650 3714 3725 3768 ad-

2169 3822 2408 3883 ventum,
2440 3812 2591 3881 Cujus
2644 3796 2777 3866 faeie
2808 3813 3095 3865 illuminata
3134 3826 3261 3867 sunt
3321 3812 3596 3875 tenebrosa
3625 3823 3729 3875 pcco

2168 3909 2269 3962 cati
2295 3925 2308 3961 :
2340 3908 2498 3961 vitam
2523 3908 2804 3962 conferens
2829 3909 3070 3972 mortu's,
3100 3916 3158 3961 et
3186 3906 3497 3961 certissima
3528 3900 3727 3981 remedia

2167 4000 2487 4069 desperatis.
2930 3984 2931 3987 η

2242 4092 2392 4147 Vers.
2449 4091 2567 4147 156.
2603 4091 2783 4146 Exitus
2810 4107 3060 4161 aquarum
3108 4092 3434 4146 transierunt
3461 4087 3589 4142 oculi
3622 4080 3727 4145 mei,

2165 4187 2286 4255 quia
2308 4203 2409 4240 non
2434 4186 2781 4239 custodierunt
2812 4188 2968 4257 legem
2991 4196 3152 4239 luam.
3185 4184 3383 4239 Exitus
3409 4194 3642 4257 aquarum
3664 4174 3725 4229 Si’

2167 4278 2381 4347 gnilicat
2410 4277 2989 4349 lacrymas'copioms,
3023 4292 3155 4349 quas
3193 4284 3380 4329 tantas
3409 4274 3536 4327 dicit
3564 4269 3728 4327 fuisse,

2168 4380 2222 4422 ut
2250 4370 2358 4437 ipsa
2391 4384 2602 4439 quoque
2630 4367 2852 4423 lantiunt
2874 4369 3068 4421 lluenta
3098 4352 3578 4423 transcenderent.
3598 4358 3731 4437 52].
3780 4436 3793 4443 -

2089 4445 2143 4504 D
2166 4459 2452 4513 Transeunt
2476 4462 2628 4526 plane
2658 4460 2871 4529 quando
2911 4460 2997 4513 illa
3029 4459 3147 4513 sine
3178 4474 3356 4513 sensu
3388 4462 3621 4516 currunt,
3651 4451 3733 4501 isu

2164 4553 2341 4608 cordis
2359 4552 2645 4607 afﬂictione
2673 4552 2982 4606 funduntur.
3015 4549 3146 4603 Nam
3175 4550 3330 4619 quod
3358 4549 3571 4601 vincere
3594 4553 3733 4608 quan-

2164 4646 2314 4699 titale
2341 4660 2445 4700 non
2484 4654 2747 4714 poterant,
2797 4643 3122 4697 felicissimae
3154 4636 3600 4710 compunctionis
3624 4645 3734 4698 qm-

2165 4738 2310 4792 litate
2336 4738 2677 4807 superabant.
2706 4735 2808 4790 Has
2829 4745 2951 4789 tunc
2974 4732 3387 4803 profundimus,
3410 4728 3617 4800 quando
3640 4732 3735 4787 pec-

2167 4840 2407 4883 eatorum
2440 4838 2745 4883 nostrarum
2778 4826 3149 4881 recordatione
3186 4826 3529 4879 mordemur.
3557 4820 3672 4871 Nam
3700 4809 3736 4863 Si

2168 4921 2411 4974 mandata
2466 4919 2673 4972 Duniini
2709 4917 3123 4979 custodirentus,
3179 4917 3431 4970 lanitium
3463 4914 3634 4979 utique
3659 4904 3737 4957 ba-

2167 5012 2433 5073 beremus,
2468 5026 2571 5063 non
2594 5010 2905 5078 plorationis
2926 5010 3201 5062 ardorem.
3231 5008 3343 5063 Sed
3368 5005 3613 5076 quoniam
3637 4997 3739 5051 talia

2166 5104 2343 5156 earnis
2374 5103 2689 5157 necessitate
2716 5103 2883 5154 vitare
2909 5115 3011 5154 non
3037 5113 3360 5167 possumus,
3388 5098 3551 5150 donet
3582 5086 3739 5143 D-nnic

2168 5208 2267 5245 nus
2292 5193 2549 5263 lacrymas
2578 5192 2769 5259 quibus
2802 5200 3137 5257 peccatorum
3171 5191 3437 5243 sordibus
3465 5188 3738 5241 abluam!"-

2168 5285 2234 5337 Et
2282 5283 2408 5336 illud
2458 5298 2668 5351 quoque
2716 5283 2923 5337 mstimo
2975 5280 3467 5343 considerandum,
3508 5272 3736 5346 quoniam

2165 5377 2295 5429 dicit
2326 5391 2416 5445 per
2444 5378 2618 5429 oculos
2650 5376 3063 5431 satisfactionem
3094 5376 3350 5438 venisse,
3379 5388 3476 5442 per
3506 5380 3633 5438 quos
3654 5376 3739 5415 nos

2164 5467 2473 5537 plerumque
2498 5466 2773 5519 illecebras
2800 5466 2953 5536 hujus
2982 5463 3165 5520 surculi
3196 5472 3421 5518 constat
3451 5458 3731 5515 attrahere;

2162 5569 2219 5614 ut
2247 5561 2432 5613 merito
2467 5574 2559 5627 per
2587 5559 2704 5612 illos
2732 5559 2884 5628 culpa
2930 5558 3242 5620 ulnndelur,
3280 5573 3381 5625 per
3409 5569 3543 5626 quos
3573 5558 3622 5604 et
3648 5561 3739 5599 cx-

2162 5665 2348 5706 cessus
2396 5649 2709 5703 admittitur.
2740 5649 2838 5716 Qui
2873 5647 3061 5715 modus
3099 5646 3155 5703 in
3215 5645 3518 5715 Scripturis
3562 5631 3738 5693 divini!
