3966 6172
204 224 309 279 835

1102 216 1461 273 EXPOSITIO
1501 216 1564 271 IN
1606 216 2055 272 PSALTERIUM.
2101 216 2291 273 I‘SAL.
2332 215 2561 272 CXVIII.

3379 226 3493 282 886‘

202 334 639 405 frequentissime
682 332 967 400 reperitur,
1001 332 1139 386 sicut
1186 342 1371 387 sextus
1419 324 1654 400 psalmus
1674 331 1743 385 ait
1774 350 1786 385 :
1822 335 1867 392 Α
1901 332 2006 385 Deo
2036 332 2347 387 exercituum
2374 347 2393 385 :
2419 333 2541 401 quia
2574 333 2944 401 dereliqueruut
2973 344 3179 407 pactum
3216 347 3361 392 tuum
3390 340 3488 407 ﬁlii

202 430 413 485 Laeobo
461 443 553 500 per
580 426 811 499 singulas
856 433 1024 478 noctes
1075 425 1258 479 lectum
1304 440 1470 477 meum
1504 438 1523 477 :
1559 424 1798 493 lacrgmis

196 523 326 577 meis
370 530 581 576 stratum
622 522 783 571 meum
814 518 996 586 rigabo
1044 515 1219 587 (Psal.
1270 532 1344 583 vt,
1390 517 1466 583 7).
1512 516 1577 570 Et
1629 514 1795 570 alibi:

198 615 437 668 Fuerunt
468 613 591 665 mihi
632 612 873 681 laci-gnta:
903 626 1025 664 mea:
1052 626 1207 678 panes
1238 610 1320 662 die
1348 625 1409 661 ac
1450 618 1592 662 nocte
1622 594 1795 680 (Psal.

196 724 309 771 sui,
336 707 413 774 4).
447 705 578 771 Quae
616 704 781 774 ﬁgura
806 702 1005 757 dicitur
1056 700 1372 772 hyperbole,
1404 701 1615 769 quoties
1656 702 1797 755 relao

196 801 363 853 tinnis
387 797 615 868 qualitas
660 797 863 861 majore
888 794 1127 863 pondere
1153 801 1471 861 exaggerata
1498 791 1793 860 profertur.

197 892 402 946 S.meto
449 890 593 944 enim
645 890 814 943 choro
846 890 922 942 sic
976 899 1091 941 erat
1138 885 1467 947 deflendam,
1505 894 1562 939 ut
1612 886 1795 938 omnia

199 996 419 1052 [cerata
452 982 682 1035 dilueret
712 979 935 1046 copiaso
967 978 1137 1033 imbre
1163 980 1542 1048 lacrymarum.

278 1072 433 1126 Vers.
488 1073 609 1126 I37.
652 1101 724 1111 —
753 1086 904 1136 svnt,
952 1069 1115 1123 Sane.
1144 1067 1335 1122 Justus
1377 1086 1448 1133 es,
1484 1067 1720 1132 Domine,
1751 1075 1797 1119 et

193 1162 668 1232 rectumjudicium
699 1172 862 1215 tuum.
906 1159 1306 1225 Triumphatrix
1339 1158 1518 1212 carnis
1549 1174 1659 1213 sate
1702 1173 1796 1212 c0-

198 1255 333 1308 hors
363 1266 669 1309 sanetorum
696 1252 760 1306 ad
791 1263 1032 1305 octavam
1056 1252 1324 1304 decimam
1356 1250 1586 1304 litteram
1631 1251 1794 1311 venit,

197 1346 258 1399 in
288 1361 392 1413 qua
420 1344 695 1414 justitiam
734 1343 941 1413 Domini
985 1338 1297 1409 conﬁtetur,
1336 1350 1389 1395 et
1419 1342 1629 1409 eloquia
1680 1356 1797 1411 eius

197 1437 372 1504 ignita
400 1436 652 1489 continua
683 1449 742 1490 se
780 1434 909 1489 dicit
945 1424 1235 1487 dilecdone
1267 1433 1507 1487 venerari
1543 1449 1557 1486 ε
1589 1433 1653 1486 ad
1706 1449 1798 1501 po-

199 1543 471 1581 Strelnutn
527 1536 712 1594 petens
759 1526 1087 1580 intellectum
1146 1525 1604 1590 testimoniorum,
1658 1526 1799 1579 unde

198 1618 471 1673 viviﬁcari
496 1619 686 1672 debeat
715 1618 764 1672 in
813 1631 1094 1671 aeternum.
1128 1616 1231 1670 Sed
1264 1632 1545 1685 posupiam
1583 1627 1795 1684 peccata

1901 423 2071 478 Israel
2095 423 2217 499 (IlI
2253 427 2375 496 Reg.
2412 442 2521 491 snt,
2565 424 2677 496 10).
2704 424 2935 491 Phinees
2968 443 3197 498 quoque
3235 431 3488 487 sacerdos

1900 531 2019 570 cum
2052 517 2259 571 videret
2309 516 2590 571 llebrmum
2633 531 2754 571 cum
2809 518 3093 573 Moabitide
3124 521 3354 576 muliere
3384 523 3489 575 mi-

1900 596 2060 669 sceri,
2094 610 2298 661 zelatus
2340 618 2665 677 praeceptum
2725 608 2957 676 Domini,
3005 621 3262 680 utrosque
3308 613 3489 681 gladio

1901 701 2189 773 perforavit
2215 701 2404 771 (Nam.
2465 717 2588 766 xxv,
2623 702 2698 768 8).
2731 701 2895 772 Cujus
2926 703 3074 757 zelus
3113 713 3315 758 tantum
3349 721 3489 772 prte-

1900 794 2053 859 stitit,
2088 804 2143 847 ut
2171 795 2303 847 iram
2345 794 2554 847 Domini
2585 796 2731 847 solus
2763 802 3051 849 averteret.
3088 797 3191 850 Iste
3220 796 3485 864 siquidem

1903 884 2051 938 Zelus
2076 886 2258 939 tribuit
2283 883 2530 953 salutent,
2560 885 2716 939 Iidem
2768 888 2983 949 retinet,
3016 886 3324 953 pudicitiam
3371 903 3490 943 scr-

1904 987 2012 1041 tat,
2054 987 2108 1030 et
2140 977 2431 1031 Ecclesium
2467 978 2557 1030 Dei
2586 978 2817 1044 gloriosa
2844 980 3122 1033 vivacitate
3144 982 3396 1035 custodit.

1976 1068 2121 1122 Veis.
2158 1067 2278 1122 MO.
2311 1066 2540 1138 Ignitum
2583 1069 2842 1137 eloquium
2886 1078 3028 1123 tuum
3076 1072 3411 1136 vehementer,
3442 1082 3491 1127 et

1899 1175 2073 1212 servus
2102 1170 2216 1212 tuus
2246 1160 2423 1213 dilexit
2467 1159 2621 1213 illud.
2655 1157 2828 1229 lgnitu
2852 1180 2878 1210 ιι
2907 1170 2989 1215 est
3019 1162 3274 1229 eloquium
3306 1163 3490 1217 Doini-

1905 1234 1980 1312 ni,
2008 1250 2129 1316 quia
2164 1259 2354 1318 purgat
2378 1250 2537 1303 corda
2578 1252 2882 1317 mortalium
2917 1254 3183 1305 mundana
3216 1252 3342 1307 fu-ce
3364 1268 3492 1308 δοικ⁴

1907 1338 2084 1393 denti:
2113 1357 2127 1401 ;
2160 1350 2214 1393 et
2243 1348 2299 1393 ut
2328 1340 2557 1394 fornacis
2587 1342 2745 1393 ardor
2764 1350 3072 1395 exaestuans
3096 1343 3306 1397 metalla
3330 1343 3492 1399 deco-

1902 1414 2041 1499 quit,
2070 1447 2364 1500 eorumque
2426 1433 2546 1485 vitia
2603 1434 2901 1489 necessaria
2949 1432 3322 1502 puriﬁcatione
3361 1449 3491 1489 con-

1902 1524 2094 1591 sumit,
2150 1524 2218 1576 ita
2273 1523 2543 1592 eloquium
2580 1522 2811 1588 Domini,
2865 1535 3207 1594 peccatorum
3264 1526 3491 1581 maculis

1906 1616 2158 1678 detersis,
2191 1616 2466 1667 humilium
2500 1631 2690 1668 sensus
2722 1616 2996 1668 emundat.
3018 1618 3206 1683 lstoqu
3235 1628 3335 1685 ppe
3370 1618 3493 1685 igne

196 1725 304 1764 sua
345 1710 588 1777 superius
640 1704 853 1775 irriguis
906 1707 1045 1761 dixit
1102 1708 1353 1776 Iacrymis
1384 1704 1617 1777 expiata,
1664 1722 1802 1761 nunc
1835 1708 1881 1767 B
1908 1723 2001 1761 cor
2038 1708 2280 1776 Cleophe
2327 1708 2583 1772 ardebat,
2616 1692 2843 1776 quando
2880 1708 3092 1762 dicebat
3124 1725 3137 1760 :
3183 1710 3369 1763 Nonne
3406 1726 3492 1763 cor

194 1802 298 1870 jud
325 1800 406 1853 cia
436 1799 647 1854 Domini
675 1798 817 1853 fideli
846 1814 1021 1853 men‘e
1052 1799 1339 1861 Collaudat,
1367 1802 1585 1853 dicens:
1618 1797 1796 1851 Justus

193 1912 279 1955 es,
313 1892 551 1955 Domine,
582 1900 627 1946 et
667 1902 853 1945 rectum
875 1892 1129 1961 judicium
1160 1903 1324 1955 tuum,
1352 1892 1438 1959 qui
1488 1902 1796 1959 peccitores

194 2005 263 2039 se
286 1998 499 2052 semper
526 1983 684 2049 jubes
706 1983 849 2051 afllig
888 1998 963 2047 re,
995 1994 1047 2035 ut
1076 1997 1170 2037 eos
1196 1995 1281 2036 tua
1310 1982 1505 2036 debeat
1533 1982 1797 2036 medicina

193 2093 218 2131 s
246 2077 318 2130 ιν
341 2090 443 2139 ire;
480 2073 599 2143 quia
634 2090 732 2129 nec
766 2076 836 2127 illi
869 2075 1158 2143 aliquando
1192 2075 1549 2143 probarentur
1581 2076 1680 2130 sub
1706 2076 1799 2129 la:-

198 2170 321 2223 titia
355 2169 585 2237 corrigi,
616 2184 715 2221 nec
761 2168 1023 2222 beneﬁcia
1059 2176 1277 2236 possent
1302 2152 1476 2245 aliter
1505 2168 1680 2221 divina
1709 2182 1751 2221 ci
1773 2195 1799 2209 -

196 2263 414 2330 μιιυέιεὶ.
449 2261 572 2316 Suis
597 2261 795 2330 quippe
828 2261 1033 2313 iueiitis
1066 2269 1276 2329 putaret
1302 2259 1508 2330 datum,
1538 2261 1581 2314 si
1616 2276 1799 2330 pecca-

200 2367 216 2406 t
266 2370 291 2406 r
323 2353 529 2421 iugiter
566 2352 783 2405 ﬂoreret
831 2352 1047 2405 illmsus.
1083 2351 1187 2405 Sed
1229 2361 1516 2419 utrumque
1556 2351 1793 2421 justum,

201 2460 500 2513 utrumque
526 2444 897 2514 dignissimum
926 2460 941 2506 ;
988 2445 1240 2511 quoniam
1272 2454 1324 2497 et
1352 2444 1671 2511 delinqucns
1706 2459 1799 2510 per

200 2536 635 2591 satisfactionem
677 2533 986 2603 corrigitur,
1017 2545 1071 2588 et
1101 2534 1301 2603 judicia
1358 2534 1567 2588 Domini
1615 2533 1802 2587 humili

210 2628 567 2682 confessione
590 2627 945 2680 declarantur.
984 2626 1095 2680 IIoc
1117 2628 1258 2681 enim
1285 2626 1429 2681 dicto
1463 2626 1641 2680 Daniel
1667 2628 1804 2680 inter

200 2720 249 2773 fe
281 2719 541 2773 ocisslma
567 2717 780 2771 leonum
806 2732 895 2771 ora
924 2718 1157 2771 salvatus
1181 2727 1285 2781 est,
1322 2719 1404 2771 his
1428 2718 1610 2772 verbis
1637 2711 1794 2771 trium

201 2827 500 2882 puerorum
558 2812 770 2864 flamma
820 2822 1069 2878 superata
1116 2821 1234 2878 est,
1285 2812 1423 2865 hanc
1468 2811 1792 2865 sen'entiain

206 2902 485 2958 Jeremias
509 2904 559 2957 in
582 2902 1077 2957 Lanicntationibus
1103 2903 1218 2956 suis
1239 2901 1273 2956 fi
1288 2911 1548 2972 equenter
1570 2903 1801 2956 iteravit.

203 2993 464 3048 Dicamus
485 2993 641 3062 igitur
658 3007 709 3048 et
740 3007 837 3045 nos
869 2992 1010 3046 hunc
1033 3008 1247 3047 versum
1271 2992 1322 3047 in
1354 2991 1679 3062 quibuslibet
1707 3009 1802 3061 pe-

1904 1808 2135 1853 uoslrwm
2162 1802 2343 1851 ardens
2370 1799 2421 1851 in
2452 1798 2593 1851 nobis
2624 1811 2754 1862 erat,
2785 1816 2897 1850 cum
2925 1812 3141 1865 aperiret
3175 1802 3315 1853 nobis
3350 1802 3491 1854 Scri-

1903 1908 2078 1959 pturas
2104 1890 2253 1961 (Luc.
2280 1905 2428 1956 χχιιι,
2449 1891 2538 1961 52)
2562 1893 2583 1941 ?
2618 1890 2727 1943 lloc
2754 1892 2913 1959 etiam
2944 1895 3062 1958 igne
3090 1906 3379 1945 succensus
3399 1893 3490 1946 .Ieo

1905 1983 2097 2035 reuiias
2123 1984 2399 2037 enuntiat:
2432 1982 2490 2034 Et
2523 1994 2630 2035 erat
2654 1983 2782 2053 ignis
2812 1986 3189 2053 ﬂammigernns
3217 1985 3271 2037 in
3288 1988 3484 2039 ossibus

1904 2073 2029 2124 unis
2058 2070 2271 2138 (Jerem.
2305 2088 2397 2136 xx,
2429 2074 2509 2143 9).
2545 2076 2647 2127 Isto
2689 2076 2847 2128 etiun
2897 2077 3015 2143 igne
3042 2085 3099 2131 et
3146 2076 3333 2143 reliqui
3366 2092 3488 2130 suc-

1903 2170 2046 2218 censi
2079 2176 2220 2229 suut,
2252 2167 2340 2233 qui
2368 2164 2676 2232 tiiumpliali
2708 2166 2965 2219 charitate
2995 2166 3308 2222 floruerunt.
3342 2169 3489 2233 Qua.

1907 2239 2123 2326 propter
2153 2258 2289 2325 ignis
2339 2259 2437 2311 iste
2487 2274 2665 2310 sermo
2692 2256 2890 2312 Christi
2942 2270 3046 2322 est,
3094 2260 3231 2313 sicut
3280 2260 3392 2327 ipse
3435 2262 3489 2313 in

1908 2332 2193 2417 Evangelio
2221 2349 2349 2401 dicit
2374 2365 2386 2400 :
2421 2348 2600 2419 Ignem
2630 2351 2741 2402 veni
2763 2352 2958 2402 mittere
2988 2351 3036 2401 in
3061 2361 3316 2410 terram,et
3343 2367 3491 2418 quem

1906 2440 2041 2511 [cd.,
2073 2451 2118 2495 et
2158 2438 2303 2510 quid]
2336 2440 2448 2492 volo
2478 2451 2529 2493 ut
2568 2442 2742 2493 ardeat
2767 2439 2920 2511 (Luc.
2969 2456 3059 2507 ιιι,
3091 2441 3207 2507 49).
3242 2440 3491 2503 Addidit,

1906 2534 2243 2597 vehementer,
2274 2543 2330 2585 ut
2362 2533 2461 2586 hoc
2484 2548 2590 2586 non
2623 2534 2688 2586 ad
2720 2542 2948 2586 mortem
2968 2543 3345 2602 exaggeratam
3371 2546 3493 2586 cre-

1906 2626 2087 2689 deres,
2117 2625 2210 2679 sed
2256 2625 2321 2677 ad
2352 2624 2602 2689 salutem.
2659 2624 2910 2691 S:quitur
2952 2638 3201 2691 quoque,
3238 2632 3282 2677 et
3320 2639 3491 2677 servus

1910 2725 2027 2770 tuus
2066 2716 2247 2769 dilexit
2292 2716 2420 2769 illud
2448 2730 2467 2768 :
2498 2715 2679 2789 utique
2708 2715 2963 2784 diligebat
2991 2717 3131 2783 quod
3162 2717 3322 2769 vitam
3365 2730 3491 2770 con~

1910 2808 2052 2863 ferre
2076 2816 2322 2871 noverat,
2356 2818 2409 2862 et
2433 2806 2689 2860 honorem
2713 2806 2893 2871 dabat,
2919 2807 3058 2875 quod
3082 2807 3286 2860 sciebat
3311 2806 3375 2859 ad
3407 2822 3491 2860 rc-

1910 2900 2146 2955 medium
2177 2898 2395 2954 humani
2422 2897 2634 2967 generis
2662 2898 2977 2952 attributum

1984 2992 2139 3046 Vers.
2173 2991 2295 3047 HI.
2344 2988 2728 3044 Adolescentior
2769 3006 2882 3044 sum
2928 3006 3019 3060 ego
3048 2996 3093 3063 et
3133 3000 3491 3057 contemptus:

197 3084 417 3150 riculis,
450 3084 690 3139 dicamus
721 3084 773 3137 in
810 3084 1047 3154 gaudiis;
1080 3084 1200 3153 quia
1225 3085 1345 3139 talis
1373 3085 1644 3141 confessio
1666 3088 1803 3142 etab
1831 3092 1878 3156 ο
1901 3064 2297 3155 justiﬁcatioues
2328 3094 2440 3136 tuas
2467 3098 2571 3135 non
2598 3098 2711 3137 sum
2738 3082 2947 3136 oblitus.
2971 3082 3149 3138 Multis
3181 3084 3380 3138 sanctis
3409 3085 3493 3140 hic

200 3176 469 3232 aerumnis
496 3176 675 3245 eripit,
703 3184 759 3247 et
788 3176 839 3228 in
875 3178 1233 3245 prosperitate
1262 3177 1517 3231 custodit.

274 3268 440 3323 Vers.
475 3264 595 3321 I58.
639 3266 899 3319 Mandasli
924 3267 1181 3336 justitiam
1202 3258 1491 3320 testimonia
1521 3278 1629 3330 tua,
1654 3279 1699 3322 et
1725 3286 1805 3323 ve-

194 3362 413 3413 ritatem
457 3368 597 3411 luant
627 3360 796 3411 nimis.
838 3357 1121 3422 Mandas'i,
1165 3360 1430 3428 significat
1477 3362 1802 3429 prtecepisti.

195 3453 525 3507 Testimonia
549 3467 677 3506 vero
707 3462 830 3506 sunt
857 3451 1013 3518 (sicut
1055 3450 1164 3522 jam
1197 3452 1249 3506 di
1286 3462 1397 3505 tum
1425 3453 1534 3522 est)
1560 3467 1682 3521 quae
1706 3455 1806 3509 Sllb

195 3543 585 3597 testiticitioae
632 3543 838 3612 prolata
881 3555 1026 3597 sunt.
1065 3543 1187 3597 Haec
1216 3546 1498 3599 cmtinent
1535 3546 1803 3612 justitiam

192 3646 249 3687 et
276 3633 571 3687 veritatem
600 3653 613 3689 :
642 3634 927 3701 justitiam,
954 3636 1209 3704 quoniam
1248 3636 1592 3706 mquabiliter
1623 3637 1803 3691 omnia

193 3726 551 3788 discernunt;
586 3725 886 3791 veritatem,
908 3727 1030 3795 quia
1055 3729 1321 3795 promissa
1340 3729 1661 3783 retribuuut.
1691 3731 1803 3785 Me-

193 3831 222 3869 r
244 3828 302 3869 to
335 3830 470 3883 ergo
496 3824 701 3869 tantum
732 3817 965 3881 amabat,
1001 3827 1204 3871 tantum
1236 3820 1512 3885 repetebat
1538 3820 1640 3875 ista
1665 3821 1805 3873 testi-

194 3907 410 3972 monia,
446 3906 659 3975 quando
688 3907 1256 3977 incompreheuSibilis
1304 3922 1467 3981 atque
1497 3913 1803 3968 reverenda

194 4000 263 4049 vi.
280 4007 376 4051 tus
401 3993 614 4052 Domini
645 4013 737 4067 per
760 3999 882 4053 talia
904 4001 1304 4057 concedebatur
1328 4004 1574 4073 agnosci.
1608 4003 1802 4071 Nimis,

193 4092 263 4141 sd
294 4098 590 4158 utrumque
627 4099 805 4160 potest
857 4091 1201 4148 laudabiliter
1246 4096 1560 4164 pertinere,
1594 4096 1709 4151 sive
1736 4098 1803 4151 ad

194 4182 485 4253 justitiam,
514 4182 628 4235 sive
652 4182 718 4235 ad
747 4187 1007 4236 veritatem
1036 4201 1049 4237 τ
1086 4186 1213 4253 quia
1230 4188 1487 4256 justitiam
1519 4188 1801 4243 Dominum

195 4274 359 4327 antis
410 4274 679 4338 mandare,
731 4274 1006 4341 profutura
1065 4276 1334 4332 districtio
1381 4289 1497 4344 est;
1542 4281 1803 4335 veritatem

198 4380 335 4419 vero
369 4364 521 4417 nimis
560 4366 754 4418 animis
783 4366 1079 4430 inculcare,
1110 4371 1318 4422 cautela
1350 4381 1451 4427 est.

1913 3195 2098 3233 versus
2129 3179 2335 3233 videtur
2367 3192 2523 3245 posse
2549 3192 2868 3247 congruere.
2899 3177 3029 3231 Nam
3071 3178 3212 3231 hunc
3242 3179 3377 3233 bene
3406 3193 3495 3232 ac—

1911 3271 2139 3339 cipimus
2170 3286 2236 3325 ex
2284 3286 2509 3337 persona
2541 3268 2765 3337 Josepb,
2798 3271 2886 3337 qui
2920 3286 2949 3323 a
2981 3270 3275 3339 majoribus
3319 3273 3496 3326 fratri-

1912 3362 2010 3416 bus
2036 3368 2400 3429 contemptus,
2445 3373 2694 3430 Iauquam
2722 3362 2823 3416 vile
2857 3363 3177 3430 mancipium
3225 3362 3496 3429 mangoni-

1913 3452 2009 3506 bus
2040 3456 2372 3506 venundatus
2413 3466 2536 3513 esse
2581 3452 2912 3519 diguoseztur
2947 3470 2959 3505 :
2988 3455 3075 3521 qui
3109 3454 3497 3523 tainenjustiﬁ-

1910 3543 2131 3596 cationes
2173 3542 2383 3598 Domini
2414 3543 2467 3596 iu
2516 3558 2575 3595 se
2619 3544 2782 3597 factas
2816 3558 2915 3595 non
2946 3551 3021 3597 est
3050 3542 3256 3608 oblitus,
3289 3544 3498 3612 quando

1910 3652 1970 3691 se
2002 3636 2086 3703 pia
2117 3640 2167 3690 in
2198 3637 2447 3690 omnibus
2484 3636 2759 3691 voluntate
2806 3636 3074 3691 tractavit.
3110 3636 3203 3690 Ille
3239 3638 3383 3690 enim
3410 3651 3497 3691 co-

1908 3727 2185 3797 gnoscitur
2213 3727 2517 3782 liberatoris
2541 3727 2623 3780 sui
2676 3729 3009 3793 meminsse,
3033 3729 3121 3797 qui
3153 3728 3271 3797 ejus
3302 3742 3497 3795 praete~

1911 3819 2016 3885 ptis
2054 3816 2308 3886 probatur
2356 3817 2717 3870 obedinntiam
2767 3818 3134 3872 commodare.
3177 3820 3286 3871 Hoc
3336 3820 3498 3873 etiam

1912 3908 2076 3963 David
2101 3923 2167 3961 ex
2190 3922 2418 3977 persona
2448 3923 2545 3962 sua
2578 3916 2755 3976 potest
2778 3909 2980 3972 dicere,
3013 3912 3101 3977 qui
3129 3910 3196 3963 ad
3220 3912 3365 3979 regni
3395 3912 3497 3965 cul~

1910 4001 2055 4055 mina
2090 4000 2229 4053 inter
2261 3998 2452 4053 fratres
2476 4013 2604 4053 suos
2631 4014 2727 4068 pro
2757 4000 3021 4054 imbecilla
3060 4009 3213 4055 aetate
3241 4018 3346 4055 nou
3378 4016 3498 4069 spe~

1912 4093 2133 4146 rabatur
2160 4105 2315 4160 posse
2338 4090 2620 4154 sufficere;
2646 4091 2737 4144 sed
2772 4100 2946 4144 tamen
2979 4092 3079 4145 iste
3104 4091 3498 4159 iustiﬁcationes

1912 4183 2125 4237 Domini
2160 4194 2302 4236 tanta
2333 4183 2622 4237 devotione
2672 4184 2721 4235 in
2755 4184 3011 4237 memoria
3062 4185 3251 4247 tenuit,
3291 4192 3349 4235 ut
3388 4185 3500 4251 ipse

1914 4274 2169 4329 Dominus
2197 4274 2399 4328 diceret
2426 4290 2438 4326 :
2471 4272 2649 4327 Inveni
2682 4274 2846 4327 David
2875 4275 3040 4343 ﬁlium
3069 4273 3233 4338 Jesse,
3268 4277 3353 4342 qui
3376 4280 3499 4342 facit

1911 4382 2085 4419 omnes
2112 4366 2397 4437 voluntates
2425 4380 2561 4417 meas
2593 4368 2875 4418 secundum
2900 4382 2988 4417 cor
3015 4382 3181 4418 meum
3206 4368 3341 4437 (Act.
3381 4383 3499 4430 xui,

274 4454 438 4508 Vers.
478 4453 597 4509 159.
624 4451 992 4510 Tabescereme
1016 4461 1132 4526 fecit
1161 4461 1301 4527 zelus
1327 4461 1508 4515 domus
1536 4472 1657 4527 tua,
1684 4466 1804 4532 quia
1838 4464 1883 4521 ι)
1909 4458 2024 4523 2'3).
2054 4456 2135 4510 Ad
2171 4466 2497 4523 postremum
2530 4458 2670 4524 quod
2722 4456 3113 4517 ﬁrmamentum
3164 4472 3284 4511 esse
3338 4460 3501 4512 tutius

196 4546 352 4599 ablui
381 4554 501 4599 sunt
533 4546 681 4599 verba
712 4554 800 4599 tua
824 4549 1019 4601 inimici
1043 4553 1160 4603 mei.
1190 4552 1362 4607 Tabes
1394 4563 1476 4609 est
1506 4556 1676 4610 morbi
1708 4558 1805 4611 ali-

193 4637 369 4706 cujus
402 4646 681 4690 contracta
731 4638 1045 4703 necessitas,
1078 4656 1198 4708 qua:
1247 4657 1344 4695 nos
1392 4644 1517 4697 facit
1546 4647 1804 4715 paulatim

194 4729 477 4791 detinere,
506 4729 631 4781 dum
661 4730 903 4798 corporis
933 4730 1256 4787 soliditatem
1296 4736 1494 4803 pmuali
1518 4737 1808 4792 afflictione

193 4819 516 4882 Culhttmil;
548 4818 689 4886 quod
715 4819 813 4873 sibi
838 4820 1097 4875 accidisse
1121 4832 1343 4877 testatur
1365 4826 1474 4879 zelo
1494 4828 1679 4879 domus
1709 4828 1811 4884 Do-

194 4913 366 4976 mini,
401 4926 581 4990 quam.
611 4929 713 4965 non
751 4914 1053 4978 patiebatur
1098 4916 1427 4983 perfidorum
1476 4919 1805 4974 laceratione

196 5004 427 5057 violari.
460 5002 616 5056 Zelus
646 5005 789 5057 enim
813 5014 867 5059 et
891 5006 941 5058 in
971 5007 1113 5059 malo
1142 5016 1195 5061 et
1226 5008 1276 5062 in
1308 5009 1449 5062 bono
1479 5011 1717 5078 ponitur.
1751 5012 1807 5067 In

193 5092 379 5159 malo,
416 5101 477 5145 ut
505 5100 589 5145 est
636 5093 760 5145 illud
795 5110 807 5145 :
841 5092 991 5148 Zelus
1026 5104 1072 5149 et
1100 5098 1291 5150 invidia
1332 5100 1551 5153 comedit
1600 5103 1810 5157 domum

189 5185 399 5241 Iacob.
446 5184 512 5238 Et
542 5184 594 5239 in
636 5186 859 5241 Actibus
890 5188 1255 5255 apostolorum
1298 5190 1522 5260 legitur:
1562 5191 1806 5247 Videntes

192 5288 387 5331 autem
402 5276 578 5329 Iudici
596 5276 791 5343 impleti
817 5288 933 5330 sunt
965 5280 1092 5344 zelo,
1116 5289 1165 5333 et
1189 5282 1466 5352 injecerunt
1489 5300 1668 5338 manus
1687 5300 1808 5338 suas

193 5373 253 5423 iu
302 5366 571 5438 apostolos
600 5368 736 5438 (Act.
769 5383 822 5425 v.
860 5370 965 5440 17).
1000 5373 1102 5425 Iste
1130 5373 1271 5426 enim
1302 5373 1448 5429 ducit
1475 5388 1691 5443 semper
1732 5377 1798 5430 ad

191 5460 430 5526 culpas,
457 5459 674 5528 laqueos
698 5462 883 5527 nectit,
909 5466 1047 5515 viain
1069 5464 1258 5517 salutis
1282 5465 1568 5535 intercipit.
1588 5466 1645 5521 In
1670 5469 1810 5522 bono

194 5564 349 5605 vero
381 5550 609 5619 positum
632 5561 712 5604 est
739 5567 753 5602 :
780 5550 934 5605 Zelus
964 5554 1142 5606 domus
1172 5564 1273 5609 tuae
1299 5559 1513 5611 comedit
1536 5574 1613 5611 me
1633 5557 1806 5628 (Psal.

196 5655 411 5700 Limn,
449 5640 552 5702 l0).
599 5639 661 5692 Et
695 5640 834 5694 filias
866 5643 1025 5696 dicit:
1059 5644 1247 5700 Zelnns
1280 5648 1436 5701 zeluvi
1463 5666 1557 5718 pro
1590 5649 1808 5705 Domino

1910 4557 2125 4603 constat
2153 4548 2430 4615 Ecclesiae,
2463 4557 2640 4617 potest
2680 4550 2780 4603 hoc
2826 4549 3008 4604 dicere
3038 4550 3262 4617 populus
3288 4551 3500 4618 adopti-

1914 4654 2035 4703 vus,
2068 4640 2296 4709 populus
2323 4638 2524 4707 gratim,
2553 4640 2777 4708 populus
2809 4656 2998 4702 novus,
3024 4641 3113 4708 qui
3136 4650 3294 4696 astate
3318 4644 3497 4711 tsi-qui-

1916 4740 2022 4793 tur,
2048 4734 2140 4783 sed
2176 4729 2297 4784 fidei
2326 4731 2584 4797 dignitate
2617 4732 2887 4796 prtccedit.
2925 4730 3075 4785 Unde
3104 4731 3239 4785 bene
3265 4734 3497 4798 suscipi-

1919 4832 2003 4874 tur
2027 4821 2251 4888 loquens
2280 4835 2374 4888 per
2398 4829 2562 4874 totum
2590 4821 2847 4889 psalmum
2879 4823 3073 4875 cohors
3104 4822 3255 4876 beata
3282 4836 3499 4879 sancto-

1917 4928 2053 4972 rum,
2082 4927 2199 4982 qua:
2229 4911 2393 4982 422
2419 4924 2640 4966 cunctos
2673 4914 2878 4977 ﬁdeles,
2908 4923 3132 4967 cunctos
3162 4916 3499 4971 beatissimos
3532 4974 3540 4982 ,

1917 5003 2170 5071 probatur
2198 5005 2466 5071 atnplecli.

1987 5092 2139 5148 Vers.
2173 5093 2295 5151 142.
2316 5091 2527 5148 Iustitia
2556 5102 2666 5160 tua,
2695 5095 2905 5166 justitia
2935 5096 2987 5149 in
3019 5106 3267 5152 (sternunt
3298 5113 3318 5153 :
3348 5109 3397 5152 et
3422 5101 3505 5154 (ex

1914 5196 2003 5236 tua
2044 5186 2247 5241 veritas.
2279 5186 2375 5240 llic
2406 5200 2594 5240 versus
2636 5195 2691 5241 et
2717 5188 2972 5258 justitiam
3000 5187 3214 5244 Domini
3256 5198 3308 5244 et
3336 5192 3497 5261 legem

1911 5279 2146 5335 adhibita
2179 5281 2501 5349 proprietate
2537 5282 2816 5339 discernit.
2866 5283 3152 5339 Ilomiuum
3181 5287 3382 5355 quippe
3402 5288 3499 5358 ju-

1909 5373 2049 5426 stitia
2076 5385 2485 5444 quantacunque
2514 5375 2607 5441 sit,
2637 5385 2720 5431 est
2738 5377 2854 5431 sine
2883 5376 3046 5431 dubio
3075 5379 3407 5447 temporalis,
3439 5389 3498 5434 ut

1913 5472 1997 5516 est
2029 5462 2233 5532 justitia
2282 5466 2743 5533 philosophorum,
2785 5468 2966 5535 quise
2998 5469 3250 5523 videntur
3290 5485 3500 5524 morem

1917 5555 2177 5622 probitate
2230 5564 2478 5617 tractare,
2514 5569 2634 5622 qua:
2675 5557 2792 5611 sine
2839 5557 2931 5611 Dei
2978 5560 3061 5612 cuI
3092 5574 3184 5613 ura
3238 5560 3502 5613 veraciter

1915 5668 2047 5708 vana
2078 5653 2247 5717 gloria
2276 5660 2629 5717 nuncupatur.
2667 5652 2794 5707 Nam
2825 5653 3020 5718 iustitia
3043 5655 3251 5712 Domini
3277 5656 3329 5710 in
3355 5663 3503 5711 teter-
