4032 6176
445 143 543 195 837

1675 154 1741 207 Μ.
1785 156 2061 211 AURELII
2104 156 2493 217 CASSIODOlil

3602 167 3699 223 883'

443 267 566 305 num
590 265 786 323 manet,
820 259 939 327 quia
980 258 1219 327 quisquis
1249 273 1364 312 eam
1410 261 1777 327 custodiverit,
1825 277 2019 319 :t‘tcrna
2052 274 2095 326 Α
2128 270 2215 337 qui
2249 287 2351 324 non
2385 281 2589 327 tantum
2613 289 2861 329 sern.one
2889 279 3166 343 promitur,
3199 279 3291 333 sed
3316 294 3502 349 magna
3523 282 3695 336 cnrdis

446 348 698 406 felicitate
716 352 985 421 gaudebit.
1018 352 1306 407 Videbatur
1327 353 1487 408 etiam
1511 366 1561 410 et
1581 356 1709 425 justi
1740 358 1784 410 ia
1811 357 2024 412 Judazo-

443 453 582 502 rum,
614 441 963 511 quilitteram
988 443 1162 511 potius
1188 451 1522 509 contuentes,
1554 446 1727 501 futura
1760 448 1811 501 in
1843 464 1902 504 ea
1928 464 2012 519 pu-

440 536 693 585 taverunt
738 546 845 587 non
876 546 997 589 esse
1045 536 1321 604 mysteria.
1370 534 1582 591 Iustitia
1634 554 1760 594 vero
1810 541 2019 596 Domini

438 634 599 684 quam
631 621 895 676 intellexit
919 626 1145 692 populus
1170 624 1529 693 Christianus,
1560 629 1612 682 in
1640 640 1887 684 wtcrnum
1907 647 2020 688 scr-

439 721 563 773 vat;
596 713 843 781 quoniam
876 716 989 784 ipsa
1020 730 1236 784 semper
1263 729 1462 773 aeterna
1498 729 1597 774 est.
1640 723 1711 775 lla
1746 732 1799 777 ct
1822 725 1886 778 de
1913 724 2023 794 lege

440 803 673 858 arbitror
696 806 1058 873 sentiendum,
1087 808 1335 878 quoniam
1363 809 1663 880 quicunque
1685 827 1801 866 eam
1827 814 2021 869 intelli-

437 911 565 964 gere
594 908 923 966 meruerunt,
956 902 1160 955 cmlesti
1193 903 1416 957 veritate
1461 906 1710 974 completi
1741 917 1882 962 sunt.
1925 907 2021 962 Ve-

437 990 566 1043 ritas
593 988 735 1043 enim
763 990 895 1060 legis
921 1001 1004 1046 est
1036 992 1289 1046 Dominus
1317 992 1581 1061 Christus,
1610 997 1701 1066 qui
1724 998 1791 1052 de
1824 1013 1884 1053 se
1913 1000 1980 1052 ait
2005 1016 2017 1053 :

442 1078 555 1149 figo
592 1096 707 1133 sum
736 1082 836 1147 uia,
868 1082 1053 1136 veritas
1104 1092 1151 1136 et
1180 1084 1283 1136 vita
1323 1084 1501 1153 (Joan.
1533 1102 1641 1150 xiv,
1677 1086 1751 1157 6).
1784 1088 2020 1157 Quapro-

439 1183 560 1237 pter
589 1173 785 1227 merito
830 1171 1105 1228 definitive'
1152 1173 1352 1230 dictum
1380 1187 1501 1231 est:
1542 1178 1648 1233 Lex
1676 1189 1763 1232 tua
1798 1184 2014 1245 veritas,

440 1265 578 1331 quod
613 1276 695 1320 est
724 1266 977 1321 Dominus
1008 1266 1273 1322 Christus.

509 1355 665 1411 Vers.
721 1359 844 1412 N5.
894 1358 1181 1412 Tribulatio
1220 1369 1267 1412 et
1303 1361 1539 1430 angustia
1576 1361 1873 1415 invenerunt
1902 1379 1978 1415 me
2003 1377 2022 1416 :

438 1447 679 1499 mandata
705 1458 871 1500 autem
893 1456 981 1500 tua
1002 1448 1268 1502 meditatio
1294 1463 1405 1501 mea
1432 1458 1522 1502 est.
1551 1448 1831 1504 Tribulatio
1862 1459 1906 1505 et
1930 1468 2021 1505 an-

436 1539 605 1611 gustia
629 1540 826 1593 sanctis
852 1540 982 1594 viris
1012 1554 1199 1608 magna
1230 1549 1354 1595 sunt
1391 1555 1632 1603 munera,
1666 1542 1788 1610 quia
1825 1553 2021 1597 norunt

2126 359 2425 416 intentione
2458 362 2743 430 profertur.
2771 364 3035 419 Clamabat
3055 368 3197 423 enim
3220 370 3446 438 populus
3464 386 3693 423 murinu-

2126 466 2252 506 rans
2281 452 2608 521 Judaeorutn,
2635 469 2688 511 et
2713 474 2817 511 non
2848 461 3239 516 exaudiebatur
3266 477 3295 515 a
3329 462 3571 517 Domino.
3599 463 3693 515 Ta-

2125 543 2279 597 cebat
2310 544 2539 615 Moyses,
2585 558 2636 602 et
2669 548 2924 603 Dominus
2952 551 3000 604 ei
3037 552 3246 606 dicebat
3280 570 3291 605 :
3323 552 3461 619 Quid
3506 555 3701 606 clamas

2124 632 2193 686 ad
2226 650 2302 688 me
2329 635 2526 705 (Exod.
2556 654 2662 702 xiv,
2700 641 2823 708 ιδῃ
2855 642 3020 696 ερίΙὶοι
3041 654 3081 709 ι,
3113 644 3360 713 quoniam
3404 645 3522 698 illas
3555 646 3693 713 cogi-

2124 725 2354 780 tationes
2381 726 2595 782 exaudit
2630 730 2952 800 Altissimus,
2984 748 3101 802 qua:
3142 734 3225 802 pia
3266 734 3558 789 intentione
3582 733 3693 787 vol-

2123 820 2340 869 vuntur.
2371 816 2618 869 Additum
2642 828 2744 881 est,
2770 820 2821 871 in
2847 828 2951 873 toto
2979 822 3132 874 corde
3152 838 3261 875 meo
3286 837 3306 875 :
3333 838 3400 877 ne
3421 832 3693 890 reputares

2124 905 2267 959 aliud
2299 908 2660 975 cogitandum,
2694 911 2906 978 quando
2935 912 3197 967 clamatur
3223 914 3287 967 ad
3315 913 3614 968 Dominum.
3639 912 3693 967 In

2123 997 2237 1051 sola
2262 992 2402 1053 enim
2436 1000 2681 1070 religiosa
2723 1004 3042 1071 cogitatione
3089 1013 3232 1058 totus
3273 1006 3432 1060 debet
3477 1007 3693 1075 spiritus

2123 1090 2395 1159 occupari,
2422 1106 2489 1145 ne
2512 1108 2662 1147 mens
2691 1094 2857 1148 divisa
2878 1096 3123 1150 effectum
3154 1108 3381 1167 nequeat
3410 1097 3693 1169 impetrare

2122 1196 2282 1250 quem
2307 1185 2559 1250 postulat.
2588 1184 2893 1273 Et’intende
2915 1188 3039 1257 quid
3066 1199 3176 1243 toto
3205 1191 3390 1252 corde.
3423 1192 3547 1259 quid
3577 1192 3694 1246 totis

2125 1272 2327 1326 viribus
2357 1276 2660 1343 expetebat,
2702 1292 2805 1331 non
2838 1278 3050 1334 divitias
3079 1282 3283 1349 saeculi,
3318 1297 3419 1335 non
3452 1283 3694 1353 coniugia

2124 1364 2380 1419 nrbilium
2410 1367 2746 1431 feminarum,
2776 1384 2879 1423 non
2912 1370 3248 1426 transitorias
3268 1371 3576 1441 dignitates,
3606 1376 3695 1428 sed

2112 1461 2509 1527 justi/icationes
2537 1462 2768 1527 Domini,
2791 1478 2921 1531 quas
2947 1478 3099 1518 mens
3121 1474 3305 1520 sancta
3327 1482 3487 1532 super
3509 1482 3691 1519 aurum

2123 1560 2177 1605 et
2208 1552 2449 1620 tupazion
2481 1566 2695 1621 semper
2722 1553 3010 1620 desiderat,
3044 1569 3257 1623 semper
3282 1557 3531 1623 exquirit.
3563 1556 3692 1610 Nam

438 1645 497 1683 se
523 1630 759 1700 pondere
786 1630 970 1684 talium
1001 1632 1296 1700 compressi
1320 1631 1581 1687 exsudare
1604 1643 1842 1703 peccata,
1872 1644 1926 1689 et
1953 1637 2018 1688 ad
2054 1633 2094 1690 Β
2125 1643 2262 1711 quod
2293 1642 2449 1708 dixit,
2484 1646 2762 1709 requiram,
2796 1648 2979 1713 utique
3004 1658 3135 1715 quas
3176 1645 3353 1700 facere
3382 1646 3688 1711 debuisset,

437 1724 529 1777 illa
575 1724 766 1794 gaudia
822 1723 1073 1788 tendere,
1123 1739 1240 1793 qua:
1273 1738 1378 1778 non
1414 1724 1607 1779 habent
1638 1725 1830 1791 linem;
1878 1726 2016 1781 sicut

437 1818 724 1885 Apostolus
754 1817 861 1871 ait:
899 1818 1026 1884 Quis
1057 1834 1147 1871 nos
1167 1818 1421 1887 separabit
1450 1834 1481 1870 a
1507 1820 1757 1874 charitate
1784 1820 1970 1874 Christi
1994 1822 2017 1873 ?

435 1907 742 1975 Tribulatio,
765 1926 834 1962 an
861 1911 1120 1979 angustia,
1145 1926 1210 1962 an
1234 1912 1540 1977 persecutio,
1564 1926 1630 1962 an
1658 1915 1817 1979 fames
1836 1912 2010 1981 (Rom.

436 2016 552 2065 vni,
584 2000 720 2070 55)?
747 2013 850 2056 etc.
883 2002 1010 2056 llzre
1037 2002 1178 2056 enim
1208 2001 1379 2057 beatis
1409 2002 1536 2057 viris
1568 2003 1711 2057 velut
1746 2004 2011 2073 quoddam

436 2093 734 2147 antidotum
784 2102 889 2158 est,
933 2092 1072 2161 quod
1105 2093 1230 2146 dum
1287 2107 1476 2161 aspere
1506 2093 1730 2159 bibitur,
1783 2095 2013 2150 fomenta

438 2182 555 2255 [ηις.
583 2180 674 2247 G.,
701 2193 1004 2247 momenta;
1027 2183 1138 2247 ed.,
1158 2181 1508 2253 monimenta]
1532 2185 1716 2240 salutis
1740 2194 2012 2255 operatur.

438 2277 711 2343 Seuntur,
733 2279 1030 2329 invenerunt
1056 2291 1154 2340 me,
1181 2276 1329 2343 quasi
1352 2284 1750 2340 exapeetantem
1769 2279 1898 2350 [ed.,
1924 2294 2017 2333 ex.

438 2365 812 2438 pugnantem],
844 2368 995 2437 quasi
1021 2368 1204 2436 lixum,
1236 2370 1387 2437 quasi
1417 2368 1482 2423 ad
1510 2384 1691 2424 earum
1721 2371 2014 2426 certamina

439 2466 817 2527 praeparatum.
873 2458 1158 2527 Subjungit
1209 2474 1422 2528 quoque
1475 2459 1605 2514 illud
1655 2460 2014 2529 adjutnrium,

440 2550 585 2605 unde
609 2564 667 2605 se
688 2551 805 2605 sine
825 2549 988 2604 dubio
1010 2550 1061 2603 in
1092 2550 1324 2605 diversis
1352 2551 1690 2620 passionibus
1715 2555 1825 2608 suis
1856 2568 2016 2610 nove-

439 2651 523 2695 rat
551 2654 671 2697 esse
697 2649 940 2696 curatum
966 2658 980 2696 :
1016 2641 1271 2696 Mandata
1297 2652 1467 2697 autem
1503 2653 1590 2698 tua
1617 2647 1876 2699 meditatio
1905 2663 2016 2700 mea

439 2741 532 2786 est.
556 2733 758 2799 Quibus
781 2732 924 2786 enim
947 2732 1399 2799 tribulationibus,
1426 2734 1622 2803 quibus
1644 2737 1901 2803 angustiis
1921 2751 2016 2805 op-

440 2824 593 2887 primi
624 2832 861 2893 poterat,
895 2824 983 2893 qui
1017 2824 1107 2877 tali
1160 2824 1503 2878 meditatione
1551 2826 1806 2896 gaudebat
1834 2828 1857 2881 ἲ
1883 2828 2013 2882 Nam

441 2916 566 2970 licet
591 2915 921 2985 alliigeretur
961 2929 1157 2985 corpus
1188 2915 1499 2981 invalidum,
1527 2919 1854 2972 cruciaretur
1891 2933 2015 2973 caro

2122 1746 2224 1784 non
2255 1748 2387 1800 quas
2418 1742 2619 1787 tantum
2643 1732 2873 1788 lectione
2895 1744 3265 1803 cognosceret.
3295 1733 3691 1804 Justiﬁcationes

2119 1822 2260 1875 enim
2293 1823 2553 1877 veraciter
2598 1838 2701 1877 non
2744 1825 2975 1895 requirit,
3006 1825 3107 1879 nisi
3135 1825 3223 1880 ille
3270 1826 3356 1895 qui
3390 1840 3479 1880 eas
3507 1826 3686 1881 devota

2121 1919 2297 1964 mente
2326 1912 2695 1978 compleverit.
3114 1978 3115 1981 η

2191 2000 2343 2055 Vers.
2373 2000 2495 2055 146.
2523 2000 2752 2054 Clamavi
2777 2004 2845 2054 ad
2875 2012 2942 2067 te,
2984 2002 3177 2056 salvum
3208 2019 3286 2056 me
3315 2007 3418 2072 fac,
3446 2012 3493 2057 et
3529 2012 3688 2058 curto-

2120 2094 2256 2146 diant
2304 2096 2547 2147 mandata
2578 2103 2684 2147 tua.
2731 2093 3027 2148 Clamorem
3071 2094 3219 2147 illum
3265 2094 3490 2162 exponit
3535 2110 3684 2163 quem

2120 2184 2367 2253 superius
2410 2183 2562 2238 dixit.
2589 2184 2699 2238 Hoc
2729 2193 2811 2238 est
2836 2183 3000 2249 enim,
3047 2183 3273 2237 Clamavi
3302 2184 3353 2235 in
3399 2195 3505 2238 toto
3545 2184 3692 2239 corde

2123 2292 2255 2340 meo,
2288 2277 2449 2344 quod,
2475 2275 2701 2328 Clamavi
2730 2276 2797 2326 ad
2826 2286 2891 2328 te.
2925 2275 3003 2328 Ad
3028 2274 3172 2328 illum
3192 2275 3329 2329 enim
3350 2291 3452 2327 non
3475 2276 3692 2342 clamat,

2122 2367 2220 2419 nisi
2269 2367 2358 2433 qui
2412 2367 2718 2434 petitionem
2769 2380 2917 2419 suam
2958 2365 3136 2437 dirigit
3183 2376 3295 2420 tuto
3334 2367 3513 2422 cordis
3565 2364 3697 2422 alie-

2121 2462 2231 2509 ctu.
2280 2455 2383 2509 Sed
2427 2469 2545 2508 cum
2593 2456 2742 2521 dicit,
2775 2454 2974 2509 salt-um
3019 2472 3100 2510 me
3134 2457 3238 2523 fac,
3272 2458 3322 2510 in
3362 2458 3538 2510 anima
3584 2457 3699 2513 vult

2122 2544 2367 2613 intelligi,
2402 2560 2507 2598 non
2541 2545 2591 2599 in
2631 2560 2877 2614 corpore,
2909 2547 3049 2599 unde
3094 2562 3279 2601 revera
3306 2547 3512 2601 Domini
3544 2558 3699 2617 pote-

2123 2643 2203 2686 rat
2234 2634 2505 2688 custodire
2537 2636 2804 2688 mandata.
2857 2635 3037 2706 Neque
3085 2637 3224 2691 enim
3261 2639 3490 2693 salutem
3522 2642 3703 2695 carn’s

2123 2733 2305 2791 petere
2352 2732 2581 2792 pateret,
2629 2726 2718 2795 qui
2772 2726 2999 2782 libenter
3042 2730 3314 2796 corporeis
3362 2731 3706 2799 passionibus

2123 2814 2446 2879 subiacebat.

2196 2903 2347 2958 Vers.
2386 2905 2506 2958 N7.
2541 2903 2774 2959 Prwveni
2802 2906 2851 2959 in
2882 2910 3198 2975 maturitate,
3221 2919 3269 2961 et
3292 2910 3551 2966 clamavi:
3572 2920 3618 2965 et
3646 2913 3704 2966 in

442 3004 730 3072 passibilts,
762 3007 815 3062 in
849 3007 1087 3076 requiem
1120 3006 1441 3061 noscebatur
1467 3021 1587 3061 esse
1629 3009 2015 3078 transpositus,

2123 2993 2271 3046 verba
2312 3002 2400 3047 tuo
2438 2997 2656 3064 speravi.
2691 2995 2943 3051 Prwvenit
2972 2998 3027 3051 in
3054 3000 3349 3052 maturitate
3377 3001 3619 3070 quisquis
3646 3003 3705 3056 in

439 3095 593 3166 cujus
614 3095 671 3150 in
697 3095 991 3165 Scripturis
1022 3096 1218 3150 divinis
1248 3106 1362 3151 erat
1391 3099 1603 3153 animus
1634 3111 1943 3169 occupatus.

513 3188 666 3245 Vera.
701 3187 826 3243 ιιι.
852 3187 1092 3258 ιΕᾳιιὶιαε
1122 3190 1411 3243 testimonia
1433 3199 1522 3242 tua
1548 3192 1601 3243 in
1626 3201 1871 3245 internum
1897 3208 1914 3245 :
1936 3193 2017 3246 in-

441 3280 695 3334 tellectum
736 3280 804 3332 da
833 3278 979 3346 mihi,
1024 3290 1071 3333 et
1101 3281 1285 3333 rivum.
1336 3281 1532 3336 lterum
1573 3297 1665 3349 per
1693 3282 2019 3338 definitionis

444 3368 659 3424 modum
688 3371 934 3425 virtutem
982 3371 1386 3424 testimoniorum
1413 3371 1677 3440 designat.
1706 3374 1838 3426 Nam
1864 3375 1908 3427 ei
1938 3374 2019 3427 in-

442 3471 704 3528 terroges,
734 3460 861 3529 quid
893 3460 1001 3514 sint
1026 3461 1312 3514 testimonia
1339 3458 1589 3514 Domini?
1631 3464 2015 3531 respondetur,

442 3550 652 3615 a'quitas
676 3552 731 3605 in
770 3559 1041 3606 a'ternum.
1096 3551 1321 3606 Pulchre
1367 3559 1543 3607 autem
1575 3563 1758 3609 contra
1802 3554 2021 3608 tribula-

444 3648 639 3702 tiunem
662 3658 716 3703 et
744 3649 1038 3717 angustias,
1060 3663 1179 3718 quae
1204 3649 1519 3717 temporalia
1540 3663 1661 3705 esse
1691 3659 1981 3705 noscuntur
2003 3692 2018 3716 ,

445 3736 617 3802 posita
646 3747 729 3793 est
772 3740 986 3807 (equites
1012 3740 1065 3793 in
1105 3749 1370 3807 arternum,
1401 3749 1458 3794 ut
1486 3740 1574 3794 tali
1604 3756 1698 3810 spe
1736 3742 2020 3812 unusquis-

442 3841 550 3892 que
577 3838 968 3895 contemneret,
1002 3845 1123 3899 quae
1167 3831 1479 3898 temporalia
1511 3845 1630 3885 esse
1656 3832 1901 3886 sentiret.
1929 3832 2021 3889 Sic

443 3920 585 3975 enim
609 3928 664 3976 et
693 3922 747 3976 in
777 3921 1041 3990 superiori
1074 3922 1249 3978 littera
1278 3922 1517 3978 deﬁnivit
1542 3904 1556 3977 Ξ
1593 3923 1854 3980 Μὶναὸἱίὶα
1879 3927 2020 3980 testi-

442 4010 614 4065 monia
642 4021 749 4080 tua,
786 4010 1022 4068 Domine.
1064 4013 1315 4079 Addidit,
1346 4013 1655 4068 intellectum
1687 4015 1755 4067 da
1791 4014 1943 4077 mihi,
1975 4024 2020 4071 et

441 4105 637 4172 viviﬁci:
662 4122 760 4159 me.
789 4105 887 4171 Qui
916 4120 975 4162 sc
991 4108 1236 4174 superius
1256 4106 1653 4162 adolescentem
1674 4106 1881 4161 dixerat
1901 4122 2021 4163 esse

442 4206 807 4267 contemptum
824 4240 839 4264 ,
865 4215 1008 4254 nunc
1032 4200 1290 4254 maturior
1310 4200 1612 4255 senioribus
1635 4200 1772 4254 inter
1795 4200 2017 4255 adversa

443 4307 487 4359 p~
512 4292 577 4345 tit
608 4292 936 4347 intellectum
956 4334 969 4356 ,
998 4303 1055 4346 ιιι
1085 4302 1339 4362 agnoscat
1385 4293 1564 4347 mundi
1598 4293 1752 4348 istius
1784 4293 2017 4362 pericula

2123 3087 2277 3141 annis
2305 3088 2595 3157 puerilibus
2627 3089 2938 3145 modestiam
2991 3091 3283 3146 senectutis
3327 3092 3613 3163 anticipat,
3647 3104 3704 3148 et

2122 3172 2399 3232 ante'facit
2449 3180 2818 3249 gravissimam
2861 3192 3115 3247 mentem,
3150 3196 3305 3251 quam
3340 3186 3509 3252 possit
3532 3199 3704 3238 anno-

2125 3284 2239 3320 rum
2276 3270 2658 3323 numerositate
2698 3285 3006 3325 canescere.
3055 3269 3237 3338 Qualis
3283 3274 3425 3326 enim
3480 3274 3704 3328 senibus

2124 3360 2237 3413 laus
2264 3372 2364 3427 est,
2410 3360 2455 3413 si
2485 3362 2794 3416 deficientes
2824 3361 2875 3414 in
2910 3362 3068 3429 longo
3100 3361 3260 3426 luxu,
3294 3362 3477 3416 lassati
3526 3365 3704 3431 potius

2122 3452 2549 3520 conquiescant?
2578 3450 2777 3505 Contra
2797 3491 2810 3515 ,
2841 3466 2958 3520 quae
3000 3451 3164 3519 gloria
3197 3460 3277 3506 est
3315 3452 3628 3520 juvenibus,
3661 3453 3703 3508 si

2122 3545 2174 3599 in
2207 3542 2322 3610 ipso
2344 3544 2516 3598 anatis
2541 3543 2748 3598 fervore
2769 3558 2976 3597 murum
3009 3545 3267 3613 regimine
3293 3546 3704 3614 temperentur?

2123 3639 2262 3690 sicut
2293 3635 2552 3690 Jeremias
2582 3635 2654 3688 ait
2687 3652 2699 3687 :
2731 3634 2929 3687 Bonum
2955 3646 3027 3688 est
3058 3637 3185 3701 uiro,
3216 3638 3305 3704 qui
3329 3652 3482 3707 graue
3512 3648 3703 3705 porta-

2122 3727 2189 3778 vit
2209 3729 2396 3798 jugum
2422 3743 2453 3778 a
2473 3727 2741 3796 jucentute
2764 3742 2878 3779 sua.
2912 3725 3116 3781 Sedebit
3146 3726 3477 3796 singulariter
3506 3739 3552 3781 et
3584 3731 3703 3782 sile-

2125 3820 2224 3881 bit,
2271 3819 2391 3883 quia
2432 3818 2673 3871 sustinuit
2707 3818 2888 3886 jugum
2917 3834 3068 3889 grave
3096 3819 3313 3887 (Τὴν-θη.
3344 3835 3429 3887 ιιι,
3453 3820 3523 3872 27
3543 3861 3557 3883 ,
3584 3821 3700 3890 28).

2124 3906 2399 3976 Sequitur,
2423 3917 2468 3960 et
2488 3907 2541 3960 in
2564 3907 2712 3960 verbo
2743 3917 2831 3961 tuo
2858 3910 3075 3978 speravi.
3107 3909 3216 3963 lloc
3238 3919 3319 3963 est
3350 3912 3530 3978 utique
3556 3910 3700 3980 quod

2123 3999 2174 4053 in
2221 4002 2508 4053 maturitate
2553 4010 2890 4066 praevenerat,
2916 4010 2963 4053 et
3002 4000 3237 4055 clamavit
3272 4001 3335 4055 ad
3370 4001 3657 4058 Dominum
3684 4043 3700 4068 ,

2122 4091 2245 4158 quia
2274 4090 2325 4142 in
2351 4089 2499 4142 uerbo
2530 4090 2715 4157 ipsius,
2740 4090 2790 4143 id
2822 4101 2901 4144 est
2931 4092 2981 4144 in
3004 4106 3033 4144 a
3056 4096 3231 4145 tventu
3267 4092 3307 4145 D
3332 4095 3474 4145 unini
3504 4092 3696 4148 Salva-

2125 4177 2256 4231 toris
2280 4178 2382 4230 lixa
2401 4189 2578 4232 mente
2598 4193 2804 4246 sperare
2821 4193 2923 4231 non
2951 4178 3172 4233 destitit.
3200 4180 3375 4234 Sancti
3410 4181 3554 4233 enim
3581 4182 3697 4247 viri,

2126 4269 2367 4338 quamvis
2396 4267 2665 4321 desiderio
2708 4284 2900 4339 magno
2925 4269 3286 4334 flammentur,
3311 4272 3695 4339 exspectationi

445 4397 543 4449 pro
567 4381 740 4436 ventis
762 4382 1084 4438 transitoriis
1112 4383 1444 4437 aestimanda.
1475 4383 1564 4439 Sic
1592 4384 1732 4437 enim
1764 4383 2018 4439 vivificari

2128 4376 2239 4416 suae
2284 4361 2531 4415 ardorem
2588 4374 2805 4429 semper
2857 4360 3154 4431 adjiciunt,
3203 4362 3327 4416 dum
3386 4373 3536 4415 tanto
3588 4365 3696 4433 plus

448 4479 684 4537 putei-at,
718 4473 762 4526 si
788 4471 1053 4541 iudicaret
1082 4474 1207 4527 talia
1253 4488 1358 4529 non
1383 4475 1650 4539 curanda;
1694 4486 1751 4529 ut
1781 4476 2022 4544 martyrii

446 4569 617 4615 ιιιοτιε
644 4561 864 4623 viveret.
911 4572 962 4617 et
993 4573 1249 4632 perpetua
1276 4564 1631 4619 exsultatione
1668 4564 1946 4632 gauderet.
1980 4567 2024 4621 0

446 4668 591 4708 mars
621 4653 707 4707 illa
736 4655 932 4719 vitalis,
961 4672 994 4710 o
1033 4658 1252 4726 sangu's
1281 4658 1526 4724 purpuris
1545 4659 1794 4712 omnibus
1821 4659 2019 4723 pretio-

445 4760 575 4810 sior,
604 4745 691 4813 qui
719 4745 1084 4800 tribulationes
1113 4757 1164 4801 et
1194 4749 1467 4816 angustias
1500 4748 1720 4801 mereris
1753 4750 1903 4803 linire
1924 4791 1937 4813 ,
1968 4759 2022 4804 et

445 4836 664 4905 insuper
689 4846 971 4905 exstvectas
1001 4838 1259 4893 caelorum
1289 4852 1450 4908 regna
1477 4838 1747 4906 suscipere
1772 4841 1785 4891 !

517 4924 673 4981 Vere.
705 4927 1031 4983 Hii—xix.
1054 4928 1220 4983 Corn.
1253 4926 1480 4982 Clamavi
1500 4929 1551 4981 in
1575 4936 1679 4982 toto
1708 4927 1861 4981 corde
1880 4944 2015 4995 meo,

445 5019 636 5071 ιιι-αιιαί
658 5034 755 5085 me,
792 5018 1040 5073 Domine:
1056 5019 1454 5091 justiﬁcationes
1485 5030 1597 5073 tuas
1622 5020 1892 5088 requiram.
1916 5018 2022 5072 No-

447 5125 570 5163 nam
617 5108 881 5164 decimam
933 5110 1510 5178 litb-ramingreditur
1557 5110 2021 5164 reverentissimus

349 5261 369 5268 ἒ
445 5202 673 5265 chorus,
704 5200 755 5254 in
801 5216 902 5270 qua
949 5201 1356 5270 iustiﬁcationes
1402 5200 1608 5254 Domini
1649 5215 1707 5253 se
1744 5199 2021 5265 pollicetur

447 5305 751 5359 exquirere,
796 5301 849 5346 et
881 5292 931 5345 in
975 5292 1141 5347 verbo
1184 5290 1298 5360 ejus
1344 5291 1629 5358 anticipata
1682 5288 2021 5343 coxxlessione

447 5383 681 5451 gaudere
707 5402 718 5435 :
755 5384 1012 5452 adjiciens
1040 5399 1099 5440 se
1126 5386 1442 5453 cognovisse
1486 5385 1783 5437 testimonia
1811 5382 2021 5438 Domini

451 5472 504 5523 in
528 5484 784 5528 reternum
815 5490 935 5529 esse
958 5476 1194 5530 fundata.
1220 5475 1369 5529 Nunc
1389 5476 1674 5529 redeamus
1695 5474 1759 5527 ad
1785 5488 2018 5527 versum.

454 5559 715 5619 I-‘ideliutn
748 5567 922 5635 itaque
966 5567 1169 5621 clamor
1204 5567 1406 5621 devota:
1435 5567 1630 5620 utentis
1659 5563 1879 5618 allectus
1904 5571 1985 5617 est
2008 5603 2022 5631 ,

2126 4462 2351 4507 ventura
2386 4453 2612 4510 felicitas
2656 4454 2959 4522 expetitur,
2995 4465 3194 4522 quanto
3240 4455 3463 4524 amplius
3514 4472 3692 4512 eorum

2126 4547 2451 4614 exspectatio
2484 4546 2796 4615 protelatur.

2197 4635 2503 4691 Vers.148.
2551 4634 2912 4690 Prwvenerunt
2955 4637 3090 4690 oculi
3119 4638 3217 4692 mei
3256 4640 3326 4691 ad
3367 4649 3413 4692 te
3438 4639 3692 4703 diluculo,

2122 4738 2177 4780 ut
2207 4728 2482 4780 meditarer
2497 4727 2693 4795 eloquia
2717 4737 2820 4780 tua.
2849 4726 2905 4780 In
2931 4729 3195 4796 superiori
3221 4745 3377 4783 versu
3400 4733 3694 4800 prwtieiiisso

2123 4833 2183 4873 se
2209 4819 2336 4872 dicit
2378 4819 2432 4871 in
2475 4820 2801 4886 maturitate,
2838 4819 3143 4886 signiﬁcans
3193 4828 3404 4889 tempus
3446 4820 3693 4889 juvenilis

2123 4912 2325 4975 aetatis;
2354 4925 2493 4965 nunc
2523 4918 2702 4964 autem
2730 4909 2797 4964 de
2822 4910 2952 4964 hora
2983 4911 3090 4966 diei
3117 4924 3518 4969 commemonat.
3551 4912 3689 4965 Prie-

2123 5013 2360 5061 uenerunt
2389 5006 2526 5059 oculi
2569 5006 2665 5058 mei
2694 5006 2761 5057 ad
2804 5014 2850 5059 te
2882 5005 3139 5075 diluculo,
3174 5008 3476 5077 significans
3518 5008 3690 5075 utique

2125 5100 2308 5154 oculos
2335 5098 2513 5154 cordis
2553 5098 2635 5154 sui
2662 5107 2787 5153 ante
2823 5099 3118 5155 credidisse
3144 5101 3302 5172 423
3333 5113 3554 5155 venturo
3586 5099 3687 5153 Do-

2127 5193 2273 5245 mino
2299 5192 2590 5257 Salvatori,
2618 5205 2774 5259 quam
2808 5190 2922 5258 ejus
2957 5191 3240 5246 irradiaret
3278 5192 3554 5245 adventus.
3600 5186 3686 5239 Di-

2127 5285 2299 5338 luculo
2326 5284 2465 5337 enim
2493 5281 2757 5352 significat
2789 5281 2996 5335 initium
3029 5282 3184 5346 lucis,
3217 5282 3267 5336 id
3298 5293 3379 5337 est
3414 5280 3514 5336 diei
3544 5293 3684 5331 mon-

2127 5385 2328 5431 stratus
2364 5378 2641 5435 adventus,
2673 5372 2886 5439 quando
2918 5382 3035 5438 post
3078 5373 3327 5427 tenebras
3360 5378 3682 5441 peccatorum

2128 5468 2319 5536 quibus
2352 5466 2436 5520 hic
2481 5466 2708 5520 mundus
2738 5464 3017 5519 tenebatur
3046 5465 3331 5529 obnoxius,
3376 5461 3572 5519 Domini
3616 5458 3678 5509 vi-

2128 5557 2247 5611 tilis
2282 5558 2561 5627 pra-sentin
2595 5556 2843 5616 emicuit;
2875 5555 2987 5611 sive
3010 5556 3452 5611 resurrectionem
3484 5545 3676 5608 Domini
