3966 6172
202 218 293 274 με)

1046 212 1407 272 EXPOSITIO
1446 213 1509 269 ΙΝ
1553 215 2006 274 PSALTERIUM.
2052 218 2240 276 f-‘SAL.
2284 220 2509 279 CXVI".

3358 226 3463 285 890

195 342 306 397 quae
331 324 561 379 diluculo
587 323 721 381 facta
745 336 861 393 est;
888 326 962 381 ait
983 328 1124 382 enim
1154 327 1497 398 Evangelium
1526 345 1538 380 :
1567 326 1768 381 Etcum

1894 333 2203 389 locutionem
2248 334 2444 404 injuste
2492 338 2806 407 pertulisse,
2842 338 3179 395 adversarios
3225 351 3399 394 autem
3431 355 3459 394 a

202 430 316 474 esset
340 417 486 471 ualde
508 417 756 482 diluculo,
780 419 911 473 venit
935 418 1103 472 Maria
1122 422 1191 472 ad
1216 430 1592 473 monumentum
1618 419 1768 491 (Luc.

202 524 332 571 μιν,
360 506 554 577 1),ρι‹δ.
584 509 855 579 Sequitur,
870 518 923 561 ut
947 512 1217 563 meditarer
1239 510 1441 580 eloquia
1467 522 1572 564 tua.
1601 509 1771 565 Causa

202 602 435 654 redditur
464 616 561 655 cur
581 611 704 655 ante
730 600 1021 656 diluculum
1055 618 1205 657 mens
1234 603 1426 657 devota
1456 605 1772 670 surrexerit,

203 710 300 746 non
336 703 390 746 ut
417 707 602 761 agrum
632 695 857 760 coleret,
889 710 993 749 non
1024 706 1079 748 ut
1101 696 1447 750 salutationes
1477 697 1771 765 potentium

201 786 533 855 pne-veniret,
586 787 679 840 sed
712 797 768 839 ut
808 787 1012 842 Domini
1044 788 1373 841 meditaretur
1403 788 1625 857 eloquia,
1656 804 1777 858 quas

202 892 467 944 nunquam
503 888 721 943 possunt
752 879 835 947 pia
889 890 1008 933 vota
1054 880 1331 948 refugere,
1378 880 1502 932 dum
1543 880 1776 934 suavitas

200 985 382 1025 eorum
427 986 638 1041 semper
670 972 880 1026 videtur
925 987 1266 1038 accrescere,
1298 972 1437 1027 sicut
1486 974 1536 1025 in
1568 972 1776 1026 decima

204 1070 355 1123 tertia
386 1067 563 1121 littera
590 1066 787 1118 dictum
819 1074 901 1119 est
928 1085 939 1118 :
977 1064 1144 1130 Quam
1175 1063 1349 1117 dulcia
1393 1065 1626 1132 [auribus
1656 1064 1778 1118 meis

199 1160 401 1227 eloquia
430 1168 517 1209 tua
549 1155 570 1209 !

264 1249 422 1305 γωδ.
450 1246 571 1302 H9.
602 1244 789 1299 Vocem
810 1260 972 1299 meant
998 1244 1205 1309 exaudi,
1232 1242 1447 1299 Domine
1466 1286 1480 1308 ,
1503 1244 1781 1298 secundum

206 1340 607 1395 misericordiam
650 1348 811 1401 tuam,
848 1348 895 1391 et
923 1337 1201 1391 secundum
1232 1337 1489 1408 judicium
1531 1346 1672 1389 tuum
1707 1336 1777 1390 vi-

203 1433 352 1502 tiﬁca
380 1448 482 1485 me.
516 1430 887 1499 Respiciamus
921 1443 1079 1499 quam
1124 1429 1354 1483 mirabili
1380 1429 1637 1484 modestia
1669 1432 1779 1484 veri

200 1522 384 1578 famuli
416 1521 625 1575 Domini
669 1520 951 1575 Dominum
1000 1520 1385 1589 deprecentur;
1436 1530 1491 1576 et
1520 1521 1782 1592 intelliga-

200 1631 314 1670 mus
368 1615 499 1668 nihil
549 1629 669 1669 esse
701 1611 1134 1681 praasumendum
1175 1613 1218 1665 si
1251 1611 1449 1681 aliquid
1500 1612 1655 1666 nobis
1686 1627 1781 1680 per

198 1706 284 1759 Dei
342 1705 566 1774 gratiam
623 1702 990 1772 prosperitatis
1040 1701 1300 1755 arriserit.
1354 1702 1447 1757 llle
1500 1704 1642 1756 enim
1690 1702 1777 1771 qni

196 1801 416 1852 vincens
444 1806 655 1850 aetatem
688 1795 981 1864 puerilibus
1006 1795 1161 1848 annis
1196 1793 1448 1848 clamavit
1487 1793 1553 1847 ad
1604 1795 1781 1847 Domi-

196 1906 321 1944 num
342 1932 358 1954 ,
392 1890 478 1959 qui
509 1888 744 1943 diluculo
770 1889 1033 1953 surrexit,
1069 1902 1282 1955 semper
1313 1886 1379 1941 ad
1417 1885 1603 1940 laudes
1630 1887 1779 1938 misc-

193 1981 473 2035 ricordiam
498 1978 648 2048 petit,
670 1989 722 2032 et
746 1986 803 2032 ut
832 1979 1112 2039 riviﬁcetur
1136 1984 1356 2040 exorat,
1386 1978 1507 2045 quia
1538 1977 1589 2029 in
1621 1974 1781 2028 nullis

195 2083 274 2127 est
303 2071 602 2141 operibus,
639 2070 740 2123 nisi
767 2066 815 2122 in
848 2069 962 2123 sola
994 2069 1202 2122 Domini
1236 2069 1429 2135 pietate
1456 2081 1782 2131 praesumen-

191 2164 341 2217 dttm.
374 2164 507 2217 Cum
538 2162 667 2216 dicit
693 2163 869 2215 enim:
919 2160 1096 2215 Vocem
1130 2178 1292 2214 mrant
1315 2161 1518 2225 exaudi,
1547 2160 1779 2222 Domine,

144 2318 153 2325 ι
192 2256 479 2309 secundum
504 2256 909 2309 misericordiam
928 2264 1069 2306 tuaut
1088 2295 1102 2319 ,
1122 2271 1225 2308 non
1256 2256 1415 2308 habet
1432 2254 1573 2324 quod
1597 2262 1734 2307 cont:
1752 2268 1780 2305 a

188 2356 416 2415 peccata
462 2360 560 2400 sua
596 2344 929 2400 confidenter
973 2344 1219 2414 objiciat;
1259 2347 1353 2400 sed
1405 2344 1548 2399 illam
1579 2354 1780 2397 mutum

189 2439 323 2505 petit
359 2436 787 2491 misericordiam
815 2450 934 2505 qua:
975 2451 1042 2491 ex
1072 2436 1281 2492 miseris
1310 2436 1495 2491 beatos
1531 2434 1684 2498 facit,
1715 2450 1777 2488 ex

186 2532 421 2602 captivis
465 2531 690 2594 liberos,
730 2546 795 2586 ex
842 2531 1066 2586 mortuis
1088 2533 1271 2598 vivos,
1302 2547 1367 2587 ex
1400 2531 1784 2600 temporalibus

185 2623 574 2691 sempiternos.
607 2621 876 2691 Sequitur,
913 2622 1193 2676 secundum
1211 2622 1471 2694 judicium
1495 2633 1639 2676 tuum
1665 2622 1787 2677 vivi-

183 2716 285 2781 βαι
327 2730 442 2778 me,
488 2712 693 2767 scilicet
723 2712 815 2768 illo
845 2728 952 2783 quo
982 2713 1404 2783 supplicantibus
1433 2714 1638 2783 parcis,
1678 2715 1784 2781 quo

184 2820 241 2858 se
269 2805 604 2859 damoantes
633 2803 928 2859 clementer
957 2803 1215 2859 absolvis.
1268 2804 1349 2858 Et
1379 2820 1501 2859 cum
1547 2804 1783 2871 addidit,

182 2901 397 2968 riui/ica
430 2916 511 2954 me
530 2940 545 2966 ,
576 2900 864 2955 conﬁtetur
883 2915 943 2955 se
975 2908 1243 2955 mortuum
1270 2916 1389 2956 esse
1417 2901 1535 2969 lege
1560 2903 1782 2970 peccati.

191 2987 472 3059 Viuiﬁcari
514 2991 656 3045 enim
704 3006 812 3045 non
850 3000 1053 3062 potest,
1085 2993 1185 3047 nisi
1225 2993 1316 3061 qui
1353 2992 1405 3046 in
1432 3007 1490 3051 se
1516 2994 1783 3063 propriam

178 3098 291 3135 non
332 3082 505 3138 habet
525 3083 709 3137 vitam.

253 3173 426 3229 Vers.
450 3173 571 3229 150.
600 3175 1147 3247 Appropinquaverunt
1167 3176 1293 3251 [ms.
1313 3177 1376 3232 G.
1398 3188 1450 3232 et
1469 3178 1579 3244 ed.,
1605 3194 1787 3249 appro-

175 3267 503 3340 piaverunt]
530 3284 879 3340 persequentes
910 3289 989 3327 me
1017 3274 1237 3344 injuste;
1274 3292 1306 3327 a
1348 3276 1458 3346 lege
1500 3285 1671 3329 autent
1700 3285 1788 3328 tua

172 3362 335 3431 longe
352 3361 490 3431 facti
516 3370 652 3416 sunt.
671 3360 900 3417 Noverat
918 3362 1260 3433 propheticus
1277 3366 1495 3435 spiritus
1509 3365 1787 3421 beatorum

168 3467 301 3517 qua:
338 3450 590 3521 pericula
621 3452 854 3521 graviter
884 3450 1256 3518 imminerent;
1286 3463 1340 3509 et
1368 3454 1787 3511 misericmdiam

166 3556 301 3599 ante
356 3542 557 3613 petiit,
603 3551 657 3596 ut
683 3543 732 3596 in
764 3543 845 3598 eis
876 3543 1018 3598 nulla
1062 3544 1265 3612 possint
1302 3547 1583 3601 atrocitate
1624 3562 1787 3616 supe-

162 3636 305 3690 rari.
346 3634 787 3702 ApprOpinquant
833 3635 977 3690 enim
1020 3646 1397 3705 persequentes,
1428 3637 1640 3705 quando
1670 3648 1791 3707 post

162 3727 371 3779 «mitia
418 3739 588 3793 usque
632 3724 698 3779 ad
739 3726 916 3780 carnis
956 3725 1332 3781 lacerationem
1364 3726 1612 3781 videntur
1631 3743 1789 3783 acce-

158 3820 345 3884 dere;
386 3815 537 3871 sicut
582 3816 636 3869 in
682 3815 938 3872 vicesimo
983 3817 1157 3887 primo
1213 3816 1418 3884 psalmo
1446 3817 1511 3872 de
1538 3818 1792 3874 PassEOne

158 3911 417 3967 Domini
447 3911 646 3964 dictum
674 3920 787 3966 est:
816 3909 896 3964 Ne
925 3911 1155 3966 discedas
1177 3927 1208 3964 a
1233 3926 1341 3977 me,
1369 3911 1605 3980 quoniam
1629 3914 1789 3967 tribu-

154 4006 303 4058 la'io
334 4003 595 4075 proxima
624 4011 697 4055 est
728 4000 897 4071 (Psal.
931 4017 1053 4066 ιιι,
1088 4000 1199 4070 12).
1234 4001 1300 4056 Et
1352 4004 1402 4056 in
1459 4001 1790 4071 Evangelia:

149 4098 413 4165 Surgite
439 4108 614 4145 eamus
634 4134 649 4156 ,
683 4091 1109 4162 apprOpinquavit
1144 4091 1267 4163 [ms.
1295 4090 1386 4159 6.,
1419 4090 1789 4162 appropriauit]

148 4188 305 4237 enim
376 4184 481 4249 qui
531 4199 607 4235 me
659 4182 823 4235 tradet
879 4180 1102 4253 (Matth.
1159 4196 1323 4246 xxvi,
1363 4179 1508 4252 46).
1560 4181 1793 4239 Pulchre

143 4293 358 4333 autem
424 4275 630 4329 addidit
685 4283 902 4343 prapter
946 4273 1356 4336 discretionem,
1404 4274 1622 4344 injuste,
1671 4274 1793 4343 quia

148 4378 429 4436 possunt
456 4376 514 4420 et
547 4365 973 4435 persecutionem
1006 4366 1111 4431 pati
1162 4364 1250 4433 qui
1293 4364 1368 4418 rei
1402 4373 1562 4433 sunt,
1592 4365 1646 4419 in
1673 4365 1792 4435 qui-

142 4464 257 4515 bus
298 4458 612 4513 latrocinia
646 4454 929 4509 commissa
955 4454 1274 4523 puniuntur,
1306 4454 1444 4508 sicut
1470 4465 1523 4509 et
1546 4456 1597 4508 in
1621 4456 1795 4509 Evan-

140 4553 309 4620 gelii)
345 4548 501 4603 dicit
525 4588 539 4611 ,
567 4545 714 4599 Beati
743 4547 829 4615 qui
856 4547 1254 4616 persecutionem
1284 4547 1546 4615 patiuntur
1570 4544 1788 4617 (Matth.

130 4664 183 4707 ν,
234 4643 355 4711 iu)
383 4684 406 4709 ,
461 4639 559 4693 sed
606 4637 843 4701 addidit,
885 4649 1092 4706 propter
1112 4638 1391 4707 justitiam.
1434 4637 1576 4693 Bene
1617 4646 1792 4692 autem

128 4738 228 4790 hic
297 4734 542 4787 dictum
592 4738 705 4797 est,
754 4729 975 4797 injuste;
1007 4728 1258 4795 quoniam
1294 4728 1629 4797 patiebantur
1657 4729 1793 4781 mala

123 4842 237 4895 pro
310 4824 543 4885 banis;
586 4829 641 4873 ut
683 4818 877 4889 quibus
925 4818 1151 4873 salutem
1200 4820 1591 4887 praedicabant,
1635 4818 1795 4872 morti

119 4931 230 4969 ens
281 4920 584 4984 putarent
611 4925 733 4964 esse
764 4908 1093 4963 subdcndos.
1126 4907 1398 4976 Sequitur,
1429 4925 1461 4960 a
1492 4911 1599 4980 lege
1625 4918 1795 4961 autem

112 5019 221 5061 tua
251 5010 462 5075 longe
491 5000 617 5070 {acti
638 5009 777 5052 sunt.
818 4997 909 5052 Isti
943 4999 1146 5054 scilicet
1186 5011 1556 5066 persecutores
1596 5011 1794 5068 quanto

114 5102 190 5153 ad
231 5104 610 5155 sanctorum
642 5104 827 5161 patrias
860 5089 1369 5161 appmpinquabant,
1415 5099 1561 5143 tanto
1610 5105 1641 5144 a
1680 5091 1795 5160 lege

116 5185 405 5246 Domini
470 5181 821 5237 recedebant.
866 5180 1097 5234 Necesse
1146 5180 1290 5233 enim
1338 5191 1419 5233 εει
1457 5187 1514 5232 ut
1540 5178 1795 5234 deserant

111 5282 492 5352 justitiam,
524 5274 612 5343 qui
661 5272 725 5326 ad
768 5286 960 5342 pravas
998 5273 1215 5326 semitas
1247 5270 1607 5337 malitiamque
1640 5270 1786 5324 festi-

112 5384 278 5429 ιηοι
300 5413 319 5435 ,
366 5366 523 5435 quia
559 5364 783 5418 Domino
810 5362 1114 5433 proximare
1145 5378 1251 5416 non
1282 5369 1533 5430 possunt,
1575 5361 1677 5415 nisi
1707 5362 1800 5429 qui

104 5468 254 5537 ejus
329 5458 575 5527 regulis
615 5457 1005 5511 obsez-undant.
1049 5456 1178 5521 Qua:
1229 5455 1392 5525 ﬁgura
1439 5453 1634 5508 dicitur
1671 5470 1800 5526 syn-

105 5555 356 5618 crisis,
425 5550 653 5617 quoties
708 5548 987 5602 meliorem
1038 5561 1253 5600 causam
1311 5556 1583 5610 neStram,
1638 5560 1797 5613 quant

100 5638 646 5706 aggersariorum
678 5652 798 5692 esse
828 5646 1215 5692 monstramus.
1239 5634 1375 5691 Dicit
1406 5635 1546 5691 enim
1584 5649 1643 5691 se
1672 5648 1798 5705 pet-

1879 423 1994 493 lege
2025 425 2235 481 Domini
2268 428 2433 483 factos
2455 443 2575 485 esse
2602 430 2941 499 longinquos.

1950 516 2100 572 Vcrs.
2129 517 2251 573 151.
2281 517 2448 590 Prope
2473 538 2527 574 es
2554 532 2607 575 tu
2627 562 2642 586 ,
2672 520 2919 586 Domine,
2945 530 2993 574 et
3020 521 3190 574 omnia
3218 521 3463 573 mandata

1878 617 1965 661 tua
1989 610 2189 663 veritas.
2218 609 2419 665 Contra
2457 612 2600 666 illam
2627 615 3023 683 proximitatem
3051 613 3456 667 violentissinm

1877 704 2268 773 persecutionis
2289 746 2303 769 ,
2336 706 2668 762 vicinitatem
2706 705 2915 761 Domini
2942 707 3042 761 sibi
3071 707 3199 761 dicit
3227 720 3347 761 esse
3378 722 3465 760 re-

1879 795 2144 862 medium,
2180 797 2321 851 unde
2352 798 2538 852 salutis
2566 799 2824 851 auxilium
2877 807 3097 852 noverat
3127 806 3255 853 esse
3283 806 3464 850 rentu-

1877 902 2019 941 rnm.
2057 888 2192 941 Dicit
2243 891 2419 955 enim,
2470 906 2631 959 prope
2673 906 2753 951 es,
2797 888 3048 955 Domine,
3097 892 3215 960 quia
3266 889 3463 958 ubique

1893 977 2080 1046 plenus
2102 1020 2117 1042 ,
2149 979 2342 1049 ubique
2393 990 2533 1033 totus
2562 997 2654 1045 es,
2703 996 2806 1033 non
2855 982 3041 1048 spatiis
3070 980 3333 1044 inclusus,
3366 980 3460 1034 sed

1880 1067 1995 1137 ipse
2024 1071 2191 1138 Spatia
2236 1080 2430 1125 cuncta
2474 1071 2690 1140 replens
2719 1082 2880 1138 atque
2909 1073 3294 1139 complectens.
3326 1072 3459 1125 Nam

1880 1175 1998 1213 cum
2030 1163 2284 1228 prepheta
2315 1162 2475 1216 vellet
2503 1162 2792 1217 ostendere
2816 1162 3010 1229 ubique
3035 1161 3150 1231 ejus
3181 1177 3300 1217 esse
3330 1178 3465 1230 prte-

1880 1258 2134 1321 sentiam,
2180 1256 2306 1311 alibi
2353 1257 2519 1311 dicit:
2555 1257 2617 1313 Si
2658 1257 2936 1312 ascendere
2979 1258 3031 1311 in
3075 1258 3277 1323 cwlum,
3304 1257 3372 1310 ibi
3413 1273 3465 1311 es

1882 1344 2015 1417 [ed.,
2050 1354 2106 1398 tu
2126 1348 2235 1400 illic
2256 1345 2328 1419 es]
2361 1363 2380 1401 :
2407 1349 2451 1401 si
2480 1349 2781 1402 descendero
2808 1350 2861 1401 in
2899 1351 3179 1417 infernum,
3220 1349 3362 1401 ades.
3398 1348 3459 1401 Si

1882 1456 2145 1506 sumpsero
2164 1457 2354 1507 pennas
2372 1457 2509 1493 meas
2533 1450 2649 1494 ante
2675 1442 2837 1515 lucem
2856 1484 2871 1508 ,
2897 1454 2944 1497 et
2967 1442 3262 1495 habitavere
3294 1442 3345 1493 in
3367 1457 3463 1511 po-

1881 1540 2066 1584 stremo
2088 1532 2273 1584 maris:
2298 1532 2481 1586 etenim
2502 1534 2627 1586 illuc
2641 1549 2821 1586 manus
2843 1543 2931 1587 tua
2957 1535 3172 1588 deducet
3199 1535 3461 1603 me(l’sal.

1883 1622 2209 1688 cxxxvm,8,
2235 1618 2287 1688 9,
2311 1623 2423 1690 10).
2455 1623 2559 1678 Sed
2589 1638 2709 1677 cum
2739 1623 2894 1677 dicit:
2922 1622 3091 1693 Prope
3119 1641 3189 1685 es,
3211 1624 3426 1678 Domine
3447 1670 3461 1692 ,

1883 1717 2167 1770 eonlitetur
2183 1732 2288 1770 non
2310 1731 2431 1770 eum
2457 1716 2705 1785 ignorare
2728 1719 2772 1769 si
2799 1732 3050 1785 perverse
3076 1716 3311 1786 gerimus
3327 1762 3339 1783 ,
3364 1733 3465 1770 nec

1882 1805 2153 1862 declinare
2177 1821 2297 1861 cum
2330 1806 2580 1876 fugimus.
2614 1806 2722 1862 Una
2753 1817 2836 1862 est
2865 1822 2991 1877 ergo
3026 1807 3169 1862 salus
3196 1807 3259 1859 ad
3291 1806 3463 1875 ipsum

1886 1896 2172 1965 festinare,
2200 1914 2356 1969 quem
2383 1915 2486 1953 non
2518 1900 2689 1967 possis
2711 1899 2961 1970 elingere.
2990 1898 3203 1953 Addidit
3226 1913 3463 1973 quoque,

1882 2000 1927 2044 et
1961 1992 2129 2044 omnia
2176 1995 2419 2045 mandata
2467 2002 2553 2046 tua
2590 1994 2795 2046 ueritas.
2833 1994 2943 2048 Hoc
2972 1993 3061 2046 ille
3087 2000 3259 2060 potest
3286 1992 3467 2045 dicere

1883 2082 1968 2147 qui
2002 2083 2231 2147 veritati,
2263 2082 2314 2137 id
2345 2091 2428 2137 est
2460 2083 2684 2137 Domino
2706 2084 2920 2139 Christo
2950 2082 3198 2147 credidit,
3231 2092 3283 2136 et
3315 2097 3461 2135 man-

1883 2169 2006 2223 data
2031 2170 2145 2239 ejus
2168 2172 2388 2226 salutari
2416 2174 2742 2243 perfectione
2767 2176 3025 2244 Suscepit.
3051 2175 3267 2230 Judmtts
3289 2183 3465 2227 autem

1884 2264 2011 2317 talia
2042 2279 2147 2318 non
2177 2276 2351 2333 putest
2385 2265 2566 2334 loqui,
2602 2268 2689 2335 qni
2723 2267 2894 2320 noluit
2920 2267 3142 2321 credere
3171 2266 3392 2319 ueritati.

1950 2353 2115 2409 Vers.
2149 2354 2268 2408 152.
2286 2354 2360 2407 Ab
2384 2355 2528 2410 initio
2552 2358 2767 2427 cognovi
2788 2358 2850 2409 de
2866 2357 3167 2411 testimoniis
3196 2358 3321 2421 tuis,
3349 2354 3469 2425 quia

1885 2445 1936 2497 in
1965 2455 2211 2499 internum
2233 2448 2462 2516 fundasti
2482 2465 2560 2501 ea.
2586 2449 2660 2501 Ab
2691 2450 2834 2501 initio
2856 2449 3119 2518 signified
3148 2463 3177 2501 a
3202 2448 3464 2501 rudimen-

1889 2537 1954 2589 tis
2015 2537 2229 2601 saeculi,
2280 2539 2495 2605 quando
2536 2553 2565 2589 a
2609 2538 2757 2606 justo
2796 2538 2930 2592 Abel
2973 2537 3137 2606 (Gen.
3174 2554 3246 2603 tv,
3278 2537 3344 2601 8)
3378 2551 3471 2589 ιιο-

1887 2642 2012 2678 men
2049 2628 2210 2695 cmpit
2240 2642 2361 2682 esse
2390 2636 2725 2692 sanctorum,
2760 2628 2848 2695 qni
2879 2628 3136 2681 innocens
3183 2642 3211 2678 a
3264 2625 3470 2681 nefario

1888 2718 2052 2772 fratre
2104 2718 2156 2772 in
2205 2720 2506 2788 exemplum
2560 2719 2768 2772 Domini
2799 2718 3094 2773 Salvatoris
3123 2720 3332 2772 occisus
3362 2726 3466 2769 est.

1888 2809 2131 2877 Cognovit
2159 2824 2370 2878 quoque
2409 2811 2472 2862 ab
2501 2811 2676 2874 initio,
2718 2809 2932 2879 quando
2962 2806 3352 2863 Melchisedech
3384 2821 3471 2859 sa-

1888 2900 2126 2953 cerdotis
2164 2900 2343 2953 oblata
2391 2915 2609 2954 munera
2660 2901 2710 2952 in
2740 2898 2994 2953 dominici
3022 2896 3264 2965 corporis
3298 2895 3470 2964 prtuli-

1888 2994 2164 3061 guratione
2208 3002 2453 3062 suscepta
2501 3001 2644 3047 sunt.
2688 2991 2935 3063 Cognovit
2978 2991 3139 3045 etiam
3180 2990 3242 3042 ab
3291 2989 3469 3051 initio,

1813 3117 1861 3178 Ο
1891 3084 2105 3151 quando
2135 3083 2402 3138 Abraham
2438 3085 2604 3138 lilium
2643 3099 2796 3137 suum
2826 3083 2877 3136 in
2910 3082 3224 3152 mysterium
3259 3080 3470 3135 Dotnini

1893 3175 2189 3229 Salvntoris
2220 3174 2413 3229 obtulit
2458 3175 2840 3229 immolandum
2860 3217 2873 3239 ,
2907 3181 2964 3228 et
2993 3174 3075 3228 his
3099 3172 3323 3237 similia,
3353 3187 3472 3239 qua:

1893 3281 2167 3321 sacrarum
2219 3267 2518 3321 litterarum
2570 3266 2888 3320 lectionibus
2916 3265 3264 3319 continentur
3306 3262 3472 3335 (Gen.

1894 3371 2038 3421 xm,
2078 3355 2187 3425 10).
2226 3357 2352 3411 llaec
2386 3356 2504 3412 sine
2533 3357 2696 3410 dubio
2727 3358 2779 3409 in
2808 3366 3053 3411 teter-num
3083 3355 3300 3425 fundata
3323 3364 3473 3419 sunt,

1893 3449 2143 3515 quoniam
2166 3448 2405 3503 veritatis
2429 3448 2596 3517 ipsius
2626 3446 2930 3502 testimonio
2949 3446 3388 3514 comprobantur.
3411 3445 3474 3499 Et

1891 3539 2030 3594 bene
2055 3538 2220 3604 dixit,
2256 3540 2383 3608 [und
2402 3548 2471 3592 ita
2495 3549 2644 3603 sunt,
2687 3540 2882 3606 quippe
2912 3552 3031 3607 qua:
3059 3537 3124 3590 ad
3158 3536 3473 3589 fundamen-

1893 3641 2003 3685 tum
2022 3630 2220 3687 Christi
2245 3632 2455 3687 Domini
2477 3632 2829 3700 pertinebant.
2852 3633 2968 3699 Ipse
2989 3632 3130 3685 enim
3160 3630 3475 3685 fundamen-

1896 3733 2005 3777 tum
2032 3723 2308 3791 singnlare
2336 3738 2400 3777 ac
2423 3723 2653 3777 solidum
2680 3733 2796 3787 est,
2830 3721 2969 3777 sicut
2995 3722 3126 3776 dicit
3154 3721 3475 3788 Apostolus,

1896 3811 2313 3867 Fundamentum
2350 3815 2485 3867 enim
2513 3814 2657 3867 aliud
2686 3829 2834 3867 nemo
2868 3822 3029 3881 potest
3065 3829 3252 3881 ponere
3298 3824 3476 3879 praeter

1894 3907 1947 3960 id
1974 3907 2112 3975 quod
2144 3907 2368 3976 positum
2414 3916 2510 3972 est,
2541 3908 2677 3973 quod
2705 3915 2779 3960 est
2817 3904 3048 3958 Christus
3077 3906 3228 3958 Iesus
3267 3904 3320 3974 (I
3357 3903 3475 3959 Cor.

1894 4014 1980 4063 tu,
2002 3999 2114 4066 11).
2142 3998 2292 4054 Unde
2318 3999 2595 4054 evidenter
2618 4005 2872 4067 apparet,
2915 3998 3055 4068 quod
3093 4012 3238 4067 saepe
3276 3996 3474 4052 dictum

1896 4101 2008 4157 est,
2052 4091 2237 4146 tideles
2270 4100 2449 4145 mente
2473 4088 2822 4158 conspexisse
2851 4088 3134 4142 Dominum
3164 4088 3474 4151 Christum,

1897 4181 2119 4252 ejusque
2146 4192 2386 4236 sanctum
2420 4180 2707 4235 adventum
2740 4182 2792 4235 in
2826 4179 3343 4249 prtellgurationibus
3369 4179 3476 4233 Te-

1896 4276 2150 4331 statnenti
2185 4275 2395 4331 Veteris
2433 4276 2736 4343 agnovisse.

1973 4366 2125 4421 Vers.
2162 4367 2367 4420 155.-
2394 4381 2483 4419 xx.
2514 4364 2643 4419 Res.
2686 4364 2816 4418 Vide
2842 4364 3183 4419 humilitatem
3212 4379 3401 4427 meam,
3432 4372 3477 4417 et

1822 4487 1874 4548 Β
1896 4462 2036 4529 eripe
2064 4476 2169 4519 me,
2201 4459 2318 4526 quia
2349 4458 2510 4527 legent
2534 4466 2676 4510 tuam
2700 4472 2803 4510 non
2833 4472 2947 4510 sunt
2979 4457 3184 4509 oblitus.
3215 4455 3350 4510 Ecce
3367 4455 3477 4525 jam

1898 4550 2203 4604 vicesimam
2254 4550 2480 4602 litteram
2516 4546 2741 4621 populus
2782 4546 3032 4602 vitiorum
3082 4546 3251 4600 victor
3297 4547 3478 4615 ingre-

1898 4641 2064 4705 ditur,
2097 4642 2148 4694 in
2191 4656 2292 4708 qua
2342 4654 2403 4693 se
2444 4639 2575 4707 petit
2601 4638 2893 4703 viviticari;
2933 4637 3187 4707 quoniam
3232 4637 3477 4690 mandata

1900 4732 2109 4786 Domini
2136 4744 2347 4786 summo
2376 4729 2558 4784 studio
2580 4728 2874 4797 requisivit.
2900 4726 3081 4796 Longe
3101 4738 3276 4779 autem
3300 4739 3328 4777 a
3356 4738 3479 4793 pec-

1898 4822 2168 4877 catoribus
2207 4821 2433 4875 salutem
2482 4832 2605 4874 esse
2649 4827 3068 4883 commemorat,
3109 4816 3235 4885 quia
3282 4815 3480 4871 similia

1899 4929 2006 4969 non
2044 4913 2305 4967 fecerunt.
2338 4912 2664 4979 Principium
2706 4924 2919 4980 quoque
2949 4910 3233 4964 verborum
3268 4906 3480 4962 Domini

1898 5004 2181 5058 veritatem
2205 5016 2326 5057 esse
2354 5008 2597 5056 testatur.
2622 5000 2727 5056 Sed
2753 5010 2805 5056 ut
2835 5001 2901 5055 ad
2930 5001 3121 5056 littera:
3143 5000 3301 5069 hujus
3326 5000 3473 5067 prin-

1897 5097 2032 5164 cipia
2062 5095 2345 5151 redeamus
2362 5134 2378 5158 ,
2408 5093 2569 5149 dicit:
2608 5092 2736 5147 Vide
2754 5093 3097 5146 humilitatem
3118 5108 3299 5145 meam.
3323 5091 3478 5157 Quod

1899 5185 1987 5239 hic
2034 5185 2242 5239 videtur
2288 5184 2353 5237 ad
2394 5192 2655 5253 martyres
2688 5183 2993 5252 pertinere,
3026 5198 3251 5253 quorum
3282 5196 3479 5250 corpus

1901 5278 1971 5331 ita
2022 5276 2327 5345 ingentibus
2376 5276 2654 5329 tormentis
2704 5274 2975 5344 allligitur,
3012 5280 3069 5325 ut
3106 5288 3211 5325 non
3262 5272 3313 5323 in
3351 5271 3481 5339 ipsis

1904 5378 2093 5421 natura
2128 5366 2402 5421 hominum
2425 5408 2439 5426 ,
2470 5366 2563 5421 sed
2595 5367 2735 5420 velut
2762 5367 3021 5435 pecudum
3044 5365 3220 5418 vilitas
3246 5365 3482 5417 aestime-

1904 5467 2011 5510 tur.
2039 5456 2114 5509 De
2136 5455 2234 5508 hac
2261 5454 2562 5509 humilitate
2583 5469 2814 5523 sequens
2841 5456 3073 5523 psalmus
3095 5454 3333 5507 dicturus
3355 5459 3436 5506 est
3460 5472 3479 5509 :

1910 5546 2043 5611 Quia
2075 5545 2291 5597 multum
2321 5545 2501 5613 repleti
2524 5560 2705 5598 sumus
2723 5546 3089 5612 contemptione
3112 5543 3281 5615 (Psal.
3312 5556 3481 5605 cxxtt,

1906 5636 2000 5702 4);
2031 5646 2081 5692 et
2104 5678 2118 5702 ,
2145 5635 2363 5689 multum
2392 5636 2581 5705 repleta
2605 5646 2677 5688 cst
2700 5638 2872 5703 anima
2903 5644 3080 5689 nostra
3107 5653 3127 5693 :
3151 5633 3481 5703 opprobrium

1817 1747 1857 1804 Β
