4032 6176
486 283 579 339 891

1723 279 1788 334 Μ.
1829 274 2100 335 Αυηειιι
2139 275 2541 334 CASSIODORI

3659 282 3760 339 899.

483 393 886 456 abundantiam,
936 397 985 445 et
1031 389 1286 461 despectio
1330 388 1494 462 εει
1537 387 1794 457 superbis.
1846 387 1983 443 Audi
2012 394 2066 441 et
2091 384 2157 448 A7
2245 386 2396 441 Vers.
2431 385 2551 443 156.
2601 386 2960 442 Niserotiones
3010 394 3111 442 tua!
3138 388 3347 453 mulae,
3382 388 3639 460 Domine,
3678 408 3753 448 sc-

486 485 800 555 Apostolum
837 481 1208 536 humiliautem
1262 497 1363 537 se:
1398 480 1513 553 Ego
1560 492 1731 535 autem
1763 496 1875 535 sum
1914 480 2043 534 mitti

483 596 595 634 mus
633 577 979 647 apostolorum
1005 574 1063 647 (Ι
1096 574 1216 631 Cor.
1250 592 1349 641 xv,
1383 575 1463 645 9).
1497 575 1603 631 Sed
1646 575 1873 629 uthanc
1896 575 2070 629 humi-

482 673 687 726 litatem
717 680 989 737 purpureo
1012 668 1242 737 quodam
1274 668 1437 737 pallio
1456 667 1773 730 vestiamus,
1815 666 2085 720 Dominns‘

481 774 693 829 quoque
718 757 850 814 dicit
870 774 892 813 ’ς
939 756 1063 829 Ego
1090 768 1259 812 autem
1291 774 1401 811 sum
1443 758 1625 812 vermis
1669 765 1716 809 et
1753 771 1853 810 non
1884 757 2065 821 homo,

472 850 817 921 vapprobrium
847 850 1111 904 hominum
1138 859 1186 903 et
1213 851 1428 920 ubjectio
1459 852 1614 919 plebis
1636 848 1807 921 (Psal.
1843 864 1952 914 ut,
1988 850 2066 917 7).

482 942 560 997 De
590 943 690 997 ista
732 941 1033 996 humilitate
1075 942 1273 996 diaboli
1321 943 1460 995 vieta
1485 940 1737 1009 superbia
1769 948 1885 1004 est,
1923 950 1977 993 ut
2001 946 2086 995 ex’

480 1035 748 1089 contraria
774 1044 926 1105 parte
954 1035 1204 1101 caderet,
1236 1050 1302 1087 ne
1330 1033 1455 1103 quid
1497 1048 1556 1088 se
1597 1033 1890 1101 proﬁcuum
1929 1048 2067 1100 prat-

480 1126 774 1195 sumpsisse
799 1126 1074 1195 gauderet.
1109 1126 1380 1194 Sequitur,
1412 1134 1457 1179 et
1489 1125 1627 1193 eripe
1648 1140 1761 1189 me;
1791 1124 1932 1177 unde
1960 1125 2067 1180 sci-

487 1216 632 1283 licet,
664 1218 763 1271 nisi
787 1218 856 1272 de
880 1230 1159 1287 prunarum
1190 1217 1493 1284 urgentium
1514 1215 1859 1280 necessitate,
1880 1214 1948 1269 de
1971 1229 2065 1283 pe-

485 1309 655 1364 riculo
683 1311 903 1374 mortis,
932 1318 987 1365 et
1029 1308 1285 1380 quidquid
1317 1316 1540 1378 possunt
1561 1308 1622 1361 iu
1655 1308 1742 1361 illa
1782 1315 2067 1361 concerta-

482 1399 629 1453 tione
676 1399 815 1453 beati
866 1408 1131 1470 martyres
1157 1398 1463 1453 su~tine:e?
1502 1397 1619 1452 Non
1666 1398 1808 1451 enim
1862 1405 2070 1466 poterat

482 1502 698 1545 sanctus
734 1491 959 1561 populus
1001 1499 1180 1560 petere
1223 1490 1439 1543 liberari
1474 1504 1534 1544 se
1563 1488 1632 1543 ab
1657 1488 1827 1543 otiosa
1858 1487 2068 1542 humili-

486 1588 625 1647 hie,
667 1583 820 1646 cujus
844 1590 959 1636 erat
990 1581 1219 1636 inclinis
1246 1594 1307 1634 ac
1346 1580 1536 1635 devota
1566 1578 1852 1649 professio.
1885 1577 2070 1648 Legem

482 1688 612 1727 vero
642 1671 727 1726 hic
763 1673 903 1726 illam
930 1673 1265 1727 sententiam
1296 1672 1453 1737 dicit,
1483 1686 1599 1741 quae
1627 1673 1738 1726 ait:
1772 1672 1955 1725 Omnis
1980 1673 2069 1740 qui
2094 1696 2099 1701 -

2172 478 2395 531 cundum
2418 478 2677 550 judicium
2709 489 2851 533 tuum
2892 480 3085 549 vivi/ica
3122 496 3222 534 me.
3257 479 3612 536 Miserationes
3642 494 3761 539 sunt

2175 568 2424 636 Domini,
2456 585 2552 639 per
2593 585 2724 639 quas
2772 567 2989 624 afflictis
3020 579 3072 624 et
3102 569 3299 624 sauciis
3328 570 3555 626 diverSIs
3591 572 3761 628 modis

2170 661 2454 716 subvenire
2475 661 2753 731 dignatur:
2776 662 2910 716 sicut
2929 660 3126 729 Joseph
3147 661 3231 731 qui
3257 661 3524 717 carcereis
3541 663 3760 719 nexibus

2173 751 2453 805 tenebatur
2496 752 2766 817 inclusus;
2801 754 2940 807 sicut
2978 751 3167 805 .lonam
3212 767 3367 822 quem
3401 762 3553 808 cetus
3577 755 3760 811 absor-

2173 845 2316 911 buit;
2352 847 2494 901 sicut
2521 847 2855 909 Susanuam,
2888 862 3047 915 quam
3090 845 3224 899 falso
3254 846 3477 901 crimine
3519 848 3761 903 laboran-

2173 946 2277 992 tem
2308 953 2403 1008 per
2433 940 2753 994 sententiam
2790 939 3018 993 Dauielis
3049 938 3305 1005 absolvit;
3338 941 3599 995 latrantem
3630 956 3761 1009 (ιυρι-

2172 1045 2274 1099 que
2328 1038 2717 1086 momentanea'
2754 1029 3097 1085 confessione
3146 1030 3401 1097 salvavit;
3462 1043 3515 1087 et
3568 1045 3759 1087 caetera

2177 1123 2566 1175 miserationum
2594 1137 2811 1193 genera,
2843 1128 2977 1192 quas“
3021 1121 3216 1175 nullius
3274 1131 3449 1191 potest
3494 1122 3759 1191 expliea'e

2174 1214 2385 1270 notitia.
2432 1214 2713 1284 Sequitur,
2760 1213 3035 1266 secundum
3073 1213 3328 1283 judicium
3382 1212 3527 1264 tuum
3566 1212 3760 1279 viviﬁca

2181 1319 2278 1357 me.
2310 1296 2519 1373 Ubique
2548 1304 2705 1373 quale
2725 1304 2985 1376 judicium
3014 1300 3572 1373 'peiatur'cauti'ssime
3602 1304 3759 1360 debv-

2171 1413 2287 1453 mus
2315 1398 2618 1465 advertere,
2670 1400 2789 1467 quia
2834 1400 2937 1451 non
2987 1408 3068 1451 est
3114 1397 3358 1452 Ιηιηιιιιέ
3412 1397 3751 1453 confideut’a:

2171 1489 2299 1545 illud
2342 1504 2592 1560 poscere,
2616 1488 2683 1544 de
2717 1496 2821 1557 quo
2850 1480 3050 1543 dictum
3081 1498 3197 1543 est:
3236 1489 3315 1542 Ne
3345 1489 3498 1543 intres
3530 1491 3753 1561 iujudi-

2168 1585 2301 1635 cium
2350 1592 2467 1634 cum
2510 1596 2651 1635 servo
2695 1592 2782 1634 tuo
2832 1580 2997 1652 (mat.
3049 1596 3224 1642 CXLII,
3253 1582 3333 1648 ‘2).
3376 1580 3643 1634 Judieiunt
3672 1591 3753 1635 est

2172 1676 2350 1742 utique
2394 1674 2546 1741 quod'
2590 1682 2771 1741 petere
2819 1672 3106 1737 debemus,
3160 1672 3370 1741 quando
3420 1688 3519 1727 nos
3562 1673 3743 1726 humili

482 1781 537 1819 se
557 1765 773 1827 exultat,
795 1763 1170 1829 humiliabitur,
1200 1774 1243 1818 et
1267 1766 1359 1835 qui
1384 1782 1437 1819 se
1462 1763 1696 1819 Itumiliat
1716 1806 1731 1832 ,
1759 1764 2070 1819 exultabitur
2102 1775 2147 1833 Β
2174 1763 2535 1820 satisfactione
2567 1763 2981 1832 prosternimus,
3030 1764 3241 1832 quando
3288 1775 3500 1830 peccata
3544 1773 3746 1826 nostra,

484 1856 635 1923 (Luc.
671 1870 784 1918 χεν,
818 1855 927 1924 il).
958 1856 1292 1924 Quapropter
1320 1856 1509 1912 merito
1555 1871 1615 1910 se
1658 1856 1797 1911 hanc
1840 1870 1946 1910 non
1986 1855 2071 1909 di-

480 1945 637 1999 ccbat
673 1945 883 1999 oblitum
906 1985 921 2011 ,
956 1945 1047 2015 qui
1081 1948 1132 2000 in
1162 1961 1225 2001 ea
1268 1961 1435 2016 usque
1463 1947 1527 2001 ad
1559 1947 1681 2001 vita:
1711 1947 2102 2017 petsereravit'

481 2046 798 2092 extremum.

558 2131 708 2185 Vers.
746 2130 871 2188 154,
903 2130 1095 2184 Iudico
1127 2131 1384 2200 judicium
1432 2146 1632 2198 meum,
1666 2135 1934 2187 ctredime
1954 2151 2072 2189 me:

482 2233 686 2292 propter
704 2223 959 2290 eloquium
984 2232 1130 2275 tuum
1155 2225 1359 2292 vivi/ica
1383 2241 1481 2281 me.
1512 2225 1607 2279 llic
1634 2240 1821 2279 versus
1845 2227 2071 2280 sollicita

484 2316 681 2384 pietate
708 2316 1033 2383 quaerendus
1061 2328 1177 2377 est,
1210 2330 1277 2369 ne
1308 2315 1480 2385 (quod
1525 2316 1703 2385 absit)
1726 2317 1919 2370 cohors
1949 2333 2072 2370 san-

484 2413 692 2458 ctorum
729 2419 822 2472 per
848 2406 1202 2475 arrogantiam
1226 2405 1453 2474 judicari
1484 2408 1761 2475 quaesiisse
1792 2409 2067 2462 videatur:

487 2495 557 2551 de
580 2496 773 2564 quibus
802 2496 1060 2563 scriptum
1089 2504 1207 2550 est:
1233 2493 1414 2549 Justus
1440 2496 1492 2548 in
1536 2497 1789 2564 principio
1825 2500 2074 2551 sermonis

488 2596 834 2639 accusatorest
847 2587 927 2640 sui
941 2584 1123 2656 (Prov.
1142 2602 1289 2651 xvut,
1307 2588 1418 2657 i7).
1436 2587 1540 2642 Sed
1545 2588 1802 2657 judicium
1831 2603 1986 2642 suum
2010 2590 2073 2643 il-

491 2673 585 2729 lud
612 2675 774 2742 dicit,
807 2690 914 2744 quo
955 2676 1121 2731 verbo
1138 2675 1391 2742 credidit,
1414 2692 1521 2747 quo
1538 2679 1954 2733 incarnationem
1975 2680 2077 2732 Do—

488 2769 617 2821 mini
640 2782 770 2836 pura
788 2778 968 2824 mente
982 2770 1235 2839 suscepit.
1252 2770 1511 2825 Securum
1525 2776 1703 2840 utique
1717 2771 2076 2841 judicium,de

490 2873 597 2928 quo
627 2860 805 2913 nullus
848 2863 1015 2928 possit
1037 2862 1247 2916 Domini
1264 2862 1555 2917 formidare
1565 2862 1846 2930 judicium.
1867 2863 1997 2916 Nam
2021 2864 2072 2916 in

486 2950 571 3005 his
606 2966 722 3020 quae
755 2966 848 3019 per
896 2952 988 3006 Dei
1035 2952 1259 3023 gratiam
1309 2954 1447 3009 bene
1503 2954 1774 3009 credendo
1825 2954 2075 3025 jndicant

488 3043 694 3108 sancti,
728 3044 903 3099 securi
941 3058 1155 3113 semper
1195 3045 1542 3101 efficiuntur:
1575 3055 1630 3102 et
1664 3048 1857 3102 merito
1898 3048 1949 3101 in
1996 3047 2075 3101 eis

2175 1856 2395 1911 remotis
2414 1855 2875 1917 excusationibu‘s,
2908 1854 3247 1909 confitemur.
3270 1855 3417 1907 'l‘uuc
3445 1850 3589 1908 enim
3605 1855 3754 1925 judi-

2173 1950 2306 2000 ciunt
2333 1955 2415 2001 est
2442 1944 2649 1999 Domini
2676 1946 2867 1998 talibus
2896 1946 3172 2011 misereri,
3204 1946 3347 2014 quod
3380 1946 3468 1999 ille
3500 1950 3632 1999 bene
3660 1962 3751 2015 pv-

2176 2040 2270 2101 lit,
2313 2038 2401 2105 qui
2453 2051 2510 2091 se
2565 2036 2901 2089 humiliatum
2952 2036 3447 2106 :ttque'supplicem
3494 2036 3750 2092 viviticari

2172 2134 2450 2185 secundum
2505 2128 2764 2200 judicium
2812 2128 3027 2181 Domini
3102 2129 3406 2197 postulavit.
3467 2122 3559 2184 Ille
3612 2130 3754 2183 enim

2175 2221 2384 2289 quando
2407 2219 2610 2289 judicat
2639 2219 2941 2281 miseretur,
2977 2220 3186 2287 quando
3218 2221 3501 2273 miseretur
3528 2232 3580 2273 et
3611 2217 3757 2272 ludi-

2173 2322 2287 2366 cat:
2318 2313 2438 2379 quia
2484 2326 2656 2380 neque
2698 2310 2813 2363 sine
2838 2309 3040 2379 judicio
3073 2310 3377 2376 miseretur,
3426 2326 3601 2378 neque
3641 2310 3756 2364 sine

2177 2401 2542 2457 misericordia
2582 2401 2821 2469 judicat':
2858 2403 2939 2455 cui
2966 2401 3398 2470 Psalmigraptms
3425 2402 3584 2454 dicit:
3609 2401 3755 2473 judi-

2176 2496 2310 2549 cium
2350 2506 2395 2549 et
2440 2494 2845 2549 misericordium
2888 2488 3101 2547 cantabo
3167 2493 3286 2560 tibi,
3340 2492 3552 2548 Domine
3586 2493 3751 2565 (Paul.

2176 2602 2239 2651 c,
2272 2584 2347 2657 l).
2396 2586 2597 2641 Omnes
2638 2588 2801 2640 enim'
2829 2587 3050 2641 virtutes
3082 2585 3162 2640 illi
3210 2586 3389 2641 iueSse
3420 2570 3754 2640 manifestum

2176 2685 2290 2743 est,
2327 2690 2426 2731 nec
2466 2679 2516 2731 ei
2545 2676 2810 2731 accedunt
2840 2684 2953 2729 aut
2994 2677 3251 2730 rededunt
3282 2677 3335 2730 in
3379 2691 3484 2745 quo
3516 2677 3758 2731 substin-

2181 2768 2380 2823 tialiter
2420 2782 2541 2824 esse
2572 2777 2884 2823 noscuntur.

2253 2858 2406 2915 Vers.
2445 2859 2568 2914 157.
2604 2857 2757 2912 Multi
2783 2859 2870 2928 qui
2902 2858 3270 2927 persequuntur
3301 2875 3379 2911 me
3424 2871 3472 2913 et
3521 2862 3771 2913 tribulaut

2178 2966 2292 3018 me;
2321 2970 2351 3004 a
2374 2953 2668 3006 testimoniis
2684 2953 2782 3004 tuis
2804 2953 3190 3006 tton‘declinuvi.
3220 2953 3583 3022 Esziggoratur
3606 2956 3772 3010 nimis

2181 3056 2337 3098 sava:
2368 3044 2755 3111 persecutionis
2780 3044 3006 3112 injuria,
3050 3043 3431 3112 quando'unu‘s
3459 3058 3518 3098 se
3548 3059 3769 3113 passum

493 3136 945 3191 examinationem
969 3136 1205 3190 divinam
1236 3139 1579 3207 petont,quia
1596 3153 1657 3192 se
1676 3137 1729 3193 in
1748 3138 1878 3207 ipsis
1897 3138 2063 3207 glori-
2102 3157 2146 3218 ρ
2181 3138 2343 3203 dicit,
2385 3137 2527 3205 quod
2583 3137 2733 3190 multi
2791 3135 3136 3190 detestabiles
3180 3136 3493 3192 intuli-runt.
3538 3136 3665 3193 lude
3713 3149 3769 3195 et

494 3226 735 3283 ﬁcandos
760 3242 880 3284 esse
925 3239 1273 3298 cognoscunt.
1306 3230 1371 3284 Et
1400 3231 1605 3299 respice
1634 3246 1793 3299 quam
1823 3231 2076 3301 pulcher-

489 3318 629 3372 rime
653 3319 791 3372 facta
811 3319 1177 3375 denominatio
1199 3328 1299 3375 est.
1318 3321 1468 3386 Quod
1495 3331 1866 3391 argumentum
1889 3322 2081 3376 dicitur

492 3422 522 3460 a
538 3421 638 3461 con
639 3408 859 3477 jugatis,
884 3412 1098 3479 quando
1122 3425 1313 3464 nomen
1330 3410 1399 3466 de
1413 3412 1631 3466 nomine
1652 3412 1904 3465 concordi
1923 3426 2046 3466 3:50
2059 3441 2075 3451 ο

493 3500 713 3555 natione
731 3500 1011 3557 formatur.
1031 3502 1304 3572 Sequitur,
1322 3503 1638 3557 redime-me.
1651 3504 1819 3570 Quem
1838 3504 2083 3558 redimere

492 3602 725 3661 poterat,
748 3594 851 3649 nisi
880 3594 1186 3650 credentem
1216 3612 1230 3649 :
1262 3605 1353 3650 aut
1383 3611 1603 3666 proque
1619 3596 1849 3650 maxime
1865 3598 2080 3666 sangui-

499 3696 623 3737 nem
656 3683 1039 3751 redemptionis
1069 3684 1396 3751 eﬂ'underet,
1437 3684 1685 3741 si‘fidelis
1720 3686 1945 3740 famulus
1978 3703 2080 3740 non

496 3771 726 3828 fuisset?
754 3773 1005 3841 Addidit,
1033 3786 1239 3843 propter
1264 3777 1524 3846 eloquium
1570 3787 1711 3830 tuum
1758 3778 2077 3845 viviﬁcante.
2124 3806 2127 3807 ν

493 3860 590 3919 Illo
615 3864 816 3919 scilicet
844 3864 933 3920 ubi
961 3866 1223 3935 promittit
1257 3881 1273 3922 :
1304 3867 1403 3929 Qui
1424 3867 1583 3921 credit
1623 3868 1677 3921 in
1707 3883 1785 3920 me
1804 3908 1818 3933 ,
1852 3884 1955 3921 non
1977 3878 2083 3921 mo-

494 3954 686 4017 rietur,
719 3955 808 4007 sed
830 3955 1027 4009 habebit
1052 3958 1206 4009 vitam
1225 3966 1467 4011 cateruam
1493 3956 1672 4027 (Joan.
1707 3974 1759 4012 ιι
1779 3999 1794 4025 ,
1818 3958 1930 4027 Ξϋ).

574 4042 730 4100 Vers.
755 4047 877 4100 155.
896 4045 1068 4116 Longe
1092 4058 1161 4101 est
1184 4066 1215 4100 α
1245 4050 1595 4114 peccatoribus
1612 4050 1776 4117 salus,
1790 4052 1911 4119 quia
1925 4053 2087 4121 justi-

494 4133 762 4199 ﬁtationes
789 4146 905 4191 tuos
942 4154 1045 4192 non
1088 4140 1457 4209 exquisierunl.
1503 4141 1560 4195 In
1605 4143 1777 4211 primo
1811 4158 1967 4198 versu
1996 4144 2083 4197 lit-

2184 3243 2471 3283 numerosa
2528 3228 2897 3297 palmarenit
2954 3228 3244 3294 Ecclesiae",
3303 3227 3774 3300 indemartyrum

2184 3321 2399 3389 sanguis
2444 3328 2557 3373 toto
2598 3320 2729 3375 orbe
2758 3329 2998 3374 sacratus
3036 3320 3159 3374 est:
3194 3321 3317 3389 quia
3353 3322 3497 3376 luror
3540 3324 3776 3379 saevien-

2187 3412 2317 3463 tium
2352 3424 2459 3464 non
2487 3419 2571 3464 est
2598 3410 2671 3464 sin
2703 3411 3066 3464 innocentium
3094 3418 3095 3421 ‘
3121 3412 3491 3478 persecutione
3540 3414 3772 3469 tutatus.

2186 3502 2779 3555 Electorum~nutnerns
2807 3500 3005 3568 crevit,
3039 3502 3297 3571 quantum
3325 3518 3386 3557 se
3425 3516 3776 3572 tyrannorum

2187 3596 2260 3649 ira
2301 3594 2593 3649 succendit.
2626 3592 2987 3649 Verum‘inter
3012 3593 3131 3648 haec
3176 3596 3353 3648 omnia
3380 3596 3683 3651 nullatenus
3718 3613 3778 3653 se

2184 3705 2214 3739 a
2245 3688 2548 3741 testimoniis
2594 3687 2803 3740 Domini
2854 3688 3137 3741 declinasse
3167 3696 3393 3743 testatus
3425 3698 3526 3743 est.
3559 3688 3779 3746 Gratius

2185 3782 2328 3836 enim
2356 3780 2574 3834 devotio
2602 3783 2910 3849 suscipitur,
2936 3795 3055 3850 qua:
3086 3781 3225 3834 inter
3261 3782 3383 3835 vitae
3421 3782 3655 3851 pericula
3685 3800 3777 3838 cu-

2187 3870 2445 3925 stodilttr.

2258 3962 2409 4017 vers.
2431 3962 2552 4018 158.
2582 3962 2699 4019 Vidi
2725 3981 2822 4018 non
2844 3969 3097 4019 servantes
3125 3971 3350 4035 pactum,
3369 3964 3745 4020 ettabescebam
3761 4007 3775 4033 ,

2184 4055 2309 4122 quia
2342 4054 2543 4123 eloquia
2570 4064 2661 4108 tua
2693 4070 2792 4109 non
2822 4058 3192 4109 custodierunt.
3244 4056 3463 4110 Pactum
3512 4067 3595 4113 est
3632 4062 3780 4114 inter

2185 4144 2509 4200 dissidentes
2536 4146 2733 4201 allectu‘
2770 4149 2954 4216 gratim
3000 4148 3217 4202 definita
3271 4149 3542 4214 conditio;
3576 4166 3603 4200 a
3639 4165 3775 4220 pace

491 4232 626 4281 terte
659 4224 818 4295 hujus
846 4228 1055 4284 dixerat
1079 4230 1415 4298 eripiendum
1442 4246 1501 4286 se
1550 4247 1581 4287 ει
1643 4235 2108 4321 persecutoribus‘
2187 4234 2429 4301 dietum,‘
2467 4237 2618 4304 quasi
2671 4238 2816 4306 pacis
2844 4246 3042 4291 actum.
3090 4237 3240 4293 Unde
3279 4241 3469 4294 merito
3500 4240 3778 4311 utriusque

495 4326 648 4380 esse,
685 4317 807 4384 quia
847 4316 1015 4388 legem
1067 4318 1277 4375 Domini
1307 4334 1413 4375 non
1458 4320 1645 4377 fuisset
1682 4323 1908 4391 oblitus;
1941 4341 2083 4381 nunc

498 4405 775 4473 aptissima
803 4409 1183 4466 contrarietate
1208 4425 1237 4463 a
1267 4411 1513 4480 superbis
1542 4415 1972 4480 persecutoribus
1994 4429 2081 4471 sa-

2190 4327 2322 4397 Iegis
2352 4327 2702 4381 constitutum
2728 4336 2934 4398 pactum
2954 4337 3195 4394 vocatur,
3228 4331 3369 4399 quod
3390 4346 3558 4400 genus
3587 4332 3777 4385 Imma-

2190 4432 2325 4473 num'
2358 4433 2388 4471 a
2420 4418 2608 4473 divina
2647 4419 2814 4489 gratia
2852 4430 3193 4490 segregatum
3243 4424 3293 4473 in
3343 4436 3527 4488 pacem
3569 4421 3778 4476 Domini

496 4492 657 4549 lutem
690 4510 809 4550 esse
846 4497 1185 4569 longinquam
1204 4539 1220 4564 ,
1247 4501 1499 4569 quoniam
1532 4502 1944 4569 iustiﬁcationes
1976 4506 2083 4559 Do-
2116 4518 2168 4576 1)
2191 4509 2647 4580 concordiamque
2674 4513 2963 4565 revocavit.
2985 4512 3321 4581 Quapropter
3343 4522 3545 4581 pactum
3567 4512 3775 4566 Domini

498 4585 627 4639 mini
670 4582 893 4642 minime
938 4590 1297 4658 quaesierunt,
1334 4602 1395 4646 ut
1434 4605 1491 4649 et
1520 4595 1745 4651 devotos
1782 4612 1878 4668 spe
1922 4600 2077 4655 home

498 4675 917 4732 conversationis
943 4680 1239 4746 animaret,
1281 4691 1335 4737 et
1364 4684 1595 4751 perfidos
1627 4689 1897 4756 proposita
1930 4690 2083 4745 dam-

499 4772 716 4827 natione
739 4781 986 4830 terreret.
1009 4776 1162 4843 Quod
1191 4778 1499 4845 specialiter
1532 4780 1941 4853 intelligendum
1980 4800 2099 4839 terr

502 4862 637 4917 timo
666 4863 735 4919 de
762 4863 961 4920 ludatis
981 4906 995 4931 ,
1028 4867 1117 4935 qui
1145 4867 1392 4932 salutem,
1424 4868 1475 4924 id
1514 4880 1595 4925 est
1641 4871 1939 4927 Dominum
1965 4874 2083 4929 Sal—

502 4962 779 5020 vatorem,
812 4972 915 5010 non
943 4957 991 5012 ei
1021 4958 1325 5025 credendo,
1357 4974 1387 5013 a
1426 4975 1487 5015 se
1524 4962 1737 5032 longius
1769 4964 2079 5020 effecerunt.

502 5044 632 5100 Nam
685 5056 767 5100 ut
795 5048 1016 5103 credere
1066 5052 1394 5119 potuissent,
1445 5055 1841 5123 justi/icationes
1899 5058 2085 5112 Testa-

502 5138 667 5193 menti
690 5137 894 5196 Veteris
910 5142 1130 5197 minime
1146 5145 1460 5213 perquirere
1485 5148 1788 5213 voluerunt,
1811 5150 1865 5203 in
1891 5151 2085 5219 quibus

504 5233 590 5303 (ut
610 5244 758 5302 saepe
787 5232 986 5286 dictum
1016 5235 1123 5304 est)
1150 5236 1521 5307 praefiguratus
1552 5250 1634 5294 est
1658 5241 1873 5295 Domini
1904 5243 2087 5297 Satra-

508 5323 646 5377 toris
669 5322 951 5381 adventus.
979 5326 1169 5383 Merito
1198 5344 1326 5398 ergo
1356 5345 1384 5382 a
1415 5331 1590 5386 salute
1614 5332 1771 5404 longe
1793 5334 1915 5389 lacti
1939 5347 2082 5405 sunt,

504 5409 595 5477 qui
644 5424 967 5482 respuerunt
1006 5417 1194 5471 salutis
1238 5432 1532 5475 auctorem.
1564 5421 1694 5477 Nam
1737 5424 1863 5478 dum
1920 5426 2028 5481 illis
2058 5443 2087 5481 a

506 5498 681 5555 Pilato
732 5502 983 5561 Christus
1030 5508 1293 5563 Dominus
1342 5511 1662 5577 offerretur,
1709 5515 1785 5570 illi
1826 5518 2087 5574 latronem

507 5588 832 5662 Barabbam,
872 5598 1056 5665 quales
1096 5600 1193 5668 ipsi
1237 5601 1477 5669 fuerunt,
1524 5604 1722 5661 dimitti
1771 5609 1873 5664 sibi
1922 5611 2093 5668 obdu—

508 5680 637 5736 ratis
664 5686 933 5745 mentibus
960 5689 1234 5761 elegerunt
1256 5692 1274 5753 l
1284 5689 1470 5748 Matth.
1504 5711 1669 5755 xxvu.
1697 5697 1807 5756 l7).

2188 4606 2305 4668 est,
2338 4603 2740 4672 nt'qulcunque
2794 4604 3195 4671 persecutiones
3238 4606 3606 4673 superaverit,
3660 4605 3775 4677 glo-

2188 4694 2329 4749 riosa
2357 4692 2843 4749 debea‘t‘electione
2873 4696 3142 4749 coronari.
3178 4695 3290 4751 Hoc
3320 4697 3391 4749 illi
3424 4697 3644 4752 tniuitne
3666 4710 3777 4751 ser-

2187 4794 2480 4852 varernnt,
2510 4785 2597 4854 qui
2624 4784 2798 4856 fragili
2848 4788 3174 4843 remissitine
3203 4789 3481 4850 conversi,
3517 4791 3567 4842 in
3600 4804 3776 4860 perse-

2188 4889 2435 4935 cutorum
2466 4894 2703 4935 'suorum
2753 4882 2943 4951 gaudia
2994 4894 3334 4938 eorruerunt.
3382 4876 3536 4948 Quod
3583 4884 3774 4937 cohors

2191 4983 2375 5027 sancta
2423 4974 2752 5042 respiciens,
2783 4974 3119 5045 affligebatur
3151 4970 3211 5030 8e
3241 4977 3367 5030 fidei
3397 4978 3574 5031 socios
3602 4977 3776 5047 perdi-

2191 5066 2351 5121 disse.
2369 5066 2429 5121 Et
2452 5075 2509 5119 ut
2525 5067 2850 5121 nimietatem
2872 5066 3071 5123 doloris
3094 5070 3421 5134 ostenderet,
3444 5070 3766 5135 tabescebam,

2192 5156 2359 5220 dixit,
2409 5156 2550 5226 quod
2598 5157 2735 5211 solet
2770 5158 2928 5229 longa
2972 5160 3285 5229 :egritudine
3329 5160 3561 5231 fatigatis
3590 5173 3773 5229 corpo-

2189 5247 2335 5300 ribus
2364 5246 2600 5301 evenirc.
2651 5240 2757 5302 Sed
2815 5249 2954 5303 unde
2998 5250 3287 5305 tabescebat
3350 5252 3773 5320 ostenditzquia

2195 5339 2580 5405 praevaricator
2625 5352 2957 5408 nequaquam
3003 5340 3211 5395 Domini
3254 5342 3455 5411 eloquia
3490 5340 3767 5396 custodiuit.

2197 5431 2415 5501 Eloquia
2439 5441 2616 5486 autem
2648 5441 2771 5485 sunt
2800 5432 3043 5496 Domini,
3079 5434 3178 5499 Qui
3215 5437 3596 5503 perseveraverit
3622 5449 3773 5500 usque

2191 5524 2243 5574 in
2275 5522 2459 5589 linem,
2492 5521 2575 5575 hic
2616 5522 2788 5575 sulcus
2824 5524 2918 5575 erit
2946 5523 3173 5591 (Matth.
3224 5542 3287 5591 χ,
3328 5526 3453 5599 22).
3497 5526 3613 5583 Sive
3644 5520 3766 5576 illud

2198 5622 2407 5679 pactum
2456 5611 2585 5664 dicit
2638 5611 2848 5667 Veteris
2904 5613 3263 5681 Testamenti,
3295 5619 3507 5685 quando
3554 5614 3764 5686 populus

2198 5701 2452 5758 Hebraeus
2479 5704 2704 5759 audiens
2736 5704 2895 5759 verba
2943 5705 3154 5762 Domini
3184 5708 3323 5764 dixit
3352 5728 3363 5763 :
3410 5710 3591 5763 Omnia
3648 5718 3776 5771 qua:-
