4032 6176
305 252 406 309 82ὒό

1203 260 1562 318 EXPOSITIO
1601 263 1666 318 ιδι
1705 265 2160 324 ΡδΑιΤΕιιιυιι.
2199 269 2392 328 ιδεΑι..
2433 273 2656 330 CXVIII.

3457 295 3561 352 891$

305 382 496 430 runque
535 367 732 425 lucilius
753 379 835 430 .cst,
863 370 1138 437 Dominus,
1170 384 1214 426 ct
1240 376 1508 430 audiemus
1528 418 1541 440 ,
1569 388 1616 429 et
1638 379 2177 447 faciemusAyertet.
2212 383 2302 440 Sic
2333 386 2382 438 in
2413 402 2518 439 uno
2547 403 2733 455 versit,
2775 399 2828 444 ct
2875 390 3020 448 initia
3073 406 3265 451 nasum
3311 399 3461 466 ﬁdet,
3489 412 3583 456 et.

304 457 510 528 (Exod.
538 473 650 523 xu,
679 461 757 529 δ).
788 460 893 515 Sed
925 463 1013 516 ubi
1041 463 1168 517 deos
1188 465 1388 518 alienos
1410 469 1676 535 adoravit,
1702 470 1877 525 [tedis-

306 550 547 619 simaque
607 566 667 605 se
713 551 1020 620 dzt-nionum-
1064 557 1266 610 cultura
1317 560 1879 631 Inaculavit,_pactum

306 640 433 695 illud
469 641 654 710 prima
685 645 1048 710 promissionis
1087 647 1384 700 detestabili
1427 649 1694 705 oblivione
1728 652 1883 708 derc-

313 732 484 802 quuit.
515 731 667 798 Quod
693 749 913 789 necesse
939 736 1034 790 fuit
1058 740 1253 792 sanctis
1280 739 1407 793 viris
1427 757 1596 810 usque
1618 745 1680 796 ad
1706 746 1879 800 tabem

306 826 488 880 dolere
512 841 827 896 corpoream
847 868 862 894 ,
891 828 981 898 qui
1002 830 1146 884 cives
1173 845 1299 886 suos
1326 847 1386 886 ac
1409 844 1658 901 parentes
1677 835 1882 904 eloquia

305 915 514 971 Domini
545 918 842 988 neglexisse
871 924 1194 987 cernebant,
1234 923 1564 994 traditosque
1591 924 1645 979 iu
1693 943 1877 998 repro-

304 1008 428 1062 bum
459 1024 690 1072 sensum,
707 1010 945 1079 piissimo
973 1012 1160 1068 dolore
1177 1015 1454 1070 luxerunt.

371 1100 535 1182 [‘25
553 1102 712 1172 .Vers.
744 1104 865 1159 159.
905 1104 1028 1159 Vide
1045 1108 1166 1176 quia
1193 1110 1434 1166 mandata
1457 1121 1546 1166 tua
1566 1113 1881 1182 dilexi,.Do-

305 1195 439 1256 mine
456 1210 481 1258 ,'
505 1177 557 1247 in
580 1203 670 1256 tua
686 1197 1036 1256 misericordia
1055 1201 1253 1268 viri/ica
1270 1218 1366 1256 me.
1389 1204 1605 1259 Intende
1625 1207 1878 1275 quemad-

307 1287 524 1339 modum
561 1296 816 1357 utrasqne
846 1303 1035 1344 causas
1067 1291 1337 1345 ornaverit
1371 1292 1664 1348 similitudo
1690 1298 1879 1350 verbo-

303 1392 440 1442 rum.
499 1376 786 1446 Superiore
841 1393 996 1433 versa
1051 1381 1229 1436 dixit:
1291 1381 1411 1437 Vidi
1465 1402 1568 1438 non
1625 1400 1878 1442 servantes

306 1478 529 1534 pactum,
552 1479 596 1521 et
622 1469 958 1535 tabescebam;
975 1486 1112 1535 nunc
1129 1471 1260 1527 dicit
1286 1489 1301 1528 :
1335 1473 1462 1528 Vide
1489 1477 1606 1545 quia
1636 1479 1889 1544 mandata

301 1569 388 1612 tua
409 1559 600 1625 dilexi;
626 1573 680 1614 ut
706 1561 827 1617 ideo
851 1573 1117 1618 mereatur
1145 1579 1172 1616 a
1205 1564 1430 1622 Domino
1451 1571 1726 1638 conspici,
1753 1575 1876 1640 quia

303 1651 663 1718 illeiuimicos
685 1652 800 1722 ejus
819 1641 933 1708 zelo
958 1655 1171 1724 pietatis
1193 1660 1441 1715 intendit.
1463 1662 1569 1716 Sed
1593 1674 1871 1734 postquam

1985 474 2158 528 adhuc
2195 486 2412 529 ventura
2444 480 2723 532 conclusit.

2063 563 2211 618 Vers.
2255 564 2376 620 'l6l.
2403 595 2475 605 —
2504 583 2614 621 xxi.
2639 569 2748 623 δικ.
2786 570 3049 640 Principes
3079 579 3329 641 persecuti
3344 587 3558 642 suntpue

1985 655 2145 719 gratis
2168 669 2188 707 :
2229 665 2275 706 et
2313 672 2344 708 a
2392 657 2553 709 verbis
2583 659 2679 712 tuis
2710 660 2998 720 formidavit
3027 680 3114 716 cor
3147 682 3333 721 meum.
3360 667 3558 721 Vicesi-

1986 759 2122 797 mam
2155 746 2377 812 primam
2423 747 2646 802 litteram
2680 760 2984 807 sanctorum
3031 766 3202 809 cintus
3244 759 3556 827 ingreditur,

1985 835 2035 886 in
2067 850 2168 902 qua
2222 837 2622 902 persecutiones
2672 843 3001 896 saevientium
3052 845 3314 901 charilate
3346 848 3556 901 Domini

1982 925 2082 978 sibi
2106 925 2234 980 dicit
2262 941 2382 980 esse
2412 929 2763 997 gratissimas.
2794 931 3005 998 Septies
3032 949 3092 988 se
3121 949 3332 1004 quoque
3376 937 3426 988 in
3451 936 3554 991 .die

1986 1014 2172 1070 laudes
2208 1016 2434 1070 Domino
2465 1018 2665 1074 dixisse
2696 1033 3111 1089 commemorat,
3142 1025 3223 1078 cui
3256 1026 3414 1080 etiam
3447 1028 3558 1080 vias

1981 1121 2106 1161 suas
2156 1118 2308 1162 notas
2356 1123 2476 1163 esse
2517 1112 2815 1179 proﬁtetur.
2868 1111 3170 1186 Principes,
3218 1115 3304 1170 hic
3348 1134 3560 1188 quoque

1983 1209 2356 1266 persecutores
2397 1201 2650 1257 debemus
2687 1205 2962 1273 accipere,
2993 1209 3080 1276 qui
3127 1217 3376 1264 cruentas
3405 1207 3552 1266 Chri-

1983 1291 2285 1344 stianorum
2317 1290 2681 1348 insecutiones
2712 1302 3047 1366 regnantium
3078 1303 3393 1355 auctoritate
3417 1301 3558 1358 fece-

1981 1379 2136 1444 rtnlt,
2183 1381 2316 1434 sicut
2357 1383 2666 1450 praedictum
2698 1395 2779 1440 est
2813 1404 2826 1440 :
2859 1387 3084 1442 Tradent
3118 1393 3280 1444 uosin
3323 1409 3546 1464 synago-

1980 1472 2055 1538 gis
2086 1473 2223 1536 suis,
2261 1483 2307 1525 et
2331 1473 2662 1543 ﬂagellabant
2689 1493 2776 1530 vos
2797 1519 2812 1542 ,
2843 1489 2898 1533 .et
2929 1493 3044 1533 ante
3071 1497 3211 1552 reges
3233 1491 3278 1535 et
3309 1486 3552 1553 prwsides

1979 1561 2173 1616 stabilis
2215 1573 2420 1632 prapter
2468 1583 2575 1631 tne,
2623 1567 2674 1619 in
2722 1571 3062 1624 testimonium
3104 1573 3207 1627 illis
3243 1585 3289 1628 et
3325 1559 3554 1645 gentibus

1980 1654 2191 1722 (.llatth.
2218 1673 2280 1723 ι,
2308 1658 2392 1723 l7,
2420 1658 2532 1728 18).
2556 1659 2642 1714 Sic
2673 1663 2813 1715 enim
2860 1671 2913 1716 et
2950 1664 3216 1720 diabolum
3259 1668 3551 1738 principem

301 1751 699 1808 persecuturum
753 1744 1008 1797 si-vitiam
1062 1745 1316 1818 illataque
1363 1751 1620 1819 supplicia
1668 1769 1870 1808 mem”.
1905 1750 1948 1806 Β
1976 1745 2236 1815 dicimus,
2284 1749 2495 1817 quisibi
2521 1750 2804 1819 primatum
2831 1752 2881 1806 in
2907 1754 3196 1808 sceleribus
3243 1757 3544 1816 vindicavit.

299 1833 471 1894 ravit,
525 1834 665 1887 venit
714 1834 779 1888 ad
838 1837 1149 1896 charitatem
1195 1855 1310 1906 qua:
1359 1855 1549 1899 euneta
1600 1859 1872 1902 commeo.

296 1926 404 1980 dat.
450 1926 582 1984 Nam
631 1929 673 1982 si
718 1943 820 1983 non
853 1930 883 1984 d
913 1930 1077 2000 figens
1107 1934 1356 1990 mandata
1384 1935 1593 1994 Domini
1619 1938 1742 1995 talia
1777 1955 1870 2008 pa.

297 2028 316 2071 t
351 2035 527 2084 retur,
552 2037 654 2082 non
685 2032 799 2076 erat
828 2023 950 2077 ivli:
974 2039 1170 2082 corona
1190 2067 1205 2089 ,
1239 2027 1331 2082 sed
1358 2030 1546 2088 vitiOSa
1586 2030 1864 2098 jactantia,

292 2108 432 2166 sicut
461 2111 585 2166 dicit
618 2113 944 2182 Apostolus:
987 2113 1046 2174 Si
1092 2116 1347 2172 tradidero
1388 2135 1571 2190 corpus
1620 2139 1782 2176 meum
1813 2135 1868 2179 ut

292 2199 486 2265 ardeat,
507 2202 800 2256 charitatein
823 2215 990 2281 autem
1008 2222 1107 2267 non
1135 2206 1372 2277 habeam,
1385 2211 1512 2264 nihil
1527 2213 1644 2264 mihi
1662 2217 1866 2281 prodest

291 2290 345 2360 (1
375 2290 495 2347 Cor.
542 2310 666 2356 xm,
698 2295 794 2364 5).,
822 2279 954 2350 Nam
1001 2297 1100 2367 legi
1148 2279 1866 2372 Dominicasquodatnmodo

289 2382 498 2437 videtur
547 2384 813 2453 ingratus,
866 2389 911 2440 si
957 2389 1078 2457 quis
1141 2399 1408 2448 tormenta-
1455 2397 1692 2464 martyrii
1743 2413 1862 2455 cum

290 2475 736 2540 murmuratione
761 2478 1077 2544 pertulerit:
1111 2481 1204 2535 sed
1246 2482 1404 2536 debet
1442 2483 1542 2539 hoc
1579 2487 1749 2555 ipsum
1779 2491 1863 2545 di-

288 2561 482 2630 ligere,
517 2579 610 2636 per
651 2567 789 2633 quod
831 2582 892 2622 se
928 2567 1096 2624 credit
1141 2571 1206 2624 ad
1259 2582 1459 2628 acterna
1506 2577 1695 2644 gaudia
1743 2593 1862 2647 per-

287 2659 776 2727 veniresllomiuus
812 2665 957 2722 enim
999 2666 1619 2741 animorumqnalitates
1660 2675 1862 2742 gratius

288 2753 539 2820 respicit,
567 2755 1044 2829 quanicruciatum
1064 2759 1296 2819 carnalis
1328 2762 1590 2828 passionis
1611 2764 1855 2832 intendit;

285 2842 424 2898 sicut
462 2855 512 2897 et
559 2845 928 2918 eh-emosynas
973 2849 1092 2904 illas
1139 2851 1302 2908 habet
1338 2862 1547 2922 gratas,
1588 2873 1705 2925 que
1756 2861 1858 2913 sub

283 2933 447 2986 animi
502 2935 775 2999 hilaritate
815 2947 1151 3006 praestantur.
1187 2943 1377 2996 Merito
1427 2959 1554 3013 ergo
1599 2948 1859 3016 viviﬁcan-

282 3022 405 3074 dum
436 3038 495 3077 se
523 3027 736 3092 petebat
759 3041 787 3079 a
814 3029 1064 3094 Domino,
1093 3031 1184 3100 qui
1203 3032 1370 3095 vitam
1401 3035 1583 3090 smculi
1609 3053 1703 3106 pro
1731 3055 1855 3095 vera

281 3114 538 3184 religione
567 3127 980 3188 contempserat.

356 3203 506 3260 νει-μ.
541 3207 660 3264 160.
700 3207 1021 3281 Principium
1047 3215 1336 3270 .verborum
1385 3225 1583 3272 tuorum
1635 3222 1852 3278 veritas:

279 3296 330 3346 in
351 3309 595 3360 aeternum
618 3301 784 3366 omnia
801 3303 1004 3371 judicia
1013 3306 1231 3373 justitia:
1251 3314 1371 3360 tute.
1405 3306 1724 3378 Principium
1745 3330 1852 3365 ver—
1890 3322 1901 3343 '

279 3386 458 3440 borum
487 3399 721 3454 tuorum,
751 3391 1050 3460 signiﬁcare
1084 3395 1211 3450 mihi
1245 3399 1682 3456 videturimtiutn
1706 3405 1852 3458 Scri-

277 3486 553 3545 pturarum
585 3483 911 3544 divinarum.
933 3486 998 3540 Et
1019 3487 1144 3556 quid
1176 3501 1255 3544 εει
1283 3491 1423 3548 aliud
1449 3496 1556 3548 nisi
1575 3495 1850 3559 inchoatio

277 3568 502 3628 Genesis
525 3615 540 3640 ,
571 3590 688 3643 qua:
727 3577 896 3632 dicit:
931 3578 1001 3636 In.
1043 3581 1312 3653 principio.
1336 3585 1456 3650 fecit
1497 3586 1640 3642 Deus.
1669 3593 1848 3648 catum

274 3675 321 3716 et
352 3675 537 3717 terram
566 3665 717 3736 (Gen.
757 3683 804 3735 ι,
838 3670 925 3740 l)?
967 3672 1052 3724 ubi
1101 3683 1273 3740 tamen
1313 3677 1489 3731 omnia
1525 3679 1728 3734 inclusa
1785 3696 1848 3737 ac

274 3754 567 3822 signiﬁcata
600 3769 924 3826 noscuntur;
958 3777 1078 3815 nam
1123 3778 1241 3832 quae.
1282 3777 1407 3822 sunt
1441 3768 1678 3826 cmlestia
1709 3774 1846 3828 ωιξο

271 3847 648 3903 continentur:
683 3861 895 3910 terrena
921 3869 1048 3910 vero
1077 3867 1250 3910 creata
1281 3873 1375 3925 per
1405 3870 1558 3914 terra:
1581 3862 1846 3932 signiﬁca-

271 3938 477 3994 tionem
510 3941 764 3997 debemus
794 3945 1056 4015 accipere.
1080 3947 1171 4002 Sic
1196 3949 1320 4003 illud
1339 3953 1650 4018 principium
1673 3956 1844 4008 uerbo-

270 4046 389 4083 rum
417 4032 574 4110 totius
603 4034 839 4092 veritatis
868 4037 1122 4106 probatur
1169 4055 1303 4098 esse.
1335 4042 1610 4112 perfectio.
1645 4043 1842 4100 Veritas

269 4121 416 4176 enim
443 4137 473 4177 a
506 4125 768 4194 principio
813 4143 934 4182 vera
971 4128 1224 4198 loquitur,
1267 4139 1329 4191 _et
1364 4131 1843 4204 vezba-suunsquc

267 4215 340 4267 ad
365 4215 522 4270 linem
554 4219 791 4273 veritatis
814 4220 1047 4276 adducit.
1075 4222 1148 4276 De
1179 4224 1258 4276 his
1284 4225 1424 4280 enim
1447 4228 1701 4295 scriptum
1725 4239 1808 4284 est
1826 4248 1848 4286 ε,

265 4304 463 4382 Certum
491 4321 539 4360 et
570 4317 702 4362 trrra
729 4311 1042 4377 transibunt,
1067 4314 1214 4366 verba
1240 4324 1406 4376 autem
1433 4333 1546 4374 mea
1575 4335 1676 4372 non
1705 4336 1842 4388 pra:-

266 4397 487 4450 teribunt
509 4396 724 4467 (Matth.
755 4416 896 4468 xxiv,
932 4403 1043 4472 55).
1070 4405 1333 4474 Quidquid
1363 4407 1504 4461 enim
1534 4424 1594 4462 ex
1628 4398 1721 4464 illo
1751 4427 1841 4466 ve.

1982 1836 2188 1902 Gratis,
2244 1839 2366 1908 quia
2417 1841 2620 1895 nullum
2667 1852 2822 1897 vexat
2863 1845 3050 1908 reli,io
3081 1847 3409 1914 Christiana,
3455 1853 3546 1904 sed

1977 1929 2145 1998 magis
2169 1941 2434 1998 praecepto
2470 1931 2736 1987 dominico
2760 1949 2851 2002 pro
2874 1936 3120 1990 omnibus
3149 1948 3287 2001 orat,
3316 1939 3404 2006 qui
3428 1955 3542 1994 eam

1977 2024 2216 2078 nituntur
2240 2025 2662 2093 incompetenter
2689 2028 2952 2097 afﬂigere;
2991 2031 3247 2099 scriptum
3273 2044 3350 2086 cst
3373 2035 3540 2088 enim:

1977 2116 2130 2169 Orate
2161 2134 2255 2186 pro
2293 2118 2508 2173 inimicis
2541 2123 2741 2188 restria,
2775 2121 3049 2192 benefacite
3096 2124 3159 2177 iis
3185 2125 3286 2194 .qui
3331 2125 3542 2179 oderunt

1970 2223 2057 2260 vos
2090 2207 2304 2278 (Matth.
2335 2226 2382 2274 v,
2413 2212 2527 2280 Η).
2552 2211 2724 2266 Gratis
2753 2228 2939 2269 revera
2970 2215 3354 2270 insecutionem
3378 2218 3556 2285 patie—

1971 2300 2166 2355 bantur
2191 2315 2218 2353 a
2258 2301 2616 2370 principibus,
2647 2303 2860 2372 quando
2887 2319 2984 2358 nec
3005 2307 3302 2369 contemni,
3334 2321 3433 2360 nec
3462 2307 3540 2360 eis

1969 2391 2206 2444 subtrahi
2243 2393 2435 2446 tributa
2469 2402 2735 2464 prarcepta
2761 2402 2902 2448 sont.
2932 2393 3069 2448 Dicit
3093 2396 3264 2462 enim,
3293 2396 3542 2450 Omnibus

1967 2483 2298 2551 potestatibus
2325 2483 2702 2536 sublimioribus
2739 2483 2927 2538 subditi
2955 2495 3140 2552 estote,
3188 2503 3286 2539 non
3310 2495 3381 2539 est
3401 2488 3534 2540 enim

1966 2584 2104 2642 potes
2128 2592 2181 2625 us
2223 2576 2322 2628 nisi
2357 2593 2388 2629 a
2423 2575 2525 2629 Deo
2558 2574 2731 2644 (Rom.
2767 2592 2889 2640 χιιι,
2941 2576 3018 2648 1).
3052 2577 3115 2631 Ει
3158 2577 3212 2631 in
3249 2577 3532 2649 Evangelia

1964 2666 2030 2719 de
2065 2667 2260 2718 tributo
2297 2665 2653 2735 interrogatus
2693 2664 2947 2719 Dominus
2980 2666 3142 2719 dixit:
3178 2665 3394 2720 Reddite
3418 2666 3532 2721 Ciz-

1961 2772 2064 2812 sari
2089 2797 2100 2820 ,
2139 2773 2249 2824 qua:
2271 2754 2487 2809 Cwsaris
2515 2767 2629 2809 sunt
2647 2775 2663 2822 ;
2703 2767 2750 2810 et
2783 2755 2890 2810 Deo
2915 2774 3028 2828 qua:
3056 2756 3149 2811 Dei
3183 2767 3298 2812 sunt
3319 2757 3529 2826 (Matth.

1966 2863 2073 2901 χιιι
2093 2887 2108 2912 ,
2141 2846 2254 2920 ‘21).
2283 2848 2560 2903 Tribulum
2591 2863 2802 2918 quoque
2827 2850 2894 2907 de
2924 2865 3020 2905 ore
3049 2850 3208 2919 piscis
3254 2865 3348 2918 pro
3378 2864 3438 2904 se
3478 2860 3528 2906 et

1961 2940 2118 2993 Petro
2148 2940 2273 3008 ipse.
2291 2943 2543 3009 persolvit
2567 2939 2728 3012 (Ibid.
2755 2956 2884 3007 xvn,
2911 2939 3041 3010 26);
3070 2950 3126 2994 ut
3147 2940 3354 2994 eunetis
3377 2941 3528 2995 indu-

1961 3037 2190 3088 bitanter
2237 3045 2488 3103 appareat
2542 3035 2702 3104 gratis
2755 3035 2806 3089 in
2860 3034 2978 3088 illos
3015 3032 3526 3102 impudentissimam

1882 3113 1926 3174 C
1961 3126 2384 3192 persecutionem
2423 3125 2644 3190 faciam,
2678 3126 2765 3195 qui
2794 3139 2850 3180 se
2870 3125 3273 3180 conversatione
3305 3125 3525 3181 innoxia

1958 3227 2188 3276 tractare
2216 3219 2534 3273 maluerunt.
2567 3218 2671 3273 Sed
2705 3233 2807 3272 non
2847 3219 3086 3274 timendo
3109 3218 3230 3272 talia
3253 3257 3269 3284 ,
3321 3219 3524 3272 Domini

1954 3323 2011 3361 se
2043 3307 2311 3377 sultjunxit
2334 3309 2641 3380 formidasse
2684 3310 2959 3376 mandata;
2989 3325 3108 3363 nam
3137 3325 3255 3364 eum
3286 3310 3357 3364 illi
3391 3320 3525 3365 tem-

1957 3399 2136 3466 porale
2165 3400 2495 3454 minarentur
2526 3401 2743 3454 exitium
2765 3443 2780 3465 ,
2811 3401 2911 3454 iste
2933 3409 3188 3454 aeternum
3214 3415 3417 3468 pavesci
3439 3400 3525 3454 hat

1957 3490 2229 3544 interitum
2257 3508 2269 3543 :
2304 3505 2370 3544 ne
2402 3492 2677 3546 absolutus
2709 3492 2937 3544 humana
2969 3493 3262 3556 sententia,
3288 3491 3524 3545 incurre-

1955 3595 2035 3636 ret
2066 3595 2261 3637 aeterna
2281 3582 2504 3652 judicia.
2535 3583 2624 3647 illa
2654 3585 2795 3639 enim
2829 3583 2991 3639 verba
3024 3581 3376 3646 formidabat,
3407 3597 3522 3650 qua:

1955 3673 2212 3726 Dominus
2243 3673 2293 3725 in
2345 3673 2646 3741 Evangelio.
2675 3672 2809 3727 dixit
2839 3690 2852 3725 ε
2896 3672 3070 3726 Nolite
3111 3677 3282 3726 timere
3328 3689 3409 3725 eos
3437 3673 3522 3741 qui

1949 3778 2134 3830 corpus
2159 3763 2423 3829 occidunt,
2451 3764 2675 3815 animam
2695 3773 2866 3818 autem
2894 3781 2992 3818 non
3019 3773 3228 3834 possunt
3261 3765 3520 3823 occidere:

1946 3852 2035 3904 sed
2072 3852 2234 3919 potius
2263 3867 2377 3904 eum
2408 3851 2572 3906 timete
2611 3852 2695 3920 qui
2747 3852 2896 3906 habet
2942 3863 3236 3920 potestatem
3268 3864 3316 3906 et
3342 3871 3520 3924 corpus

1945 3953 1993 3996 et
2021 3943 2242 3994 animam
2273 3941 2483 4010 perdere
2510 3942 2563 3994 in
2593 3941 2872 4010 gehennam
2913 3941 3125 4009 (Matth.
3147 3958 3176 3994 χ
3195 3982 3210 4006 ,
3239 3941 3350 4010 28).

2023 4033 2171 4085 Vers.
2205 4033 2321 4086 162.
2355 4031 2588 4085 ιιῑιιαὸοι·
2615 4047 2709 4102 ego
2736 4048 2886 4101 super
2908 4032 3105 4100 eloquia
3126 4041 3211 4084 tua
3235 4047 3254 4088 .°
3286 4034 3414 4085 sicut
3435 4035 3517 4100 qui

1944 4128 2133 4181 invenit
2155 4128 2316 4197 spolia
2341 4125 2526 4180 multa.
2551 4125 2891 4194 Comparatio
2918 4132 3000 4179 est
3029 4125 3160 4179 iacta
3186 4124 3516 4188 bellantium,

1947 4219 2035 4286 qui
2067 4230 2118 4273 et
2147 4220 2356 4277 hostem
2399 4234 2458 4271 se
2484 4216 2674 4272 vicisse
2713 4217 2975 4285 gaudent,
3007 4223 3059 4270 et
3083 4215 3299 4269 exuvias
3325 4213 3514 4268 multas

1948 4311 2215 4364 invenisse
2240 4311 2591 4378 gratulantur.
2630 4310 2736 4363 Sed
2763 4309 3164 4364 consideremus
3194 4307 3281 4362 ille
3311 4307 3515 4361 animus

1945 4404 2065 4474 pius
2095 4417 2196 4472 qua
2228 4403 2434 4456 ratione
2465 4401 2598 4454 viris
2621 4416 2678 4454 se
2701 4415 3038 4469 comparasse
3065 4400 3307 4454 videatur
3329 4399 3514 4453 imma-
3575 4461 3580 4466 ,

263 4488 442 4543 rilaiis
472 4489 616 4546 fonte
645 4491 1006 4558 descenderit,
1049 4495 1461 4552 incommutabili
1497 4501 1690 4554 virtute
1705 4516 1838 4558 .cnn-
1873 4482 1921 4540 D
1950 4496 2125 4550 nibus.
2172 4496 2431 4564 Martyres
2460 4494 2634 4558 enim,
2665 4494 2905 4562 Quantiis
2934 4493 3118 4546 humili
3161 4501 3307 4547 80rle
3336 4505 3513 4545 more-

263 4579 429 4635 sistit.
463 4581 590 4635 Nam
619 4586 755 4636 sicut
775 4583 971 4641 dictum
999 4597 1113 4646 est:
1145 4585 1362 4645 Initium
1390 4591 1653 4660 sapientiae
1689 4595 1838 4648 timor

264 4671 482 4728 Domini
528 4674 716 4746 (Eccli.
740 4693 789 4744 ι,
822 4679 934 4748 16).
968 4680 1035 4732 ita
1078 4681 1240 4740 eLItic
1264 4680 1546 4738 locutionis
1576 4685 1706 4738 ordo
1729 4685 1836 4740 ior-

259 4775 441 4820 nnitus
466 4778 550 4823 est
576 4787 599 4834 ε,
626 4767 943 4839 Principium
971 4773 1230 4828 verborum
1274 4784 1478 4832 tuarum
1516 4779 1719 4832 veritas.
1751 4781 1835 4835 .Et

256 4858 514 4923 quoniam
571 4861 816 4930 tetigerat
867 4863 1006 4932 quod
1058 4864 1107 4917 in
1141 4864 1422 4934 principio
1465 4877 1673 4936 gestuin
1723 4879 1835 4938 est,

257 4950 506 5014 sequitur
525 4960 577 5004 et
601 4951 732 5005 illud
754 4952 893 5028 quod
917 4963 1035 5021 post
1056 4955 1241 5009 mundi
1264 4956 1416 5010 istius
1448 4958 1604 5012 linem
1622 4968 1838 5016 constat

257 5055 390 5092 esse
434 5039 766 5106 iaciendum,
797 5045 1011 5113 quando
1037 5046 1236 5112 judicia
1273 5047 1501 5104 Domini-
1532 5050 1582 5102 in
1631 5060 1836 5106 :eterno

253 5132 465 5194 sseculq
489 5138 893 5200 permanebunt.
928 5137 1062 5194 Dicit
1089 5139 1228 5194 enim
1259 5141 1420 5210 justis
1455 5159 1468 5196 :
1508 5142 1718 5209 Venite,
1745 5144 1833 5198 be-

253 5221 455 5274 nedicti
483 5222 658 5279 Patris
687 5228 815 5294 mei,
845 5230 1090 5297 percipite.
1110 5247 1316 5298 regnum
1340 5233 1476 5298 quod
1505 5234 1641 5288 vobis
1673 5251 1832 5304 para-

250 5326 369 5369 tum
403 5326 481 5370 est
507 5318 568 5370 ab
597 5320 744 5374 initio
787 5323 984 5378 mundi.
1034 5324 1214 5397 impiis
1238 5335 1416 5381 autem
1453 5327 1689 5382 dicturus
1719 5338 1829 5384 est:

254 5405 348 5461 Ite
368 5409 420 5461 in
447 5409 611 5478 ignem
631 5421 874 5467 teternum
893 5453 906 5477 ,
930 5415 1018 5484 qui
1047 5427 1254 5481 paratus
1275 5428 1346 5470 est
1377 5418 1576 5472 diabolo
1603 5429 1652 5472 et
1679 5436 1834 5488 ange-

253 5499 321 5554 lis
365 5502 480 5570 ejus
511 5500 727 5567 (Matth.
755 5519 876 5567 xxv,
909 5503 1019 5572 54)..
1053 5507 1181 5571 Qua
1202 5508 1403 5578 judicia
1425 5509 1834 5579 justitiaz-ipsius

255 5598 418 5646 erunt
441 5591 555 5648 sine
584 5592 912 5654 dubitatione
935 5606 1191 5665 perpetua
1211 5637 1227 5662 ,
1260 5600 1473 5667 quando
1513 5601 1830 5656 sententiam
1855 5643 1858 5646 .

256 5679 376 5750 eius
417 5696 516 5739 nec
543 5692 752 5756 tempus
781 5684 995 5749 aliquod
1031 5687 1284 5751 mutabit,
1315 5701 1414 5746 nec
1445 5701 1532 5745 res
1569 5687 1676 5744 ulla
1707 5688 1831 5745 sub-

1945 4599 2148 4651 rentur,
2179 4587 2494 4640 inveniebant
2535 4586 2702 4656 spatia
2748 4583 2936 4649 multa,
2975 4586 3189 4654 quando
3216 4590 3271 4638 et
3300 4583 3514 4651 praemia

1945 4682 2122 4736 divina
2142 4680 2472 4748 recipiebant
2487 4719 2503 4743 ,
2524 4688 2578 4732 et
2601 4679 2743 4748 ipsos
2766 4693 2976 4748 quoque
2992 4687 3371 4746 persecutores
3393 4691 3522 4731 suos

1945 4787 2232 4828 conversos
2279 4772 2489 4830 Domini
2537 4770 2879 4825 miseratione
2927 4770 3260 4839 gaudebant;
3310 4775 3366 4821 ut
3412 4767 3512 4834 ipsi

1945 4865 2110 4934 magis
2154 4863 2340 4918 ﬁerent
2382 4863 2644 4929 spolium,
2675 4862 2764 4931 qui
2811 4861 2972 4915 vitas.
2999 4861 3310 4914 ademerant
3357 4858 3510 4911 inno-

1942 4954 2299 5010 centium..Et
2329 4953 2446 5007 ideo
2477 4953 2644 5006 lauari
2675 4966 2735 5006 se
2764 4951 2891 5006 dicit
2920 4952 2970 5004 in
3013 4949 3243 5016 eloquiis
3272 4945 3510 5010 Domini,

1944 5047 1992 5100 id
2040 5054 2123 5099 est
2164 5045 2215 5100 in
2266 5043 2720 5098 admonitionibus
2775 5042 2960 5105 lactis,
3026 5042 3165 5094 sicut
3211 5041 3380 5094 victor
3425 5039 3508 5108 qui

1941 5139 2236 5193 occisorum
2263 5135 2502 5204 prmdam
2535 5149 2721 5204 rapere
2753 5135 2911 5188 nimia
2941 5133 3252 5200 cupiditate.
3277 5130 3512 5184 festinat:

1939 5229 2037 5284 lsni
2065 5230 2204 5282 enirn
2224 5225 2514 5279 similitudo
2537 5225 2602 5278 ad
2627 5224 2861 5278 laetitiam
2887 5221 3326 5290 triumphantium
3346 5219 3514 5275 trahi-

1942 5328 2044 5384 tur,
2079 5335 2184 5372 nou
2222 5318 2459 5375 aviditati
2492 5317 2642 5372 ell‘usi
2675 5316 2946 5384 sanguinis
2977 5321 3337 5382 comparatur.
3367 5311 3519 5365 Posi-

1941 5419 2049 5463 tum
2093 5417 2176 5463 est
2206 5411 2346 5464 enim
2383 5414 2482 5464 hoc
2512 5411 2812 5477 frequenter
2847 5406 2899 5459 in
2933 5405 3122 5460 litteris
3152 5403 3318 5459 sacris
3345 5405 3409 5457 ad
3448 5403 3520 5454 si-

1937 5497 2322 5567 gniﬁcationes.
2352 5499 2558 5570 aliquas
2586 5499 2979 5569 exprimendus.
3025 5495 3280 5566 Spoliavit
3320 5493 3523 5565 quippe

1940 5595 2220 5666 ίΕεινριῑοε
2253 5599 2480 5668 populus
2511 5598 2884 5662 llebraiorum,
2914 5611 3033 5650 cum
3063 5594 3132 5649 de
3157 5593 3313 5660 longa
3345 5587 3509 5646 servi—

1939 5699 2047 5745 tute
2087 5686 2319 5745 Domino
2360 5697 2648 5757 prwstante
2697 5689 2949 5746 liberatus
2993 5696 3095 5744 est.
3157 5686 3343 5754 Spolia
3394 5683 3484 5737 tuti
