3966 6172
314 302 415 359 895

1527 299 1597 354 Μ.
1640 297 1917 354 AURELH
1956 295 2358 355 CASSIODORI

3467 300 3562 354 896

315 425 513 491 David,
534 426 848 495 superbiam
895 423 1064 480 Golite
1110 422 1475 490 malitiamque
1524 430 1889 492 prosternens.
1922 424 1975 481 Λ
2002 418 2255 473 decenter
2284 416 2621 487 opponimus.
2647 417 2916 473 Cmterum
2943 416 3373 472 tribulationibus
3396 426 3450 472 et
3479 434 3573 488 pe-

314 518 686 587 Trimnpltavit
717 518 829 586 ipse
860 516 1113 571 Dominus
1143 517 1208 571 de
1242 515 1454 570 diabolo
1476 556 1491 581 ,
1534 515 1743 584 quando
1774 512 1894 567 alli-

315 620 433 677 gata
463 608 768 662 fortitudine
798 608 965 677 ipsius
993 623 1114 661 vasa
1139 606 1324 662 mortis
1348 605 1565 673 eripuit,
1585 621 1703 674 qua:
1724 614 1895 659 trans-

316 699 436 753 tulit
460 699 525 752 ad
558 699 809 754 salutem.
855 698 973 769 Ipse
1013 699 1244 768 denique
1300 698 1527 767 populus
1565 694 1896 765 Christianus

316 793 518 845 lwtatus
565 802 667 858 est,
702 802 952 861 tanquam
990 793 1077 861 qui
1121 792 1306 845 invenit
1345 792 1510 858 spolia
1537 789 1699 843 multa
1744 804 1898 859 super

318 883 513 951 eloquia
533 882 775 947 Domini,
806 899 924 952 qure
952 882 1153 939 Judmis
1177 898 1279 936 non
1309 880 1650 937 credentibus
1666 879 1730 933 ad
1752 893 1896 934 com-

320 971 571 1041 pendium
607 974 836 1042 proprite
865 972 1053 1028 salutis
1081 973 1294 1041 eripuit.

392 1064 546 1121 Vers.
576 1065 699 1121 165.
726 1065 1061 1135 lniquitatem
1104 1066 1223 1120 odio
1263 1063 1446 1130 habui,
1495 1073 1543 1117 et
1578 1063 1897 1117 abominatus

316 1169 476 1228 sum;
520 1154 889 1223 legem'autem
935 1166 1075 1208 tuam
1118 1154 1295 1208 dilexi.
1351 1154 1526 1208 Mente
1561 1152 1894 1207 condendam

322 1253 407 1297 est
442 1245 582 1313 quod
638 1260 878 1301 amorem
918 1245 1179 1299 bonorum
1225 1244 1481 1297 malarum
1525 1258 1702 1297 rerum
1735 1241 1897 1312 [‘26

318 1335 442 1390 odio
493 1336 862 1403 comprobavit
894 1352 907 1389 :
941 1336 1190 1403 quoniam
1221 1334 1430 1389 animus
1474 1345 1674 1398 noster,
1708 1331 1752 1385 si
1796 1330 1896 1385 ini-

320 1427 575 1495 quitatem
600 1428 838 1497 ret-ipere
866 1428 1124 1494 voluerit,
1151 1442 1489 1496 nequaquam
1514 1440 1572 1481 se
1596 1424 1696 1495 legi
1718 1423 1894 1479 domi-

320 1520 455 1573 nica:
491 1520 589 1574 sub
614 1519 918 1589 integritate
961 1521 1276 1589 cenjungit,
1310 1520 1449 1572 sicut
1503 1517 1554 1571 in
1605 1516 1894 1584 Evangelia

317 1609 485 1664 dicit:
516 1609 686 1665 Nemo
716 1620 880 1682 potcst
904 1608 1101 1665 duobus
1132 1612 1353 1664 dominis
1376 1611 1560 1663 servire
1588 1608 1797 1679 (Matth.
1818 1624 1888 1675 vr,

316 1701 433 1772 21).
459 1702 553 1757 Ille
569 1713 745 1758 autem
778 1720 938 1759 verus
968 1720 1120 1759 amor
1140 1714 1250 1767 est,
1278 1705 1370 1775 qui
1388 1704 1624 1758 veritatis
1646 1704 1893 1757 allectum

1998 509 2178 563 riculis
2206 508 2258 561 in
2289 508 2392 561 hoc
2422 509 2620 561 munslo
2649 507 2887 577 sulijacet
2907 549 2922 572 ,
2952 506 3042 576 qui
3072 520 3132 559 se
3166 502 3374 560 Domini
3402 503 3570 560 famu-

1998 598 2106 652 lum
2155 613 2274 651 esse
2312 598 2616 667 prolitetur.
2648 597 2779 650 Nam
2813 607 2865 649 et
2894 594 3150 664 apostolis
3179 595 3266 664 qui
3298 606 3452 650 erant
3491 596 3571 650 di-

1998 702 2153 742 vt‘rsa
2184 687 2560 757 persecutione
2583 685 2847 740 lacerandi
2871 727 2884 751 ,
2912 686 3036 739 dicit
3069 685 3321 738 Dominus
3347 700 3360 737 :
3390 684 3572 738 Pacem

1998 797 2162 833 meum
2191 782 2254 833 do
2278 780 2416 833 vobis
2436 821 2450 843 ,
2482 796 2658 847 pacem
2680 795 2843 831 meam
2865 777 3098 847 relinquo
3120 778 3256 829 vobis
3274 776 3451 845 (Joan.
3468 792 3574 842 ειν,

1996 872 2122 944 27);
2155 884 2210 925 ttt
2240 869 2603 925 indubitanter
2630 878 2883 939 appareat
2932 868 3160 921 famulos
3192 865 3395 921 Domini
3430 876 3572 919 tran-

1998 964 2158 1032 quilla
2180 977 2394 1029 semper
2421 970 2598 1014 mente
2620 961 2718 1013 lrui
2741 1001 2754 1022 ,
2787 961 3030 1027 quamvis
3054 957 3330 1011 videantur
3354 954 3577 1009 diversis

1997 1069 2283 1123 corporum
2328 1050 2706 1107 afﬂictionibus
2737 1049 3023 1117 iugravari.
3059 1047 3312 1115 Sequitur
3344 1046 3452 1103 :Et
3480 1063 3577 1099 non

1997 1156 2070 1200 est
2114 1146 2216 1198 illis
2237 1145 2569 1209 scandalum,
2602 1144 2819 1210 utique,
2847 1140 3095 1208 quoniam
3130 1139 3213 1207 qui
3245 1154 3369 1194 vere
3410 1138 3577 1207 diligit

2005 1237 2161 1304 legem
2194 1232 2434 1295 Domini,
2482 1248 2585 1286 non
2632 1231 2685 1284 in
2719 1246 2778 1285 ea
2819 1231 3014 1300 patitur
3042 1230 3369 1295 scandalum,
3418 1229 3469 1283 id
3501 1239 3577 1283 est

1996 1322 2194 1395 aliquid
2243 1326 2550 1388 sinistrum;
2601 1325 2739 1377 sicut
2780 1324 2969 1388 Judaei,
2995 1323 3063 1375 de
3103 1322 3294 1390 quibus
3321 1324 3575 1390 scriptum

1997 1427 2073 1471 εει
2100 1434 2109 1467 :
2137 1415 2334 1470 ludatis
2349 1415 2551 1485 quidem
2576 1414 2896 1476 scandalum,
2919 1413 3159 1468 Gentibus
3182 1426 3351 1465 autem
3365 1413 3578 1465 stultitia

1997 1503 2051 1577 (1
2084 1505 2201 1560 Cor.
2236 1522 2282 1571 ι,
2314 1505 2428 1576 25).
2502 1504 2815 1558 Scandalum
2861 1512 2944 1557 est
2990 1504 3130 1556 enim
3174 1518 3325 1556 mens
3374 1502 3573 1556 offensa

1996 1597 2135 1649 aliud
2187 1597 2423 1651 sentiens
2477 1610 2633 1665 quam
2668 1604 2942 1659 monetur,
2993 1594 3132 1663 quod
3174 1609 3201 1645 a
3228 1594 3574 1664 diligentibus

1998 1689 2167 1757 legem
2193 1687 2294 1759 [ed.
2315 1730 2330 1756 ,
2371 1685 2559 1758 Deum]
2589 1685 2794 1740 Domini
2829 1685 3082 1754 probatur
3108 1686 3359 1739 alienum.
3384 1685 3575 1741 Totum

319 1794 398 1847 sic
427 1793 595 1862 rigida
626 1795 1013 1852 deliberatione
1042 1797 1303 1863 custodit,
1339 1795 1631 1850 utomnino
1648 1808 1889 1848 exsecre—
1924 1796 1968 1854 B
1996 1782 2136 1832 θιιίιη
2188 1780 2239 1834 in
2290 1781 2403 1848 ipsa
2446 1780 2705 1834 debemus
2745 1778 2998 1848 ἀίίῖὲετθν
3040 1778 3293 1848 (quuid
3338 1780 3576 1833 "03‘5""

317 1891 405 1937 tur
428 1885 568 1954 quod
601 1886 649 1941 ei
682 1895 859 1954 potest
887 1901 1005 1942 esse
1032 1888 1381 1941 contrarium.
1416 1887 1747 1955 QuaprOpter
1788 1900 1891 1939 non

317 1975 585 2029 hominem
616 1977 888 2045 iniquum,
931 1976 1025 2031 sed
1056 1978 1370 2043 iniquitatem
1414 1991 1470 2030 se
1512 1976 1639 2030 dicit
1682 1974 1891 2043 odisse,

314 2066 455 2134 quod
487 2066 563 2121 fas
592 2077 699 2132 est,
731 2075 890 2136 atque
917 2084 1034 2122 eam
1065 2069 1139 2123 sic
1168 2069 1526 2123 abominatum
1558 2069 1750 2133 fuisse,
1783 2083 1834 2121 tt'.
1861 2084 1892 2122 a

315 2170 375 2209 se
421 2155 579 2225 longe
610 2157 857 2212 redderet
896 2159 1158 2225 alienam;
1204 2169 1464 2229 quatenus
1497 2160 1655 2231 legem
1683 2159 1892 2212 Domini

323 2250 555 2313 perlecta
585 2249 858 2304 voluntate
912 2251 1169 2321 diligeret.
1214 2253 1363 2319 Quod
1409 2265 1778 2321 argumentum
1823 2266 1888 2305 ex

323 2342 591 2395 contraria
615 2357 791 2396 rerum
816 2342 1127 2398 diversitate
1149 2344 1436 2413 colligitur.
1458 2343 1566 2396 Lex
1586 2353 1764 2396 autem
1790 2343 1892 2397 Do-

316 2429 446 2483 mini
475 2440 555 2484 est
590 2432 755 2502 (sicut
785 2447 927 2501 sape
948 2433 1147 2487 dictum
1179 2434 1295 2503 est)
1325 2450 1443 2503 quae
1469 2433 1566 2489 sub
1594 2432 1889 2503 aenigmati—

312 2518 411 2572 bus
450 2520 736 2589 agebatur,
769 2530 826 2575 ut
864 2536 958 2576 sex
1007 2523 1161 2578 annis
1198 2538 1329 2592 puer
1355 2525 1580 2578 serviret
1605 2522 1887 2600 Hebraeus.

310 2624 483 2680 agnus
534 2611 902 2667 immolaretur
936 2615 1240 2682 anniculus,
1273 2625 1326 2670 et
1372 2614 1454 2670 bis
1498 2615 1724 2681 similia,
1769 2629 1889 2686 qua:

314 2699 380 2752 ad
406 2699 538 2754 Novi
563 2700 892 2756 Testamenti
923 2712 1144 2770 possunt
1163 2704 1567 2775 signiﬁcandam
1592 2705 1884 2775 pertinere;

316 2804 437 2856 quae
468 2793 662 2845 merito
690 2805 749 2845 se
779 2793 1016 2847 dilexisse
1036 2803 1446 2864 commemorat,
1479 2810 1545 2850 ne
1567 2795 1685 2866 quis
1706 2810 1768 2851 ea
1788 2794 1888 2851 sub

322 2884 562 2949 neglecm
592 2885 770 2955 aliquo
797 2886 1041 2942 crederet
1069 2886 1350 2940 audienda.

389 2973 539 3029 Vers.
571 2975 696 3030 164.
728 2976 927 3043 Septies
958 2978 1009 3031 in
1044 2978 1125 3031 die
1156 2978 1363 3032 laudem
1408 2978 1516 3031 dixi
1564 2976 1686 3045 tibi,
1736 2992 1886 3046 super

314 3065 505 3129 iudicia
525 3067 746 3137 justitite
789 3074 909 3122 tute.
956 3066 1012 3122 Si
1060 3068 1126 3121 ad
1175 3069 1400 3123 litteram
1433 3069 1575 3123 hunc
1605 3080 1883 3122 numerum

1997 1871 2301 1936 continere;
2330 1870 2567 1939 alioquin
2602 1886 2705 1923 non
2734 1879 2877 1923 amat
2907 1869 3075 1937 legem
3095 1912 3110 1935 ,
3145 1870 3234 1937 qui
3266 1871 3393 1922 inea
3410 1869 3574 1923 oll'en-

1942 1966 1945 1977 '
1994 1962 2136 2014 ditur
2160 1975 2255 2030 pro
2278 1969 2426 2030 parte
2444 1961 2524 2016 vel
2555 1960 2794 2014 minima.
2818 1960 2925 2016 Sed
2953 1959 3211 2013 orandum
3240 1970 3351 2023 est,
3387 1969 3445 2013 ut
3476 1960 3574 2014 Do-

1995 2051 2124 2104 moni
2155 2050 2516 2105 misericordia
2536 2050 2702 2119 possit
2730 2050 2981 2120 intelligi,
3010 2049 3150 2119 quod
3180 2064 3283 2102 non
3315 2049 3574 2116 permittit

1995 2153 2172 2196 nostra
2206 2142 2536 2197 imbecillitas
2560 2144 2774 2196 intueri.
2801 2140 3119 2197 Scandalum
3142 2139 3412 2195 cnimilfic
3444 2142 3572 2207 pati,

1995 2236 2095 2287 huc
2124 2245 2205 2288 est
2244 2236 2311 2290 ab
2339 2234 2520 2291 electis
2556 2236 2760 2289 Domini
2795 2238 3094 2304 segregari;
3147 2234 3283 2288 sicut
3324 2235 3575 2287 omnibus

1994 2329 2257 2391 contingit
2285 2329 2579 2392 lueretieis,
2611 2330 2701 2398 qui
2750 2344 2810 2382 se
2834 2329 2899 2383 ab
2931 2329 3133 2383 unitate
3160 2336 3355 2381 sancta:
3389 2328 3573 2382 Eccle-

1991 2420 2085 2474 sia:
2117 2420 2243 2473 vitio
2274 2420 2548 2489 pravitatis
2579 2420 2875 2474 abscidunt.

2066 2511 2213 2563 Vers.
2242 2511 2363 2565 166.
2394 2508 2764 2579 Exspectabam
2796 2512 3021 2564 salutare
3048 2522 3210 2577 tuum,
3248 2509 3496 2575 Domine,
3528 2520 3573 2563 ct

1990 2602 2237 2655 mandata
2266 2611 2353 2655 tua
2384 2602 2563 2655 dilexi.
2594 2602 2791 2656 Versus
2818 2600 2917 2656 iste
2945 2603 3031 2655 tali
3057 2602 3241 2656 ordine
3261 2609 3316 2655 et
3337 2601 3573 2669 antiquis

1996 2691 2240 2746 lidelibus
2267 2694 2522 2745 convenit
2559 2701 2614 2746 et
2642 2692 2914 2746 modernis
2934 2733 2948 2756 ,
2979 2693 3024 2747 si
3056 2692 3573 2762 tttrumque‘adven-

1991 2790 2101 2834 tum
2132 2782 2338 2835 Domini
2376 2783 2601 2836 velimus
2632 2783 2897 2851 accipere.
2920 2781 3155 2836 Pertinet
3180 2783 3317 2836 enim
3342 2783 3408 2836 ad
3433 2784 3573 2836 anti-

1989 2888 2126 2941 quos
2157 2872 2375 2937 ﬁdeles,
2406 2873 2451 2926 si
2474 2874 2539 2928 ab
2572 2874 2673 2928 illis
2703 2884 3065 2943 exspectatum
3093 2874 3358 2944 intelligas
3386 2876 3570 2927 lucar-

1988 2966 2221 3021 nationis
2250 2966 2561 3021 adventum.
2593 2966 2861 3021 Convenit
2887 2978 3061 3021 autent
3103 2966 3166 3021 ad
3200 2979 3442 3031 sanctos,
3478 2969 3573 3038 qui

1986 3058 2211 3113 credere
2241 3067 2519 3127 cmperunt
2554 3070 2669 3128 post
2705 3060 3060 3127 evangelicam
3088 3059 3383 3127 jussionetn
3407 3101 3419 3121 ,
3442 3075 3571 3114 cum

312 3154 537 3209 velimus
566 3157 877 3222 advertere,
909 3169 1111 3225 septem
1146 3159 1262 3213 iflas
1287 3159 1545 3228 signiﬁcat
1577 3159 1721 3213 vices
1761 3158 1881 3228 qui-
1909 3165 1954 3225 ε
1987 3150 2162 3204 adhuc
2212 3150 2369 3203 futuri
2418 3150 2601 3219 judicii
2668 3152 3043 3220 pra-stulantur
3080 3151 3384 3205 adventum.
3432 3152 3571 3219 Quia

314 3246 415 3299 bus
462 3260 521 3299 se
564 3248 943 3301 monscborum
977 3248 1060 3315 pia
1089 3247 1303 3301 devotio
1338 3248 1676 3311 consolatur,
1722 3246 1773 3299 id
1804 3252 1887 3299 est

313 3335 621 3400 matutinis,
651 3336 839 3402 tertia,
866 3344 1052 3401 sexta,
1087 3351 1246 3402 nona,
1289 3335 1585 3391 lucernaria
1607 3375 1620 3399 ,
1652 3335 1886 3403 comple-

313 3425 490 3493 toriis,
527 3427 820 3480 nocturnis.
856 3426 965 3481 Hoc
996 3437 1050 3482 et
1073 3429 1240 3482 sancti
1264 3426 1536 3481 Ambrosii
1572 3425 1802 3495 hymnus
1829 3427 1881 3479 in

317 3525 484 3572 sexta
513 3517 658 3572 boue
681 3516 1054 3572 decantatione
1085 3527 1327 3572 teStatur.
1358 3517 1411 3573 Si
1441 3532 1571 3572 vero
1598 3518 1886 3587 Spirituali-

312 3618 391 3662 ter
412 3605 654 3661 intendas
674 3646 689 3672 ,
716 3607 1171 3662 continuationem
1197 3609 1365 3677 magis
1390 3607 1585 3661 dictam
1614 3610 1885 3675 sapienter

312 3696 548 3750 advertis
568 3736 584 3761 ,
616 3703 674 3750 ut
701 3706 783 3753 est
823 3698 949 3752 illud
976 3715 988 3752 :
1022 3697 1331 3752 Benedicam
1361 3696 1635 3753 Dominum
1665 3700 1715 3751 in
1748 3699 1886 3752 omni

310 3798 565 3858 tempore:
589 3803 788 3859 semper
816 3787 931 3841 laus
966 3789 1073 3858 ejus
1094 3789 1149 3842 in
1170 3805 1255 3842 ore
1271 3805 1381 3843 meo
1404 3787 1574 3859 (Psal.
1596 3787 1879 3858 xxx111,2).

310 3876 398 3931 Sic
441 3888 523 3932 est
563 3877 722 3931 etiam
769 3878 1095 3945 bebdomas,
1144 3893 1263 3947 qua:
1311 3879 1363 3933 in
1409 3878 1508 3932 hoc
1546 3893 1759 3947 semper
1786 3893 1885 3932 nu-

310 3983 463 4025 ntero
491 3970 730 4025 revoluta
753 4010 767 4035 ,
797 3969 1162 4040 longissimum
1192 3970 1349 4026 nobis
1380 3979 1591 4039 tempus
1622 3970 1880 4035 extendit,

308 4059 436 4114 dum
469 4059 567 4114 ltoc
603 4076 830 4116 numero
858 4063 1123 4117 clauditur
1156 4062 1409 4131 quidquid
1438 4063 1489 4116 in
1523 4061 1701 4116 mundi
1729 4060 1882 4116 istius

310 4161 468 4209 aetate
495 4164 760 4208 versatur.
793 4155 923 4209 Nam
950 4167 1003 4210 et
1028 4155 1099 4208 ibi
1134 4170 1227 4222 pro
1267 4154 1475 4209 inlinito
1509 4155 1748 4223 ponitur,
1791 4155 1880 4209 ubi

307 4243 384 4298 ait
413 4260 427 4296 :
464 4244 663 4315 Septies
684 4246 821 4313 cadit
842 4247 1017 4315 justus
1037 4286 1052 4312 ,
1081 4257 1127 4299 et
1156 4248 1375 4317 resurgit
1393 4246 1573 4318 (Prov.
1599 4262 1739 4310 utv,
1766 4246 1879 4316 ili);

310 4351 417 4391 non
442 4337 581 4391 enim
609 4337 752 4405 justo
783 4326 1036 4391 delinitt'ts
1066 4348 1148 4393 est
1195 4339 1418 4394 cadendi
1465 4353 1718 4395 numerus
1745 4356 1760 4394 :
1786 4339 1879 4393 sed

312 4426 413 4479 hoc
441 4435 525 4479 est
570 4429 933 4483 necessarium
976 4428 1399 4499 quotiescunque
1427 4431 1679 4486 ceciderit
1708 4440 1762 4485 ut
1798 4446 1882 4485 re-

1991 3254 2161 3308 neque
2192 3240 2265 3294 ιΙΙί
2313 3243 2555 3294 mandata
2586 3240 2795 3295 Domini
2843 3241 3054 3312 diligere
3102 3252 3414 3310 potuerunt,
3463 3245 3572 3298 nisi

1988 3332 2387 3387 desiderassent
2435 3334 2816 3403 plenitudinem
2872 3335 3270 3401 mandatorum;
3329 3351 3427 3389 nec
3480 3336 3570 3389 iti

1994 3424 2243 3478 mandata
2275 3439 2455 3480 amare
2484 3434 2724 3495 possent,
2753 3426 2853 3481 nisi
2890 3426 3173 3480 adventum
3209 3426 3419 3480 Domini
3448 3427 3569 3481 Sal-

1992 3516 2189 3567 vatoris
2216 3515 2407 3569 timore
2424 3516 2728 3568 castissimo
2750 3518 3089 3570 sustinerent.
3111 3515 3352 3571 Salutare
3370 3518 3570 3585 quippe

1986 3605 2195 3661 Domini
2233 3616 2319 3662 est
2363 3606 2505 3661 salus
2536 3607 2795 3662 Gentibus
2850 3607 3132 3671 attributa,
3180 3624 3299 3676 qua:
3331 3624 3425 3676 per
3468 3626 3566 3661 an-

1985 3700 2161 3769 gelum
2186 3699 2437 3767 prtedicta
2460 3708 2544 3755 est
2566 3700 2631 3754 ad
2653 3700 2849 3770 Joseph
2869 3743 2884 3769 ,
2916 3716 3073 3771 quam
3102 3702 3318 3757 Simeon
3350 3703 3402 3756 in
3433 3717 3567 3771 pace

1986 3790 2336 3846 remittendus
2366 3794 2602 3863 agnovit.

2060 3882 2216 3937 Vers.
2250 3883 2370 3937 167.
2406 3883 2689 3937 Custodivit
2721 3885 2891 3940 anima
2917 3902 3029 3939 mea
3049 3888 3333 3941 testimonia
3361 3897 3485 3951 tua,
3519 3899 3566 3942 et

1985 3973 2162 4026 dilexit
2187 3990 2245 4027 ea
2267 3973 2601 4028 vehementer.
2630 3973 2944 4039 Custodivit,
2972 3976 3037 4030 ad
3067 3977 3399 4031 tolerantiam
3422 3994 3568 4032 mar-

1987 4065 2107 4131 tyrii
2139 4065 2396 4131 pertinet,
2428 4080 2495 4119 ne
2515 4067 2762 4121 amittere
2782 4066 3053 4121 videretur
3074 4069 3210 4137 quod
3234 4070 3351 4136 ejus
3378 4068 3567 4136 religio

1984 4158 2312 4213 continebat.
2348 4159 2539 4212 Dilexit
2587 4173 2746 4225 vero,
2798 4160 2864 4214 ad
2917 4161 3231 4216 cbaritatem
3282 4164 3568 4219 tormentis

1983 4247 2232 4302 omnibus
2260 4247 2564 4312 fortiorem.
2597 4263 2714 4318 qua:
2744 4250 2986 4304 ﬂammas
3015 4250 3209 4315 vincit,
3240 4253 3447 4322 gladios
3476 4269 3567 4307 su—

1988 4347 2164 4406 perat,
2188 4346 2244 4394 et
2270 4338 2474 4394 ccelesti
2504 4340 2700 4395 virtute
2728 4354 2920 4397 cuncta
2952 4345 3298 4399 transcendit.
3323 4346 3428 4400 Sed
3452 4348 3565 4415 ipsa

1983 4429 2196 4484 dilectio
2245 4445 2351 4485 non
2394 4441 2660 4501 utcunque
2703 4434 3001 4505 peragenda
3032 4445 3143 4501 est,
3178 4435 3269 4491 sed
3297 4440 3567 4491 vehemen-

306 4526 507 4586 surgat.
536 4517 664 4572 Tale
688 4527 770 4574 est
808 4530 862 4573 et
886 4520 1017 4574 illud
1042 4562 1057 4587 ,
1098 4523 1254 4589 redde
1280 4524 1455 4577 vicin‘s
1496 4525 1683 4577 nostris
1710 4534 1880 4595 septu-
1912 4532 1965 4592 ι)
1989 4533 2082 4585 ter,
2109 4522 2249 4605 quod
2270 4522 2431 4578 totius
2457 4523 2617 4579 animi
2649 4524 2849 4581 nisibus
2872 4524 3195 4594 explicatur;
3222 4536 3279 4581 ut
3299 4545 3398 4584 nec
3425 4539 3563 4588 tem-

306 4607 449 4678 plum
475 4609 529 4660 in
559 4608 672 4661 sinu
695 4624 867 4661 eorum
893 4608 1062 4678 (Psal.
1091 4628 1291 4666 Lxxvnt
1312 4655 1325 4677 ,
1374 4611 1490 4681 l9);
1524 4614 1623 4667 boc
1648 4623 1728 4668 est
1750 4617 1883 4669 mul-

307 4697 576 4767 tipliciter.
614 4699 681 4752 Et
708 4699 846 4767 apud
883 4698 1098 4771 Moysen
1126 4719 1138 4755 :
1176 4703 1351 4755 Omnis
1381 4704 1466 4771 qui
1497 4703 1734 4757 occiderit
1755 4705 1882 4759 (.‘ain

303 4792 597 4860 septuplum
639 4790 882 4858 punietur
913 4789 1078 4861 (Gen.
1108 4808 1178 4858 tv,
1230 4794 1360 4863 15),
1409 4794 1460 4847 id
1500 4803 1582 4849 est
1628 4795 1883 4865 multipli-

304 4881 467 4945 citer;
498 4889 553 4936 et
583 4879 663 4935 bis
691 4882 906 4938 similia.
933 4884 1125 4938 Verum
1156 4894 1211 4938 ut
1263 4886 1357 4938 bas
1389 4885 1573 4941 laudes
1602 4886 1878 4941 continuas

303 4973 500 5027 debeas
552 4973 876 5043 intelligere,
924 4975 1110 5031 subter
1157 4978 1436 5045 adjunxit:
1471 4980 1639 5047 Super
1675 4980 1877 5047 judicia

297 5066 514 5135 justitiw
552 5074 686 5119 tute:
717 5066 836 5135 quia
871 5069 1039 5134 parcit
1074 5064 1321 5123 videlicet
1344 5070 1686 5139 supplicanti;
1719 5082 1770 5125 et
1800 5069 1876 5125 sic

308 5157 590 5216 humilibus
620 5155 736 5227 pius
786 5168 900 5223 est,
932 5170 986 5214 ut
1035 5176 1140 5214 non
1192 5163 1363 5216 solum
1409 5164 1597 5232 culpas
1622 5164 1873 5232 dimittat,

300 5253 395 5308 sed
427 5253 586 5307 etiam
630 5254 707 5309 eis
736 5262 931 5308 acterna
967 5257 1179 5323 praemia
1213 5256 1482 5325 largiatur.

378 5339 667 5398 VersJG5.
687 5342 802 5396 Paa:
820 5342 980 5396 multa
996 5344 1321 5414 diligentibus
1350 5346 1505 5414 legem
1520 5355 1656 5399 tuam
1674 5362 1692 5400 :
1709 5356 1754 5400 et
1774 5363 1876 5401 non

299 5442 373 5487 est
402 5435 505 5487 illis
534 5435 860 5489 scandalum.
899 5435 1031 5488 Cum
1059 5435 1126 5489 sit
1155 5437 1290 5489 Deus
1318 5436 1701 5506 imperturbata
1733 5439 1878 5507 puri-

304 5530 414 5577 tate
436 5526 785 5594 tranquillus,
818 5540 1038 5581 necesse
1054 5537 1136 5581 est
1159 5527 1554 5598 ntdiligentibus
1579 5530 1733 5600 legem
1761 5531 1877 5599 ejus

298 5612 442 5681 pacis
491 5615 683 5681 gaudia
738 5616 1119 5671 concedantur.
1173 5617 1275 5673 Sed
1331 5636 1433 5686 pax
1464 5622 1650 5685 multa,
1685 5621 1878 5675 mentis

300 5702 506 5773 puritas
528 5718 581 5763 et
612 5708 734 5767 ﬁdei
755 5710 909 5775 copia
934 5710 1090 5769 debet
1120 5710 1371 5781 intelligi,
1404 5728 1517 5781 qua
1551 5723 1731 5769 contra
1756 5713 1878 5768 vitia

1989 4630 2119 4685 pore
2163 4630 2223 4671 se
2264 4617 2442 4687 aliquo
2482 4616 2764 4681 subducat,
2794 4632 2892 4672 nec
2924 4618 3087 4671 animi
3120 4627 3335 4687 ttrpore
3366 4622 3564 4675 lentes-

1982 4716 2090 4762 cat.
2119 4707 2207 4762 Sic
2230 4708 2371 4761 enim
2400 4707 2465 4761 ad
2498 4707 2623 4761 illud
2657 4711 2933 4775 pervenit,
2966 4708 3106 4779 quod
3136 4709 3211 4761 ait
3240 4713 3561 4779 Apostolus:

1981 4793 2184 4849 Bonum
2215 4808 2463 4850 certamen
2490 4799 2703 4863 certavi,
2754 4814 2957 4852 cursum
3006 4801 3381 4865 consummavi,
3410 4803 3564 4869 ﬁdem

1979 4889 2191 4943 scr'vavi.
2228 4889 2301 4944 De
2330 4890 2526 4959 reliquo
2553 4891 2774 4960 reposita
2820 4901 2893 4945 est
2944 4892 3068 4944 mihi
3096 4908 3283 4945 corona
3306 4894 3563 4963 justitia',

1976 4996 2129 5044 quam
2169 4980 2347 5033 reddet
2392 4981 2513 5033 milii
2563 4980 2812 5035 Dominus
2843 4982 2894 5034 in
2918 4982 3010 5035 illa
3051 4984 3136 5036 die
3172 4986 3348 5052 justus
3390 4985 3568 5041 Iudex

1981 5070 2065 5143 (Il
2086 5072 2215 5124 Tim.
2238 5088 2309 5137 IV,
2330 5073 2384 5136 7,
2407 5072 2482 5142 δ).

2054 5164 2205 5219 Vers.
2240 5165 2359 5220 168.
2389 5166 2598 5219 Servavi
2625 5170 2875 5221 mandata
2922 5178 3008 5220 tua
3048 5180 3094 5222 et
3126 5170 3413 5222 testimonia
3442 5181 3557 5228 tua.

1978 5258 2095 5327 quia
2121 5274 2290 5311 omnes
2318 5258 2413 5311 vite
2448 5273 2572 5310 mete
2594 5258 2647 5310 in
2675 5269 2942 5328 conspectu
2976 5270 3088 5325 tuo,
3127 5260 3359 5313 Domine.
3388 5262 3555 5329 Sura-

1979 5348 2211 5403 rioribus
2242 5349 2479 5404 versibus
2502 5350 2808 5419 singillatim
2836 5351 3015 5415 posuit
3043 5352 3290 5405 mandata
3313 5361 3369 5406 et
3400 5354 3562 5407 testi-

1982 5441 2195 5493 monia:
2243 5439 2327 5493 ltic
2358 5439 2584 5493 litteram
2618 5439 2942 5494 concludens
2963 5480 2977 5505 ,
3020 5451 3299 5509 utrumque
3334 5441 3567 5509 conjun-

1981 5531 2087 5595 xit,
2126 5539 2180 5583 ut
2220 5538 2445 5600 utraque
2483 5530 2639 5585 simul
2692 5531 2954 5586 custodita
3002 5546 3374 5601 cognosceres.
3423 5533 3567 5587 Dicit

1982 5635 2113 5690 ergo
2162 5638 2386 5676 servasse
2416 5636 2473 5677 se
2503 5622 2712 5691 quidem
2744 5623 2984 5676 mandata
3017 5632 3064 5677 et
3112 5626 3433 5692 teslimania;
3466 5626 3562 5678 sed

1983 5728 2079 5768 cur
2111 5727 2169 5769 ea
2200 5714 2431 5783 potuerit
2471 5713 2740 5770 custodire
2766 5754 2781 5782 ,
2816 5715 2997 5770 subter
3040 5714 3309 5783 adiunxit,
3353 5715 3563 5772 scilice'
