3966 6172
238 219 334 275 897

1113 220 1472 277 ΕΧΓΟΞΙΊΊΟ
1511 221 1575 278 IN
1620 221 2076 283 PSALTERIUM.
2123 227 2316 284 PSAL.
2357 228 2591 285 CXVIII.

3418 233 3522 291 898

238 336 356 405 quia
391 348 565 387 omnes
606 334 713 388 vias
745 334 911 403 ipsius
943 335 1203 391 Dominus
1246 336 1498 405 dignatus
1529 347 1615 392 est
1655 338 1835 395 inten-
1864 344 1913 404 Α
1939 351 2045 397 stat
2072 352 2374 413 utrumque,
2406 346 2531 414 quia
2560 346 2708 400 novit
2744 361 2842 402 nos
2872 350 3148 419 multiplici
3191 351 3392 409 virtute
3417 346 3523 408 sal-

239 426 399 490 dere,
436 434 490 477 ut
522 438 627 483 non
651 424 764 478 suis
788 425 1020 488 viribus,
1051 427 1144 479 sed
1175 425 1369 481 divinae
1397 429 1649 494 potentia:
1670 442 1826 483 suum

240 531 400 585 posse
431 515 735 583 deputaret.
767 515 1016 570 Fuissent
1041 516 1182 571 enim
1216 532 1359 572 caeca
1390 528 1547 573 nocte
1568 518 1825 585 confusae,

240 607 339 664 nisi
371 623 465 663 eas
508 624 690 663 verum
739 610 917 664 lumen
940 610 1251 679 dignaretur
1279 610 1543 680 aspicere.
1578 611 1684 666 Sed
1717 612 1831 667 haec

241 700 522 756 beatorum
553 701 772 756 omnino
801 716 905 756 vox
937 712 1019 755 est
1040 742 1055 767 ,
1088 715 1142 756 ut
1171 712 1295 758 ante
1312 703 1494 758 Solem
1517 716 1828 773 perpetuum

241 801 404 860 atque
428 793 610 845 lumen
633 802 894 845 aeternum
924 792 1037 846 vias
1064 806 1188 845 suas
1211 807 1330 847 esse
1353 792 1639 847 fateantur.
1668 795 1833 861 Negat

240 880 383 937 enim
410 896 653 936 errorem
704 884 999 951 prtevalere
1030 876 1264 951 potuisse
1284 925 1298 950 ,
1329 886 1419 953 qui
1464 899 1524 939 se
1566 886 1833 953 reapiccre

242 972 461 1027 luminis
492 973 775 1042 proﬁtetur
803 973 1119 1029 Auctorem.
1145 975 1525 1030 Abscondebat
1548 975 1688 1030 enim
1717 985 1835 1043 post

241 1068 451 1132 cu'pam
505 1063 675 1117 Adam
716 1063 861 1117 viam
912 1078 1099 1129 suam,
1146 1065 1507 1120 abscondebat
1557 1066 1702 1132 Eva,
1735 1066 1832 1119 ab-

242 1155 540 1209 scondebat
585 1154 713 1209 Cain
744 1169 930 1208 necem
963 1154 1172 1221 (ramis;
1206 1170 1303 1210 nec
1333 1156 1613 1226 quisquam
1643 1172 1832 1213 eorum

243 1256 451 1316 poterat
476 1246 692 1300 dicere:
722 1246 914 1298 Omnes
946 1255 1038 1300 via:
1059 1263 1181 1301 mea:
1201 1251 1255 1322 in
1282 1259 1553 1318 conspectu
1575 1261 1695 1315 tuo,
1728 1248 1836 1304 Do-

244 1341 412 1405 mine,
459 1338 549 1409 qui
576 1353 635 1393 se
666 1350 930 1394 noverant
956 1340 1198 1411 cognitos
1227 1343 1469 1398 interire.

308 1430 473 1503 527
530 1430 681 1484 Vers.
728 1429 851 1485 169.
908 1460 961 1469 -
1001 1446 1133 1485 xsu.
1177 1431 1313 1487 Tw.
1358 1434 1636 1502 Appropiet
1679 1432 1831 1505 [mss.

243 1526 333 1587 A.,
366 1520 856 1593 B.,appropinquet]
883 1523 1048 1575 oratio
1075 1539 1184 1577 mea
1210 1524 1262 1576 in
1290 1536 1563 1593 conspectu
1588 1537 1694 1592 tuo,
1729 1524 1837 1579 Do-

241 1616 412 1681 mine;
437 1615 717 1669 secundum
749 1615 1009 1685 eloquium
1036 1624 1179 1669 tuum
1220 1616 1288 1670 da
1328 1618 1453 1670 mihi
1494 1617 1827 1673 intellectum.

1937 448 2087 500 vare,
2119 434 2261 490 sicut
2298 438 2561 506 Scriptum
2590 446 2709 493 est:
2745 440 2870 505 Quis
2900 444 3116 512 speravit
3145 445 3196 515 in
3226 443 3448 501 Domino
3478 457 3527 500 cl

1934 528 2175 597 confusus
2214 539 2285 583 est
2310 528 2499 599 (Eccli.
2525 546 2593 596 ιι,
2626 531 2738 599 Η).

2008 617 2157 673 Vers.
2207 621 2329 673 171.
2374 619 2695 675 Eructabtmt
2721 622 2754 657 *ί
2784 622 2918 676 labia
2960 641 3069 677 mea
3098 625 3373 694 hymnum,
3406 645 3523 681 cum

1933 709 2165 763 docueris
2190 726 2267 763 me
2289 712 2686 791 justi/icationes
2729 723 2860 767 tuas.
2905 715 3135 771 Ructare
3162 733 3189 771 a
3222 724 3520 789 rumpendo

1932 799 2133 854 dictum
2165 812 2269 865 est,
2302 803 2442 871 quod
2475 802 2704 871 digestio
2735 806 2977 871 quaedam
3026 808 3288 863 stomachi
3338 814 3509 864 nostri

1935 897 2172 945 clausrra
2206 890 2542 961 dirumpens,
2576 893 2627 946 in
2669 909 2829 949 auras
2859 897 3120 951 aethereos
3148 900 3260 953 oris
3286 902 3517 969 strepitu

1936 981 2262 1050 proferatur.
2317 984 2421 1038 Sed
2473 993 2672 1053 quanto
2732 985 2823 1040 ille
2876 989 3257 1056 prophetarum
3302 990 3515 1045 deliciis

1935 1073 2110 1130 fuerat
2138 1077 2322 1145 utique
2347 1076 2642 1145 saginatus,
2665 1078 2754 1145 qui
2780 1078 3023 1147 hymnum
3052 1080 3263 1135 Domini
3284 1081 3517 1149 jucunda

1938 1169 2300 1225 exsultatione
2346 1170 2617 1223 ructabat?
2644 1171 2982 1238 'Evaporatio
3023 1173 3280 1242 siquidem
3314 1174 3416 1229 ista
3446 1176 3515 1231 de

1935 1262 2057 1317 imis
2087 1261 2354 1317 mentibus
2399 1261 2565 1315 venit.
2598 1262 2724 1314 Nam
2762 1276 2881 1315 cum
2931 1264 3073 1316 intus
3106 1264 3359 1318 Dominus
3391 1279 3520 1318 sen-

1934 1370 2052 1411 sum
2098 1357 2310 1424 inopem
2358 1355 2708 1425 saginaverit,
2745 1355 2990 1422 provenit
3032 1365 3090 1410 ut
3136 1356 3352 1426 hymnus
3402 1362 3515 1427 ejus

1936 1450 2159 1504 salutari
2189 1450 2407 1518 crapula
2436 1450 2762 1513 proferatur.
2803 1449 2868 1503 Et
2902 1450 3192 1503 notandum
3236 1450 3376 1519 quod
3412 1448 3517 1504 ire-

1938 1549 2166 1610 quenter
2194 1540 2463 1610 eloquium
2496 1538 2786 1607 prophetia:
2831 1541 2932 1593 hoc
2960 1541 3126 1594 verbo
3156 1542 3521 1610 signiﬁcatur;

1939 1639 1999 1684 ut
2035 1638 2120 1684 est
2173 1628 2299 1685 illud
2353 1646 2367 1682 :
2423 1628 2683 1683 Eructavit
2737 1644 2826 1682 cor
2874 1645 3039 1681 meum
3086 1630 3287 1683 verbum
3339 1632 3525 1686 bonum

240 1705 321 1759 Ᾱίί
355 1704 663 1759 “ce-Simili“
703 1704 995 1760 Secundam
1044 1705 1299 1771 “ueram,
1333 1708 1557 1762 υοῐηῖηο
1583 1708 1829 1777 iuvante.
1862 1711 1911 1772 Β
1938 1721 2107 1789 (Psal.
2138 1736 2280 1785 κων,
2311 1720 2404 1790 ‘2);
2448 1729 2503 1776 et
2526 1720 2655 1775 illud
2677 1762 2691 1785 ,
2738 1719 2992 1775 Eructabo
3019 1721 3316 1775 abscondita
3345 1740 3376 1776 a
3402 1740 3523 1776 con-

241 1805 557 1864 perventum
607 1804 711 1861 est,
744 1795 799 1849 in
831 1809 932 1863 qua
974 1805 1279 1849 sanctorum
1335 1796 1534 1852 chorus
1570 1807 1828 1868 quantum

240 1887 301 1940 ad
348 1885 507 1940 linem
539 1884 726 1953 psalmi
757 1884 965 1939 vicinus
996 1894 1101 1952 est,
1150 1894 1298 1941 tanto
1332 1902 1392 1942 se
1437 1888 1652 1944 Christo
1680 1889 1847 1945 desi-.

239 1979 393 2033 derat
424 1977 735 2046 proximari.
779 1976 970 2031 Totum
998 1978 1143 2033 enim
1179 1979 1410 2046 pertinet
1436 1978 1501 2033 ad
1539 1980 1829 2035 adventum

241 2071 449 2124 Domini
481 2068 800 2135 Salvatoris,
833 2083 993 2140 quem
1046 2070 1281 2125 ﬁdelium
1309 2070 1525 2135 deVotio
1568 2072 1827 2127 ineffabili

238 2162 510 2217 desiderio
533 2162 856 2225 sustinebat,
886 2171 944 2215 ut
965 2177 1122 2217 ovem
1147 2162 1409 2230 perditam
1434 2178 1689 2219 revocare
1714 2166 1832 2232 pie.-

239 2253 367 2308 tatis
393 2269 508 2309 sua:
533 2269 755 2309 munere
779 2253 1111 2321 dignaretur.
1136 2253 1286 2307 Nam
1327 2268 1449 2309 cum
1479 2262 1613 2323 petit
1644 2256 1835 2309 oratio-

236 2363 358 2401 nem
386 2361 539 2401 suam
567 2347 855 2416 conspectui
883 2345 1155 2401 dominico
1183 2345 1566 2416 propinquare,
1598 2346 1832 2400 multum

238 2438 399 2508 longe
430 2447 765 2506 peccatorum
793 2436 1231 2506 pmsentiamab
1276 2437 1465 2491 eodem
1512 2451 1633 2492 esse
1681 2452 1838 2492 mon-

236 2533 474 2582 stravit:
507 2528 753 2598 quoniam
784 2528 859 2581 illi
891 2527 1032 2580 nulla
1086 2528 1218 2589 liunt
1258 2528 1522 2595 proxima,
1575 2527 1675 2581 nisi
1719 2542 1837 2596 qua:

237 2618 528 2686 purissima
575 2617 772 2672 fuerint
821 2619 1106 2670 sanctitate
1151 2625 1397 2684 purgata.
1443 2617 1728 2685 Sequitur,
1750 2632 1839 2689 se-

237 2708 470 2760 cundum
503 2707 764 2779 eloquium
793 2718 938 2761 tuum
968 2708 1035 2761 da
1061 2709 1184 2761 mihi
1212 2709 1541 2762 intellectum.
1574 2708 1712 2763 Petit
1740 2707 1840 2761 ita-

241 2814 350 2867 que
381 2806 436 2851 ut
466 2801 744 2852 secundum
777 2800 1032 2867 eloquium
1053 2799 1260 2853 Domini
1292 2800 1488 2866 sapiat,
1513 2814 1580 2852 ne
1612 2813 1705 2865 per
1737 2798 1835 2851 hu-

242 2905 460 2944 manam
508 2890 845 2959 prudentiam
891 2891 1128 2946 vanitate
1156 2892 1467 2959 submergat
1500 2908 1514 2943 :
1544 2891 1838 2946 studiosius

242 2996 302 3036 se
331 2997 568 3051 purgans
597 2996 626 3034 a
656 2983 822 3047 vitiis,
855 2992 1057 3051 quanto
1105 2984 1214 3051 jam
1260 2982 1534 3037 fruebatur
1565 2981 1837 3036 vicinitate

1936 1814 2200 1869 stitutione
2226 1813 2408 1866 mundi
2438 1811 2652 1881 (Matth.
2686 1827 2809 1875 xm,
2850 1811 2973 1881 35);
3012 1820 3069 1866 et
3095 1812 3244 1877 alibi,
3276 1810 3395 1867 Dies
3424 1816 3525 1870 disi

1935 1913 2127 1960 eructat
2181 1903 2381 1957 verbum
2442 1902 2623 1965 (Psal.
2675 1917 2834 1966 svnt,
2888 1902 2976 1973 3).
3058 1901 3340 1957 Eructatur
3390 1920 3521 1975 ergo

1937 1996 2176 2066 hymnus,
2214 1996 2425 2064 quando
2466 1994 2667 2061 Spiritu
2719 1993 2926 2047 Domini
2987 1995 3188 2062 repleta
3244 1993 3373 2065 [ed.,
3433 2010 3520 2049 re-

1937 2088 2111 2159 pleti],
2155 2102 2259 2143 non
2307 2090 2372 2143 ad
2418 2086 2632 2141 humani
2663 2087 2827 2161 animi
2853 2088 3172 2143 sententiam
3218 2087 3393 2157 lingua
3444 2088 3528 2142 fa-

1940 2181 2171 2234 mulatur
2202 2180 2364 2250 (ut-in
2408 2179 2677 2235 communi
2727 2178 2998 2233 locutione
3046 2178 3158 2234 ﬁeri
3208 2170 3521 2249 solet),'sed

1938 2269 2004 2325 ad
2026 2285 2318 2339 supernum
2352 2269 2679 2325 intellectum
2706 2268 3094 2324 divinisensus
3125 2285 3304 2326 sermo
3332 2273 3517 2341 dispo-

1940 2366 2107 2416 nltur.
2139 2361 2411 2431 Sequitur,
2444 2378 2557 2415 cum
2596 2362 2828 2416 docueris
2864 2378 2942 2415 me
2971 2362 3355 2430 iustiﬁcationes
3385 2371 3522 2418 tuas.

1942 2454 2085 2509 Ordo
2115 2454 2399 2509 verborum
2426 2454 2545 2509 talis
2567 2461 2650 2507 est
2674 2472 2687 2506 :
2716 2453 2849 2509 Cum
2876 2454 3125 2510 docueris
3148 2468 3232 2509 me
3256 2454 3524 2523 justiﬁca-

1941 2546 2115 2599 tiones
2140 2553 2278 2612 tuas,
2312 2546 2631 2600 eructabunt
2662 2545 2795 2599 labia
2830 2560 2949 2601 mea
2987 2546 3264 2617 hymnum.
3294 2546 3529 2603 Promit-

1942 2634 2006 2687 tit
2028 2635 2171 2689 enim
2199 2634 2422 2704 gratiam
2468 2634 2792 2701 devotionis,
2838 2650 2960 2690 cum
2994 2636 3201 2691 Domini
3231 2636 3371 2692 dona
3399 2652 3523 2693 διιε-

1942 2726 2164 2791 ceperit.
2201 2723 2353 2790 Quod
2382 2724 2678 2794 argumenti
2706 2738 2890 2794 genus
2915 2724 3053 2779 inter
3081 2734 3323 2781 oratores
3353 2728 3521 2782 habe-

1944 2823 2030 2869 tur
2061 2817 2338 2871 eximium.
2779 2809 2783 2811 “

2017 2907 2167 2963 V'ers.
2196 2910 2318 2963 172.
2360 2906 2718 2962 Pronuntiavit
2745 2907 2919 2979 lingua
2942 2925 3051 2962 mea
3071 2909 3323 2978 eloquium
3346 2920 3519 2965 tuum:

1941 3000 2060 3069 quia
2093 3000 2265 3053 omnia
2304 3000 2550 3053 mandata
2589 3009 2676 3053 tua
2718 3002 2950 3069 (aquilas.
2984 3000 3168 3055 Sciens
3195 3010 3379 3055 sancta
3425 3018 3519 3056 co-

244 3075 482 3128 virtutis.
511 3074 622 3129 Non
652 3076 796 3129 enim
820 3074 1149 3129 intellectum
1176 3075 1502 3128 mundanum
1530 3074 1705 3142 petiit,
1740 3073 1834 3128 sed

1945 3092 2071 3147 hors
2103 3092 2170 3146 de
2193 3092 2367 3147 otioso
2387 3093 2554 3146 verbo
2585 3092 2911 3147 reddendam
2939 3106 3060 3147 esse
3090 3092 3373 3154 rationem,
3405 3100 3520 3149 e'o—

242 3166 563 3220 intellectum
585 3166 869 3220 secundum
892 3168 1148 3236 eloquium
1164 3166 1281 3232 Dei,
1295 3167 1384 3236 qui
1405 3166 1612 3235 prolicit
1629 3180 1841 3231 semper

242 3257 308 3311 ad
326 3260 519 3323 vitam,
542 3258 695 3327 cujus
725 3266 948 3312 estvera
979 3259 1215 3326 cognitio
1240 3268 1293 3311 et
1322 3267 1528 3312 aiterna
1554 3259 1839 3326 sapientia.

246 3348 340 3403 Est
363 3356 555 3403 autem
587 3357 640 3403 et
662 3349 963 3403 intellectus
988 3348 1145 3417 hujus
1174 3350 1378 3411 saaculi.
1404 3360 1463 3403 ut
1486 3352 1839 3419 quorumdam

244 3441 403 3495 labor
449 3438 814 3494 infructuosus
857 3440 1137 3509 inanisque
1179 3439 1501 3508 disputatio;
1534 3449 1844 3496 scrutantur

239 3533 392 3585 enim
426 3545 618 3584 cursus
645 3542 933 3595 astrorum,
987 3532 1125 3585 vitas
1157 3529 1436 3585 hominum
1489 3533 1540 3586 in
1574 3542 1839 3601 potestate

239 3627 494 3680 siderum
520 3626 865 3680 collocanzes.
892 3625 1044 3693 Quod
1061 3625 1104 3678 si
1132 3625 1339 3679 admitti
1364 3626 1515 3680 liceat
1532 3627 1838 3695 autdoceri,

241 3719 310 3773 ad
345 3717 626 3773 Creatoris
660 3720 951 3787 pOtentiam
994 3732 1099 3770 non
1133 3718 1238 3771 erit
1264 3731 1542 3782 recursus,
1586 3718 1651 3771 ad
1683 3733 1840 3786 quem

236 3815 432 3868 omnis
460 3825 651 3867 sensus
681 3812 992 3881 confugiens
1024 3809 1265 3864 noscitur
1291 3794 1413 3865 esse
1435 3811 1728 3878 perlectus.

313 3905 485 3962 Vers.
521 3904 640 3957 170.
684 3902 847 3958 Intret
874 3903 1155 3972 postulatio
1199 3919 1307 3956 mea
1335 3902 1387 3955 in
1413 3912 1685 3970 conspectu
1728 3912 1837 3971 tuo,

235 3996 511 4061 Domine;
541 3996 819 4050 secundum
846 3997 1101 4065 eloquium
1134 4004 1279 4047 tuum
1320 3994 1461 4060 eripe
1502 4008 1597 4046 me.
1634 3990 1841 4047 Grada-

234 4090 336 4143 tim
371 4086 637 4161 asrenditi
667 4093 849 4141 sancta
898 4085 1110 4155 petitio.
1152 4083 1283 4139 Nam
1313 4085 1403 4153 qui
1432 4091 1557 4138 ante
1608 4083 1836 4149 dixerat,

231 4182 557 4250 Apprdpiet,
591 4193 731 4233 nunc
774 4178 935 4241 dicit,
978 4175 1166 4231 Intret.
1198 4175 1353 4229 Prius
1386 4175 1529 4230 enim
1576 4172 1751 4228 fuerat
1782 4182 1841 4228 ut

230 4252 725 4341 appropinquaret,
772 4266 966 4323 deinde
1014 4274 1073 4321 ut
1116 4266 1181 4319 ad
1229 4274 1578 4333 conspectum
1626 4264 1838 4319 Domini

228 4364 455 4419 intrare
481 4363 771 4430 potuiSset;
804 4368 862 4414 ut
892 4359 1027 4414 nihil
1063 4360 1393 4428 applicemus
1438 4358 1685 4412 humana:
1731 4361 1840 4412 vir-

226 4456 365 4520 tuti,
400 4453 499 4507 sed
532 4451 710 4506 omnia
742 4466 837 4521 per
868 4451 1035 4518 ipsius
1068 4450 1294 4519 gratiam
1323 4463 1710 4519 cogno.~camos
1740 4450 1838 4503 im-

224 4547 403 4615 pleri.
454 4543 561 4599 Sed
606 4559 702 4614 per
732 4543 871 4597 hanc
922 4542 1264 4613 prteseutiam
1316 4550 1513 4610 quanta
1568 4542 1639 4595 sit
1671 4543 1839 4601 virtus

224 4643 339 4710 piae
370 4638 638 4694 orationis
677 4636 980 4693 ostenditur
1010 4654 1022 4689 :
1055 4637 1180 4706 quia
1212 4648 1310 4689 nos
1342 4649 1435 4704 per
1482 4634 1650 4703 ipsam
1700 4650 1839 4702 pra:-

222 4745 551 4798 sentamur,
583 4731 798 4802 quando
846 4730 935 4785 illa
986 4729 1364 4799 conspectibus
1412 4729 1621 4783 Doruini
1653 4728 1839 4783 oﬂ'erri

220 4838 410 4893 posse
440 4823 810 4891 cognoscitur;
842 4822 981 4877 sicut
1002 4828 1056 4876 et
1083 4820 1189 4875 alio
1221 4820 1342 4874 loco
1364 4818 1566 4875 dictum
1591 4828 1677 4875 est
1701 4837 1713 4872 :
1742 4819 1837 4871 Di-

218 4920 451 4989 rigatur
476 4916 641 4969 oratio
692 4932 804 4969 mea
848 4916 987 4969 sicut
1029 4914 1292 4968 incensum
1338 4916 1392 4967 in
1422 4922 1707 4979 conspectu
1752 4921 1839 4966 tuo

216 5009 419 5081 (Psul.
451 5022 580 5072 cu,
606 5004 687 5076 Ξ).
734 5007 801 5061 Et
844 5021 965 5060 cum
1005 5006 1253 5075 superius
1294 5004 1512 5067 dixerit,
1562 5003 1839 5057 secundum

213 5101 509 5168 eloquium
555 5107 691 5155 tuum
742 5099 809 5150 da
849 5098 975 5151 mihi
1002 5095 1466 5159 intellectum,-liic
1498 5095 1712 5159 dicitur,
1758 5111 1839 5149 se-

212 5190 477 5244 cundum
522 5190 781 5257 eloquium
824 5199 967 5241 tuum
1008 5188 1149 5257 eripe
1188 5203 1299 5250 me;
1329 5195 1386 5239 ut
1415 5194 1469 5239 et
1511 5186 1581 5239 ibi
1607 5200 1840 5256 superna

214 5284 431 5337 videat
458 5296 575 5348 qua:
598 5280 888 5344 desiderat,
911 5289 969 5335 et
1008 5280 1093 5334 hic
1117 5294 1144 5332 a
1194 5288 1423 5334 terrena:
1454 5278 1841 5347 concupiscen-

210 5376 314 5429 tiae
351 5370 487 5424 labe
509 5378 783 5439 purgetur.
830 5369 1104 5440 Eloquium
1135 5369 1400 5439 siquidem
1446 5368 1659 5423 Domini
1701 5383 1842 5439 pra:-

292 5510 327 5541 ⁸
374 5502 485 5558 ﬂic
512 5513 568 5557 et
596 5503 722 5555 alibi
754 5503 953 5571 possim
982 5502 1113 5557 illud
1138 5504 1359 5557 verbum
1387 5500 1525 5567 apud
1548 5499 1838 5555 Cassiodo-

207 5594 353 5632 rum
401 5583 720 5628 constanter
746 5577 823 5627 sic
866 5575 1124 5639 scriptum
1162 5572 1493 5636 invenimus,
1525 5581 1791 5625 eructuare
1822 5586 1842 5625 :

208 5664 325 5703 nos
356 5659 525 5705 vero.
554 5645 703 5712 juxta
736 5644 1140 5699 usitatissimum
1165 5642 1305 5706 apud
1336 5649 1589 5700 auctores
1618 5643 1841 5707 loquen-

1943 3184 2066 3253 quia
2099 3185 2306 3238 Domini
2339 3198 2396 3238 se
2426 3183 2557 3237 dicit
2588 3184 2934 3251 pronuntiare
2955 3184 3351 3255 qumreutibus;
3377 3186 3519 3240 unde

1941 3282 1997 3329 et
2034 3276 2225 3329 animae
2271 3274 2415 3328 salus
2442 3276 2752 3344 acquiritur,
2800 3283 2853 3328 et
2891 3274 3245 3328 oll'ensionum
3278 3277 3518 3344 pericula

1944 3381 2047 3420 non
2082 3366 2362 3420 habentur.
2397 3364 2566 3419 Nimis
2587 3364 2726 3420 enim
2752 3367 3017 3433 culpabile
3045 3374 3147 3429 est,
3185 3376 3243 3420 ut
3268 3383 3387 3421 cuin
3416 3384 3517 3422 no-

1943 3458 2026 3512 bis
2053 3458 2341 3527 Scriptum
2384 3458 2582 3510 divince
2625 3449 2788 3510 tantis
2829 3456 3002 3525 plenae
3042 3458 3350 3512 muneribus
3379 3458 3513 3513 oll'e-

1942 3557 2155 3613 rantur,
2207 3556 2263 3602 et
2312 3554 2455 3600 tanta
2506 3546 2759 3600 miracula
2812 3546 3023 3600 Damini
3071 3547 3265 3617 ubique
3302 3550 3521 3617 prmlul-

1942 3647 2121 3707 geant,
2157 3652 2272 3703 nos,
2306 3639 2497 3692 relicto
2522 3637 2665 3691 vitali
2694 3650 2961 3703 sermone,
2994 3638 3058 3691 ad
3088 3637 3294 3707 ineptas
3337 3642 3520 3696 mutuli

1943 3728 2149 3781 fabulas
2180 3726 2592 3792 transferamur;
2642 3734 2697 3780 et
2723 3729 2802 3780 sic
2829 3728 2896 3780 de
2920 3728 3103 3782 noxiis
3154 3730 3311 3783 rebus
3353 3731 3523 3784 simus

1942 3818 2183 3883 solliciti,
2217 3819 2366 3885 quasi
2401 3833 2495 3885 per
2537 3817 2680 3886 ipsas
2720 3818 2873 3871 nobis
2900 3817 3095 3884 aliquid
3125 3819 3248 3872 boni
3279 3819 3524 3874 videatur

1944 3911 2167 3980 acquiri.
2202 3909 2334 3963 llinc
2358 3916 2442 3963 est
2486 3908 2626 3977 quod
2670 3905 2941 3977 Scriptura
2987 3909 3240 3973 minatur,
3298 3908 3523 3965 dicens:

1948 4002 2023 4055 Dc
2052 4002 2213 4054 otioso
2244 3999 2386 4053 verbo
2425 4014 2524 4053 nos
2546 3999 2833 4051 reddituros
2875 4013 2982 4052 esse
3023 4000 3270 4051 rationem
3303 3998 3520 4067 (Matth.

1944 4108 2047 4157 xu,
2093 4090 2203 4161 36).
2232 4090 2565 4159 Quapropter
2605 4103 2755 4143 mens
2799 4096 2979 4141 sancta
3035 4087 3242 4141 Domini
3289 4105 3525 4159 pronun-

1945 4186 2101 4236 tiabat
2148 4183 2369 4251 eloquia,
2419 4180 2558 4235 unde
2598 4180 2818 4249 gloriam
2858 4179 3026 4249 titagis
3056 4180 3375 4249 acquireret,
3423 4198 3527 4239 non

1945 4280 2126 4328 reatus
2149 4271 2489 4341 ignominiam
2519 4270 2799 4339 reperiret.
2841 4266 3093 4337 Sequitur
3118 4286 3186 4337 qu
3208 4286 3283 4325 ire
3311 4284 3528 4343 semper

1948 4365 2270 4434 pronuntiari
2320 4364 2550 4419 debeant
2596 4362 2797 4433 eloquia
2852 4361 3093 4426 Domini;
3144 4362 3367 4427 scilicet,
3410 4365 3533 4432 quia

1870 4450 2115 4512 Domnia
2183 4456 2428 4510 mandata
2480 4455 2649 4525 ipsius
2718 4454 2975 4524 aequitatis
3041 4456 3245 4508 honore
3311 4454 3532 4523 prmful-

1945 4558 2094 4619 gent.
2130 4548 2194 4602 Et
2242 4547 2376 4603 illud
2414 4546 2691 4616 aptissime
2736 4546 2988 4600 continua
3018 4559 3147 4600 voce
3182 4546 3533 4614 pronuntiari.

1945 4640 2070 4695 dum
2092 4646 2197 4705 est,
2226 4638 2367 4707 quod
2417 4647 2473 4693 et
2518 4638 2827 4709 loquentem
2884 4637 3047 4705 juvat,
3101 4643 3156 4689 et
3206 4637 3533 4697 audientium

1944 4746 2139 4789 sensus
2168 4733 2419 4786 :editicat.

2019 4824 2173 4878 Vers.
2208 4824 2328 4877 175.
2371 4819 2494 4876 Fiat
2522 4838 2703 4875 manus
2750 4830 2838 4874 tua
2884 4830 2940 4874 ut
2970 4821 3166 4874 salvum
3218 4836 3297 4873 me
3341 4819 3522 4889 facias,

1945 4916 2066 4985 quia
2088 4916 2330 4967 mandata
2371 4923 2457 4966 tua
2486 4912 2634 4983 elegi.
2666 4910 2800 4967 Cum
2831 4911 2979 4975 dicit,
3036 4908 3158 4965 Fiat
3199 4928 3381 4965 manus
3412 4922 3520 4974 tam,

1947 5008 2192 5077 designat
2219 5005 2501 5060 Dominum
2532 5005 2891 5068 Salvatorem,
2923 5003 3013 5073 qui
3063 5008 3229 5072 factus
3256 5012 3329 5057 est
3368 5012 3432 5055 ea:
3453 5020 3530 5053 st?-

1956 5100 2093 5153 mine
2122 5096 2289 5150 David
2314 5096 2597 5151 secundum
2621 5111 2825 5149 carnem
2863 5095 3039 5165 (Rom.
3072 5110 3124 5159 ι,
3156 5095 3232 5163 3),
3263 5109 3357 5161 per
3376 5109 3533 5162 quem

1953 5190 2086 5244 facta
2118 5197 2325 5245 suntet
2384 5196 2641 5257 reguntur
2681 5187 2947 5239 nninrsa.
3006 5183 3218 5237 Manum
3258 5186 3398 5237 enim
3450 5186 3536 5237 hic

1953 5283 2239 5335 dexteram
2273 5280 2534 5334 debemus
2575 5278 2841 5347 accipere,
2883 5278 3004 5346 quia
3037 5274 3263 5329 diversis
3302 5273 3537 5327 nomini-

1948 5372 2046 5426 bus
2070 5373 2182 5441 ipse
2206 5372 2463 5425 Dominus
2486 5369 2838 5437 signiﬁcatur,
2883 5367 3022 5421 sicut
3049 5366 3213 5420 Isaias
3243 5363 3374 5417 dicit
3403 5379 3417 5417 :
3468 5363 3536 5415 Et

1945 5504 1997 5559 di
2026 5504 2243 5558 modum
2270 5514 2322 5557 et
2352 5505 2519 5572 ipsum
2553 5501 2795 5570 Vulgatae
2827 5500 3087 5572 editionis
3115 5498 3427 5560 lectionem,
3448 5510 3538 5553 re.-

1949 5576 2262 5641 scripsimus
2286 5571 2504 5639 ubique,
2534 5583 2783 5627 eructarc.
2817 5571 2968 5624 Eutr.

3292 5764 3323 5775 ..ο
