3966 6172
430 278 531 333 899

1640 275 1716 327 Μ.
1768 274 2045 330 Αυῐιιῑιιι
2084 274 2480 332 CASSIODORI

3582 276 3681 331 900

424 389 686 443 brachium
718 387 1032 439 Domin'cui
1062 385 1337 439 revelatum
1386 398 1457 440 cst
1510 385 1661 456 (Ιεαὶ.
1723 403 1842 453 un,
1901 389 1954 457 l)
1986 388 2008 441 i
2038 403 2083 459 Α
2112 405 2209 444 nec
2250 390 2823 457 desinit'congregare.
2876 387 2986 443 Una
3020 391 3133 441 ovis
3162 399 3242 443 est
3287 402 3598 444 cunctorum
3628 393 3691 442 ti-

429 480 498 532 Et
524 479 647 531 alibi
682 495 693 527 :
726 476 944 529 Dextera
998 475 1205 529 Domini
1232 478 1349 545 fecit
1385 478 1638 541 virtutem,
1672 480 2008 534 dextera’Do-

431 570 555 622 mini
585 568 827 622 exultavit
860 585 934 619 me
962 565 1142 637 (Paul.
1168 583 1339 631 cmi,
1388 568 1500 636 l6).
1532 569 1869 639 Quapropter
1897 570 2011 625 sive

431 674 665 720 manum,
710 656 828 710 sive
854 656 1297 722 brachinm,-sive
1324 658 1807 724 desteram‘dicas,
1848 660 2013 728 signi-

433 756 619 809 ficatur
652 754 901 807 Dominus
932 753 1195 806 Christus.
1230 752 1619 807 Modusautem
1658 753 1757 809 iste
1789 755 2013 809 locutio-

432 848 511 898 nis
543 842 848 912 frequenter
876 845 1142 897 invenitur
1190 844 1511 912 iupsalmis,
1540 860 1696 912 quem
1728 848 2004 915 proprium

435 938 728 1004 Scriptura:
758 936 951 990 divina:
985 950 1087 988 non
1114 936 1382 988 immerito
1407 936 1717 1000 dixerimus,
1747 946 1803 991 ut
1835 947 1918 991 est
1944 937 2011 991 il-

435 1028 523 1082 lud
560 1047 571 1080 :
610 1027 764 1081 Fiant
792 1043 938 1080 aures
976 1037 1073 1081 true
1113 1029 1423 1081 intendentes
1468 1028 1519 1080 in
1563 1029 1841 1081 orationem
1883 1029 2015 1082 servi

434 1122 507 1174 tui
538 1120 707 1190 (Prol.
750 1135 930 1188 cum,
973 1120 1054 1187 2).
1085 1119 1184 1187 Qui
1224 1120 1426 1173 .modus
1474 1119 1666 1174 dicitur
1710 1121 2006 1189 optativus.

437 1213 679 1267 Postulat
700 1226 827 1281 ergo
852 1213 1033 1266 venire
1060 1213 1337 1267 Dominum
1365 1212 1717 1276 Salvatorem,
1739 1227 1836 1281 per
1850 1227 2008 1283 quem

438 1320 557 1358 cum
586 1303 803 1370 reliquis
830 1319 888 1357 se
920 1315 1137 1357 noverat
1157 1318 1275 1358 esse
1292 1302 1624 1357 salvandum.
1648 1302 1801 1369 Quod
1826 1314 2012 1359 autem

443 1396 573 1448 dicit
602 1412 613 1447 :
652 1394 796 1465 Elogi
825 1395 1067 1446 mundata
1094 1403 1203 1462 tua,
1244 1395 1421 1447 omnia
1453 1408 1511 1447 se
1556 1394 1789 1461 pericula
1838 1410 2019 1449 amore

443 1486 651 1539 Domini
687 1488 1047 1554 postposuisse
1080 1493 1340 1539 testatur.
1389 1484 1576 1539 Nullus
1602 1485 1769 1563 enim
1819 1486 2020 1556 aliquid

438 1580 582 1647 eligit
612 1579 756 1640 boni,
790 1579 887 1631 nisi
920 1578 999 1630 his
1021 1578 1289 1631 contraria
1312 1577 1710 1647 contempsisse
1743 1579 2021 1634 doceatur.

517 1669 671 1724 Vers.
702 1668 822 1723 174.
864 1666 1140 1736 Concupivi
1156 1668 1383 1723 salutare
1406 1681 1569 1735 tuum,
1600 1669 1833 1734 Domine,
1865 1681 1910 1723 et
1930 1672 2021 1725 tea:

2119 482 2315 534 delium
2377 490 2563 534 sancta
2618 480 2999 548 congregatio;
3070 481 3322 548 quoniam
3374 492 3511 534 Unus
3564 497 3696 549 grex

2092 583 2167 625 .et
2216 585 2352 624 unus
2408 579 2493 624 est
2536 577 2741 639 pastor.
2800 571 2866 625 Et
2899 570 3104 639 respice
3141 585 3298 639 quam
3346 569 3574 627 inﬁrma:
3622 574 3698 629 rei

2100 660 2415 729 comparati
2455 669 2591 713 sunt
2620 661 2863 713 homines
2887 701 2903 725 ,
2956 660 3171 729 quando
3211 674 3241 714 a
3289 660 3490 716 Christi
3527 662 3702 732 gratia

2112 755 2468 816 deseruntur,
2524 752 2609 805 ovi
2658 752 2907 806 vldelicet
2961 752 3201 816 erranti,
3267 766 3385 822 qua:
3428 753 3706 822 periculis

2116 852 2292 913 patet,
2330 859 2467 913 qua:
2528 843 2920 911 direptionibus
2976 843 3219 911 luporum
3281 843 3521 912 exposita
3591 856 3705 909 εει,

2115 952 2271 1005 quam
2306 951 2407 989 non
2440 935 2575 1005 ‘fuga
2621 934 2834 1004 eripiat,
2883 950 2982 989 nec
3031 939 3272 1004 corporis
3325 937 3575 993 valetudo
3612 940 3710 993 de-

2120 1026 2298 1081 fendat
2330 1026 2471 1080 :‘sed
2519 1025 2771 1094 quidquid
2804 1025 3028 1080 libitum
3054 1037 3157 1081 est
3201 1027 3470 1082 insidianti
3523 1031 3708 1097 perfe-

2117 1128 2222 1181 rat,
2252 1132 2372 1172 cum
2418 1128 2539 1172 eam
2584 1120 2661 1172 vis
2687 1119 2927 1186 corporis
2960 1119 3105 1173 nulla
3148 1119 3417 1175 defendat.
3466 1121 3529 1175 Et
3562 1123 3709 1179 bene

2119 1211 2315 1264 dictum
2345 1220 2466 1265 est:
2511 1210 2639 1275 Qua:
2662 1213 2902 1279 perierat,
2948 1220 3005 1266 ut
3033 1226 3354 1281 agnosceres
3390 1214 3708 1269 misericor-

2120 1304 2205 1358 dia
2232 1304 2447 1358 Domini
2475 1303 2637 1358 fuisse
2679 1312 2965 1372 repertam,
2998 1304 3088 1373 qui
3125 1304 3354 1358 errantia
3408 1304 3709 1376 recolligit,

2122 1403 2177 1450 et
2205 1395 2407 1465 perdita
2437 1395 2670 1449 bonitate
2698 1409 2810 1449 suae
2840 1395 3050 1464 pietatis
3078 1395 3323 1464 acquirit.
3350 1394 3457 1450 Sed
3484 1396 3578 1449 illa
3613 1412 3713 1449 na-

2114 1494 2249 1540 :tura
2282 1486 2419 1541 facta
2450 1486 2729 1541 imbecillis
2758 1495 2811 1541 et
2839 1487 3086 1539 omnibus
3110 1494 3400 1540 monstrata
3441 1484 3715 1555 fragilior,

2116 1577 2492 1632 incarnatione
2536 1576 2747 1631 Domini
2777 1575 2953 1631 omnia
2988 1576 3134 1643 vicit,
3170 1576 3347 1629 omnia
3398 1577 3709 1644 superavit,

2124 1678 2181 1724 et
2208 1669 2455 1725 omnibus
2484 1669 2691 1724 reddita
2719 1676 2803 1723 est
2829 1667 3113 1733 excelsior,
3141 1682 3258 1737 qua:
3296 1668 3502 1735 pridem
3534 1668 3713 1723 vide-

442 1772 527 1815 tua
553 1762 813 1815 meditatio
843 1778 953 1814 mea
970 1771 1061 1815 est.
1084 1760 1334 1817 Pervenit
1360 1763 1425 1816 ad
1449 1763 1717 1817 Christum
1736 1762 2024 1817 Dominum
2046 1790 2104 1846 ιη
2134 1761 2283 1815 batur
2311 1760 2565 1815 humilior
2584 1800 2598 1825 ,
2632 1760 2779 1814 sicut
2823 1759 2954 1813 dicit
3000 1758 3289 1828 Apostolus
3322 1776 3333 1811 :
3385 1758 3481 1813 Cui
3529 1770 3721 1814 autem

443 1867 750 1911 sanctorum
780 1856 1109 1911 manifestior
1144 1867 1197 1911 et
1224 1856 1481 1912 absoluta
1521 1856 1849 1927 deprecatio.
1890 1858 2031 1925 Ape-

443 1948 549 2003 ruit
576 1947 826 2002 adnuatio
855 1948 1154 2015 beatorum,
1200 1947 1340 2017 quod
1395 1948 1542 2016 prius
1594 1962 1690 2018 per
1744 1947 2028 2017 aenigmata

445 2052 628 2110 petere
657 2041 958 2096 videbatur.
1004 2040 1179 2109 Ipsum
1225 2040 1367 2095 enim
1416 2040 1598 2097 videre
1643 2040 2026 2110 concupiverat,

454 2148 615 2202 quem
638 2131 706 2186 de
732 2141 883 2186 utero
913 2132 1157 2201 virginali
1184 2131 1287 2187 illis
1302 2132 1475 2185 adhuc
1496 2130 1822 2199 temporibus
1844 2130 2032 2185 crede-

450 2225 539 2278 bat
566 2237 688 2278 esse
731 2232 1032 2278 venturum.
1085 2224 1147 2278 Et
1195 2233 1252 2277 ut
1292 2223 1392 2277 sibi
1439 2223 1577 2278 hanc
1623 2222 1902 2278 scientiam
1956 2221 2027 2275 de

450 2314 742 2382 Scripturis
791 2313 989 2369 divinis
1018 2314 1338 2383 provenisse
1383 2322 1727 2382 monstraret,
1763 2313 2029 2382 sequitur,

456 2407 525 2460 Et
558 2407 643 2460 lea:
672 2416 761 2459 tua
800 2408 1058 2461 meditatio
1089 2423 1198 2459 mea
1228 2416 1320 2461 est.
1349 2405 1404 2460 In
1431 2405 1699 2475 prophetis
1729 2405 1871 2460 enim
1902 2420 2028 2457 con-

455 2499 718 2566 cupiverat
744 2496 911 2568 m
937 2498 1205 2551 Christum
1239 2498 1540 2561 Dominum,
1578 2511 1609 2549 a
1631 2496 1825 2566 quibus
1854 2494 2025 2550 nasci-

452 2600 627 2644 turum
656 2604 776 2645 eum
803 2597 1122 2660 cognoverat
1142 2603 1262 2643 esse
1289 2589 1690 2657 prophetatum;
1714 2595 1776 2642 et
1804 2600 2031 2640 necesse

446 2691 565 2737 erat
599 2696 785 2735 amore
829 2696 1019 2750 magno
1048 2682 1245 2749 expeti,
1290 2695 1447 2749 quem
1475 2689 1598 2733 ante
1627 2688 1704 2734 tot
1746 2679 1937 2734 satcula
1969 2678 2033 2731 ad

450 2773 669 2828 salutem
694 2773 915 2827 huntani
941 2774 1152 2842 generis
1174 2773 1445 2827 didicerat
1473 2772 1789 2825 iudicatum.

522 2864 675 2918 Vers.
711 2865 831 2918 175.
881 2862 1023 2918 Vivet
1048 2865 1219 2917 animo
1237 2880 1347 2917 mea
1383 2875 1427 2917 et
1460 2863 1692 2917 laudabit
1720 2875 1788 2928 te,
1818 2870 1865 2917 et
1888 2863 2038 2932 judi~

450 2956 529 3009 cia
558 2965 646 3009 tua
673 2955 988 3024 adjuvabunt
1012 2969 1107 3010 me.
1143 2953 1219 3007 Ad
1246 2955 1418 3020 ipsum
1447 2952 1681 3022 loquitur
1712 2968 1873 3021 quem
1897 2950 2040 3005 desi-

456 3048 739 3103 deraverat
765 3047 978 3110 intueri,
1018 3047 1341 3116 promittens
1364 3045 1587 3098 animum
1616 3058 1766 3098 snam
1798 3043 1851 3098 in
1881 3050 2037 3097 teter»

2132 1855 2424 1924 angelorum
2453 1852 2584 1906 dixit
2607 1852 2917 1921 aliquando:
2942 1850 3073 1906 Sede
3097 1868 3128 1905 a
3155 1851 3345 1905 dextris
3371 1850 3523 1916 meis,
3546 1852 3722 1905 donec

2137 1960 2321 2012 ponam
2347 1943 3019 1998 inimicostuos-scabellum
3055 1943 3243 2012 pedum
3271 1952 3474 1996 tuorum
3519 1942 3725 2013 (Hebr.

2132 2052 2149 2090 ι
2178 2080 2191 2103 ,
2222 2036 2346 2103 l5)?
2370 2034 2643 2104 Sequitur,
2672 2035 2873 2104 require
2897 2050 3095 2087 servum
3122 2042 3299 2087 ‘tuum.
3332 2031 3552 2089 Christo
3580 2034 3727 2090 dici-

2141 2137 2224 2179 tur
2256 2126 2474 2193 require,
2497 2126 2746 2195 quoniam
2790 2132 2977 2179 te-non
3009 2108 3185 2192 pdtest
3218 2124 3573 2179 imbecillitas
3625 2125 3728 2178 hu-

2133 2232 2288 2271 mana
2316 2217 2639 2285 perquirere.
2664 2215 2924 2270 Additum
2955 2223 3037 2270 est
3067 2215 3208 2284 quod
3228 2229 3371 2285 scepe
3396 2214 3626 2285 quidem
3652 2215 3729 2270 di.

2133 2317 2275 2365 ctum
2298 2319 2398 2372 est,
2415 2307 2508 2362 sed
2524 2306 2715 2362 merito
2740 2316 2929 2361 cuneta
2952 2306 3251 2361 concludit:
3272 2306 3521 2374 quoniam
3544 2306 3733 2376 justus

2136 2404 2235 2455 iste
2256 2400 2565 2469 requiritur,
2591 2398 2681 2469 qui
2705 2399 2950 2451 mandata
2972 2399 3087 2467 ejus
3102 2406 3211 2450 non
3232 2397 3489 2467 probatur
3510 2396 3732 2452 oblitus.

2665 2486 2959 2542 Conclusro’
2979 2487 3182 2557 psalmi.

2206 2579 2625 2649 Amp'ectendus
2648 2580 2885 2634 suaviter
2908 2578 3129 2631 omnino
3177 2576 3438 2646 psalmus,
3477 2575 3579 2646 qui
3634 2576 3734 2631 tali

2141 2672 2483 2728 confessione
2514 2672 2688 2725 [irritus
2715 2680 2818 2735 est,
2867 2670 3177 2740 prolixitate
3206 2686 3449 2741 magnus,
3478 2670 3732 2725 admira—

2148 2765 2293 2815 tione
2348 2762 2727 2829 profunditatis
2774 2759 3053 2825 Oceanus,
3105 2762 3481 2816 excellentiqu
3535 2776 3734 2817 rerum

2142 2856 2450 2908 autumnitate
2475 2853 2769 2921 paradisus,
2802 2867 2957 2923 quem
2991 2853 3243 2907 virtutum
3290 2851 3517 2908 ﬂoribus
3553 2870 3735 2908 orna-
3808 2906 3815 2917 ,

2149 2959 2282 3013 tum,
2314 2962 2408 3016 per
2451 2946 2791 3017 alphabetum
2847 2947 3190 3003 Hebrarorum
3240 2958 3551 3002 sanctorum
3615 2963 3738 3001 om-

2148 3040 2295 3094 nium
2327 3038 2782 3095 immarcescibilis
2823 3048 3018 3095 corona
3058 3042 3314 3095 cantavit.
3344 3040 3407 3093 Et
3443 3048 3504 3094 ut
3532 3041 3742 3095 simili-

452 3156 583 3195 num
644 3141 824 3202 vivere,
879 3154 1038 3208 quam
1096 3139 1400 3193 silutariter
1458 3145 1679 3191 noverat
1720 3136 2035 3191 credidisse.
2068 3157 2118 3220 α
2148 3131 2357 3186 tudines
2393 3131 2596 3201 aliquas
2640 3132 2708 3186 de
2739 3136 2902 3186 rebus
2952 3132 3279 3187 naturalibus
3322 3132 3742 3201 ‘exquiramus:

452 3230 705 3284 Laudabit
724 3241 791 3294 te,
816 3230 1025 3282 cantico
1051 3227 1253 3281 scilicet
1270 3242 1435 3291 novo,
1462 3227 1604 3296 quod
1628 3226 1788 3280 homo
1820 3226 1911 3280 ille
1937 3225 2036 3281 de-

454 3324 543 3378 bet
573 3323 875 3377 salutariter
900 3322 1203 3375 innovatus.
1231 3318 1439 3372 Iudicio
1471 3335 1599 3374 vero
1628 3320 1714 3373 illa
1738 3319 1890 3383 dicit,
1921 3333 2042 3389 qua:

455 3427 515 3467 se
541 3414 593 3468 in
626 3412 840 3465 famulis
867 3412 978 3465 suis
1008 3411 1263 3465 Dominus
1314 3411 1555 3479 promisit
1581 3425 1701 3465 esse
1745 3410 2037 3476 iacturum,

458 3505 512 3560 id
554 3513 659 3571 est,
694 3504 895 3569 Venite,
928 3503 1177 3559 benedicti
1198 3503 1369 3571 Patris
1411 3503 1530 3569 mei,
1561 3503 1799 3569 percipite
1831 3518 2041 3573 regnum

453 3596 589 3664 quod
612 3595 745 3647 vobis
766 3602 1001 3661 paratum
1024 3602 1099 3646 est
1127 3594 1191 3645 ab
1213 3592 1407 3663 origine
1439 3593 1618 3645 mundi
1655 3590 1875 3663 (Matth.
1917 3607 2040 3656 xxv,

457 3683 571 3753 at).
598 3683 747 3738 Tunc
766 3685 910 3737 enim
938 3683 1179 3752 perfecte
1202 3698 1266 3737 se
1288 3683 1461 3737 credit
1486 3682 1799 3750 iuvandum,
1829 3682 2044 3753 quando

460 3779 565 3831 erit
589 3778 850 3847 iustorum
882 3791 1136 3832 numerus
1162 3776 1226 3830 ad
1255 3776 1529 3831 dexteram
1558 3774 1919 3831 collocandus.

533 3871 688 3925 Vers.
720 3871 841 3926 176.
886 3870 1068 3924 Erravi
1094 3872 1226 3924 sicut
1262 3870 1366 3924 ovis
1400 3886 1514 3939 qua:
1542 3871 1759 3938 perierat
1785 3884 1802 3921 :
1844 3868 2044 3938 require

456 3979 651 4017 servum
681 3970 846 4029 tuum,
875 3963 999 4033 quia
1038 3963 1281 4015 mandata
1308 3970 1398 4015 tua
1428 3977 1531 4014 non
1562 3977 1675 4014 sum
1700 3960 1906 4013 oblitus.
1953 3958 2042 4013 Li-

457 4066 541 4109 cet
570 4053 814 4118 diversas
846 4066 1099 4120 personas
1129 4052 1362 4119 psalmus
1395 4052 1499 4106 iste
1519 4050 1794 4103 contineat
1820 4050 2042 4119 loquen-

457 4152 566 4207 tes,
618 4142 777 4197 modo
830 4142 1167 4197 fidelissimos
1214 4141 1421 4196 Veteris
1473 4140 1826 4206 Testamenti,
1880 4139 2042 4194 modo

460 4250 617 4289 novre
648 4233 1067 4304 regenerationis
1118 4234 1337 4299 electos,
1389 4231 1523 4285 alios
1568 4230 1818 4300 martyris
1873 4230 2043 4283 susti-

458 4336 669 4390 nentes,
720 4326 858 4380 alios
913 4326 965 4378 in
1019 4324 1134 4393 lege
1170 4324 1377 4378 Domini
1428 4323 1641 4376 assidua
1692 4322 2041 4377 meditatione

467 4428 807 4481 constantes;
830 4417 1155 4472 declaratum
1188 4426 1271 4471 est
1298 4424 1475 4471 tamen
1506 4416 1557 4469 in
1592 4415 1845 4469 membris
1884 4412 2042 4469 Chri-

2146 3224 2282 3279 sicut
2310 3238 2468 3293 grues
2512 3223 2706 3278 litteris
2742 3220 2945 3278 (ἔτευξε
2974 3224 3183 3277 volatus
3223 3237 3350 3278 suos
3378 3222 3739 3293 depingunt;

2145 3326 2201 3372 et
2231 3324 2376 3370 tanta
2410 3314 2566 3384 hujus
2614 3315 2693 3369 rei
2737 3315 2827 3368 vis
2856 3323 2957 3381 est,
2993 3322 3049 3369 ut
3078 3316 3324 3384 quamvis
3372 3326 3500 3369 aves
3550 3316 3749 3382 apices

2151 3405 2413 3473 ne~ciant,
2444 3414 2617 3460 tamen
2636 3419 2734 3460 eos
2758 3406 2986 3459 naturali
3014 3406 3345 3460 institutione
3371 3417 3745 3474 componant.

2148 3501 2390 3555 Vidimus
2416 3500 2575 3571 igitur
2598 3500 2716 3567 ejus
2756 3499 3054 3553 sententias
3080 3499 3227 3568 quasi
3257 3498 3438 3553 stellas
3479 3500 3749 3556 clarissi-

2146 3607 2260 3646 mas
2289 3593 2341 3646 in
2364 3592 2502 3646 calo
2540 3590 2798 3645 altissimo
2823 3590 3141 3656 collocatas;
3164 3591 3397 3644 vidimus
3443 3605 3533 3644 am
3546 3591 3748 3659 plissi-

2142 3695 2289 3735 mum
2318 3694 2463 3736 mare
2484 3681 2590 3735 illis
2631 3680 2863 3747 piscibus
2896 3680 3129 3750 plenum,
3175 3688 3307 3749 quos
3348 3682 3749 3749 apostolorum

2148 3775 2275 3828 retia
2326 3772 2550 3827 Domino
2602 3774 2945 3843 prmeipieute
3000 3779 3294 3828 traxerunt.
3374 3773 3749 3828 lntendamus

2144 3866 2325 3928 etiam,
2350 3865 2490 3935 quod
2517 3865 2649 3920 ordo
2682 3866 2797 3933 ipse
2819 3864 3146 3933 psalmorum
3185 3878 3288 3919 non
3313 3863 3543 3917 minima
3586 3864 3750 3920 nolii:

2142 3958 2306 4037 futuri
2366 3958 2555 4011 smculi
2622 3965 2956 4011 sacramenta
3024 3956 3277 4011 declarat.
3357 3958 3753 4013 Conveniebat

2144 4053 2288 4105 enim
2311 4059 2369 4104 ut
2396 4050 2688 4104 Ecclesium
2721 4048 2789 4103 de
2818 4057 2932 4103 toto
2956 4049 3087 4103 orbe
3113 4050 3411 4111 colleCtam,
3442 4056 3500 4102 et
3545 4049 3613 4103 in
3646 4050 3751 4104 Do-

2144 4144 2271 4197 mini
2304 4141 2549 4196 laudibus
2572 4150 2978 4203 commoratam,
3007 4141 3262 4211 graduum
3292 4138 3501 4194 cantica
3537 4155 3751 4212 seque-

2144 4244 2366 4301 rentur;
2419 4244 2680 4304 quatenus
2720 4234 2807 4287 illa
2848 4232 3139 4287 similitudo
3194 4232 3548 4297 indicaretur,
3624 4253 3753 4303 qttte

2146 4335 2232 4381 est
2269 4326 2320 4379 in
2355 4325 2537 4379 szeculi
2576 4325 2683 4379 line
2714 4322 2972 4377 facienda.
3007 4321 3139 4376 Nam
3182 4332 3463 4392 postquam
3493 4327 3753 4381 omnium

2147 4422 2426 4477 beatorum
2476 4432 2733 4474 numerus
2769 4420 2992 4475 Domino
3038 4419 3197 4474 fuerit
3246 4429 3536 4487 praestante
3572 4424 3747 4477 colle-

462 4512 530 4565 sti
562 4509 850 4565 Ecclesiam
879 4510 1199 4564 catholicam
1242 4510 1407 4579 loqui,
1437 4508 1651 4579 quando
1678 4507 1800 4562 talis
1824 4514 2040 4562 senten-
2070 4531 2120 4591 Ι)
2143 4523 2284 4578 ctus,
2310 4526 2533 4567 necesse
2560 4520 2640 4566 est
2670 4521 2727 4566 ut
2762 4511 2827 4566 ad
2878 4512 3023 4565 illam
3078 4512 3379 4567 Jerusalem
3440 4528 3752 4582 supernam

461 4603 535 4657 tia
578 4602 630 4657 in
654 4602 771 4658 .line
800 4601 990 4671 psalmi
1021 4602 1231 4667 dit-itur,
1263 4617 1381 4671 qua:
1410 4616 1623 4671 sponsas
1666 4600 1875 4655 Domini
1906 4616 2037 4655 eon—

457 4692 640 4749 venire
662 4700 1009 4747 monstratur.
1038 4691 1129 4747 Ait
1159 4693 1301 4747 enim
1339 4692 1499 4746 homo
1530 4692 1620 4747 ille
1646 4692 1916 4760 generalis
1944 4691 2031 4760 qui

458 4783 510 4836 in
537 4783 702 4837 Adam
725 4794 999 4838 erraverat
1026 4783 1144 4852 lege
1171 4783 1399 4853 peccati,
1428 4791 1484 4838 et
1511 4782 1576 4837 ad
1606 4783 1788 4838 caulas
1811 4782 2027 4837 Domini

456 4875 568 4928 suis
595 4875 796 4929 viribus
826 4874 1001 4929 redire
1044 4892 1150 4931 non
1184 4882 1414 4943 poterat,
1462 4875 1711 4945 quoniam
1749 4888 1945 4929 munus
1976 4876 2039 4928 il-

460 4966 549 5019 lud
572 4964 851 5033 sapientia:
870 4965 1176 5033 perdiderat
1197 4965 1339 5034 quod
1371 4964 1617 5031 habebat,
1653 4963 1859 5029 Erravi,
1890 4964 2041 5034 quasi

455 5072 485 5110 a
519 5058 600 5111 via
630 5064 717 5110 tua
749 5054 994 5121 discessi,
1018 5066 1072 5111 et
1102 5058 1349 5111 vitiorum
1384 5055 1559 5110 invias
1587 5056 1909 5111 solitudines
1938 5070 2042 5110 (3:2-

456 5162 550 5201 cus
581 5146 810 5210 intravi;
838 5155 897 5199 ut
922 5145 1079 5201 facile
1121 5146 1407 5214 direptioni
1437 5154 1634 5215 pateat,
1670 5146 1758 5214 qui
1804 5146 2041 5199 Pastoris

456 5236 537 5289 sui
561 5236 854 5290 custodiam
883 5251 988 5289 non
1020 5235 1266 5289 habebat.
1296 5237 1359 5289 Et
1384 5237 1657 5304 subjunxit
1688 5237 1834 5290 illam
1874 5252 2038 5291 evan-

455 5328 676 5398 gelicam
735 5326 1188 5394 comparationem
1241 5323 1460 5397 (Mat:h.
1519 5339 1675 5391 xvut,
1741 5326 1855 5395 l2),
1904 5326 2035 5379 sicut

459 5425 564 5476 ovis
606 5438 719 5493 qua:
743 5423 981 5493 perierat,
1034 5430 1250 5491 propter
1276 5438 1433 5492 quam
1476 5432 1658 5492 pastor
1704 5424 1820 5488 ejus
1872 5438 2040 5477 nona-

456 5514 597 5578 ginta
630 5529 816 5569 novem
845 5513 1046 5569 dimisit
1076 5514 1127 5569 in
1179 5514 1467 5579 moxitibus,
1518 5522 1572 5568 et
1617 5529 1735 5568 eam
1785 5529 2036 5583 qumrens

456 5602 690 5659 Judaicis
720 5618 802 5662 est
831 5608 1097 5677 appetitus
1134 5606 1343 5662 insidiis
1372 5623 1387 5662 :
1429 5623 1584 5677 quam
1616 5616 1791 5661 tamen
1826 5606 1916 5660 ille
1944 5620 2038 5673 per

458 5707 672 5748 crucem
723 5711 877 5754 suam
930 5699 1289 5765 multiplicans
1329 5714 1433 5755 non
1491 5698 1689 5753 omittit
1747 5712 2034 5761 quaerere.

2147 4604 2332 4657 beatus
2352 4606 2576 4672 populus
2606 4604 2849 4657 elevatus
2874 4604 3153 4659 ascendat.
3188 4605 3253 4658 Et
3279 4604 3397 4659 ideo
3416 4609 3754 4663 meminisse

2148 4694 2407 4749 debemus
2427 4709 2612 4749 eorum
2644 4694 3082 4763 alphabetodum,
3108 4697 3197 4766 qui
3220 4696 3509 4766 completis
3540 4698 3753 4757 litteris

2146 4786 2488 4851 adnotantur,
2524 4787 2739 4840 tertium
2772 4794 2899 4841 esse
2928 4785 3068 4840 hunc
3095 4786 3377 4854 psalmum,
3418 4786 3473 4841 id
3496 4800 3591 4844 est
3620 4807 3749 4846 cen-

2149 4880 2400 4933 tesimum
2430 4879 2716 4941 decimum,
2748 4878 3102 4934 centesimum
3126 4875 3492 4943 undecimum,
3518 4891 3581 4934 et
3607 4898 3751 4951 prte-

2146 4980 2380 5036 sentem,
2412 4972 2503 5039 qui
2536 4971 2678 5023 trino
2705 4972 2910 5025 honore
2939 4970 3155 5040 signati,
3188 4969 3437 5041 perfectae
3457 4970 3590 5027 fidei
3622 4974 3754 5028 Tri-

2148 5064 2372 5117 nitatem
2396 5062 2549 5115 nobis
2580 5060 2818 5115 indicare
2849 5069 3162 5116 noscuntur.
3198 5061 3263 5114 Et
3289 5062 3487 5115 merito
3530 5062 3609 5116 ad
3661 5064 3751 5117 fu-

2147 5164 2320 5208 turam
2366 5151 2660 5208 Jerusalem
2690 5152 2927 5207 calculus
2957 5152 3058 5205 iste
3098 5152 3405 5219 deputatur,
3440 5150 3531 5220 qui
3569 5154 3749 5207 totius

2154 5243 2478 5315 integritatis
2501 5245 2692 5297 robore
2712 5244 3091 5297 communitur.
3123 5236 3364 5308 Quatuor
3383 5250 3512 5294 vero
3543 5243 3747 5312 alpha,
3798 5256 3805 5261 '

2152 5335 2394 5399 betodes,
2444 5335 2495 5389 id
2537 5344 2637 5400 est,
2670 5335 2951 5388 vicesimus
2994 5342 3233 5402 quartus,
3275 5333 3582 5387 tricesimus
3634 5344 3752 5390 ler-

2143 5430 2270 5493 tius,
2307 5427 2606 5481 tricesimus
2628 5438 2833 5488 sextus.
2859 5432 2914 5481 et
2940 5426 3263 5480 centesimus
3285 5425 3753 5495 quadragesimus

2143 5527 2387 5589 quartus,
2421 5519 2510 5587 qui
2554 5517 2764 5571 formati
2796 5526 2921 5571 sunt
2965 5516 3157 5573 litteris
3200 5518 3495 5570 imminutis
3534 5532 3748 5571 secun-

2144 5608 2269 5660 dum
2303 5617 2530 5673 quatuor
2559 5607 2808 5660 cardines
2843 5604 3048 5672 mundi,
3080 5618 3185 5657 non
3220 5605 3514 5673 incongrue
3545 5606 3753 5659 Eccle—

2143 5697 2281 5750 siam
2311 5696 2651 5765 catholicam,
2687 5708 2801 5762 «mae
2829 5695 3001 5750 adhuc
3049 5696 3100 5750 in
3128 5694 3233 5751 isto
3276 5694 3477 5750 mundo
3506 5698 3758 5762 geritur,
