3966 6172
268 263 358 319 901
1197 262 1550 319 EXPOSITIO
1590 263 1655 318 IN
1696 263 2152 322 PSALTERlUll.
2194 266 2381 323 PSAL.
2431 272 2614 327 CXIX.

3435 284 3539 339 902

264 375 504 435 indicare
550 385 871 442 noscuntur;
920 377 1132 447 quando
1163 378 1339 434 adhuc
1375 379 1690 469 imperfecta
1740 388 1842 449 est,
1878 403 1923 463 Α
1957 381 2284 437 illamlaeob
2309 401 2403 453 pro
2424 396 2573 454 parte
2595 386 2771 457 aliqua
2802 386 2884 442 his
2908 390 3161 459 gradibus
3180 393 3406 450 fortasse
3431 412 3537 456 non

262 473 433 527 donec
468 472 969 541 praedestinatorum
1016 488 1296 528 numerum
1342 483 1715 543 competenter
1756 490 1841 530 ac-

260 563 458 632 quirat.
489 563 578 619 Sic
627 577 939 633 magnarum
980 579 1168 619 rerum
1221 564 1474 635 mysteria
1508 564 1841 633 psalmorum

260 654 485 709 istorum
513 660 754 709 noscitur
784 656 1022 711 indicare
1070 656 1342 710 collectio.
1384 657 1492 710 :Est
1544 658 1708 711 etiam
1761 658 1846 711 hic

260 745 500 812 psalmus
526 755 581 800 ct
610 746 1145 803 institutorﬁdeliuut
1174 750 1392 817 quintus
1415 748 1581 818 (sicut
1609 750 1659 803 in
1691 760 1847 805 ante-

258 835 490 890 rioribus
540 838 758 903 psalmis
789 836 900 906 jam
931 838 1148 895 dictum
1177 841 1307 909 est),
1341 840 1428 893 ubi
1473 840 1729 910 quidquid
1778 843 1843 896 ad

255 929 683 983 ecclesiasticam
731 932 1069 1000 disciplinam
1130 934 1385 1001 pertinet,
1436 933 1631 986 cohors
1688 934 1844 987 beata

255 1026 521 1089 cantavit,
551 1022 640 1089 qui
672 1024 864 1075 merito
888 1023 981 1078 tali
1007 1038 1231 1077 nurnero
1259 1022 1498 1078 noscitur
1524 1025 1840 1078 collocatus.

254 1114 388 1169 Nam
420 1126 476 1172 et
501 1117 613 1187 ipsa
644 1118 932 1185 arcaNoe,
960 1135 1080 1188 quae
1120 1120 1424 1189 specialiter
1454 1128 1637 1190 typum
1666 1130 1846 1189 gesta-

255 1206 331 1261 vit
358 1206 640 1273 Ecclesiae,
661 1217 873 1265 centum
901 1209 1262 1279 annislegitur
1280 1210 1555 1264 fabricata.
1590 1211 1695 1264 lota
1719 1226 1843 1267 \ero

252 1308 308 1351 et
352 1299 426 1352 ita
474 1300 636 1369 (sicut
685 1301 824 1370 apud
873 1301 1088 1356 Graecos
1136 1303 1413 1369 scribitur)
1440 1305 1612 1357 octavi
1644 1304 1842 1358 decimi

252 1389 445 1445 calculi
472 1391 677 1450 obtinet
704 1392 1079 1460 quantitatem.
1111 1392 1202 1448 Sic
1233 1394 1334 1449 iSle
1378 1409 1632 1449 numerus
1657 1406 1711 1449 et
1744 1409 1841 1449 co-

253 1496 407 1537 rana:
430 1484 709 1551 praemium
730 1526 744 1549 ,
777 1495 827 1539 et
854 1484 1020 1539 sancti
1042 1486 1286 1540 numinis
1314 1486 1478 1540 decus
1506 1486 1557 1539 in
1584 1500 1644 1543 se
1665 1487 1841 1542 conti-

255 1589 389 1630 nere
419 1584 769 1630 monstratur.

432 1665 596 1737 429
631 1665 997 1723 EXPOSITIO
1027 1666 1092 1722 IN
1116 1667 1447 1729 PSALMUM
1475 1669 1665 1726 CXIX.

749 1758 1021 1815 Canticum
1066 1761 1343 1831 graduum.

327 1852 465 1907 Novi
493 1852 708 1923 quidem
742 1854 877 1908 tituli
900 1863 954 1909 et
985 1854 1261 1911 mirabiles
1292 1855 1520 1911 inchoan
1552 1871 1638 1922 ur,
1666 1854 1759 1912 sed
1788 1856 1840 1911 in

252 1946 449 2015 psalmi
480 1931 781 2015 superioris
808 1945 1189 2014 explanatione
1216 1947 1415 2015 reperti
1442 1955 1599 2011 sunt;
1636 1957 1693 2001 ut
1717 1946 1845 2001 bea-

252 2033 541 2089 titudinem
576 2035 812 2089 ﬁdelium
845 2036 1189 2106 pepulerum,
1220 2052 1379 2105 quam
1411 2037 1506 2093 ille
1544 2037 1692 2091 unita
1725 2052 1841 2093 me-

250 2126 484 2181 ritorum
513 2128 772 2182 varietate
797 2128 1058 2193 cantavit,
1089 2128 1178 2182 isti
1210 2127 1263 2181 in
1294 2135 1688 2182 sacramentum
1712 2128 1841 2182 Novi

248 2227 299 2272 et
337 2216 550 2273 Veteris
578 2217 907 2273 Testameuti
938 2219 1200 2275 ordinatis
1239 2219 1546 2288 quindecim
1587 2219 1840 2289 gradibus

246 2309 607 2377 explicarent.
644 2310 1004 2378 Septenarius
1047 2311 1191 2366 enim
1220 2325 1477 2366 numerus
1504 2312 1669 2382 (sicut
1696 2326 1841 2380 saepe

242 2403 454 2469 dictum
490 2403 594 2471 est)
620 2404 887 2474 signiﬁcat
910 2404 1298 2459 hebdomadam
1319 2412 1534 2472 propter
1559 2403 1838 2467 sabbatum

250 2495 468 2557 Veteris
498 2497 832 2565 Testamenti
858 2515 870 2550 :
899 2496 1206 2552 octouarius
1232 2495 1563 2553 dominicum
1595 2495 1761 2557 diem,
1788 2494 1840 2549 in

246 2602 361 2657 quo
374 2589 663 2644 Dominum
707 2589 1072 2659 re~urrexisse
1102 2587 1446 2642 manifestum
1475 2595 1577 2653 est,
1603 2586 1745 2655 quod
1772 2586 1839 2641 ad

246 2680 459 2735 Novum
489 2682 720 2749 pertinet
748 2681 1174 2741 Testamentum.
1198 2680 1297 2748 Qui
1323 2680 1478 2735 simul
1498 2680 1670 2749 juncti
1693 2681 1841 2750 quiu-

246 2782 361 2829 tum
412 2774 679 2835 decimum
727 2788 1011 2829 numerum
1065 2773 1338 2842 complere
1391 2782 1707 2834 noscuntur,
1754 2772 1840 2827 in-

244 2871 444 2921 choata
496 2867 679 2923 surculi
734 2866 1134 2922 renuutiatione
1178 2884 1189 2918 :
1236 2865 1488 2934 quoniam
1542 2865 1840 2921 mundanas

247 2959 697 3014 conversationes
725 2971 977 3026 tanquam
1009 2957 1275 3011 malorum
1301 2970 1519 3011 suorum
1551 2970 1838 3026 gravamen

246 3052 549 3105 exhorruit.
604 3049 743 3105 lliuc
805 3049 1127 3119 quibusdam
1199 3048 1516 3103 meritorum
1585 3048 1839 3118 gradibus

1957 475 2227 530 immerito
2258 477 2484 532 dicimus
2512 480 2965 547 comparandam;
2994 482 3085 536 illa
3116 485 3255 538 enim
3271 494 3326 539 et
3348 498 3543 541 ascen-

1953 566 2146 621 dentes
2179 568 2364 623 habuit
2393 577 2450 623 et
2484 569 2874 626 descendentes
2908 590 2919 624 :
2954 574 3006 626 in
3036 574 3308 631 istisrvero
3351 579 3535 646 gradi-

1952 658 2053 713 bus
2084 660 2361 714 beatorum
2393 662 2538 716 solus
2574 677 2829 717 ascensus
2859 673 2960 719 est.
2996 666 3040 719 A
3069 668 3345 726 nonnullis
3373 670 3534 724 etiam

1949 762 2007 808 et
2058 755 2361 822 quindecim
2408 758 2531 810 anni
2582 759 2670 826 qni
2722 759 2831 825 regi
2882 759 3122 813 Ezechiae
3177 770 3302 815 sunt
3343 763 3537 829 additi,

1951 843 2077 899 huic
2100 844 2442 899 similitudini
2476 847 2724 900 videntur
2749 847 2936 914 aptati,
2966 858 3021 901 ut
3069 849 3153 904 hic
3184 866 3455 907 numerus
3482 862 3540 909 et

1952 936 2026 989 ibi
2064 935 2320 1004 perfecta:
2349 937 2467 989 vita:
2486 951 2702 990 cursum
2740 938 3004 993 indicasse
3044 950 3393 997 monstretur.
3462 986 3473 995 .

2522 1027 2721 1083 Divisio
2759 1032 2962 1097 psalmi.

2020 1118 2125 1174 Per
2153 1127 2322 1174 totum
2352 1118 2615 1187 psalmum
2667 1121 2921 1188 propheta
2953 1123 3208 1191 loquitur.
3262 1122 3315 1178 In
3340 1125 3529 1193 prima

1948 1219 2104 1279 parte
2126 1210 2326 1264 clamat
2350 1212 2416 1264 ad
2449 1210 2753 1277 Dominum,
2779 1221 2835 1265 ut
2865 1212 3124 1267 liberetur
3152 1228 3179 1266 a
3229 1214 3384 1269 labiis
3432 1217 3537 1271 ini-

1949 1303 2069 1373 quis
2090 1310 2145 1355 et
2173 1317 2201 1355 a
2233 1302 2407 1371 lingua
2437 1301 2647 1358 dolosa.
2684 1302 2949 1369 Secunda,
3004 1304 3351 1360 vehementer
3400 1306 3537 1360 afﬂi-

1947 1402 2108 1466 gitur,
2137 1397 2276 1465 quod
2325 1399 2374 1451 in
2402 1398 2509 1451 hac
2560 1399 2663 1452 vita
2721 1400 2923 1457 diutius
2971 1415 3312 1457 commorans
3358 1404 3536 1459 aliena

1950 1487 2075 1540 vitia
2098 1486 2436 1554 sustinendo,
2469 1487 2733 1541 malorum
2766 1490 3121 1557 permixtione
3150 1504 3533 1564 praegravatur.

2487 1576 2756 1646 Expositio
2787 1579 3000 1650 psalmi.

2027 1671 2180 1725 Vers.
2222 1670 2276 1723 l.
2331 1668 2410 1721 Ad
2453 1668 2729 1721 Dominum
2752 1685 2868 1722 cum
2896 1670 3167 1725 tribulam
3192 1674 3430 1741 clamavi,
3488 1686 3536 1730 et

1876 1754 1923 1812 B
1950 1767 2207 1821 exaudivit
2226 1781 2321 1818 me.
2352 1762 2569 1817 inchoat
2589 1763 2789 1832 primus
2811 1765 3063 1819 virtutum
3086 1769 3315 1838 gradus;
3347 1770 3399 1824 iu
3430 1787 3536 1841 quo

1955 1859 2214 1925 prepheta
2246 1864 2461 1911 terrena
2493 1856 2617 1909 vitia
2637 1853 3049 1925 derelinquens,
3083 1859 3423 1917 confessione
3453 1862 3535 1916 la-

1950 1948 2231 2021 crymahili
2263 1949 2398 2017 petit
2426 1962 2485 2003 se
2515 1948 2584 2003 de
2615 1948 2799 2003 mundi
2825 1949 2983 2004 istius
3016 1952 3364 2009 tribulatione
3400 1955 3535 2011 libe-

1949 2041 2076 2095 rari.
2134 2039 2345 2094 lnitium
2390 2040 2532 2094 enim
2586 2048 2874 2108 provectus
2931 2053 3014 2095 est
3058 2042 3259 2099 delicta
3299 2048 3533 2102 carnalia

1949 2132 2271 2202 relinquere,
2302 2140 2358 2186 et
2383 2131 2461 2186 sic
2493 2131 2717 2186 Domino
2740 2133 3051 2201 supplicare.
3087 2129 3217 2189 Nam
3248 2138 3337 2207 qni
3369 2155 3530 2194 unum

1950 2225 2171 2296 gradum
2214 2223 2548 2289 conscendit,
2601 2232 2797 2278 terram
2840 2227 3024 2295 utique
3069 2227 3340 2296 relinquit,
3379 2237 3433 2282 et
3479 2228 3533 2285 in

1943 2318 2172 2388 quodam
2216 2317 2399 2370 adhuc
2450 2315 2639 2369 humili
2687 2316 2806 2370 loco
2860 2315 3142 2385 recipitur,
3180 2318 3265 2372 cui
3304 2318 3534 2378 elevatio

1945 2412 2119 2481 prima
2149 2407 2578 2480 praestatur..Sed
2605 2408 2715 2479 jam
2764 2409 3117 2479 proculdubio
3156 2410 3374 2467 habebit
3413 2429 3533 2469 nte-

1944 2506 2108 2561 ritum
2140 2504 2305 2570 beati,
2325 2503 2424 2573 ,qui
2458 2503 2539 2557 vel
2573 2504 2625 2557 in
2659 2503 2765 2559 iste
2790 2502 2957 2573 gradu
2998 2504 3234 2572 potuerit
3276 2505 3529 2573 inveniri,

1943 2598 2083 2652 sicut
2112 2596 2345 2667 legitur:
2383 2594 2530 2650 Beati
2568 2612 2791 2666 quorum
2834 2597 3060 2651 remissae
3088 2608 3207 2652 sunt
3240 2599 3534 2670 iniquitates

1946 2688 2120 2759 (Psal.
2150 2704 2297 2753 nat,
2321 2688 2399 2758 l).
2426 2689 2764 2759 Quapropter
2786 2690 3098 2745 exauditam
3128 2706 3186 2746 se
3214 2692 3365 2757 dicit,
3395 2708 3529 2762 quo-

1942 2783 2087 2839 niam
2119 2782 2171 2837 in
2198 2783 2541 2838 tribulatione
2568 2782 2915 2841 clantaverat.
2948 2783 3207 2839 Dominus
3245 2786 3386 2838 enim
3435 2801 3532 2839 ne-

1942 2876 2045 2932 scit
2075 2875 2309 2936 differre.
2366 2888 2525 2943 quem
2564 2889 2889 2943 cotnpnncto
2928 2877 3093 2930 corde
3144 2875 3246 2929 sibi
3296 2878 3534 2931 senserit

1945 2968 2274 3037 supplicare,
2302 2966 2435 3021 sicut
2466 2968 2519 3025 in
2552 2966 2684 3021 Isaia
2712 2969 2906 3036 legitur
2936 2987 2950 3021 :
2989 2967 3167 3025 Adhuc
3188 2968 3450 3022 inrocante
3487 2978 3533 3024 ts

1944 3060 2114 3113 dicunt
2145 3075 2164 3113 :
2191 3059 2321 3113 Ecce
2344 3063 2545 3119 adsum.
2581 3059 2647 3112 Et
2694 3040 2896 3127 inspice
2925 3074 3082 3127 quam
3130 3061 3199 3112 sit
3230 3059 3532 3127 pulcherri-

248 3142 575 3203 8scendens.
601 3142 665 3195 ad
698 3141 992 3210 ιἐτΐνειεω
1015 3152 1174 3212 atque
1203 3151 1456 3197 meritam
1488 3140 1697 3196 Domini
1722 3153 1839 3208 P81"
1870 3133 1913 3193 Ο
1947 3166 2066 3207 mus
2088 3151 2222 3203 ordo
2261 3150 2545 3204 dictorum.
2591 3150 2828 3205 Primum
2880 3153 3049 3218 posita
3100 3158 3185 3204 est
3238 3150 3531 3216 tribulatio,

251 3234 400 3289 venit
433 3232 774 3300 charitatem,
818 3249 935 3301 qua:
964 3233 1017 3286 in
1061 3245 1271 3289 summo
1316 3232 1572 3286 virtutum
1622 3229 1839 3301 fastigio

246 3323 495 3379 noscitur
518 3324 780 3377 collocata
808 3340 822 3389 ;
856 3322 995 3392 quod
1025 3338 1123 3377 suo
1170 3323 1288 3378 loco
1322 3323 1623 3377 evidentius
1669 3323 1841 3392 expli-

246 3432 459 3472 camus.
516 3416 647 3470 lllud
706 3424 883 3470 tamen
927 3416 1140 3479 restituo
1187 3416 1661 3480 commonendum,
1696 3415 1838 3483 quod

246 3508 459 3579 (divina
488 3507 657 3577 gratia
694 3505 1051 3574 concedente)
1079 3505 1227 3560 varia
1258 3506 1651 3576 signiﬁcatione
1680 3504 1841 3559 meri-

247 3612 432 3654 torum
465 3607 519 3653 et
546 3599 599 3651 in
644 3599 760 3653 istis
790 3599 1010 3667 psalmis
1056 3597 1361 3668 quindecim
1404 3600 1602 3667 gradus
1635 3612 1839 3665 ponun-

245 3702 354 3756 tur,
393 3690 536 3744 sicut
569 3690 622 3743 in
652 3690 747 3743 illo
773 3690 969 3753 templo
999 3675 1472 3760 Jerdsolymitano,
1504 3688 1649 3758 quod
1677 3704 1708 3741 a
1736 3688 1837 3743 Sa-

246 3785 469 3838 lomone
502 3792 683 3837 nolunt
712 3794 795 3837 est
814 3783 979 3839 fuisse
1004 3782 1296 3852 perfectum
1327 3799 1341 3847 ;
1375 3790 1433 3835 ut
1456 3795 1691 3851 praesens
1704 3782 1839 3834 ordo

244 3879 603 3940 psalmorum,
655 3887 709 3929 et
768 3876 819 3929 in
869 3876 956 3929 illa
1008 3875 1414 3930 constructione
1443 3875 1836 3943 praeﬁguratns,

246 3969 497 4021 videatur
535 3980 655 4019 esse
691 3967 1003 4034 praedictus.
1035 3965 1271 4020 Terrena
1301 3964 1566 4034 siquidem
1617 3963 1704 4017 illa
1762 3964 1838 4016 fa-

245 4060 391 4112 brica
428 4057 667 4113 cmlestis
714 4057 899 4127 templi
930 4056 1331 4112 similitudinem
1370 4064 1582 4126 gestare
1616 4054 1837 4109 videba-

246 4161 265 4203 t
288 4168 353 4205 :r.
382 4150 726 4219 Quapmptcr
746 4165 866 4205 cum
889 4151 1085 4221 gradus
1108 4149 1357 4204 audimus
1379 4150 1431 4207 in
1458 4149 1697 4218 psalmis,
1732 4164 1837 4203 non

247 4254 532 4300 terrenum
560 4255 652 4298 aut
678 4245 951 4313 corporeis
1003 4245 1278 4314 gressibus
1311 4244 1653 4300 subeundum
1688 4244 1843 4299 nobis

243 4336 453 4406 aliquid
505 4337 862 4405 sustiicemur,
914 4338 1008 4392 sed
1043 4339 1240 4392 mentis
1287 4338 1617 4408 accipiamus
1645 4353 1841 4393 ascen-

1946 3242 2142 3295 dcinde
2170 3242 2510 3302 exclamatio,
2560 3243 2719 3296 tt'rliu
2769 3242 3062 3306 exanditio,
3096 3251 3150 3297 ut
3194 3258 3289 3312 per
3313 3243 3532 3299 ordines

1946 3344 2125 3388 certos
2155 3331 2218 3384 ad
2250 3332 2533 3385 Dmuiuum
2565 3340 2777 3385 constet
2809 3341 2925 3383 vota
2952 3332 3233 3400 pervenire
3270 3331 3531 3387 ﬁdelium.

2014 3422 2165 3477 Vers.
2196 3421 2251 3475 ἓ.
2286 3420 2520 3480 Domine,
2548 3422 2708 3475 libera
2735 3423 2963 3475 animam
2990 3438 3023 3474 α
3064 3422 3213 3477 labiis
3257 3424 3445 3492 iniquis
3485 3432 3532 3476 et

1943 3530 1974 3565 a
2007 3514 2182 3584 lingua
2213 3513 2411 3567 dolosa.
2470 3512 2682 3567 Positns
2717 3512 2766 3566 in
2812 3513 2899 3568 illa
2931 3513 3177 3568 convalle
3213 3513 3529 3583 plorationis

1946 3602 2088 3673 (qua
2120 3612 2294 3659 tamen
2325 3603 2434 3672 jam
2486 3603 2682 3672 gradus
2731 3602 2966 3657 ﬁdelium
3023 3618 3144 3658 esse
3185 3605 3531 3673 cognoscitur

1943 3695 2273 3761 animarum)
2309 3695 2516 3749 liberari
2544 3708 2603 3749 se
2636 3694 2769 3762 petit
2799 3694 2867 3749 ab
2899 3695 3340 3763 imputationibus
3376 3712 3529 3765 aspe.

1943 3786 2020 3840 ris
2046 3795 2101 3840 et
2124 3786 2506 3841 blandimentis
2533 3784 2726 3838 callida
2756 3784 3005 3839 suasione
3024 3785 3363 3851 compositis.
3396 3785 3527 3841 Nam

1942 3880 2032 3949 qui
2066 3879 2321 3934 mundum
2375 3879 2600 3945 cmperit
2647 3876 2898 3929 vitiorum
2928 3875 3329 3931 abominatione
3367 3876 3531 3933 dese-

1944 3985 2086 4036 rere,
2116 3970 2287 4040 prima
2309 3968 2487 4023 fronte
2516 3967 2884 4023 conversionis
2910 3967 3084 4036 iniqua
3118 3966 3257 4020 labia
3299 3970 3525 4037 patitur.

1942 4066 2069 4119 dum
2099 4064 2217 4132 ejus
2245 4062 2576 4133 propositum
2610 4061 2891 4117 sceleratis
2919 4060 3352 4117 ohloontionibus
3396 4062 3520 4117 irri-

1942 4157 2121 4213 detur.
2150 4156 2352 4211 Dicitur
2389 4155 2530 4209 enim
2554 4153 2605 4208 ei
2634 4154 2704 4207 ab
2732 4153 2927 4222 iniquis
2967 4171 2979 4207 :
3014 4154 3150 4219 Quid
3197 4162 3249 4208 te
3286 4156 3519 4224 crucias,

1942 4257 1999 4302 ut
2025 4245 2211 4303 surculi
2262 4247 2497 4301 honores
2542 4243 2734 4314 fugias,
2775 4253 2830 4299 et
2874 4244 3101 4299 humana
3142 4244 3518 4307 blandimenta

1940 4339 2303 4408 derelinquas,
2339 4345 2395 4391 ut
2423 4344 2479 4392 et
2506 4336 2665 4391 istum
2690 4335 2946 4391 mundum
2978 4334 3197 4405 perdas,
3230 4351 3329 4391 nec
3358 4336 3428 4391 ibi
3457 4338 3524 4392 ad

242 4444 392 4483 sum.
436 4429 561 4484 Ideo
593 4432 735 4484 enim
769 4430 1106 4497 prmmissum
1138 4438 1241 4493 est,
1288 4428 1574 4495 Canticum,
1627 4438 1685 4482 ut
1739 4432 1839 4483 hoc
1869 4455 1914 4515 ο
1942 4433 2083 4502 quod
2113 4432 2388 4487 desideras
2415 4430 2700 4501 aliquando
2729 4430 3046 4500 pervenias?
3084 4429 3189 4485 Sed
3240 4430 3354 4485 δίεπε
3401 4443 3527 4484 sunt

244 4525 435 4591 potius
456 4521 522 4576 ad
545 4523 740 4577 anima:
764 4532 1073 4590 provectum
1099 4522 1369 4591 applicare
1397 4521 1709 4576 debeamus.
1733 4521 1837 4575 Sed

239 4616 447 4685 gradus
474 4616 573 4669 iste
615 4614 930 4669 humilitatis
961 4623 1044 4670 cst
1071 4627 1351 4679 ascensus,
1391 4612 1661 4669 confessio
1711 4627 1838 4679 pec-

240 4719 521 4777 catorum,
555 4708 696 4763 sicut
742 4710 793 4761 in
830 4707 1157 4777 octogesimo
1200 4706 1358 4761 tertio
1396 4705 1601 4776 psalmo
1636 4704 1837 4760 dictum

242 4812 374 4859 est:
409 4803 666 4855 Ascensus
700 4803 752 4855 in
784 4802 938 4855 corde
958 4805 1069 4873 ejus
1093 4799 1345 4865 disposuit
1387 4799 1441 4851 in
1490 4799 1716 4852 convalle
1762 4797 1841 4852 la—

234 4909 547 4963 crymarum
576 4892 747 4962 (Psal.
792 4908 1015 4957 Laxsttt,
1046 4893 1099 4957 6,
1126 4891 1203 4960 7).
1252 4890 1344 4947 Sic
1370 4890 1512 4943 enim
1555 4890 1687 4944 istos
1712 4903 1835 4959 gra-

235 4986 343 5041 dus
400 4986 697 5040 ascendere
752 4986 1103 5049 merebimur,
1162 4982 1206 5036 si
1253 4996 1348 5050 pro
1387 4980 1600 5034 delictis
1638 4981 1835 5034 uestris

232 5082 525 5149 prosirati,
559 5077 1001 5147 Donainojttgiler
1022 5076 1413 5146 supplicemus.
1438 5073 1724 5129 Sciendum
1751 5082 1833 5128 est

234 5184 430 5227 autem
460 5172 601 5241 quod
630 5172 823 5238 gradus
847 5171 931 5225 isti
963 5183 1244 5224 ascensum
1271 5178 1500 5228 tantum,
1537 5182 1640 5220 non
1669 5167 1831 5220 etiam

232 5270 507 5328 putentur
540 5262 739 5317 habere
762 5263 1106 5318 descensum.
1148 5262 1278 5317 Nam
1306 5261 1450 5332 quod
1501 5275 1601 5315 nos
1631 5264 1833 5313 cantica

226 5355 507 5427 graduum
546 5369 795 5409 vocamus
817 5397 832 5419 ,
866 5356 1004 5425 apud
1035 5354 1250 5411 Grmcos
1276 5353 1380 5429 ᾠδή
1407 5361 1507 5411 τῶν
1527 5355 1830 5425 ἀναϐαθμῶν

227 5446 479 5515 positum
532 5462 654 5501 esse
698 5450 1079 5517 cognoscitur,
1115 5447 1427 5516 signiﬁcans
1469 5444 1668 5514 gradus
1700 5446 1829 5499 istos

226 5550 453 5593 tantum
498 5540 561 5592 ad
592 5556 817 5610 superna
863 5542 1165 5597 tendentes.
1206 5541 1545 5608 Quapropter
1566 5540 1674 5607 jam
1708 5538 1833 5591 hea-

226 5640 426 5684 tnrum
476 5646 596 5687 esse
649 5633 902 5687 credendi
930 5642 1075 5698 sunt,
1128 5633 1217 5699 qui
1270 5640 1561 5701 praestante
1606 5629 1832 5684 Domino

228 5723 396 5777 milia
438 5734 662 5791 possunt
706 5725 1023 5793 deceptione
1068 5723 1362 5793 submergi.
1438 5722 1592 5779 Uni‘e
1626 5721 1832 5776 scalam

1942 4525 1996 4579 in
2028 4524 2183 4578 labiis
2211 4522 2501 4578 constituta
2534 4521 2809 4576 fallacibus
2844 4538 2856 4575 :
2890 4522 3014 4590 quia
3062 4521 3213 4575 nulla
3269 4521 3523 4577 videlicet

1942 4615 2118 4670 cordis
2173 4613 2566 4670 deliberatione
2611 4613 2820 4668 ﬁrmata
2868 4622 3017 4668 sunt.
3078 4614 3366 4685 Postquam
3422 4616 3522 4671 ista

1944 4707 2123 4760 minus
2153 4706 2442 4771 valuerint,
2467 4714 2592 4760 tunc
2618 4718 2870 4760 suasores
2899 4704 2963 4758 ad
2997 4705 3180 4759 dolosa
3217 4719 3277 4759 se
3319 4706 3525 4761 blandi.

1942 4807 2121 4854 menta
2152 4807 2491 4863 convertunt,
2511 4799 2787 4854 dicentes:
2819 4797 2937 4852 Noli
2963 4808 3013 4852 te
3035 4796 3307 4862 claudere,
3339 4799 3446 4853 noli
3472 4812 3524 4854 te

1937 4890 2144 4961 jejunio
2173 4890 2413 4960 fatigare,
2450 4900 2617 4945 restat
2653 4899 2868 4959 tempus
2898 4905 3018 4944 enm
3064 4890 3163 4943 ista
3208 4888 3407 4955 facias;
3432 4892 3523 4961 qui

1939 4984 2067 5038 dum
2099 4998 2159 5038 se
2187 4991 2375 5052 ptttaut
2411 4983 2555 5053 loqui
2589 4996 2686 5051 pro
2714 4996 2961 5050 corpore,
2994 4996 3181 5035 causas
3209 4984 3402 5037 animae
3427 4998 3523 5035 uo-

1938 5089 2159 5133 scuntur
2188 5076 2507 5130 omnimodis
2541 5075 2839 5143 ingravare.
2886 5068 3006 5143 Ipsa
3040 5080 3167 5127 sunt
3192 5087 3320 5142 ergo
3346 5073 3520 5143 iniqua

1941 5169 2078 5223 labia
2108 5178 2160 5222 et
2189 5166 2365 5236 lingua
2393 5166 2596 5231 dolosa,
2622 5182 2743 5233 qua:
2772 5165 2939 5233 prima
2975 5164 3148 5218 fronte
3175 5164 3265 5218 ille
3299 5164 3520 5233 patitur,

1939 5263 2029 5332 qui
2058 5261 2123 5315 ad
2152 5260 2357 5314 Domini
2387 5259 2536 5326 jussa
2584 5258 2920 5311 transfertur.
2950 5256 3056 5312 Sed
3092 5256 3337 5324 quamvis
3385 5256 3521 5309 levia

1938 5361 2089 5423 putet
2113 5367 2233 5406 esse
2258 5367 2377 5420 qua:
2403 5352 2542 5405 dicta
2574 5360 2716 5413 sunt,
2744 5350 2864 5404 inde
2892 5349 3180 5401 humanum
3203 5360 3369 5414 genus
3392 5362 3517 5399 cor-

1935 5443 2063 5506 ruit,
2092 5440 2215 5494 indc
2245 5441 2609 5496 conditionem
2634 5440 2818 5493 morti<
2845 5441 3069 5506 accepit.
3103 5438 3145 5492 Ν
3164 5452 3387 5490 uncum
3406 5449 3521 5489 ser-

1938 5546 2069 5600 pens
2095 5532 2327 5586 venissu
2383 5531 2448 5584 ad
2482 5532 2663 5595 Evam,
2707 5530 2876 5597 primo
2926 5528 3004 5581 illi
3048 5528 3187 5583 dix't
3240 5541 3331 5595 per
3380 5526 3519 5579 labia

1935 5627 2145 5695 iniqua:
2181 5623 2351 5691 Quare
2375 5624 2610 5694 ρηεεερίι
2628 5625 2763 5678 vobis
2790 5623 3055 5685 Dominus,
3078 5630 3132 5675 ut
3178 5637 3277 5673 non
3306 5619 3521 5671 manda-

1936 5718 2059 5773 cetis
2078 5716 2250 5771 dehoc
2271 5716 2411 5787 ligno
2441 5715 2669 5781 paradisi
2690 5716 2894 5784 (Genu.
2927 5726 3011 5779 tu,
3056 5712 3148 5784 5)?
3181 5712 3242 5766 Et
3274 5724 3393 5765 cum
3428 5709 3518 5765 illa
