4032 6176
450 307 559 363 903

1674 296 1741 350 Μ.
1785 294 1824 347 Α
1836 295 2058 352 ιῐῐὶΕΗΙ
2100 294 2489 352 CASSIODORI

3600 308 3701 363 QN

460 418 840 490 respondisset,
886 437 933 473 at
960 417 1185 477 Domino
1217 421 1377 475 fuisse
1408 418 1755 491 prohibitum,
1804 418 1882 472 ait
1931 433 2025 485 per
2054 417 2103 478 Α
2130 405 2399 485 querelam
2426 416 2668 471 diversos
2690 425 2903 472 sanctos
2928 416 3180 474 habuisse
3217 433 3321 504 non
3349 417 3569 474 dubium
3598 433 3701 487 est,

459 513 684 587 linguam
715 512 980 566 dolosam:
1007 510 1337 578 Manducatc,
1366 525 1413 567 et
1432 514 1570 566 eritis
1593 513 1720 566 sicut
1742 512 1837 565 dii.
1872 510 2032 565 Vides

459 618 586 672 ergo
609 604 795 658 merito
820 605 1040 658 summis
1063 603 1271 657 viribus
1293 605 1611 673 expetitum.
1632 614 1689 657 ut
1712 604 1779 657 ab
1804 603 1885 656 itis
1911 617 2034 655 sua-

461 693 698 746 sionibus
723 692 980 762 propheta
1012 693 1352 764 liberaretur,
1380 697 1519 750 unde
1547 697 1834 749 humanum
1866 707 2033 763 genus

460 793 681 837 noverat
703 784 863 837 fuisse
888 784 1193 853 deceptum.

534 874 682 927 Vers.
718 876 772 928 5.
826 876 959 940 Quid
991 876 1136 929 detur
1174 877 1286 942 tibi,
1320 887 1409 929 aut
1437 877 1562 945 quid
1606 884 1907 944 apponatur
1946 875 2037 928 tibi

463 963 531 1016 ad
562 964 788 1033 linguam
810 965 1076 1019 dolosam?
1097 965 1216 1019 Post
1241 965 1678 1019 exclamationem
1706 964 2033 1033 praemissam

465 1063 517 1108 et
548 1066 747 1108 metum
793 1056 1179 1110 imminentium
1230 1057 1612 1125 periculorum,
1658 1053 1912 1124 prepheta
1946 1068 2034 1109 re-

465 1148 689 1202 vertitur
712 1151 776 1203 ad
805 1150 1274 1223 interrogationem
1317 1166 1489 1215 suam,
1529 1151 1670 1219 quod
1723 1150 1901 1203 facere
1951 1147 2034 1202 ni-

466 1240 630 1293 mium
659 1242 955 1309 cogitantes
997 1243 1193 1296 solent.
1224 1242 1463 1309 Hmsitat,
1489 1241 1677 1309 quierit
1699 1248 1886 1294 contra
1926 1249 2036 1294 tam

468 1331 671 1386 facinus
698 1334 1160 1397 immanissimum,
1183 1336 1322 1404 quod
1350 1334 1453 1388 sibi
1476 1334 1769 1389 remedium
1792 1332 2038 1387 crederet

464 1437 586 1478 esse
619 1424 999 1492 praestandum,
1031 1424 1195 1494 530
1242 1434 1300 1478 ut
1327 1423 1574 1492 opposito
1604 1422 1834 1491 qundam
1866 1422 2039 1475 muni-

467 1513 628 1579 mine,
661 1514 966 1567 transmissa
1006 1518 1107 1569 tela
1141 1524 1281 1567 tutus
1310 1514 1580 1569 evaderet.
1643 1513 1711 1566 Et
1757 1527 1875 1566 cum
1905 1512 2037 1566 duas

468 1619 554 1658 res
580 1619 738 1671 supra
773 1607 1025 1673 posuerit,
1056 1622 1085 1656 a
1116 1605 1260 1657 labiis
1284 1605 1469 1672 iniquis
1499 1614 1544 1656 et
1574 1621 1604 1656 a
1628 1604 1803 1674 lingua
1834 1602 2034 1667 dolosa,

468 1695 556 1748 hic
610 1703 811 1748 tantum
868 1695 1142 1749 dicitzAd
1196 1696 1421 1765 linguam
1460 1696 1722 1759 dolosam,
1773 1709 1892 1762 qua:
1947 1707 2034 1748 res

2133 507 2195 559 si.
2217 514 2272 559 ttt
2302 507 2649 561 Ecc'esiastes
2678 506 2832 560 dicit:
2869 507 2933 562 Et
2966 508 3169 561 laudaui
3199 525 3370 563 omnes
3401 512 3489 579 qui
3517 516 3702 566 mortui

2132 608 2250 651 sunt
2275 614 2428 664 super
2444 613 2614 650 omnes
2649 598 2735 667 qui
2766 598 2936 651 uiuunt
2965 614 3122 669 usque
3160 616 3294 653 nunc
3324 599 3495 672 (Eccl.
3523 617 3597 667 tv,
3618 603 3697 673 ἓ).

2137 691 2426 759 Apostolus
2456 705 2665 759 quoque
2692 690 2883 745 Paulus
2903 692 3196 746 exclamat:
3240 693 3403 764 Cupio
3418 695 3629 749 dissolvi
3658 708 3704 750 et

2136 799 2242 837 esse
2264 799 2378 837 cum
2399 783 2597 837 Christo
2629 782 2851 853 (Philip.
2883 799 2921 849 ι,
2945 783 3059 851 23).
3092 783 3280 838 Merito
3324 801 3456 855 ergo
3496 794 3552 842 et
3587 805 3705 856 pru-

2138 876 2294 944 pheta
2319 876 2368 935 in
2403 876 2500 930 hac
2530 884 2681 943 parte
2701 876 3026 945 congemuit,
3058 876 3151 944 qui
3197 877 3472 931 simillimo
3496 879 3704 934 Domini

2136 979 2320 1020 amore
2357 966 2619 1034 ﬂagravit.
2647 964 2913 1018 lncotatus
2951 976 3130 1019 autem
3160 966 3426 1035 signiﬁcat
3469 973 3705 1037 peregri—

2139 1059 2431 1114 nationem.
2462 1058 2667 1113 incolas
2689 1056 2830 1114 enim
2853 1057 3080 1112 dicimus
3103 1058 3192 1127 qui
3214 1058 3280 1113 ad
3308 1068 3515 1129 tempus
3538 1070 3705 1116 terras

2138 1150 2340 1206 alienas
2367 1150 2572 1217 colunt,
2606 1149 2700 1205 sed
2728 1166 2759 1203 a
2786 1150 2956 1218 patria
2982 1164 3077 1203 sua
3104 1142 3260 1219 longe
3289 1153 3519 1220 sejuncti
3559 1166 3701 1211 sunt.

2140 1241 2291 1307 Quod
2318 1241 2386 1297 de
2427 1242 2530 1295 illis
2585 1242 2775 1297 merito
2821 1241 3046 1305 dicitur,
3092 1256 3320 1310 quorum
3367 1249 3703 1301 conversatio

2140 1346 2352 1401 semper
2375 1331 2427 1385 in
2454 1331 2603 1385 caelis
2629 1341 2734 1398 est,
2761 1331 2853 1386 sed
2881 1331 3056 1387 adhuc
3080 1332 3163 1387 hic
3191 1346 3418 1402 corpore
3456 1334 3704 1393 detinen-

2143 1433 2249 1480 tur.
2283 1426 2432 1493 Quod
2458 1437 2636 1479 autem
2665 1425 2822 1493 dixit,
2857 1428 3194 1497 prolongatus
3215 1435 3310 1494 est,
3342 1428 3591 1485 allectum
3627 1434 3703 1487 ni-

2140 1517 2304 1570 mium
2333 1516 2690 1571 desiderantis
2718 1518 3006 1585 expreSsit.
3056 1516 3301 1588 Cupienti
3330 1520 3593 1590 siquidem
3624 1522 3702 1577 le~

2136 1609 2293 1662 licem
2345 1609 2564 1677 patriam
2619 1607 2832 1674 videre,
2882 1615 3122 1679 quamvis
3171 1610 3257 1665 hic
3294 1611 3458 1667 breve
3498 1623 3703 1683 tempus

2138 1698 2391 1768 probetur
2418 1712 2562 1761 esse,
2610 1699 2953 1770 longinquum
3001 1709 3103 1756 est.
3162 1701 3429 1771 Sequitur,
3486 1702 3701 1759 habitari

469 1795 749 1855 utrumque
802 1787 1194 1854 complectitur.
1260 1785 1457 1856 Lingua
1506 1786 1647 1840 enim
1717 1784 1923 1847 dolosa,
1981 1793 2035 1837 et
2068 1770 2108 1828 Β
2135 1805 2251 1842 cum
2281 1784 2624 1844 habitantibus
2650 1789 2836 1846 Cedar.
2868 1791 3032 1845 Cedar
3066 1770 3347 1847 Hebrteum
3388 1811 3585 1851 nomen
3619 1788 3702 1852 est

467 1877 639 1945 iniqua
675 1878 811 1930 lubia
838 1893 1048 1947 semper
1078 1877 1319 1932 assumit.
1353 1876 1459 1933 Sed
1511 1891 1578 1933 ne
1611 1876 1841 1929 tardaret
1887 1876 2038 1928 auxi-

468 1968 619 2035 lium,
654 1970 914 2024 mediciua
957 1972 1196 2040 sequitur
1219 1970 1504 2039 postulata.
1548 1968 1677 2034 Quae
1708 1969 1872 2037 ﬁgura
1898 1966 2033 2021 diri-

466 2069 552 2114 tur
579 2064 831 2124 erotesis,
871 2060 922 2115 id
948 2070 1030 2116 est
1057 2061 1436 2130 interrogatio,
1478 2059 1694 2130 quando
1722 2058 1787 2112 ad
1825 2057 2035 2113 excrci-

472 2152 730 2206 tationem
761 2166 910 2207 suam
967 2151 1159 2222 aliquis
1202 2149 1450 2221 proponit
1490 2149 1591 2204 sibi
1627 2164 1749 2219 qua:
1791 2148 1906 2218 ipse
1955 2162 2040 2203 rc-

467 2244 712 2310 spondet

540 2351 692 2408 Vers.
719 2352 773 2409 4.
800 2352 1014 2424 Sagitta:
1044 2345 1256 2421 potentis
1286 2350 1411 2423 (ms.
1440 2350 1506 2407 G.
1528 2358 1583 2406 et
1621 2350 1709 2406 ed.
1727 2389 1744 2417 ,
1785 2346 2035 2419 potentes}

468 2454 654 2511 acutae,
680 2460 794 2498 cum
824 2446 1130 2499 carbonibus
1150 2445 1493 2507 desolatoriis.
1540 2444 1676 2499 Ecce
1705 2441 1831 2497 illud
1860 2454 2038 2497 reme-

468 2538 612 2605 dium
641 2538 782 2608 quod
818 2541 1007 2595 anxius
1051 2526 1339 2609 quaerebat,
1395 2539 1633 2604 invenit;
1665 2552 1792 2594 ecce
1839 2536 2039 2592 beneﬁ-

469 2632 609 2686 cium
641 2640 953 2700 competens
980 2633 1120 2701 quod
1169 2641 1223 2687 et
1269 2632 1408 2689 labia
1441 2630 1617 2701 iniqua
1674 2630 1933 2695 destruat,
1982 2636 2040 2684 et

470 2723 702 2790 linguam
734 2723 973 2779 dolosam
1002 2724 1211 2778 Domini
1243 2725 1440 2779 virtute
1470 2722 1776 2777 confundat.
1820 2718 2040 2792 Sagitta:

470 2813 687 2880 potmtis
730 2824 913 2879 acutis,
947 2813 1105 2870 verba
1143 2814 1273 2884 legis
1312 2814 1505 2868 divina:
1548 2822 1690 2878 sunt,
1716 2812 1908 2883 quibus
1948 2820 2042 2868 aut

472 2904 869 2971 buzreticorum,
899 2914 993 2963 aut
1012 2906 1235 2962 subdole
1264 2906 1648 2961 blandientium
1678 2905 1862 2970 corda,
1897 2903 2040 2959 velut

470 2996 784 3067 quibusdam
805 2997 996 3066 iaculis
1023 2997 1416 3053 transferantur
1436 3037 1452 3063 ,
1480 2997 1886 3066 sicutscriptum
1916 3005 2034 3051 est:

2134 1880 2275 1949 quod
2307 1894 2485 1935 nostra
2530 1881 2707 1951 lingua
2757 1882 3142 1950 interpretatur
3180 1885 3436 1942 tenebrae.
3498 1888 3606 1943 Hoc
3635 1892 3698 1942 ad

2135 1972 2318 2028 saeculi
2350 1973 2506 2041 hujus
2530 1974 2758 2042 pertinet
2795 1985 3083 2043 amatores,
3116 1978 3202 2046 qui
3234 1980 3531 2035 tenebrosis
3573 1984 3700 2051 aeti-

2138 2064 2236 2118 bus
2266 2064 2507 2129 involuti,
2539 2065 2628 2118 illa
2659 2067 2825 2137 magis
2845 2067 3072 2135 diligunt
3102 2069 3241 2124 unde
3264 2072 3441 2139 perire
3467 2087 3697 2129 noscun-

2139 2164 2246 2211 tur.
2280 2156 2389 2213 Sed
2417 2167 2475 2211 ut
2492 2157 2642 2212 verbi
2683 2159 2836 2227 hujus
2858 2160 3092 2215 breviter
3112 2176 3395 2218 noscamus
3416 2163 3696 2235 originem,

2136 2250 2307 2306 Cedar
2335 2252 2524 2308 lsnrael
2549 2254 2688 2309 ﬁlius
2719 2254 2847 2329 fuit,
2867 2257 2954 2326 qui
2985 2259 3129 2327 genti
3160 2273 3270 2313 suae
3309 2274 3500 2315 nomen
3532 2262 3698 2326 dedit,

2136 2341 2290 2411 cujus
2335 2342 2467 2397 ﬁnes
2490 2358 2657 2413 usque
2686 2344 2752 2398 ad
2796 2345 2977 2401 Medos
3017 2346 3312 2418 Persasque
3346 2352 3543 2417 prolati
3574 2352 3699 2422 |ed.,

2128 2435 2411 2507 protelati]
2435 2447 2559 2492 sunt
2590 2456 2603 2492 :
2638 2440 2687 2492 hi
2722 2455 2861 2495 nunc
2899 2440 3178 2497 Sarraceni
3208 2446 3561 2513 appellantur.
3586 2449 3701 2513 Quo

2138 2530 2416 2584 vocabulo.
2451 2524 2821 2601 competenter
2864 2533 3131 2603 signiﬁcat
3175 2547 3518 2606 peccatores,
3570 2540 3702 2595 inter

2140 2635 2275 2691 quos
2316 2636 2375 2677 se
2403 2622 2579 2678 adhuc
2624 2622 2865 2681 habitare
2893 2627 3141 2696 suspirat.
3188 2627 3419 2688 Necesse
3454 2641 3535 2685 est
3562 2633 3703 2685 enim

2142 2724 2201 2769 ut
2229 2715 2398 2770 bonus
2440 2717 2653 2771 animus
2698 2717 2989 2787 alﬁigatur,
3045 2722 3255 2789 quoties
3298 2722 3555 2777 malorum
3588 2738 3705 2792 per-

2142 2807 2399 2862 mixtione
2428 2808 2784 2863 concluditur.
2814 2808 2926 2864 lloc
2954 2820 3132 2867 autem
3165 2811 3300 2867 bene
3328 2812 3479 2878 dicit,
3520 2814 3608 2886 qui
3655 2814 3705 2871 in

2144 2898 2320 2966 primo
2342 2900 2507 2969 gradu
2537 2902 2860 2956 constitutus
2889 2911 3084 2958 terram
3113 2906 3452 2975 contempsit,
3480 2920 3706 2978 eamque

2142 2989 2287 3046 felici
2317 2992 2610 3046 variatione
2634 2992 2893 3048 deseruit.
3020 2999 3025 3003 “

471 3084 687 3158 Sagitta:
716 3084 1048 3157 parvulorum
1091 3091 1240 3160 facta
1276 3099 1394 3143 sunt
1442 3090 1606 3159 plagce
1638 3105 1815 3144 eorum
1861 3087 2033 3151 (Psal.
2063 3092 2111 3156 ο
2218 3083 2369 3139 Vers.
2412 3085 2463 3138 6.
2496 3084 2719 3139 Multum
2763 3085 2930 3139 incola
2976 3086 3073 3154 fuit
3098 3087 3279 3140 anima
3308 3103 3439 3153 mea,
3487 3104 3603 3141 cum
3630 3085 3708 3139 hi:

473 3178 732 3248 t.xut,8).
765 3178 1014 3243 Patentis,
1045 3180 1168 3250 quia
1199 3182 1327 3235 nulli
1360 3183 1441 3234 fas
1479 3190 1562 3235 est
1590 3181 1853 3236 obsistere
1879 3196 2039 3250 quem

474 3271 643 3325 virtus
674 3271 899 3326 voluerit
926 3272 1106 3326 divina
1147 3274 1373 3328 salvare.
1408 3273 1603 3340 Acutae,
1634 3282 1850 3344 propter
1873 3275 2041 3331 celer-

474 3360 667 3413 rimum
691 3360 1020 3428 operationis
1046 3361 1292 3417 effectum
1322 3382 1334 3415 :
1360 3364 1608 3431 quoniam
1639 3364 1783 3419 nulla
1817 3365 2042 3422 tarditas

417 3485 423 3495 -
473 3448 854 3518 objicitur,ubi
878 3450 965 3503 illa
988 3451 1249 3506 medicina
1275 3462 1570 3521 priestatur.
1601 3452 2041 3510 Carbonesautem

475 3539 814 3594 desolatorios
870 3542 1105 3596 nonnulli
1154 3554 1464 3612 peccatores
1523 3545 1827 3601 teterrimos
1881 3557 2041 3618 atque

475 3632 627 3686 malis
648 3632 855 3689 actibus
867 3634 1158 3688 exstinctos
1176 3634 1468 3706 intelligere
1489 3637 1796 3702 voluerunt,
1815 3652 2040 3708 quorum

475 3720 707 3776 formido
734 3732 789 3777 et
815 3722 1119 3778 recordatio
1152 3734 1332 3780 nostra
1363 3727 1484 3780 vitia
1540 3728 1786 3785 desolare
1816 3744 2043 3785 noscun-

476 3821 593 3877 tur;
623 3812 748 3866 dum
775 3814 1065 3869 metuimus
1090 3816 1212 3870 talia
1245 3821 1601 3884 committere,
1654 3835 1772 3888 quae
1801 3822 1917 3875 illos
1947 3837 2041 3876 co-

475 3906 757 3975 gnovimus
787 3896 1092 3975 pertulisse.
1129 3908 1310 3964 Potest
1353 3918 1530 3966 autem
1560 3920 1612 3967 et
1643 3912 1772 3966 illud
1795 3912 2039 3983 intelligi,

475 4008 531 4052 ut
580 3999 825 4052 carbones
848 4000 1201 4069 desolatorios,
1229 4002 1498 4058 orationes
1525 4004 1848 4074 accipiamus
1867 4005 2041 4060 chari-

475 4089 598 4143 tatis
629 4089 749 4158 igne
772 4105 1085 4160 succensas,
1118 4108 1236 4162 qua:
1269 4109 1365 4148 nos
1401 4095 1544 4150 vitiis
1576 4099 1649 4149 ita
1677 4096 1935 4151 mandant
1964 4109 2045 4151 at-

474 4194 579 4249 que
609 4181 913 4251 puriﬁcant,
948 4192 1006 4237 ut
1039 4184 1179 4253 quod
1208 4185 1259 4239 in
1309 4186 1462 4242 nobis
1504 4188 1749 4244 diabolus
1794 4200 2044 4244 consun-

480 4281 654 4338 xerat,
708 4272 1006 4328 desolatum
1052 4284 1212 4343 atque
1251 4291 1499 4332 eversum
1528 4279 1728 4335 /divino
1783 4280 2046 4335 beneﬁcio

475 4361 759 4414 sentiatur.
806 4360 929 4417 Sive
959 4366 1125 4433 magis
1160 4364 1287 4419 illud
1312 4374 1396 4420 est
1425 4367 1566 4436 quod
1621 4368 1784 4423 Isaias
1822 4370 1934 4424 ait:
1980 4369 2046 4423 Et

475 4448 658 4503 volavit
690 4451 758 4503 ad
787 4467 864 4505 me
896 4468 1024 4506 unus
1054 4453 1118 4508 de
1141 4455 1427 4524 seraphim,
1460 4467 1507 4511 et
1544 4458 1598 4511 in
1625 4474 1782 4512 manu
1830 4459 2042 4515 habebat

476 4542 741 4594 carbonem
783 4542 942 4612 ignis,
969 4561 1117 4612 quem
1164 4549 1358 4617 forcipe
1397 4561 1657 4620 acceperat
1701 4553 1763 4604 de
1792 4552 1966 4619 altari,
1997 4562 2045 4609 et

475 4629 635 4696 tetigit
659 4645 714 4683 os
740 4646 926 4695 meum,
956 4641 1005 4685 et
1028 4633 1194 4687 dixit:
1224 4633 1356 4688 Ecce
1385 4638 1546 4708 tetigit
1568 4640 1662 4692 hoc
1682 4638 1820 4694 labia
1844 4652 1962 4704 tua,
1995 4651 2044 4695 et

475 4722 542 4775 ait
558 4737 578 4776 :
598 4719 728 4776 Ecce
748 4722 932 4776 abstuli
960 4725 1246 4794 iniquitates
1260 4737 1393 4795 tuas,
1412 4738 1459 4782 et
1484 4740 1689 4798 peccata
1717 4742 1803 4786 tua
1827 4734 2047 4787 circnma

475 4816 685 4884 purgaui
732 4813 884 4886 (ικαὶ.
913 4832 983 4882 τι,
1005 4816 1055 4882 6,
1087 4816 1161 4887 7).
1206 4818 1527 4885 Quodnunc
1555 4822 1815 4879 beneﬁcio
1842 4834 2044 4880 sancta:

477 4909 647 4963 crucis
671 4909 919 4976 efﬁcitur,
950 4910 1163 4978 quando
1182 4911 1319 4966 labia
1360 4915 2044 4972 nostra.Dominirecorda-

476 4998 619 5052 tione
642 5000 1057 5069 siguamus.Nec
1080 5002 1347 5058 immerito
1384 5003 1608 5059 forsitan
1633 5007 1842 5076 signum
1872 5008 2048 5063 erucis

476 5091 854 5146 desolatorium
882 5091 1110 5148 dicimus
1138 5108 1261 5150 esse
1319 5096 1625 5160 carbonem,
1661 5099 1874 5168 quando
1900 5098 2050 5169 fugat

477 5191 688 5253 peccata
721 5184 1076 5248 credentium,
1095 5199 1217 5240 cum
1247 5194 1421 5240 tamen
1448 5186 1665 5256 perﬁdis
1690 5187 1931 5243 videatur
1945 5176 2045 5243 ex-

476 5272 752 5329 etinctum.

550 5364 702 5422 Vers.
739 5365 792 5417 5.
817 5364 935 5418 Heu
963 5367 1073 5419 me!
1100 5368 1237 5436 quod
1258 5369 1507 5421 iueolatus
1534 5384 1673 5422 meus
1713 5368 2043 5437 prolongatus

475 5462 579 5509 est:
604 5453 829 5508 habitaui
848 5472 961 5509 cum
984 5457 1322 5511 habitantibus
1354 5458 1537 5531 Qedar.
1577 5458 1729 5513 Venit
1753 5459 1818 5513 ad
1854 5473 2044 5513 secun-

476 5546 597 5600 dam
625 5555 849 5615 partem,
905 5547 994 5602 ubi
1043 5548 1300 5605 damnans
1357 5551 1537 5606 saeculi
1593 5551 1744 5616 vitia,
1790 5552 1949 5605 vitam
1987 5564 2043 5605 se

477 5636 701 5703 pcenitet
728 5638 923 5695 habere
942 5638 1303 5711 longinquam.
1335 5640 1445 5697 Heu
1480 5658 1580 5706 me,
1604 5657 1782 5698 sermo
1810 5642 2042 5697 dolentis

479 5735 587 5791 est,
612 5730 751 5796 quod
788 5732 942 5801 hujus
996 5733 1178 5791 mundi
1230 5734 1533 5803 prolixitate
1564 5735 1832 5803 fatigetur.
1863 5733 2039 5800 Quam

2143 3176 2232 3245 qui
2254 3174 2470 3229 oderunt
2490 3190 2684 3246 pacem.
2708 3176 2917 3246 Repetit
2936 3190 3055 3230 cum
3083 3176 3267 3232 dolore
3288 3193 3445 3248 quem
3466 3182 3710 3247 superius

2146 3268 2356 3323 dixerat
2401 3269 2723 3333 incolatum;
2750 3279 2805 3322 nt
2830 3284 2935 3323 non
2977 3269 3148 3324 solum
3177 3271 3385 3340 longus,
3427 3272 3518 3326 sed
3548 3274 3709 3326 etiam

2143 3359 2322 3428 gravis
2350 3370 2469 3413 esse
2500 3359 2793 3413 videretur.
2834 3358 2897 3412 Et
2941 3373 3011 3413 ne
3038 3360 3190 3414 istam
3228 3362 3709 3429 peregrinationem

2147 3448 2389 3514 corporis
2438 3456 2640 3502 tantum
2697 3449 2863 3503 fuisse
2907 3449 3196 3518 iudicares,
3226 3450 3490 3519 adjunxit,
3530 3454 3714 3506 Anima

2148 3552 2304 3590 mea:
2332 3538 2455 3604 quia
2497 3545 2799 3593 sanctorum
2844 3553 2993 3592 mens
3037 3538 3124 3593 hic
3151 3539 3352 3608 patitur
3400 3541 3711 3597 incolatum.

2146 3631 2234 3684 ubi
2266 3631 2366 3684 sub
2406 3630 2545 3685 nulla
2573 3630 2927 3689 delectatione
2956 3631 3197 3687 habitare
3224 3634 3578 3703 cognoscitur.
3612 3636 3711 3689 Se-

2146 3724 2326 3793 quitur
2368 3738 2529 3779 causa
2566 3723 2852 3778 durissima
2890 3739 2985 3779 cur
3025 3726 3126 3780 iste
3180 3727 3441 3781 iueolatus
3487 3728 3715 3780 acerbus

2147 3816 2451 3882 existeret,
2483 3823 2541 3867 ut
2588 3815 2700 3883 ipse
2726 3816 2931 3884 patiens
2968 3826 3021 3871 et
3058 3816 3315 3885 benignus
3341 3832 3461 3871 cum
3495 3818 3715 3871 rixanti-

2147 3904 2247 3959 bus
2273 3913 2327 3959 et
2360 3905 2608 3959 hazretica
2657 3907 2917 3973 pravitate
2964 3907 3204 3962 distortis
3260 3910 3308 3961 in
3366 3910 3466 3963 hoe
3518 3910 3716 3963 mundo

2148 3996 2388 4051 habitare
2414 3998 2704 4052 videretur.
2726 3998 2815 4052 Ille
2835 4000 2980 4053 enim
3010 4001 3114 4053 odit
3140 4016 3314 4067 pacem
3334 4002 3425 4070 qui
3452 4016 3556 4056 non
3575 4013 3716 4055 amat

2146 4088 2439 4156 Christum,
2489 4089 2612 4157 quia
2662 4089 2778 4158 ipse
2824 4105 2923 4159 pax
2975 4100 3156 4145 nostra
3196 4106 3315 4146 esse
3363 4091 3713 4160 dignoscitur,

2148 4181 2287 4234 sicut
2316 4180 2444 4236 dicit
2470 4181 2759 4250 Apostolus
2796 4198 2811 4236 :
2844 4180 2964 4250 Ipse
2999 4193 3070 4236 est
3092 4184 3223 4236 enim
3262 4198 3366 4253 paa:
3404 4191 3598 4243 nostra,
3627 4186 3717 4249 qui

2147 4270 2265 4338 fecit
2289 4281 2501 4339 utraque
2520 4289 2676 4325 unum
2700 4272 2916 4343 (Ephes.
2938 4288 2996 4337 tt,
3020 4272 3130 4341 14).
3165 4274 3229 4327 Ει
3253 4273 3407 4342 quale
3427 4284 3508 4328 est
3528 4275 3718 4329 audire

2150 4361 2299 4416 illum
2330 4362 2710 4431 blasphemari,
2742 4363 2826 4418 cui
2856 4363 3039 4418 humili
3068 4378 3281 4434 semper
3308 4364 3566 4419 debemus
3596 4380 3717 4419 ora-

2150 4453 2293 4507 tione
2324 4453 2625 4520 prosterni?

2137 4585 2141 4588 .
2220 4541 2374 4598 Vers.
2406 4542 2458 4595 7.
2487 4542 2641 4596 Eram
2669 4543 2946 4611 paciﬁcus;
2975 4559 3089 4596 cum
3126 4543 3366 4613 loquebar
3394 4543 3525 4607 illis,
3549 4544 3720 4612 ίηῳκ-

2150 4636 2372 4705 gnabant
2399 4653 2477 4690 me
2499 4638 2679 4707 gratis.
2713 4636 2815 4702 Qui
2849 4637 3094 4705 superius
3133 4637 3365 4691 dixerat:
3406 4636 3586 4712 Incola
3619 4640 3718 4703 fuit

2150 4729 2323 4782 anima
2351 4745 2485 4794 mea,
2508 4746 2624 4782 cum
2654 4729 2733 4782 his
2760 4730 2847 4799 qui
2872 4729 3088 4784 oderunt
3127 4745 3332 4801 pacem:
3354 4745 3419 4784 ne
3444 4741 3718 4801 putaretur

2152 4822 2319 4876 iratus
2386 4831 2477 4875 aut
2543 4820 2811 4889 aliquibus
2871 4821 3301 4876 contentionibus
3358 4822 3716 4890 turbulentus,

2154 4912 2381 4975 addidit,»
2405 4929 2542 4969 eram
2572 4913 2839 4982 paciﬁcus,
2868 4928 2987 4967 cum
3037 4913 3181 4981 pacis
3230 4911 3436 4967 scilicet
3464 4913 3716 4976 inimicis,

2150 5019 2271 5060 cum
2293 5004 2778 5070 adversariissuis,
2811 5017 2930 5057 cum
2977 5003 3101 5057 odio
3139 5017 3199 5057 se
3230 5003 3579 5065 habentibus,
3620 5004 3720 5056 im-

2151 5096 2302 5164 plens
2329 5094 2455 5150 illud
2487 5095 2627 5165 quod
2655 5095 2856 5148 dictum
2891 5104 2972 5149 est
3014 5109 3108 5160 per
3138 5093 3447 5162 Apostolum
3482 5109 3495 5147 :
3521 5093 3580 5149 Si
3608 5094 3719 5161 ﬁeri

2148 5195 2340 5256 potest,
2364 5188 2501 5256 quod
2524 5200 2586 5239 ex
2603 5187 2738 5241 vobis
2766 5194 2839 5238 est
2856 5225 2873 5252 ,
2902 5201 3015 5238 cum
3046 5185 3276 5238 omnibus
3314 5184 3599 5239 hominibus
3627 5204 3721 5254 pa-

2150 5294 2256 5331 cem
2278 5278 2516 5332 habentes
2537 5276 2715 5345 (Rom.
2748 5292 2848 5343 xu,
2876 5276 2985 5346 18).
3011 5277 3348 5346 Βθίηάοἰιεθ
3379 5276 3633 5331 Dominus
3662 5278 3714 5330 iu

2151 5367 2435 5437 Evangelio
2462 5367 2537 5420 ait
2562 5383 2574 5419 :
2609 5365 2818 5436 Diligite
2844 5367 3075 5420 inimicos
3105 5376 3292 5420 vestros
3311 5409 3325 5432 ,
3355 5367 3628 5435 benefacite
3652 5370 3718 5420 iis

2147 5458 2237 5528 qui
2263 5460 2478 5512 oderunt
2509 5474 2595 5512 vos
2636 5456 2848 5526 (Matth.
2878 5473 2929 5522 v,
2964 5456 3078 5524 ιιι).
3110 5456 3241 5524 Quae
3290 5472 3497 5511 summa
3550 5459 3717 5511 virtus

2148 5558 2229 5605 est
2251 5551 2433 5619 utique
2462 5549 2771 5615 Christiani,
2802 5551 2937 5604 inter
2969 5548 3267 5603 turbulenta
3314 5550 3589 5617 praesentis
3616 5562 3715 5601 Ste-

2147 5641 2250 5695 culi
2283 5655 2499 5709 semper
2548 5641 2861 5709 placabilem
2914 5641 3157 5709 reperiri.
3222 5640 3596 5695 Verumtamen
3649 5656 3717 5694 ne

2145 5732 2260 5800 ipsa
2286 5748 2386 5800 pax
2416 5733 2569 5788 noxia
2606 5733 2874 5787 videretur
2920 5732 3241 5795 errantibus,
3290 5734 3415 5787 dum
3453 5749 3557 5787 non
3595 5747 3717 5797 pro-
