4022 6162
227 239 327 294 905

1137 240 1498 301 exrosmo
1536 241 1602 297 IN
1645 238 2101 297 PSAL'I‘ERIUM.
2147 225 2339 295 PSAL.
2384 239 2544 295 cxx.

3387 241 3485 296 906

222 351 532 415 liberantur
568 368 598 409 θ
630 354 804 421 malis,
845 355 1123 425 subiunxit
1169 374 1184 411 :
1229 355 1357 412 Cum
1388 356 1633 427 loquebar
1661 355 1765 409 illis
1785 395 1799 419 ,
1834 358 1882 414 Α
1921 361 2233 407 tractemus.
2265 353 2521 421 Quamvis
2551 364 2693 407 esset
2720 352 2771 407 in
2803 351 3038 408 secundo
3069 352 3233 423 gradu
3258 351 3365 424 jam
3400 367 3493 423 po-

220 444 589 514 impugnabant
629 463 708 501 me
735 449 917 516 gratis.
968 448 1291 517 Loquebatnr
1341 448 1485 503 enim
1531 448 1799 518 paciﬁcus,

224 552 327 593 non
358 550 706 607 persequens.
738 555 841 597 non
884 541 1163 609 injurians,
1196 541 1292 595 sed
1324 539 1600 594 bonoraus
1627 538 1806 593 verbis

226 632 407 697 utique
435 630 798 685 blandissimis
823 643 876 687 et
906 633 1224 686 suavissimo
1256 631 1451 701 poculo
1481 644 1804 701 comparan-

222 719 321 773 dis.
358 718 465 775 Sed
493 720 566 774 il'i
597 721 690 789 qui
716 730 872 775 erant
898 722 1165 776 obstinata
1199 733 1379 777 mente
1401 723 1597 788 durati,
1630 724 1807 789 impu-

224 812 447 883 gnabant
471 814 631 883 gratis
655 814 805 881 quasi
840 814 1137 881 inimicum,
1182 814 1332 884 quasi
1385 816 1619 877 hostem,
1650 812 1807 881 quasi

227 904 365 963 male
397 908 735 962 suademem.
770 907 1086 979 lmpupnare
1121 910 1263 963 enim
1289 923 1318 961 a
1360 922 1537 978 pugna
1578 915 1809 961 tractum

226 1009 326 1062 est,
345 999 491 1068 quod
521 1001 736 1056 furiosis
757 1018 942 1056 revera
974 1003 1225 1057 convenit
1251 1011 1305 1055 et
1326 1001 1593 1068 superbis.
1627 999 1812 1065 Impu-

224 1092 479 1162 gnabatur
501 1095 681 1163 gratis,
715 1094 839 1147 dum
860 1094 1237 1149 contentiones
1267 1093 1580 1147 lalsissimas
1604 1090 1813 1145 inﬂam-

224 1195 365 1239 mata
390 1184 674 1254 iniquitate
704 1195 996 1253 pateretur.
1023 1184 1196 1240 Gratis
1212 1185 1354 1240 enim
1385 1183 1632 1247 dicimus,
1664 1181 1809 1251 quod

225 1276 387 1331 nullis
414 1277 590 1346 culpis
622 1279 1050 1344 prtecedentibns
1090 1278 1443 1342 sustinemus,
1481 1275 1579 1330 sed
1617 1275 1730 1328 sola
1759 1274 1811 1327 in

226 1368 383 1424 nobis
401 1368 633 1424 nefanda
662 1370 937 1427 voluntate
966 1380 1262 1439 grassatur.
1293 1369 1397 1437 Ipsi
1434 1376 1559 1422 sunt
1594 1366 1737 1421 enim
1772 1380 1813 1419 la

225 1462 421 1529 quibus
466 1476 528 1516 se
582 1464 736 1532 petiit
771 1462 971 1517 debere
1020 1462 1258 1527 liberari,
1314 1461 1382 1517 de
1411 1462 1605 1530 quibus
1633 1461 1707 1513 ait
1733 1477 1745 1512 :
1772 1458 1814 1512 Α

228 1551 379 1608 labiis
403 1552 590 1621 iniquis
633 1562 679 1607 α
700 1569 731 1605 a
751 1553 931 1623 lingua
958 1554 1162 1606 dolosa.

761 1664 1034 1720 Conclusio
1075 1666 1277 1733 psalmi.

284 1775 471 1833 ‘Vides
496 1778 811 1849 prophetam
847 1788 1055 1834 terrena
1080 1777 1442 1846 deserentem,
1469 1778 1580 1847 jam
1632 1785 1818 1833 tenere

226 1868 478 1941 gloriosa:
501 1870 710 1924 virtutis
733 1883 1011 1924 ascensum
1031 1911 1045 1934 ,
1072 1869 1163 1923 sed
1190 1879 1365 1923 tamen
1388 1868 1565 1925 adhuc
1576 1882 1815 1937 gemere,

227 1967 371 2031 quod
405 1977 526 2017 cum
559 1962 713 2016 malis
750 1977 809 2017 se
836 1962 1112 2032 COgnoscit
1158 1961 1424 2015 habitare.
1481 1959 1821 2030 Quapropter

227 2053 509 2108 videamus
552 2056 645 2122 qui
694 2052 763 2106 sit
810 2063 1093 2123 provectus
1138 2052 1360 2106 secundi
1409 2050 1645 2123 gradus,
1694 2050 1819 2121 quia

229 2144 389 2199 nobis
422 2144 533 2214 jam
574 2147 801 2215 primus,
830 2144 1055 2199 Domino
1082 2143 1326 2215 iuvante,
1358 2152 1686 2203 monstratus
1711 2152 1817 2199 est.

624 2254 784 2328 1,31
825 2254 1144 2315 PSALMUS
1190 2254 1354 2311 cxx.

733 2346 1000 2402 Canticum
1023 2348 1303 2419 graduum.

302 2460 457 2515 Sicut
483 2460 616 2515 nihil
645 2469 727 2515 est
752 2460 877 2515 novi
907 2460 1049 2530 quod
1079 2460 1145 2515 de
1176 2460 1293 2515 istis
1326 2461 1491 2516 titulis
1521 2462 1662 2532 loqui
1696 2474 1822 2532 pos-

227 2551 422 2615 simus,
455 2550 527 2604 ita
574 2558 824 2619 superest
879 2560 938 2605 ut
978 2551 1049 2605 de
1090 2551 1316 2620 psalmis
1349 2551 1610 2623 gradatim
1632 2566 1823 2607 ascen-

230 2643 485 2697 dentibus
513 2641 698 2698 dicere
725 2642 1042 2697 debeamus.
1088 2643 1268 2697 l’rimo
1296 2643 1439 2698 enim
1487 2644 1540 2698 in
1596 2643 1822 2704 tribula-

230 2737 381 2789 tione
404 2734 613 2803 positus
642 2734 923 2804 propheta,
953 2733 1019 2789 ad
1044 2735 1348 2804 exemplum
1381 2734 1645 2805 publicani
1680 2735 1824 2790 illius

229 2826 326 2892 qui
381 2837 540 2881 tunso
598 2837 815 2897 pectore
867 2827 1052 2882 oculos
1098 2828 1313 2883 elevare
1358 2841 1468 2882 non
1498 2827 1823 2883 audebatad

227 2917 456 2983 ccelum,
489 2918 723 2976 liberare
745 2934 806 2974 se
834 2920 968 2991 petit
997 2933 1027 2973 a
1058 2919 1215 2975 labiis
1248 2918 1449 2989 iniquis
1473 2927 1531 2975 et
1569 2934 1600 2975 a
1645 2919 1822 2990 lingua

229 3008 450 3063 dolosa.
479 3007 631 3063 Nunc
648 3016 825 3063 autem
862 3009 1135 3078 respirans
1175 3008 1241 3063 ad
1268 3008 1565 3064 secundum
1597 3010 1822 3081 gradum

1911 445 2069 511 situs,
2101 446 2358 499 lestinans
2406 454 2584 499 tamen
2644 444 2831 500 altiora
2886 445 3280 510 conscendere,
3314 448 3490 500 oculos

1910 548 2034 588 suos
2060 535 2316 603 propheta
2349 550 2407 589 se
2433 536 2624 588 levasse
2651 535 2779 589 dicit
2824 535 2891 586 ad
2929 545 3157 601 montes,
3204 546 3261 588 ut
3310 546 3492 591 osten-

1910 629 2061 683 deret
2089 637 2237 683 tanto
2269 628 2385 699 plus
2433 628 2728 683 desiderati
2761 630 2978 697 prtemia
3023 629 3255 694 Domini,
3288 641 3484 700 quanta

1913 719 2203 788 probantur
2234 722 2479 790 largitate
2516 719 2760 783 concedi,
2794 720 2929 774 sicut
2976 720 3027 773 in
3072 719 3366 774 centesimo
3395 720 3492 773 de-
3532 712 3539 719 “

1911 814 2051 868 cimo
2082 825 2269 868 octavo
2298 815 2503 884 psalmo
2534 814 2672 867 inter
2715 812 2817 866 alia
2861 812 3059 866 dictum
3087 821 3196 866 est:
3230 812 3485 883 Concupi-

1912 910 1981 960 vit
2006 907 2181 959 anima
2220 922 2331 960 mea
2371 905 2662 960 desiderare
2698 904 3094 976 justiﬁcationes
3130 914 3240 955 tuas
3271 904 3321 956 in
3353 905 3494 958 omni

1922 1008 2146 1069 tempore
2191 996 2364 1069 (Psal.
2411 1012 2598 1061 cmn,
2630 994 2745 1065 20).
2793 995 2859 1049 Et
2890 994 2941 1047 in
2972 995 3302 1063 octogesimo
3333 996 3492 1049 tertio

1916 1088 2120 1156 psalmo
2148 1087 2375 1156 positum
2406 1096 2490 1141 est
2520 1103 2533 1139 :
2560 1084 2886 1153 Concupiscit
2917 1092 2962 1137 ct
2986 1085 3157 1151 deficit
3179 1086 3353 1137 anima
3381 1102 3489 1141 mea

1915 1179 1967 1231 in
1988 1181 2123 1231 atria
2151 1179 2358 1231 Domini
2382 1175 2553 1247 (Psal.
2612 1190 2831 1240 Lxxxm,
2880 1173 2958 1244 5).
3014 1173 3143 1227 Nam
3193 1190 3312 1228 cum
3344 1174 3485 1245 dicit,

1916 1272 2118 1338 Levavi,
2139 1271 2446 1327 ostenditse
2468 1270 2533 1323 ad
2548 1269 3055 1338 contemplationem
3078 1267 3308 1337 aliquam
3333 1268 3495 1324 fuisse

1917 1378 2248 1438 provectum.
2280 1366 2474 1421 Levare
2502 1367 2643 1423 enim
2677 1376 2759 1421 est
2787 1366 2985 1436 aliquid
3010 1366 3073 1419 ad
3104 1365 3293 1418 altiora
3319 1373 3498 1417 trans--

1917 1462 2078 1519 ferre.
2115 1463 2305 1517 Oculos
2334 1477 2492 1525 meos,
2521 1461 2704 1530 utique
2733 1460 2912 1514 cordis
2932 1467 3243 1527 aspectum;
3277 1458 3344 1511 de
3373 1454 3495 1525 qui-

1916 1554 2015 1608 bus
2043 1553 2300 1622 scriptum
2332 1560 2415 1606 est:
2439 1567 2454 1606 :
2484 1551 2669 1604 Revela
2710 1551 2883 1603 oculos
2910 1565 3068 1612 meos,
3093 1559 3137 1602 et
3163 1546 3496 1602 considerabo

1917 1643 2179 1698 mirabilia
2208 1644 2270 1697 de
2291 1644 2402 1715 lege
2425 1652 2512 1695 tua
2534 1639 2709 1708 (Psal.
2736 1655 2918 1705 CXVIII,
2944 1639 3065 1709 l8);
3094 1646 3152 1693 et
3178 1638 3329 1704 illud,
3356 1636 3503 1693 Prte-

1848 1728 1895 1786 B
1921 1740 2121 1801 ceptum
2143 1731 2346 1786 Donn'ni
2368 1732 2627 1793 lucidum,
2654 1727 2956 1783 illuminans
2988 1726 3164 1781 oculos
3196 1726 3312 1799 (Ps.
3346 1740 3498 1791 mn,

1920 1826 2000 1895 ll).
2036 1823 2167 1879 Nam
2202 1824 2247 1879 si
2290 1822 2420 1878 istos
2468 1820 2713 1879 carnales
2741 1820 3007 1885 advertas,
3056 1817 3184 1888 quid
3234 1817 3501 1887 potuisset

1920 1913 2046 1968 inde
2076 1912 2355 1983 proﬁcere,
2391 1912 2437 1967 si
2490 1920 2683 1966 montes
2726 1908 2964 1964 consitos
3019 1908 3174 1962 silvis
3221 1915 3313 1961 aut
3353 1906 3498 1962 saxis

1921 2003 2292 2072 squalentibus
2320 2002 2573 2072 elegisset
2623 1998 2945 2055 intendere?
2972 1997 3079 2053 Sed
3116 1998 3217 2051 hoc
3247 2000 3291 2051 si
3341 1997 3501 2066 spiri-

1924 2097 2140 2153 tualiter
2167 2096 2429 2166 inquiras,
2477 2094 2695 2149 omnino
2748 2092 3043 2162 proﬁcuum
3074 2100 3186 2155 est;
3230 2099 3287 2145 ut
3326 2089 3502 2143 oculos

1922 2190 2102 2247 cordis
2134 2188 2241 2253 sui,
2270 2189 2384 2243 sive
2413 2186 2480 2242 ad
2529 2195 2747 2243 sanctos
2776 2185 2939 2251 viros,
2970 2185 3083 2238 sive
3111 2182 3179 2236 ad
3213 2182 3377 2236 libros
3421 2180 3505 2235 di-

1927 2283 2107 2347 vinos,
2141 2281 2256 2336 sive
2286 2278 2353 2332 ad
2380 2277 2639 2334 sublimes
2676 2276 2894 2346 angelos
2939 2275 3189 2330 credatur
3236 2273 3498 2339 clevasse,

1922 2369 2014 2435 qui
2054 2367 2418 2437 magnitudine
2463 2374 2517 2421 et
2548 2365 2795 2421 ﬁrmitate
2842 2378 2939 2418 sua
2969 2378 3097 2417 vere
3120 2372 3318 2414 montes
3354 2369 3500 2424 sunt,

1926 2461 2066 2517 unde
2092 2460 2256 2519 etiam
2285 2468 2599 2528 competens
2616 2456 2984 2513 sustinebatur
3004 2453 3280 2508 auxilium.
3302 2450 3408 2507 Sed
3438 2465 3506 2504 ne

1924 2552 2148 2608 forsitan
2179 2567 2329 2622 spem
2357 2561 2597 2606 nostram
2628 2550 2683 2603 in
2712 2548 2966 2602 montibus
2996 2560 3321 2616 poneremus
3365 2558 3503 2612 prcc-

1926 2647 2105 2711 dictis,
2132 2644 2401 2701 secundus
2430 2657 2620 2698 versus
2674 2642 2908 2696 ostendit
2959 2641 3100 2695 unde
3147 2639 3303 2692 nobis
3353 2652 3507 2691 vera-

1927 2739 2061 2795 citer
2090 2738 2261 2791 venire
2290 2736 2460 2806 possit
2491 2735 2741 2790 auxilium
2764 2749 2784 2787 :
2813 2733 3032 2788 salutari
3070 2732 3258 2786 ordine
3313 2741 3503 2784 cuncta

1926 2829 2241 2900 disponens,
2297 2836 2561 2896 quatenus
2616 2825 2696 2879 sic
2748 2831 2994 2893 sp.-.retur
3034 2823 3089 2875 in
3138 2820 3415 2886 montibus,
3447 2829 3507 2874 ut

1931 2932 2109 2979 tamen
2137 2937 2231 2991 per
2269 2922 2389 2977 illos
2426 2920 2679 2974 auxilium
2730 2919 2885 2974 nobis
2929 2917 3209 2972 Dominum
3250 2929 3507 2987 praetore

1932 3028 2235 3076 noscamus,
2264 3027 2293 3065 a
2335 3027 2438 3081 quo
2465 3020 2549 3066 est
2578 3009 2938 3065 necessarium
2971 3008 3290 3065 beneﬁcium
3321 3019 3375 3064 et
3413 3024 3505 3063 sa-

231 3109 560 3167 provectus,
587 3098 777 3154 oculos
823 3098 1018 3154 levavit
1042 3098 1108 3153 ad
1138 3108 1371 3166 montes,
1402 3100 1469 3156 ad
1501 3100 1824 3156 intercesso-

1934 3108 2104 3163 lutare
2157 3106 2484 3176 praesidium,
2546 3102 2859 3158 inconvulsa
2890 3101 3134 3166 felicitas,
3190 3102 3330 3159 sicut
3379 3100 3510 3159 dicit

232 3204 330 3245 res
360 3189 546 3258 utique
588 3198 830 3256 sanctos,
880 3204 1106 3258 quorum
1156 3187 1413 3259 sull'ragio
1466 3203 1687 3244 munera
1738 3204 1829 3244 su-

232 3295 412 3350 perna
446 3289 766 3335 mereretur.
802 3280 912 3337 lloc
941 3280 1084 3335 enim
1114 3292 1179 3337 et
1207 3294 1440 3349 persona
1464 3295 1561 3335 sua
1592 3282 1829 3351 loquitur

237 3370 535 3440 propheta,
566 3371 657 3440 qui
688 3380 864 3426 tamen
892 3380 948 3427 et
976 3370 1091 3440 ipse
1121 3386 1278 3426 mons
1296 3379 1417 3427 erat
1444 3379 1499 3426 et
1523 3370 1829 3442 patriarcha

233 3464 536 3519 mirabilis.
572 3462 680 3517 Sed
733 3463 854 3519 ideo
910 3477 1007 3533 per
1034 3464 1167 3519 istos
1218 3464 1421 3534 gradus
1460 3474 1832 3533 competenter

230 3554 565 3610 ascendisse
605 3569 667 3609 se
712 3554 914 3623 retulit,
946 3561 1007 3609 ut
1050 3555 1204 3609 nobis
1248 3555 1615 3624 ignorantibus
1666 3556 1833 3611 coele-

227 3646 411 3701 stium
444 3645 697 3715 virtutum
717 3660 913 3716 genera
943 3644 1197 3701 distincta
1239 3646 1372 3718 [ed.,
1402 3644 1669 3718 districta]
1709 3660 1831 3701 nar-

228 3739 461 3797 ratione
495 3747 839 3796 monstraret.

827 3850 1024 3905 Dirisio
1057 3851 1263 3922 psalmi.

314 3962 590 4031 Propheta
625 3962 791 4031 (sicut
820 3961 1075 4033 diximus)
1104 3964 1169 4016 ad
1215 3964 1490 4019 caelestem
1536 3963 1833 4019 Jerusalem

227 4055 431 4109 divina
467 4054 706 4123 largitate
733 4055 1116 4117 conscendens,
1150 4057 1326 4124 primo
1356 4056 1595 4111 membro
1628 4056 1690 4111 ad
1714 4071 1836 4111 san-

228 4158 460 4201 ctorum
494 4148 680 4201 merita
714 4145 953 4201 clcvasse
982 4162 1039 4201 se
1067 4147 1195 4200 dicit
1222 4146 1406 4203 oculos
1452 4164 1613 4214 suos,
1640 4158 1696 4204 ut
1748 4164 1839 4204 co-

227 4253 367 4291 rum
400 4237 650 4304 precibus
698 4238 895 4291 auxilia
939 4238 1204 4306 postulata
1238 4251 1557 4308 mereretur,
1591 4255 1656 4294 ne
1688 4255 1839 4295 mens

228 4329 421 4397 ipsius
454 4326 636 4380 hostili
692 4327 1093 4397 impugnatione
1138 4330 1531 4385 succumberet.
1590 4330 1839 4386 Secundo

224 4421 443 4474 ordine
490 4418 853 4473 indubitanter
892 4419 993 4473 sibi
1026 4419 1302 4489 promittit,
1336 4422 1476 4490 quod
1519 4437 1579 4476 se
1634 4422 1842 4492 integre

226 4520 483 4566 noverat
507 4510 824 4580 postulasse,
847 4510 1045 4565 docens
1068 4523 1122 4566 ut
1154 4513 1362 4581 quoties
1388 4515 1520 4567 bona
1552 4514 1655 4567 lixo
1678 4513 1840 4567 corde

224 4604 513 4674 petimus,
543 4599 769 4656 concedi
810 4601 966 4656 nobis
1007 4602 1124 4657 sine
1157 4602 1330 4673 aliqua
1362 4602 1693 4659 dubitatione
1723 4618 1841 4659 crc-

222 4696 473 4749 damus.

806 4807 1071 4878 Expositio
1097 4808 1304 4876 psalmi.

312 4923 491 4977 Vera.
520 4921 574 4977 1.
606 4920 788 4975 Levavi
816 4923 989 4975 oculos
1012 4938 1145 4975 meos
1165 4923 1233 4975 ad
1260 4931 1459 4976 montes
1477 4963 1493 4988 ,
1525 4923 1659 4976 unde
1687 4922 1846 4977 veniet

216 5015 392 5090 [θύη
432 5013 625 5086 ueniat]
654 5017 905 5073 auxilium
936 5016 1081 5069 mzlti.

313 5107 494 5161 Vere.
526 5106 582 5159 2.
615 5105 882 5160 Auxilium
910 5122 1074 5160 meum
1095 5123 1127 5162 a
1148 5106 1384 5173 Domino,
1411 5108 1501 5175 qui
1525 5109 1642 5177 fecit
1664 5108 1846 5162 mlum

212 5215 269 5259 et
302 5213 548 5256 terra.
576 5198 711 5254 llinc
740 5199 1070 5268 categoricis
1104 5200 1446 5269 syllogismus
1471 5199 1581 5252 luto
1614 5200 1848 5268 quodam

214 5309 415 5352 more
448 5292 568 5346 avis
595 5291 897 5347 excluditur
921 5292 995 5346 ita
1039 5309 1052 5343 :
1091 5292 1429 5362 Adjutorium
1479 5306 1654 5345 meum
1684 5306 1713 5344 a
1747 5291 1851 5344 Do-

213 5388 435 5449 mino.
467 5383 557 5451 qui
581 5382 707 5439 fecit
742 5383 936 5437 cmlutn
990 5394 1045 5437 et
1075 5392 1295 5437 terram.
1338 5382 1524 5437 ()mnis
1549 5383 1705 5451 cujus
1754 5380 1851 5435 ad-

210 5474 527 5551 iutorium
548 5488 578 5527 ι
607 5472 833 5529 Domino
880 5482 985 5536 est,
1012 5474 1099 5541 qui
1124 5474 1254 5528 fecit
1300 5475 1495 5528 colum
1540 5484 1596 5528 et
1624 5483 1847 5538 terram,

209 5591 248 5628 ι
287 5584 455 5623 tero
486 5565 597 5621 Deo
622 5573 709 5621 est
733 5563 1059 5633 adiutorium
1100 5565 1239 5634 eius.
1292 5566 1628 5634 Adjutoriutn
1689 5565 1852 5637 igitur

210 5673 453 5722 uenali
472 5674 505 5714 ι
533 5658 791 5716 resonet)
814 5669 899 5714 est
922 5660 1265 5729 adiutorium.
1292 5660 1443 5716 Nunc
1466 5661 1629 5719 verba
1659 5658 1849 5732 psalmi

553 5789 825 5856 Ριτηοι.
863 5796 1054 5859 [ΚΧ.

1934 3203 2261 3269 Apostolus:
2288 3196 2468 3265 Neque
2494 3196 2582 3266 qni
2635 3197 2834 3261 plantat
2864 3203 2936 3248 est
2969 3193 3188 3261 aliquid,
3235 3208 3393 3263 neque
3421 3193 3511 3263 qui

1932 3292 2065 3362 rigat
2089 3306 2108 3356 ;
2149 3290 2239 3343 sed
2264 3288 2350 3358 qui
2376 3290 2739 3340 incrementum
2766 3286 2885 3351 dat,
2913 3283 3049 3338 Deus
3074 3285 3091 3355 (
3112 3282 3137 3337 Ι
3162 3281 3282 3361 Cor.
3318 3299 3401 3349 ιιι,
3430 3286 3507 3352 7).

1934 3381 2003 3439 Et
2024 3396 2090 3434 ne
2115 3389 2333 3450 putares
2356 3378 2579 3431 alterum
2603 3375 2914 3441 Dominum,
2946 3374 3195 3444 quoniam
3221 3372 3319 3426 hoc
3346 3372 3513 3439 tequi—

1935 3486 2124 3526 vocum
2155 3484 2347 3523 nomen
2379 3477 2481 3533 est,
2523 3466 2675 3529 dicit,
2725 3466 2813 3535 qui
2838 3465 2957 3534 fecit
3002 3464 3184 3518 cretum
3221 3472 3269 3517 et
3296 3473 3513 3517 terram:

1937 3560 2243 3628 signiﬁcans
2265 3560 2517 3623 Verbum,
2552 3573 2646 3633 per
2667 3558 2808 3628 quod
2832 3558 2968 3612 facta
2994 3566 3119 3610 sunt
3142 3555 3342 3612 omnia.

2008 3650 2162 3706 Veis.
2187 3652 2239 3705 5.
2268 3649 2388 3704 Non
2412 3650 2494 3703 det
2524 3649 2578 3702 in
2599 3649 2988 3702 commotionem
3022 3648 3200 3717 pedem
3224 3658 3395 3713 tuum,
3424 3663 3517 3701 ne-

1936 3758 2033 3813 que
2062 3742 2300 3795 dormitet
2334 3741 2420 3810 qui
2451 3740 2670 3793 custodit
2703 3749 2768 3793 te.
2797 3737 2929 3794 Cum
2960 3739 3207 3807 superius
3235 3752 3264 3791 a
3296 3738 3521 3791 Domino

1938 3835 2042 3891 sibi
2070 3835 2255 3889 venire
2285 3832 2590 3903 praesidium
2637 3832 2978 3901 postulasset,
3011 3831 3189 3884 subito
3228 3844 3521 3884 conversus

1939 3931 2134 3988 anima:
2171 3943 2283 3984 sum
2336 3926 2589 3995 loquitur,
2648 3932 2705 3978 ut
2753 3925 2805 3977 in
2838 3923 3056 3977 salutari
3100 3924 3357 3991 petitione
3386 3908 3518 3976 con-

1940 4020 2101 4077 stanti
2146 4018 2343 4074 robore
2375 4025 2701 4086 perseveret.
2746 4012 2845 4066 Pes
2875 4013 3015 4066 enim
3045 4023 3130 4066 est
3175 4028 3298 4082 pars
3332 4013 3517 4065 ultima

1940 4111 2183 4181 corporis
2213 4107 2402 4172 nOStri,
2436 4104 2663 4176 imperio
2694 4102 2889 4157 mentis
2917 4103 3152 4156 locorum
3185 4115 3282 4154 nos
3308 4117 3521 4170 permu-

1942 4205 2139 4260 tatione
2170 4210 2547 4269 transponens.
2577 4196 2657 4251 Ad
2687 4196 2841 4263 cujus
2881 4193 3287 4248 similitudinem
3315 4192 3521 4264 cogita-

1944 4296 2115 4349 tiones
2146 4305 2358 4361 quoque
2393 4300 2604 4343 nostras
2651 4287 2813 4356 pedes
2847 4300 3119 4352 vocamus,
3164 4301 3257 4355 per
3298 4301 3430 4355 quas
3472 4285 3523 4339 in

1943 4386 2111 4440 bonas
2168 4384 2440 4452 malasque
2488 4392 2665 4449 partes
2715 4377 3041 4432 accedimus.
3106 4377 3214 4432 llos
3257 4392 3385 4448 ergo
3435 4392 3527 4447 pe-

1873 4478 1924 4538 D
1948 4476 2063 4543 des,
2097 4474 2237 4528 unde
2263 4483 2314 4527 et
2336 4471 2580 4526 diabolus
2611 4473 2793 4540 lapsus
2824 4482 2927 4534 est,
2969 4469 3109 4524 unde
3138 4469 3341 4538 primus
3364 4470 3525 4524 homo

1949 4566 2174 4629 corruit,
2207 4563 2272 4618 ad
2300 4564 2531 4618 animam
2576 4576 2728 4615 suam
2775 4560 2999 4630 loquens
3052 4569 3203 4629 optat
3244 4561 3526 4630 propheta,

1952 4674 2019 4712 ne
2047 4665 2387 4726 peccatorum
2421 4654 2775 4709 lubricatiozie
2803 4663 3095 4718 vertantur,
3117 4662 3169 4706 et
3197 4660 3377 4706 stante
3418 4668 3532 4707 εστ--

1954 4764 2080 4818 pore
2110 4751 2318 4803 ruinam
2370 4747 2639 4800 sustinere
2687 4746 2928 4799 rideatur
2972 4744 3022 4797 in
3060 4744 3240 4797 corde.
3288 4743 3394 4798 Sed
3429 4747 3528 4798 iste

1953 4841 2131 4909 lapsus
2173 4839 2336 4893 elatio
2388 4846 2488 4901 est,
2523 4853 2641 4906 qua:
2689 4836 2797 4905 jam
2850 4845 3135 4905 prowctos
3176 4833 3401 4887 fatnulos
3438 4835 3531 4889 Dei

1954 4931 2259 4999 frequenter
2285 4928 2515 4997 impellit
2547 4928 2615 4982 ad
2643 4928 2882 4995 culpam,
2916 4934 2971 4979 et
3004 4925 3128 4979 dum
3180 4925 3381 4996 aliquid
3431 4927 3532 4981 sibi

1958 5024 2207 5077 videntur
2229 5036 2368 5083 esse,
2423 5019 2657 5086 pessimo
2694 5019 2943 5073 labuntur
2996 5031 3202 5070 errore.
3258 5018 3531 5087 Sequitur,

1960 5132 2117 5186 neque
2137 5114 2373 5168 dormitet
2402 5112 2490 5181 qui
2538 5112 2761 5165 custodit
2802 5120 2868 5163 te.
2903 5110 3014 5164 lloc
3042 5110 3109 5162 ab
3148 5109 3376 5162 humana
3408 5126 3536 5164 eon-

1960 5206 2243 5261 suetudiue
2290 5204 2605 5259 translatitia
2673 5203 2835 5275 ﬁgura
2889 5201 3102 5257 dicitur.
3154 5201 3340 5256 Solent
3392 5201 3534 5256 enim

1959 5297 2209 5352 cus‘odes
2235 5296 2359 5350 fessi
2390 5294 2588 5348 furtum
2619 5296 2747 5364 pati,
2776 5293 2967 5361 quibus
2993 5292 3169 5362 gravis
3207 5306 3428 5345 somnus
3448 5293 3539 5345 ob-

1965 5388 2215 5458 repserit;
2236 5402 2329 5441 nec
2350 5386 2637 5440 luminibus
2663 5385 2858 5439 clausis
2876 5383 3050 5438 videre
3072 5389 3295 5451 queunt,
3324 5381 3537 5451 quando

1958 5479 2134 5547 gregis
2158 5476 2350 5530 damna
2378 5477 2675 5544 patiuntur.
2716 5475 2993 5531 Subtiliter
3024 5485 3200 5527 autem
3238 5480 3387 5541 Optat
3416 5474 3534 5524 ani-

1961 5588 2059 5627 ma:
2087 5585 2219 5635 sum,
2250 5584 2316 5625 ne
2344 5569 2567 5623 Domino
2598 5570 2898 5639 negligente
2930 5568 3105 5622 infesti
3134 5568 3299 5621 llOallS
3329 5569 3538 5635 depun-

1958 5662 2172 5719 dazione
2203 5670 2459 5718 Vastetur.
2490 5656 2779 5715 Dormitare
2808 5669 2995 5715 autem
3026 5657 3225 5714 dicitur
3271 5657 3534 5713 Dominus

2982 5794 3058 5853 ‘29
