4022 6162
526 279 645 336 3907

1772 277 1844 332 Μ.
1889 279 2168 336 AURELII
2208 278 2598 338 CASSIODOBI
2769 340 2772 343 ,
3662 293 3746 351 tua

537 392 757 462 quando
787 407 883 448 nos
909 393 959 450 iit
982 392 1097 461 ejus
1114 391 1217 447 lide
1240 393 1594 460 tepeseimus:
1623 392 1674 445 iu
1705 407 1813 461 quo
1838 395 1979 447 enim
2014 408 2119 447 non
2155 400 2204 457 Λ
2233 393 2479 449 dicturus
2530 402 2614 450 cst
2651 409 2665 447 :
2701 393 2771 448 0s
2817 410 2993 449 eorum
3034 396 3053 449 ι
3074 404 3261 449 ίοιιιιιηι
3302 409 3377 451 est
3412 402 3671 474 sanitatem,
3712 422 3748 461 et

536 485 741 540 dormit
773 485 919 548 lides,
966 484 1143 553 vigilat
1191 482 1455 538 Christus.
1500 484 1633 538 Nam
1665 484 1709 538 si
1743 500 1842 539 nos
1893 485 1960 540 ab
2009 484 2126 553 ejus

546 574 994 642 contemplatione
1024 574 1366 639 discedimus,
1397 576 1515 644 ipse
1535 591 1744 645 quoque
1770 591 1801 629 a
1829 585 2011 630 nostra
2040 576 2127 631 de-

544 668 784 724 fensione
823 665 1179 732 subtrahitur,
1212 665 1355 721 sicut
1408 668 1459 721 in
1506 667 1595 721 illa
1628 669 1746 721 navi
1778 666 1976 722 factum
2018 677 2123 731 cst,

544 757 755 825 quando
778 758 1165 828 negligentibus
1214 759 1495 827 discipulis
1532 760 1786 814 Dominus
1825 759 2127 814 dormiebat

546 850 760 920 (Matth.
796 867 907 919 vttt,
941 851 1034 921 24)
1061 868 1075 917 ;
1113 852 1208 907 sed
1258 852 1344 907 ubi
1373 852 1505 906 ﬁdes
1535 867 1721 907 eorum
1747 853 1972 907 excitata
2002 862 2084 907 est
2107 893 2122 917 ,

544 943 801 997 Dominus
830 958 1043 1012 quoque
1070 943 1137 998 de
1164 958 1355 997 somno
1377 946 1632 1008 surrexit,
1662 955 1714 998 et
1754 944 1935 997 statim
1959 944 2027 996 ab
2049 943 2127 998 eis

534 1034 781 1102 pericula
815 1037 1017 1091 marina
1070 1035 1360 1090 submovit.
1401 1036 1656 1098 Precatnr
1684 1050 1810 1104 ergo
1860 1045 1917 1088 ut
1947 1034 2128 1103 vigilet

545 1142 761 1196 semper
788 1128 852 1183 ad
890 1128 1196 1190 Dominum,
1226 1136 1489 1198 quatenus
1519 1128 1722 1182 intenta
1762 1142 1923 1195 supra
1952 1140 2010 1180 se
2042 1126 2127 1179 lu-

548 1221 689 1275 mina
720 1221 800 1277 sui
843 1224 1071 1291 pastoris
1098 1222 1296 1277 habere
1327 1230 1617 1276 mereatur.

619 1332 773 1390 Vers.
804 1336 857 1390 4.
882 1334 1013 1388 Ecce
1040 1351 1142 1388 non
1173 1335 1461 1388 dormitabit
1492 1352 1649 1406 neque
1668 1337 1949 1392 obdormiet
1976 1336 2087 1411 [ed.
2110 1377 2126 1400 ,

549 1424 785 1497 dormiet]
814 1427 900 1495 qui
929 1426 1145 1480 cusfodit
1172 1424 1359 1481 Israel.
1391 1426 1516 1482 llaec
1541 1429 1803 1483 sententia
1835 1429 2130 1498 superioris

544 1517 674 1571 dicti
700 1518 992 1572 similitudo
1009 1527 1109 1573 est.
1128 1518 1340 1586 Optavit
1362 1520 1503 1574 enim
1532 1524 1772 1576 anterius
1784 1522 1978 1576 anima:
1994 1537 2125 1586 suae,

532 1609 689 1675 .quod
731 1609 818 1665 hic
844 1609 983 1663 lideli
1032 1609 1227 1679 populo
1265 1612 1573 1678 pronuntiat
1626 1626 1748 1666 esse
1777 1612 2125 1666 servandum.

552 1700 722 1755 Israel
750 1702 892 1756 enim
924 1701 1086 1771 (sicut
1126 1716 1269 1770 saepe
1317 1702 1571 1771 diximus)
1611 1704 1995 1772 interpretatur
2050 1703 2131 1757 vir

2234 486 2444 542 dextera
2485 502 2664 541 eorum
2713 486 2924 541 dextera
2973 488 3260 557 iniquitatis
3302 488 3459 558 (Psat.
3500 507 3655 560 chtu,
3686 500 3749 567 8).

2233 578 2338 632 Sed
2372 578 2460 631 illa
2495 592 2621 632 vere
2654 576 2880 632 dicenda
2910 587 2993 634 est
3023 579 3257 646 dextera,
3289 583 3372 635 ubi
3400 588 3551 653 gratia
3578 588 3751 647 Domini

2232 670 2426 723 collata
2450 679 2799 724 monstratur.

2311 756 2469 813 Vers.
2509 759 2562 812 6.
2597 758 2701 813 Per
2730 759 2865 813 diem
2886 761 2965 813 sol
2993 778 3093 814 non
3123 769 3232 814 urit
3260 772 3324 827 te,
3373 776 3518 833 neque
3556 770 3661 821 luna
3684 788 3755 840 per

2232 861 2449 905 noctem.
2474 850 2754 905 Elementa
2774 852 2989 920 quidem
3024 853 3124 906 ista
3160 854 3296 907 hanc
3320 853 3504 911 habent
3530 870 3753 928 naturain,

2234 950 2290 995 ut
2318 955 2545 1008 corpora
2598 950 2780 994 nostra
2834 942 3090 1007 adurant,
3128 944 3340 1010 quando
3386 948 3558 1001 aestivo
3600 949 3761 1005 fuerint

2232 1030 2413 1084 calore
2437 1029 2719 1085 ferventia.
2744 1031 2847 1087 Sed
2876 1034 3128 1099 quoniam
3154 1048 3259 1087 non
3288 1043 3371 1088 est
3396 1035 3503 1091 haec
3532 1041 3759 1107 propheta:

2233 1121 2501 1185 voluntas,
2533 1128 2590 1175 ut
2630 1122 2849 1176 omnino
2871 1125 2940 1178 de
2969 1126 3222 1193 qualitate
3238 1129 3474 1195 corporis
3522 1132 3760 1197 sentiatur,

2232 1213 2323 1284 qui
2351 1215 2631 1268 animabus
2668 1216 2785 1269 vult
2814 1229 3030 1285 semper
3072 1231 3194 1271 esse
3222 1219 3539 1286 consultum,
3579 1224 3693 1275 diem
3721 1237 3763 1278 et

2232 1314 2448 1369 noctem,
2489 1307 2631 1375 quod
2679 1316 2763 1362 est
2790 1307 2869 1360 sol
2927 1316 2980 1361 et
3018 1310 3163 1373 luna,
3211 1310 3562 1380 intelligamus
3585 1316 3765 1369 adversa

2233 1400 2317 1453 vel
2324 1415 2616 1469 prospera,
2646 1401 2839 1469 quibus
2869 1402 2976 1454 vita
3008 1401 3224 1456 humani
3245 1404 3454 1471 generis
3480 1408 3608 1458 varia
3633 1406 3766 1459 viris-

2234 1489 2470 1544 situdiue
2495 1492 2828 1556 continetur,
2862 1491 2999 1546 sicut
3022 1502 3076 1547 et
3098 1493 3208 1547 alio
3234 1494 3351 1548 loco
3376 1496 3562 1549 dictum
3582 1508 3653 1550 est
3677 1513 3690 1550 :
3719 1495 3769 1550 in

2234 1581 2318 1633 die
2339 1581 2574 1646 clamavi,
2608 1592 2652 1635 et
2676 1594 2822 1635 nocte
2848 1600 3024 1637 coram
3060 1594 3110 1636 te
3143 1583 3321 1655 (Psal.
3361 1600 3582 1649 Luxvn,
3613 1584 3690 1656 3);
3713 1589 3769 1640 si-

2235 1672 2612 1740 gniﬁeatcnim
2656 1675 2819 1727 totius
2866 1675 2988 1728 vita:
3037 1684 3269 1744 tempus,
3310 1677 3431 1744 quia
3478 1677 3769 1731 clamandum

553 1794 738 1850 videns
771 1763 960 1849 Deum.
994 1795 1132 1863 Ergo
1162 1763 1319 1865 supra
1349 1811 1445 1851 eos
1474 1763 1563 1865 qui
1590 1763 1768 1851 Deum'
1801 1798 2000 1862 vident,
2028 1797 2131 1850 Do-
2162 1783 2209 1841 Β
2235 1772 2315 1865 es?
2338 1776 2551 1865 §F"'P_°"
2580 1763 2645 1865 ad
2682 1764 3015 1865 Dominu'f‘ﬂ
3048 1766 3190 1865 Erg”
3243 1767 3511 1865 Domini”.
3546 1783 3639 1865 ",0"
3678 1784 3773 1836 De"

540 1888 729 1940 minus
776 1902 881 1941 non
926 1887 1123 1943 dicitur
1170 1888 1451 1943 dormitare
1488 1892 1656 1959 :quia
1686 1905 1875 1946 revera
1922 1890 2043 1945 talis
2076 1890 2129 1944 itt

544 1980 705 2035 nobis
743 1980 985 2036 redditur
1032 1980 1156 2050 ejus
1206 1992 1483 2051 aspectus,
1521 1983 1693 2052 qualis
1725 1984 1777 2037 in
1808 1984 1924 2052 ipso
1974 1982 2131 2037 fuerit

552 2078 751 2124 nostrae
793 2071 985 2124 mentis
1030 2072 1272 2125 intuitus.
1308 2071 1415 2127 Sed
1458 2072 1534 2127 illi
1572 2074 1913 2129 veracissime
1950 2074 2134 2128 vident

538 2159 720 2213 Deum
752 2160 842 2229 qui
870 2176 973 2215 non
1013 2161 1187 2215 solum
1213 2167 1330 2231 ejus
1369 2163 1772 2227 humanitatem,
1827 2164 1922 2219 sed
1970 2165 2132 2218 etiam

533 2252 841 2307 divinitatis
867 2255 1297 2323 contemplantur
1326 2256 1526 2325 absque
1564 2257 1898 2312 dubitatione
1938 2268 2130 2325 poten-

555 2344 700 2398 tiam.
729 2344 1030 2398 lncarnatio
1057 2345 1317 2413 siquidem
1342 2348 1458 2415 ejus
1484 2348 1742 2418 est(sicut
1771 2349 1903 2404 dicit
1954 2351 2129 2403 Evan-

542 2434 770 2504 gelittm)
814 2433 1027 2488 Verbum
1049 2451 1168 2489 caro
1198 2437 1390 2506 factum
1417 2446 1512 2503 est,
1543 2447 1589 2491 et
1617 2436 1864 2492 habitavit
1890 2439 2051 2510 6,32
2080 2440 2134 2493 in

537 2526 699 2579 utobis
739 2524 924 2592 (Joan.
966 2542 1004 2591 ι,
1049 2526 1137 2597 14)
1164 2546 1175 2580 :
1202 2529 1375 2582 duitas
1409 2540 1588 2583 autem
1622 2530 1972 2599 ipsius(sicut
1995 2532 2132 2585 idem

541 2617 875 2686 evangelista
927 2619 1213 2688 testatur):
1246 2618 1309 2673 In
1345 2619 1595 2688 principio
1640 2631 1749 2674 erat
1806 2622 2040 2683 Verbum,
2086 2631 2134 2675 et

545 2707 781 2762 Verbum
805 2719 911 2763 erat
937 2712 1076 2779 apud
1110 2711 1293 2777 Deum,
1315 2721 1365 2765 et
1404 2713 1539 2767 Deus
1566 2724 1674 2768 erat
1712 2714 1924 2768 Verbum
1952 2714 2004 2785 (1
2012 2732 2129 2769 οαη.

550 2816 602 2862 it.
663 2802 738 2869 i).
792 2801 915 2856 llam
965 2803 1052 2872 qui
1101 2802 1172 2856 ita
1218 2804 1540 2869 crediderit,
1599 2805 1702 2860 erit
1757 2807 2133 2861 veracissimus

546 2890 757 2957 Jsrael;
794 2902 848 2947 et
877 2910 977 2947 non
1019 2895 1311 2948 dormitubit
1348 2912 1507 2967 nrque
1536 2899 1844 2965 obdormit,
1882 2902 2133 2955 Domitius

554 2983 845 3037 custodiens
866 2998 1009 3038 euut.

2244 1855 2404 1909 mittit
2434 1856 2567 1910 tales
2598 1855 2649 1909 in
2687 1866 2889 1910 reatum
2917 1857 3126 1922 deduci,
3157 1869 3249 1911 aut
3304 1858 3546 1912 scandan
3574 1860 3772 1913 interve-

2245 1947 2422 2002 niente
2469 1949 2677 2017 peruri,
2738 1949 2952 2019 quando
2998 1951 3079 2005 eis
3128 1950 3397 2005 custodiae
3457 1966 3561 2005 sute
3603 1960 3775 2019 prestat

2248 2042 2523 2095 auxilium.
2552 2042 2640 2096 Sic
2672 2042 2814 2096 enim
2843 2043 3188 2097 lsraelitieum
3231 2043 3489 2113 populum
3532 2044 3775 2097 beneﬂcio-

2239 2149 2355 2187 rum
2411 2147 2630 2188 snorum
2679 2150 2899 2189 munere
2954 2135 3269 2198 custodivit,
3310 2145 3365 2189 ut
3402 2150 3520 2190 eum
3552 2150 3638 2205 per
3665 2135 3776 2189 diem

2240 2225 2378 2280 nube
2401 2234 2724 2295 protegeret,
2752 2235 2807 2281 et
2845 2236 3002 2281 nocte
3047 2228 3198 2295 ignea
3246 2228 3506 2282 columna
3553 2228 3776 2282 lustraret.

2238 2317 2389 2384 Quod
2421 2332 2560 2372 nunc
2589 2319 2713 2373 facit
2742 2319 2952 2373 occulte
2983 2320 3035 2372 in
3059 2320 3233 2374 servis
3283 2321 3423 2385 suis,
3471 2321 3665 2388 quando
3708 2331 3781 2370 eos

2239 2408 2308 2461 ab
2336 2409 2486 2464 hoste
2520 2409 2818 2464 suavissimo
2852 2411 2903 2463 in
2958 2412 3228 2480 prosperis
3295 2410 3778 2477 tribulatiottibnsque

2239 2501 2497 2556 defendit.

2314 2593 2461 2648 Vers.
2494 2595 2546 2647 7.
2584 2594 2834 2648 Dominus
2863 2597 3084 2650 custodit
3116 2606 3164 2649 te
3184 2596 3247 2648 ab
3285 2597 3424 2650 omni
3448 2595 3609 2658 malo;
3649 2600 3781 2646 custo-

2240 2683 2345 2736 diat
2374 2685 2600 2737 animant
2630 2695 2772 2738 tuam
2806 2685 3081 2741 Dominus.
3135 2687 3391 2743 Diversis
3422 2688 3583 2740 modis
3612 2684 3788 2752 promit-

2247 2777 2374 2830 titur
2397 2777 2575 2831 divina
2608 2779 2871 2841 cnsmdia,
2903 2794 3021 2848 qua:
3070 2794 3173 2833 non
3231 2782 3419 2833 solum
3472 2779 3535 2832 ab
3591 2773 3787 2831 adversis

2241 2868 2496 2937 vindicat,
2523 2868 2616 2923 sed
2642 2870 2801 2922 etiam
2821 2868 3007 2923 beatos
3039 2868 3186 2935 facit,
3214 2881 3283 2924 et
3305 2873 3369 2923 ad
3397 2870 3639 2924 caelorum
3661 2879 3789 2935 regna

2244 2960 2503 3028 perducit.
2542 2959 2760 3014 Addidit
2790 2975 3021 3029 quoque,
3062 2960 3125 3011 ab
3168 2962 3322 3013 omni
3370 2959 3541 3020 mala;
3590 2959 3669 3011 sed
3714 2955 3790 3007 hoc

2244 3048 2439 3103 malum
2494 3064 2599 3104 non
2648 3050 2727 3103 sic
2773 3049 3178 3119 intelligendum
3233 3060 3356 3120 est,
3394 3047 3790 3118 quemadmodum

624 3117 782 3175 Vers.
828 3120 884 3174 5.
930 3119 1177 3175 Dominus
1223 3123 1443 3176 custodit
1475 3132 1543 3189 te,
1592 3122 1843 3177 Dominus
1894 3125 2136 3195 proiectio
2164 3151 2210 3214 C
2244 3139 2541 3194 [nm-(amas
2577 3146 2745 3208 putat,
2781 3117 3040 3195 οτωωὶεε
3080 3117 3391 3209 suscgpcré’
3415 3117 3614 3193 δεινοῖς
3642 3137 3793 3207 copia.

554 3220 668 3274 tua,
701 3226 853 3279 super
882 3228 1089 3264 manum
1116 3213 1336 3267 dextera:
1358 3223 1477 3268 tua).
1509 3213 1669 3269 Venit
1693 3215 1756 3269 ad
1783 3215 2020 3269 ordinem
2052 3232 2137 3269 se-

559 3302 810 3368 cundum,
841 3304 927 3355 tibi
955 3303 1066 3373 jtm
1098 3306 1198 3358 sibi
1230 3306 1563 3361 conﬁdenter
1587 3307 1866 3375 promittit,
1900 3307 2041 3376 quod
2066 3306 2142 3362 vi-

560 3395 781 3449 debatur
821 3394 1047 3450 ﬁdeliter
1073 3398 1379 3466 expetiissc.
1425 3398 1726 3453 Notandum
1755 3416 1965 3469 quoque
1997 3402 2137 3471 quod

559 3487 636 3542 sic
681 3488 747 3542 ad
780 3489 1012 3542 animam
1054 3491 1223 3544 verba
1271 3492 1367 3545 ista
1399 3491 1628 3544 diximus
1671 3492 1832 3548 fuisse
1862 3508 2139 3560 conversa,

561 3590 616 3633 ιιι
640 3588 812 3634 tamen
845 3581 908 3634 ad
954 3581 1190 3635 membra
1224 3583 1480 3637 Ecclesiae
1525 3585 1799 3652 aptissima
1853 3585 2140 3642 collatione

563 3670 883 3726 referantur.
919 3673 1049 3726 Dlt'il
1079 3673 1221 3727 enim
1249 3692 1260 3726 :
1297 3673 1545 3729 Dominus
1575 3677 1790 3729 custodit
1827 3688 1904 3742 te,
1953 3678 2043 3733 ille
2066 3681 2144 3731 vi-

563 3761 758 3816 delicet
784 3762 871 3830 qui
901 3762 1023 3818 fecit
1048 3764 1241 3818 malum
1272 3773 1326 3817 et
1358 3775 1576 3820 terram.
1620 3766 1685 3820 Et
1718 3782 1783 3822 ne
1814 3769 1915 3822 ista
1955 3780 2140 3824 custo-

562 3852 648 3907 dia
698 3853 896 3924 a'iquid
945 3854 1234 3910 dubietalis
1291 3855 1487 3912 habere
1538 3860 1836 3927 potuisset,
1889 3861 2134 3928 addidit,

565 3944 812 3999 Dominus
841 3948 1083 4013 protectio
1122 3956 1228 4000 tua.
1256 3946 1351 4002 Ubi
1382 3958 1462 4002 est
1493 3949 1635 4003 enim
1669 3950 1845 4004 divina
1877 3953 2141 4020 protectio,

562 4035 679 4101 quis
706 4034 909 4088 dubitet
932 4048 1176 4089 securam
1203 4037 1308 4089 illic
1329 4052 1448 4090 esse
1474 4038 1812 4092 Custodiam?
1842 4038 1972 4093 Nam
2001 4040 2151 4110 quod

563 4127 713 4192 dixit,
752 4126 1003 4182 Dominus
1033 4128 1253 4181 custodit
1284 4138 1350 4195 le,
1394 4128 1645 4183 Dominus
1676 4131 1918 4198 protectio
1942 4143 2050 4199 tua,
2086 4132 2143 4186 li-

563 4233 692 4281 uura
721 4227 804 4272 est
826 4219 1147 4287 epembasis,
1173 4235 1290 4287 qua:
1323 4219 1506 4274 Latine
1540 4221 1751 4275 iteratio
1788 4236 2143 4291 nuncuttatur.

564 4309 712 4363 lianc
741 4321 917 4363 autem
976 4327 1132 4379 quam
1186 4320 1449 4366 memorat
1498 4316 1859 4382 protectionem
1906 4317 1991 4370 ubi
2026 4333 2147 4372 chc

567 4401 753 4465 possit,
790 4392 1064 4455 evidenter
1089 4402 1344 4471 ostendit,
1388 4403 1437 4457 id
1465 4414 1566 4469 cst,
1602 4422 1756 4475 super
1784 4424 1990 4461 manum
2022 4410 2146 4463 dea:-

2241 3228 2471 3283 sissimis
2496 3230 2788 3299 ingravari,
2820 3231 2998 3300 inOpia
3024 3231 3211 3300 premi,
3252 3243 3312 3287 et
3332 3241 3521 3304 cratera
3547 3244 3652 3299 quae
3672 3226 3796 3295 hujus

2243 3322 2428 3376 saeculi
2461 3333 2731 3377 amatores
2760 3322 3029 3376 restituant
3057 3338 3177 3377 esse
3205 3325 3555 3393 gravissima.
3580 3322 3671 3376 Sed
3698 3319 3797 3373 illud

2247 3415 2443 3467 malum
2471 3413 2623 3481 dicit,
2655 3414 2795 3483 quod
2843 3414 3075 3469 divinam
3121 3418 3369 3485 gratiam
3416 3416 3570 3478 tollit,
3606 3414 3798 3466 animam

2246 3504 2455 3573 perdit,
2493 3515 2732 3573 totasque
2782 3505 2989 3558 Domini
3035 3506 3441 3573 promissiones
3492 3512 3711 3559 cvacuat.
3753 3500 3803 3553 Et

2245 3594 2495 3663 quoniam
2526 3603 2749 3649 noverat
2781 3595 2868 3647 hic
2897 3608 3113 3650 sanctos
3144 3596 3303 3650 viros
3341 3596 3610 3650 doloribus
3644 3594 3800 3661 ingen-

2246 3687 2385 3740 tibus
2433 3685 2598 3739 fuisse
2648 3688 2948 3753 cruciatos,
3024 3689 3397 3759 corporisque
3456 3687 3716 3757 dispendio
3754 3684 3803 3735 ad

2247 3779 2490 3849 martyrii
2532 3780 2751 3846 prtemia
2803 3782 3144 3848 pervenisse,
3195 3784 3431 3852 adjecit,
3464 3775 3806 3834 custodiatani-

2249 3885 2385 3922 mam
2406 3878 2546 3923 tuam
2574 3869 2853 3937 Dominus,
2885 3887 3045 3940 quam
3095 3872 3273 3927 solam
3327 3882 3512 3927 servat
3541 3874 3588 3926 in
3626 3868 3808 3926 sanctis.

2250 3965 2337 4031 qtti
2362 3962 2606 4031 corporis
2628 3964 2954 4020 detrimento
2972 3978 3188 4022 aeterna:
3225 3969 3370 4024 lucis
3404 3982 3622 4022 munera
3647 3976 3803 4020 conse-

2248 4063 2500 4120 quuntnr.

2330 4143 2481 4195 Vers.
2517 4142 2568 4197 8.
2600 4140 2848 4197 Dominus
2879 4146 3132 4199 custod'at
3158 4147 3438 4201 introitum
3469 4158 3611 4200 tuum
3658 4151 3698 4197 et
3722 4138 3808 4193 ηἰ-

2250 4239 2355 4283 tttm
2377 4239 2541 4297 tuum,
2567 4248 2629 4285 ea:
2651 4232 2746 4285 hoc
2773 4250 2908 4285 nunc
2930 4244 2974 4288 et
2996 4251 3155 4305 usque
3178 4237 3229 4289 in
3253 4238 3535 4293 su'culum.
3567 4237 3813 4301 Postquam

2250 4321 2396 4375 varie
2421 4321 2743 4392 diverseque
2776 4332 3016 4392 optatum
3050 4334 3135 4379 est
3194 4335 3255 4380 nt
3298 4328 3515 4382 Domini
3550 4325 3814 4379 misericor-

2250 4409 2336 4463 dia
2366 4410 2680 4473 custodirct,
2704 4415 2850 4465 venit
2876 4414 2941 4465 ad
2976 4412 3135 4467 linem
3165 4416 3391 4484 psalmi,
3425 4426 3482 4471 et
3510 4424 3690 4469 cuncta
3716 4423 3818 4463 eou-

567 4504 684 4545 [εν-ω
706 4501 823 4546 tute.
856 4492 1041 4547 Man::s
1075 4508 1355 4549 commune
1396 4512 1586 4550 nomen
1633 4510 1751 4563 est;
1799 4499 1868 4553 ita
1917 4501 2058 4555 enim
2092 4511 2143 4555 et
2175 4521 2227 4580 D
2252 4502 2430 4555 clusit.
2464 4502 2600 4555 Dicit
2621 4503 2795 4556 enim:
2826 4500 3074 4556 Dominus
3110 4508 3375 4559 custodiat
3395 4508 3654 4560 introitum
3682 4512 3815 4555 tum.

566 4583 781 4637 deXtera
813 4582 1029 4648 dicitur,
1073 4594 1126 4637 ct
1171 4585 1425 4650 sinistra;
1462 4587 1553 4639 sed
1602 4586 1687 4641 hic
1719 4589 1908 4643 merito
1932 4589 2144 4661 (dextera

570 4674 802 4741 ponitur,
851 4674 939 4728 ubi
987 4674 1240 4728 Dominus
1285 4678 1460 4729 omnia
1519 4693 1773 4746 prospera
1838 4681 2145 4747 promisisse

568 4773 924 4828 monstratur;
962 4765 1218 4832 scriptum
1251 4776 1332 4817 est
1359 4764 1499 4818 enim
1535 4768 1585 4820 in
1616 4766 1924 4822 Proverbiis
1960 4789 1970 4821 :
1999 4769 2140 4825 Lon-

566 4858 743 4925 gitudo
770 4858 965 4910 dierum
994 4868 1039 4910 et
1066 4857 1187 4909 anni
1218 4860 1329 4909 vittv
1358 4859 1407 4910 in
1453 4861 1660 4912 dextera
1700 4862 1811 4929 ejus
1856 4860 2036 4927 (Prov.
2066 4878 2142 4929 ttt,

572 4947 685 5013 16),
716 4949 855 5015 qttod
883 4958 964 5001 est
993 4956 1189 5001 aeterna
1219 4948 1467 5003 felicitas.
1509 4948 1577 5003 In
1608 4952 1816 5005 sinistra
1848 4963 2015 5007 autem
2039 4956 2147 5025 ejus

569 5039 756 5092 t'ltritite
784 5048 830 5091 et
849 5038 1031 5107 gloria,
1065 5038 1204 5107 quod
1239 5039 1421 5093 saeculi
1456 5039 1611 5110 hujus
1669 5042 1803 5095 bona
1858 5042 2143 5112 signiﬁcat,

570 5147 685 5198 qua:
720 5139 894 5183 tamen
926 5131 993 5183 ab
1026 5131 1140 5199 ipso
1167 5130 1279 5185 dari
1314 5146 1470 5199 posse
1511 5148 1617 5186 non
1660 5133 1877 5188 dubium
1910 5144 2012 5190 est.
2058 5136 2150 5190 Est

568 5236 779 5291 qttoque
800 5222 1011 5274 dextera
1042 5222 1179 5291 ejus,
1213 5222 1428 5291 quando
1459 5224 1628 5279 sancti
1660 5226 1709 5277 iu
1743 5224 1909 5293 ipsam
1940 5237 2148 5295 partem

570 5315 635 5367 ad
693 5313 1030 5383 percipienda
1082 5300 1300 5367 munera
1350 5327 1716 5384 segregantur.
1781 5315 1875 5369 Est
1904 5316 2145 5385 sinistra,

571 5406 781 5477 quando
798 5416 1103 5475 peccatores
1125 5416 1322 5459 aeterna
1348 5423 1501 5475 poena
1534 5407 1822 5461 damnandi
1848 5419 1973 5464 sunt
2003 5428 2014 5462 :
2048 5412 2148 5475 illi,

572 5500 697 5565 quia
741 5498 974 5553 caelestia
1020 5497 1499 5564 desideraverunt;
1552 5500 1665 5569 isti,
1697 5502 1818 5568 quia
1876 5504 2147 5557 mundana

574 5590 737 5643 secuti
770 5601 911 5643 sunt.
950 5589 1206 5660 Legimus
1244 5606 1453 5660 quoque
1509 5602 1815 5660 peccatores
1875 5594 2147 5648 dexteram

574 5683 671 5736 sibi
698 5682 908 5749 fecisse,
933 5700 1050 5752 quae
1092 5694 1269 5738 tamen
1307 5684 1521 5739 sinistra
1552 5696 1654 5751 est,
1702 5686 1769 5741 de
1797 5687 1987 5756 quibus
2011 5688 2147 5741 idem

589 5777 847 5845 propheta
895 5776 948 5830 in
979 5777 1273 5833 centesimo
1315 5776 1718 5850 quadragesimo
1746 5779 1899 5835 tertio
1948 5780 2149 5850 psalmo

2253 4594 2364 4649 lloc
2431 4596 2758 4666 martyribus
2809 4596 3007 4649 dictum
3052 4611 3443 4667 competenter
3493 4596 3819 4654 advenimus.

2253 4703 2483 4756 quorum
2514 4689 2751 4741 introitus
2777 4703 2805 4740 a
2834 4688 3059 4742 Domino
3100 4693 3507 4746 custodiendus
3530 4701 3630 4753 est,
3670 4700 3729 4740 ne
3748 4690 3821 4735 aut

2255 4788 2643 4833 tormentorum
2674 4780 2931 4833 volentia
2960 4780 3184 4846 cedant,
3229 4792 3333 4839 aut
3364 4782 3821 4838 blandimentorum

2254 4871 2521 4926 illectione
2551 4869 2898 4925 sedueantur.
2927 4872 3275 4939 Quapmpter
3300 4875 3507 4928 merito
3553 4880 3691 4938 optat
3720 4878 3821 4934 pro-

2256 4962 2412 5030 pheta
2469 4976 2654 5015 corum
2703 4962 2969 5015 introitum
3014 4963 3290 5027 custodiri,
3322 4965 3417 5034 qui
3472 4964 3591 5017 sine
3632 4956 3823 5014 Domino

2256 5053 2559 5107 nullatenus
2589 5062 2809 5121 possunt
2836 5068 2954 5107 esse
3001 5055 3350 5120 cautissimi,
3398 5055 3542 5109 sicut
3590 5054 3641 5106 in
3683 5051 3824 5104 Evan-

2255 5142 2393 5212 gelio
2421 5141 2614 5196 dicitur
2640 5160 2655 5194 :
2707 5140 2843 5195 Dum
2864 5144 3093 5197 veneritis
3118 5154 3238 5195 ante
3263 5145 3535 5214 principes
3556 5152 3603 5196 et
3633 5147 3824 5211 potesta-

2256 5246 2350 5302 tes,
2379 5237 2533 5291 nolite
2562 5238 2785 5308 cogitare
2807 5239 3058 5305 quomodo
3084 5245 3174 5290 aut
3200 5240 3341 5307 quid
3370 5237 3687 5307 loquamini;
3705 5230 3827 5283 dabi-

2256 5338 2339 5381 tur
2360 5329 2495 5382 enim
2526 5329 2661 5382 vobis
2686 5328 2740 5381 in
2762 5327 2852 5381 illa
2877 5328 3005 5381 Itora
3025 5329 3285 5397 quomodo
3299 5338 3398 5381 aut
3419 5329 3546 5399 quid
3576 5316 3825 5396 loquamini

2262 5419 2478 5488 (Matth.
2507 5436 2562 5481 Χ,
2590 5420 2698 5488 19).
2747 5420 3033 5490 Stthjungit
3078 5436 3320 5491 quoque,
3358 5431 3408 5475 et
3444 5423 3636 5475 exitum
3671 5427 3825 5470 tuum;

2262 5512 2350 5564 ubi
2382 5519 2465 5565 est
2496 5520 2603 5566 tota
2628 5510 2906 5579 perfectio,
2932 5515 3146 5579 quando
3183 5527 3375 5582 usque
3418 5512 3486 5567 ad
3538 5512 3693 5565 linem
3722 5504 3826 5556 villi

2267 5612 2544 5670 permanet
2573 5602 2624 5654 in
2664 5602 2743 5657 eis
2770 5617 2895 5656 vera
2926 5602 3535 5671 irreprehensibilisqne
3561 5594 3825 5653 confessio.

2261 5694 2398 5746 sicut
2443 5692 2517 5747 ait
2570 5692 2621 5747 iu
2672 5692 2997 5761 Evangelio:
3033 5694 3133 5756 Qui
3170 5692 3579 5761 perseveraverit
3610 5679 3817 5753 amri”

2264 5784 2438 5852 ﬁnem,
2495 5784 2575 5837 Itic
2627 5783 2797 5841 salvus
2844 5785 2936 5838 erit
2964 5782 3146 5854 (Ibid.,
3176 5784 3302 5853 2'2).
3355 5783 3475 5855 Ipse
3501 5797 3626 5852 ergo
3669 5783 3822 5831 tuetur
