4022 6162
201 289 300 343 ςοη
1120 276 1477 337 EXPUSITIO
1518 276 1580 331 ΙΝ
1624 271 2076 331 PSALTERIL‘M.
2121 268 2311 326 [’SAL.
2354 264 2539 321 CXXI.
3364 256 3466 312 910

199 398 480 462 introitum,
509 397 623 467 ipse
652 396 874 450 custodit
903 404 948 447 et
976 393 1191 452 exitum,
1248 398 1305 444 ut
1347 397 1403 444 et
1455 400 1582 442 vera
1615 385 1777 453 proﬁ-
1817 386 1861 446 Λ
1892 382 2057 444 viros,
2087 390 2139 435 ct
2170 380 2259 434 hic
2281 379 2391 447 jam
2424 380 2474 431 in
2504 376 2591 430 illa
2622 375 2916 431 Jerusalem
2940 374 3122 427 animo
3151 368 3467 434 consistere,

201 500 411 545 teantnr
446 462 733 558 martyres,
784 499 837 540 et
889 495 948 539 nt
994 485 1134 537 nulla
1181 495 1457 552 [uenarum
1509 476 1786 532 nimietate
1891 475 1981 544 qui
2012 475 2302 544 probantur
2340 472 2393 525 in
2436 473 2716 539 praeceptis
2770 467 2982 522 Domini
3032 479 3367 534 permanere.
3416 462 3474 517 la

204 582 504 635 vincantur.
532 557 638 634 sed
676 579 761 632 isai
796 573 1247 631 consummationi
1295 572 1415 625 vide
1462 568 1588 639 quid
1636 566 1788 621 addi-
1893 566 1985 621 illa
2036 575 2215 619 autem
2266 578 2393 618 vero
2444 560 2641 616 dicitur
2671 568 2827 625 stare,
2862 560 2914 613 in
2954 573 3054 628 qua
3094 557 3271 610 nullus
3301 564 3477 625 potest

203 673 314 725 dit:
346 686 411 724 ea:
448 672 542 723 hoc
568 685 703 722 nunc
725 678 773 721 et
806 684 966 733 usque
997 668 1047 718 in
1074 663 1317 719 saiculum
1351 677 1369 714 :
1392 659 1643 730 quoniam
1675 656 1792 725 qui-
1896 658 2108 714 cadere.
2144 656 2382 725 Denique
2433 656 2639 723 respice
2670 653 2811 721 quod
2851 651 2983 706 dicit
3013 670 3025 703 :
3069 650 3273 704 Saintes
3324 657 3473 703 erant

205 776 416 831 cunque
444 760 894 830 perseveraverit,
921 766 1120 810 arterna
1165 752 1426 809 beneﬁcia
1459 747 1787 819 possidebit;
1900 750 2049 819 pedes
2072 749 2251 803 nostri.
2288 749 2360 801 lbi
2400 748 2539 801 enim
2590 754 2776 810 statur,
2823 744 2910 798 ubi
2939 757 3155 812 semper
3186 742 3339 796 ﬁrma
3386 755 3478 795 vo-

210 867 309 907 nec
338 861 513 920 potest
551 850 661 905 illic
692 865 810 905 esse
840 850 1126 913 terminus,
1153 847 1241 901 ubi
1264 844 1367 899 erit
1394 842 1512 897 sine
1543 841 1649 896 ﬁne
1669 854 1795 910 gau-
1902 844 2103 897 luntate
2129 840 2457 895 consistitur.
2486 840 2585 896 sel
2619 838 2757 892 istud
2799 848 2934 892 stare
2962 852 3066 890 non
3116 835 3277 889 habet
3320 834 3477 889 defe-

213 945 469 999 deudurn.
1901 948 2065 999 c'um,
2098 947 2204 985 non
2235 931 2415 1001 aliquo
2469 931 2648 985 labore
2686 928 2968 983 conﬁcitur
3002 946 3015 981 :
3047 927 3139 982 sed
3170 927 3220 979 in
3252 941 3350 981 suo
3392 941 3483 980 ro~

1904 1025 2034 1077 bore
2067 1036 2436 1089 perseverans,
2470 1005 2613 1075 nulla
2636 1019 2950 1073 lassitudine
2991 1018 3260 1086 fatigatur.
3291 1016 3483 1084 Sequi-

1907 1128 2012 1182 tur,
2032 1117 2083 1169 in
2105 1114 2249 1167 atriis
2264 1115 2383 1179 tuis,
2400 1114 2709 1167 Jerusalem.
2732 1112 2826 1166 llic
2847 1111 2980 1164 atria
3006 1126 3099 1178 pro
3124 1110 3488 1177 penetralibus

1908 1210 2088 1277 ponit;
2144 1210 2336 1262 atrium
2386 1206 2530 1260 enim
2593 1204 2841 1258 introitus
2890 1203 3079 1255 domus
3128 1209 3232 1268 est,
3277 1202 3328 1254 in
3379 1216 3486 1270 quo

1908 1300 2230 1355 commorari
2256 1306 2526 1367 nequeunt
2553 1295 2875 1349 habitantes.
2897 1293 3002 1349 Sed
3036 1292 3136 1346 huc
3165 1291 3489 1348 schematice

1908 1390 2107 1446 dictum
2139 1401 2220 1447 est
2251 1406 2280 1444 a
2313 1399 2461 1459 parte
2491 1395 2681 1441 totum.

1985 1482 2140 1537 Vers.
2165 1483 2219 1537 5.
2248 1480 2539 1534 Jerusalem
2564 1465 2679 1548 quae
2715 1476 3002 1546 ludificatur
3029 1486 3084 1531 ut
3116 1480 3313 1543 civitas,
3343 1483 3492 1549 cujus

1890 1562 2244 1644 participatis
2276 1572 2385 1642 ejus
2414 1572 2464 1624 in
2492 1571 2736 1637 idipsum.
2772 1567 2850 1622 Ne
2888 1566 3177 1623 Jerusalem
3219 1583 3376 1637 quam
3407 1570 3493 1622 di-

1916 1677 2070 1720 xerat
2099 1676 2366 1720 terrenam
2421 1664 2688 1730 potuisses
2715 1660 3017 1724 advertere,
3049 1663 3305 1715 civitatem
3348 1662 3495 1716 illam

1844 1756 2191 1815 Bcoelestem
2247 1754 2478 1810 mirabili
2548 1752 2793 1807 dividens
2856 1752 3154 1807 subtilitate
3208 1753 3494 1822 signiﬁcat.

1924 1853 2057 1908 Dicit
2082 1851 2220 1907 enim
2254 1849 2483 1918 primum
2515 1866 2529 1903 :
2554 1845 2840 1900 Jerusalen
2870 1860 2983 1915 qua:
3016 1844 3305 1914 ludiﬁcatur
3334 1854 3386 1897 ut
3415 1845 3494 1897 ci-

1921 1946 2069 1998 vitas.
2092 1940 2411 2009 xEdi/icatur
2434 1938 2611 2008 plane,
2643 1952 2761 2006 qua:
2778 1936 3016 2005 quotidie
3033 1950 3202 2005 usque
3223 1934 3288 1991 ad
3313 1935 3497 1989 mundi

1926 2031 2435 2089 consummationem
2496 2027 2631 2083 vivis
2677 2026 2941 2095 lapidibus
2988 2026 3252 2094 spirituali
3313 2040 3507 2095 opera-

1926 2124 2070 2180 tione
2087 2121 2437 2185 construitur,
2463 2117 2515 2172 id
2537 2126 2621 2174 est
2640 2114 3061 2179 confessoribus,
3106 2116 3431 2186 martyribus
3453 2123 3509 2171 et

1927 2214 2017 2286 qui
2048 2212 2271 2268 Domino
2300 2212 2513 2266 sincera
2568 2214 2748 2263 mente
2775 2206 2953 2262 devoti
2981 2214 3126 2261 sunt.
3174 2206 3411 2272 Addidlt,
3454 2217 3513 2262 ut

1929 2308 2123 2370 civitas,
2152 2314 2415 2376 quatenus
2443 2300 2851 2357 similitudinem
2890 2299 3129 2355 civitatis
3172 2298 3223 2353 in
3270 2298 3360 2354 illa
3389 2315 3511 2356 esse

1933 2408 2274 2456 monstraret.
2297 2397 2431 2452 Nam
2461 2409 2585 2451 cum
2624 2394 2799 2449 omnis
2839 2392 3029 2449 civitas
3066 2391 3274 2447 dicatur
3305 2408 3333 2445 a
3382 2393 3516 2448 civi-

1934 2494 2055 2558 bus,
2087 2493 2266 2547 verius
2300 2502 2475 2544 tamen
2498 2488 2587 2544 illa
2616 2486 2807 2541 civitas
2833 2485 3055 2550 dicitur,
3087 2500 3206 2554 qua:
3232 2485 3518 2541 unanimes

1934 2586 2079 2639 cives
2090 2583 2368 2637 continere
2381 2587 2727 2635 monstratur.
2745 2577 2895 2634 Scire
2912 2586 3089 2631 autem
3102 2576 3361 2632 debemus
3374 2578 3516 2646 quod

1937 2673 2036 2728 ista
2064 2686 2182 2742 quae
2213 2686 2354 2725 nunc
2406 2671 2599 2739 agitur,
2646 2669 2890 2723 continet
2934 2668 3254 2722 indiscretos
3294 2670 3519 2739 populos

1937 2775 2096 2834 atque
2127 2764 2446 2832 permixtos;
2473 2760 2558 2815 illa
2585 2775 2712 2814 vero
2742 2775 2860 2829 quae
2883 2759 3057 2813 futura
3081 2770 3182 2823 eet,
3215 2759 3359 2813 solos
3378 2758 3524 2814 reci-

1942 2856 2018 2925 pit
2041 2856 2158 2910 sine
2195 2853 2527 2909 dubitatione
2562 2850 2861 2920 perfectos;
2896 2851 2996 2903 ista
3043 2849 3518 2904 contrarietatibus

1942 2950 2193 3019 quatitur,
2226 2946 2315 2999 illa
2339 2944 2451 3015 jugi
2482 2944 2771 2999 securitate
2800 2941 3050 3003 lat'atur;
3082 2944 3184 2994 ista
3215 2939 3373 3009 plena
3407 2956 3523 3008 pm-

1945 3039 2248 3102 nitentium,
2282 3037 2371 3091 illa
2394 3034 2570 3090 nescia
2616 3034 3003 3103 lacrymarum;
3035 3032 3139 3086 ista
3176 3046 3274 3102 spe
3325 3032 3523 3097 credit,

1868 3132 1914 3193 C
1945 3131 2032 3185 illa
2060 3129 2227 3186 Deum
2260 3128 2390 3183 [acie
2415 3127 2481 3182 ad
2508 3126 2695 3181 facient
2720 3126 2865 3180 videt
2890 3167 2905 3190 ,
2934 3139 3109 3194 eoque
3167 3124 3226 3177 ﬁt
3267 3132 3349 3188 ut,
3397 3139 3522 3179 cum

1945 3222 2066 3277 dum
2094 3222 2335 3277 civitates
2362 3218 2489 3281 sint,
2519 3232 2656 3272 unus
2680 3226 2859 3271 tamen
2909 3216 3137 3284 populus
3170 3216 3381 3269 futurus
3409 3229 3528 3269 cre-

1945 3314 2100 3368 datur
2137 3325 2256 3367 esse
2310 3310 2568 3365 ﬁdelium.
2604 3308 2858 3377 S‘quitur
2898 3314 3026 3377 apta
3078 3308 3260 3373 nimis,
3291 3306 3386 3361 sed
3434 3306 3532 3361 ob~

1946 3418 2102 3461 scura
2123 3401 2386 3467 sententia
2412 3418 2427 3457 ;
2452 3399 2614 3469 Cuius
2653 3398 2985 3469 participatio
3012 3398 3124 3466 eius
3170 3398 3224 3452 in
3266 3398 3532 3466 idipsum,

1950 3494 2002 3549 id
2033 3502 2138 3561 est,
2171 3492 2404 3548 civitatis
2437 3491 2595 3546 istius
2621 3490 2948 3561 participatio
2978 3496 3064 3543 est
3085 3489 3135 3542 in
3166 3488 3392 3544 Domino
3420 3488 3537 3545 Sal-

1951 3594 2156 3653 vatore,
2185 3585 2276 3655 qui
2304 3592 2389 3639 est
2416 3582 2698 3653 propriein
2726 3582 2971 3644 idipsum.
2998 3579 3064 3634 In
3091 3581 3312 3651 idipsum
3334 3582 3533 3651 quippe

1952 3676 2218 3746 signiﬁcat
2276 3673 2656 3737 a-ternitatem,
2693 3688 2811 3741 quae
2851 3686 3121 3739 nunquam
3176 3670 3377 3725 desinit
3417 3686 3538 3726 esse

1954 3768 2098 3837 quod
2127 3776 2231 3833 est,
2256 3765 2352 3819 sed
2382 3780 2597 3834 semper
2625 3779 2729 3818 uno
2759 3772 2919 3832 atque
2968 3762 3161 3818 eodem
3201 3763 3360 3817 modo
3417 3772 3535 3817 est:

750 1049 1021 1106 Conclusio
1058 1049 1261 1119 psalmi.

283 1165 456 1233 Quam
488 1162 627 1219 bene
681 1163 945 1217 secundus
993 1160 1188 1230 gradus
1224 1158 1579 1237 opmpheticos
1632 1155 1797 1225 pedes

216 1259 543 1315 intitubabili
572 1258 823 1311 ﬁrmitate
855 1255 1157 1310 continuit!
1195 1267 1352 1322 quam
1387 1253 1523 1305 bene
1546 1264 1707 1318 supra
1744 1261 1801 1302 se

219 1354 409 1415 crevit,
441 1350 530 1418 qui
553 1349 619 1403 ad
646 1348 839 1403 merita
869 1346 1090 1401 fortiora
1119 1344 1434 1399 conscendit
1464 1344 1477 1394 l
1516 1341 1800 1395 Videamus

219 1442 342 1512 quid
390 1442 444 1495 in
496 1441 657 1495 tertio
706 1448 883 1508 gerat,
943 1438 1033 1506 qui
1092 1436 1179 1491 hic
1220 1434 1520 1491 custodiam
1590 1430 1804 1486 Domini

221 1546 414 1601 magno
435 1528 708 1585 desiderio
743 1527 1051 1597 postulavit.

748 1640 1064 1698 PSALMUS
1088 1638 1274 1696 CXXI.

736 1755 1003 1810 Canticum
1025 1755 1301 1826 graduum.

297 1848 615 1906 Andivimns
642 1847 890 1919 gradum,
934 1846 1293 1917 intelligamus
1327 1845 1393 1900 ad
1442 1845 1635 1899 altiora
1684 1856 1814 1898 con-

227 1956 518 2005 scensum;
550 1939 644 1993 sed
687 1940 788 1994 iste
816 1951 1073 1999 ascensus
1098 1937 1284 1990 ﬁrmus
1311 1945 1415 2001 est,
1448 1935 1539 2003 qui
1577 1934 1803 1987 Domino

227 2035 567 2091 custodiente
600 2038 887 2096 servatur;
937 2029 1029 2099 qui
1063 2036 1265 2098 quanto
1331 2026 1537 2082 meritis
1586 2024 1815 2094 proﬁcit,

230 2138 381 2184 tanto
434 2140 497 2180 se
538 2125 736 2179 mentis
784 2120 1124 2192 subiectione
1172 2119 1484 2190 prosternit.
1532 2118 1668 2173 Ecce
1706 2117 1817 2185 jam

229 2220 543 2276 sublevatur
571 2214 832 2286 pr0pheta
867 2215 1028 2269 tertio
1047 2213 1238 2283 gradu,
1261 2211 1518 2266 secundis
1544 2210 1705 2264 altior
1733 2208 1822 2262 fa-

229 2320 378 2375 ctus,
409 2317 465 2364 et
486 2308 555 2363 de
582 2308 698 2378 ipsa
725 2304 906 2361 laetitia
928 2304 1248 2375 principium
1277 2301 1471 2374 psalmi
1520 2299 1821 2372 sumpsisse

232 2401 561 2456 declaratur.

686 2506 847 2578 533
882 2504 1078 2560 Divisio
1109 2506 1315 2573 psalmi.

307 2621 371 2677 ln
403 2621 573 2689 prima
619 2631 772 2689 parte
800 2619 996 2689 gaudet
1026 2632 1088 2672 se
1144 2622 1400 2687 propheta
1445 2618 1831 2672 communitum

235 2714 305 2768 ad
333 2726 623 2780 supernam
655 2708 951 2765 Jerusalem
983 2722 1103 2763 esse
1120 2716 1430 2771 venturum,
1463 2708 1552 2761 ubi
1581 2706 1689 2775 jam
1712 2716 1835 2759 sau-

235 2807 310 2861 cti
355 2818 547 2859 secura
577 2799 935 2871 prosperitate
965 2800 1285 2868 consistunt,
1319 2808 1520 2854 etcum
1572 2797 1829 2860 Domino,

240 2896 615 2952 misericordia
642 2894 808 2963 ipsius
834 2892 1116 2962 largiente,
1136 2891 1471 2959 iudicabunt.
1503 2891 1559 2945 ln
1600 2888 1834 2945 secunda

239 2998 402 3059 parte
432 2986 665 3056 loquitur
692 2985 756 3038 ad
788 2985 935 3039 cives
962 2982 1291 3047 Jerusalem,
1322 2992 1515 3052 optans
1562 2985 1638 3038 eis
1668 2984 1837 3036 abun-

238 3081 486 3134 dantiam
514 3076 683 3146 pacis,
725 3090 885 3142 quam
934 3090 993 3130 se
1039 3074 1169 3130 dicit
1219 3074 1487 3130 charitate
1526 3073 1748 3129 fratrum
1783 3086 1836 3132 et

238 3170 464 3226 Domini
493 3182 677 3221 amore
707 3166 1054 3235 praedicasse.

796 3276 1061 3348 Expositio
1097 3277 1296 3349 psalmi.

322 3396 482 3451 γετί.
517 3396 567 3449 l.
621 3394 842 3449 Lanatus
879 3410 994 3449 sum
1022 3395 1075 3449 in
1110 3394 1189 3448 Itis
1216 3410 1331 3465 qua:
1360 3395 1494 3448 dicta
1523 3405 1637 3448 sunt
1670 3395 1791 3448 mihi
1822 3410 1840 3446 :

237 3491 300 3543 in
325 3489 545 3542 domum
588 3484 794 3539 Domini
815 3485 1020 3540 ibimus.
1065 3485 1267 3539 Decora
1296 3484 1461 3539 nimis
1495 3493 1549 3539 et
1587 3484 1840 3539 salutaris

238 3596 417 3637 causa
452 3578 676 3643 laetitiae,
709 3592 829 3647 quae
852 3576 1021 3646 prima
1051 3575 1228 3630 fronte
1255 3576 1531 3645 prmmissa
1553 3583 1635 3630 est
1654 3615 1669 3640 ,
1704 3585 1761 3629 ut
1790 3583 1848 3629 et

244 3675 460 3730 hilare,
500 3682 553 3724 et
577 3678 813 3725 attentos
841 3669 1093 3724 redderet
1126 3669 1419 3723 auditores.
1453 3666 1559 3723 Sed
1588 3683 1657 3723 ne
1695 3682 1848 3723 more

244 3763 616 3820 humanitatis
651 3764 923 3817 mediocre
938 3761 1184 3830 gaudium
1201 3760 1361 3815 fuisse
1381 3761 1635 3824 sentires,
1657 3759 1723 3815 de
1742 3772 1849 3828 quo

242 3858 507 3928 perfecto
523 3854 662 3910 bono
679 3852 842 3907 lwtari
865 3866 924 3907 se
940 3852 1250 3921 proﬁteatur
1263 3850 1515 3917 ostendit,
1533 3850 1655 3920 quia
1686 3850 1736 3903 in
1756 3849 1852 3903 do-

242 3964 405 4002 mum
428 3945 636 3999 Domini
660 3946 850 3997 iturum
880 3959 938 3998 se
971 3958 1092 3999 esse
1119 3951 1365 3997 testatur.
1410 3941 1455 3996 Ο
1484 3942 1641 4010 digna
1670 3941 1850 3996 exsul-

244 4040 398 4092 tatio
425 4037 551 4090 illuc
574 4037 650 4090 ire
672 4034 1019 4095 contendere,
1045 4035 1187 4088 unde
1209 4049 1480 4103 nunquam
1510 4034 1703 4103 aliquis
1725 4035 1852 4088 velit

244 4130 453 4188 exire!
508 4127 615 4185 Sed
666 4126 1109 4197 perscrutandum
1155 4134 1237 4181 est
1266 4126 1388 4195 quis
1415 4124 1531 4180 lucc
1579 4128 1853 4195 propheta:

238 4220 515 4279 dixerit?
562 4220 782 4275 Scilicet
832 4218 1065 4288 Spiritus
1110 4229 1353 4288 sanctus,
1405 4219 1497 4290 qui
1551 4218 1701 4273 cordi
1736 4217 1854 4288 eius

241 4313 430 4368 tacita
457 4326 590 4365 voce
622 4310 954 4379 loquebatur.
987 4310 1245 4365 Audierat
1274 4325 1402 4380 ergo
1452 4310 1713 4380 propheta
1746 4325 1851 4364 non

238 4422 425 4467 aure,
475 4404 571 4457 sed
624 4412 822 4468 mente,
874 4418 980 4457 non
1020 4418 1289 4470 sermone,
1339 4403 1434 4457 sed
1479 4402 1661 4458 divino
1690 4402 1857 4471 inspi-

1956 3864 2127 3917 virtus
2164 3859 2452 3924 indeiecta,
2476 3865 2713 3928 potestas
2738 3855 3211 3920 incommutabilis,
3240 3855 3539 3909 substantia

1961 3970 2053 4024 per
2090 3969 2150 4009 se
2176 3966 2420 4016 manens,
2454 3950 2636 4005 omnia
2674 3963 2794 4018 qure
2845 3948 2958 4000 vult
3004 3946 3296 4001 efﬁcaciter
3328 3955 3537 4015 potens.

1962 4046 2050 4101 Sic
2068 4054 2121 4099 ct
2149 4042 2263 4112 ipse
2283 4028 2347 4096 (ιε
2371 4056 2428 4095 se
2446 4041 2612 4111 ttoysi
2639 4039 2769 4093 dixit
2798 4056 2810 4091 :
2833 4037 2940 4107 Ego
2962 4054 3075 4093 ιιιηι
3100 4038 3188 4108 qui
3212 4055 3323 4091 sunt
3340 4037 3538 4107 (Exod.

1962 4151 2038 4199 tu,
2092 4136 2212 4203 ii);
2256 4142 2313 4190 et
2357 4133 2514 4201 paulo
2557 4139 2674 4199 post
2710 4148 2723 4182 :
2754 4130 2856 4197 Qui
2903 4140 2977 4183 est
3032 4131 3168 4184 misit
3221 4146 3302 4183 me
3340 4131 3409 4183 ad
3457 4146 3545 4185 vos

1965 4225 2135 4299 (Psal.
2167 4224 2357 4291 ϐμετ,
2388 4222 2519 4292 28);
2569 4230 2624 4276 et
2668 4222 2721 4275 in
2766 4221 2870 4275 alio
2918 4220 3122 4289 psalmo
3161 4222 3261 4290 ipsi
3308 4220 3542 4277 dicitur:

1967 4318 2152 4371 Omnia
2205 4318 2335 4370 sicut
2363 4316 2709 4369 vestintcnrum
2753 4323 3080 4379 veterascent,
3120 4323 3165 4367 et
3214 4316 3345 4367 sicut
3387 4329 3541 4383 aper—

1964 4409 2152 4463 torium
2182 4407 2401 4460 mutabis
2429 4422 2488 4459 ea
2527 4415 2573 4459 et
2604 4406 2965 4471 mutabuntur;
2994 4414 3049 4458 tu
3079 4413 3252 4458 autem
3277 4406 3413 4459 idem
3443 4407 3549 4477 ipse

236 4496 517 4558 nomine:
555 4493 697 4549 ίηιυδ
724 4496 866 4550 enim
911 4495 1287 4564 PI'IEmONilUS.
1337 4495 1402 4548 ad
1461 4495 1577 4549 ³³(θο
1626 4494 1859 4550 θιειιιιει-
1888 4509 1942 4569 1)
1966 4518 2038 4567 es,
2063 4509 2112 4553 et
2138 4499 2262 4553 anni
2288 4498 2364 4551 tui
2390 4513 2494 4551 non
2519 4497 2775 4565 deﬁcient.
2804 4495 3148 4566 Quapropter
3170 4497 3269 4551 soli
3298 4500 3553 4553 convenit

238 4588 439 4643 tionis
464 4586 625 4641 verba
673 4587 934 4657 prorupit.
991 4586 1261 4657 Sequitur,
1301 4588 1353 4640 in
1392 4588 1601 4640 domum
1651 4586 1859 4641 Domini
1966 4591 2211 4648 Creatori
2240 4604 2360 4645 esse
2404 4590 2456 4643 in
2486 4588 2731 4657 idipsum.
2783 4587 2915 4641 Nam
2950 4588 3175 4655 angelus
3216 4588 3307 4656 qui
3347 4603 3407 4643 se
3447 4588 3552 4644 hoc

233 4682 484 4734 ibimus.
522 4677 712 4732 Domus
740 4693 859 4748 quae
904 4678 1078 4749 justos
1135 4687 1336 4733 tantum
1393 4679 1600 4750 recipit,
1639 4680 1861 4750 angelos
1971 4684 2177 4751 putavit
2193 4695 2337 4744 esse,
2369 4695 2491 4734 mox
2531 4678 2775 4742 corruit;
2813 4678 2903 4731 ille
2932 4677 3077 4731 enim
3107 4691 3173 4731 ex
3205 4692 3265 4731 se
3298 4692 3402 4729 non
3432 4691 3552 4731 erat

231 4769 545 4836 continet,
582 4776 635 4822 et
659 4768 832 4838 ipsum
872 4781 1247 4825 creaturarum
1279 4771 1520 4824 omnium
1549 4772 1862 4838 conspicere
1971 4773 2111 4844 quod
2132 4781 2267 4836 erat,
2298 4770 2528 4840 ideoque
2556 4769 2611 4823 in
2640 4769 2867 4837 idipsum
2891 4782 3012 4823 esse
3042 4782 3146 4822 non
3180 4775 3408 4835 poterat.
3440 4767 3556 4823 Hoc

236 4869 527 4918 meretur
557 4856 844 4914 Auctorem
875 4876 890 4925 ;
921 4859 1112 4915 domus
1137 4860 1418 4914 desiderab
1443 4860 1527 4925 lis,
1556 4859 1749 4915 domus
1792 4860 1861 4916 de
1974 4870 2134 4924 etiam
2176 4867 2227 4921 in
2259 4873 2451 4936 quam
2498 4863 2705 4932 psalmo
2735 4861 2937 4917 dictum
2966 4870 3087 4915 est;
3118 4862 3172 4913 in
3203 4876 3327 4930 ραεε
3377 4861 3431 4915 in
3468 4861 3545 4913 id-

230 4956 416 5012 vivis
445 4952 712 5020 lapidibus
740 4952 1032 5018 fabricata;
1065 4952 1131 5007 de
1157 4968 1259 5023 qua
1302 4953 1354 5007 in
1388 4954 1494 5007 alio
1537 4953 1739 5021 psalmo
1785 4954 1867 5007 di-
1972 4959 2141 5030 ipsum
2168 4955 2422 5010 dormiam
2442 4964 2490 5008 et
2517 4954 2829 5022 requiescam
2859 4950 3031 5023 (Psal.
3068 4968 3141 5015 tv,
3188 4953 3268 5021 9).
3305 4952 3456 5018 Quod
3482 4953 3560 5007 lo-

224 5060 426 5105 ctum
452 5053 567 5098 est:
605 5041 773 5096 Unam
799 5044 921 5109 petii
969 5061 1000 5096 α
1050 5043 1287 5111 Domino,
1336 5044 1467 5098 hanc
1501 5045 1781 5114 requiram,
1810 5052 1867 5098 ut
1975 5048 2205 5105 cutionis
2254 5062 2426 5119 genus
2466 5046 2865 5114 Scripturarum
2920 5045 3223 5101 divinarum
3283 5050 3556 5115 prOprium

222 5137 559 5197 inhabilem
588 5136 640 5188 ir:
685 5136 835 5189 domo
862 5136 1066 5190 Domini
1114 5146 1343 5191 omnibus
1382 5139 1552 5191 diebus
1586 5138 1699 5191 vita:
1745 5154 1868 5192 mete
1974 5160 2094 5201 esse
2143 5143 2541 5214 cognoscimus.
2596 5139 2826 5195 Civitatis
2854 5155 2982 5212 ergo
3018 5142 3172 5198 istius
3206 5144 3553 5214 participatio,

222 5229 460 5307 (Ριαι.
491 5244 638 5294 xxvi,
666 5229 743 5297 4).
1974 5236 2307 5289 consortium
2338 5242 2499 5302 atque
2548 5234 2858 5288 communio
2896 5246 2977 5289 est
3017 5234 3099 5306 (ut
3143 5235 3401 5303 diximus)
3432 5252 3552 5292 cum

330 5324 517 5376 Vens.
551 5320 606 5373 '2.
634 5319 837 5374 Stante:
858 5331 998 5374 erant
1023 5321 1172 5392 pedes
1204 5322 1361 5373 nostri
1385 5322 1438 5374 in
1468 5322 1610 5374 atriis
1632 5324 1752 5385 luis,
1776 5322 1865 5376 Je-
1980 5324 2207 5379 Domino
2239 5324 2539 5387 Salvatore,
2573 5328 2713 5380 sicut
2742 5334 2798 5379 ct
2828 5325 2945 5394 ipse
2985 5325 3039 5381 in
3075 5328 3360 5397 Evangelio
3400 5338 3563 5384 testa-

214 5420 532 5480 yu‘alem.
567 5415 828 5484 Quoniam
866 5416 966 5469 sibi
1008 5417 1261 5484 propheta
1293 5426 1545 5470 retentam
1586 5417 1730 5471 illam
1763 5418 1863 5469 do-
1984 5426 2069 5470 tur
2094 5432 2108 5470 :
2132 5414 2310 5479 Pater,
2349 5416 2461 5468 volo
2506 5424 2559 5467 ul
2602 5417 2684 5469 ubi
2713 5433 2823 5469 sum
2850 5432 2964 5487 ego,
2998 5419 3064 5471 ibi
3089 5420 3190 5471 sint
3222 5428 3267 5473 et
3294 5420 3343 5472 hi
3374 5437 3569 5476 mecum

218 5524 432 5567 mm"
458 5504 1272 5574 dixeratcumpmmissam,jam
1298 5507 1408 5574 ipsa
1437 5507 1869 5576 pl'tt'ﬁguralionc
1983 5505 2159 5577 (Joan.
2199 5518 2327 5565 xvu,
2354 5504 2469 5573 ΞΗ).
2505 5503 2558 5556 In
2592 5504 2683 5557 illa
2719 5506 2861 5559 enim
2891 5508 3113 5560 civitate
3142 5510 3245 5562 erit
3291 5510 3567 5576 Dominus,

219 5611 595 5665 luturorum
630 5600 682 5653 in
710 5614 771 5653 ea
798 5615 856 5653 se
886 5600 1012 5653 dicit
1039 5609 1194 5665 stare,
1227 5602 1292 5655 ad
1335 5618 1493 5671 quam
1526 5604 1873 5658 desiderabat
1985 5601 2068 5655 cui
2094 5599 2263 5653 sancti
2292 5609 2449 5653 erunt
2475 5598 2659 5666 (prout
2693 5599 2807 5668 ipse
2836 5600 3193 5672 concesserit)
3220 5604 3335 5659 siue
3366 5606 3573 5659 dubita.

214 5708 502 5762 suc-uno
554 5689 730 5745 studio
782 5694 1092 5762 perienirc;
1146 5703 1200 5747 ut
1247 5708 1600 5763 agitnscamus
1649 5703 1868 5753 sanctus
1989 5691 2455 5765 tionelartit-ipcs.
2486 5690 2633 5745 llanc
2667 5691 2937 5747 civitatem
2990 5694 3150 5747 Isaias
3182 5696 3435 5767 propheta
3472 5700 3576 5751 mi-
