4094 6366
503 349 595 419 ιι

1510 338 1570 396 5.
1610 334 1882 395 CYRILLI
1925 334 2392 391 ALEXANDBINI
2431 332 2749 392 ABCHIEP.
3682 335 3749 391 12

503 465 688 517 dorem
718 467 771 515 et
791 457 1107 515 industriam
1133 457 1184 512 in
1202 456 1355 513 bonis
1384 456 1576 511 studiis
1597 455 1827 509 locatam
1863 453 2071 523 ignavia

2178 451 2582 521 σπουδάσμασιν
2618 449 2817 523 ἱδρῶτα
2863 451 2956 504 καὶ
2998 444 3158 503 πόνον
3189 449 3285 519 τῆς
3324 450 3381 503 ὲν
3420 447 3501 520 τῷ
3535 446 3750 521 ῥέγχειν

504 550 956 621 prrestabiliorem
985 564 1126 614 esse,
1153 564 1216 603 ac
1250 549 1495 602 laborare
1520 548 1713 602 melius
1745 559 1889 609 esse,
1914 558 2071 614 quam

504 652 771 697 stertere:
805 656 904 697 nee
948 642 1106 711 plane
1163 639 1387 702 diﬂisus,
1439 638 1569 706 quin
1614 637 1903 705 aliquando
1950 649 2075 706 pos-

504 748 617 787 sem
651 732 853 803 aliquid
885 747 1080 786 novum
1110 741 1167 785 et
1212 729 1421 783 varium
1479 726 1721 780 invenire
1752 744 1765 780 :
1827 726 2074 795 quando-

502 824 718 893 quidem
752 824 893 878 Deus
925 823 1063 877 hanc
1082 818 1595 877 commentationum
1622 818 1763 870 viam
1785 817 2076 871 rationem-

502 930 606 986 que
658 915 869 969 dilatat.
909 913 1176 982 Scriptum
1208 920 1291 963 est
1323 911 1467 964 enim
1498 927 1509 962 :
1542 927 1560 959 ι
1603 906 1794 961 Latum
1851 908 2072 960 manda-

504 1019 615 1062 tum
664 1013 813 1058 tuum
838 1004 1182 1057 vehementer
1213 1003 1249 1053 ι.
1291 1020 1309 1051 ι

576 1095 920 1165 Prophetavit
952 1095 1114 1163 igitur
1163 1094 1354 1147 beatus
1392 1091 1559 1146 Isaias
1597 1089 1927 1160 temporibus
1983 1101 2073 1141 re-

503 1187 590 1259 gni
620 1184 888 1251 chozize,
924 1193 978 1237 et
1002 1181 1289 1243 Joathami,
1326 1181 1523 1235 Achazi
1577 1190 1631 1235 et
1660 1178 1919 1234 Ezechiaz.
1962 1177 2075 1248 Age

503 1295 651 1342 vero,
687 1288 925 1347 tempora
968 1275 1391 1342 uniuscujusque
1432 1272 1691 1327 memoria
1751 1280 2071 1340 repetamus

502 1382 558 1425 et
590 1385 696 1439 quo
729 1381 887 1438 pacto
941 1368 1170 1437 quisque
1201 1365 1419 1429 vixerit,
1474 1363 1678 1417 cursim
1728 1369 1785 1415 et
1833 1360 2069 1415 strictim

504 1464 765 1518 dicamus.
840 1459 1236 1527 l’erspiciemus
1297 1456 1442 1510 enim
1493 1452 1660 1509 hinc'
1691 1452 2067 1524 propheticum

503 1570 806 1610 sermonem
835 1552 999 1608 rebus
1050 1552 1217 1620 gestis
1244 1559 1298 1604 et
1342 1546 1673 1618 temporibus
1704 1546 1833 1615 ipsis
1857 1559 2075 1599 accom-

502 1647 776 1701 modatum
827 1658 969 1706 esse,
1020 1653 1075 1696 et
1124 1648 1605 1710 peropportunum.
1655 1638 1820 1694 Ozias
1864 1638 2069 1705 itaque,

502 1737 674 1804 quiet
703 1734 968 1790 Ochozias
1013 1733 1186 1787 dictus
1238 1741 1343 1797 est,
1392 1732 1479 1785 vir
1536 1729 1653 1797 pius
1714 1729 1835 1795 fuit,
1900 1742 2071 1795 eoque

2175 544 2400 614 ἀργείας
2426 543 2635 613 ἀμείνω
2662 560 2723 595 τε
2773 537 2911 594 εἶναι
2953 541 3353 607 πεπιστευκὼς,
3378 541 3473 595 καὶ
3508 541 3609 594 οὐκ
3639 542 3751 594 είσ-

2175 637 2320 689 ἁπαν
2348 634 2663 706 ἀπειρηκὼς
2686 634 2785 706 τὴν
2813 632 3022 698 ἐλπίδα,
3049 633 3142 687 τοῦ
3178 634 3274 687 καὶ
3302 632 3413 686 ἔσθ’
3446 633 3534 687 ὅτε
3563 631 3753 691 καινὸν

2175 728 2268 781 καὶ
2304 727 2702 798 ἐξηλλαγμένον
2731 729 3053 797 προσευρεῖν
3085 744 3136 779 τι
3167 725 3446 787 δύνασθαι,
3481 723 3750 795 κατευρύ-

2174 834 2354 881 voveo;
2392 818 2527 871 Θεοῦ
2566 819 2663 889 τὴν
2698 817 2755 871 ἑν
2798 836 2863 886 γε
2908 820 3019 880 τοῖς
3055 817 3373 889 θεωρήμασι
3419 815 3624 886 τρίϐον.
3655 814 3753 866 Γέ-

2176 926 2416 980 γραπται
2450 910 2580 980 γὰρ,
2608 910 2688 962 ὅτι
2721 927 2739 959 ι
2775 910 3012 962 Πλατεία
3043 910 3076 979 ή
3120 908 3307 978 ἐντολή
3342 924 3435 960 σου
3464 907 3686 978 σφόδρα.
3726 924 3748 957 ›

2246 1082 2586 1154 Προφητεύει
2613 1083 2790 1137 τοίνυν
2818 1083 2846 1135 ό
2879 1082 3147 1153 μακάριος
3186 1081 3412 1145 Ἡσαΐας
3449 1083 3506 1134 ὲν
3541 1083 3751 1152 καιροῖς

2177 1174 2450 1245 βασιλείας
2510 1175 2769 1245 Ὀχοζίου,
2821 1177 2916 1230 καὶ
2977 1177 3232 1245 Ίωάθαμ,
3280 1175 3377 1229 καὶ
3422 1176 3613 1245 Ἄχας,
3656 1175 3751 1228 καὶ

2188 1268 2451 1338 Ἐζεχίου.
2482 1269 2594 1322 Καὶ
2630 1270 2762 1339 φέρε
2800 1268 2907 1322 τῶν
2933 1269 3161 1322 ἑκάστου
3203 1267 3409 1338 καιρῶν
3451 1268 3751 1337 διαμνημο-

2175 1360 2475 1429 νεύσωμεν,
2523 1359 2706 1412 διεϐίω
2752 1377 2811 1412 τε
2867 1361 3013 1423 ὅπως
3062 1358 3430 1430 ἐπιδρομὰδην
3477 1357 3745 1427 λέγωμεν.

2175 1450 2445 1522 Εἰσόμεθα
2474 1451 2583 1522 γὰρ
2611 1451 2877 1517 ἐντεῦθεν,
2905 1454 2986 1506 ὅτι
3017 1454 3127 1514 τοῖς
3153 1450 3448 1520 δρωμένοις
3472 1449 3611 1503 κατὰ
3637 1466 3753 1503 και⁴

2177 1546 2303 1615 ροὺς
2348 1544 2573 1614 πρέπων
2599 1544 2658 1598 τέ
2692 1546 2805 1597 ὲστι
2842 1544 2936 1597 καὶ
2964 1543 3363 1615 ἁρμοδιώτατος
3404 1544 3503 1614 τῆς
3540 1559 3752 1613 προφη-

2174 1637 2325 1699 τείας
2351 1639 2378 1688 ό
2404 1635 2580 1704 λόγος.
2616 1636 2810 1704 Γέγονε
2848 1636 3023 1688 τοίνυν
3056 1636 3283 1706 εὐσεϐής
3312 1635 3448 1707 ἀνὴρ
3485 1637 3513 1689 ό
3547 1634 3748 1699 Ὀζίας,

2175 1731 2202 1782 ό
2253 1729 2347 1781 καὶ
2384 1728 2647 1798 Ὀχοζίας,
2697 1727 3006 1798 προϐέϐηκε
3050 1728 3114 1799 δὴ
3159 1726 3293 1798 ὁμοῦ
3345 1728 3502 1797 δόξης
3546 1744 3604 1780 τε
3656 1727 3751 1780 καὶ

500 1792 868 1895 amplitudinis
907 1833 962 1878 et
1003 1823 1252 1893 potentiae
1286 1832 1594 1893 provectus,
1638 1830 1697 1875 ut
1760 1830 1946 1891 gentes
1977 1818 2071 1874 Ju-

2178 1816 2356 1887 ἰσχύος
2395 1819 2475 1879 είς
2511 1816 2688 1878 τοῦτο,
2725 1816 2799 1879 ὡς
2845 1816 3257 1887 κατακρατῆσαι
3300 1813 3407 1866 τῶν
3436 1813 3604 1865 ἐθνῶν
3642 1812 3749 1864 τῶν

501 1921 628 1974 ὀίεαι
658 1918 912 1971 ﬁnitimas
953 1915 1241 1983 subegerit,
1281 1914 1465 1968 multis
1490 1912 1696 1967 tributa
1755 1911 2073 1980 imposuerit

501 2027 565 2065 ac
592 2011 823 2077 sceptris
865 2010 976 2064 suis
1035 2006 1350 2073 subiecerit,
1374 2007 1537 2061 urbes
1570 2005 1907 2067 instaurarit,
1933 2004 2068 2058 alias

502 2100 794 2171 acceperit,
836 2097 1138 2168 ﬁnibusque
1174 2095 1408 2151 Judaica:
1449 2106 1607 2150 terra:
1636 2094 1967 2163 adjunxerit.
1990 2093 2071 2147 Ad

501 2201 801 2247 extremum
859 2204 989 2244 vero
1071 2189 1362 2242 humanum
1419 2186 1673 2255 quiddam
1720 2199 1911 2254 passus
1967 2194 2070 2238 εει.

499 2285 851 2340 lmmoderata
898 2281 1040 2335 enim
1085 2280 1186 2335 hac
1235 2278 1504 2333 alIluentia
1545 2286 1601 2333 et
1635 2277 1821 2348 gloriae
1872 2277 2068 2347 ampli-

501 2375 685 2428 tudine
716 2374 911 2439 victus,
954 2370 1121 2424 altum
1156 2371 1554 2440 quodammodo
1605 2368 1803 2439 sapuit,
1863 2370 2076 2424 morbo-

499 2480 604 2532 que
635 2462 901 2532 superbize
948 2470 1248 2529 correptus,
1283 2460 1354 2529 ι·
1385 2460 1482 2529 ipsi
1521 2460 1657 2513 adeo
1718 2458 1916 2513 divinae
1968 2457 2071 2527 legi

499 2572 559 2610 se
605 2554 873 2625 opposuit,
916 2552 1111 2623 quippe
1147 2552 1238 2622 qui
1299 2550 1586 2606 sacerdotii
1635 2550 1798 2604 divini
1868 2564 2072 2619 praero-

500 2647 677 2717 gativa
724 2645 1023 2701 ornandum
1058 2658 1117 2698 se
1150 2658 1215 2698 ac
1240 2643 1603 2697 coronandum
1636 2642 1979 2697 existimarit.
2015 2640 2072 2695 ln

501 2736 758 2807 templum
830 2736 972 2790 enim
1035 2734 1127 2789 Dei
1182 2733 1504 2804 irrumpere,
1576 2749 1637 2788 ac
1691 2734 1803 2790 Deo
1857 2734 2073 2790 sumtus

500 2830 727 2899 ipsemet
793 2828 1047 2890 adolem,
1117 2836 1172 2881 et
1227 2841 1346 2895 qua:
1401 2827 1453 2880 in
1543 2826 1660 2897 lege
1715 2836 1872 2881 erant
1932 2842 2073 2897 pra:-

498 2922 720 2990 scripta,
778 2928 973 2989 praeter
999 2918 1166 2988 legem
1202 2919 1421 2987 exsequi
1489 2918 1704 2973 molitus
1750 2927 1851 2972 est.
1908 2919 2072 2973 Eam-

498 3027 602 3082 que
634 3013 704 3067 ob
748 3026 966 3066 causam
1024 3011 1166 3079 lepra
1216 3010 1472 3065 continuo
1518 3024 1827 3079 percussus,
1902 3009 2075 3063 evasit

2173 1906 2556 1976 προσηκόντων
2602 1907 2699 1977 τὴν
2740 1904 3016 1968 Ἰουδαίαν,
3074 1905 3167 1958 καὶ
3223 1904 3328 1976 μὴν
3372 1903 3466 1956 καὶ
3513 1902 3750 1973 δασμοὺς

2173 1996 2439 2050 ἐπιθεῖναι
2460 1995 2696 2060 πολλοῖς,
2720 1996 2814 2049 καὶ
2839 1997 3133 2066 σκήπτροις
3159 1994 3305 2057 ἰδίοις
3327 1994 3402 2056 ὡς
3422 1991 3481 2057 ἐξ
3505 1993 3751 2062 ἀνάγκης

2174 2089 2514 2158 ὑπενεγκεῖν,
2552 2088 2944 2159 ἀναδείμασθαί
2973 2105 3031 2141 τε
3061 2088 3265 2152 πόλεις,
3300 2087 3395 2140 καὶ
3425 2085 3749 2158 προσλαϐεῖν

2172 2180 2385 2249 ἐτέρας,
2414 2181 2507 2233 καὶ
2555 2179 2784 2248 συνάψαι
2819 2182 2933 2243 τοῖς
2977 2179 3144 2249 ὁρίοις
3186 2180 3284 2248 τῆς
3327 2178 3591 2233 Ἰουδαίων
3622 2178 3745 2249 γῆς.

2172 2268 2307 2326 Εἶτά
2329 2289 2381 2325 τι
2416 2269 2649 2325 πέπονθε
2681 2270 2787 2323 τῶν
2815 2270 3188 2341 ἀνθρωπίνων.
3244 2269 3376 2323 Ἀπὸ
3407 2271 3515 2341 γάρ
3549 2288 3630 2324 τοι
3646 2269 3749 2340 τῆς

2172 2364 2312 2432 ἄγαν
2344 2363 2573 2435 τρυφῆς,
2608 2362 2702 2415 καὶ
2739 2365 2804 2433 τῇ
2844 2362 2943 2433 τῆς
2970 2362 3218 2425 εὐκλείας
3260 2363 3502 2432 ὑπεροχῇ
3537 2378 3751 2430 νενικηδ

2176 2455 2357 2526 μένος,
2387 2456 2586 2526 τρόπον
2626 2455 2750 2509 τινὰ
2789 2456 3129 2525 πεφρόνηκεν
3175 2455 3376 2527 ὑψηλὰ,
3416 2455 3510 2509 καὶ
3547 2457 3611 2525 τῇ
3650 2453 3749 2522 τῆς

2174 2547 2476 2618 ὑπεροψίας
2514 2547 2653 2617 νόσῳ
2691 2546 3120 2617 κεκρατημένος,
3153 2547 3247 2599 καὶ
3275 2543 3438 2599 αὑτοῦ
3467 2544 3561 2598 τοῦ
3603 2544 3747 2597 θείου

2174 2639 2541 2707 κατεξανέστη
2597 2639 2785 2709 νόμου.
2837 2638 3003 2710 ᾭήθη
3050 2638 3159 2709 γὰρ
3206 2638 3315 2691 δεῖν
3367 2639 3601 2700 καὶτοῖς
3648 2639 3746 2708 τῆς

2174 2730 2323 2794 θείας
2358 2730 2654 2801 ἱερωσύνης
2685 2732 2991 2801 αὐχήμασιν
3041 2730 3232 2783 ἑαυτὸν
3274 2729 3589 2798 στεφανοῦν.
3628 2730 3751 2783 Ἐπι-

2173 2821 2426 2894 εχείρησε
2464 2822 2572 2893 γὰρ
2604 2825 2683 2887 εἰς
2715 2822 2805 2877 τὸν
2845 2823 2985 2876 θεῖον
3017 2823 3286 2877 εἰσελάσαι
3315 2823 3457 2885 ναὸν,
3497 2823 3656 2887 αὐτὸς
3690 2823 3747 2876 δὲ

2172 2916 2239 2967 δι’
2266 2915 2461 2968 ἑαυτοῦ
2503 2914 2702 2986 θυμιᾷν
2745 2914 2824 2986 τῷ
2856 2914 2974 2985 Θεῷ
3008 2914 3100 2968 καὶ
3132 2914 3372 2986 πληροῦν
3409 2915 3650 2986 ἐκνόμως
3682 2916 3750 2967 τὰ

2173 3007 2553 3077 νενομισμένα.
2595 3006 2813 3075 Ταύτης
2853 3006 3016 3059 ἕνεκα
3054 3007 3153 3075 τῆς
3194 3005 3376 3069 αἰτίας
3412 3005 3753 3077 λελέπρωται

501 3104 1039 3173 contemptissimus:
1101 3102 1452 3157 exsecrabilis
1484 3102 1626 3156 enim
1686 3101 1976 3155 secundum
2006 3100 2071 3154 le-

2176 3098 2542 3170 παραχρῆμα,
2572 3097 2668 3151 καὶ
2709 3092 2779 3167 ἦν
2826 3097 3149 3167 ἀτιμότατος
3171 3114 3185 3127 '
3221 3096 3416 3168 μιαρὸς
3452 3097 3562 3168 γὰρ
3609 3097 3753 3149 κατὰ

498 3209 617 3264 gem
642 3206 744 3258 est,
784 3194 873 3263 qui
922 3194 1111 3248 morbo
1145 3193 1305 3263 lepra:
1366 3203 1597 3248 tenetur.
1660 3192 1786 3249 Post
1831 3194 2071 3249 succedit

501 3288 555 3341 in
616 3301 838 3357 regnum
880 3285 1025 3340 Ozite
1077 3285 1194 3355 ejus
1262 3296 1456 3355 gnatus
1505 3284 1840 3348 Joathamus,
1910 3286 2071 3340 homo

502 3377 720 3447 quidem
751 3376 891 3445 pius,
925 3387 1300 3430 verumtamen
1348 3376 1558 3429 excelsa
1601 3390 1707 3429 non
1742 3375 1927 3440 diruit,
1974 3376 2069 3430 sed

500 3468 759 3523 Israelita:
783 3468 1078 3523 etiamnum
1109 3467 1490 3521 sacriﬁcarunt
1537 3466 1789 3536 operibus
1847 3482 2068 3521 suarum

499 3575 774 3624 manuum,
811 3570 1017 3614 montes
1043 3566 1097 3612 et
1142 3558 1309 3613 colles
1346 3559 1835 3628 oceupantesﬁsub
1858 3574 2062 3627 quercu

499 3663 554 3707 et
582 3653 795 3723 populo,
827 3662 881 3706 et
906 3651 1099 3705 arbore
1128 3652 1403 3717 umbrosa,
1449 3653 1575 3721 quia
1607 3650 1810 3706 bonum
1844 3651 2062 3705 umbra-

499 3744 698 3808 culum,
730 3744 871 3797 sicut
913 3743 984 3796 ait
1036 3742 1225 3797 Oseas.
1263 3744 1282 3773 ³
1312 3740 1575 3796 Defuncto
1640 3751 1818 3797 autem
1852 3741 2072 3797 Joatha-

501 3852 609 3900 mo,
641 3835 875 3904 capessit
899 3843 1169 3903 sceptrum
1202 3834 1469 3897 Achazus,
1488 3834 1573 3887 vir
1597 3834 2072 3890 exsecratissimus

501 3943 535 3984 a
590 3928 770 3982 divina
820 3927 1077 3995 religione
1106 3926 1427 3989 abhorrens,
1456 3926 1710 3995 omnique
1745 3925 2069 3997 ﬂagitiorum

502 4036 699 4090 genere
725 4031 1030 4089 coopertus.
1064 4019 1112 4073 ls
1159 4019 1413 4088 templum
1474 4019 1650 4088 ipsum
1708 4020 1798 4074 Dei
1856 4022 2071 4084 clausit,

501 4112 781 4167 sacriﬁciis
804 4126 870 4166 ex
892 4110 1022 4180 legis
1050 4111 1360 4179 praescripto
1394 4110 1763 4165 universitatis
1798 4112 2073 4167 Dcumco-

504 4205 615 4260 lere
646 4205 838 4266 vetuit,
865 4204 998 4258 festa
1018 4202 1324 4257 Judaeorum
1358 4217 1453 4271 pro
1484 4216 1631 4257 more
1660 4202 1927 4258 celebrata
1952 4219 2074 4273 pro-

501 4299 696 4362 hibuit,
739 4298 848 4351 aris
874 4296 927 4349 in
976 4296 1123 4349 omni
1171 4295 1287 4350 loco
1333 4294 1672 4349 Hierusalem
1703 4297 1929 4360 erectis,
1958 4312 2071 4350 ma-

499 4406 569 4445 nu
621 4389 832 4444 eandita
864 4389 1092 4443 adorare
1151 4387 1331 4456 jussit,
1392 4397 1449 4442 et
1504 4386 1765 4442 caelorum
1824 4388 2071 4442 militiam

2175 3192 2339 3262 νόμον
2371 3193 2399 3244 ό
2438 3190 2516 3261 τῷ
2559 3189 2660 3260 τῆς
2708 3191 2915 3261 λέπρας
2955 3189 3118 3244 πάθει
3168 3188 3581 3260 κατισχυμένος.
3617 3184 3751 3242 Εἶτα

2170 3282 2469 3353 διαδέχεται
2497 3282 2595 3353 τὴν
2622 3280 2714 3335 τοῦ
2751 3280 2925 3345 ὐζίου
2953 3281 3226 3351 βασιλείαν
3256 3284 3284 3335 ό
3328 3281 3388 3346 ἐξ
3448 3280 3615 3336 αὑτοῦ
3656 3298 3751 3349 γε-

2172 3374 2343 3443 γονὼς
2386 3372 2645 3444 Ἰωάθαμ,
2663 3373 2902 3442 φιλόθεος
2950 3374 3046 3445 μὲν
3073 3370 3231 3444 ἀνὴρ,
3260 3373 3401 3445 πλὴν
3428 3374 3527 3427 οὑκ
3566 3373 3750 3443 ἐξῇρε,

2173 3466 2326 3536 φησὶ,
2357 3466 2425 3518 τὰ
2458 3464 2657 3534 ὑψηλὰ,
2692 3463 2807 3517 ἀλλ’
2836 3463 2991 3518 ἔθυον
3015 3463 3093 3516 ἔτι
3121 3467 3231 3527 τοῖς
3260 3464 3441 3533 ἔργοις
3461 3464 3569 3517 τῶν
3608 3464 3751 3518 ἰδίων

2172 3558 2369 3629 χειρῶν
2396 3558 2445 3610 οἱ
2476 3557 2535 3620 ἐξ
2575 3556 2809 3628 Ἰσραὴλ,
2839 3556 2939 3628 ὅρη
2983 3572 3042 3610 τε
3076 3557 3168 3611 καὶ
3212 3557 3432 3627 βουνοὺς
3468 3558 3751 3630 καταλαμ⁴

2174 3646 2447 3711 ϐάνοντες,
2492 3646 2749 3699 ὑποκάτω
2791 3646 2971 3719 δρυὸς,
3018 3648 3111 3701 καὶ
3153 3647 3372 3719 λεύκης,
3404 3648 3498 3701 καὶ
3533 3648 3751 3720 δένδρου

2174 3736 2508 3801 σκιάζοντος,
2559 3737 2702 3791 καθά
2751 3756 2915 3809 φησιν
2962 3739 3155 3809 Ὠσηὲ,
3201 3740 3284 3793 ὅτι
3334 3739 3498 3793 καλὸν
3547 3741 3747 3811 σκέπην.

2173 3829 2602 3900 Τελευτήσαντος
2628 3830 2685 3883 δὲ
2729 3830 2966 3901 Ἰωὰθαμ
2994 3831 3295 3901 διαδέχεται
3327 3830 3387 3884 τὺ
3415 3831 3693 3902 σκῆπτρον
3720 3831 3753 3884 ἁ

2179 3922 2355 3992 Ἀχαζ
2385 3922 2523 3993 ἀνὴρ
2556 3921 2972 3992 βδελυρώτατος,
3000 3924 3093 3975 καί
3114 3921 3391 3993 θεομισὴς,
3427 3923 3638 3991 καὶτῆς
3667 3924 3748 3986 εἰς

2174 4014 2341 4082 ἄκρον
2382 4011 2712 4080 φαυλότητος
2748 4010 2986 4082 ἡκούσης
3023 4010 3290 4081 ἔμπλεως.
3323 4004 3489 4074 Οὗτος
3532 4011 3624 4063 καὶ
3654 4011 3751 4062 αὑ·-

2173 4105 2264 4159 τὸν
2294 4106 2386 4159 τὸν
2415 4104 2555 4157 θεῖον
2603 4104 2811 4156 ἔκλεισε
2843 4103 2987 4168 ναὸν,
3018 4104 3113 4158 καὶ
3144 4107 3263 4168 ταῖς
3300 4105 3441 4158 κατὰ
3476 4103 3636 4174 νόμον
3657 4103 3753 4156 θυι

2175 4198 2319 4261 σίαις
2344 4199 2445 4251 οὑκ
2474 4196 2621 4266 ἠφίει
2663 4195 3155 4267 καταγεραίρεσθαι
3184 4196 3275 4248 τὸν
3298 4196 3404 4249 τῶν
3428 4196 3563 4249 ὅλων
3594 4195 3749 4260 Θεὸν,

2176 4289 2454 4343 κεκώλυκε
2483 4288 2539 4342 δὲ
2576 4288 2669 4341 καὶ
2695 4287 2790 4350 τὰς
2823 4287 2883 4351 ἐξ
2910 4287 3061 4350 ἔθους
3094 4286 3200 4340 τῶν
3238 4287 3507 4341 Ἰουδαίων
3534 4287 3751 4358 ἑορτὰς,

2176 4381 2272 4434 καὶ
2301 4383 2360 4434 ὲν
2393 4380 2555 4433 παντὶ
2580 4379 2728 4448 τόπῳ
2748 4379 2846 4447 τῆς
2890 4378 3240 4449 Ἰερουσαλὴμ
3273 4377 3489 4448 βωμοὺς
3511 4378 3746 4448 ἀναστή-

498 4483 747 4539 venerari
788 4501 799 4536 :
840 4482 967 4551 quin
994 4491 1048 4535 et
1073 4481 1273 4535 liberos
1295 4494 1423 4534 suos
1450 4494 1543 4549 per
1571 4481 1746 4550 ignem
1810 4482 2067 4544 traduxit,

2178 4491 2275 4537 σας
2299 4474 2620 4546 προσκυνεῖν
2642 4467 2858 4523 ἐκέλευε
2881 4470 2948 4522 τὰ
2972 4470 3326 4541 χειρόκμητα,
3358 4471 3451 4524 καὶ
3471 4471 3753 4542 λατρεύειν

500 4577 553 4632 id
601 4587 702 4643 est,
738 4574 1064 4630 cremavitin
1099 4572 1422 4628 sacriﬁcium
1456 4574 1680 4640 impuris
1704 4572 2067 4635 daemonibus,

502 4683 682 4741 atque.
717 4678 773 4722 ut
817 4668 1128 4722 summatim
1159 4677 1216 4721 et
1248 4665 1415 4720 semel
1457 4665 1661 4729 dicam,
1696 4665 1749 4717 in
1790 4664 1936 4717 omni
1968 4665 2069 4716 ἰιιι-

501 4764 720 4833 pietatis
748 4775 945 4829 genere
999 4758 1269 4812 volutatus
1346 4766 1449 4810 est.
1520 4757 1721 4809 Deinde
1770 4756 2065 4810 secundum

503 4858 644 4909 hunc
669 4839 912 4919 regnavit
975 4848 1255 4911 Ezechias,
1341 4847 1422 4897 vir
1473 4847 1592 4913 pius
1655 4857 1711 4900 et
1762 4846 2065 4911 religiosus,

502 4947 638 5015 sequi
656 4954 710 5000 et
723 4944 845 4997 bOni
861 4937 1377 5001 administer,omnis
1403 4937 1524 4990 boni
1544 4946 1799 5000 sectator,
1812 4946 1865 4988 et
1882 4936 2074 4989 divina:

503 5035 799 5092 \‘Oiltlllalis
814 5032 1055 5087 ellector.
1073 5031 1122 5084 Is
1140 5028 1320 5083 omnia
1347 5029 1618 5081 mandavit
1651 5026 1764 5082 ﬁeri
1788 5036 1843 5081 et
1873 5027 2072 5090 valere,

509 5141 833 5198 quacunque
858 5124 1070 5179 fuerant
1089 5121 1286 5177 Aehazi
1309 5119 1838 5189 praevaricationibus
1860 5128 2080 5173 contra-

508 5220 608 5283 ria,
629 5227 687 5269 ut
713 5216 801 5282 qui
823 5213 1001 5282 templi
1033 5213 1174 5266 fores
1206 5210 1435 5279 aperuit.
1449 5209 1569 5262 dein
1587 5208 1851 5262 sacriﬁcia
1868 5219 1921 5261 et
1944 5208 2076 5261 liba-

508 5310 682 5363 tiones
729 5305 1006 5360 constituit
1042 5302 1155 5357 Deo
1180 5300 1504 5364 oﬁ‘erendas,
1537 5309 1593 5352 ut
1615 5300 1870 5369 legalibus
1900 5299 2065 5352 mini-

508 5397 688 5454 steriis
714 5396 1065 5448 honoraretur
1089 5406 1102 5445 :
1125 5392 1285 5446 etiam
1304 5391 1520 5444 Pascha:
1541 5390 1734 5459 legem,
1756 5388 1912 5457 longo
1939 5399 2071 5439 tem-

510 5503 638 5558 pore
685 5486 1066 5550 intermissam,
1100 5481 1686 5537 revocandameuravit
1716 5491 1767 5534 et
1807 5494 2073 5533 renovan-

509 5564 635 5635 dam
659 5591 811 5633 :aras
834 5587 1058 5631 etmanu
1086 5574 1298 5631 condita
1324 5573 1551 5627 excidit:
1570 5572 1804 5627 hariolos
1827 5578 1880 5625 ct
1911 5568 2074 5625 falsos

584 5794 597 5823 ί
632 5788 777 5845 Psal.
805 5802 990 5855 cxvut,
1023 5784 1110 5843 96.
1188 5785 1207 5815 ¹
1247 5782 1399 5839 Osee.
1437 5796 1509 5845 tv,
1544 5780 1627 5833 15.

2175 4564 2271 4634 τὴν
2297 4562 2555 4634 στρατιὰν
2581 4562 2673 4614 τοῦ
2704 4559 2934 4631 ούρανοῦ
2958 4577 2970 4589 ·
3002 4560 3095 4612 καὶ
3122 4560 3226 4630 μὴν
3252 4559 3347 4613 καὶ
3371 4560 3439 4613 τὰ
3460 4560 3563 4614 ἴδια
3587 4561 3752 4614 τέκνα

2175 4657 2432 4726 διήγαγεν
2477 4658 2533 4707 ὲν
2564 4654 2715 4723 πυρὶ,
2749 4654 3012 4714 τουτέστι,
3060 4652 3397 4706 κατέκαυσεν
3434 4654 3513 4716 είς
3561 4653 3752 4706 θυσίαν

2175 4750 2288 4809 τοῖς
2343 4746 2674 4820 ἀκαθάρτοις
2732 4745 2971 4814 δαίμοσι,
3020 4746 3113 4797 καὶ
3167 4744 3501 4810 ἁπαξαπλῶς
3554 4747 3749 4812 είπεῖν,

2175 4839 2374 4908 τρόπος
2420 4838 2566 4909 αὑτῷ
2611 4836 2927 4899 δυσσεϐείας
2974 4838 3390 4905 ἁνεπιτήδευτος
3434 4831 3502 4907 ἦν
3554 4836 3751 4899 οὑδείς.

2180 4926 2313 4983 Εἶτα
2350 4930 2489 4999 μετὰ
2513 4928 2701 4981 τοῦτον
2743 4928 3125 4997 βεϐασίλευκεν
3167 4929 3406 4997 Ἐζεκίας
3440 4930 3579 4999 ἀνὴρ
3608 4930 3755 4980 εὐσε-

2182 5020 2281 5091 ϐὴς
2310 5020 2403 5075 καὶ
2426 5020 2690 5089 φιλόθεος,
2722 5019 2814 5073 καὶ
2828 5019 3169 5089 δικαιοσύνης
3195 5018 3474 5089 πρύτανις,
3500 5020 3593 5072 καὶ
3626 5037 3757 5073 παν-

2179 5113 2271 5175 τὸς
2321 5112 2525 5179 ἀγαθοῦ
2579 5111 2854 5182 ζηλωτὴς,
2917 5113 3013 5163 καὶ
3070 5110 3176 5162 τῶν
3232 5110 3386 5164 θείων
3433 5110 3754 5182 θελημάτων

2182 5206 2439 5277 ἐργάτης.
2470 5200 2636 5268 Οὗτος
2654 5206 2748 5258 τοῦ
2776 5206 2951 5275 ’Δχαζ
2978 5206 3429 5275 παρανομήμασιν
3458 5206 3563 5259 πᾶν
3590 5208 3756 5276 πρᾶτα

2179 5296 2366 5351 τεσθαί
2398 5314 2454 5348 τε
2485 5297 2577 5351 καὶ
2620 5296 2822 5367 ἰσχύειν
2856 5296 3104 5351 ἐκέλευεν
3123 5312 3137 5325 ο
3165 5296 3334 5366 ἀνῆκε
3381 5297 3483 5367 μὲν
3520 5296 3627 5367 γὰρ
3656 5299 3755 5361 τὰς

2176 5388 2270 5441 τοῦ
2302 5386 2430 5443 ναοῦ
2475 5387 2662 5460 θύρας,
2704 5385 2820 5440 εἶτα
2849 5387 3059 5453 θυσίας,
3092 5387 3184 5439 καὶ
3228 5388 3456 5450 σπονδὰς
3500 5388 3757 5441 διετύπου

2180 5480 2551 5549 προσάγεσθαι
2592 5480 2669 5549 τῷ
2713 5478 2853 5548 Θεῷ,
2886 5478 2976 5531 καὶ
3009 5482 3125 5539 ταῖς
3164 5478 3303 5531 κατὰ
3333 5479 3495 5548 νόμον
3540 5481 3754 5548 ἱερουρ-

2181 5572 2326 5636 γίαις
2358 5572 2740 5643 γεραίρεσθαιο
2771 5572 2862 5625 καὶ
2898 5570 3004 5641 μὴν
3034 5572 3126 5624 καὶ
3149 5570 3271 5641 δίχα
3294 5570 3496 5641 χρόνων
3528 5570 3756 5640 μακρῶν
