4094 6366
298 450 362 516 13
1456 444 1523 510 lN
1564 442 1798 510 lSAlAM
1836 441 1966 508 LIB.
2006 454 2046 506 i.
2089 443 2295 509 ortu.
2339 454 2381 507 l.
3481 449 3545 510 η

296 579 380 630 τὸν
409 576 505 629 ἐπὶ
544 577 621 645 τῷ
646 576 839 645 Πάσχα
874 576 1033 645 νόμον
1083 574 1487 627 ἀνανεωσασοαι
1515 575 1726 646 ὁρᾶται.
1759 574 1871 625 Κα-

1976 582 2142 636 vates,
2176 582 2231 626 et
2275 575 2795 629 incantamentorum
2845 571 3056 630 turbam
3105 574 3366 645 quasique
3428 589 3550 644 gre-

296 668 430 722 θείλε
457 670 681 738 τεμένη,
712 669 807 721 καὶ
834 667 1071 738 βωμοὺς,
1107 668 1202 719 καὶ
1226 666 1587 735 χειρόκμητα,
1616 664 1864 733 γντῖλστας

294 778 348 812 τε
384 760 476 813 καὶ
527 760 939 830 ψευδομάντεις,
981 764 1074 811 καὶ
1119 757 1218 821 τὰς
1263 758 1371 810 τῶν
1409 757 1629 824 ἐπῳδῶν
1673 757 1872 825 ἀγέλας

295 852 516 922 ἠρεμεῖν
542 851 818 915 ἐκέλευσε,
852 851 944 903 καὶ
972 844 1041 920 ἦν
1080 848 1218 920 ἀνὴρ
1257 848 1458 916 ἀγαθὸς
1488 849 1547 901 ἐν
1578 847 1872 917 ὀφθαλμοῖς

293 942 382 994 τοῦ
402 941 562 996 Θεοῦ.
589 941 794 995 Οὐκοῦν
818 941 1112 1012 ἐπειδήπερ
1141 941 1200 993 ἐν
1228 941 1439 1010 καιροῖς
1463 939 1736 1008 βασιλείας
1763 939 1871 991 τῶν

292 1034 489 1104 ἀρτίως
532 1035 666 1104 ήμῖν
725 1034 1064 1104 εἰρημένων,
1112 1033 1243 1086 ποτὲ
1290 1033 1389 1103 μὲν
1438 1032 1670 1096 ὠξύνετο
1734 1032 1869 1102 πρὸς

290 1125 454 1195 ὀργὰς
476 1124 505 1175 ὁ
526 1125 637 1178 τῶν
660 1124 796 1177 ὅλων
818 1124 971 1188 Θεὸς,
994 1123 1503 1195 είδωλολατροῦντος
1517 1122 1612 1176 τοῦ
1631 1124 1864 1194 Ἰσραήλ·

292 1217 416 1269 ποτὲ
449 1217 505 1269 δέ
535 1216 631 1269 καὶ
667 1216 1010 1286 ἐμαλάσσετο
1052 1215 1187 1285 πρὸς
1211 1214 1270 1267 τὸ
1295 1215 1523 1286 ἥμερον,
1560 1213 1868 1282 μεταπλατ-

291 1311 513 1377 τομένου
540 1309 679 1380 πρὸς
704 1308 980 1361 εὐσέϐειαν
1004 1307 1092 1362 διὰ
1115 1308 1213 1378 τῆς
1230 1306 1324 1360 τοῦ
1348 1306 1675 1374 κρατοῦντος
1698 1308 1868 1359 ἐπιει-

293 1402 471 1464 κείας·
499 1400 675 1471 ταύτῃ
713 1417 795 1452 τοι
839 1400 1101 1470 μέμικται
1131 1400 1231 1469 τῆς
1252 1398 1586 1470 προφητείας
1621 1400 1649 1450 ὁ
1686 1397 1861 1465 λόγος,

292 1494 381 1545 καὶ
403 1492 664 1562 πλείστην
698 1492 798 1562 μὲν
821 1492 953 1562 ὅσην
974 1491 1085 1543 ἐσθ’
1115 1491 1204 1544 ὅτε
1226 1492 1459 1543 ποιεῖται
1484 1488 1583 1559 τὴν
1610 1488 1863 1561 ἀπειλὴν,

292 1582 362 1644 ὡς
402 1581 793 1644 δυσσεϐοῦντος
840 1579 935 1634 τοῦ
982 1579 1218 1651 Ἰσραὴλ,
1268 1580 1614 1649 ὑποσχέσεως
1659 1579 1716 1633 δὲ
1767 1583 1868 1651 τῆς

293 1675 373 1727 ἐπ’
399 1673 625 1742 ἀγαθοῖς
666 1671 970 1742 εἰσκομίζει
1009 1671 1188 1741 λόγον.
1230 1672 1606 1742 Διαμέμνηται
1632 1670 1691 1723 δὲ
1731 1682 1866 1723 παν-

292 1767 446 1837 ταχοῦ
494 1770 597 1839 τῆς
642 1766 731 1820 διὰ
762 1766 857 1819 τοῦ
903 1765 1141 1836 Χριστοῦ
1190 1760 1525 1834 λυτρώσεως,
1584 1763 1679 1817 καὶ
1704 1764 1865 1835 φησὶν

290 1860 364 1910 ὅτι
386 1860 528 1912 κατὰ
554 1859 782 1932 καιροὺς
817 1857 912 1928 μὲν
944 1856 1095 1910 ἔσται
1123 1856 1223 1925 τῆς
1265 1854 1399 1924 πρὸς
1439 1854 1571 1908 Θεὸν
1595 1855 1862 1923 οἰκειότη-

1979 677 2073 732 ges
2120 665 2337 719 sustulit
2374 684 2387 719 :
2421 666 2605 731 et,vir
2635 667 2805 721 bonus
2830 676 2950 722 erat
2976 667 3031 721 in
3083 676 3374 737 conspectu
3428 666 3546 721 Dei.

1974 756 2161 824 Itaque
2194 772 2316 811 cum
2342 757 2715 813 universitatis
2735 758 2898 822 Deus,
2934 757 3268 828 temporibus
3325 759 3546 823 horum,

1971 863 2110 917 quos
2135 848 2246 916 jam
2284 848 2540 914 diximus,
2572 864 2715 903 nunc
2744 850 2813 904 ad
2839 850 2975 905 iram
3004 857 3381 914 exacueretur,
3428 850 3547 904 ido—

1976 940 2205 995 lolatriae
2236 941 2415 995 dedito
2446 950 2461 996 :
2490 954 2656 1008 nunc,
2687 958 2751 997 eo
2802 958 3064 998 converso
3114 942 3182 997 ad
3236 942 3549 1012 religionem

1970 1043 2191 1103 propter
2229 1034 2483 1089 virtutem
2524 1044 2580 1090 'et
2624 1036 2947 1106 probitatem
2998 1036 3279 1106 principis,
3320 1037 3387 1091 ad
3437 1035 3553 1103 pla-

1970 1125 2304 1178 cahilitatem
2355 1125 2768 1181 emollesceret:
2802 1128 2929 1182 hinc
2988 1128 3165 1182 oratio
3207 1127 3367 1195 huius
3422 1138 3551 1195 prn-

1968 1216 2165 1285 phetiaa
2197 1218 2355 1271 mista
2388 1227 2471 1273 est
2492 1218 2708 1272 etvelut
2738 1218 2935 1273 lsraele
2958 1219 3123 1289 impie
3139 1227 3355 1287 agente.
3370 1217 3549 1271 minas

1968 1309 2235 1365 interdum
2287 1326 2477 1381 graves
2507 1311 2767 1366 intendit:
2817 1312 2936 1366 aliis
2972 1318 3149 1366 autem
3180 1311 3553 1382 promissionis

1968 1399 2227 1457 bonorum
2248 1404 2571 1458 mentionem
2597 1404 2727 1460 facit
2754 1422 2769 1459 :
2795 1404 2995 1475 ubique
3017 1418 3143 1460 vero
3162 1403 3552 1473 redemptionis

1966 1507 2064 1563 per
2109 1494 2379 1549 Christum
2412 1498 2737 1553 mentionem
2770 1498 2963 1567 injicit,
2990 1498 3174 1567 aitque
3213 1498 3551 1564 subsequen-

1968 1587 2457 1657 tibustemporihus
2482 1604 2509 1642 a
2533 1591 2793 1645 societate
2809 1588 3228 1645 etcontubernio
3250 1588 3342 1642 Dei
3372 1596 3554 1641 exter-

1969 1680 2279 1733 minandum
2342 1681 2617 1747 lsraelem,
2693 1696 3071 1737 successuram
3130 1692 3260 1735 vero
3307 1678 3547 1749 gentium

1968 1769 2387 1837 multitudinem,
2430 1786 2526 1842 per
2563 1775 2724 1829 iidem
2791 1775 2844 1828 in
2906 1772 3121 1828 Christo
3179 1770 3551 1842 justiticatam;

1970 1859 2151 1927 Quare
2200 1863 2332 1918 mihi
2365 1866 2578 1919 videtur
2598 1866 2789 1921 beatus
2818 1867 3078 1937 propheta
3107 1864 3273 1919 Isaias
3308 1877 3414 1916 non
3434 1860 3550 1915 sola

290 1965 374 2013 τος
416 1951 785 2021 ἀπόπεμπτος
828 1952 856 2003 ὁ
906 1948 1139 2021 Ἰσραὴλ,
1194 1948 1598 2019 είσδεχθήσεται
1651 1949 1707 2001 δὲ
1757 1948 1868 2003 τῶν

1976 1956 2269 2024 prophetiae
2299 1961 2473 2025 gratia
2503 1957 2794 2026 plurimum
2820 1934 3150 2021 exornatus,
3187 1953 3282 2011 sed
3315 1964 3372 2009 et
3393 1952 3554 2006 deco-

289 2044 450 2097 ἐθνῶν
477 2046 509 2113 ή
547 2044 760 2113 πληθὺς
792 2042 1143 2112 δικαιουμένη
1170 2041 1258 2093 διὰ
1288 2041 1389 2111 τῆς
1424 2042 1657 2106 πίστεως
1678 2043 1777 2113 τῆς
1809 2043 1868 2096 ἐν

289 2134 521 2205 Χριστῷ.
556 2136 725 2187 ’Ὥστε
754 2151 843 2203 μοι
882 2134 1028 2186 δοκεῖ¹
1054 2132 1353 2201 στεφανοῦν
1379 2127 1436 2187 εὖ
1470 2133 1616 2203 μάλα
1639 2133 1731 2186 τὸν
1765 2150 1868 2203 μα-

289 2228 471 2298 κάριον
502 2228 797 2299 προφήτην
840 2218 1092 2291 Ἦσαῒαν,
1140 2226 1261 2296 οὐχὶ
1293 2228 1358 2295 τῇ
1396 2226 1496 2295 τῆς
1533 2226 1870 2296 προφητείας

289 2322 461 2391 χάριτι
495 2320 659 2391 μόνῃ,
692 2319 827 2372 ἀλλὰ
862 2318 970 2389 γὰρ
1004 2318 1099 2370 καὶ
1130 2320 1241 2381 τοῖς
1281 2317 1658 2379 ἀποστολικοῖς
1698 2317 1869 2387 αὐχή-

1973 2044 2127 2098 ribus
2153 2047 2517 2116 apostoli.Est
2544 2050 2689 2103 enim
2719 2049 2808 2102 hic
2826 2048 3087 2118 propheta
3115 2045 3275 2101 simul
3302 2054 3358 2099 et
3422 2055 3553 2111 apt»

1975 2136 2190 2191 stolus:
2248 2150 2303 2193 et
2355 2137 2539 2193 inhac
2600 2139 2893 2209 scriptione
2913 2156 3011 2195 sua
3076 2137 3292 2194 habebit
3346 2148 3553 2190 sermos

1976 2242 2072 2280 nes
2123 2227 2448 2297 evangelicae
2495 2230 2891 2298 praedicationis
2954 2230 3244 2300 splendore
3303 2241 3409 2281 non
3457 2238 3552 2279 ca-

1978 2326 2178 2374 rentes.

293 2427 468 2478 μασιν.
516 2411 606 2464 Ἐν
643 2408 829 2480 ταύτῷ
868 2408 974 2480 γὰρ
1013 2408 1160 2462 ἔστιν
1190 2409 1476 2479 προφήτης
1511 2424 1571 2460 τε
1641 2408 1778 2477 ἅμα,
1811 2408 1905 2461 καὶ
1943 2408 2271 2476 ἀπόστολος,
2325 2415 2421 2465 καὶ
2465 2414 2567 2482 τῆς
2612 2413 2721 2467 τῶν
2767 2413 3139 2482 εὐαγγελικῶν
3177 2410 3550 2483 κηρυγμάτων

291 2508 638 2578 φαιδρότητος
675 2508 776 2560 οὐκ
813 2507 1185 2579 ήμοιρηκὸτας
1206 2506 1333 2569 τοὺς
1389 2504 1490 2575 τῆς
1533 2502 1726 2558 ἑαυτοῦ
1773 2507 2094 2578 συγγραφῆς
2124 2508 2403 2579 ποιήσεται
2435 2508 2640 2577 λόγους.

915 2594 1133 2652 ΛΟΓΟΣ
1169 2601 1249 2652 A’.

360 2691 609 2757 Ὄρασις
643 2688 728 2757 ἦν
754 2685 916 2744 εἶδεν
958 2690 1206 2756 Ἡσαΐας
1234 2690 1364 2756 υίὸς
1399 2690 1605 2760 Ἀμώς,
1649 2688 1730 2757 ἢν
1749 2686 1872 2743 εἶδε

289 2782 434 2835 κατὰ
475 2780 592 2849 τῆς
653 2779 969 2847 Ἰουδαίας,
1020 2781 1119 2834 καὶ
1176 2782 1329 2835 κατὰ
1370 2780 1756 2849 Ἰερουσαλὴμ
1802 2781 1872 2833 ἐν

288 2874 570 2941 βασιλείᾳ
635 2873 847 2937 Ὀζίου,
899 2874 996 2928 καί
1055 2874 1324 2944 ’1ωὰθαμ,
1378 2875 1476 2928 καὶ
1514 2873 1713 2943 Ἀχαζζ
1772 2873 1871 2926 καί

302 2967 551 3036 Ἐζεκίου
591 2966 651 3020 οἳ
684 2967 1096 3021 ἐϐασίλευσαν
1120 2966 1232 3036 τῆς
1266 2967 1580 3033 Ἰουδαίας.

356 3061 467 3113 Οὐκ
492 3059 563 3112 ἂν
611 3054 771 3129 οἶμαι
811 3057 1157 3127 διαψεύσαιτό
1193 3075 1277 3121 τις
1314 3059 1489 3111 ἐκεῖνο
1528 3054 1698 3109 εἰπὼν
1746 3055 1873 3124 περὶ

290 3152 391 3206 τῶν
441 3150 616 3220 ἁγίων
680 3149 998 3220 προφητῶν,
1048 3149 1125 3209 ὡς
1171 3149 1233 3202 οὐ
1265 3150 1432 3220 μόνην
1479 3147 1721 3218 ἐδέχοντο
1764 3145 1872 3199 τῶν

2587 2600 2846 2657 ORATIO
2880 2600 2919 2655 I.

2043 2692 2172 2747 Car.
2206 2693 2243 2760 I,
2276 2710 2405 2750 vt-ztts
2440 2697 2487 2749 l.
2532 2693 2697 2761 Visio,
2754 2705 2910 2765 quam
2975 2698 3100 2751 vidit
3179 2695 3353 2752 Isaias
3405 2698 3551 2767 ﬁlius

1975 2778 2154 2848 Amos,
2180 2800 2338 2851 quant
2368 2785 2493 2838 vidit
2516 2799 2697 2839 contra
2722 2786 2989 2851 Judaeum,
3044 2796 3092 2839 et
3118 2798 3299 2841 contra
3350 2787 3551 2845 Hieru-

1979 2870 2163 2934 salem,
2200 2873 2253 2925 in
2280 2880 2435 2940 regno
2468 2871 2616 2928 Osiw
2639 2878 2689 2927 el
2737 2874 3008 2939 Joatham,
3044 2887 3089 2928 et
3122 2876 3319 2944 Achaz,
3343 2891 3389 2932 et
3417 2879 3554 2936 Esca

1980 2962 2134 3025 cnice,
2186 2963 2275 3031 qui
2316 2975 2597 3032 regnarunt
2621 2969 2675 3018 in
2715 2965 2931 3021 Judaza.

2055 3050 2111 3107 Si
2186 3054 2309 3124 quis
2356 3056 2518 3121 dicat,
2579 3067 2796 3111 sanctos
2867 3056 3155 3129 prophetas
3215 3080 3319 3119 non
3381 3066 3551 3122 solam

1982 3158 2163 3197 rerum
2227 3144 2528 3200 futurarum
2594 3148 2956 3217 cognitionem
3013 3155 3306 3224 accepisse,
3358 3158 3551 3226 przelu-

292 3244 560 3315 ἐσομένων
598 3242 703 3313 τὴν
735 3242 959 3310 γνῶσιν,
996 3240 1548 3313 καταλαμπρύνοντος
1588 3240 1650 3292 τὸ
1686 3240 1872 3310 χρῆμα

1978 3243 2135 3287 cente
2198 3232 2302 3287 hoc
2353 3234 2479 3299 illis,
2532 3245 2588 3288 et
2644 3235 2696 3288 in
2787 3235 2997 3292 animos
3053 3239 3339 3297 insonante
3421 3260 3546 3297 sana

293 3339 466 3401 αὐτοῖς
482 3336 581 3390 τοῦ
603 3336 764 3405 ἁγίου
788 3333 928 3388 Πνεύ
938 3350 1124 3405 ματος,
1156 3334 1250 3387 καὶ
1278 3332 1597 3403 ὲνηχοῦντος
1627 3333 1705 3407 είς
1725 3330 1870 3395 νοῦν,

292 3429 419 3483 ἀλλὰ
452 3428 565 3501 γὰρ
606 3429 707 3482 καὶ
727 3427 907 3482 αὐτῶν
935 3425 1047 3479 ἐσθ’
1077 3427 1165 3480 ὅτε
1192 3425 1300 3478 τῶν
1328 3425 1668 3497 πραγμάτων
1699 3422 1874 3477 εἰπὼν

291 3523 366 3575 ὅτι
394 3522 639 3591 ἐγίνοντο
665 3520 879 3592 θεωροί.
912 3520 1096 3573 Ἕοικε
1124 3517 1302 3571 τοίνυν
1323 3520 1350 3572 ὁ
1379 3518 1648 3589 μακάριος
1671 3520 1875 3590 προφή-

294 3631 386 3685 της
415 3614 650 3676 Ἡσαΐας
679 3615 790 3674 τοῖς
822 3611 921 3680 τῆς
948 3606 1184 3674 διανοίας
1222 3611 1435 3679 ὄμμασι
1476 3609 1545 3662 τὰ
1583 3608 1722 3662 κατὰ
1752 3618 1875 3663 και-

298 3709 415 3774 ροὺς
446 3707 689 3776 ἐσόμενα
735 3704 874 3758 κατὰ
912 3703 1011 3774 τῆς
1060 3702 1320 3767 Ἰουδαίας
1362 3701 1651 3756 τεθεᾶσθαι
1702 3703 1871 3773 πάθη,

294 3796 443 3850 τοῦτο
474 3798 575 3869 μὲν
609 3798 712 3858 τὰς
744 3794 852 3848 τῶν
883 3793 1153 3864 πολεμίων
1180 3790 1463 3863 φάλαγγας
1492 3794 1872 3866 καταδῃούσας

292 3888 383 3962 τήν
414 3892 542 3962 γῆν,
588 3890 750 3945 τοῦτο
776 3880 832 3941 δὲ
861 3887 961 3950 τὰς
1004 3887 1211 3950 πόλεις’
1231 3886 1624 3958 ἠρημωμένας,
1657 3887 1750 3941 καὶ
1794 3888 1873 3939 οἵ-

294 3999 413 4043 κους
438 3981 923 4053 ἐμπιπραμένους,
951 3980 1045 4032 καὶ
1060 3980 1157 4031 ὅσα
1178 3981 1290 4042 τοῖς
1319 3976 1413 4031 τοῦ
1433 3978 1667 4048 πολέμου
1692 3978 1874 4049 νόμοις

294 4076 596 4145 πράττεται
630 4073 760 4144 παρ’
791 4070 1001 4142 ἐχθρῶν
1026 4070 1197 4141 ταύτῃ
1216 4087 1297 4122 τοι
1338 4069 1751 4141 προγέγραπται
1777 4070 1875 4139 τῆς

295 4161 660 4236 προφητείας·
697 4183 715 4215 ι
746 4165 973 4234 Ὀρασις
999 4164 1067 4234 ἣν
1095 4155 1235 4216 εἶδεν
1267 4154 1493 4224 Ἡσαΐας
1511 4162 1627 4225 υίὸς
1671 4162 1872 4231 Ἀμὼς,

295 4258 428 4311 κατὰ
474 4259 577 4327 τῆς
624 4256 885 4317 Ἰουδαίας
921 4256 1015 4308 καὶ
1058 4254 1199 4308 κατὰ
1245 4253 1618 4325 Ἰερουσαλήμ.
1660 4273 1679 4306 ι
1725 4255 1875 4308 Ἐπι-

298 4351 627 4421 σημαίνεται
659 4349 714 4401 δὲ
745 4349 1028 4420 χρησίμως
1056 4350 1178 4411 τοὺς
1204 4348 1309 4401 τῶν
1340 4346 1602 4418 βασιλέων
1626 4348 1872 4418 καιροὺς,

299 4442 379 4495 ίνα
408 4443 677 4512 φαίνηται
702 4439 833 4502 Θεὸς
874 4440 1200 4511 προσφόρως
1242 4443 1353 4502 τοῖς
1383 4440 1613 4493 ἑκάστου
1651 4439 1876 4511 τρόποις

296 4535 359 4587 τὰ
385 4536 441 4587 ἐν
465 4535 543 4605 τῷ
574 4534 838 4604 προφήτῃ
861 4530 1057 4586 λαλῶν.

366 4625 601 4687 Ἄκουε,
650 4621 868 4688 οὐρανὲ
887 4662 901 4685 ,
938 4621 1037 4675 καὶ
1074 4620 1367 4685 ἐνωτίζου,
1397 4621 1476 4692 γῆ
1494 4664 1509 4688 ,
1540 4623 1628 4677 ὅτι
1659 4624 1871 4692 Κύριος

298 4712 608 4781 ἐλάλησεν
634 4751 648 4775 ,
688 4711 860 4776 Υιοὺς
888 4710 1187 4779 ἐγέννησα
1218 4712 1311 4765 καὶ
1348 4712 1590 4780 ὕψωσα,
1614 4709 1781 4763 αὐτοὶ
1809 4708 1876 4762 δέ

296 4822 366 4874 με
394 4806 731 4872 ἠθέτησαν.
768 4804 964 4873 Ἔγνω
1000 4804 1155 4868 ,βοῦς
1201 4804 1308 4857 τὸν
1347 4802 1744 4871 κτησάμενον,
1779 4799 1878 4853 καὶ

303 4896 435 4961 ὄνος
457 4896 578 4961 τὴν
616 4893 857 4965 φάτνην
883 4893 990 4947 τοῦ
1040 4888 1250 4961 κυρίου
1292 4894 1509 4947 αὐτοῦ’
1540 4888 1785 4960 Ἰσραὴλ
1812 4890 1879 4944 δέ

301 5004 370 5055 με
402 4990 515 5042 οὐκ
554 4986 734 5057 ἔγνω,
762 4986 862 5039 καί
896 4989 928 5039 ό
956 4986 1104 5049 λαός
1129 5001 1206 5053 με
1231 4987 1302 5037 οὐ
1336 4984 1627 5051 συνῆκεν.

371 5081 437 5134 Ti.
471 5081 537 5135 τὸ
568 5080 784 5152 χρῆμα,
814 5078 900 5141 τίς
940 5079 969 5130 ὁ
998 5077 1176 5143 λόγος,
1206 5076 1302 5129 καὶ
1334 5075 1385 5129 τί
1414 5075 1478 5128 ἂν
1514 5076 1755 5147 βούλοιτο
1783 5076 1878 5146 δη-

307 5173 425 5226 λοῦν
453 5172 779 5244 περιαθρεϊν
812 5172 1128 5237 ἀναγκαῖον.
1165 5167 1608 5238 Διαμαρτύρεται
1636 5168 1745 5239 γὰρ
1770 5167 1879 5220 ὥσ-

312 5283 410 5336 περ
445 5264 680 5335 οὐρανόν
706 5279 765 5315 τε
805 5262 899 5315 καὶ
927 5260 1033 5329 γῆν
1064 5262 1092 5313 6
1133 5259 1403 5330 μακάριος
1434 5260 1753 5330 προφήτης,
1786 5260 1882 5313 καὶ

312 5353 463 5407 τοῦτο
491 5353 750 5425 πράττων
789 5353 889 5404 οὐκ
918 5350 1087 5415 ἀθεεὶ,
1117 5349 1278 5421 πλὴν,
1309 5351 1411 5404 οὐκ
1456 5350 1639 5417 ἰδίους,
1664 5350 1799 5403 Θεοῦ
1823 5349 1883 5403 δὲ

318 5448 513 5517 μᾶλλον
548 5441 690 5499 εἶναι
723 5445 850 5507 τοὺς
878 5444 1069 5512 λόγους
1105 5444 1291 5514 φησίν.
1332 5443 1451 5497 ’Ὁτι
1491 5442 1667 5513 πάντη
1698 5459 1757 5495 τε
1785 5441 1883 5496 καὶ

317 5539 529 5603 πάντως
575 5539 711 5609 πρὸς
759 5538 933 5608 πέρας
977 5537 1304 5608 ἐκϐήσονται
1337 5534 1423 5588 διὰ
1449 5534 1637 5588 τούτου
1682 5534 1883 5605 σημαί-

319 5648 439 5693 νων,
489 5631 588 5684 καὶ
626 5633 741 5693 τοῖς
770 5629 865 5683 τοῦ
901 5628 1093 5683 παθεῖν
1134 5627 1352 5699 δείμασι
1395 5618 1715 5681 καταπτοῶν
1755 5626 1883 5688 τοὺς

320 5718 718 5788 ἀκροωμένους.
780 5719 1081 5787 Ἀμήχανον
1129 5717 1238 5788 γὰρ
1296 5715 1663 5786 ψευδοεπῆσαι
1718 5713 1878 5769 Θεόνο

322 5809 451 5878 ὁμοῦ
495 5810 555 5863 δὲ
597 5812 835 5872 κάκεῖνο,
886 5809 1134 5880 καθάπερ
1165 5803 1399 5879 ἐγῷμαι,
1433 5806 1879 5872 κατασκευάζων.

338 5892 551 5971 Ἐπειδὴ
581 5902 684 5973 γὰρ
726 5901 951 5972 ἔμελλεν
999 5900 1098 5965 τὰς
1143 5901 1285 5957 κατὰ
1323 5899 1425 5971 τῆς
1483 5900 1738 5965 Ἰουδαίας
1787 5901 1882 5955 καὶ

1976 3336 2065 3379 cto
2122 3325 2348 3396 Spiritu,
2443 3328 2796 3381 verumetiam
2854 3345 3033 3384 rerum
3087 3332 3325 3403 ipsarum
3375 3344 3545 3405 Quano

1977 3418 2152 3486 doque
2220 3428 2553 3487 spectatores
2618 3420 2932 3488 exstitisse,
2979 3436 3103 3477 eum
3157 3440 3257 3495 ego
3334 3428 3554 3483 minime

1976 3522 2160 3563 errare
2263 3525 2420 3578 posse
2506 3510 2762 3566 arbitror.
2865 3513 3049 3583 Itaque
3156 3516 3346 3572 beatus
3430 3535 3552 3589 pro-

1978 3600 2141 3668 pheta
2203 3599 2393 3666 Isaias,
2452 3604 2592 3655 mala
2687 3619 2808 3674 quae
2881 3617 3066 3660 contra
3112 3605 3350 3663 Judaaam
3414 3620 3548 3665 tem-

1976 3691 2200 3758 poribus
2268 3692 2678 3762 insequentibus
2744 3695 2924 3751 l‘utura
2992 3708 3186 3765 erant,
3266 3694 3359 3770 ι’·
3412 3691 3549 3771 plia-

1978 3784 2160 3854 langes
2198 3784 2431 3839 hostium
2487 3794 2687 3841 terram
2731 3790 3079 3855 vastantium,
3134 3792 3295 3847 urbes
3342 3794 3552 3849 desola-

1978 3886 2079 3939 tas,
2132 3878 2320 3932 dolnos
2375 3879 2644 3946 incensas,
2690 3893 2744 3935 et
2794 3899 3130 3954 quacunque
3177 3887 3391 3940 tandem
3428 3888 3553 3958 jure

1977 3969 2097 4023 belli
2152 3966 2266 4024 lieri
2310 3969 2484 4027 solent
2533 3975 2601 4029 ab
2658 3974 2927 4041 hostibus,
2980 3979 3175 4032 mentis
3213 3979 3372 4034 oculo
3418 3995 3551 4034 con-

1980 4059 2266 4131 templatus
2298 4064 2511 4120 videtur
2538 4084 2551 4119 :
2579 4067 2806 4135 ideoque
2858 4070 3160 4138 prOphetiae
3189 4075 3341 4139 quasi
3376 4087 3553 4142 prom-

1985 4154 2095 4208 ntio
2133 4157 2390 4224 scriptum
2426 4167 2511 4212 est
2540 4177 2552 4212 :
2592 4177 2610 4209 ι
2646 4149 2796 4213 Visio
2826 4174 2985 4229 quam
3018 4162 3151 4216 vidit
3197 4162 3362 4217 Isaias
3412 4163 3553 4220 ﬁlius

1975 4248 2184 4312 Amos,
2240 4260 2429 4304 eontra
2487 4240 2724 4308 Iudaeam
2794 4261 2849 4309 et
2906 4264 3090 4308 contra
3147 4244 3468 4312 Jerusalem.
3522 4275 3548 4311 ι

1976 4334 2292 4409 Opportune
2336 4352 2467 4395 sane
2498 4351 2681 4413 regum
2712 4352 2951 4412 tempora
2984 4345 3250 4415 designat,
3295 4362 3352 4403 ut
3382 4364 3551 4420 appa-

1978 4440 2095 4483 reat
2139 4430 2302 4483 Deum
2341 4430 2458 4484 haec
2513 4422 2937 4504 uniuscujusque
2969 4435 3208 4491 moribus
3244 4450 3551 4496 accommo-

1978 4519 2101 4574 date
2128 4536 2227 4587 per
2255 4523 2571 4591 prophetam
2604 4524 2804 4579 dicere.

2054 4613 2212 4668 Vens.
2247 4614 2300 4669 2.
2342 4615 2514 4680 Audi,
2556 4615 2771 4682 malum,
2797 4616 2846 4669 ei
2873 4612 3085 4671 auribus
3117 4619 3339 4686 percipe,
3387 4631 3550 4687 terra,

1977 4711 2099 4774 quia
2129 4705 2382 4760 Dominus
2413 4708 2615 4762 locutus
2645 4722 2717 4762 est
2737 4724 2757 4761 :
2794 4707 2964 4762 Filios
2988 4710 3142 4778 genui
3172 4719 3219 4763 et
3256 4713 3419 4777 εοεαε,
3451 4716 3550 4782 ipsi

1977 4807 2147 4848 autem
2187 4809 2487 4861 spreverunt
2524 4815 2623 4852 me.
2663 4796 2915 4868 Cognovit
2955 4800 3043 4853 bos
3080 4815 3461 4868 possessorem,
3503 4816 3551 4859 et

1978 4888 2156 4940 asinus
2202 4897 2427 4957 praesepe
2473 4890 2673 4942 domini
2722 4891 2851 4954 sui;
2888 4899 2945 4942 at
2976 4888 3148 4942 Israel
3192 4906 3272 4943 me
3320 4906 3421 4946 non
3461 4910 3550 4949 ro-

1977 4977 2172 5044 gnovit,
2210 4988 2257 5030 el
2288 4979 2510 5047 populus
2541 4996 2620 5032 me
2652 4995 2755 5033 non
2784 4982 3057 5037 intellexit.

2049 5070 2188 5135 Quid
2229 5071 2331 5124 hoc
2370 5075 2444 5126 rei
2485 5073 2574 5136 sit,
2600 5087 2720 5141 qua:
2749 5074 2960 5138 oratio,
2997 5087 3045 5132 et
3079 5074 3205 5148 quid
3247 5081 3553 5152 signiﬁcare

1980 5161 2141 5226 velit,
2180 5177 2359 5231 operae
2410 5166 2640 5232 pretium
2689 5166 2795 5220 erit
2840 5168 3203 5225 considerare.
3237 5174 3551 5230 Obtestatur

1982 5252 2125 5305 enim
2180 5254 2341 5308 veluti
2391 5255 2588 5310 caelum
2638 5263 2692 5310 et
2746 5268 2943 5313 terram
3002 5260 3192 5319 beatus
3247 5267 3549 5337 propheta:

1981 5344 2123 5412 quod
2155 5344 2282 5400 dum
2315 5345 2465 5415 facit,
2511 5364 2613 5405 non
2642 5349 2763 5406 sine
2789 5351 2972 5410 divino
2998 5355 3221 5412 consilio
3250 5357 3407 5425 facit;
3451 5359 3555 5411 imo

1983 5453 2088 5492 non
2112 5454 2241 5494 suos
2266 5450 2387 5495 esse
2417 5442 2549 5497 dicit
2576 5458 2877 5511 sermones,
2913 5448 3008 5503 sed
3056 5448 3173 5503 Dei.
3215 5450 3329 5517 Quo
3382 5449 3558 5506 innuii

1983 5533 2206 5587 Omnino
2238 5548 2300 5589 ea
2332 5534 2400 5588 ad
2430 5535 2636 5590 exitum
2670 5549 2990 5607 perventura
3012 5579 3026 5604 ,
3076 5550 3132 5595 et
3167 5542 3357 5596 horum
3385 5544 3556 5598 malo-

1984 5640 2106 5679 rum
2139 5636 2282 5681 metu
2311 5628 2585 5684 auditores
2619 5630 2862 5699 percellit
2887 5648 3019 5687 :nec
3047 5634 3190 5687 enim
3226 5634 3337 5688 ﬂeri
3359 5644 3555 5706 potest,

1984 5728 2041 5770 ut
2067 5715 2205 5774 Deus
2220 5708 2414 5774 falsum
2438 5721 2582 5776 dicat
2603 5743 2615 5775 ;
2637 5723 2903 5792 simulque
2932 5723 3058 5778 illud
3080 5763 3096 5789 ,
3133 5735 3190 5778 ut
3222 5740 3324 5796 ego
3340 5727 3555 5795 quidem

1984 5810 2180 5873 sentio,
2246 5812 2550 5879 praemuniit.
2592 5810 2855 5878 Quoniam
2916 5815 3058 5868 enim
3091 5824 3278 5870 contra
3315 5813 3553 5868 Judaeatn

1982 5909 2034 5955 et
2062 5898 2355 5958 Jerusalem
2390 5902 2779 5959 vaticinaturus
2821 5913 2962 5971 erat,
2997 5915 3050 5961 et
3082 5906 3218 5961 mala
3255 5906 3400 5963 omni
3425 5920 3551 5962 orae
