4094 6366
502 420 573 476 15
916 474 919 477 λ
1547 418 1603 473 S.
1647 415 1925 473 CYRILLI
1964 411 2432 468 ALEXANDRINI
2470 417 2790 473 ARCIIIEP.
3690 421 3757 472 l6

495 536 642 587 tione
689 531 915 600 majora,
957 532 1395 603 calamitatesque
1449 548 1557 593 non
1618 535 1893 587 sanandas
1943 548 2074 602 pr:e«

2195 530 2546 604 Ἰερουσαλὴμ
2575 536 3003 606 προαγορεύσεις
3047 537 3345 603 ποιεῖσθαι,
3378 536 3470 590 καὶ
3504 537 3567 589 τά
3594 537 3753 606 λόγου

495 633 917 689 monstraturus,
948 639 1062 692 eos,
1100 626 1166 678 ad
1201 640 1336 695 quos
1375 625 1465 680 bic
1502 641 1684 680 sermo
1715 626 1966 691 babetur,
2002 625 2081 677 ira

494 713 694 767 mirum
737 714 789 767 in
832 713 1407 784 modnmllagraturos
1458 730 1564 768 non
1619 716 1903 785 ignoravit.
1960 715 2084 769 Ideo

497 804 781 858 Dominum
810 804 925 859 haec
954 804 1188 860 locutum
1222 806 1317 869 ait,
1357 807 1645 872 impiorum
1677 806 1914 860 furorem
1950 805 2082 858 arti-

498 896 844 951 liciosissime
919 897 1255 965 reprimens.
1339 899 1677 969 injustasqne
1747 899 1855 953 iras
1926 897 2079 967 quasi

499 989 813 1043 retundens.
859 988 915 1042 Si
966 989 1110 1043 enim
1148 991 1301 1059 quasi
1353 1002 1635 1060 sequester
1675 992 1979 1054 adhibetur,
2028 998 2082 1044 et

499 1081 769 1145 minister,
804 1094 856 1135 et
910 1097 1194 1137 sermones
1252 1099 1281 1137 e
1308 1085 1561 1154 supernis
1615 1093 1671 1139 et
1718 1099 1746 1137 a
1787 1084 1898 1139 Deo
1928 1083 2081 1152 quasi

500 1172 705 1241 legatus
750 1176 1052 1239 annuntiat,
1092 1175 1212 1245 quis
1246 1176 1294 1230 ei
1341 1176 1535 1231 merito
1569 1190 1888 1231 succensere
1935 1183 2083 1245 pote-

501 1266 617 1320 rit?
641 1266 749 1320 imo
789 1268 966 1335 potius
996 1267 1174 1322 audax
1209 1267 1314 1322 hoc
1341 1265 1558 1321 facinus
1582 1282 1644 1321 ex
1680 1268 1760 1321 ira
1792 1266 2081 1327 ebulliens.

501 1357 686 1426 quidni
716 1357 937 1425 impium
979 1367 1167 1411 contra
1202 1356 1371 1412 Deum
1406 1357 1496 1427 qui
1537 1357 1751 1413 locutus
1779 1367 1864 1413 est
1894 1358 2081 1412 haberi

500 1447 722 1502 debeat?
768 1446 1002 1503 Proinde
1046 1458 1100 1501 et
1135 1448 1327 1502 merito
1376 1462 1509 1503 sane
1556 1446 1757 1502 crelum
1791 1458 1844 1503 et
1882 1457 2081 1503 terram

499 1548 854 1594 contestatur.
883 1536 1015 1593 Nam
1037 1540 1103 1593 de
1130 1539 1329 1594 lsraele
1351 1548 1744 1608 conquesturus
1766 1554 1890 1595 cum
1913 1549 2079 1604 esset,

501 1648 624 1688 eum
656 1633 873 1704 angelos
893 1632 1162 1698 ctelestes,
1194 1642 1304 1685 tum
1339 1633 1506 1702 ipsam
1540 1642 1737 1687 terram
1778 1633 2081 1687 universam

502 1723 643 1778 scire
692 1722 807 1776 vult
854 1737 1031 1777 mores
1073 1721 1190 1793 ejus
1229 1722 1456 1791 impios;
1511 1735 1577 1775 ne
1625 1721 1747 1792 quis
1793 1736 1915 1776 enm
1961 1735 2083 1776 esse

502 1822 827 1869 commotum
855 1812 975 1867 sine
1007 1827 1171 1868 causa
1212 1820 1384 1881 putet,
1421 1811 1502 1866 vel
1536 1811 1787 1881 populum
1821 1811 2076 1867 dilectum

2183 623 2385 685 παντὸς
2428 625 2683 677 ἐπέκεινα
2732 628 3245 698 προκαταμηνύσειν
3297 629 3480 699 πάθη,
3526 628 3621 681 καὶ
3658 628 3756 690 τὰς

2184 713 2519 783 ἀνηκέστους
2550 717 2840 787 συμφορὰς
2864 757 2879 780 ,
2925 719 3026 771 οὐκ
3070 720 3337 788 ἠγνόησεν
3366 720 3446 773 ὅτι
3487 718 3662 789 πάντη
3696 736 3755 771 τε

2184 804 2279 856 καί⁵
2306 804 2521 869 πάντως
2545 808 2974 879 ἀκονηθήσονται
3006 809 3142 879 πρὸς
3169 808 3335 880 ὀργὰς
3357 810 3406 862 οἰ
3440 809 3576 879 πρὸς
3606 808 3697 871 οὓς
3728 809 3757 858 ὁ

2183 895 2359 965 λόγος.
2387 897 2591 968 Κύριον
2611 900 2788 951 τοίνυν
2816 900 2885 953 τά
2920 901 3095 954 τοιάδε
3127 901 3262 971 πρὸς
3294 901 3492 963 αὐτοὺς
3525 899 3753 969 λαλῆσαί

2184 1004 2384 1057 φησιν,
2436 989 2528 1041 τὸν
2578 988 2687 1042 τῶν
2750 991 2980 1044 ἀνοσίων
3026 991 3198 1060 θυμὸν
3237 992 3628 1061 εύτεχνέστατα
3676 992 3756 1043 δι-

2182 1078 2509 1150 ωθούμενος,
2542 1082 2635 1134 καί
2675 1079 2787 1135 οἷον
2832 1084 3161 1136 ὲκδυσωπῶν
3189 1083 3287 1146 τὰς
3320 1083 3534 1145 ἀδίκους
3564 1082 3750 1150 ὀργάς.

2182 1170 2248 1222 Εἰ
2276 1170 2385 1241 γὰρ
2430 1172 2751 1242 παρελήφθη
2788 1174 3009 1241 μεσίτης
3055 1172 3148 1226 καὶ
3190 1173 3470 1235 διάκονος,
3509 1170 3755 1234 καὶτοὺς

2182 1261 2388 1316 ἄνωθεν
2417 1264 2509 1315 καὶ
2537 1263 2685 1335 παρά
2717 1264 2851 1317 Θεοῦ
2883 1263 3270 1335 διαπορθμεύοι
3300 1263 3512 1331 λόγους.
3546 1261 3661 1322 πῶς
3689 1261 3754 1314 ἂν

2182 1356 2271 1407 ἐπ’
2316 1355 2464 1426 αύτῷ
2515 1356 2739 1420 δικαίως
2786 1357 3056 1427 όργίζοιτό
3103 1375 3216 1423 τις;
3267 1356 3467 1426 μᾶλλον
3511 1354 3589 1417 δὲ,
3640 1353 3754 1414 πῶς

2180 1447 2300 1517 οὐχὶ
2332 1446 2471 1499 κατά
2493 1446 2630 1500 Θεοῦ
2662 1447 2757 1501 τοῦ
2782 1448 3138 1519 λελαληκότος
3160 1449 3227 1501 τὰ
3274 1447 3332 1512 ἐξ
3359 1447 3528 1517 ὀργῆς
3555 1444 3753 1515 γένοιτ’

2180 1537 2247 1589 ἂν
2275 1537 2510 1608 δυσσεϐῆ
2550 1539 2897 1611 τολμήματα.
2942 1539 3381 1610 Διαμαρτύρεται
3410 1538 3587 1591 τοίνυν
3620 1536 3753 1605 σφό-

2180 1629 2281 1701 δρα
2305 1631 2530 1695 εἰκότως
2558 1632 2782 1703 οὐρανόν
2805 1649 2862 1684 τε
2888 1634 2979 1685 καὶ
3010 1632 3148 1701 γῆν;
3179 1631 3394 1702 Ἐπειδὴ
3424 1631 3530 1699 γάρ
3559 1628 3751 1699 ἔμελλε

2179 1724 2280 1789 τὰς
2305 1725 2445 1779 κατά
2469 1724 2564 1778 τοῦ
2603 1725 2820 1797 Ἰσραὴλ
2846 1726 3114 1779 ποιεῖσθαι
3145 1724 3368 1796 μομφὰς
3391 1765 3404 1783 .
3442 1724 3535 1776 καὶ
3580 1723 3750 1791 ἀγγέ-

2180 1816 2305 1880 λους
2336 1817 2533 1870 εἰδέναι
2565 1816 2810 1887 βούλεται
2840 1818 2967 1880 τοὺς
3004 1818 3122 1871 κατ’
3173 1817 3420 1888 οὐρανὸν,
3452 1816 3543 1868 καὶ
3580 1815 3751 1885 αὐτὴν

501 1915 556 1958 et
586 1905 637 1959 in
666 1914 869 1959 sortem
900 1905 1001 1959 sibi
1040 1904 1376 1973 deputatum,
1420 1903 1471 1955 in
1505 1902 1767 1966 leviculis,
1813 1915 1869 1958 et
1894 1903 2074 1971 vulga-

2179 1908 2355 1978 δὲτὴν
2386 1908 2680 1979 σύμπασαν
2712 1910 2835 1981 γῆν,
2866 1910 2967 1980 τῆς
3009 1910 3216 1963 ἐκείνου
3263 1908 3579 1971 δυσσεϐείας
3628 1900 3753 1971 τοῦς

502 1996 652 2051 ribus
704 1994 1020 2051 criminibus
1075 1995 1516 2065 deprehensum,
1564 2006 1845 2063 propterea
1908 1993 2076 2049 fuisse

502 2083 762 2153 rejectum
800 2101 813 2137 :
852 2083 1084 2137 maxime
1120 2098 1279 2153 quem
1314 2086 1442 2141 olim
1490 2099 1699 2141 summa
1733 2084 1781 2137 vi
1814 2099 1879 2139 ex
1907 2083 2078 2156 Egy-

501 2176 732 2242 ptiorum
790 2173 1067 2244 tyrannide
1120 2176 1434 2231 vindicavit.
1490 2176 1625 2231 Nam
1680 2175 1933 2230 misertus
1996 2185 2076 2230 est

502 2266 674 2332 illius,
735 2265 787 2334 2
841 2275 895 2316 ut
930 2273 983 2317 et
1029 2263 1222 2333 injuria
1283 2265 1458 2321 allecti
1516 2274 1713 2338 praeter
1759 2281 1972 2334 aequum
2026 2274 2083 2321 et

500 2359 729 2421 bontnn,
765 2368 820 2412 et
850 2368 906 2412 ιιι
937 2367 1130 2427 printer
1167 2360 1495 2418 nobilitatem
1527 2372 1581 2417 et
1620 2360 1937 2437 dignitatem
1969 2369 2079 2412 ιιιιιι

500 2448 765 2513 patriam.
794 2459 848 2503 et
881 2452 1113 2519 avitam,
1150 2464 1257 2508 tum
1297 2469 1447 2509 suam
1473 2497 1489 2521 ,
1538 2456 1769 2511 violenta
1819 2455 2083 2509 servitute

500 2541 769 2606 oppressi.
796 2539 1040 2610 Cumque
1068 2542 1121 2597 bi
1164 2546 1253 2612 qni
1299 2556 1684 2614 oppresserant
1734 2546 2079 2616 restitissent,

501 2630 741 2694 graviter
766 2628 931 2696 puniti
964 2640 1107 2693 sunt,
1139 2631 1246 2685 Deo
1276 2633 1396 2688 illos
1426 2633 1573 2687 omni
1605 2624 2079 2703 generelsupplicii

497 2721 781 2775 mnltante.
824 2720 1009 2791 Itaque
1038 2724 1813 2790 utlsraelitarnm'assumptio
1852 2722 2081 2792 insignis

498 2822 552 2867 et
601 2813 822 2865 illustris
871 2811 1001 2877 fuit,
1039 2813 1111 2867 ita
1172 2815 1479 2880 rejectionis
1517 2815 1735 2869 modum
1796 2830 1903 2868 non
1966 2812 2081 2866 vult

502 2902 756 2969 ignorari.
793 2900 943 2967 Quod
969 2904 1009 2955 si
1036 2902 1121 2957 cni
1151 2904 1421 2967 videatur,
1450 2904 1564 2971 ipsa
1592 2903 1861 2957 elementa
1889 2901 2076 2955 vocari

501 2994 600 3044 hac
626 2992 907 3060 propheta:
945 3008 1074 3046 voce
1105 3011 1117 3046 :
1148 2995 1236 3060 qui
1275 2996 1373 3047 hoc
1406 2995 1475 3048 ita
1508 2995 1836 3057 considerat,
1878 3006 1981 3045 nec
2011 2992 2078 3045 ab

499 3098 564 3135 eo
592 3082 734 3152 quod
777 3097 858 3137 est
903 3084 1094 3139 rationi
1129 3094 1184 3138 et
1216 3084 1579 3153 probabilitati
1630 3092 2075 3144 consentaneum,

500 3187 599 3226 nec
629 3188 655 3224 a
682 3188 843 3227 sensu
878 3175 1163 3229 verborum
1192 3176 1487 3229 aberrabit.
1518 3173 1904 3229 Redimebatur
1924 3171 2068 3227 etiin!

507 3282 603 3333 per
628 3265 854 3329 Mosem,
887 3267 960 3319 uti
994 3267 1124 3332 dixi,
1155 3267 1220 3319 ab
1251 3267 1565 3338 IEgyptiaca
1593 3266 1865 3335 impietate
1895 3264 2078 3319 Israel.

497 3355 629 3408 Cum
675 3367 853 3409 autem
899 3354 1108 3411 Pharao
1149 3355 1241 3410 Dei
1291 3358 1443 3410 nutni
1497 3367 1550 3410 et
1605 3356 1866 3409 voluntati
1922 3354 2080 3422 impie

497 3444 773 3500 resisteret
798 3460 862 3499 ac
896 3446 1121 3511 diceret,
1158 3464 1176 3496 ι
1203 3445 1493 3503 Dominttm
1524 3464 1627 3502 non
1659 3448 1800 3507 novi,
1823 3459 1875 3501 et
1906 3448 2079 3501 Israe-

497 3535 601 3590 lem
621 3552 723 3590 non
756 3536 1020 3591 dimittam
1040 3538 1081 3603 ³,
1110 3556 1129 3589 ι
1169 3549 1415 3593 creatura
1443 3556 1471 3593 a
1504 3541 1728 3597 Domino
1758 3556 1859 3600 suo
1891 3555 2077 3599 contra

500 3628 866 3683 inobedientes
911 3638 963 3683 et
1017 3629 1243 3684 rebelles
1293 3641 1378 3686 est
1437 3644 1671 3689 armata.
1720 3635 1761 3689 Ε
1815 3638 2069 3707 supernis

496 3719 641 3773 enim
666 3730 720 3774 et
761 3733 794 3774 e
835 3720 973 3775 caelo
1006 3720 1235 3790 plurima
1263 3762 1277 3786 ,
1313 3733 1366 3776 et
1418 3726 1710 3795 conspicua
1750 3728 1900 3796 signa
1934 3727 2075 3783 facta

497 3822 625 3864 sunt
676 3829 689 3865 :
741 3810 966 3881 plurima
1026 3813 1152 3866 item
1206 3824 1261 3867 et
1315 3815 1364 3867 in
1424 3817 1537 3885 ipsa
1590 3828 1733 3871 terra
1783 3819 2072 3873 mirabilia.

497 3901 703 3956 Caelum
761 3902 902 3955 enim
959 3904 1175 3957 demisit
1223 3905 1569 3972 grandinem,
1623 3917 1767 3962 terra
1823 3910 2076 3977 produxit

498 4005 678 4054 ranas,
729 3990 888 4044 sicuti
935 3992 1192 4058 scriptum
1225 4004 1307 4046 est
1337 4013 1350 4048 :
1385 4005 1438 4048 et
1463 4011 1601 4064 aqua
1650 3996 1702 4050 in
1747 3998 2072 4067 sanguinem

496 4093 757 4132 conversa
806 4090 889 4133 est
934 4098 949 4134 :
992 4084 1171 4137 cinere
1227 4100 1354 4138 vero
1400 4087 1596 4140 camini
1639 4088 1975 4143 discnrrente
2019 4097 2074 4144 et

496 4172 783 4239 dissipato,
809 4186 1099 4241 aeretnqne
1127 4187 1536 4245 corrutnpenle,
1560 4179 1737 4234 ulcera
1768 4192 1821 4236 et
1848 4184 2074 4250 pustula:

495 4262 904 4317 ell'ervescentes
942 4266 1183 4319 omnium
1224 4272 1547 4336 corporibus
1592 4272 1924 4330 insederunt.
1962 4274 2071 4330 Ita-

496 4369 601 4423 que
657 4354 879 4423 perinde
920 4357 1073 4424 quasi
1112 4359 1339 4427 ipsamet
1383 4362 1649 4418 elementa
1705 4375 1916 4421 tantum
1965 4385 2069 4422 non

496 4443 698 4497 frustra
748 4458 846 4513 pro
893 4445 977 4499 bis
1031 4448 1122 4515 qui
1182 4448 1393 4503 liberati
1448 4451 1665 4507 luerunt
1713 4454 2067 4513 laborassem:

2179 2001 2436 2072 τρόπους,
2465 2002 2551 2055 ἵνα
2576 2004 2649 2073 μή
2682 2020 2767 2065 τις
2800 2003 2978 2072 οἴηται
3013 2001 3333 2072 κεκινῆσθαι
3372 2002 3553 2071 μάτην
3587 2002 3619 2072 ἢ
3653 2003 3751 2054 καὶ

2182 2091 2456 2161 προαλῶσι
2485 2094 2577 2145 ἐπὶ
2602 2096 2818 2164 μικροῖς
2844 2110 2903 2146 τε
2934 2094 3026 2146 καὶ
3046 2093 3444 2156 εὐτελεστάτοις
3478 2092 3750 2162 πταίσμα-

2184 2200 2289 2248 σιν,
2341 2183 2646 2253 ἀπόϐλητον
2694 2184 2966 2237 ποιεῖσθαι
3006 2184 3097 2237 τὸν
3142 2184 3518 2254 ἠγαπημένον,
3551 2186 3643 2236 καὶ
3674 2185 3753 2248 εἰς

2184 2274 2383 2345 κλῆρον
2409 2274 2559 2346 αὐτῷ
2588 2275 2812 2329 τεθέντα
2851 2275 3001 2338 λαὸν,
3029 2276 3121 2328 καὶ
3146 2276 3204 2327 τὸ
3240 2275 3404 2328 πάλαι
3436 2275 3523 2327 διὰ
3551 2274 3753 2344 πολλῆς

2182 2369 2320 2437 ἄγαν
2357 2370 2559 2439 ἰσχύος,
2592 2368 2692 2435 τῆς
2738 2368 2846 2421 τῶν
2876 2369 3188 2435 Αἰγυπτίων
3219 2368 3530 2433 πλεονεξίας
3559 2367 3754 2441 ἐξῃρη-

2187 2465 2363 2535 μένον.
2402 2464 2626 2533 Ἦλέησε
2653 2465 2751 2533 μὲν
2779 2463 2886 2534 γάρ
2926 2463 3002 2526 ὡς
3042 2462 3393 2533 ἀδικούμενον
3422 2462 3572 2533 παρά
3604 2478 3661 2513 τε
3691 2462 3749 2513 τὸ

2183 2558 2349 2620 εἰκὸς,
2381 2558 2475 2610 καὶ
2505 2557 2603 2625 τὴν
2630 2559 2741 2619 τοῖς
2768 2557 3009 2627 πατράσι
3044 2556 3363 2628 πρέπουσάν
3386 2574 3443 2609 τε
3478 2557 3569 2609 καὶ
3592 2556 3745 2609 ἑνοῦ-

2186 2663 2284 2700 σαν
2340 2648 2637 2715 εὐγένειαν,
2687 2646 2970 2718 ἀϐουλήτῳ
3016 2648 3207 2719 θητείξι
3264 2646 3750 2719 κατηχθισμένους.

2195 2739 2411 2809 Ἐπειδὴ
2445 2739 2502 2791 δὲ
2532 2740 2899 2810 ἀντέπραττον
2931 2742 2979 2792 οἰ
3009 2739 3521 2811 πλεονεκτήσαντες,
3557 2740 3752 2793 ἐκολὰο

2182 2829 2335 2894 ζοντο
2380 2828 2623 2899 πικρῶς,
2661 2831 2838 2884 πάντα
2865 2830 3065 2903 τρόπον
3097 2832 3280 2894 αὐτοῖς
3314 2832 3495 2895 αἰκίας
3539 2832 3753 2903 ἐπιρρι-

2181 2922 2439 2983 πτοῦντος
2476 2921 2632 2975 Θεοῦ.
2661 2923 2869 2992 ’Ὠσπερ
2911 2922 3092 2974 τοίνυν
3133 2924 3504 2991 ἐπισημοτὰτη
3531 2920 3753 2988 γέγονεν

2180 3017 2213 3085 ἡ
2242 3014 2545 3086 πρόσληψις
2568 3016 2682 3077 τοῖς
2716 3013 2775 3078 ἐξ
2819 3015 3053 3085 Ἰσραὴλ,
3088 3014 3230 3067 οὕτω
3259 3015 3504 3084 βούλεται
3535 3014 3627 3065 καί⁵
3660 3012 3753 3063 τὸν

2180 3109 2276 3175 τῆς
2311 3106 2581 3175 ἀποϐολῆς
2626 3106 2700 3175 μὴ
2744 3105 3056 3173 ἀγνοεῖσθαι
3082 3106 3300 3176 τρόπον.
3334 3106 3396 3157 Εἰ
3440 3105 3494 3158 δὲ
3534 3104 3597 3174 δὴ
3629 3103 3751 3173 βού-

2182 3196 2353 3250 λοιντό
2376 3214 2517 3258 τινες
2544 3198 2637 3249 κα)⁸
2669 3196 2809 3250 αὐτὰ
2848 3195 3128 3249 καλεῖσθαι
3171 3194 3240 3248 τὰ
3272 3198 3506 3264 στοιχεῖα
3532 3194 3618 3246 διὰ
3654 3195 3753 3261 τῆς

2181 3289 2276 3341 τοῦ
2306 3291 2585 3357 προφήτου
2612 3287 2814 3357 φωνῆς,
2846 3288 2945 3340 οὐκ
2970 3286 3036 3340 ἂν
3064 3287 3297 3357 ἀμάρτοι
3332 3285 3424 3337 τοῦ
3451 3284 3751 3355 πρέποντος

2182 3382 2343 3449 λόγου
2376 3381 2483 3432 τῶν
2516 3380 2735 3433 ἐννοιῶν
2770 3382 2801 3450 ἡ
2836 3380 3082 3449 δύναμις,
3105 3379 3281 3429 ἐκεῖνο
3311 3375 3745 3445 διεσκεμμένοις.

2192 3471 2513 3543 Ἐλυτροῦτο
2546 3471 2646 3542 μὲν
2675 3471 2806 3541 γὰρ,
2849 3469 2925 3532 ὠς
2949 3470 3108 3540 ἔφην,
3148 3469 3247 3539 τῆς
3281 3468 3593 3536 Αἰγυπτίων
3619 3467 3746 3519 ἀνου

2180 3564 2424 3632 σιότητος
2463 3561 2552 3614 διὰ
2583 3562 2822 3624 Μωσέως
2846 3561 2874 3612 ό
2913 3559 3147 3632 Ἰσραήλ.
3192 3558 3408 3629 Ἐπειδὴ
3433 3558 3489 3611 δὲ
3516 3560 3629 3620 τοῖς
3651 3556 3750 3608 τοῦ

2178 3654 2315 3708 Θεοῦ
2362 3654 2621 3724 νεύμασιν
2667 3653 2895 3715 ἀνοσίως
2940 3652 3397 3722 ἀντανιστάμενος
3444 3650 3677 3718 ἔφασκεν
3719 3651 3748 3701 ό

2175 3745 2394 3817 Φαραὼ,
2438 3746 2550 3799 Ούκ
2592 3743 2708 3798 οἶδα
2736 3745 2828 3797 τὸν
2862 3744 3085 3814 Κύριον,
3132 3744 3224 3797 καὶ
3267 3742 3360 3794 τὸν
3396 3742 3608 3812 Ἰσραήλ
3647 3743 3747 3794 οὐκ

2176 3837 2459 3892 ἀποστελῶ
2488 3877 2502 3901 ,
2538 3836 2903 3902 συνωπλὶζετο
2931 3835 3006 3907 τῷ
3048 3836 3162 3906 ἰδίῳ
3192 3834 3425 3903 δεσπότῃ
3468 3833 3607 3885 κατά
3638 3832 3746 3885 τῶν

2176 3928 2558 3999 ἀπεχθούντων
2587 3930 2619 3998 ὴ
2655 3927 2851 3991 κτίσις.
2891 3925 3132 3979 Ἀνωθεν
3171 3926 3266 3994 μὲν
3301 3924 3409 3994 γάρ
3443 3924 3536 3976 καὶ
3560 3922 3619 3987 ἐξ
3651 3925 3743 3975 ού-

2177 4018 2339 4090 ρανοῦ
2362 4019 2589 4072 πλεῖστά
2612 4036 2671 4072 τε
2694 4020 2795 4072 ὅσα
2824 4019 2917 4071 καὶ
2940 4018 3213 4086 περιφανῆ
3237 4017 3492 4084 γεγόνασι
3518 4032 3582 4085 σή
3593 4018 3740 4085 μεῖα.

2176 4111 2403 4163 πλεῖστα
2439 4111 2494 4163 δὲ
2524 4110 2723 4180 ὁμοίως
2755 4111 2848 4162 καί
2885 4110 2983 4163 ούκ
3031 4109 3357 4177 ἀθαύμαστα
3398 4109 3455 4160 ἐν
3499 4110 3633 4177 αὐτῇ
3674 4110 3743 4178 τῇ

2174 4203 2342 4273 γῇ.⁹0
2371 4203 2470 4270 μὲν
2495 4201 2604 4271 γὰρ
2632 4201 2858 4272 οὐρανὸς
2881 4200 3057 4254 καθίει
3088 4200 3185 4271 τὴν
3221 4198 3484 4270 χάλαζαν,
3522 4200 3555 4268 ἡ
3585 4200 3641 4251 δὲ
3670 4203 3740 4268 γῆ

2176 4293 2475 4363 βατράχους
2521 4293 2798 4364 ἐξέρριψε,
2852 4292 2996 4345 καθά
3039 4292 3376 4362 γέγραπται·
3416 4291 3600 4344 καὶτὸ
3644 4292 3745 4360 μὲν

2175 4385 2317 4456 ὕδωρ
2347 4388 2426 4447 εἰς
2448 4381 2588 4455 αἷμα
2617 4386 3059 4455 μετεαευάξετο,
3087 4384 3313 4453 αἰθάλης
3351 4384 3406 4436 δὲ
3447 4384 3744 4453 καμιναίας

2173 4477 2701 4547 κατασκιδναμένης,
2745 4476 2953 4529 καὶτὸν
2992 4476 3131 4544 ἀέρα
3162 4474 3447 4541 θολούσης,
3481 4474 3612 4543 ἕλκη
3648 4475 3742 4525 καὶ

500 4556 517 4587 ι
554 4537 714 4599 Audi,
768 4538 962 4608 inquit,
1016 4542 1235 4609 omium,
1283 4555 1339 4598 et
1395 4550 1663 4613 ausculta,
1719 4560 1883 4614 terra,
1942 4554 2066 4619 quia

2178 4569 2464 4639 φλυκτίδες
2491 4567 2815 4631 ἀναζέουσαι
2841 4570 2953 4630 τοῖς
2980 4570 3039 4619 ἐν
3068 4567 3286 4620 πάντων
3323 4567 3601 4619 συνέϐαινε
3635 4565 3738 4618 σώ-

499 4629 754 4685 Dominns
787 4629 993 4686 locutus
1041 4643 1141 4689 est.
1183 4652 1206 4688 ι
1249 4637 1419 4692 Aliter
1447 4640 1610 4693 etiam
1662 4643 1773 4697 haec
1815 4644 2068 4712 explicari

497 4730 739 4787 possunt.
802 4722 1059 4778 Israelita:
1120 4728 1387 4797 siquidem
1441 4729 1573 4799 legis
1630 4732 1875 4789 doctrina
1934 4752 2067 4791 con—

500 4825 731 4888 tempta,
777 4827 832 4871 et
886 4819 1211 4876 salutaribus
1262 4823 1559 4893 disciplinis
1619 4828 1898 4897 neglectis,
1962 4846 2068 4884 uno

501 4921 693 4966 natura
753 4912 861 4966 Deo
914 4913 1195 4978 derelicto,
1249 4913 1473 4981 impuris
1531 4918 1808 4973 daemoniis
1862 4922 2061 4976 cultum

500 5000 806 5056 tribuerunt
850 5004 900 5056 in
937 5003 1208 5057 tnontibns
1240 5015 1400 5072 atque
1440 5006 1665 5062 collibus
1711 5019 1765 5062 et
1798 5010 1851 5063 in
1896 5013 2062 5066 silvo-

497 5091 572 5144 sis
596 5093 824 5145 vallibus
855 5095 1216 5147 incenderunt
1249 5094 1572 5162 sul‘litnm,et
1611 5114 1774 5166 opera
1810 5118 2063 5155 manumn

496 5192 714 5235 Suarum
763 5184 1150 5240 adoraverunt.
1205 5184 1517 5255 Indignatus
1581 5205 1710 5244 vero
1785 5203 2066 5262 propterea

498 5272 864 5326 universitatis
892 5272 1049 5339 Deus,
1101 5286 1154 5330 et
1179 5280 1397 5347 quidem
1429 5279 1749 5347 justissitne,
1784 5285 1923 5337 dixit
1951 5286 2069 5339 cni-

497 5360 617 5415 tlam
671 5375 701 5415 e
771 5365 972 5419 sanctis
1028 5368 1357 5435 prophetis:
1408 5388 1427 5419 ι
1478 5370 1656 5441 Surge
1720 5383 1771 5427 et
1824 5374 2067 5443 judicare

497 5451 633 5518 apud
669 5462 910 5520 mOntes,
956 5466 1009 5510 et
1057 5459 1279 5512 audiant
1327 5459 1491 5515 colles
1519 5478 1702 5517 vocem
1736 5475 1879 5519 tuam
1910 5483 1924 5519 :
1956 5467 2067 5519 An-

495 5543 627 5608 dite,
660 5544 843 5604 colles.
878 5547 1135 5617 judicium
1171 5552 1402 5617 Domini,
1435 5564 1489 5607 ct
1525 5554 1690 5610 valles
1717 5554 2063 5611 fundamenta

498 5642 687 5702 terrae,
745 5640 868 5707 quia
917 5638 1174 5708 judicium
1231 5644 1458 5699 Domino
1504 5646 1765 5703 adversus
1810 5650 2059 5719 populum

498 5738 682 5790 suum,
714 5739 765 5782 et
799 5744 919 5785 cum
953 5732 1145 5787 lsraele
1173 5734 1503 5803 judicabitur
1530 5739 1591 5791 θ’.
1622 5757 1640 5788 ι
1679 5740 1859 5807 Neque
1882 5750 2058 5796 Iatnen

568 5838 586 5867 ³
612 5838 773 5895 Exod.
804 5858 853 5907 v,
892 5844 946 5898 9..
971 5847 1012 5877 ³·
1044 5846 1203 5903 Illiclt.
1230 5863 1301 5915 Vl,
1333 5851 1385 5915 l,
1412 5850 1466 5903 ἓ.

2179 4677 2362 4730 μασιν.
2408 4661 2492 4721 Ὠς
2532 4655 2623 4712 οὖν
2668 4661 2760 4711 καὶ
2791 4658 2969 4711 αὐτῶν
3001 4659 3107 4710 τῶν
3137 4659 3414 4728 στοιχείων
3458 4660 3741 4733 μονονουχὶ

2177 4750 2353 4819 μάτην
2371 4750 2463 4801 ἐπὶ
2481 4753 2593 4811 τοῖς
2617 4748 3044 4818 λελυτρωμένοις
3065 4750 3469 4818 πεπονηκότων,
3482 4768 3499 4798 ι
3517 4749 3741 4812 ΙἌκουε,

2173 4838 2389 4908 ούρανὲ,
2420 4839 2607 4907 φησὶν,
2635 4838 2730 4890 καὶ
2755 4839 3031 4902 ἐνωτίςου,
3066 4838 3137 4907 γῆ
3158 4879 3172 4903 ,
3203 4839 3284 4891 ὅτι
3320 4837 3520 4909 Κύριος
3549 4839 3743 4909 ἐλάλη-

2172 4946 2280 4983 σεν.
2320 4949 2339 4980 ι
2378 4929 2798 5001 Προσϐαλοῦμεν
2832 4929 2887 4981 δὲ
2918 4930 3011 4982 καὶ
3046 4929 3248 4999 ἑτέρως
3278 4932 3396 4991 ταῖς
3446 4928 3550 4981 τῶν
3605 4946 3743 4997 προ-

2170 5019 2438 5089 κειμένων
2481 5020 2729 5081 ὲννοίαις.
2776 5020 3166 5089 Ἀτιμήσαντες
3224 5020 3323 5087 μὲν
3366 5020 3473 5090 γάρ
3516 5019 3614 5091 τὴν
3651 5022 3743 5073 διὰ

2171 5110 2335 5179 νόμου
2370 5111 2649 5163 παίδευσιν
2693 5114 2740 5163 οἱ
2786 5111 2845 5177 ἐξ
2885 5111 3095 5181 Ἰσραὴλ
3120 5151 3133 5173 ,
3163 5111 3263 5163 ’γαί
3308 5111 3417 5165 τῶν
3458 5113 3741 5182 σωτηρίων

2175 5201 2509 5271 μαθημάτων
2560 5202 2993 5272 ὀλιγωρήσαντες
3042 5204 3133 5253 τὸν
3184 5204 3277 5254 ἕνα
3334 5219 3391 5254 τε
3438 5205 3531 5255 καὶ
3579 5204 3740 5271 φύσει

2170 5292 2616 5355 καταλελοιπότες
2646 5292 2777 5346 Θεὸν
2832 5294 2944 5354 τοῖς
2982 5291 3312 5361 ἀκαθάρτοις
3357 5293 3601 5363 δαίμοσιν
3640 5297 3742 5359 τὰς

2171 5373 2465 5451 θεραπείας
2491 5384 2764 5455 προσῆγον
2788 5386 2846 5436 ἐν
2867 5383 3016 5454 ὄρεσι
3046 5384 3138 5435 καὶ
3167 5381 3399 5451 βουνοῖς,
3422 5386 3516 5438 καὶ
3536 5388 3593 5438 ἐν
3616 5391 3741 5450 ταῖς

2169 5471 2604 5543 εύδενδροτάταις
2631 5475 2899 5545 φάραγξιν
2946 5472 3303 5542 τεθυμιάκασί
3337 5490 3395 5527 τε
3442 5476 3535 5527 καὶ
3570 5493 3741 5545 προσ-

2169 5562 2501 5631 κεκυνήκασι
2532 5567 2644 5626 τοῖς
2690 5564 2867 5634 ἔργοις
2894 5562 3001 5615 τῶν
3035 5562 3176 5614 ἰδίων
3200 5564 3420 5634 χειρῶν.
3459 5567 3567 5618 Καὶ
3594 5567 3737 5634 ἠγα-

2169 5652 2357 5705 νάκτει
2397 5655 2493 5724 μὲν
2533 5656 2626 5709 ἓ.πί
2672 5658 2902 5717 τούτοις,
2941 5654 3033 5707 καὶ
3085 5655 3229 5724 μάλα
3278 5656 3521 5719 εἰκότως,
3567 5658 3594 5708 ό
3628 5658 3739 5711 τῶν

2164 5744 2299 5799 ὅλων
2326 5746 2476 5813 Θεὸς,
2520 5748 2621 5820 ἔφη
2651 5748 2706 5799 δὲ
2750 5746 2883 5817 πρὸς
2925 5745 3020 5799 ἕνα
3074 5746 3179 5798 τῶν
3213 5746 3382 5815 ἁγίων
3414 5748 3735 5817 προφητῶν
