4094 6366
320 398 386 468 i7
1326 394 1329 395 ί
1494 411 1556 465 IN
1603 411 1831 465 lS.\I.\!ll
1876 409 2001 464 ua.
2045 409 2061 463 ι
2127 413 2335 468 οιιΑΤ.
2380 413 2420 468 l.
3528 411 3591 465 ιε

328 534 347 579 ι
393 534 687 601 Ἀνάστηθι
720 532 814 585 καὶ
846 531 1062 604 κρίθητι
1094 532 1228 603 πρὸς
1242 532 1308 585 τὰ
1330 532 1453 602 ὅρη,
1483 533 1577 585 καὶ
1596 530 1905 585 ἀκουσάτω-

2014 549 2103 600 per
2164 536 2303 589 hanc
2375 532 2651 602 propheta
2711 545 2897 584 vocem
2968 534 3254 598 propterea
3319 527 3589 581 dicimus.

325 640 423 674 σαν
452 625 501 674 οἱ
539 623 717 692 βουνοί
740 621 839 692 τὴν
868 624 1050 693 φωνήν
1079 640 1194 675 σου.
1236 622 1551 688 Ἀκούσατε,
1582 621 1781 691 βουνοὶ,
1805 623 1903 692 τὴν

324 714 508 782 κρίσιν
542 712 637 766 τοῦ
672 713 909 784 Κυρίου,
955 714 1049 765 καὶ
1090 714 1145 766 αἱ
1183 714 1486 786 φάραγγες,
1523 714 1749 785 θεμέλια
1804 715 1903 779 τῆς

323 806 449 873 γῆς,
477 807 557 859 ὃτι
588 806 774 877 κρίσις
807 805 885 876 τῷ
910 805 1099 876 Κυρίῳ
1128 807 1264 877 πρὸς
1304 807 1396 859 τὸν
1428 807 1556 859 λαὸν
1587 806 1774 874 αὐτοῦ,
1808 808 1903 860 καὶ

324 899 468 968 μετὰ
491 897 578 951 τοῦ
616 898 829 968 Ἰσραὴλ
861 898 1319 969 διελεγχθήσεται.
1346 918 1365 951 ι
1390 901 1499 953 Καὶ
1515 899 1631 952 οὔτι
1661 918 1765 953 που
1800 917 1903 969 φα-

326 988 427 1057 μὲν
458 989 541 1042 ὅτι
569 989 705 1058 πρὸς
730 1005 795 1056 γε
826 987 896 1041 τά
930 988 1031 1059 ὅρη
1059 989 1153 1041 καὶ
1192 990 1317 1052 τοὺς
1354 989 1579 1059 βουνοὺς
1612 991 1835 1059 γέγονεν
1866 993 1900 1063 ή

323 1080 511 1151 κρίσις
533 1080 609 1146 τῷ
636 1080 828 1150 Κυρίῳ
856 1079 946 1133 διὰ
983 1080 1083 1150 τῆς
1111 1080 1204 1133 τοῦ
1246 1084 1528 1153 προφήτου
1566 1085 1769 1154 φωνῆς,
1804 1085 1905 1137 ἐδι-

323 1171 529 1235 κάζετο
571 1171 628 1224 δὲ
673 1172 874 1241 μᾶλλον
906 1172 984 1242 τῷ
1028 1173 1164 1245 πρὸς
1192 1174 1364 1242 αὐτὴν
1390 1174 1489 1246 τὴν
1515 1176 1771 1229 ἀσέϐειαν
1808 1177 1904 1230 τοῦ

334 1263 560 1335 Ἰσραὴλ
603 1267 715 1327 τοῖς
755 1268 812 1318 ἐν
844 1267 957 1329 τοῖς
997 1264 1147 1334 δρεσι
1180 1268 1274 1321 καὶ
1306 1269 1515 1339 βουνοῖς
1555 1270 1648 1323 καὶ
1686 1270 1901 1333 νάπαις.

332 1355 630 1426 Ίιλέγχετο
654 1357 764 1429 γάρ
793 1358 1073 1430 ἀμετρίως
1095 1358 1523 1432 δεδυσσεὸηκὼς,
1554 1362 1647 1414 καί
1685 1362 1904 1431 βωμοὺς

323 1452 420 1502 καὶ
449 1450 651 1521 τεμένη
690 1453 1107 1515 κατασκευάσας
1144 1454 1263 1505 ἐκεῖ
1284 1456 1397 1518 τοῖς
1429 1455 1765 1525 ἀκαθάρτοις
1794 1455 1904 1508 δαί-

328 1560 508 1611 μοσιν.
534 1544 742 1596 Οὐκοῦν
776 1545 1077 1617 ἐπειδήπερ
1103 1549 1150 1600 οἱ
1175 1546 1234 1612 ἐξ
1269 1548 1484 1619 Ἰσραὴλ
1512 1550 1611 1619 τῆς
1646 1552 1726 1613 εἰς
1772 1550 1904 1603 Θεὸν

324 1634 511 1697 αἰδοῦς
560 1635 928 1705 ἀλογήσαντες
967 1639 1381 1709 προσεκύνησαν
1425 1643 1493 1711 τῇ
1543 1644 1772 1712 στρατιᾷ
1808 1641 1903 1695 τοῦ

323 1726 581 1796 ούρανοῦ,
612 1727 745 1798 ἡλίῳ
766 1745 826 1780 τε
860 1729 1003 1799 φημὶ
1030 1730 1122 1783 καὶ
1160 1729 1380 1804 σελήνῃ,
1402 1731 1683 1801 δεχόμενοι
1721 1732 1779 1785 δὲ
1812 1732 1905 1787 καὶ¹

322 1819 421 1888 τὴν
448 1822 515 1872 ὲκ
537 1820 643 1890 γῆς
672 1820 826 1893 ὕλην,
864 1821 995 1886 ξύλα
1022 1823 1081 1876 τὲ
1105 1841 1247 1894 φημι
1277 1826 1371 1878 καὶ
1401 1824 1606 1889 λίθους,
1633 1826 1904 1897 ἐποίησαν

322 1910 540 1975 ἑαυτοῖς
569 1911 765 1966 εἴδωλα
786 1915 928 1967 κατὰ
944 1916 1004 1968 τὸ
1033 1916 1248 1988 ἑκάστῳ
1270 1916 1480 1979 δοκοῦν,
1501 1916 1908 1988 οἰκονομώτατα

321 2000 443 2054 λίαν
486 2002 588 2073 τὴν
632 2004 690 2055 ὲν
731 2005 942 2070 τούτοις
995 2008 1174 2060 αὐτῶν
1208 2006 1463 2062 ἀσέὸειαν
1511 2007 1907 2074 ύπαινίττεται,

322 2094 421 2146 καὶ
449 2089 561 2147 οἷον
596 2098 676 2159 εἰς
698 2096 917 2167 ἔλεγχον
942 2100 1033 2152 καὶ
1055 2099 1329 2164 ἀπόδειξιν
1361 2100 1588 2169 οὐρανόν
1608 2117 1668 2152 τε
1691 2100 1785 2152 καὶ
1805 2100 1909 2170 γῆν

321 2187 404 2248 εἰς
428 2187 595 2255 μέσον
611 2186 799 2259 ὥσπερ
820 2190 1186 2260 παρακομίζει
1204 2190 1428 2260 λέγων.‹
1446 2194 1668 2257 Ἀκουε,
1687 2194 1906 2265 οὐρανὲ,

322 2280 419 2331 καὶ
452 2278 732 2342 ὲνωτίζου,
769 2281 860 2351 γῆ,
911 2282 991 2334 ὅτι
1039 2280 1240 2352 Κύριος
1289 2282 1571 2352 ἐλάλησεν.
1608 2303 1627 2335 ι
1656 2282 1761 2338 Καὶ
1783 2284 1907 2338 καθ’

321 2368 517 2440 ἓτερον
546 2370 605 2422 δὲ
629 2371 849 2441 τρόπον,
885 2372 1109 2436 πολλοὺς
1130 2370 1269 2426 εἶναι
1304 2376 1484 2445 φαμὲν
1504 2375 1631 2440 τοὺς
1664 2377 1909 2449 πατέρας

322 2466 387 2515 ὲν
418 2463 658 2534 οὐρανῷ,
684 2466 809 2527 τοὺς
838 2469 1241 2535 πνευματικοὺς
1265 2468 1427 2538 δῆλον
1455 2469 1535 2523 ὅτι
1555 2486 1569 2502 ·
1600 2472 1828 2536 πολλοὺς
1851 2472 1908 2526 δὲ

322 2557 531 2625 ὁμοίως
562 2558 656 2610 καὶ
695 2557 790 2609 ἐπὶ
810 2558 911 2627 τῆς
938 2560 1062 2629 γῆς,
1087 2560 1245 2613 τοῦτο
1278 2562 1379 2629 μὲν
1408 2566 1727 2634 σαρκικοὺς,
1745 2564 1905 2618 τοῦτο

323 2649 382 2703 δὲ
404 2650 826 2721 πνευματικούς.
867 2651 1025 2705 Ἀλλὰ
1051 2653 1261 2717 τούτοις
1302 2655 1403 2724 μὲν
1454 2655 1627 2710 ἅπασι
1657 2660 1770 2720 τοῖς
1801 2676 1908 2712 πα-

324 2742 489 2811 τράσι
515 2744 628 2805 τοῖς
656 2742 770 2796 ἄνω
792 2759 852 2795 τε
887 2744 979 2796 καὶ
1010 2744 1160 2798 κάτω
1190 2748 1341 2817 παρὰ
1363 2747 1469 2800 τῶν
1498 2749 1602 2802 ὑπὸ
1635 2753 1792 2821 χεῖρα
1820 2751 1908 2804 τέ-

328 2848 479 2884 κνων
511 2832 881 2902 προσάγονται
905 2834 1081 2904 τιμαί.
1109 2837 1375 2907 Χαίρουσι
1399 2839 1452 2892 δὲ
1473 2839 1591 2892 λίαν
1616 2843 1665 2893 οἱ
1685 2858 1908 2912 τετιμη-

327 2924 507 2994 μένοι,
541 2925 639 2978 καὶ
664 2926 837 2990 οὐδεὶς
866 2927 1013 2980 ἐστιν
1032 2929 1091 2981 ἐν
1112 2931 1314 2993 αὐτοῖς.
1349 2931 1407 2995 ὃς
1428 2933 1489 2985 οὐ
1523 2933 1701 3003 πάντῃ
1730 2951 1790 2986 τε
1814 2936 1909 2989 καὶ

329 3016 558 3078 πάντως
593 3019 825 3069 ποιεῖται
854 3017 1192 3090 δυσφὸρητον
1219 3021 1279 3073 τὸ
1315 3022 1729 3093 ἀχαριστείσθαι
1756 3026 1908 3096 παρὰ

326 3105 437 3158 τῶν
460 3105 687 3159 τέκνων.
721 3109 785 3159 Ὃ
813 3108 876 3178 δὴ
913 3109 1196 3173 πεπονθὼς
1222 3113 1249 3162 6
1280 3111 1389 3164 τῶν
1419 3112 1555 3167 ὅλων
1587 3114 1747 3180 Θεὸς,
1780 3116 1909 3179 τούς

2007 629 2270 682 adversus
2310 636 2520 681 montes
2572 634 2626 679 et
2665 623 2829 678 colles
2880 620 3161 690 judicium
3196 618 3419 673 Domino
3460 619 3591 673 fuis-

2006 738 2065 775 se
2118 738 2132 775 :
2184 728 2240 774 at
2304 720 2482 788 potius
2538 723 2723 771 contra
2787 715 2956 783 ipsam
3025 713 3355 781 impietatem
3414 710 3591 766 Israe-

2005 812 2091 875 lis,
2157 827 2277 880 qua}
2328 820 2448 864 erat
2507 810 2560 863 in
2621 808 2916 868 montibus,
2960 816 3023 860 et’
3066 807 3313 869 collibus,
3349 814 3404 859 et
3455 805 3592 858 lucis

2004 905 2057 975 3
2090 904 2295 973 judicio
2316 900 2782 957 conﬂictabantur.
2813 902 3024 957 Etenim
3083 899 3442 969 reprehensus
3484 910 3589 960 est,

2006 998 2147 1065 quod
2170 995 2308 1049 haud
2328 994 2584 1049 mediocri
2641 1008 2709 1048 se
2749 994 3037 1064 impietate
3079 992 3317 1055 fiedarit,
3376 990 3591 1056 illicque

2008 1087 2305 1142 immundis
2331 1086 2665 1140 daemonibus
2684 1100 2807 1140 aras
2853 1095 3014 1154 atque
3054 1084 3273 1137 delubra
3302 1092 3587 1136 exstruxe-

2008 1182 2097 1235 rit.
2124 1180 2262 1235 Cum
2317 1196 2447 1250 ergo
2471 1180 2749 1244 Israelita,
2799 1179 3143 1235 observantia
3175 1188 3230 1233 et
3282 1176 3585 1232 reverentia

2008 1290 2133 1345 erga
2180 1273 2347 1328 Deum
2377 1272 2701 1343 posthabita,
2735 1273 2980 1326 militiam
3025 1270 3172 1334 coeli,
3201 1271 3367 1324 solem
3393 1269 3514 1324 dico
3535 1277 3590 1323 et

2009 1367 2187 1420 lunam
2207 1366 2517 1433 adorarent,
2545 1375 2599 1419 et
2618 1374 2831 1432 sumpta
2858 1379 2926 1418 ex
2954 1374 3098 1418 terra
3126 1363 3377 1425 materia,
3406 1362 3584 1429 lignis,

2009 1456 2250 1526 inquam,
2275 1468 2331 1512 et
2364 1457 2657 1526 lapidibus,
2695 1457 2837 1512 idola
2865 1456 2965 1511 sibi
2996 1458 3225 1525 quisque
3257 1469 3353 1521 pro
3379 1454 3585 1508 abitra-

2011 1564 2063 1605 tu
2097 1552 2339 1607 facerent
2359 1571 2372 1606 :
2392 1552 2789 1621 appositissimc
2817 1566 3003 1605 eorum
3036 1552 3085 1604 in
3117 1550 3235 1604 istis
3259 1549 3585 1617 impietatem

2009 1645 2310 1709 subinnuit,
2340 1657 2397 1699 et
2448 1645 2592 1699 velut
2645 1645 2698 1699 in
2752 1654 3127 1714 argumentum
3175 1652 3229 1695 et
3252 1642 3586 1695 demonstra-

2010 1739 2212 1793 tionem
2264 1737 2461 1793 caelum
2522 1753 2587 1793 ac
2650 1748 2848 1791 terram
2916 1736 3164 1808 producit
3216 1736 3269 1789 in
3327 1734 3585 1797 medium,

2011 1830 2288 1901 inquiens:
2323 1849 2341 1882 ι
2376 1830 2537 1895 Audi,
2563 1829 2779 1893 coelum,
2805 1838 2860 1885 et
2903 1829 3171 1892 ausculta,
3230 1837 3395 1889 terra,
3459 1826 3585 1896 quia

2013 1921 2270 1976 Dominus
2309 1921 2521 1976 locutus
2578 1931 2713 1977 est.»
2752 1921 2870 1976 iam
2934 1920 3115 1975 etalio
3144 1920 3303 1975 modo
3356 1920 3587 1973 dicimus

2009 2025 2128 2065 esse
2165 2010 2441 2067 multosin
2501 2012 2641 2066 coelo
2685 2020 2889 2081 patres,
2939 2011 3211 2079 spiritales
3283 2009 3582 2064 videlicet:

2010 2102 2360 2157 multositem
2394 2104 2446 2156 in
2476 2112 2621 2157 terra
2650 2113 2757 2158 tam
2808 2103 3076 2167 carnales,
3135 2118 3296 2173 quam
3357 2102 3578 2171 spiritu-

2009 2193 2143 2248 ales.
2207 2191 2471 2248 Omnibus
2540 2203 2722 2249 autem
2804 2193 2888 2247 his
2962 2201 3072 2246 tum
3169 2192 3401 2259 superis,
3473 2200 3584 2244 tum

2010 2285 2360 2341 inferioribus
2398 2286 2631 2340 honores
2664 2285 2996 2339 exhibentur
3025 2300 3054 2337 a
3110 2282 3319 2345 liberis,
3351 2292 3588 2350 potesta-

2011 2378 2047 2430 ti
2084 2378 2320 2447 ipsorum
2355 2377 2619 2432 subditis:
2664 2386 2719 2432 et
2758 2376 3031 2445 impendio
3087 2376 3342 2446 gaudent,
3379 2374 3587 2429 honore

2010 2467 2186 2523 ali‘ecti
2219 2486 2232 2522 :
2264 2483 2364 2523 nec
2406 2478 2489 2521 est
2522 2484 2712 2525 eorum
2759 2467 3044 2536 quisquam
3093 2465 3183 2534 qui
3231 2480 3335 2519 non
3367 2465 3587 2519 omnino

2010 2557 2352 2615 intolerabile
2390 2560 2569 2623 ducat,
2604 2558 2829 2627 ingratis
2859 2556 3032 2611 modis
3091 2556 3312 2610 tractari
3372 2570 3402 2608 a
3442 2554 3581 2608 libe-

2010 2654 2104 2707 ris.
2138 2649 2251 2707 Hoc
2270 2651 2381 2721 jam
2411 2665 2602 2720 passus
2629 2658 2683 2703 et
2723 2650 2962 2705 sentiens
2994 2647 3363 2702 universitatis
3419 2646 3580 2711 Deus,

2010 2754 2193 2811 patres
2214 2752 2322 2796 tam
2363 2742 2416 2795 in
2463 2742 2623 2805 crelo,
2705 2756 2867 2810 quam
2896 2739 2948 2794 in
3008 2748 3155 2793 terra
3228 2747 3585 2802 contestatur,

2010 2837 2230 2890 dicens:
2262 2836 2427 2899 Audi,
2467 2834 2674 2900 ca'lum,
2706 2844 2753 2887 et
2783 2832 3046 2896 ausculta,
3072 2842 3230 2894 terra,
3259 2831 3381 2899 quia
3410 2830 3589 2883 Domi-

2011 2946 2107 2981 nua
2137 2927 2340 2979 locum;
2382 2936 2454 2979 est
2482 2940 2501 2979 :
2540 2924 2710 2979 Filios
2748 2941 2901 2995 genui
2936 2933 2983 2978 et
3032 2924 3202 2987 avexi,
3254 2924 3354 2992 ipsi
3414 2934 3587 2976 autent

2009 3029 2307 3085 spreverunt
2369 3033 2470 3071 me.
2514 3017 2782 3086 Receptus
2811 3016 2954 3069 enim
2988 3030 3081 3084 per
3120 3014 3348 3083 gratiam
3400 3012 3587 3079 Israel,

2010 3124 2064 3167 et
2095 3114 2464 3169 misericordia
2510 3110 2744 3165 ﬁliorum
2805 3108 3076 3177 dignatus,
3139 3120 3170 3159 a
3215 3108 3323 3161 Deo
3375 3106 3589 3174 genitus

327 3214 389 3249 τε
411 3199 469 3249 ἐν
500 3197 717 3269 οὐρανῷ
751 3201 843 3252 καὶ
873 3201 964 3252 ἐπὶ
995 3202 1094 3270 τῆς
1131 3202 1232 3272 γῆς
1263 3204 1505 3275 πατέρας
1531 3205 1903 3277 διαμαρτύρε-

2014 3223 2134 3263 esse
2162 3207 2360 3261 dicitur
2390 3224 2404 3261 :
2434 3207 2560 3258 dum
2607 3216 2733 3257 vera
2765 3216 2829 3255 ac
2893 3198 3191 3268 spiritualis
3246 3197 3585 3267 regeneratio

330 3307 421 3343 ται
467 3289 670 3358 λέγων·
707 3293 944 3355 Ἀκουε,
969 3294 1322 3360 οὐρανὲ,καὶ
1356 3296 1651 3360 ἐνωτίζου,
1687 3298 1786 3367 γῆ,
1817 3299 1905 3353 ὅτι

331 3384 550 3450 Κύριος
594 3383 904 3451 ἐλάλησεν
928 3401 941 3414 ·
981 3385 1155 3450 Υὶοὺς
1192 3387 1493 3456 ἐγέννησα
1527 3390 1625 3443 καὶ
1668 3391 1908 3459 ὕψωσα,

332 3475 505 3527 αὐτοὶ
547 3474 616 3527 δέ
656 3492 729 3544 με
754 3476 1078 3543 ἠθέτησαν.
1124 3479 1430 3549 Είσδεχθεὶς
1471 3480 1580 3553 γὰρ
1623 3483 1652 3535 6
1698 3482 1912 3554 Ἰσραὴλ

331 3567 422 3618 διὰ
469 3566 572 3635 τῆς
619 3568 863 3638 χάριτος,
915 3570 1008 3623 καὶ
1047 3570 1147 3639 τῆς
1187 3574 1300 3634 τοῖς
1338 3573 1549 3636 τέκνοις
1594 3576 1914 3646 πρεπούσης

335 3657 640 3727 ἠξιωμένος
672 3659 911 3727 φειδοῦς,
941 3662 1303 3733 γεγεννῆσθαι
1323 3663 1539 3731 λέγεται
1567 3666 1719 3736 παρὰ
1750 3666 1907 3731 Θεοῦ,

340 3747 441 3816 τῆς
492 3746 728 3817 ἀληθοῦς
771 3750 864 3801 καὶ
920 3753 1297 3822 πνευματικῆς
1357 3755 1769 3824 άναγεννήσεως
1825 3758 1913 3824 ἐφ’

337 3842 468 3909 ἡμῖν
502 3841 1015 3913 ἑκπεπερασμένης.
1048 3845 1146 3899 Διὰ
1177 3846 1410 3909 πίστεως
1444 3848 1499 3899 δὲ
1525 3848 1682 3917 δῆλον
1709 3851 1791 3902 ὅτι
1815 3851 1913 3919 τῆς

334 3934 393 3983 ὲν
431 3933 691 4003 Χριστῷ·
718 3936 1093 4007 γεγεννήμεθα
1131 3938 1240 4010 γάρ
1287 3939 1345 4004 ἐξ
1382 3940 1575 4004 ὕδατος
1619 3945 1711 3994 καὶ
1756 3941 1918 3995 πνεύε-

343 4041 530 4092 ματος,
580 4027 674 4079 καὶ
716 4025 922 4081 δέδοται
966 4029 1065 4099 μὲν
1108 4033 1220 4093 τοῖς
1272 4032 1647 4102 ἀρχαιοτέροις
1696 4033 1919 4103 πνεῦμα

340 4115 606 4179 δουλείας,
638 4118 686 4170 εἰ
715 4120 807 4171 καὶ
839 4121 1179 4190 πρωτότοκος
1212 4118 1280 4194 ἦν
1302 4125 1398 4177 καὶ
1422 4124 1737 4195 ὠνόμασται
1767 4124 1912 4187 λαός.

352 4208 515 4278 Ἡμῖν
538 4208 619 4268 δὲ,
651 4208 752 4277 τῆς
786 4211 1059 4274 υἱοθεσίας
1092 4213 1265 4283 ὖνομά
1307 4232 1367 4267 τε
1415 4216 1508 4268 καὶ
1549 4215 1787 4286 πνεῦμα,
1828 4231 1919 4268 κε-

342 4300 594 4370 χάρισται
620 4303 647 4353 ὁ
671 4302 986 4364 Θεὸς.‹’οτι
1004 4304 1117 4375 γάρ
1139 4306 1281 4367 ἐστε,
1308 4325 1326 4355 ι
1357 4308 1568 4377 φησ“ιν,ι
1605 4306 1917 4371 υἱοὶ,ὲξαπ-

342 4390 628 4444 έστειλενὸ
653 4390 789 4455 Θεὸς
831 4394 891 4446 τὸ
926 4395 1143 4465 πνεῦμα
1182 4395 1277 4448 τοῦ
1315 4396 1447 4449 Υἱοῦ
1477 4397 1665 4461 αὑτοῦ,
1702 4399 1783 4460 εἰς
1819 4397 1919 4459 τὰς

343 4483 568 4555 καρδίας
598 4485 774 4554 ὑμῶν,
807 4486 1010 4553 κράζον
1045 4487 1214 4541 Ἀὁόὰ
1242 4492 1271 4542 6
1303 4490 1509 4560 πατήρ.
1548 4507 1566 4539 ι
1601 4490 1916 4559 Γεγέννηκα

2013 3301 2065 3354 in
2107 3300 2267 3353 nobis
2292 3312 2387 3368 per
2445 3296 2625 3358 ﬁdem,
2663 3307 2853 3361 nempe
2879 3292 2931 3345 in
2992 3291 3210 3345 Christo
3245 3303 3589 3343 consumma-

2013 3404 2119 3447 tur.
2174 3392 2352 3447 Geniti
2383 3390 2526 3445 enim
2555 3402 2741 3443 smnus
2780 3401 2847 3439 ex
2879 3400 3018 3454 aqua
3060 3391 3117 3437 et
3157 3382 3373 3452 spiritu.
3416 3380 3588 3450 Majo-

2014 3486 2163 3539 ribus
2194 3484 2408 3552 quidem
2453 3483 2614 3534 datus
2644 3487 2727 3533 est
2774 3478 2996 3547 spiritus
3049 3474 3350 3537 servitutis,
3409 3488 3589 3543 quan-

2014 3576 2211 3629 tumvis
2238 3573 2397 3627 l'ucrit
2425 3572 2835 3640 primogenitus.
2866 3577 2918 3623 el
2943 3567 3121 3623 dictus
3147 3565 3308 3618 etiam
3338 3563 3587 3632 populus:

2014 3667 2167 3721 nobis
2202 3676 2379 3720 autem
2422 3664 2561 3717 Deus
2614 3661 2863 3731 spiritum
2925 3657 3232 3726 adoptionis
3288 3663 3343 3709 et
3397 3669 3589 3708 nomen

2017 3758 2221 3811 tribuit.
2245 3773 2265 3807 ι
2301 3755 2562 3823 Quoniam
2599 3753 2765 3815 enim,
2790 3770 2811 3804 ι
2842 3750 3016 3820 inquit
3043 3766 3067 3800 ι
3092 3748 3184 3803 lilii
3221 3748 3378 3811 estis,
3413 3747 3593 3801 emisit

2018 3850 2157 3905 Deus
2190 3851 2435 3919 Spiritum
2462 3846 2579 3901 Filii
2623 3846 2705 3899 sui
2758 3846 2809 3898 in
2873 3843 3035 3898 corda
3090 3852 3289 3903 vestra,
3356 3839 3595 3894 claman-

2018 3952 2122 3997 tem
2185 3940 2358 4000 Abha.
2396 3948 2549 4009 pater
2591 3942 2634 3993 ⁵.
2671 3957 2689 3988 ι
2752 3936 2956 3993 Idcirco
2987 3934 3158 3990 dicit:
3223 3932 3399 3988 Genui
3430 3930 3591 3991 lllios,

2018 4044 2117 4081 nec
2143 4027 2195 4082 id
2253 4027 2430 4093 modo,
2495 4026 2588 4080 sed
2642 4025 2831 4090 Evexi,
2862 4025 2912 4077 id
2977 4032 3081 4087 est,
3133 4021 3408 4075 cnutrivi:
3468 4034 3591 4072 nam

2018 4120 2123 4175 hoc
2173 4120 2400 4173 aliorum
2434 4119 2785 4188 interpretum
2810 4115 3080 4185 expositio
3132 4114 3314 4168 habet.
3374 4111 3595 4166 Libera-

2021 4221 2104 4265 tus
2173 4211 2372 4280 quippe
2440 4209 2625 4274 Israel,
2700 4224 2808 4264 non
2888 4209 3133 4261 desertus
3187 4221 3250 4260 ac
3305 4205 3596 4260 destitutus

2019 4302 2218 4357 auxilio
2262 4303 2515 4372 deinceps
2555 4302 2673 4369 fuit,
2728 4318 2833 4355 non
2877 4300 3078 4354 amoris
3132 4298 3300 4352 divini
3348 4311 3590 4364 expers:

2022 4405 2203 4465 utpote
2258 4395 2349 4464 qui
2401 4404 2656 4464 tanquam
2713 4394 2855 4448 illius
2908 4408 2938 4447 a
2981 4403 3139 4462 patre
3195 4405 3320 4444 vere
3364 4389 3593 4441 ﬁliorum

2023 4494 2237 4541 amante
2266 4496 2322 4541 et
2377 4486 2850 4557 indulgentissimo
2919 4484 3280 4545 nutriebatur,
3337 4500 3356 4534 ι
3390 4478 3593 4533 Panem

342 4576 469 4645 γὰρ,
498 4576 687 4647 φησὶν,
724 4579 893 4640 υἱοὺς,
918 4580 1011 4631 καὶ
1039 4580 1098 4632 οὐ
1129 4580 1216 4633 διὰ
1252 4581 1409 4635 τοῦτο
1440 4584 1620 4652 μόνον,
1643 4581 1783 4635 ἀλλὰ
1810 4581 1910 4652 γάρ

2024 4593 2262 4649 namque
2288 4578 2410 4634 caeli
2435 4578 2671 4645 ifinquit,
2698 4596 2716 4628 ι
2748 4576 2894 4631 dedit
2924 4576 3055 4642 illis,
3077 4571 3594 4644 panemangelornm

345 4666 437 4718 καὶ
462 4665 681 4735 ὖψωσα,
712 4667 859 4720 τοῦτ’
890 4666 1059 4733 ἔστιν,
1092 4669 1387 4739 ἀνέθρεψα.
1414 4668 1588 4723 Τοῦτο
1611 4671 1720 4741 γὰρ
1750 4674 1783 4743 ἡ
1811 4672 1920 4725 τῶν

345 4757 549 4827 ἑτέρων
584 4758 837 4829 μηνυτῶν
863 4759 1103 4822 ἐπίδοσις
1133 4760 1267 4830 ἔχει.
1291 4762 1714 4833 Λελυτρωμένος
1757 4764 1868 4835 γὰρ
1892 4766 1921 4819 6

358 4849 604 4919 Ἰσραὴλ,
660 4850 760 4902 οὐκ
802 4850 1233 4922 ἀνεπικούρητος
1282 4848 1348 4922 ἦν
1390 4854 1528 4923 μετὰ
1576 4854 1772 4920 τοῦτο,
1825 4857 1923 4910 καὶ

345 4942 565 5011 ἀγάπης
600 4941 804 5012 ἕρημος
844 4943 945 5012 τῆς
975 4944 1126 5013 παρὰ
1168 4943 1324 4998 Θεοῦ.
1372 4947 1415 4997 Τ
1418 4946 1658 5017 έθραπτο
1688 4947 1797 5020 γὰρ
1827 4966 1924 5001 κα.-

348 5032 527 5107 θάπερ
558 5051 644 5097 τις
670 5034 785 5098 υἱὸς
822 5038 885 5088 ἐκ
913 5034 1225 5103 φιλόπαιδος
1256 5036 1474 5107 άληθῶς
1525 5040 1618 5091 καὶ
1648 5041 1924 5112 φιλοστορο

347 5128 593 5197 γωτάτου
658 5129 883 5201 πατρός.
933 5146 953 5179 ι
1004 5128 1203 5198 Ἀρτον
1247 5128 1357 5199 γὰρ
1387 5129 1637 5200 ούρανοῦ,
1678 5150 1697 5180 ι
1724 5132 1911 5201 φησὶν,

354 5221 590 5273 ιὲδωκεν
628 5222 834 5284 αὐτοῖς,
864 5221 1028 5291 ἄρτον
1057 5220 1300 5289 ἀγγέλων
1333 5221 1534 5290 ἔφαγεν
1565 5222 1866 5294 ἄνθρωπος.
1900 5244 1919 5276 ι

360 5312 653 5383 Ἐτρέφετο
692 5313 747 5365 δὲ
799 5314 1002 5383 ἑτέρως
1052 5314 1149 5366 καὶ
1179 5315 1259 5377 είς
1286 5314 1499 5380 εὐεξίαν
1546 5319 1924 5387 πνευματικὴν

347 5402 437 5456 διὰ
465 5404 570 5473 τῆς
605 5404 847 5475 ἐννόμως
881 5406 1074 5474 σοφίας
1104 5406 1197 5459 καὶ
1241 5406 1595 5477 προφητικῶν
1620 5410 1919 5480 παιδευμά-

348 5514 477 5562 των,
538 5498 984 5569 ἀποκομιζὼτων
1036 5501 1267 5564 ἀστείως
1320 5503 1398 5564 εἰς
1447 5502 1743 5570 ἐπίγνωσιν
1788 5503 1921 5573 ἀλη-

350 5586 522 5653 θείας,
568 5588 715 5641 τοῦτ’
746 5588 860 5641 ἔστι
900 5590 1155 5659 Χριστοῦ.
1191 5590 1394 5660 Γράφει
1439 5591 1568 5659 γοῦν
1616 5595 1644 5646 ὁ
1688 5592 1918 5657 Παῦλος,

351 5678 491 5732 ὥστε
518 5681 546 5731 6
573 5679 739 5749 νόμος
768 5680 1113 5749 παιδαγωγὸς
1139 5682 1294 5752 ἡμῶν
1318 5683 1543 5750 γέγονεν
1566 5685 1646 5748 είς
1665 5687 1915 5756 Χριστόν.

425 5836 447 5868 ⁵
486 5835 641 5893 Boni.
680 5853 793 5905 vm,
832 5839 917 5894 15.
994 5840 1030 5870 δ’
1068 5838 1208 5897 l‘sal.
1242 5856 1407 5911 Lxxv,
1431 5841 1521 5912 24,
1552 5843 1639 5899 25.

2023 4675 2257 4730 comedit
2284 4674 2445 4729 homo
2468 4670 2533 4722 ν.
2560 4686 2587 4720 ›
2607 4666 2747 4734 Quin
2773 4672 2828 4720 et
2879 4665 2986 4720 alio
3017 4666 3173 4720 modo
3194 4664 3460 4719 enutritus
3489 4670 3592 4723 est,

2020 4766 2357 4837 vegetatione
2402 4778 2466 4819 ac
2510 4762 2708 4817 robore
2765 4758 3053 4829 spirituali,
3110 4772 3203 4827 per
3263 4754 3584 4823 sapientiam
3644 4800 3645 4803 η

2023 4860 2157 4929 legis
2199 4867 2254 4912 et
2302 4864 2566 4925 praecepta
2634 4851 2987 4918 institutaque
3026 4849 3434 4917 prophetarum,
3472 4860 3594 4913 quae

2027 4952 2091 5005 ad
2122 4950 2176 5023 Ε,
2196 4950 2520 5019 agnitionem
2551 4944 2816 5006 veritatis,
2845 4942 3099 4995 nimirum
3127 4939 3353 5003 Christi,
3381 4938 3595 5007 placide

2022 5059 2086 5098 ac
2120 5042 2352 5097 molliter
2388 5038 2712 5107 provehunt.
2772 5032 2979 5088 Scribit
3038 5029 3302 5099 siquidem
3361 5028 3591 5082 Paulus:

2026 5134 2241 5200 «Itaque
2310 5131 2392 5183 lex
2445 5128 2772 5198 paedagogus
2832 5134 3021 5178 noster
3089 5121 3266 5175 factus
3331 5121 3383 5173 in
3438 5117 3598 5172 Chri-

2022 5235 2162 5278 stmn
2192 5224 2235 5276 ⁸.
2278 5241 2299 5274 ι
2356 5222 2425 5274 At
2474 5220 2618 5275 enim
2661 5234 2783 5273 eum
2839 5221 2932 5286 qui
2986 5223 3248 5287 genuerat
3271 5210 3589 5282 repudiavit.

2022 5315 2090 5370 Et
2138 5316 2260 5384 quis
2314 5312 2529 5367 laudent
2588 5310 2749 5381 lmlns
2788 5306 2997 5378 repudii
3063 5301 3298 5358 modus?
3358 5301 3607 5353 Aversns

2026 5416 2110 5461 est
2158 5406 2303 5460 enim
2349 5412 2408 5457 ut
2467 5403 2627 5455 etiam
2671 5399 2902 5455 coluerit
2957 5412 3052 5452 eos
3106 5397 3195 5466 qui
3268 5406 3457 5450 natura
3523 5392 3607 5450 dii,

2028 5513 2138 5552 non
2212 5506 2388 5557 sunt,
2474 5491 2847 5560 laboravitque
2928 5488 3116 5542 morbo
3189 5486 3293 5542 alio
3392 5502 3599 5555 magna:

2026 5589 2304 5658 cujusdam
2347 5585 2736 5650 eli‘renationis,
2793 5597 2859 5637 ac
2886 5583 3031 5651 quod
3085 5580 3169 5636 his
3224 5579 3382 5650 longe
3410 5580 3609 5633 absur~

2029 5684 2147 5737 dius
2204 5689 2310 5747 est,
2340 5695 2406 5735 ne
2432 5680 2711 5737 brutorum
2771 5676 2987 5745 quidem
3033 5672 3394 5729 animantium.
3437 5674 3598 5727 bene-

1719 5844 1745 5877 "
1769 5844 1939 5900 Galal.
1980 5859 2059 5909 ιιι,
2092 5842 2182 5897 2i»
