4094 6366
490 330 562 387 ιθ
1559 343 1618 398 S.
1659 340 1932 404 CYBILLI
1970 339 2446 406 ΑιΕΧΛΝοιιιΜ
2481 341 2805 402 ARCHIEP.

486 447 778 508 volentiam
838 464 1002 522 quam
1081 452 1172 509 illa
1225 468 1356 526 erga
1421 454 1672 513 dominos
1719 459 1940 525 habent,
1987 467 2065 514 est

2186 458 2326 512 Ἀλλ’
2353 459 2589 531 nemo:
2618 461 2710 517 τὸν
2734 462 3091 533 γεννήσαντα.
3137 459 3247 524 Καὶ
3279 463 3365 529 τίς
3399 463 3431 516 ὁ
3469 463 3572 536 τῆς
3613 466 3742 522 ἀθε-

486 539 744 596 imitatus.
804 540 942 598 Hinc
1001 561 1105 600 nun
1184 547 1302 603 sine
1357 563 1522 605 causa
1585 551 1697 607 ait:
1733 569 1754 604 ι
1802 550 2067 622 Cognovit

486 627 586 683 bos
643 644 1012 698 possessorem
1051 649 1232 700 suum,
1281 645 1339 690 et
1382 639 1565 693 asinus
1601 654 1840 710 praesepe
1893 639 2066 695 domi-

488 718 543 774 ni
593 722 698 787 sui;
727 720 892 784 lsrael
912 735 1092 780 autem
1142 742 1228 782 me
1259 744 1364 784 non
1388 733 1658 803 cognovit,
1709 741 1765 790 et
1838 732 2068 802 p0pulus

487 825 576 884 me
616 827 722 868 non
776 815 1060 874 intellexit.
1100 817 1307 881 stNam
1355 821 1400 876 si
1450 833 1596 878 emat
1653 824 1775 892 quis
1850 824 2063 888 bovem,

489 899 638 955 illum
682 901 867 973 utique
895 905 1114 962 habebit
1150 910 1216 964 ad
1257 911 1331 965 rei
1369 913 1588 971 rustica:
1645 931 1870 970 munera
1954 919 2065 972 uti-

488 993 920 1060 lissimum,sive
977 1007 1174 1056 terram
1229 1016 1388 1057 arare
1453 1004 1600 1072 velit,
1655 1008 1768 1062 sive
1814 1010 1867 1063 in
1929 1027 2056 1067 area

487 1086 766 1151 triturare,
820 1097 874 1142 et
930 1088 1184 1150 frumenti
1241 1095 1450 1168 paleam
1505 1108 1782 1156 excutere.
1819 1101 1878 1156 Si
1935 1118 2066 1158 vero

487 1180 614 1248 quis
679 1182 892 1239 asinum
967 1195 1200 1251 coemat,
1293 1198 1500 1250 natura:
1551 1194 1717 1254 etiam
1782 1204 1930 1252 motu
2011 1207 2068 1252 et

487 1271 723 1340 impulsu
759 1284 987 1334 vocatur
1019 1279 1084 1331 ad
1143 1280 1464 1351 obsequium
1540 1293 1596 1342 et
1668 1301 1766 1356 pro
1821 1289 1905 1348 his
1943 1304 2064 1358 qua:

482 1361 668 1436 iacent
741 1365 796 1421 in
844 1369 1176 1440 praesepibus
1216 1373 1605 1442 subiectionem
1659 1379 1814 1447 quasi
1867 1396 2064 1449 repen-

488 1457 568 1510 dit
628 1466 684 1513 et
707 1457 1094 1519 obedientiam.
1157 1463 1307 1522 Onus
1383 1469 1527 1530 enim
1611 1469 1814 1537 hajulat
1854 1473 2063 1540 volens,

487 1557 543 1604 et
587 1549 774 1610 herilis
815 1551 1012 1610 laboris
1047 1555 1107 1609 ﬁt
1130 1559 1310 1614 socius
1339 1574 1404 1616 ac
1462 1562 1751 1640 particeps.
1813 1565 1882 1626 At
1951 1565 2067 1622 haec

487 1642 705 1713 quidem
738 1643 812 1698 ita
853 1660 912 1700 se
938 1647 1132 1710 habent
1182 1649 1241 1706 in
1268 1652 1383 1715 bis.
1423 1651 1590 1710 Israel
1612 1666 1790 1714 autem
1825 1660 2064 1728 sapiens,

489 1735 543 1793 in
589 1735 722 1806 legis
784 1739 1088 1810 pmdagogia
1137 1745 1404 1810 initiatus,
1459 1761 1569 1816 quo
1616 1748 1673 1802 id
1729 1750 1884 1820 quod.
1935 1767 1966 1806 e
2007 1767 2066 1807 re

2167 553 2379 623 τήσεως
2415 551 2617 623 τρόπος
2648 553 2736 624 εἴη
2768 551 2869 618 civ;
2916 552 3188 624 ἐτράπετο
3213 553 3320 625 γὰρ
3351 554 3430 619 είς
3461 571 3526 624 γε
3555 557 3617 610 τὸ
3649 556 3745 610 θέ-

2168 643 2279 696 λειν
2302 644 2412 706 τοῖς
2448 642 2711 714 μὴ-φύσει
2739 643 3024 717 λατρεύειν
3066 644 3229 712 Θεοῖς,
3272 645 3531 717 νενόσηκε
3564 645 3622 700 δὲ
3649 647 3747 708 καὶ

2169 735 2391 807 ἑτέρως,
2429 733 2564 788 πολὺ
2592 733 2654 786 τὸ
2687 733 2917 804 ὲξήνιον,
2950 734 3044 788 καὶ
3073 735 3133 788 τὸ
3155 733 3236 788 ἔτι
3263 734 3469 794 τούτων
3499 737 3580 800 είς
3619 736 3746 790 ἀτο-

2169 829 2300 881 πίαν
2337 828 2616 890 ἐπέκεινα,
2655 827 2779 881 οὔτε
2823 828 2994 900 αὐτὴν
3028 828 3336 899 μεμίμηται
3380 828 3487 882 τῶν
3533 828 3746 897 ἀλόγων

2169 918 2324 984 ζώων
2351 919 2450 997 τὴν
2492 917 2728 983 εὔνοιαν,
2775 918 2843 990 ῆν
2889 919 2956 973 ἂν
2995 919 3168 989 ἔχοιεν
3202 921 3384 974 ἐκεῖνα
3433 921 3572 992 πρὸς
3614 921 3746 985 τοὺς

2166 1011 2450 1074 δεσπότας.
2485 1009 2673 1084 Ταύτῃ
2691 1027 2774 1063 τοι
2805 1009 2997 1080 φησίν·
3033 1028 3052 1062 t
3089 1011 3270 1079 Ἔγνω
3316 1010 3443 1080 βοῦς
3484 1010 3574 1064 τὸν
3604 1027 3741 1080 κτη-

2174 1103 2430 1172 σάμενον,
2477 1102 2573 1154 καὶ
2628 1101 2748 1164 δνος
2787 1102 2886 1172 τὴν
2935 1101 3142 1172 φάτνην
3183 1102 3274 1155 τοῦ
3314 1103 3503 1174 κυρίου
3551 1103 3741 1168 αὐτοῦ,

2181 1193 2395 1264 Ἰσραὴλ
2424 1193 2480 1246 δέ
2511 1210 2578 1264 με
2605 1191 2706 1246 οὐκ
2727 1192 2888 1262 ἔγνω,
2919 1192 3015 1245 καὶ
3039 1194 3068 1246 ὁ
3093 1192 3220 1257 λαός
3248 1211 3316 1264 με
3341 1195 3401 1247 οὐ
3433 1198 3683 1266 συνῆκεν.
3715 1215 3735 1248 ι

2170 1285 2492 1356 ΙΙἌνθρωπος
2522 1285 2620 1355 μὲν
2641 1283 2749 1354 γὰρ
2776 1285 2825 1335 εί
2860 1283 3146 1354 ὲκπρίαιτο
3174 1283 3322 1354 βοῦν,
3369 1284 3480 1350 ἕξει
3507 1287 3571 1357 δὴ
3599 1287 3738 1341 πάνφ

2166 1396 2275 1443 τως
2306 1378 2467 1432 αὐτὸν
2504 1379 2585 1441 εἰς
2630 1376 2700 1430 τὰ
2750 1376 2848 1446 τῆς
2882 1377 3187 1445 γεωπονίας
3230 1377 3366 1448 ἔργα
3398 1378 3743 1450 χρησιμώτας

2166 1488 2279 1532 τον,
2311 1469 2469 1523 τοῦτο
2519 1469 2618 1539 μὲν
2661 1467 2851 1540 ἀροῦν,
2904 1471 2951 1522 εἰ
2979 1468 3171 1532 ἕλοιτο,
3205 1469 3304 1538 τὴν
3329 1469 3454 1540 γῆν,
3488 1468 3646 1524 τοῦτο
3683 1470 3740 1534 δὲ

2167 1565 2248 1626 είς
2271 1561 2370 1630 τὴν
2409 1560 2521 1614 ἆλω
2563 1558 3013 1626 καταλεπτύνειν,
3045 1561 3138 1614 καὶ
3173 1559 3494 1631 ἀποκρίνειν
3523 1561 3618 1614 τοῦ
3653 1562 3739 1615 σί-

2167 1671 2260 1707 του
2284 1653 2344 1707 τδ
2377 1653 2598 1724 ἄχυρον.
2627 1653 2690 1705 Εἰ
2728 1652 2784 1706 δὲ
2813 1653 2878 1723 δή
2907 1670 2991 1716 τις
3020 1651 3240 1725 πρίαιτο
3295 1653 3390 1705 καὶ
3417 1652 3557 1711 ᾰνον.
3587 1671 3741 1722 φυσι-

2169 1746 2285 1806 κοῖς
2313 1743 2406 1796 καὶ
2432 1742 2593 1805 αὐτὸς
2627 1743 2924 1812 κινήμασιν
2956 1742 3201 1795 καλεῖται
3232 1742 3369 1813 πρὸς
3406 1741 3738 1808 εὐπείθειαν,

488 1834 592 1890 est,
633 1825 931 1897 intelligere
979 1845 1180 1901 posset,
1229 1811 1568 1905 majestatem
1633 1811 1958 1899 Dei-multis
2010 1853 2065 1898 et

2170 1836 2264 1890 καὶ
2293 1830 2404 1888 οἷόν
2444 1853 2566 1888 τινα
2605 1835 2714 1888 τῶν
2746 1836 2803 1886 ὲν
2835 1834 3064 1902 φάτναις
3109 1833 3256 1904 αύτῴ
3291 1833 3556 1904 κειμένων
3587 1835 3738 1888 ἀντί-

491 1915 904 1973 admirabilibus
959 1921 1127 1992 signis
1213 1927 1456 1992 edoctus,
1489 1931 1644 1986 asino
1676 1941 1729 1986 et
1777 1933 1912 1988 bove
1983 1935 2065 1989 in-

2167 1928 2312 1981 δοσιν
2341 1931 2575 1980 ποιεῖται
2614 1927 2715 1999 τὴν
2762 1925 3040 1990 ὑπόταξιν.
3077 1925 3396 1997 Ἀχθοφορεῖ
3436 1925 3544 1997 γὰρ
3574 1925 3740 1990 ἑκὼν,

491 2008 739 2066 feriorem
805 2027 864 2072 se
895 2023 1150 2084 praestat,
1208 2026 1263 2072 et
1332 2033 1361 2071 τι
1431 2019 1604 2078 brutis
1657 2024 2065 2080 mansuetudine

2167 2020 2380 2076 καὶτὸν
2416 2019 2509 2073 τοῦ
2538 2019 2799 2073 δεσπότου
2836 2019 3117 2089 μερίζεται
3154 2019 3335 2072 πόνον.
3377 2018 3536 2071 Ἀλλὰ
3580 2018 3734 2072 ταυτὶ

488 2111 544 2159 et
575 2104 844 2172 probitate
887 2120 1192 2177 superatus,
1244 2111 1530 2172 Dominum
1593 2115 1881 2184 ignoravit.
1923 2116 2067 2174 Bene

489 2209 619 2254 sane
671 2197 799 2254 illud
839 2200 1156 2258 dixitzNon
1222 2205 1392 2272 novit,
1450 2221 1558 2261 non
1625 2210 1906 2264 intellexit.
1959 2210 2062 2264 Ta-

490 2290 644 2344 metsi
676 2293 842 2361 enim,
873 2304 935 2353 ut
979 2296 1112 2362 dixi,
1181 2298 1406 2368 gloriam
1444 2311 1500 2356 et
1560 2303 1896 2372 majestatem
1968 2306 2062 2360 Dei

486 2378 774 2450 didicerat,
846 2395 1026 2442 tamen
1105 2391 1330 2459 quodin
1383 2391 1702 2448 cllrenatam
1760 2399 2051 2465 quamdam

489 2473 894 2538 perversitatem
964 2477 1245 2548 prolapsus
1333 2489 1437 2545 est,
1511 2493 1802 2552 propterea
1875 2488 1923 2540 ei
1969 2489 2063 2555 qui

487 2577 592 2623 non
659 2578 903 2630 noverat,
971 2584 1082 2623 non
1132 2572 1416 2627 dissimilis
1500 2575 1622 2628 fuit.
1685 2574 1836 2641 Quod
1879 2579 1930 2631 ni
1985 2581 2058 2637 ita

486 2665 616 2709 vere
659 2668 823 2721 esset,
855 2659 1168 2728 neutiquam
1213 2662 1439 2718 dixisset
1479 2665 1664 2734 ligno:
1713 2668 1886 2722 «Deus
1915 2686 2064 2727 meus

484 2756 546 2796 es
597 2753 672 2811 tu,
701 2763 726 2801 ι
783 2756 838 2800 et
875 2747 1036 2816 lapidi
1076 2766 1091 2801 :
1125 2767 1143 2799 ι
1181 2748 1261 2803 Tu
1306 2754 1536 2822 genuisti
1603 2770 1708 2809 me.
1748 2774 1766 2806 ι
1837 2755 1989 2814 Unde
2012 2769 2066 2814 et

493 2834 827 2903 (obstupuit,
864 2856 883 2888 »
914 2837 1111 2906 inquit,
1134 2857 1152 2889 ι
1185 2841 1381 2898 οωιυιη
1430 2857 1592 2913 super
1642 2844 1772 2908 hoc,
1806 2855 1861 2900 et
1907 2848 2066 2901 vehe-

486 2936 698 2984 menter
752 2942 912 2997 supra
959 2930 1174 2989 modum
1229 2932 1538 3000 inhorruit,
1594 2936 1726 2989 dicit
1781 2935 2062 3000 Dominus.

484 3019 620 3090 Quia
682 3020 786 3080 duo
889 3023 1027 3097 mala
1092 3025 1327 3092 patravit
1395 3028 1619 3095 populus
1686 3045 1895 3085 meus:
1981 3049 2066 3088 me

485 3114 884 3183 dereliquerunt
965 3114 1167 3170 fontem
1249 3131 1404 3186 aquae
1462 3119 1625 3188 vivae,
1676 3131 1732 3176 et
1807 3121 2134 3213 foderuntc

484 3203 587 3262 sibi
639 3205 901 3260 cisternas
924 3208 1205 3271 contritas,
1252 3224 1373 3278 quae
1411 3225 1516 3264 non
1571 3221 1823 3282 poterunt
1865 3229 2060 3289 aquam

491 3297 775 3359 continere
805 3298 845 3352 ⁸.
884 3317 903 3349 ›
937 3297 1126 3356 Posset
1174 3314 1354 3354 autem
1389 3302 1490 3362 hoc
1514 3303 1731 3360 Christo
1756 3321 2061 3367 accommo‘

485 3390 600 3446 dari
651 3401 710 3444 ut
764 3391 907 3445 dicat
957 3392 1022 3446 de
1053 3391 1199 3445 illis:
1229 3390 1393 3445 lsrael
1425 3408 1552 3446 vero
1607 3411 1693 3450 me
1745 3413 1848 3451 non
1887 3401 2063 3462 novit,

484 3493 540 3541 et
591 3482 823 3553 populus
883 3498 970 3538 me
1013 3499 1115 3537 non
1160 3483 1449 3538 intellexit.
1484 3486 1762 3556 Siquidem
1799 3491 2059 3558 perillum

486 3573 627 3628 facta
656 3583 740 3632 est
775 3573 863 3628 illa
917 3575 1084 3628 etiam
1137 3574 1358 3644 antiqua
1417 3578 1739 3648 redemptio.
1769 3581 1833 3635 Et
1886 3563 2062 3651 posita

483 3675 570 3721 est
626 3661 708 3717 lex
773 3663 838 3718 ad
910 3673 1120 3732 tempus
1207 3680 1380 3735 usque
1449 3670 1826 3734 correctionis,
1905 3672 2063 3726 sicuti

486 3755 749 3826 scriptum
810 3765 916 3810 est.
969 3757 1103 3811 Cum
1133 3767 1310 3813 autem
1349 3761 1538 3813 umbra
1589 3761 1738 3816 nullo
1770 3764 1931 3818 modo
1969 3779 2065 3820 nos

478 3845 780 3916 iustiﬁcam
802 3858 1008 3918 posset,
1071 3850 1246 3912 illuxit
1300 3853 1458 3906 nobis
1509 3852 1561 3905 in
1609 3866 1773 3906 carne
1819 3853 2067 3921 unigeni-

486 3947 600 3992 tum
641 3939 734 3993 Dei
762 3937 1026 4008 Verbum,
1062 3951 1121 3995 ut
1193 3942 1298 3997 {ide
1359 3945 1426 3998 ad
1496 3943 1668 4012 ipsum
1745 3947 2066 4000 accedentes

481 4029 834 4098 justiticaret,
889 4041 992 4086 eta
1034 4043 1208 4089 morte
1232 4043 1396 4102 atque
1455 4045 1680 4104 peccato
1723 4035 2060 4091 liberaret".

486 4116 542 4197 5;
567 4117 946 4182 Verumtamen
989 4135 1110 4175 eum
1148 4136 1252 4176 non
1306 4123 1454 4177 novit
1519 4123 1682 4177 Israel
1722 4126 2065 4193 quantumvis

488 4221 674 4279 aperte
719 4213 1031 4275 dicentem;
1075 4232 1094 4264 ι
1126 4213 1323 4279 Amen,
1353 4229 1509 4269 amen
1569 4215 1693 4270 dico
1753 4215 1928 4281 vobis,
1975 4219 2063 4286 qui

485 4313 790 4357 sermonem
827 4315 1004 4356 meum
1030 4303 1199 4367 audit,
1243 4312 1297 4357 et
1325 4305 1499 4362 credit
1546 4306 1594 4359 ei
1641 4305 1730 4374 qui
1766 4306 1914 4361 misit
1954 4322 2064 4372 me,

486 4389 644 4452 habet
679 4392 844 4446 vitam
893 4401 1173 4460 aeternam,
1226 4403 1282 4449 et
1327 4395 1379 4448 in
1424 4396 1687 4465 judicium
1733 4411 1838 4452 non
1891 4399 2060 4464 venit,

485 4483 578 4535 sed
609 4485 826 4540 transiit
883 4501 949 4540 ex
1019 4497 1191 4541 morte
1233 4487 1299 4542 ad
1327 4489 1498 4542 vitam
1529 4527 1544 4542 .
1579 4489 1631 4541 ⁸»

2171 2112 2268 2184 μὲν
2295 2115 2351 2166 ὲν
2379 2111 2610 2175 τούτοις.
2659 2111 2716 2163 Ὀ
2747 2111 2804 2164 δὲ
2833 2110 2995 2179 σοφὸς
3037 2109 3253 2182 Ἰσραὴλ
3283 2111 3343 2164 ἐν
3366 2109 3514 2180 νόμῳ
3540 2109 3738 2162 παιδα-

2166 2201 2536 2272 γωγούμενος,
2568 2203 2663 2255 ἐπὶ
2707 2200 2765 2254 τὸ
2797 2200 2906 2253 δεῖν
2936 2201 3136 2254 εἰδέναι
3184 2201 3245 2254 τὸ
3286 2199 3531 2265 ὠφελοῦν
3572 2201 3600 2252 ὁ
3640 2200 3740 2269 τὴν

2164 2294 2260 2348 τοῦ
2291 2294 2426 2347 Θεοῦ
2461 2293 2617 2357 δόξαν
2643 2292 2732 2347 διὰ
2761 2292 2973 2346 πολλῶν
2996 2294 3088 2346 καὶ
3118 2291 3466 2360 ἀξιαγὰστων
3498 2290 3742 2360 σημείων

2165 2382 2592 2456 ἐκμεμαθηκὼς,
2647 2383 2772 2436 δνου
2819 2384 2912 2436 καὶ
2950 2381 3070 2452 βοὸς
3100 2381 3332 2435 κατόπιν
3364 2380 3601 2451 ἔρχεται,
3643 2379 3740 2432 xui.

2165 2477 2264 2546 τῆς
2307 2477 2412 2529 τῶν
2447 2476 2655 2543 ἀλόγων
2703 2474 3005 2537 ἐπιεικείας
3033 2473 3345 2544 ἡττώμενος
3378 2471 3616 2542 ἠγνόηκε
3645 2469 3738 2522 τὸν

2166 2567 2452 2637 δεσπότην.
2485 2563 2557 2619 Εῦ
2592 2565 2648 2618 δὲ
2679 2565 2743 2636 δὴ
2775 2565 2977 2634 σφόδρα
3010 2563 3090 2627 τὸ,
3119 2564 3219 2615 οὐκ
3259 2562 3420 2630 ἔγνω,
3452 2560 3639 2630 φησὶν,
3671 2559 3736 2622 οὗ

2168 2658 2419 2726 συνῆκεν.
2448 2654 2641 2709 Καίτοι
2673 2655 2781 2724 γὰρ
2827 2651 3184 2724 μεμαθηκὼς,
3220 2652 3296 2714 ὡς
3329 2651 3486 2721 ἔφην,
3511 2653 3610 2720 τὴν
3640 2648 3738 2702 τοῦ

2165 2747 2300 2800 Θεοῦ
2349 2746 2528 2811 δόξαν,
2567 2747 2662 2799 καὶ
2694 2744 2784 2797 διὰ
2807 2744 2868 2797 τὸ
2894 2742 3194 2798 ἁπονεῦσαι
3223 2742 3343 2794 λίαν
3373 2743 3453 2804 είς
3482 2739 3740 2810 ἀχάλινον

2165 2839 2460 2910 ἐκτροπὴν,
2491 2839 2549 2891 ἐν
2581 2837 2680 2908 ἴσῳ
2719 2837 2941 2906 γέγονεν
2971 2835 3048 2905 τῷ
3083 2833 3393 2903 ἠγνοηκότι.
3428 2833 3489 2885 Εἰ
3521 2833 3627 2901 γὰρ
3661 2831 3736 2902 μὴ

2165 2931 2322 2985 τοῦτό
2365 2932 2514 2985 ἐστιν
2543 2929 2781 2999 ἀληθῶς,
2829 2929 2930 2981 οὐκ
2960 2927 3026 2981 ἂν
3072 2927 3176 2996 ἔφη
3211 2925 3287 2996 τῷ
3321 2924 3478 2992 ξύλῳ,
3534 2942 3553 2974 ι
3605 2922 3737 2986 Θεός

2169 3042 2271 3096 μου
2315 3020 2365 3076 εἷ
2393 3021 2457 3074 σύ
2482 3039 2495 3052 ο
2531 3041 2548 3072 ι
2586 3022 2678 3074 καὶ
2718 3019 2796 3091 τῷ
2840 3018 2973 3089 λίθῳ
3002 3059 3015 3078 ,
3055 3036 3072 3069 ι
3115 3020 3188 3072 Σὺ
3242 3015 3536 3086 ἐγέννησας
3582 3031 3669 3085 με.
3711 3032 3731 3066 ι

2167 3115 2329 3168 Ὅθεν
2364 3133 2381 3165 ι
2412 3112 2623 3182 ἐξέστη,
2654 3130 2672 3162 ι
2705 3112 2892 3183 φησιν,
2927 3129 2946 3162 ι
2986 3111 3013 3162 ὁ
3042 3109 3269 3182 οὐρανὸς
3299 3109 3390 3161 ἐπὶ
3423 3106 3617 3176 τούτῳ,
3639 3105 3737 3158 καὶ

2165 3205 2383 3278 ἔφριξεν
2430 3205 2522 3257 ἐπὶ
2564 3204 2746 3256 πλεῖον
2778 3203 3004 3272 σφόδρα,
3037 3201 3182 3268 λέγει
3225 3200 3448 3270 Κύριος.
3487 3199 3607 3250 Ὀτι
3645 3196 3740 3248 δύο

2165 3298 2260 3351 καὶ
2304 3299 2516 3368 πονηρὰ
2547 3297 2798 3366 ἐποίησεν
2823 3297 2851 3346 ὁ
2877 3294 3007 3356 λαός
3065 3311 3165 3363 μου
3188 3333 3202 3355 ,
3247 3292 3347 3362 ἐμὲ
3383 3288 3738 3358 ἐγκατέλιπον

2166 3389 2350 3461 πηγὴν
2395 3388 2586 3450 ὓδατος
2633 3386 2854 3452 ζῶντος,
2907 3386 3001 3439 καὶ
3035 3384 3248 3456 ὤρυξαν
3292 3384 3473 3444 αὐτοῖς
3504 3382 3739 3443 λάκκους

2169 3479 2690 3552 συντετριμμένους,
2722 3479 2771 3531 οἳ
2799 3478 2858 3530 οὐ
2889 3477 3205 3547 δυνήσονται
3241 3474 3383 3544 ὕδωρ
3412 3472 3677 3542 συνέχειν.
3713 3490 3733 3521 ι

2165 3575 2379 3646 Πρέποι
2421 3573 2463 3626 δ’
2516 3571 2580 3626 ἂν
2615 3571 2708 3630 καὶ
2741 3570 2889 3640 αὐτῷ
2924 3569 3000 3640 τῷ
3029 3567 3247 3640 Χριστῷ
3295 3566 3357 3619 τὸ
3402 3567 3564 3634 φάναι
3610 3562 3740 3634 περὶ

2167 3667 2370 3733 αὐτῶν,
2401 3666 2480 3731 τὸ,
2525 3664 2740 3736 Ἰσραὴλ
2770 3663 2827 3715 δὲ
2873 3663 2970 3714 οὐκ
3003 3661 3164 3731 ἔγνω.
3196 3660 3288 3712 καὶ
3333 3661 3360 3711 ὁ
3400 3658 3527 3720 λαός
3580 3671 3645 3725 με
3675 3655 3735 3706 οὐ

2167 3763 2421 3832 συνῆκεν.
2471 3759 2666 3827 Γέγονε
2705 3758 2803 3828 μὲν
2831 3757 2939 3828 γὰρ
2969 3756 3062 3808 καὶ
3095 3758 3126 3824 ἡ
3163 3755 3331 3807 πάλαι
3373 3751 3641 3820 λύτρωσις
3669 3747 3738 3800 δι’

2166 3849 2348 3904 αὐτοῦ.
2388 3848 2634 3902 Τέθειται
2662 3849 2717 3901 δὲ
2746 3849 2839 3902 καὶ
2867 3851 2894 3901 ὁ
2917 3849 3080 3918 νόμος
3109 3846 3269 3916 μέχρι
3301 3841 3496 3914 καιροῦ
3514 3838 3741 3910 διορθώς

2169 3959 2344 4006 σεως,
2381 3941 2524 3993 καθὰ
2576 3941 2908 4011 γέγραπται.
2955 3936 3172 4007 Ἐπειδὴ
3218 3936 3293 3989 δὲ.
3342 3975 3354 3988 .
3401 3975 3413 3988 .
3450 3932 3740 4000 ἀνέφικτον

2164 4034 2405 4088 δικαιοῦν
2438 4034 2585 4104 ἡμᾶς
2615 4031 2875 4087 δύνασθαι
2910 4031 3006 4098 τὴν
3061 4028 3240 4091 σκιὰν,
3290 4027 3558 4094 ὲπέφανεν
3603 4025 3738 4094 ήμξν

2169 4125 2306 4196 μετὰ
2358 4123 2558 4194 σαρκὸς
2589 4125 2616 4175 ὁ
2649 4120 2942 4193 μονογενὴς
2991 4119 3083 4173 τοῦ
3132 4118 3265 4171 Θεοῦ
3314 4118 3505 4185 Λόγος,
3536 4115 3623 4167 ἵνα
3659 4113 3739 4165 δι-

2167 4215 2378 4288 καιώσῃ
2409 4217 2476 4285 τῇ
2507 4214 2686 4267 πίστει
2735 4213 2859 4275 τοὺς
2892 4211 3218 4283 προσιόντας
3253 4207 3423 4277 αὐτῷ,
3449 4208 3542 4260 καὶ
3569 4204 3739 4258 ἁπαλ-

2167 4306 2301 4378 λάξῃ
2345 4294 2576 4360 θανάτου
2626 4305 2722 4357 καὶ
2757 4303 3050 4374 ἁμαρτίας.
3103 4299 3242 4353 Ἀλλ’
3272 4300 3332 4351 οὐ
3369 4297 3598 4366 συνῆκεν
3637 4296 3736 4348 at)-

2165 4399 2256 4452 τὸν
2279 4397 2559 4479 ὁἸσραὴλ.
2597 4395 2774 4450 καίτοι
2800 4395 3050 4464 λέγοντος
3079 4391 3295 4461 σαφῶς·
3322 4410 3339 4441 ι
3365 4391 3555 4460 Ἀμὴν,
3590 4389 3736 4479 ἀμὴν

2101 4487 2315 4558 Βλέγω
2344 4477 2507 4559 ὑμῖνέ
2548 4489 2575 4540 ὁ
2615 4488 2704 4540 τὸν
2745 4487 2901 4555 λόγον
2950 4503 3049 4556 μου
3097 4484 3311 4537 ἁκούων
3347 4483 3438 4537 καὶ
3467 4477 3739 4533 πιστεύων

484 4575 563 4646 ⁸Έῷ
601 4577 875 4648 πέμψαντί
908 4597 995 4651 με,
1024 4580 1136 4651 ἔχει
1165 4581 1311 4654 ζωὴν
1354 4581 1590 4647 αἰώνιον,
1622 4583 1714 4648 καὶ
1754 4587 1832 4651 εἰς
1887 4586 2068 4667 κρίσιν
2104 4587 2205 4640 οὐκ
2233 4585 2469 4657 ἔρχεται,
2516 4581 2654 4636 ἀλλὰ
2722 4581 3098 4653 μεταϐέϐηκεν
3131 4583 3196 4633 ἐκ
3234 4577 3327 4633 τοῦ
3388 4575 3618 4634 θανάτου
3659 4577 3738 4638 εἰς

486 4671 587 4741 τὴν,
613 4671 777 4744 ζωήν.
811 4693 830 4726 ι

562 4768 719 4820 Vens.
745 4767 799 4821 4.
820 4765 913 4822 Va:
928 4785 1051 4838 gens
1081 4771 1365 4844 peccatrix,
1380 4773 1601 4839 populus
1617 4773 1798 4842 plenus
1817 4773 2062 4844 peccatis,

485 4873 657 4914 semen
681 4875 921 4928 nequam,
952 4860 1053 4928 ﬁlii
1087 4861 1310 4928 scelesti,
1363 4861 1713 4932 dereliquistis
1759 4864 2062 4930 Dominum,

484 4956 533 5005 ct
564 4949 862 5009 concitasti;
897 4950 967 5003 ad
994 4951 1324 5005 iracundiam
1349 4952 1603 5007 Sanctum
1620 4953 1808 5009 Israel.

554 5038 779 5110 Repudii
798 5043 956 5100 modo
984 5046 1182 5114 optime
1190 5045 1302 5114 jam
1325 5046 1589 5115 exposito,
1619 5056 1674 5101 et
1702 5047 2068 5116 magnitudine

483 5130 655 5187 bruta:
680 5144 864 5184 eorum
894 5133 1209 5188 insulsitatis
1252 5134 1634 5199 demonstrata,
1666 5135 1922 5190 transfert
1951 5149 2063 5190 Sta-

485 5221 581 5278 tim
617 5221 912 5281 oratiouem
945 5224 1138 5294 partim
1195 5225 1262 5278 ad
1301 5239 1486 5280 eorum
1513 5227 1744 5280 miserim
1791 5227 2054 5296 praedica-

484 5311 707 5375 tionem,
744 5313 940 5380 partim
971 5315 1036 5366 ad
1090 5315 1500 5370 territationem.
1550 5316 1716 5371 Decet
1752 5317 1918 5379 enim,
1944 5317 2059 5384 opi-

482 5417 611 5468 nor,
641 5402 694 5454 in
723 5403 910 5472 primis
945 5417 1228 5474 personam
1254 5407 1546 5475 prophetae,
1587 5417 1794 5462 tantum
1835 5423 1941 5461 non
1966 5422 2060 5462 eos

484 5493 784 5560 deplorare,
812 5505 868 5548 et
903 5509 971 5550 ex
1005 5495 1269 5551 immenso
1309 5500 1423 5552 zelo
1453 5498 1670 5567 pietatis
1702 5501 1980 5570 insurgere
1996 5513 2060 5552 ac

484 5583 701 5647 dicere:
741 5585 826 5640 Vae
849 5589 997 5656 genti
1028 5589 1306 5659 improbae,
1330 5588 1526 5659 popqu
1550 5590 1695 5646 vitiis
1726 5599 1942 5656 onusto,
1974 5605 2061 5644 se-

555 5741 578 5780 ⁸
601 5739 800 5807 Jerem.
832 5761 890 5816 η,
927 5747 998 5807 12,
1020 5761 1135 5816 seq.
1211 5748 1234 5781 ⁷
1265 5746 1427 5804 Hebr.
1469 5764 1544 5815 Ix,
1586 5749 1669 5804 ιο.
1747 5751 1768 5779 ³
1797 5748 1951 5814 loarr,
1986 5762 2039 5824 v,
2068 5745 2139 5810 9.4.

2235 4769 2375 4822 Οὐαὶ
2403 4770 2577 4832 ἔθνος
2591 4765 2958 4834 ἁμαρτωλὸν,
2977 4764 3127 4831 λαός
3148 4765 3386 4833 πλήρης
3416 4765 3736 4834 ἁμαρτιῶν,

2159 4860 2394 4929 σπέρμα
2421 4857 2708 4926 πονηρὸν,
2741 4858 2855 4910 υἱοὶ
2885 4855 3118 4924 ἄνομον
3168 4857 3615 4925 ἐγκατελείπετε
3631 4857 3738 4910 τὸν

2159 4954 2394 5020 Κύριον,
2419 4951 2516 5004 καὶ
2549 4950 2956 5018 παρωργίσατε
2978 4949 3082 5001 τὸν
3105 4949 3304 5017 ’Ἃγιον
3332 4949 3436 5002 τοῦ
3465 4948 3734 5016 Ἰσραήλ.

2232 5045 2334 5097 Τὸν
2354 5046 2451 5115 τῆς
2483 5043 2790 5113 ἁθετήσεως
2835 5043 3034 5113 τρόπον
3087 5037 3145 5095 εῦ
3189 5040 3332 5111 μάλα
3379 5041 3734 5111 διηγγελκὼς,

2165 5135 2259 5189 καὶ
2297 5137 2394 5206 τῆς
2427 5134 2651 5204 ἐνούσης
2689 5135 2870 5197 αὐτοῖς
2901 5133 3122 5201 ἀλογίας
3176 5133 3506 5203 παραδείξας
3552 5133 3612 5184 τὸ
3645 5133 3741 5201 μὲ-

2162 5229 2340 5298 γεθος,
2380 5227 2662 5298 μεθίστησι
2701 5227 3040 5298 παραχρῆμα
3081 5227 3172 5278 τὸν
3214 5227 3393 5294 λόγον,
3442 5225 3599 5278 τοῦτο
3639 5225 3738 5294 μὲν

2162 5321 2240 5384 εἰς
2295 5318 2621 5389 ταλανισμὺν
2676 5319 2763 5370 ἐπ’
2813 5318 2998 5380 αὐτοῖς
3039 5315 3301 5386 δηλονότι,
3359 5316 3516 5368 τοῦτο
3557 5314 3601 5365 δ’
3667 5309 3738 5367 αῦ

2163 5411 2322 5465 πάλιν
2354 5410 2489 5482 πρὸς
2511 5409 2818 5480 ἐπίπληξιν.
2845 5408 3050 5480 Πρέποι
3085 5407 3128 5459 δ’
3160 5407 3247 5472 ἂν,
3283 5403 3456 5476 οἶμαι,
3501 5404 3578 5475 τῷ
3604 5421 3741 5474 προ-

2166 5499 2378 5570 φητικῷ
2430 5497 2709 5571 προσώπῳ
2762 5497 2994 5568 μάλιστα
3060 5496 3149 5548 τὸν
3211 5493 3492 5566 μονονουχὶ
3547 5509 3738 5546 κατοι-

2167 5589 2368 5659 μώζειν
2414 5589 2628 5652 αὐτοὺς,
2683 5588 2773 5641 καὶ
2802 5589 2866 5641 ὲκ
2895 5585 3096 5657 πολλῆς
3135 5583 3273 5652 ἄγαν
3303 5583 3577 5653 φιλοθείας
3607 5598 3741 5646 κατ-
