4094 6366
309 383 372 438 21
1516 392 1584 450 IN
1625 394 1860 452 lSAIAM
1900 395 1919 451 Ι

2025 439 2029 453 .
2071 398 2110 453 ι.
2149 397 2356 455 οιιΑΤ.
2396 403 2440 456 ι.
3498 393 3568 450 22

303 497 690 608 ρεανίστῖσθαί
717 517 778 554 τε
807 503 900 558 καὶ
929 503 1110 575 λέγειν
1129 521 1141 536 ·
1191 508 1327 562 Οὐαὶ
1359 509 1510 576 ἔθνος
1555 513 1898 586 ἁμαρτωλὸν,

2025 519 2133 574 nini
2192 518 2457 582 maleﬁco,
2515 516 2640 572 liliis
2692 513 2946 586 perditis.
2989 511 3225 570 Omnino
3261 519 3438 566 autem
3476 513 3566 579 qui

303 588 429 651 λαὸς
447 588 685 697 ,πλήρης
705 593 1011 695 ἁμαρτιῶν,
1047 598 1266 670 σπέρμα
1313 602 1573 672 πονηρὸν,
1620 603 1728 656 υἱοὶ
1766 603 1890 658 dvo-

2025 611 2238 664 unnium
2310 610 2624 680 largitorem
2654 609 2915 662 bonorum
2946 604 3113 658 Deum
3163 601 3446 672 repudiare
3476 615 3569 652 vo-

305 679 678 793 p‘Ot.l'ETt51¢t
701 684 832 751 γοῦν
863 687 1082 751 πάντως
1129 691 1242 754 τοῖς
1267 688 1481 744 ἀθετεῖν
1521 709 1587 763 με
1621 692 1887 759 θέλουσιν,

2025 715 2125 772 .mt,
2188 705 2241 760 hi
2305 713 2365 759 ut
2403 703 2549 758 vitiis
2578 701 3033 763 contaminemur,
3094 692 3573 762 nunquameluen-

302 773 397 827 τὸν
415 775 674 868 ἁπάντων
707 779 844 848 ἡμῖν
891 779 1114 846 ἀγαθῶν
1144 781 1360 854 δωτῆρα
1386 783 1540 851 Θεὸν,
1574 784 1635 838 τὸ
1685 786 1890 840 ἀναπό-

2029 800 2095 864 is,
2141 797 2498 868 gravibusque
2528 806 2690 865 atque
2735 790 3155 862 inexpiabilibus
3203 786 3417 857 ﬂagitiis
3443 800 3574 838 one-

302 883 492 974 νιπτον
515 867 662 939 ἔχειν
684 870 786 974 τὴν
836 871 1131 944 ἁμαρτίαν,
1185 876 1282 927 καὶ
1309 876 1666 948 πεφορτῖσθαι
1695 878 1888 942 δεινοῖς

2025 867 2199 953 entur,
2239 902 2463 945 necesse
2491 896 2591 942 est.
2622 885 2814 939 Trahit
2843 883 2986 938 enim
3044 895 3256 949 semper
3310 876 3573 947 quodam-

302 958 568 1026 ἀφύκτοις
591 960 758 1032 ὲγκλή
768 980 953 1032 μασιν.
983 965 1154 1018 Νοσεϊ
1180 967 1288 1039 γάρ
1317 986 1435 1031 πως
1463 969 1551 1023 ἀεὶ
1573 970 1608 1041 ὴ
1629 969 1888 1040 ἀθέτησις

2025 977 2152 1030 modo
2179 976 2295 1030 haec
2323 975 2622 1044 repudiatio
2652 974 2898 1028 morbum
2941 969 3258 1024 defectionis
3284 975 3568 1035 etaposta-

301 1046 402 1117 τὴν
427 1047 750 1114 ἀπόστασιν,
782 1051 881 1122 τῆς
908 1054 988 1116 είς
1011 1055 1120 1106 πᾶν
1150 1055 1332 1109 ὁτιοῦν
1355 1057 1465 1110 τῶν
1487 1061 1550 1111 ἐκ
1576 1060 1758 1113 τόπων
1795 1077 1890 1132 με-

2025 1068 2109 1131 ἰιιι,
2136 1065 2595 1136 ιίειιιίετοιῑοιιοζῙη
2621 1078 2780 1118 onme
2803 1077 2968 1134 genus
2994 1059 3270 1114 foeditatis.
3293 1056 3428 1110 Hinc
3448 1054 3576 1109 illud

301 1138 558 1212 ταϐολήν.
603 1142 789 1215 Ταύτῃ
825 1161 910 1198 τοι
953 1147 1046 1199 καὶ
1078 1147 1358 1218 ἐπήγαγεν
1381 1148 1652 1216 εὐθὺς,ετὸ
1695 1151 1890 1219 ἐγκατ-

2027 1156 2348 1220 ιοιιίηᾱυοξι,
2385 1174 2404 1207 ι
2427 1154 2796 1223 Dereliquistis
2825 1152 3130 1207 Dominum.
3161 1148 3393 1202 iSemen
3413 1158 3574 1215 porro

302 1230 551 1342 ελείπετε
577 1233 670 1287 τὸν
712 1235 940 1306 Κύριον.
985 1238 1213 1309 Σπέρμα
1239 1239 1297 1293 δὲ
1338 1240 1597 1312 ὀνομάζει
1631 1242 1887 1313 πονηρὸν,

2025 1247 2292 1302 maleﬁcum
2319 1246 2472 1311 dicit,
2509 1261 2616 1300 non
2663 1245 2787 1315 quia
2823 1253 3007 1300 essent
3031 1251 3124 1295 aut
3159 1240 3353 1293 fierent
3375 1252 3438 1290 ex
3475 1252 3569 1288 na-

302 1324 406 1393 οὐχ
441 1324 519 1389 ὡς
571 1324 752 1392 ὄντας,
789 1327 822 1399 ἢ
865 1331 1268 1402 πεποιημένους
1309 1332 1450 1387 κατὰ
1496 1336 1659 1402 φύσιν
1711 1334 1889 1388 τοιού-

2025 1355 2110 1392 ora
2138 1339 2295 1403 tales,
2347 1338 2441 1393 sed
2467 1337 2608 1407 quod
2646 1336 2756 1392 nati
2786 1345 2912 1391 sunt
2954 1350 3021 1389 ex
3048 1331 3289 1403 patribus
3319 1326 3578 1396 improbis

303 1433 454 1482 τους,
483 1418 602 1472 ἀλλ’
651 1420 733 1474 ὅτι
788 1422 1073 1490 γεγόνασιν
1105 1425 1171 1477 ἐκ
1202 1425 1452 1497 πονηρῶν
1489 1426 1738 1498 πατέρων
1783 1427 1890 1481 υἱοὶ

2032 1431 2086 1484 lii
2127 1445 2340 1500 quoque
2361 1430 2608 1499 improbi,
2640 1430 2792 1497 juxta
2831 1441 3018 1482 vocem
3059 1423 3305 1479 Joannis.
3336 1421 3386 1474 ls
3421 1420 3573 1472 cnim

305 1511 555 1615 πονηροὶ,
585 1513 729 1615 κατά
759 1529 825 1581 γε
855 1514 955 1586 τὴν
995 1514 1238 1571 Ἰωάννου
1274 1519 1481 1589 φωνήν·
1517 1520 1619 1589 ἔφη
1658 1519 1766 1590 γὰρ
1795 1521 1889 1572 καὶ

2025 1521 2198 1576 ὶοτὶὺίε
2225 1529 2278 1575 et
2311 1520 2598 1575 Pharisazis
2627 1519 2692 1572 ad
2716 1518 3036 1588 baptismum
3065 1512 3390 1585 paenitentiae
3425 1524 3581 1564 acce-

306 1599 492 1663 αὺτοίς
522 1603 637 1664 τοῖς
663 1603 1056 1674 γραμματεῦσι
1099 1606 1196 1660 καὶ
1230 1605 1544 1678 Φαρισαίοις
1575 1605 1891 1677 ἐρχομένοις

2029 1609 2273 1663 entibus:
2303 1608 2641 1677 (Progenies,
2662 1607 2857 1676 inquit,
2880 1603 3275 1675 viperarum’.»
3301 1600 3465 1655 Primi
3489 1599 3576 1652 ni-

307 1691 403 1795 ὲπὶ
430 1692 491 1746 τὸ
521 1694 620 1795 τῇς
651 1695 938 1765 μετανοίας
985 1695 1286 1768 βάπτισμα,
1329 1715 1350 1749 ι
1394 1700 1707 1768 γεννήματα
1747 1697 1890 1768 ἐχιδ-

2025 1702 2188 1756 airum
2219 1702 2292 1756 illi
2321 1702 2386 1755 ab
2417 1700 2572 1754 initio
2598 1709 2799 1769 patres,
2833 1697 2990 1766 plane
3018 1695 3188 1750 sancti
3216 1692 3540 1747 exstiterunt
3564 1724 3576 1758 ε

306 1783 436 1838 νῶν.
477 1801 497 1834 ι
544 1785 726 1852 Ἅγιοι
760 1787 857 1856 μὲν
882 1787 992 1858 γὰρ
1022 1787 1469 1857 ὁμολογουμένως
1513 1789 1562 1841 οἱ
1593 1787 1799 1859 πρῶτοί
1831 1803 1890 1840 τε

2031 1794 2085 1848 ui
2129 1808 2259 1848 vero
2309 1792 2429 1848 illos
2459 1793 2628 1847 secuti
2679 1799 2825 1857 sunt,
2881 1786 3284 1843 sceleratissimi
3333 1783 3570 1838 fuerunt.

306 1875 406 1927 καὶ
432 1875 495 1940 ἐξ
517 1877 693 1948 ἀρχῆς
720 1879 973 1950 πατέρες,
1005 1878 1248 1950 βδελυροὶ
1277 1879 1333 1934 δὲ
1362 1879 1482 1934 λίαν
1523 1881 1573 1933 oi
1614 1881 1728 1950 μετ’
1752 1879 1894 1932 ὲκεί-

2025 1883 2292 1938 nnutritos
2313 1898 2444 1954 ergo
2471 1883 2662 1954 patriis
2685 1881 2946 1945 moribus,
2981 1886 3036 1932 et
3065 1877 3263 1932 avitam
3307 1879 3579 1928 sectantes

305 1984 455 2029 νους.
499 1967 989 2038 Ἐντεθραμμένοις
1046 1968 1111 2039 δὴ
1173 1965 1265 2022 οὖν
1317 1972 1432 2032 τοῖς
1475 1968 1583 2022 τῶν
1642 1969 1894 2038 πατέρων

2026 1975 2352 2044 mpietatem.
2379 1989 2562 2030 semen
2606 1974 2905 2028 maleticum
2951 1985 3058 2025 non
3109 1967 3378 2022 immerito
3406 1963 3580 2018 nomi-

306 2057 480 2121 ξθεσι,
516 2060 612 2111 καὶ⁸
633 2059 965 2129 προγονικὴν
987 2059 1283 2130 ζηλοῦντας
1308 2060 1649 2132 ἀνοσιότητα,
1674 2059 1895 2131 σπέρμα

2025 2069 2171 2125 tavit.
2199 2068 2611 2137 Dereliquerunt
2637 2079 2869 2134 namque
2904 2064 3207 2126 Dominum,
3247 2067 3300 2113 et
3329 2057 3587 2112 Sanctum

305 2149 550 2220 πονηρὸν
577 2150 860 2222 ὠνόμασεν
921 2151 1166 2216 εἰκότως.
1217 2151 1742 2220 Ἐγκαταλελοίπασι
1785 2151 1896 2221 γὰρ

2029 2160 2236 2223 sraelis,
2262 2160 2470 2215 scilicet
2501 2158 2797 2221 Christum,
2820 2155 3094 2210 concitare
3111 2165 3219 2207 non
3242 2150 3583 2205 destiterunt.

305 2243 404 2294 τὸν
445 2241 670 2313 Κύριον,
702 2242 794 2295 καὶ
834 2243 1265 2316 παροτρύνοντες
1310 2245 1411 2296 οὐκ
1457 2243 1764 2297 ἐπαύσαντο
1804 2243 1897 2295 τὸν

307 2332 470 2402 ἅγιον
489 2333 583 2386 τοῦ
628 2333 862 2405 Ἰσραὴλ,
902 2336 1146 2389 τουτέστι
1178 2336 1433 2406 Χριστόν.
1484 2337 1560 2390 Οὐ
1619 2337 1727 2408 γὰρ
1774 2353 1898 2390 συν-

306 2425 458 2494 ῆκαν
489 2425 552 2478 τὸ
588 2425 675 2478 ἐπ’
706 2427 854 2498 αύτῷ
877 2429 1192 2498 μυστήριον.
1221 2427 1508 2499 Τοιγάρτοι
1539 2431 1634 2482 καὶ
1666 2431 1896 2500 μεμενή-

309 2528 477 2566 κασιν
533 2515 593 2566 ὲν
648 2514 975 2586 πληρώματι
1034 2517 1145 2569 τῶν
1205 2518 1350 2571 ίδίων
1422 2519 1727 2589 ἁμαρτιῶν.
1789 2521 1900 2574 Καὶ

309 2603 475 2657 τοῦτο
500 2607 685 2668 αὐτοῖς
714 2607 950 2676 ἔφασκεν
969 2609 997 2661 ὀ
1015 2609 1248 2678 Χριστός
1270 2626 1283 2640 ·
1317 2629 1334 2660 ι
1362 2610 1556 2683 Ἀμὴν,
1586 2612 1732 2684 ἀμὴν
1756 2612 1900 2680 λέγω

312 2695 469 2766 ὑμῖν,
510 2696 606 2750 ἐὰν
663 2697 738 2768 μὴ
797 2699 1143 2770 πιστεύσητε,
1201 2701 1284 2754 ὃτι
1339 2701 1451 2770 ἐγὼ
1498 2703 1632 2774 εἰμὶ,
1687 2705 1744 2756 ὲν
1780 2706 1901 2767 ταῖς

313 2788 618 2857 ἁμαρτίαις
676 2789 830 2858 ὑμῶν
903 2792 1281 2846 ἀποθανεῖσθε.
1347 2812 1366 2846 ι
1436 2794 1656 2866 Πλήρης
1716 2797 1899 2850 τοίνυν

314 2879 606 2950 ἁμαρτιῶν
633 2881 660 2932 ὁ
696 2881 931 2948 Ἰσραὴλ,
969 2884 1062 2940 καί
1083 2885 1162 2951 εἰς
1194 2883 1352 2942 τοῦτο
1385 2883 1570 2942 λοιπὸν
1601 2887 1902 2962 ἀφιγμένος

314 2969 658 3048 φαυλότητος
683 3021 698 3042 ,
737 2972 812 3042 ὡς
848 2980 1081 3050 πρέπειν
1116 2978 1266 3049 αὐτῷ
1311 2979 1373 3033 τὸ
1417 2981 1740 3046 κολάζεσθαι
1769 2983 1899 3036 δεῖν.

317 3069 729 3140 Πεπληρώκασι
773 3067 882 3137 γὰρ
926 3070 1020 3122 καὶ
1065 3069 1219 3122 αὐτοὶ
1275 3070 1338 3122 τὸ
1381 3071 1577 3142 μέτρον
1603 3073 1711 3126 τῶν
1759 3075 1903 3126 ίδίων

319 3163 600 3233 πατέρων,
630 3161 772 3215 κατά
813 3162 910 3232 τὴν
929 3161 1021 3214 τοῦ
1045 3163 1294 3233 Σωτῆρος
1326 3167 1507 3234 φωνήν
1528 3206 1541 3218 .
1591 3165 1768 3236 Μέχρι
1807 3167 1904 3236 μὲν

2005 2250 2484 2321 Μγειοτίυηιοιιὶιη
2521 2251 2585 2305 de
2614 2251 2702 2304 illo
2733 2267 2837 2305 non
2873 2248 3288 2303 intellexerunt:
3324 2244 3505 2310 itaque
3531 2240 3585 2293 in

2003 2344 2218 2397 cumulo
2232 2358 2294 2396 ac
2321 2343 2647 2411 plenitudine
2671 2355 2888 2395 suorum
2920 2347 3263 2409 peccatorum
3291 2337 3586 2388 haeserunt.

2005 2434 2156 2502 Quod
2199 2437 2360 2492 etiam
2393 2436 2494 2490 illis
2515 2435 2760 2490 Christus
2811 2434 2976 2487 dixit:
3024 2433 3243 2492 «Amen,
3277 2442 3432 2482 amen
3468 2425 3590 2478 dico

2007 2529 2177 2591 vobis,
2213 2530 2256 2583 si
2299 2543 2406 2582 non
2446 2527 2958 2593 creditleritis,~.qttia
2997 2539 3095 2593 ego
3127 2538 3266 2586 sum,
3308 2521 3362 2574 in
3397 2533 3589 2587 pecea-

2008 2623 2076 2676 tis
2111 2625 2300 2676 vestris
2329 2621 2628 2675 moriemini
2657 2621 2752 2672 1°.»
2785 2618 3022 2674 Onustus
3047 2618 3227 2685 itaque
3248 2615 3390 2668 vitiis
3427 2609 3588 2676 Israel

2007 2730 2072 2770 eo
2101 2717 2312 2768 demum
2350 2716 2592 2784 pervenit
2629 2713 2904 2783 nequitiae,
2945 2717 3002 2765 ut
3037 2724 3225 2778 poenas
3271 2723 3390 2762 eum
3443 2705 3594 2760 luere

2008 2803 2173 2858 fuerit
2196 2805 2577 2874 aequissimum.
2609 2804 2816 2858 Etenim
2853 2802 3203 2872 expleverunt
3227 2808 3278 2852 ct
3307 2797 3405 2866 ipsi
3442 2811 3595 2851 men-

2009 2913 2190 2955 suram
2222 2906 2432 2964 patrum
2469 2911 2710 2960 suorum,
2753 2897 2904 2966 juxta
2950 2908 3134 2949 vocem
3173 2889 3591 2946 Servatoris‘”;

2009 2995 2065 3064 6
2082 2994 2160 3047 Ad
2175 2990 2545 3062 aliquodjenim
2567 2999 2774 3058 tempus
2793 2999 2846 3042 et
2863 3001 3168 3042 mensuram
3191 2984 3293 3038 fcrt
3319 2985 3454 3037 Dens
3466 2997 3596 3036 con-

2013 3094 2274 3152 temptum
2331 3082 2790 3152 delinquentium:
2833 3096 2954 3135 cum
2999 3087 3178 3134 autem
3206 3079 3269 3130 ad
3305 3073 3594 3144 plenitudi-

2017 3195 2134 3230 nem
2163 3185 2216 3231 ct
2263 3176 2627 3230 maturitatem
2681 3174 2884 3241 peccati
2930 3179 3108 3224 notam
3136 3168 3239 3223 sibi
3288 3176 3341 3221 et
3376 3178 3597 3234 perspe-

324 3255 435 3324 γάρ
483 3271 634 3316 τινος
669 3254 862 3322 καιροῦ
912 3254 1005 3306 καὶ
1053 3253 1253 3324 μέτρου
1314 3256 1556 3326 φορητὴν
1601 3260 1832 3311 ποιεῖται
1881 3261 1910 3311 ὁ

2025 3282 2154 3325 stam
2175 3269 2282 3338 jam
2305 3267 2646 3336 pertigcrint,
2669 3263 2985 3334 supplicium
3003 3262 3221 3331 irrogat,
3241 3273 3302 3312 ac
3328 3272 3422 3326 pro
3445 3257 3602 3310 modo

322 3347 479 3410 Θεὸς,
519 3347 631 3399 τῶν
677 3344 1141 3416 πλημμελούντων
1182 3345 1280 3416 τὴν
1329 3349 1763 3420 καταφρόνησιν·
1805 3351 1910 3418 ἀφ-

325 3437 559 3508 ιγμένης
586 3437 644 3491 δὲ
665 3437 764 3508 ήδη
795 3436 932 3508 πρὸς
955 3437 1233 3508 πλήρωσιν
1251 3436 1351 3508 τὴν
1380 3438 1727 3510 ἐγνωσμένην
1764 3439 1912 3510 αύτῷ

326 3532 433 3602 τῆς
482 3530 778 3601 ἁμαρτίας,
814 3531 1067 3600 ἐπιφέρει
1115 3530 1213 3594 τὰς
1265 3529 1440 3595 δίκας,
1498 3532 1590 3585 καὶ
1639 3533 1913 3601 ἀναλόγως

327 3626 446 3685 τοῖς
497 3621 935 3694 πλημμελήμασι
981 3621 1200 3685 κολάζει
1239 3622 1330 3675 τὸν
1370 3624 1589 3693 ἀπειθῆ.
1631 3624 1742 3678 Καὶ
1785 3625 1914 3694 γοῦν

329 3717 360 3768 ὁ
392 3715 680 3785 προφήτης
711 3713 987 3784 Ζαχαρίας
1012 3713 1210 3784 μέτρον
1240 3713 1586 3784 τεθεαμένος,
1619 3716 1780 3787 ἤρετο
1817 3716 1918 3785 μὲν

330 3805 429 3858 τὸν
455 3805 726 3888 μακάριον
759 3804 1008 3874 ἄγγελον,
1032 3807 1060 3859 ὃ
1088 3823 1142 3858 τι
1175 3805 1238 3878 δὴ
1265 3806 1419 3859 τοῦτό
1448 3808 1567 3859 ὲστι
1604 3807 1665 3860 τὸ
1717 3809 1920 3878 μέτρον

332 3900 396 3950 τὸ
430 3897 886 3967 ἐκπορευόμενον.
919 3897 977 3952 '0
998 3898 1055 3951 δὲ
1098 3898 1233 3970 πρὸς
1263 3899 1446 3965 αὑτὸν,
1479 3900 1630 3971 Αὕτη
1667 3903 1700 3974 ὴ
1738 3901 1922 3956 ἀδικία

335 3989 523 4044 αὐτῶν
555 3991 611 4042 ὲν
664 3990 815 4063 πάσῃ
844 3993 910 4062 τῇ
944 3993 1037 4062 γῇ.
1071 3993 1363 4063 Μεμένηκε
1408 3994 1585 4047 τοίνυν
1636 3995 1927 4066 ἀναπότρι-

339 4098 476 4134 «κτον
527 4080 669 4151 ἔχων
724 4082 823 4153 τὴν
889 4083 1162 4154 ἁμαρτίαν
1191 4087 1218 4137 ὁ
1268 4085 1502 4156 Ἰσραὴλ,
1558 4087 1652 4140 καὶ
1707 4087 1806 4157 τὴν
1838 4086 1926 4140 διὰ

339 4175 585 4245 Χριστοῦ
645 4175 909 4248 κάθαρσιν
959 4178 1058 4231 οὐκ
1110 4177 1342 4248 ἠθέλησε
1389 4178 1592 4242 λαϐεῖν,
1641 4179 1775 4233 ἀλλά
1819 4181 1927 4252 γὰρ

2015 3373 2068 3414 et
2107 3361 2315 3414 ratione
2339 3359 2654 3414 delictorum
2692 3356 3060 3412 inobedientes
3096 3367 3251 3423 pcena
3295 3350 3479 3405 allicit.
3508 3347 3600 3402 Ni-

2020 3453 2214 3506 mirum
2246 3453 2383 3504 hanc
2409 3465 2712 3504 mensuram
2732 3448 3074 3517 conspicatus
3102 3445 3361 3514 propheta
3394 3441 3602 3495 Zacha-

2021 3543 2152 3606 rias,
2184 3540 2531 3608 interrogavit
2585 3540 2798 3593 beatum
2855 3535 3120 3607 angelum,
3165 3547 3412 3602 quzenam
3463 3541 3608 3584 esset

2023 3631 2136 3686 ha:c
2156 3645 2404 3684 mensura
2427 3644 2545 3698 qua:
2579 3629 2888 3697 egreditur:
2911 3625 2998 3679 hic
3021 3637 3149 3678 vero
3172 3621 3234 3675 ad
3270 3619 3440 3686 illum,
3484 3618 3608 3672 llaec

2025 3731 2109 3776 est
2137 3721 2392 3790 iniquitas
2423 3735 2609 3775 eorum
2645 3718 2732 3788 qui
2767 3726 2890 3773 sunt
2921 3715 2974 3769 in
3019 3715 3272 3767 universa
3299 3721 3456 3766 terra.
3490 3709 3610 3764 Hae-

2027 3814 2335 3884 sitproinde
2365 3812 2524 3867 Israel
2557 3812 2608 3864 in
2641 3819 2862 3881 peccato
2888 3807 3180 3870 indelebili,
3207 3819 3306 3861 nec
3326 3803 3610 3860 emundari

2030 3907 2200 3960 voluit
2267 3901 2364 3974 per
2408 3905 2721 3960 Christum:
2765 3905 2875 3958 imo
2924 3918 3052 3957 vero
3103 3903 3265 3955 etiam
3323 3897 3614 3967 dereliquit

2031 4012 2176 4064 eum,
2212 4013 2332 4052 cum
2392 3997 2549 4052 [idem
2598 4010 2719 4066 qua:
2747 3995 2800 4048 in
2835 3993 2983 4046 illum
3015 4001 3097 4047 est
3127 4006 3230 4044 non
3279 3990 3609 4059 recipiendo,

2035 4099 2145 4144 tum
2188 4091 2252 4144 ad
2293 4090 2407 4144 haec
2445 4088 2709 4143 dicendo:
2770 4085 2940 4149 Tolle,
2981 4086 3126 4150 tolle,
3177 4082 3433 4153 cruciﬂge
3466 4096 3611 4144 eum,

2035 4193 2121 4236 et:
2156 4179 2271 4236 Non
2317 4182 2578 4236 habemus
2606 4194 2784 4248 regem
2814 4178 2915 4232 nisi
2956 4178 3223 4233 Cursarem
3249 4178 3314 4229 ¹¹.

343 4270 484 4341 πρὸς
507 4268 684 4338 τούτῳ
722 4269 1122 4334 καταλελοιπὼς
1186 4271 1368 4334 αὑτὸν,
1401 4271 1488 4324 διὰ
1533 4271 1626 4324 τοῦ
1667 4273 1804 4342 μήτε
1863 4273 1964 4344 τὴν
2000 4277 2079 4338 εἰς
2107 4274 2268 4350 αὑτὸν
2337 4273 2715 4346 προσήκασθαι
2749 4271 2947 4335 πίστιν,
2977 4271 3148 4324 εἰπεῖν
3174 4287 3230 4322 τε
3257 4268 3392 4341 πρὸς
3422 4268 3616 4336 τούτῳ,

345 4367 410 4419 τὸ
437 4361 593 4434 Αἶρε,
626 4359 770 4432 αἶρε,
802 4363 1035 4434 σταύρου
1071 4365 1251 4430 αὐτὸν,
1302 4365 1415 4429 καὶ,
1457 4366 1571 4419 Οὐκ
1603 4365 1798 4437 ἔχομεν
1827 4367 2050 4438 βασιλέα
2079 4371 2127 4422 εί
2162 4369 2236 4440 μὴ
2267 4369 2542 4438 Καίσαρα.
3573 4428 3577 4430 _

429 4455 490 4508 Τί
527 4454 616 4506 ἔτι
672 4453 944 4520 πληγῆτε
991 4453 1412 4521 προστιθέντες
1436 4456 1729 4526 ἀνομίαν;
1771 4456 1919 4512 πᾶσι

2113 4459 2280 4515 Vens.
2325 4459 2377 4513 5.
2407 4459 2550 4525 Quid
2581 4457 2945 4528 percutiamini
2990 4455 3152 4519 ultra,
3214 4455 3463 4507 addentes
3513 4453 3621 4506 ini-

349 4544 591 4614 κεφαλὴ
614 4546 704 4609 εις
739 4544 952 4607 πόνον,
995 4545 1092 4596 καὶ
1133 4545 1301 4599 πᾶσα
1324 4547 1536 4612 καρδία
1565 4550 1652 4612 εἰς
1690 4549 1896 4617 λύπην

2043 4556 2291 4623 quitatem
2313 4555 2338 4606 ε)
2369 4550 2536 4605 Omne
2577 4561 2732 4618 caput
2758 4552 2812 4603 in
2831 4550 3007 4602 labore
3034 4558 3080 4601 et
3113 4563 3261 4600 omne
3289 4562 3378 4597 cor
3413 4546 3464 4596 in
3491 4560 3618 4596 mm-

361 4637 515 4694 Ἀπὸ
546 4635 752 4689 ,ποδῶν
783 4635 893 4701 ἓως
923 4636 1213 4704 κεφαλῆς,
1246 4640 1356 4692 οὐκ
1399 4638 1572 4692 ἔστιν
1604 4639 1696 4692 ἐπ’
1738 4641 1919 4695 αὐτοῖς

2045 4660 2161 4698 rore
2177 4659 2196 4696 :
2212 4660 2243 4695 a
2260 4641 2473 4711 pedibus
2499 4640 2567 4694 ad
2597 4649 2753 4709 caput
2775 4655 2933 4709 usque
2950 4655 3054 4692 non
3074 4639 3215 4690 estin
3233 4652 3290 4688 eo
3318 4635 3617 4704 integritas,

353 4730 712 4799 ὀλοκληρία,
767 4729 903 4782 οὔτε
953 4730 1201 4798 τραῦμα,
1280 4732 1418 4785 οὔτε
1484 4731 1736 4802 μῶλωψ,
1807 4735 1919 4789 οὔτ.

2046 4751 2208 4804 neque
2225 4735 2434 4796 vulnus,
2462 4748 2626 4803 neque
2647 4734 2801 4798 livor,
2821 4748 2981 4800 neque
3001 4731 3152 4800 plaga
3177 4740 3399 4792 tumens,
3417 4744 3519 4781 non
3547 4739 3623 4780 eu

355 4822 565 4895 πληγὴ
595 4822 1085 4892 φλεγμαίνουσα;
1118 4824 1227 4875 οὐκ
1265 4822 1438 4877 ἐστιν
1476 4823 1765 4893 μάλαγμα
1814 4825 1914 4878 ἐπι

2046 4826 2306 4895 malagma
2339 4825 2619 4894 imponere,
2650 4839 2812 4893 neque
2870 4824 3061 4885 oleum,
3095 4835 3258 4890 neque
3283 4819 3620 4888 alligaturus.

357 4915 568 4977 θεῖναι,
600 4913 739 4968 οὔτε
775 4914 998 4975 ἔλαιον,
1028 4914 1165 4967 οὔτε
1199 4913 1630 4982 καταδέσμους.

445 5008 533 5071 Ὠς
572 5007 660 5076 ἐφ’
704 5007 820 5069 ἑνὸς
867 5007 1120 5076 σώματος
1149 5005 1256 5059 τῶν
1322 5005 1626 5060 Ἰουδαϊκῶν
1673 5007 1919 5076 συστημά

2123 5001 2197 5057 De
2233 5018 2341 5055 uno
2365 5001 2510 5055 velut
2543 5014 2768 5068 corpore
2809 4997 3044 5052 Judaicae
3078 4994 3374 5059 societatis,
3409 4994 3473 5048 de
3505 5009 3627 5061 pra-

359 5118 491 5163 των,
551 5098 765 5170 μικρῶν
814 5099 874 5151 τέ
925 5115 1068 5168 φημι
1116 5098 1209 5150 καὶ
1264 5099 1533 5168 μεγάλων,
1590 5098 1682 5150 καὶ
1736 5097 1843 5150 τῶν
1893 5098 1918 5149 ὲ

2049 5095 2156 5162 vis,
2183 5095 2422 5162 inquam,
2473 5101 2528 5146 et
2567 5091 2777 5160 magnis
2822 5099 2877 5142 et
2914 5087 3168 5142 mediocri
3205 5095 3351 5140 sorte
3388 5084 3628 5154 praeditis

365 5192 628 5262 μεσότητι
675 5190 977 5261 νοουμένων
1008 5192 1243 5243 ποιεῖται
1277 5191 1403 5251 τοὺς
1429 5189 1638 5257 λόγους.
1672 5189 1854 5242 Ἔοικε
1894 5189 1952 5242 δὲ

363 5280 609 5350 κεφαλὴν
643 5281 741 5349 μὲν
791 5280 1101 5352 ὀνομάζειν,
1161 5279 1254 5334 τὸν
1299 5281 1409 5343 τοῖς
1462 5279 1738 5350 βασιλείας
1785 5281 1955 5350 αύχή-

368 5389 538 5442 μασιν
587 5372 862 5444 εὐπρεπῆ.
894 5372 1140 5443 Καρδίαν
1185 5370 1263 5437 δὲ,
1314 5371 1417 5438 τὴν
1480 5369 1632 5440 ἱερὰν
1677 5371 1772 5423 καὶ
1815 5369 1953 5422 ἀπό-

367 5464 564 5518 λεκτον
596 5463 792 5536 φυλὴν,
818 5462 1061 5516 τουτέστι
1108 5460 1204 5532 τὴν
1230 5459 1538 5531 Λευῖτικὴν,
1588 5461 1662 5523 ὼς
1698 5459 1775 5529 τῷ
1807 5459 1957 5530 νόμῳ

375 5553 798 5624 σεσοφισμένην,
827 5554 921 5607 καὶ
963 5552 1056 5606 τοῦ
1087 5552 1286 5615 παντὸς
1319 5550 1569 5617 σώματος
1601 5549 1826 5620 ἔχουσαν
1859 5551 1958 5622 τὴν

377 5646 660 5723 ιξροντίδα.
691 5665 710 5698 ι
743 5645 915 5716 Χείλη
943 5644 1052 5716 γὰρ
1083 5644 1296 5716 ἱερέως,
1336 5663 1354 5696 ι
1391 5643 1576 5714 φησιν,
1612 5661 1630 5694 ι
1661 5641 1957 5711 φυλάξεται

2053 5185 2360 5240 hominibus
2389 5197 2692 5237 sermonem
2718 5180 2969 5234 instituit.
3003 5180 3176 5244 Caput
3206 5178 3420 5231 videtur
3449 5175 3630 5229 dicere

2054 5292 2199 5341 cum,
2223 5276 2311 5344 qui
2345 5275 2493 5344 regni
2532 5273 2899 5343 praerogativis
2929 5282 3158 5324 ornatus
3187 5279 3268 5324 est
3295 5286 3308 5320 :
3340 5268 3448 5322 Cor
3475 5281 3625 5333 vero,

2056 5374 2456 5421 sacrosanctam
2485 5370 2539 5418 et
2595 5365 2848 5418 selectam
2912 5362 3131 5423 tribum,
3174 5359 3224 5412 id
3280 5368 3385 5418 est,
3426 5355 3630 5410 Leviti-

2057 5471 2204 5522 cam,
2235 5455 2397 5510 veluti
2420 5455 2535 5524 lege
2561 5454 2851 5518 eruditam,
2883 5464 2940 5506 et
2979 5466 3166 5506 curam
3207 5449 3366 5505 totius
3387 5447 3632 5516 corporis

2063 5557 2360 5616 gerentem.
2399 5545 2591 5600 «Labia
2627 5546 2767 5599 enim
2791 5545 3112 5608 sacerdotis,
3141 5561 3160 5594 ι
3185 5542 3378 5612 inquit,
3402 5558 3421 5592 ι
3446 5547 3632 5595 custo-

2066 5640 2213 5694 dient
2245 5636 2528 5706 judicium,
2557 5645 2612 5690 et
2646 5635 2815 5707 legem
2847 5637 3120 5706 requirent
3147 5649 3214 5688 ex
3241 5648 3339 5689 ore
3367 5632 3484 5703 ejus
3504 5634 3544 5664 “
3564 5631 3646 5706 ’.ιι

455 5829 478 5861 ’
506 5827 691 5884 Matth.
727 5842 814 5894 tu,
854 5826 904 5882 7.
985 5825 1027 5860 "
1061 5823 1219 5881 loan.
1256 5839 1370 5890 vnr,
1405 5823 1493 5878 ει.
1575 5823 1636 5855 ¹⁰¹
1665 5821 1852 5878 Matth.
1883 5839 1909 5877 χ

2025 5863 2036 5887 ,
2070 5822 2160 5877 '52.
2239 5821 2275 5853 “
2302 5817 2455 5875 Joan.
2489 5833 2598 5883 xix,
2638 5817 2722 5873 15.
2803 5818 2865 5850 ¹¹⁶
2903 5815 3129 5873 Malach.
3173 5831 3229 5878 ll,
3271 5815 3325 5869 7..
