4094 6366
507 350 582 407 23

1505 353 1565 408 S.
1604 351 1876 408 CYRILLI
1917 349 2385 406 ALEXANDRINI
2425 350 2744 406 ARCHIEP.

3691 350 3765 406 24

509 468 684 526 Pedes
702 470 918 525 demum
959 484 1052 526 eos
1070 484 1190 526 esse
1216 470 1316 537 ait,
1342 471 1504 541 quiin
1534 473 1821 542 postremis
1850 481 2000 535 sunt,
2028 481 2070 526 el

2188 447 2389 541 κρίσιν,
2448 471 2541 525 καὶ
2602 470 2767 541 νόμον
2827 468 3220 540 ἐκζητήσωσιν
3276 470 3343 522 ἐκ
3384 466 3648 539 στόματος
3670 470 3770 521 αὖ·

510 562 601 629 qui
638 570 889 632 tanquam
913 561 1150 617 inﬁmam
1177 563 1231 617 in
1264 563 1463 633 populo
1495 565 1780 619 stationem
1817 564 2080 618 obtinent.

510 650 741 708 Proinde
769 667 892 707 cum
920 662 1060 707 terra
1084 651 1305 708 Iudaica
1332 654 1667 710 calamitates
1703 670 1806 709 non
1838 655 2086 711 ferendas

449 744 455 749 ’
512 743 888 807 sustinuisset,
929 743 1373 812 depopulantibus
1411 759 1528 799 eam
1568 761 1711 801 nunc
1745 745 2081 817 Babyloniis,

513 848 657 888 nunc
673 832 912 890 ﬁnitimis
927 836 1196 905 gentibus,
1210 846 1265 890 et
1280 847 1497 906 propter
1514 838 1841 908 impietatem
1859 838 1911 892 in
1928 837 2087 894 Chri-

511 934 678 989 stum,
702 925 1064 981 Romanorum
1088 928 1332 984 manibus
1347 937 1493 985 esset
1522 930 1936 996 concremanda,
1960 945 2081 984 cum

511 1030 697 1072 eorum
725 1019 887 1073 etiam
937 1032 1156 1088 regnum
1174 1021 1525 1075 evertendum
1554 1029 1726 1087 esset,
1749 1020 2083 1092 (alienigena:

509 1111 653 1165 enim
676 1125 769 1166 eos
801 1111 1153 1181 subegerunt)
1173 1127 1405 1183 cumque
1428 1113 1716 1169 sacerdotii
1741 1114 1919 1168 munia
1940 1114 2080 1183 apud

509 1216 602 1255 eos
634 1208 928 1268 cessarent,
962 1201 1243 1256 sacrificiis
1288 1202 1580 1268 subversis,
1630 1202 1832 1272 templo
1868 1201 2081 1257 sublato

508 1308 614 1346 non
661 1291 770 1347 aris
803 1294 1165 1356 manentibus,
1192 1308 1297 1348 non
1334 1294 1655 1358 sacerdotio,
1682 1294 1812 1365 {non
1837 1295 2082 1350 declara-

509 1382 765 1447 tionibus,
804 1383 957 1452 juxta
985 1384 1262 1453 prophetat
1310 1398 1521 1450 vocem,
1562 1384 1688 1438 hinc
1733 1384 1864 1438 dicit
1893 1398 1909 1438 :
1942 1384 2080 1451 Quid

506 1474 878 1543 percutiamini
902 1473 1066 1539 ultra,
1099 1475 1359 1530 addentes
1396 1476 1774 1545 iniquitatem?
1815 1475 2078 1530 lnﬂictum

504 1576 607 1631 est,
637 1564 832 1635 inquit,
861 1566 1012 1620 vobis
1042 1581 1201 1620 omne
1218 1581 1387 1636 genus
1410 1567 1503 1622 ira:
1527 1576 1583 1622 et
1616 1568 1860 1639 supplicii
1893 1584 1922 1622 a
1948 1568 2077 1635 Deo,

504 1658 649 1713 diras
692 1658 1080 1727 continuasque
1117 1658 1253 1714 alias
1300 1674 1463 1728 super
1506 1661 1643 1715 alias
1689 1674 1878 1728 poenas
1913 1662 2079 1731 depo-

502 1757 688 1805 scente
722 1766 736 1803 :
777 1749 829 1819 ’1
876 1749 1040 1803 nihilo
1073 1759 1251 1804 tamen
1294 1753 1471 1805 minus
1496 1760 1893 1822 contemptores
1918 1754 2074 1815 estis,

2185 563 2300 617 τοῦ.
2336 584 2355 616 ι
2383 563 2555 627 Πόδας
2578 562 2634 614 δὲ
2664 557 2807 615 εἶναί
2831 578 2963 633 φησι
2988 561 3112 624 τοὺς
3143 562 3200 613 ἐν
3229 560 3497 630 ἐσχάτοις,
3528 559 3620 612 καὶ
3658 555 3769 611 οἷον

2185 655 2485 708 κατωτάτω
2530 654 2794 723 λαχόντας
2840 651 2995 717 τάξιν
3050 655 3107 707 ἐν
3156 653 3269 715 τοῖς
3324 652 3497 714 λαοῖς.
3556 650 3771 703 Οὐκοῦν

2183 746 2478 818 ἐπειδήπερ
2524 745 2811 798 δύσοιστον
2849 744 2949 815 μὲν
3017 744 3119 815 ἤδη
3176 741 3547 812 ταλαιπωρίαν
3591 743 3624 811 ἠ
3660 740 3769 792 τῶν

2197 837 2466 891 Ἰουδαίων
2496 837 2880 908 ὑπομεμένηκε
2905 837 3000 905 γῆ,
3030 834 3445 906 καταδῃούντων
3464 832 3651 903 αὐτὴν,
3678 832 3770 885 ὅτε

2187 930 2286 999 μὲν
2345 928 2722 996 Βαϐυλωνίων,
2778 928 2867 981 ὅτε
2928 928 2985 981 δὲ
3040 927 3149 980 τῶν
3198 925 3508 997 προσοίκων
3573 925 3767 986 ἐθνῶν,

2182 1023 2374 1093 ἔμελλε
2424 1020 2919 1093 καταπίμπρασθαι
2952 1022 3071 1084 ταῖς
3108 1018 3393 1090 Ῥωμαίων
3450 1017 3638 1088 χερσὶν
3679 1017 3768 1069 διὰ

2180 1114 2280 1185 τὴν
2312 1115 2393 1177 είς
2420 1115 2653 1185 Χριστὸν
2683 1114 2957 1177 ἀσέϐειαν,
2993 1112 3087 1165 καὶ
3137 1108 3619 1181 ἀνατραπήσεσθαι
3668 1108 3774 1177 μὲν

2179 1208 2214 1277 ἡ
2243 1206 2373 1278 παρ’
2430 1208 2612 1268 αὐτοῖς
2670 1204 2939 1275 βασιλεία,
2994 1203 3373 1273 κεκρατήκασι
3424 1198 3532 1269 γὰρ
3586 1199 3769 1253 αὐτῶν

2181 1296 2520 1367 ἀλλομενεῖς,
2585 1297 2969 1367 ἀπρακτήσειν
3015 1294 3072 1347 δὲ
3119 1294 3252 1364 παρ’
3303 1293 3509 1357 αὐτοῖς,
3554 1292 3648 1344 καὶ
3694 1290 3771 1344 τὰ

2179 1387 2279 1457 τῆς
2307 1385 2607 1457 ἱερωσύνης
2646 1386 2804 1457 ἔργα,
2833 1385 3032 1440 θυσιῶν
3073 1382 3592 1455 ἀνατετραμμένων,
3632 1381 3768 1436 καθ-

2180 1479 2461 1551 ῃρημένου
2497 1478 2593 1532 τοῦ
2644 1476 2794 1542 ναοῦ,
2831 1475 3232 1548 θυσιαστηρίων
3266 1475 3367 1528 οὐκ
3411 1475 3602 1536 ὄντων,
3641 1471 3771 1525 οὔτε

2183 1571 2475 1641 ίερατείας,
2499 1569 2621 1624 οὔτε
2649 1569 2843 1638 δήλων,
2886 1567 3029 1623 κατά
3061 1567 3162 1638 τὴν
3205 1566 3300 1620 τοῦ
3340 1566 3619 1636 προφήτου
3649 1582 3764 1633 φω-

2178 1662 2298 1733 νὴν,
2345 1662 2516 1733 ταύτῃ
2552 1661 2636 1715 τοί
2687 1677 2843 1732 φησι,
2872 1660 2924 1713 τί
2971 1659 3055 1713 ἐτι
3092 1659 3337 1729 πληγῆτε
3382 1655 3767 1727 προστιθέντες

2179 1754 2413 1825 ἀνομίαν
2438 1771 2452 1819 ;
2480 1754 2859 1825 ἐπενήνεκται,
2884 1751 3070 1822 φησιν,
3100 1750 3230 1820 ὑμῖν
3259 1751 3369 1803 πᾶν
3398 1744 3538 1811 εἶδος
3571 1747 3764 1818 ὀργῆς,

505 1850 562 1896 et
590 1816 1140 1910 alumni'iniquitatis.
1164 1841 1306 1912 Ergo
1328 1841 1456 1911 quid
1484 1816 1854 1911 percutientini
1895 1844 2070 1898 ultra!

2181 1816 2295 1902 καὶ,
2327 1816 2481 1902 αἰκία
2531 1816 2684 1918 παρὰ
2722 1845 2859 1900 Θεοῦ
2896 1816 3154 1917 ’σκληρὰς
3195 1843 3291 1897 καὶ
3331 1816 3772 1911 ἀλλεπαλλῆλους

500 1945 747 2003 quamam
770 1932 991 1988 ultionis
1020 1948 1273 1988 mensura
1300 1934 1459 1989 vobis
1490 1935 1595 1988 erit
1624 1936 1755 1989 satis
1786 1935 1852 1988 ad
1882 1950 2072 1989 emen-

500 2027 773 2082 dationem
794 2026 825 2080 .’
856 2025 915 2081 In
937 2041 1145 2081 summa
1176 2040 1299 2095 qua:
1326 2025 1619 2088 acerbitas,
1645 2041 1764 2095 quae
1795 2025 2074 2081 calamitas

499 2118 686 2173 inferri
717 2118 907 2187 possit,
944 2131 1064 2187 quae
1090 2115 1203 2184 jam
1245 2132 1351 2171 non
1390 2116 1626 2172 accidit?
1675 2116 1847 2173 Omne
1912 2129 2075 2187 caput

499 2209 665 2277 dolet,
694 2223 857 2264 omne
889 2223 983 2263 cor
1019 2217 1234 2276 moeret,
1279 2223 1309 2260 a
1352 2209 1580 2277 pedibus
1606 2211 1673 2265 ad
1698 2221 1857 2280 caput
1879 2226 2067 2281 usque.

497 2300 708 2357 Etenim
724 2301 814 2370 qui
837 2301 984 2372 regia
1012 2300 1274 2372 dignitate
1300 2302 1592 2371 pollebant,
1618 2302 1895 2359 laboribus
1924 2304 2063 2357 haud

498 2409 687 2462 parum
719 2394 1139 2461 allictabantur,
1172 2410 1297 2450 cum
1336 2396 1402 2451 ad
1435 2397 1793 2453 resistendum
1834 2398 2068 2469 impres-

495 2488 739 2544 sionibus
783 2487 1017 2544 hostium
1077 2504 1236 2558 pares
1301 2505 1408 2544 non
1478 2500 1680 2547 essent.
1752 2491 2071 2546 Sacerdotes

494 2579 624 2634 item
678 2579 865 2635 dolore
914 2579 1092 2636 aﬂecti
1159 2580 1449 2650 aiﬂictique
1507 2594 1632 2637 sunt
1689 2583 1932 2649 abolito,
2012 2592 2070 2637 ut

493 2670 761 2738 dixeram,
810 2673 1101 2728 sacrificio.
1168 2674 1338 2729 Pedes
1397 2690 1634 2744 quoque,
1681 2677 1782 2731 hoc
1828 2688 1930 2738 est,
1974 2692 2070 2730 ex-

498 2762 655 2818 tremi
679 2771 736 2817 et
768 2763 1014 2819 homines
1068 2764 1236 2818 intimi
1268 2767 1733 2831 percutiebantur,
1786 2778 1891 2820 tam
1938 2768 2065 2822 hos-

496 2851 572 2907 tili
598 2852 775 2922 gladio
816 2854 1221 2925 concisi,quam
1256 2856 1408 2911 fame
1444 2866 1501 2911 et
1551 2860 1833 2913 sterilitate
1856 2859 2063 2923 domiti,

494 2953 552 2999 et
584 2946 637 2999 in
657 2960 880 3001 summa:
928 2946 1161 3002 miseria»,
1213 2947 1500 3003 discrimen
1533 2949 1769 3003 adducti.
1799 2949 1937 3003 Dicit
1965 2949 2067 3002 ita-

494 3052 603 3107 que
650 3038 867 3101 vulnus,
898 3038 1063 3103 livor,
1093 3040 1249 3110 plaga
1287 3049 1521 3104 tumens,
1566 3054 1665 3096 nec
1689 3051 1771 3095 est
1803 3043 2064 3113 malagma

493 3130 636 3197 quod
668 3145 931 3201 apponas,
977 3146 1087 3186 non
1107 3130 1308 3194 oleum,
1341 3146 1449 3186 non
1484 3131 1808 3202 alligatum.
1839 3133 2065 3200 Quando
2094 3173 2136 3229 ε

495 3222 707 3278 scilicet
730 3224 954 3278 modica:
1012 3223 1184 3293 plaga:
1213 3223 1511 3276 humanum
1543 3238 1742 3295 corpus
1791 3227 2063 3288 infestant,

492 3324 549 3370 et
585 3329 750 3369 unum
801 3317 1172 3373 tantummodo
1232 3319 1533 3375 membrum
1606 3319 1842 3387 pervasit
1884 3319 2064 3382 laesio;

494 3417 625 3463 tunc
674 3407 968 3465 moderata:
1021 3411 1333 3467 curationes
1380 3426 1565 3466 eorum
1601 3412 1690 3480 qui
1742 3411 1816 3464 rei
1850 3409 2069 3463 medica:

492 3501 645 3569 gnari
679 3509 827 3567 sunt,
854 3509 979 3570 puta
1012 3501 1310 3572 malagma‘,
1344 3502 1658 3572 ligamenta,
1693 3515 1750 3557 et
1783 3501 1885 3556 olei
1921 3502 2068 3561 inun-

490 3589 601 3644 etio
635 3600 923 3647 contentas
947 3603 1126 3662 partes
1158 3610 1220 3649 ac
1246 3595 1448 3663 rigidas
1481 3595 1774 3660 resolvens,
1813 3610 1935 3651 esse
1972 3611 2066 3666 po-

492 3672 673 3735 tertiut
696 3681 837 3736 usui.
874 3680 1007 3736 Cum
1048 3692 1226 3737 autem
1268 3700 1466 3754 corpus
1506 3692 1677 3738 totum
1750 3695 2062 3752 corruptum

488 3780 596 3839 est,
628 3774 924 3842 [quodnam
976 3776 1278 3831 curationis
1315 3790 1484 3843 genus
1526 3776 1805 3845 proderit?
1836 3778 2067 3846 Superat

490 3863 636 3919 enim
678 3880 894 3921 omnem
951 3868 1315 3923 remediorum
1366 3868 1472 3921 vim
1514 3883 1578 3921 ac
1633 3868 1886 3922 virtutem
1930 3869 2064 3922 artis

489 3956 804 4025 magnitudo
847 3958 1044 4013 morbi.
1097 3958 1283 4030 Itaque
1344 3960 1569 4029 populus
1632 3957 1888 4014 Iudaicus
1949 3960 2059 4027 jutu

490 4050 869 4107 consauciatus
919 4052 1103 4107 sanari
1171 4067 1280 4106 non
1342 4061 1517 4120 potest
1565 4068 1580 4105 :
1651 4061 1707 4106 et
1751 4052 2064 4105 inveteratis

493 4142 698 4197 morbis
734 4158 855 4197 cum
886 4143 1095 4199 laboret
1146 4142 1579 4208 intolerabiliter,
1624 4157 1722 4198 nec
1752 4142 1860 4197 ullo
1904 4144 2064 4198 modo

490 4232 539 4288 ei
570 4237 809 4290 succurri
841 4236 1029 4306 possit,
1058 4235 1276 4290 omnino
1295 4235 1476 4305 periit.
1507 4235 1655 4290 Unde
1678 4235 1912 4290 etdivini
1937 4250 2054 4304 pro-

489 4326 663 4390 phetae
686 4326 939 4382 dixerunt
974 4347 987 4382 :
1041 4345 1065 4380 ο
1093 4328 1416 4383 Curavimus
1453 4326 1803 4397 Babylonem,
1835 4342 1942 4381 non
1975 4336 2064 4381 est

488 4427 703 4485 sanata,
750 4419 1084 4475 deseruimus
1145 4430 1265 4474 eam
1320 4421 1384 4475 η’.
1420 4438 1440 4472 θ
1475 4417 1738 4488 Babyloni
1795 4419 2061 4488 siquidem

2178 1938 2443 2012 ἐξῄτησθε
2510 1938 2689 2003 δίκας,
2716 1937 2830 1991 ἀλλ’
2863 1937 3014 1990 οὐδὲν
3059 1931 3222 2007 ἦττον
3260 1935 3383 1989 ἐστέ
3423 1949 3766 2004 καταφρονηο

2177 2032 2269 2085 τα)⁸
2342 2031 2437 2083 καὶ
2492 2029 2724 2100 ἀνομίας
2773 2027 3081 2099 σύντροφοι.
3125 2026 3192 2080 Τί
3240 2021 3336 2079 οὖν
3364 2024 3445 2077 ἔτι
3480 2023 3767 2093 πληγῆτε;

2180 2125 2331 2177 ποῖον
2354 2123 2481 2192 ὑμῖν
2518 2121 2701 2184 αἰκίας
2732 2119 2956 2192 ἀρκέσει
2990 2119 3193 2191 μέτρον
3233 2118 3314 2181 είς
3352 2113 3761 2186 ἐπανόρθωσιν;

2176 2216 2231 2268 τί
2281 2215 2337 2267 δὲ
2372 2214 2509 2277 ὅλως
2565 2211 2988 2283 ἐπενεχθήσεται
3026 2210 3135 2264 τῶν
3189 2208 3399 2272 δεινῶν,
3435 2208 3464 2260 ὃ
3517 2208 3591 2277 μή
3646 2222 3766 2269 πως

2179 2304 2563 2377 συμϐἑ’ϐηκεν;
2622 2305 2772 2357 πᾶσα
2826 2303 3038 2373 κεφαλὴ
3091 2302 3173 2365 είς
3224 2301 3406 2363 πόνον,
3465 2300 3561 2352 καὶ
3610 2298 3766 2351 πᾶσα

2176 2396 2372 2468 καρδία
2397 2397 2477 2460 εἰς
2506 2395 2691 2465 λύπην
2728 2392 2838 2448 ἀπὸ
2889 2393 3065 2446 ποδῶν
3096 2392 3207 2456 ἓως
3245 2390 3508 2461 κεφαλῆς.
3559 2388 3621 2440 Οἱ
3664 2385 3769 2457 μὲν

2175 2489 2284 2559 γὰρ
2329 2489 2428 2560 τὴν
2480 2487 2729 2559 βασιλίδα
2766 2487 2930 2557 τιμὴν
2985 2485 3241 2555 λαχόντες
3280 2483 3651 2551 πεπονήκασιν
3696 2480 3764 2532 οῦ

2177 2578 2435 2649 μετρίως,
2479 2578 2752 2645 ἀντισχεῖν
2794 2575 2894 2628 οὐκ
2939 2573 3154 2644 ἔχοντες
3198 2574 3317 2636 ταῖς
3345 2570 3452 2625 τῶν
3487 2569 3762 2639 πολεμίων

2174 2669 2453 2741 ἐμϐολαῖς.
2505 2668 2849 2737 Λελύπηνται
2900 2667 2997 2719 καὶ
3048 2666 3098 2719 οἱ
3156 2666 3321 2735 ἱερεῖς
3368 2662 3644 2734 ἀργούσης
3683 2661 3763 2723 ὼς

2173 2757 2310 2829 ἔφην
2344 2757 2555 2821 θυσίας.
2597 2757 2957 2827 Ἐπλήττοντο
2977 2756 3034 2809 δὲ
3058 2755 3150 2809 καὶ
3180 2756 3230 2808 οί
3256 2753 3435 2817 πόδες,
3480 2753 3767 2805 τουτέστιν

2171 2850 2222 2901 oi
2260 2846 2560 2901 τελευταῖοι
2599 2847 2692 2900 καὶ
2740 2844 3065 2899 κατώτατοι.
3123 2842 3297 2897 Τοῦτο
3361 2843 3463 2913 μὲν
3503 2843 3614 2903 τοῖς
3650 2840 3769 2893 τῶν

2172 2938 2448 3011 πολεμίων
2482 2938 2662 3007 ξίφεσι
2699 2936 3101 3008 δαπανώμενοι,
3140 2935 3302 2989 τοῦτο
3350 2934 3408 2987 δὲ
3457 2932 3553 2988 καὶ
3579 2931 3757 3002 λιμοῖς

2170 3051 2231 3086 τε
2264 3032 2357 3085 κα)⁸
2392 3031 2697 3104 ἀκαρπίαις
2726 3029 3218 3101 κατατρυχόμενοι,
3245 3026 3339 3079 καὶ
3380 3026 3477 3096 τῆς
3516 3024 3764 3095 ἀκράτου

2169 3125 2542 3194 ταλαιπωρίας
2578 3123 2656 3185 είς
2699 3124 2895 3193 πεῖραν
2931 3119 3302 3190 ἐνηνεγμένοι.
3335 3116 3625 3186 Τοιγάρτοι
3653 3130 3758 3183 φη-

2173 3216 2276 3279 σὶν,
2312 3216 2414 3268 οὐκ
2443 3214 2557 3268 ἔστι
2601 3213 2865 3284 μάλαγμα
2903 3211 3190 3276 ἐπιθεῖναι,
3243 3208 3353 3263 οὔτ’
3397 3208 3596 3270 ἔλαιον,
3632 3204 3757 3259 οὔτε

2170 3306 2568 3377 καταδέσμους.
2617 3305 2734 3357 ’Ὀτ’
2763 3303 2829 3358 ἂν
2882 3303 2980 3374 μὲν
3014 3301 3121 3374 γὰρ
3169 3299 3471 3370 σύμμετροί
3508 3314 3650 3360 τινες
3676 3296 3767 3366 τῷ

2169 3397 2501 3468 ἀνθρωπίνῳ
2545 3394 2756 3466 σώματι
2809 3394 3150 3465 συμϐαίνωσι
3202 3391 3429 3461 πληγαὶ,
3472 3390 3569 3443 καὶ
3633 3388 3756 3443 καθ’

2169 3488 2285 3553 ἐνὸς
2321 3489 2389 3543 ίοι
2435 3488 2627 3560 μέλους
2687 3489 2727 3557 ἡ
2768 3486 2960 3557 βλάϐη.
3007 3483 3337 3555 Τοτηνικάδε
3377 3482 3625 3552 χρήσιμα
3654 3480 3756 3549 τῆς

2166 3582 2279 3634 τῶν
2302 3580 2659 3651 θεραπεύσειν
2707 3580 2924 3632 εἰδότων
2976 3575 3279 3638 ἐπιεικείας
3326 3574 3394 3627 τὰ
3440 3574 3750 3643 εὑρήματα,

2166 3669 2277 3727 οἷον
2325 3674 2609 3744 μάλαγμα,
2647 3672 2741 3726 καὶ
2785 3670 3137 3741 κατάδεσμοι,
3196 3669 3291 3721 καὶ
3347 3666 3527 3727 ἐλαίου
3575 3664 3759 3736 χρίσις

2166 3765 2380 3836 χολῶσα
2430 3766 2497 3818 τά
2522 3764 2921 3834 συντεινόμενα.
2949 3763 3124 3815 Ὅταν
3160 3759 3218 3812 δὲ
3252 3758 3320 3811 δι’
3346 3759 3466 3811 ὅλον
3500 3758 3560 3810 τὺ
3593 3754 3763 3825 σῶμα

2165 3857 2316 3925 νοσῇ,
2348 3855 2440 3908 καὶ
2468 3854 2550 3922 ἐφ’
2581 3851 2757 3924 ἐαυτῷ
2807 3850 3259 3921 καταφθείρηται,
3301 3850 3453 3911 ποῖος
3486 3846 3635 3916 αὐτῷ
3662 3845 3754 3898 θε-

2168 3946 2398 4019 ραπείας
2434 3946 2643 4017 ὀνίνησι
2690 3944 2928 4016 τρόπος;
2963 3943 3091 4013 νικᾷ
3143 3941 3253 4011 γὰρ
3301 3942 3518 4002 πάντως
3554 3939 3666 3992 τῶν
3686 3941 3753 3991 ἐκ

2163 4038 2360 4109 τέχνης
2417 4036 2876 4108 ἐπικουρημάτων
2929 4035 3028 4105 τὴν
3062 4032 3310 4102 δύναμιν,
3352 4033 3451 4102 τῆς
3489 4032 3644 4083 νόσου
3681 4030 3746 4082 τὸ

2170 4129 2419 4200 μέγεθος.
2467 4128 2711 4189 Ἀνίατος
2742 4124 3030 4196 τοιγαροῦν
3071 4127 3106 4193 ἡ
3144 4122 3254 4175 τῶν
3301 4121 3569 4174 Ἰουδαίων
3612 4121 3751 4187 πλη-

2166 4222 2261 4286 θὺς
2296 4219 2665 4291 περιπεσοῦσα
2693 4216 3024 4289 τραύμασιν,
3072 4215 3164 4267 καὶ
3200 4214 3493 4284 ἁφορήτως
3519 4209 3754 4265 νοσοῦσα

2164 4313 2235 4366 τὰ
2274 4313 2331 4379 ἐξ
2375 4311 2567 4383 ὀργῆς,
2603 4308 2881 4363 ἀπόλωλεν
2913 4305 3243 4378 ὁλοτρόπως,
3293 4304 3521 4373 μηδενὸς
3563 4303 3747 4365 αὐτοῖς

2166 4405 2530 4476 βοηθήσαντος
2555 4404 2777 4475 τρόπου.
2819 4398 3108 4466 Τοιγάρτοι
3146 4397 3391 4467 ἔφασκον
3431 4397 3524 4449 καὶ
3573 4396 3621 4448 οί
3666 4395 3750 4447 θε-

489 4511 730 4582 gentium
764 4512 905 4576 urbi;
947 4521 1004 4567 et
1053 4512 1168 4568 haec
1214 4513 1345 4568 urbs
1384 4513 1512 4567 licet
1555 4486 1740 4568 sancta
1775 4486 1916 4567 dicta
1964 4511 2055 4574 sit,

2172 4496 2377 4549 σπὲσιοι
2430 4496 2744 4565 προφῆται;
2806 4511 2824 4541 ι
2872 4489 3264 4559 Ἰατρεύσαμεν
3298 4487 3399 4559 τὴν
3426 4486 3747 4550 Βαϐυλῶνα,

490 4612 712 4672 propter
755 4602 1088 4671 impietatem
1123 4603 1175 4657 in
1202 4602 1480 4659 Christum
1530 4604 1785 4670 maxime,
1826 4612 1882 4659 et
1933 4603 2058 4672 quia

493 4709 613 4748 eam
676 4693 1001 4749 manufactis
1060 4695 1433 4765 oppleverunt,
1473 4705 1778 4765 comparata
1808 4704 1893 4750 est
1926 4712 1942 4750 :
1975 4706 2061 4749 ut-

486 4795 611 4855 pote
642 4802 761 4842 cum
787 4804 817 4843 a
846 4789 1235 4844 consuetudine
1259 4789 1614 4858 institutoque
1645 4788 2059 4860 Babyloniorum

490 4877 801 4945 neutiquam
832 4880 1149 4935 recederet:
1184 4894 1309 4950 qua:
1350 4881 1492 4935 dicta
1542 4891 1628 4936 est
1674 4883 1835 4935 etiam
1865 4882 2062 4937 civitas

488 4969 838 5039 scuiptilium.

557 5126 721 5185 Vsus.
756 5130 808 5184 7.
850 5129 1013 5185 Terra
1063 5144 1231 5187 vestra
1289 5132 1517 5195 deserta,
1572 5135 1809 5188 civitates
1873 5146 2057 5189 vestra:

485 5221 596 5291 igni
629 5233 872 5275 cremata:
915 5232 1058 5286 sunt,
1112 5225 1367 5294 regionem
1418 5236 1651 5279 nostram
1692 5226 1746 5279 in
1776 5237 2058 5296 conspectu

485 5325 653 5368 vestra
677 5313 833 5367 alieni
862 5314 1135 5370 devorant.
1179 5316 1247 5369 Et
1274 5327 1476 5371 vastata
1511 5327 1608 5381 est,
1638 5332 1816 5371 eversa
1837 5334 1869 5370 a
1897 5333 2058 5387 popu-

484 5407 548 5461 lis
577 5407 785 5461 alienis.

553 5498 703 5564 Quod
758 5497 965 5554 dictum
999 5498 1282 5556 videbatur
1314 5502 1709 5572 quodammodo
1749 5501 2052 5567 obscurius,

483 5605 645 5658 quam
692 5590 799 5647 dici
853 5594 1112 5659 oportuit,
1148 5593 1200 5648 id
1252 5594 1467 5663 planum
1517 5605 1573 5648 et
1612 5604 1856 5664 apertum
1892 5593 2040 5649 facit.

2159 4591 2253 4645 καὶ
2312 4590 2413 4642 οὐκ
2457 4587 2602 4657 ἰάθη,
2661 4584 3124 4654 ἐγκατελείπομεν
3177 4582 3366 4650 αὑτήν.
3401 4599 3421 4631 r
3461 4579 3751 4632 Βαϐυλῶνι.

2157 4685 2265 4755 γάρ
2298 4686 2363 4753 τῇ
2413 4681 2519 4735 τῶν
2566 4677 2734 4732 ἐθνῶν
2763 4676 3178 4748 παρεικάζεται,
3225 4674 3399 4727 καίτοι
3434 4672 3586 4734 πόλις
3612 4669 3743 4739 ἀγία

2158 4771 2647 4844 κατωνομασμένη,
2702 4770 2792 4823 διά
2824 4787 2906 4822 τοι
2949 4768 3186 4839 μάλιστα
3239 4765 3336 4836 τὴν
3370 4766 3450 4827 είς
3506 4762 3749 4832 Χριστὸν

2158 4866 2435 4928 ἀσέϐειαν,
2462 4864 2607 4936 ῆκα“ι
2637 4864 2719 4916 ὅτι
2759 4860 2869 4914 τῶν
2908 4859 3296 4931 χειροποιήτων
3328 4855 3741 4925 ἐνεπίμπλασαν

2163 4957 2350 5029 αὐτὴν,
2383 4957 2458 5019 ὡς
2482 4956 2602 5008 κατ’
2630 4953 2818 5007 οὐδένα
2853 4952 3051 5019 τρόπον
3071 4952 3136 5020 τῇ
3169 4946 3524 5001 Βαϐυλωνίων
3572 4963 3744 5016 παρα-

2162 5051 2452 5123 χωρήσειν,
2478 5048 2513 5117 ἦ
2545 5045 2640 5099 καὶ
2689 5044 3004 5115 ὠνόμασται
3026 5043 3099 5111 γῆ
3132 5040 3243 5094 τῶν
3270 5038 3541 5108 γλυπτῶν.

2236 5141 2298 5194 Ἠ
2340 5138 2415 5208 τῆ
2441 5135 2609 5206 ὑμῶν
2636 5136 2874 5204 ἔρημος,
2911 5137 2969 5187 al
3004 5133 3209 5197 πόλεις
3255 5130 3422 5200 ὑμῶν
3451 5128 3740 5196 πυρίκαυ-

2161 5246 2315 5294 στοι,
2373 5229 2487 5297 τὴν
2534 5228 2732 5298 χώραν
2788 5225 2954 5296 ὑμῶν
3012 5223 3265 5277 ἐνώπιον
3328 5220 3494 5289 ὑμῶν
3549 5219 3737 5272 ἄλλόν

2162 5338 2306 5390 τριοι
2374 5321 2802 5374 κατεσθίουσιν
2850 5314 3063 5380 αὐτήν.
3116 5312 3225 5367 Καὶ
3261 5310 3561 5379 ἠρήμωται
3602 5324 3737 5360 κατ-

2161 5408 2532 5481 εστραμμένη
2563 5407 2683 5463 ὑπὸ
2716 5404 2881 5461 λαῶν
2909 5403 3259 5470 ἀλλοτρίων.

2232 5502 2306 5555 Τδ
2347 5501 2717 5572 ἀσαφέστερόν
2767 5515 2881 5560 πως
2948 5497 2981 5566 ἢ
3040 5496 3176 5567 χρῆν
3228 5492 3480 5563 εἰρῆσθαι
3542 5485 3735 5542 δοκοῦν

2163 5593 2484 5663 καθίστησιν
2517 5590 2761 5661 ἐναργές.
2798 5588 2863 5640 Τί
2910 5586 3016 5657 γὰρ
3052 5586 3115 5639 ἂν
3164 5584 3404 5654 βούλοιτο
3438 5578 3630 5651 δηλοῦν
3648 5575 3737 5641 τὸ,

483 5680 623 5747 Quid
678 5682 821 5737 enim
872 5686 977 5739 hoc
1004 5684 1290 5754 signiﬁcat,
1326 5702 1430 5742 non
1473 5696 1556 5741 est
1594 5686 1858 5755 malagma
1898 5688 2039 5756 quod

2172 5688 2247 5740 ιύκ
2268 5685 2381 5738 ἔστι
2424 5682 2687 5754 μάλαγμα
2721 5679 3008 5743 ἐπιθεῖναι,
3033 5676 3155 5731 οὒτε
3178 5677 3371 5743 ἔλαιον,
3410 5672 3533 5727 οὔτε
3564 5685 3737 5724 mw.-

561 5836 606 5869 ”
644 5834 839 5895 Jercm.
878 5853 947 5897 LI.
978 5837 1029 5894 9.
