4094 6366
362 345 444 401 9-5
1541 344 1607 400 IN
1648 343 1880 401 ISAIAM
1920 342 1961 399 ι.

2091 346 2134 405 1.
2173 347 2380 405 ORAT.
2422 348 2463 403 ι.
3562 348 3639 398 ειι

366 463 635 531 δεσμούς·
679 460 1025 531 διερμηνεύει
1060 460 1291 525 λευκῶς,
1335 461 1664 533 ἠρημῶσθαι
1712 461 1813 533 τὴν
1854 461 1959 532 γῆν

2066 474 2390 535 apponatur,
2420 480 2527 520 non
2549 464 2724 519 oleum
2746 506 2759 530 ,
2798 478 2903 517 non
2925 463 3264 533 alligatore?
3297 462 3518 518 Terram
3542 481 3636 518 en-
3724 444 3727 449 ί

367 553 546 620 λέγων
596 551 799 616 αὐτῶν,
856 552 1224 623 ὲμπρισθῆναι
1263 553 1321 605 δὲ
1368 553 1463 605 καὶ
1496 552 1594 615 τὰς
1630 552 1813 613 πόλεις
1859 554 1956 607 καὶ

369 644 638 713 ὑπόχειρα
672 642 927 711 γενέσθαι
957 643 1066 695 τῶν
1105 643 1336 713 ἐχθρῶν,
1382 644 1475 696 καὶ
1523 643 1681 696 τοῦτο
1736 644 1958 711 ἀλλογε-

370 735 502 798 νῶν,
534 735 611 797 ὡς
666 736 948 805 μονονουχὶ
977 736 1068 788 καὶ
1125 736 1344 788 ἅπασαν
1395 736 1460 788 ὲκ
1521 736 1735 809 βάθρων
1778 736 1965 790 αὐτῶν»

372 826 802 896 ἀνατετράφθαι.
838 826 1161 889 Πλειστάκις
1183 826 1281 896 μὲν
1302 822 1396 879 οὖν
1422 826 1767 897 συμϐέϐηκεν
1815 826 1957 879 ἁλώ-

372 931 464 966 ναι
486 914 587 985 τὴν
619 914 900 978 Ἰουδαίαν,
927 915 1028 967 ὑπό
1060 931 1119 967 τε
1163 916 1462 987 Ἀσσυρίων
1488 917 1582 969 καὶ
1618 916 1953 984 Αἰγυπτίων,

370 1007 564 1076 Σύρων
615 1024 677 1060 τε
708 1008 801 1060 καὶ
846 1008 1174 1071 Μωαϐιτῶν,
1244 1010 1555 1080 Ἰδουμαίων
1604 1029 1663 1063 τε
1706 1011 1797 1064 καὶ
1850 1013 1957 1065 τῶν

371 1098 726 1169 καλουμένων
778 1099 1100 1171 Φιλιστιεὶμ,
1141 1101 1258 1171 ἦτοι
1320 1102 1716 1157 Παλαιπινῶν.
1799 1103 1958 1156 Ἀλλὰ

370 1190 533 1259 ὀλίγα
568 1190 842 1257 παθοῦσα,
881 1192 977 1245 καὶ
1034 1194 1366 1265 συμμέτροις
1416 1195 1529 1247 ἐσθ’
1582 1197 1671 1248 ὅτε
1725 1213 1957 1267 περιπε-

372 1284 547 1339 ωὖσα
562 1285 877 1354 ’συμφοραῖς
900 1284 1058 1338 πάλιν
1079 1287 1375 1356 ἀνήνεγκεν
1402 1286 1777 1357 ἐπαμύνοντος
1801 1288 1957 1353 Θεοῦ,

372 1376 471 1428 καὶ
500 1375 666 1428 αὑτοῦ
695 1377 982 1446 μοτοῦντος
1024 1376 1117 1429 τοῦ
1171 1377 1493 1447 πλήξαντος.
1551 1378 1853 1431 Ἀπόλωλεν
1904 1380 1961 1432 δὲ

370 1464 684 1535 ὁλοτρόπως
746 1466 883 1535 μετὰ
912 1466 1003 1518 τὸν
1048 1465 1143 1519 τοῦ
1193 1468 1444 1538 Σωτῆρος
1484 1470 1739 1539 σταυρὸν,
1787 1487 1961 1523 κατα-

372 1555 647 1625 δῃούντων
695 1556 863 1628 αὐτὴν
895 1557 1308 1611 Οὐεσπασιανοῦ
1356 1576 1415 1611 τε
1459 1561 1549 1613 καὶ
1608 1558 1789 1613 Τίτου.
1825 1560 1960 1613 Τότε

373 1644 486 1715 γὰρ
542 1646 607 1716 δὴ
668 1648 1013 1717 συμϐέϐηκεν
1058 1649 1533 1720 κατεμπρισθῆναι
1600 1652 1699 1721 μὲν
1755 1652 1958 1716 πόλεις,

370 1736 595 1791 ἃπασαν
647 1737 704 1791 δὲ
747 1740 857 1792 τῶν
912 1740 1265 1795 ἐνοικούντων
1325 1742 1487 1813 κενὴν
1545 1743 1798 1811 γενέσθαι
1860 1743 1958 1815 τὴν

365 1825 580 1899 χώραν,
628 1831 721 1884 καὶ
774 1831 880 1884 ὑπὸ
932 1835 1087 1902 χεῖρα
1129 1836 1314 1887 πεσεῖν
1358 1834 1469 1889 τῶν
1514 1837 1954 1907 κεκρατηκότων,
1990 1815 2031 1873 Β

366 1921 776 1992 παμμοχθηρὸν
800 1922 857 1976 δὲ
888 1923 949 1976 τὸ
982 1924 1212 1978 ἐνώπιον
1271 1926 1451 1980 αὐτῶν
1499 1928 1666 1998 ῆγουν
1710 1926 1961 1999 ὁρώντων

365 2012 471 2064 καὶ
499 2013 904 2085 ἀλγυνομένων,
952 2016 1045 2085 ὑφ’
1084 2018 1291 2089 ἑτέροις
1333 2014 1473 2072 εἶναι
1527 2020 1626 2090 τὴν
1675 2021 1779 2090 γῆν
1830 2038 1961 2073 κατ-

365 2102 694 2174 εσθιομένην
722 2106 921 2175 τρόπον
944 2107 1066 2160 τινά
1081 2109 1176 2161 καὶ
1198 2109 1614 2181 δαπανωμένην.
1641 2112 1713 2163 Τὸ
1733 2112 1832 2181 μὲν
1853 2112 1962 2184 γὰρ

365 2194 616 2259 ἀπόντας
637 2196 868 2252 ἀκοῦσαι
893 2199 1051 2270 μόνον
1071 2201 1212 2271 τάχα
1249 2220 1352 2255 που
1388 2203 1631 2275 φορητὴν
1668 2204 1851 2268 αὐτοῖς
1896 2204 1961 2257 ἂν

363 2287 662 2359 ἐνεποίησε
692 2290 790 2361 τὴν
817 2292 1016 2365 λύπην.
1040 2295 1113 2348 Τὸ
1135 2296 1191 2349 δὲ
1215 2296 1311 2349 καὶ
1343 2298 1615 2368 παρόντας
1643 2300 1793 2369 όρᾷν,
1847 2297 1963 2352 εἶτα

368 2380 548 2451 μηδὲν
575 2384 876 2454 ἐπαμύνειν
907 2387 1167 2443 δύνασθαι
1226 2391 1602 2462 κατηχθῆσθαι
1657 2394 1714 2446 δὲ
1772 2392 1962 2463 ὥσπερ

364 2476 496 2536 ταῖς
536 2474 594 2540 ἐξ
630 2477 877 2547 ἀνάγκης
902 2484 1211 2552 συμφοραῖς
1233 2482 1508 2536 δύσοιστον
1534 2484 1646 2555 ἔχει
1685 2484 1778 2537 καὶ
1822 2503 1964 2555 παμ-

367 2565 513 2619 πολὺ
561 2566 623 2620 τὸ
659 2566 884 2624 λυποῦν.
933 2573 1025 2624 Δεῖ
1052 2572 1116 2643 δὴ
1160 2569 1254 2627 οὖν
1286 2576 1434 2645 ἡμᾶς
1477 2576 1551 2646 μὴ
1603 2578 1961 2647 παροργίζειν

366 2655 466 2709 τδν
490 2657 647 2725 ἅγιον
678 2658 773 2712 τοῦ
818 2660 1051 2733 Ἰσραὴλ,
1090 2664 1176 2716 ἵνα
1226 2661 1302 2736 μὴ
1352 2667 1565 2736 ὁρατοῖς
1596 2684 1654 2720 τε
1684 2670 1778 2722 καὶ
1803 2669 1962 2740 ἀορά-

284 2772 291 2777 -
367 2764 489 2812 τοις
540 2752 963 2822 περιπίπτωμεν
1022 2755 1235 2826 ἐχθροῖς
1302 2758 1381 2820 είς
1446 2757 1517 2810 τὰ
1580 2758 1680 2827 τῆς
1738 2760 1962 2828 ἀτιμίας

369 2837 806 2904 καταϐιϐάςουσι
832 2843 1001 2911 πάθη,
1041 2845 1136 2896 καὶ
1170 2846 1278 2897 πᾶν
1314 2845 1577 2917 ὀχύρωμα
1609 2847 1703 2900 τοῦ
1728 2850 1784 2901 ὲν
1830 2851 1963 2920 ἡμῖν

368 2928 527 2993 ὃντος
550 2931 645 2983 νοῦ
691 2935 1180 3004 καταστρέφουσιν,
1214 2936 1291 3000 ὠς
1332 2940 1735 3009 κατανέμεσθαι
1763 2942 1963 3012 τρόπον

368 3022 498 3076 τινὰ
524 3023 624 3095 τὴν
662 3025 853 3079 ἀθλίαν
878 3027 1077 3099 ψυχὴν,
1114 3035 1207 3081 καὶ
1258 3031 1462 3094 πάντας
1512 3033 1681 3101 αὐτῆς
1720 3033 1963 3104 δαπανᾷν

368 3116 499 3179 τοὺς
530 3120 799 3187 καρποὺς,
845 3120 932 3173 ἵνα
958 3116 1067 3174 οἷον
1119 3121 1261 3193 ξηρά
1299 3140 1359 3176 τε
1388 3125 1481 3177 καὶ
1523 3124 1718 3195 ἄτιμος
1760 3120 1817 3199 ᾖ,
1865 3127 1960 3179 καὶ

370 3206 742 3272 ἀκανθοτόκος
767 3211 1088 3282 εὑρίσκηται
1137 3214 1233 3282 γῆ,
1260 3208 1324 3285 ἦς
1352 3214 1412 3268 τὸ
1439 3215 1591 3278 τέλος
1628 3217 1707 3280 είς
1741 3216 1955 3283 καῦσιν,

370 3296 517 3350 κατά
540 3298 641 3369 τὴν
671 3298 768 3352 τοῦ
796 3300 1066 3370 μακαρίου
1091 3302 1304 3356 Παύλου
1342 3306 1546 3374 φωνήν.

456 3389 1102 3460 Ἐγκαταλειφθήσεται
1126 3396 1161 3463 ἡ
1184 3395 1443 3463 θυγάτηρ
1468 3396 1621 3450 Σιὼν
1649 3398 1730 3464 ὡς
1754 3397 1957 3467 σκηνὴ

369 3479 446 3533 ἐν
471 3480 801 3550 ἀμπελῶνι,
834 3484 934 3537 καὶ
964 3485 1460 3555 ὀπωρορυλὰκιον
1483 3488 1554 3541 ἐν
1593 3492 1959 3557 σικυηλάτῳ,

371 3572 455 3639 ὡς
481 3576 662 3641 πόλις
687 3578 1189 3648 πολιορκουμένη.

458 3665 722 3719 Ἐλεεινὸν
744 3667 804 3720 τὸ
830 3668 1049 3740 χρῆμαο
1086 3671 1204 3734 πῶς
1249 3671 1358 3742 γὰρ
1409 3674 1468 3725 οὐ
1522 3673 1721 3745 θρήνου
1753 3693 1812 3728 τε
1867 3676 1963 3729 καὶ

371 3756 625 3826 οἰμωγῆς
669 3756 856 3823 ἀξιον;
885 3760 921 3829 ἡ
954 3761 1063 3831 γὰρ
1092 3760 1259 3813 πάλαι
1291 3760 1558 3832 θυγάτηρ,
1593 3764 1687 3817 καὶ
1716 3768 1782 3835 τῇ
1828 3765 1963 3837 κλή-

376 3863 462 3899 σει
488 3846 669 3918 τοιᾷδε
695 3850 1053 3920 τετιμημένη,
1088 3852 1181 3905 καὶ
1203 3848 1317 3907 οἷον
1353 3855 1459 3907 ὑπὸ
1489 3856 1659 3925 πατρὶ
1684 3856 1965 3929 φιλοστορ-

372 3939 593 4008 γοτάτῳ
640 3941 956 4010 πράττουσα
984 3944 1061 4015 τῷ
1097 3944 1237 4017 Θεῷ,
1271 3947 1305 4018 ή
1333 3948 1509 4017 φειδοῖ
1546 3949 1642 4002 καὶ
1672 3951 1860 4021 ἀγάπῃ
1894 3954 1961 4021 τῇ

372 4034 509 4101 παρ’
543 4034 711 4088 αὐτοῦ
742 4034 1039 4104 μεθύουσα,
1071 4038 1165 4089 καὶ
1194 4038 1317 4101 ταῖς
1355 4040 1434 4103 εἰς
1489 4039 1642 4110 λῆξιν
1691 4041 1963 4105 εὐκλείαις

375 4124 513 4194 παρ’
560 4125 727 4179 αὐτοῦ
768 4128 1204 4200 στεφανουμένη,
1257 4130 1354 4184 καὶ
1394 4131 1819 4203 κατακρατοῦσα
1854 4132 1965 4185 τῶν

374 4216 837 4286 ἀνθειστηκότων,
880 4221 974 4272 καὶ
996 4221 1293 4293 ἀμετρήτῳ
1322 4222 1524 4294 πληθυῖ
1547 4224 1657 4278 τῶν
1686 4223 1963 4278 ἐνοικούν-

375 4325 488 4361 των
550 4310 724 4379 αύτὴν
769 4311 1156 4382 περιεχομένη,
1207 4313 1240 4382 ἡ
1292 4314 1667 4384 παμμακαρία
1711 4318 1806 4370 καὶ
1848 4317 1965 4370 διαο

376 4398 574 4466 εόητος
596 4398 755 4463 Σιὼν,
782 4400 968 4469 ήγουν,
998 4400 1373 4473 Ἰερουσαλὴμ,
1401 4404 1965 4477 ὲγκαταλειφθήσεταί

2060 574 2179 612 rum
2212 566 2477 612 vastatam
2534 573 2656 613 esse
2690 556 2920 610 candide
2946 566 3000 610 et
3040 556 3325 626 perspicue
3362 557 3632 627 interpre-

2060 656 2225 709 tatur,
2292 645 2537 714 dicitque
2591 644 2750 698 urbes
2814 644 3080 707 incensas,
3125 644 3176 697 in
3221 658 3490 713 manuque
3515 661 3635 700 esse

2059 736 2291 791 hostium
2320 745 2481 804 atque
2506 735 2640 789 adeo
2671 735 3116 804 alienigenarum,
3170 743 3446 803 totamque
3478 737 3635 789 modo

2062 844 2167 882 non
2198 844 2226 880 a
2256 828 2314 898 8
2378 827 2746 880 frtriilamentis
2792 826 3035 880 excisam
3065 841 3203 880 esse.
3254 824 3635 894 Sirpenumem

2062 920 2277 990 quidem
2322 920 2539 984 accidit,
2580 929 2637 971 ut
2667 930 2952 987 caperetur
2980 916 3186 979 Judma,
3218 919 3287 971 ab
3320 918 3558 989 Assyriis
3579 929 3637 972 et

2060 1011 2352 1083 Aﬁgyptiis,
2383 1010 2535 1083 Syris
2594 1021 2649 1065 et
2700 1011 2967 1072 Moabitis,
3036 1013 3104 1065 ab
3145 1010 3417 1073 lduma'is,
3478 1012 3637 1065 etab

2065 1106 2146 1159 bis
2178 1104 2269 1174 qui
2311 1103 2618 1157 Philismim
2655 1118 2748 1156 seu
2782 1101 3055 1156 Palaestini
3082 1111 3378 1157 vocantur:
3409 1112 3464 1155 at
3497 1104 3639 1156 levia

2062 1195 2303 1263 pertulit,
2333 1204 2389 1249 et
2420 1196 2470 1247 in
2505 1194 2646 1246 mala
2679 1192 2869 1247 incidit
2900 1191 3239 1257 tolerabilia,
3260 1203 3316 1246 et
3341 1193 3637 1260 opitulante

2064 1288 2172 1342 Deo
2201 1287 2427 1355 ipsoque
2451 1285 2771 1339 vulnerante
2795 1284 3209 1352 percutientem,
3242 1299 3430 1340 rursus
3456 1300 3634 1339 emer-

2063 1381 2151 1433 sit.
2186 1379 2385 1435 Verum
2439 1386 2557 1448 post
2590 1376 2904 1431 Servatoris
2935 1391 3153 1430 crucem
3206 1374 3538 1443 Vespasiano
3571 1391 3637 1431 ac

2064 1471 2186 1525 Tito
2240 1485 2361 1523 eam
2408 1467 2788 1539 populantibus
2835 1466 3081 1520 funditus
3130 1476 3213 1519 est
3246 1467 3439 1521 deleta.
3484 1465 3649 1522 Tune

2063 1562 2206 1615 enim
2281 1561 2483 1627 evenit,
2546 1570 2604 1613 ut
2675 1560 2838 1611 urbes
2905 1559 3339 1623 incenderentur,
3383 1558 3633 1612 universa

2063 1653 2224 1705 etiam
2254 1650 2400 1721 regio
2455 1649 2647 1705 incolis
2683 1664 2876 1709 vacua,
2920 1660 3177 1717 vastaque
3219 1649 3532 1703 redderetur
3582 1655 3645 1701 et

2066 1745 2118 1794 in
2160 1757 2377 1795 manum
2435 1741 2702 1794 victorqu
2754 1738 3043 1801 recideret,
3098 1738 3350 1807 quodque
3392 1736 3653 1792 omnium.

2063 1832 2428 1886 miserrimum
2454 1838 2557 1895 est,
2611 1829 2664 1882 in
2705 1840 2999 1898 conspectu
3052 1829 3311 1895 ipsorum,
3347 1828 3477 1896 ipsis
3531 1828 3635 1882 sci-

2062 1923 2187 1978 licet
2221 1937 2404 1977 coram
2444 1920 2808 1990 spectantibus
2834 1959 2849 1984 ν
2903 1928 3064 1989 atque
3102 1918 3407 1974 dolentibus
3434 1928 3634 1973 terram

2062 2030 2183 2071 esse
2220 2014 2342 2068 aliis
2381 2011 2676 2077 subditam,
2721 2022 2776 2065 et
2803 2026 3019 2065 exesam
3050 2009 3445 2080 quodammodo
3475 2020 3653 2077 atque-

2061 2113 2454 2173 consumptam.
2486 2100 2619 2156 Nam
2649 2103 2905 2155 absentes
2944 2100 3167 2154 auribus
3196 2099 3412 2154 haurire
3437 2099 3651 2161 solum,

2060 2197 2301 2253 dolorem
2363 2192 2580 2247 afferret
2633 2190 2901 2255 fortassis,
2959 2199 3015 2243 at
3062 2188 3438 2244 tolerabilem:
3495 2205 3636 2259 pra:-

2061 2298 2244 2344 sentes
2267 2298 2393 2342 vero
2411 2284 2631 2351 intueri,
2657 2298 2756 2338 nec
2778 2293 2954 2336 tamen
2971 2280 3264 2351 quidquam
3296 2284 3413 2350 opis
3442 2283 3652 2338 all'erre

2061 2394 2238 2449 posse,
2293 2376 2723 2443 necessariisque
2771 2373 2923 2441 quasi
2971 2372 3328 2440 ingemiscere
3351 2373 3637 2427 calamita-

2062 2471 2225 2531 tibus,
2261 2469 2658 2524 intolerabilius
2704 2470 2920 2539 quidem
2963 2482 3067 2532 est,
3090 2478 3143 2523 et
3173 2484 3304 2523 sane
3331 2485 3490 2537 quam
3523 2484 3647 2525 mo—

2061 2560 2277 2615 lestum.
2328 2561 2509 2626 Quare
2560 2574 2665 2614 non
2698 2568 2781 2613 est
2837 2561 2991 2615 nobis
3022 2570 3244 2613 sanctus
3273 2558 3487 2615 lsraelis
3508 2576 3637 2614 con-

2058 2652 2327 2720 citandus,
2360 2669 2428 2708 ne
2469 2654 2520 2708 in
2562 2654 2745 2708 hostes
2777 2664 2881 2705 tam
2931 2652 3307 2722 aspectabiles,
3345 2670 3505 2723 quam
3563 2656 3641 2708 in-

2060 2746 2413 2816 aspectabiles
2442 2747 2759 2811 incidamus,
2792 2747 2880 2814 qui
2912 2747 2962 2799 in
3006 2747 3175 2801 [indas
3200 2749 3638 2817 perturbationes

2061 2843 2402 2910 demergunt,
2451 2849 2499 2893 et
2523 2855 2684 2893 omne
2710 2839 3177 2908 propugnaculum
3206 2841 3403 2894 mentis
3434 2853 3641 2896 nostra?

2061 2936 2401 2993 subvertunt,
2461 2945 2521 2985 ut
2580 2933 2832 2986 miseram
2887 2932 3123 2985 animam
3171 2934 3461 2999 depascant
3502 2951 3639 3003 quo-

2062 3025 2350 3077 dammodo
2405 3037 2703 3091 omnesque
2740 3024 2858 3091 ejus
2895 3024 3106 3077 fructus
3136 3024 3443 3090 absumant,
3484 3027 3553 3079 ita
3580 3037 3639 3081 ut

2062 3117 2209 3170 arida
2263 3116 2413 3182 quasi
2473 3130 2536 3168 ac
2596 3115 2844 3184 ignobilis
2905 3125 2959 3170 et
2998 3118 3267 3172 senticosa
3296 3127 3443 3171 terra
3483 3134 3637 3187 repe-

2062 3208 2264 3272 riatur‘,
2303 3207 2457 3274 cujus
2512 3208 2633 3261 linis
2684 3207 3031 3273 combustio,
3107 3209 3404 3264 secundum
3492 3209 3635 3263 beati

2060 3298 2210 3353 Pauli
2246 3299 2450 3352 dictum
2480 3298 2546 3351 ¹³.

2133 3389 2298 3446 Vens.
2332 3391 2386 3445 8.
2450 3390 2853 3461 Derelinquelur
2893 3391 3008 3459 ﬁlia
3063 3393 3220 3456 Sion,
3253 3403 3310 3445 ut
3340 3409 3462 3446 rasa
3482 3392 3534 3445 in
3561 3408 3640 3445 vt-

2060 3502 2181 3549 nea,
2222 3494 2278 3536 ut
2336 3486 2604 3553 tugurium
2657 3484 2711 3537 in
2761 3483 2912 3537 horto
2955 3500 3329 3550 cucumerum,
3385 3493 3439 3537 ut
3513 3487 3643 3538 urbe

2061 3577 2293 3631 obsessa.

2134 3668 2330 3723 Misera
2370 3681 2455 3721 res
2512 3666 2798 3737 profecto:
2840 3668 2929 3736 qui
2967 3667 3110 3720 enim
3144 3682 3250 3720 non
3288 3666 3358 3719 sit
3389 3666 3641 3722 lamentis

2061 3773 2115 3817 et
2134 3763 2279 3817 luctu
2313 3760 2512 3831 digna?
2541 3759 2674 3814 Nam
2710 3776 2831 3831 qua-
2852 3760 2960 3815 tilia
2990 3761 3262 3828 quondam
3304 3758 3425 3825 fuit,
3465 3769 3516 3812 et
3545 3760 3641 3814 tali

2064 3856 2342 3910 vocatione
2388 3862 2600 3916 ornata,
2640 3868 2761 3922 qua:
2802 3854 2884 3909 sic
2905 3854 3015 3925 egit
3046 3854 3146 3909 sub
3174 3862 3327 3922 patre
3354 3851 3638 3923 indulgen-

2064 3947 2276 4001 tissimo
2333 3946 2466 4011 Deo,
2517 3959 2638 4015 qua:
2683 3943 3061 3998 misericordia
3104 3953 3157 3997 et
3204 3943 3468 3997 cbarltate
3519 3941 3650 4009 ejus

2063 4037 2211 4091 ebria
2270 4036 2670 4106 quodammodo
2708 4035 2849 4091 facta
2883 4044 2988 4098 est,
3025 4034 3358 4089 nobilissima
3394 4041 3541 4087 sorte
3571 4033 3648 4087 ab

2062 4143 2129 4181 eo
2154 4136 2434 4191 coronata,
2470 4126 2792 4195 qmebostes
2825 4126 3156 4196 subjugavit,
3219 4135 3277 4180 et
3324 4125 3642 4179 innumera-

2063 4218 2155 4272 bili
2203 4216 2544 4271 multitudine
2585 4216 2929 4270 incolentium
2974 4216 3171 4270 referta
3201 4226 3257 4269 et
3308 4216 3488 4269 cincta
3518 4212 3639 4279 fuit,
3681 4278 3683 4280 η

2065 4311 2317 4379 perbeata
2375 4308 2464 4364 illa
2511 4308 2725 4377 quidem
2765 4316 2821 4363 et
2868 4308 3237 4378 percelebrata
3284 4305 3436 4369 Sion,
3480 4303 3641 4361 Jeru-

2065 4402 2233 4457 salem
2303 4400 2625 4456 videlicet:
2680 4400 2816 4464 hare,
2889 4400 3134 4470 inquam,
3216 4400 3643 4469 derelinquetur,

375 4507 567 4560 φησιν.
604 4490 760 4544 Τοῦτ’
788 4491 957 4554 ἐστιν,
986 4491 1193 4563 ἔρημος
1220 4494 1394 4549 ἔσται.
1429 4496 1470 4548 Γ
1474 4498 1617 4568 υμνή
1654 4514 1713 4549 τε
1752 4499 1962 4569 ἀπομε-

2070 4509 2262 4562 nempe
2298 4494 2514 4548 deserta
2547 4491 2675 4555 erit,
2715 4500 2770 4546 et
2809 4508 2931 4545 cum
2967 4492 3159 4546 robore
3202 4491 3471 4559 corporis,
3528 4500 3640 4545 tum

374 4587 481 4643 νεῖ,
515 4583 731 4650 καὶτῆς
769 4583 865 4636 τοῦ
910 4583 1172 4648 σώζοντος
1215 4586 1547 4655 εὐσθενείας,
1575 4590 1669 4642 καὶ
1697 4590 1805 4643 τῶν
1833 4593 1964 4644 ἐνοι·

374 4675 621 4729 κούντων
654 4676 845 4745 αὐτήν.
880 4676 1467 4751 Ἐγκαταλειφθήσεται
1507 4680 1563 4733 δὲ
1603 4680 1795 4747 οὕτως,
1829 4682 1963 4735 ὡσεὶ

377 4768 555 4839 σκηνὴ
588 4771 647 4821 ὲν
684 4769 993 4837 ἀμπελῶνι,
1033 4770 1128 4823 καὶ
1170 4770 1247 4834 ὡς
1286 4771 1737 4842 όπωροφυλάκιον
1766 4777 1825 4827 ὲν
1877 4792 1961 4826 σι-

376 4859 637 4928 κυηλάτῳ
656 4861 750 4911 καὶ
773 4860 850 4923 ὡς
869 4860 1022 4925 πόλις
1040 4862 1489 4934 πολιορκουμένη.
1515 4866 1576 4917 Oi
1597 4866 1696 4935 μὲν
1726 4865 1833 4936 γὰρ
1854 4867 1963 4920 τῶν

377 4949 735 5018 ἀμπελώνων
756 4952 1083 5021 τεταγμένοι
1106 4952 1363 5020 φύλακες,
1392 4953 1753 5024 ὲντεθηλότων
1779 4957 1963 5020 αὐτοῖς

379 5040 489 5091 τῶν
523 5041 763 5112 βοτρύων
797 5041 901 5103 ἔτι.
947 5042 1205 5113 πλείστην
1248 5060 1308 5095 τε
1358 5045 1491 5115 ὅσην
1540 5046 1818 5099 ποιοῦνται
1864 5048 1964 5117 τὴν

381 5132 716 5201 ἀσφάλειαν,
768 5135 864 5186 καὶ
915 5136 1039 5197 τοὺς
1083 5135 1398 5206 ἀποκείρειν
1459 5136 1740 5201 ἐθέλοντας
1797 5155 1965 5191 κατα-

383 5224 610 5276 πτυοῦσι
641 5224 862 5296 λῃστάς.
893 5227 1000 5278 Καὶ
1026 5226 1094 5279 τὰ
1124 5227 1233 5280 τῶν
1265 5227 1470 5298 θηρίων
1495 5228 1780 5281 ἐλαύνουσι
1810 5230 1961 5299 γένη.

388 5317 548 5381 Ἔθος
570 5319 629 5372 δὲ
654 5320 812 5372 τούτο
849 5319 1000 5390 δρᾷν,
1028 5322 1121 5374 καὶ
1164 5325 1276 5386 τοῖς
1306 5323 1414 5375 τῶν
1455 5324 1794 5395 σικυηλάτων
1840 5327 1961 5377 ἐπι-

384 5414 645 5480 τηρηταῖς
676 5412 796 5481 ἦτοι
823 5412 1133 5475 δεσπόταις.
1182 5414 1707 5487 Συγκεκομισμὲνων
1752 5417 1809 5470 δὲ
1852 5418 1961 5471 τῶν

386 5501 650 5572 βοτρύων,
678 5504 774 5557 καὶ
805 5507 1225 5577 πεπατημένων,
1258 5508 1483 5562 καὶτῶν
1513 5513 1571 5564 ἐν
1616 5512 1961 5583 σικυηλάτοις

389 5589 761 5662 ἐξῃρημένων,
790 5594 852 5646 τὸ
897 5595 1003 5649 τῶν
1049 5598 1424 5665 φυλαττόντων
1471 5603 1710 5665 ἐπιεικὲς
1755 5603 1961 5656 ἀνεῖται

469 5772 511 5803 ⁸³
536 5773 694 5829 llcbr.
741 5790 811 5838 \‘t,
845 5777 894 5829 8.

2067 4588 2257 4641 incolis
2330 4586 2442 4639 suis
2529 4586 2728 4639 nudata
2789 4603 2802 4639 :
2865 4597 2925 4639 et
3009 4586 3083 4638 ita
3183 4585 3634 4651 derelinquetur,

2066 4690 2122 4730 ut
2166 4693 2288 4731 casa
2364 4677 2416 4730 in
2474 4677 2652 4741 vinea,
2692 4685 2750 4730 ut
2798 4677 3069 4745 tugurium
3122 4675 3175 4729 in
3238 4674 3639 4737 cucumerario,

2064 4768 2122 4838 9
2152 4777 2206 4820 et
2240 4777 2297 4820 ut
2349 4769 2480 4822 urbs
2526 4769 2771 4822 obsessa.
2808 4767 2909 4834 Qui
2953 4768 3228 4821 vinearum
3278 4766 3421 4819 enim
3453 4774 3640 4819 custo-

2064 4861 2168 4915 diis
2192 4859 2579 4930 praeﬁciuntur,
2607 4861 2838 4914 racemis
2859 4860 2970 4929 jam
3007 4859 3311 4927 vigentibus
3340 4867 3399 4911 ut
3433 4859 3486 4911 in
3522 4867 3647 4912 tuto

2066 4969 2129 5007 ac
2158 4968 2348 5008 securo
2375 4955 2502 5017 sint,
2533 4954 2823 5024 plurimum
2859 4952 3196 5015 adnituntur,
3229 4961 3284 5005 et
3320 4949 3471 5004 fures
3497 4991 3512 5015 ,
3545 4950 3641 5020 qui

2066 5048 2358 5115 decerpere
2389 5045 2615 5109 volunt,
2672 5054 2877 5099 terrent
2899 5084 2916 5109 ,
2949 5053 3002 5097 et
3048 5042 3285 5096 ferarum
3315 5056 3515 5112 genera
3551 5057 3643 5094 ar-

2066 5147 2192 5191 cent
2226 5154 2240 5191 :
2272 5136 2413 5204 quod
2452 5137 2612 5189 etiam
2663 5135 2912 5190 factitare
2944 5136 2996 5188 in
3036 5148 3185 5186 more
3209 5144 3315 5198 est,
3354 5132 3639 5186 excubito-

2070 5229 2238 5291 ribus,
2269 5241 2361 5281 seu
2395 5225 2630 5279 dominis
2674 5224 3194 5278 cucumerariorum.
3226 5219 3482 5275 Raeemis
3510 5233 3648 5272 vero

2067 5318 2419 5388 comportatis
2446 5326 2502 5371 et
2530 5315 2777 5378 calcatis,
2798 5323 2853 5368 et
2887 5313 3154 5368 fructibus
3181 5313 3272 5381 qui
3302 5312 3355 5365 in
3386 5324 3640 5365 cucume-

2074 5420 2232 5473 rariis
2262 5427 2388 5472 sunt
2417 5415 2634 5478 ablatis,
2679 5414 2939 5469 sedulitas
2989 5412 3411 5468 custodientium
3456 5409 3508 5462 in
3545 5423 3642 5476 po-

2069 5521 2274 5566 sterum
2324 5510 2636 5576 remittitur,
2668 5518 2721 5562 et
2765 5508 2863 5571 illi,
2890 5508 3005 5562 suis
3038 5505 3254 5559 relectis
3281 5501 3644 5561 umbraculis,

2072 5604 2294 5659 liberam
2332 5602 2662 5669 irrumpeudi
2705 5609 3025 5668 potestatem
3075 5597 3274 5653 faciunt
3308 5593 3633 5663 quibuseun.
