4094 6366
485 336 556 393 τι
1492 331 1550 389 S.
1593 329 1866 389 CYBILLI
1907 327 2377 385 ALEXANDRINI
2416 328 2736 386 ARCHIEP.
3670 326 3752 383 κ

488 467 635 524 que,
671 451 764 523 qui
817 465 881 508 ea
911 448 1246 522 perlustrare
1293 445 1563 502 voluerint
1593 487 1607 499 .
1646 445 1776 501 Tale
1806 445 2063 514 quiddam

2172 442 2382 497 λοιπόν·
2423 442 2474 495 οἳ
2514 443 2609 495 καὶ
2653 439 2824 505 αὐτάς
2867 438 3097 511 ἀφέντες
3126 439 3225 504 τὰς
3266 438 3475 494 ἑαυτῶν
3513 441 3745 513 σκηνάςο

488 540 627 598 etin
685 541 883 596 misera
935 538 1067 594 Sion
1104 536 1217 591 lleri
1247 536 1593 605 propheticus
1642 550 1739 589 nos
1766 549 1947 588 sermo
1976 533 2065 585 do-

490 643 595 689 cet.
632 631 767 687 Dum
795 631 938 685 enim
972 631 1147 686 adhuc
1195 629 1405 683 fructus
1441 627 1666 698 iustitia:
1695 626 1940 690 haberet,
1983 638 2068 679 se-

491 749 622 789 cura
664 734 964 788 munitione
985 740 1042 787 et
1068 731 1314 788 custodia
1347 740 1402 783 et
1430 729 1579 783 omni
1611 744 1730 783 eam
1765 728 2067 782 misericor-

491 829 581 880 dia
607 827 860 897 dignatus
899 836 983 879 est
1012 823 1177 878 Deus.
1212 822 1355 877 Dixit
1383 822 1524 876 enim
1567 838 1582 875 :
1630 838 1649 871 ι
1689 820 1799 889 Ego
1832 835 1926 874 ero
1965 818 2064 885 illi,

493 919 569 974 ait
612 915 900 981 Dominus,
936 930 1125 971 murus
1157 913 1293 985 ignis
1322 911 1715 968 circumclusus
1740 952 1755 976 ,
1802 919 1853 965 et
1892 909 2064 979 gloria

492 1025 589 1066 ero
624 1012 676 1063 in
710 1010 886 1064 medio
915 1009 1033 1078 ejus
1062 1006 1130 1063 “.
1164 1025 1182 1058 ι
1231 1004 1392 1060 Canit
1442 1005 1606 1059 etiam
1640 1006 1827 1059 beatus
1864 1002 2062 1056 David:

498 1121 518 1153 ι
557 1101 694 1157 Ecce
740 1116 844 1155 non
898 1099 1250 1165 dormitabit,
1286 1112 1388 1152 nec
1415 1097 1668 1157 dormiet,
1700 1095 1794 1165 qui
1832 1095 2069 1149 custodit

493 1192 663 1247 Israel
694 1191 761 1247 ¹⁸.
802 1211 821 1244 ι
873 1190 1124 1259 Quandiu
1162 1199 1280 1247 erat
1301 1188 1491 1255 Israel,
1531 1188 1689 1242 vinea
1722 1187 1932 1241 Domini
1961 1186 2065 1241 Sa-

494 1284 679 1351 baoth,
708 1282 1084 1339 obvallabatur
1111 1291 1166 1338 et
1193 1281 1493 1351 sepimento
1509 1280 1669 1351 digna
1695 1278 2061 1349 judicabatnr.

494 1378 711 1448 Peperit
756 1387 933 1431 autem
976 1376 1193 1446 spinas,
1232 1374 1541 1443 traditaque
1563 1381 1646 1429 est
1671 1388 1701 1427 a
1738 1374 1845 1427 Deo
1875 1375 2065 1442 oppri-

495 1472 800 1537 ntentibus;
829 1470 1005 1539 inquit
1037 1469 1182 1524 enim
1220 1485 1233 1521 :
1270 1486 1288 1519 ι
1322 1463 1576 1519 Auleram
1610 1479 1792 1533 sepem
1831 1464 1980 1533 ejus,
2010 1472 2067 1519 et

494 1569 603 1623 erit
630 1567 916 1636 direptioni
952 1584 964 1623 :
1003 1574 1058 1621 et
1086 1565 1330 1620 auferam
1366 1564 1657 1618 maceriam
1690 1564 1841 1633 ejus,
1876 1573 1931 1618 et
1961 1564 2069 1618 erit

494 1656 893 1713 conculcationi
918 1695 934 1721 ,
963 1663 1017 1711 et
1047 1655 1350 1724 relinquam
1386 1653 1600 1707 vineam
1648 1668 1849 1717 meam,
1879 1662 1933 1708 et
1958 1668 2065 1708 non

496 1746 794 1817 potabitur,
845 1760 1020 1814 neque
1059 1743 1295 1799 fodietur
1324 1744 1391 1796 ".
1435 1761 1453 1795 ι
1503 1742 1692 1798 Fuisse
1724 1744 1887 1799 etiam
1919 1744 2063 1798 illam

494 1841 563 1894 ab
598 1854 729 1910 apro
762 1838 999 1894 silvestri
1037 1836 1440 1907 depopulatam,
1478 1846 1534 1892 et
1582 1838 1650 1891 ab
1683 1838 1836 1891 asino
1865 1837 2069 1907 agresti

494 1933 797 2002 depastam,
823 1932 1201 1998 desertamque
1219 1944 1246 1981 a
1263 1928 1373 1983 Deo
1397 1930 1607 1983 vineam
1634 1944 1697 1983 ac
1731 1928 2066 1993 derelictam,

495 2024 753 2079 Servator
784 2023 942 2077 docet
970 2022 1121 2077 hisce
1163 2020 1342 2076 verbis
1375 2037 1388 2074 :
1438 2040 1456 2073 ι
1491 2020 1816 2085 Jerusalem,
1849 2019 2070 2075 Jerusa~

496 2116 623 2179 lem,
653 2130 771 2185 quae
799 2114 1004 2170 occidis
1033 2115 1345 2184 prophetas,
1370 2122 1427 2168 et
1462 2113 1671 2184 lapidas
1704 2130 1798 2168 eos
1829 2114 1922 2183 qui
1946 2114 2070 2167 mit-

494 2215 682 2261 tuntur
718 2207 782 2260 ad
812 2215 863 2260 te
895 2226 909 2261 :
943 2207 1154 2275 quoties
1184 2205 1329 2260 volui
1359 2220 1690 2276 congregare
1731 2206 1872 2260 filios
1904 2216 2023 2260 tuos
2046 2248 2061 2270 ,

495 2297 945 2367 quemadmodum
983 2297 1178 2367 gallina
1226 2306 1521 2367 congregat
1560 2298 1737 2366 pullos
1794 2313 1922 2352 suos
1968 2297 2070 2353 sub

497 2393 644 2457 alas,
697 2402 751 2451 et
795 2392 1081 2449 noluistis.!
1128 2392 1267 2447 Ecce
1314 2392 1638 2460 relinquitur
1688 2392 1840 2445 vobis
1878 2392 2071 2445 domus

496 2496 675 2539 vestra
706 2484 919 2538 deserta
946 2484 1011 2536 ι’.
1046 2502 1064 2535 ι
1104 2482 1443 2537 Exclamavit
1470 2492 1524 2535 et
1549 2482 1653 2536 hoc
1682 2492 1808 2535 ante
1838 2496 1933 2551 per
1974 2496 2071 2535 vo-

496 2590 611 2630 cem
641 2575 937 2645 prophetae,
961 2575 1144 2629 dicens
1180 2594 1193 2629 :
1230 2593 1249 2626 ι
1288 2573 1563 2642 Dereliqui
1605 2574 1824 2629 domum
1856 2588 2030 2627 meam
2053 2615 2070 2641 ,

496 2667 673 2722 dimisi
700 2668 1060 2721 haereditatem
1091 2680 1287 2729 meam,
1308 2664 1428 2719 dedi
1460 2664 1716 2718 dilectam
1759 2665 1993 2718 animam
2017 2666 2069 2719 in

499 2774 689 2814 manus
709 2758 1051 2812 inimicorum
1086 2772 1327 2811 suorum.
1357 2755 1521 2810 Facta
1539 2767 1621 2810 est
1638 2756 1930 2811 haereditas
1951 2772 2068 2811 mea

497 2851 652 2915 mihi,
686 2860 742 2905 ut
774 2852 859 2905 leo
888 2851 939 2904 in
971 2849 1103 2904 silva
1127 2866 1141 2915 ;
1165 2849 1333 2902 edidit
1353 2858 1539 2902 contra
1569 2863 1653 2902 me
1682 2862 1868 2902 vocem
1894 2863 2073 2912 suam,

497 2952 779 3011 propterea
802 2941 889 2995 odi
919 2957 1035 2995 eam
1068 2942 1128 2994 ’⁸.
1168 2960 1187 2993 ι
1222 2938 1488 3008 Josephus
1521 2941 1649 2993 item
1681 2940 1923 2994 .lndaicaa
1958 2949 2072 2995 ter-

498 3051 573 3090 ra:
600 3033 735 3088 mala
776 3034 979 3100 tragice
1021 3032 1395 3100 ampliﬁcatis,
1448 3048 1568 3087 cum
1598 3032 1711 3103 jam
1749 3034 1799 3086 in
1827 3035 2074 3101 proximo

2169 535 2461 606 ἐλευθέραν
2510 538 2623 599 τοῖς
2674 534 2917 589 ἐθέλουσι
2968 532 3429 606 περιεργάζεσθαι
3474 532 3543 588 τὰ
3580 533 3745 589 λοιπά

2171 629 2447 685 ποιοῦνται
2478 629 2578 700 τὴν
2610 629 2879 698 εἰσϐολήν.
2912 628 3233 699 Πεπράχθαι
3283 645 3337 682 τι
3381 626 3624 681 τοιοῦτον
3647 628 3745 681 καὶ

2166 722 2261 774 ἐπὶ
2285 723 2350 792 τῇ
2382 719 2710 791 ταλαιπώρῳ
2739 718 2879 772 Σιὼν
2902 719 2931 771 ό
2961 717 3297 790 προφητικδς
3330 718 3478 787 ἡμᾶς
3501 716 3743 770 διδάσκει

2167 812 2346 881 λόγος.
2387 814 2503 867 Ἐτι
2558 812 2657 882 μὲν
2686 810 2793 881 γὰρ
2822 808 2950 873 τούς
2995 809 3096 879 τῆς
3139 808 3482 879 δικαιοσύνης
3512 808 3744 879 ἔχουσαν

2168 904 2433 975 καρποὺς,
2474 902 2776 971 ἀσφαλείας
2823 917 2882 953 τε
2917 899 3017 953 καὶ
3055 898 3451 970 παραφυλακῆς
3484 899 3579 951 καὶ
3620 915 3744 968 φει-

2166 996 2289 1057 δοῦς
2323 995 2541 1065 ἁπάσης
2569 994 2722 1063 ἠξίου
2756 993 2907 1055 Θεός.
2953 993 3095 1061 Ἔφη
3150 990 3260 1060 γὰρ
3298 991 3380 1043 ὅτι
3448 1008 3468 1041 ι
3508 991 3744 1061 Ἐσομαι

2167 1089 2327 1158 αὐτῇ,
2358 1086 2504 1155 λέγει
2536 1085 2759 1157 Κύριος,
2802 1088 2979 1155 τεῖχος
3009 1083 3178 1155 πυρὸς
3203 1082 3499 1146 κύκλωθεν,
3539 1082 3634 1136 καὶ
3663 1083 3746 1145 εἷς

2165 1180 2323 1245 δόξαν
2362 1178 2554 1249 ἔσομαι
2585 1181 2642 1230 ἐν
2677 1178 2825 1248 μέσῳ
2858 1176 3048 1245 αὐτῆς.
3110 1194 3129 1229 ι
3175 1175 3383 1229 Ψάλλει
3426 1173 3537 1244 γὰρ
3578 1172 3673 1226 καὶ
3716 1175 3747 1225 ὁ

2170 1273 2438 1344 μακάριος
2466 1271 2658 1325 Δαδίδ·
2698 1288 2718 1321 ι
2768 1270 2899 1323 Ἰδοὺ
2949 1270 3010 1322 οὐ
3038 1268 3316 1333 νυστάξει,
3353 1266 3475 1320 οὐδὲ
3505 1265 3745 1319 ὑπνώσει

2165 1367 2195 1418 ό
2220 1363 2507 1432 φυλάσσων
2537 1362 2625 1416 τὸν
2663 1362 2902 1432 Ἰσραήλ.
2943 1379 2960 1411 ι
3011 1360 3227 1430 Ἐπειδὴ
3276 1359 3334 1411 δέ
3360 1359 3538 1412 καίτοι
3581 1375 3746 1427 γεγο-

2166 1456 2272 1518 νὼς
2301 1459 2329 1511 ό
2373 1454 2605 1527 Ἰσραὴλ,
2647 1453 2904 1523 ἀμπελὼν
2946 1454 3152 1526 Κυρίου
3204 1450 3453 1516 Σαϐαὼθ,
3502 1451 3747 1523 κεχαρά-

2169 1566 2343 1603 κωται
2377 1548 2472 1619 μὲν
2498 1549 2592 1601 καὶ
2612 1545 2816 1618 ἠξιώθη
2850 1543 3128 1617 φραγμοῦ.
3157 1544 3356 1597 Τέτοκε
3380 1543 3437 1597 δὲ
3475 1543 3743 1608 ἀκάνθας,

2168 1642 2261 1695 καὶ
2283 1639 2489 1693 δέδοται
2516 1639 2666 1710 παρά
2690 1638 2825 1691 Θεοῦ
2854 1640 2966 1700 τοῖς
2994 1636 3198 1690 ἀδικεῖν
3228 1635 3493 1697 εἰωθόσιν,
3524 1652 3545 1686 ‹
3596 1633 3742 1688 Καθ-

2170 1730 2277 1785 ελῶ
2312 1731 2442 1802 γάρ,
2492 1732 2644 1801 φησὶ,
2700 1730 2790 1782 τὸν
2834 1728 3084 1799 φραγμὸν
3131 1727 3316 1793 αὐτοῦ,
3350 1728 3443 1781 καὶ
3485 1726 3634 1779 ἔσται
3666 1729 3748 1791 είς

2166 1823 2494 1896 διαρπαγὴν,
2532 1822 2625 1875 καὶ
2655 1821 2867 1875 καθελῶ
2899 1821 2990 1874 τὸν
3032 1821 3210 1889 τοῖχον
3238 1818 3425 1882 αὐτοῦ,
3460 1820 3555 1872 καὶ
3592 1818 3746 1872 ἔσται

2169 1919 2247 1981 είς
2278 1916 2672 1985 καταπάτημα,
2702 1915 2795 1967 καὶ
2826 1914 3011 1983 ἀνήσω
3040 1912 3129 1965 τὸν
3175 1911 3473 1981 ἀμπελῶνά
3500 1928 3622 1980 μου,
3651 1909 3747 1961 καὶ

2169 2009 2228 2062 οὐ
2303 2008 2378 2078 μὴ
2427 2006 2631 2077 τμηθῇ,
2696 2005 2817 2058 οὐδὲ
2869 2006 2944 2075 μὴ
2992 2006 3195 2073 σκαφῇ.
3252 2018 3272 2053 ι
3324 2003 3608 2075 Τοιγάρτοι
3650 2001 3748 2054 καὶ

2169 2102 2472 2173 ἐλυμήνατο
2544 2098 2712 2168 αὐτὴν
2755 2098 2966 2167 κάπρος
3037 2098 3102 2149 ἐκ
3167 2095 3394 2166 δρυμοῦ,
3469 2095 3563 2148 καὶ
3627 2094 3745 2157 δνος

2169 2192 2359 2261 ἄγριος
2383 2206 2572 2243 κατενε
2582 2189 2791 2259 μήσατο
2816 2186 3007 2257 αὐτὴν,
3047 2187 3128 2239 ὅτι
3156 2186 3213 2239 δὲ
3237 2185 3408 2255 ἀνῆκε
3450 2185 3542 2238 τὸν
3568 2186 3750 2256 ἀμπε-

2169 2282 2316 2336 λῶνα
2335 2281 2489 2345 Θεὸς,
2519 2280 2614 2334 καλ⁹
2640 2278 3129 2349 ἐγκαταλέλειπται
3157 2277 3290 2348 παρ’
3313 2276 3477 2329 αὐτοῦ
3507 2276 3749 2331 διδάσκει

2169 2373 2345 2442 λέγων
2391 2375 2419 2425 ὁ
2473 2372 2704 2442 Σωτήρ·
2752 2388 2769 2421 ι
2832 2368 3208 2439 Ἰερουσαλὴμ,
3275 2368 3646 2439 Ἰερουσαλὴμ,
3712 2370 3747 2439 ἡ

2171 2460 2542 2517 ἀποκτενοῦσα
2579 2462 2704 2523 τοὺς
2749 2461 3051 2530 προφήτας.
3084 2458 3177 2511 καὶ
3226 2457 3576 2512 λιθοϐολοῦσα
3620 2459 3749 2523 τοὺς

2171 2554 2613 2623 ἀπεσταλμένους
2644 2554 2779 2623 πρὸς
2823 2552 3014 2621 αὐτὴν,
3064 2552 3295 2613 ποσάκις
3342 2550 3583 2621 ἠθέλησα
3627 2553 3747 2604 ἐπι-

2174 2650 2498 2714 συναγαγεῖν
2517 2644 2587 2698 τὰ
2606 2644 2772 2698 τέκνα
2802 2661 2914 2708 σου,
2946 2644 3004 2696 ὃν
3040 2644 3238 2714 τρόπον
3259 2644 3575 2711 ἐπισυνάγει
3598 2642 3751 2712 ὅρνις

2171 2738 2240 2793 τὰ
2284 2738 2470 2791 νοσσία
2497 2735 2668 2805 αὐτῆς
2693 2734 2797 2786 ὑπὸ
2823 2734 2921 2796 τὰς
2952 2735 3246 2805 πτέρυγας,
3295 2733 3389 2785 καὶ
3420 2734 3519 2785 οὐκ
3554 2732 3751 2802 ἠθελή-

2176 2847 2342 2885 σατε’
2405 2828 2512 2882 ίδού
2563 2827 2782 2897 ἀφίεται
2840 2826 2966 2896 ὑμῖν
3018 2828 3045 2878 ὁ
3076 2820 3224 2888 οἶκος
3273 2824 3426 2895 ὑμῶν
3459 2825 3679 2895 ἔρημος.
3723 2843 3747 2876 ι

2174 2918 2658 2991 Προανακεκράγει
2710 2916 2766 2969 δὲ
2814 2914 2973 2968 τοῦτο
3023 2916 3114 2968 καὶ
3145 2915 3233 2967 διὰ
3263 2917 3444 2984 φωνῆς
3472 2917 3751 2985 προφήτου

2173 3012 2384 3080 λέγων·
2435 3008 2897 3077 Ἐγκαταλέλοιπα
2946 3007 3038 3059 τὸν
3069 3002 3215 3059 οἶκόν
3250 3023 3372 3076 μου,
3414 3006 3600 3075 ἀφῆκα
3651 3005 3752 3075 τὴν

498 3137 615 3181 erat
658 3135 714 3181 ut
762 3135 1047 3195 caperetur
1091 3123 1423 3190 Jerusalem,
1481 3134 1868 3180 commemorat
1916 3126 2070 3180 audi-

2176 3103 2544 3174 κληρονομίαν
2590 3117 2712 3170 μου.
2762 3100 2982 3152 Δέδωκα
3024 3099 3123 3169 τὴν
3169 3096 3531 3167 ἠγαπημένην
3574 3096 3751 3167 ψυχὴν

499 3220 644 3275 visse
669 3219 722 3273 in
756 3220 956 3285 templo
990 3233 1177 3273 vocem
1212 3218 1548 3282 sacerdotes,
1575 3218 1721 3271 velut
1761 3218 2074 3288 angelorum

500 3312 554 3366 in
585 3326 649 3366 eo
674 3310 1020 3365 clamantium
1052 3328 1065 3363 :
1104 3309 1207 3379 ιο
1227 3308 1514 3378 Migremus
1534 3309 1679 3363 hinc.
1700 3307 1930 3364 Obsessa
1947 3324 2075 3364 vero

501 3405 652 3467 urbe,
683 3406 895 3457 modum
942 3402 1124 3478 eﬂ'ugii
1165 3404 1233 3457 ab
1263 3404 1514 3459 omnibus
1561 3404 1651 3472 qui
1710 3403 1763 3457 in
1797 3418 1857 3458 ea
1890 3412 2072 3467 erant,

499 3497 780 3563 quaesitum
834 3496 1000 3553 fuisse
1026 3539 1040 3562 ,
1077 3499 1166 3565 qui
1199 3496 1419 3550 dubium
1452 3498 1503 3551 id
1537 3499 1794 3565 quiddam
1819 3512 1945 3552 esse
1980 3512 2075 3565 po-

503 3588 650 3643 test?
685 3587 818 3644 llinc
849 3587 1117 3655 conjicere
1172 3588 1332 3651 licet,
1387 3604 1507 3658 qua:
1549 3588 1789 3643 Judaieae
1831 3591 2074 3660 regionis

501 3677 638 3732 tnala
676 3678 895 3733 iuerint.
936 3678 1069 3732 Nam
1104 3681 1347 3735 obsessis
1384 3688 1465 3734 ter
1492 3680 1730 3749 optabile
1763 3681 2072 3748 videbatur,

501 3764 585 3818 vel
634 3765 796 3818 vitam
829 3780 1156 3820 conservare
1186 3785 1200 3822 :
1233 3768 1297 3821 de
1320 3767 1477 3821 domo
1510 3779 1687 3822 autem
1718 3779 1773 3824 et
1794 3769 2073 3825 facultati-

500 3858 621 3920 bus,
651 3855 733 3911 vel
762 3857 923 3910 etiam
966 3857 1032 3911 de
1078 3858 1295 3911 civitate
1347 3858 1491 3912 nulla
1531 3859 1634 3914 illis
1681 3861 1904 3915 omnino
1944 3878 2073 3916 cura

502 3958 641 4001 erat.
680 3947 968 4003 Sciendum
1000 3959 1257 4018 prwterea
1290 3950 1526 4005 hominis
1571 3952 1805 4006 animam
1840 3954 2074 4007 derelin—

500 4041 591 4107 qui
625 4052 654 4091 a
687 4037 797 4093 Deo
828 4040 1171 4094 multifariam
1199 4062 1210 4096 :
1245 4042 1345 4097 nisi
1385 4044 1699 4113 praescripta
1726 4055 1871 4099 recte
1906 4061 2074 4100 exse-

501 4141 719 4200 quatur,
748 4140 802 4186 et
830 4131 1036 4185 Domini
1074 4134 1307 4188 oraculis
1338 4137 1607 4190 cervicem
1630 4137 1942 4202 submittat,
1964 4140 2076 4207 pie-

503 4220 733 4291 tatisque
755 4222 960 4277 fructus
987 4225 1179 4292 pariat.
1212 4223 1468 4297 [iEtenim
1497 4229 1541 4280 si
1571 4228 1693 4297 quis
1726 4238 1971 4283 nostrum
2001 4232 2069 4285 ab

503 4314 657 4369 initio
683 4315 882 4382 probus
918 4315 1099 4379 fuerit,
1132 4315 1150 4387 ]
1182 4318 1226 4370 si
1262 4328 1604 4387 nuncupatus
1637 4320 1780 4376 [ilius
1828 4331 1922 4374 attt
1966 4324 2072 4376 lilia

500 4404 617 4469 Dei,
650 4405 693 4459 si
727 4405 890 4459 etiam
924 4404 1075 4471 Sion,
1109 4408 1209 4460 hoc
1233 4418 1352 4471 est,
1409 4410 1625 4478 specula
1656 4412 1946 4477 exstiterit,
1986 4414 2070 4466 ni-

502 4494 696 4549 mirum
726 4498 906 4549 animo
932 4497 1145 4551 excelso
1167 4508 1221 4551 et
1257 4507 1437 4553 mente
1477 4501 1786 4569 purissima,
1813 4505 2073 4574 mysteria

501 4586 741 4641 intuente
774 4601 837 4641 ac
866 4589 1242 4643 considerante
1278 4608 1290 4643 :
1334 4592 1377 4643 si
1411 4607 1539 4645 vero
1589 4592 1806 4658 deinde,
1840 4611 1960 4662 quae
1996 4596 2076 4651 fas

499 4692 606 4732 non
650 4689 735 4733 est
778 4691 1123 4749 perpetrare,
1157 4692 1491 4743 etgsanctum
1538 4684 1701 4738 Israel
1744 4689 2077 4744 exacerbare

499 4770 861 4839 conspiciatur
903 4788 916 4824 :
978 4777 1044 4827 ab
1073 4773 1189 4843 ipso
1213 4776 1514 4839 deseretur,
1549 4793 1612 4831 ac
1643 4778 1790 4831 velut
1831 4780 2074 4836 incusto-

502 4860 613 4913 dita
668 4862 826 4916 vinea
857 4865 1115 4933 prodetur
1155 4865 1402 4933 Satanae,
1436 4879 1485 4922 et
1543 4870 1726 4924 carnis
1756 4868 2035 4927 aﬂ‘ectihus
2058 4913 2073 4938 ,

499 4951 750 5019 omnique
786 4955 984 5009 virtute
1032 4972 1254 5019 vacuus,
1309 4959 1693 5029 prteelarisqtte
1744 4962 1865 5015 vitae
1920 4962 2077 5016 insti-

502 5042 713 5094 tuenda:
738 5057 801 5097 ac
828 5050 1257 5103 conversationis
1278 5051 1562 5106 decoribus
1590 5052 1786 5116 nudus,
1816 5052 2070 5106 omnibus

498 5143 727 5186 ounstns
754 5136 907 5189 malis
930 5139 1212 5196 eﬂicietur.

2180 3213 2280 3266 μου
2312 3196 2391 3258 εἰς
2431 3197 2618 3264 χεῖρας
2647 3190 2857 3261 ἐχθρῶν
2894 3190 3083 3259 αὐτῆς.
3131 3187 3393 3258 Ἑγενήθη
3432 3191 3463 3257 ἠ
3497 3187 3753 3257 κληρονοο

2180 3288 2276 3357 μία
2309 3302 2409 3356 μου
2449 3284 2593 3353 ἐμοὶ,
2626 3281 2701 3343 ὼς
2748 3280 2884 3333 λέων
2933 3280 2991 3331 ἐν
3035 3276 3246 3348 δρυμῷ,
3281 3276 3509 3328 δέδωκεν
3536 3276 3623 3327 ἐπ’
3652 3275 3754 3345 ἐμὲ

2178 3378 2362 3448 φωνὴν
2394 3376 2585 3444 αὐτῆς,
2629 3371 2718 3425 διὰ
2788 3368 2947 3424 τοῦτο
2994 3369 3233 3439 ἐμίσησα
3271 3369 3458 3436 αὐτήν.
3498 3386 3515 3417 ι
3559 3366 3755 3435 Διαμέ-

2181 3485 2380 3540 μνηται
2424 3466 2484 3519 δέ
2531 3482 2634 3517 που
2701 3463 2982 3532 Ἰώσηπος,
3031 3464 3059 3513 ὁ
3091 3460 3158 3513 τὰ
3190 3461 3286 3525 τῆς
3342 3458 3606 3512 Ἰουδαίων
3650 3457 3756 3525 γῆς

2180 3559 2605 3631 ἐκτραγῳδήσας
2654 3556 2825 3626 πάθη.
2881 3556 3005 3608 Ὅτι
3058 3552 3355 3624 μελλούσης
3407 3551 3610 3604 ἁλῶναι
3653 3550 3756 3619 τῆς

2190 3650 2566 3723 Ἰερουσαλὴμ,
2599 3650 2794 3719 ἤκουον
2821 3648 2871 3699 οἱ
2906 3648 3070 3716 ἱερεῖς
3097 3646 3154 3697 ἐν
3180 3644 3258 3712 τῷ
3304 3642 3418 3712 ναῷ
3446 3642 3647 3711 φωνῆς,
3678 3640 3756 3703 t'o;

2176 3740 2285 3793 τῶν
2324 3742 2381 3792 ἐν
2425 3740 2572 3807 αὐτῷ
2606 3737 2850 3807 βοώντων
2895 3735 3163 3804 ἀγγέλων,
3214 3734 3641 3801 Μεταόαίνωμεν
3670 3732 3757 3782 ὲν-

2177 3833 2389 3887 τεῦθεν.
2442 3832 2564 3884 Ὅτι
2631 3830 2688 3882 δὲ
2754 3826 2961 3891 πόλεως
3029 3824 3512 3897 πολιορκουμένης,
3576 3821 3755 3890 φυγῆς

2179 3924 2330 3995 παρά
2385 3924 2605 3977 πάντων
2652 3923 2894 3993 ζητεῖται
2922 3919 3121 3991 τρόπος
3172 3918 3281 3970 τῶν
3336 3920 3393 3969 ἐν
3446 3917 3604 3984 αὐτῇ,
3638 3914 3757 3976 πῶς

2178 4018 2324 4070 ἐστιν
2354 4015 2722 4085 ἁμφιὸαλεῖν;
2776 4012 3026 4065 ἐντεῦθέν
3081 4013 3196 4062 ἐστι
3235 4008 3304 4061 τὰ
3337 4008 3437 4077 τῆς
3483 4005 3753 4059 Ἰουδαίων

2180 4106 2363 4177 χώρας
2402 4102 2889 4173 διατεκμαίρεσθαι
2931 4099 3099 4170 πάθη.
3138 4097 3476 4169 Τριπόθητον
3506 4093 3612 4163 γὰρ
3640 4096 3757 4156 τοῖς

2178 4198 2653 4268 πολιορκουμένοις
2688 4194 3045 4263 κατεφαίνετο
3072 4192 3167 4244 καὶ
3194 4190 3254 4243 τὸ
3284 4189 3452 4259 μόνην
3494 4184 3755 4241 δύνασθαι

2175 4290 2437 4345 διασῶσαι
2460 4288 2659 4359 ψυχήν.
2691 4287 2854 4339 Οῐκου
2883 4284 2939 4337 δὲ
2978 4284 3071 4337 καὶ
3107 4280 3418 4353 περιουσίας
3454 4280 3485 4349 ἢ
3522 4278 3615 4330 καὶ
3654 4276 3756 4344 τῆς

2178 4382 2386 4444 πόλεως
2449 4381 2619 4449 αὐτῆς
2672 4378 2844 4438 οὐδεὶς
2900 4371 2967 4444 ἦν
3018 4374 3198 4433 αὐτοῖς
3252 4368 3531 4430 παντελῶς
3576 4366 3756 4434 λόγος,

2107 4465 2154 4524 D
2191 4473 2386 4527 Ἰστέον
2415 4471 2471 4525 δέ
2499 4472 2581 4523 ὅτι
2611 4469 2704 4523 καὶ
2727 4467 2823 4537 τὴν
2847 4465 2941 4519 τοῦ
2976 4463 3264 4532 ἀνθρώπου
3292 4461 3468 4529 ψυχὴν
3502 4459 3752 4525 ἐγκατα-

2181 4564 2464 4617 λείπεσθαι
2516 4561 2663 4633 παρά
2711 4556 2845 4611 Θεοῦ
2900 4553 3187 4623 συμϐαίνει
3249 4549 3525 4611 πολλάκις,
3574 4548 3623 4599 εί
3682 4546 3756 4615 μὴ

2180 4657 2352 4710 ’έλοιτο
2403 4654 2647 4723 διορθοῦν
2696 4650 2762 4702 τὰ
2810 4644 3241 4715 διατεταγμένα,
3288 4643 3382 4694 καὶ
3418 4640 3756 4700 δεσποτικοῖς

2182 4749 2546 4815 θεσπίσμασιν
2579 4740 2926 4809 ὑποφέρουσα
2958 4737 3048 4789 τὸν
3101 4734 3324 4804 αὐχένα,
3369 4731 3495 4792 τοὺς
3542 4728 3641 4796 τῆς
3674 4728 3756 4788 εἰς

2181 4841 2344 4893 αὐτὸν
2387 4835 2666 4896 εὐσεϐείας
2700 4831 2980 4885 ἀποτίκτει
3030 4824 3297 4897 γαρπούς.
3334 4824 3395 4875 El
3428 4821 3521 4874 καὶ
3550 4836 3754 4889 κεκρη-

2186 4932 2409 4998 μάτικεν
2442 4928 2554 4990 υἱὸς
2602 4926 2634 4995 ἢ
2684 4924 2928 4993 θυγάτηρ
2962 4919 3119 4981 Θεοῦ,
3155 4920 3203 4971 εἰ
3239 4916 3332 4969 καὶ
3370 4914 3559 4982 γέγονε
3595 4909 3754 4972 Σιὼν,

2180 5024 2209 5076 ὅ
2247 5024 2362 5074 ἐστι
2397 5017 2809 5085 σκοπευτήριον,
2841 5013 2986 5066 τοῦτ’
3040 5012 3185 5064 ἐστιν
3229 5012 3286 5061 ἐν
3332 5006 3508 5075 ὑψηλῇ
3553 5001 3756 5071 διανοίᾳ

2186 5116 2282 5169 καὶ
2310 5113 2386 5184 νῷ
2415 5109 2787 5182 καθαρωτάτῳ
2816 5108 2910 5161 καὶ
2934 5107 3066 5176 όρᾷν
3095 5104 3256 5156 εἰδότι
3290 5101 3581 5171 μυστήρια.
3628 5090 3755 5146 Εἶτα

498 5222 661 5292 δρῶν,
699 5223 736 5277 ἃ
788 5225 861 5297 μὴ
896 5226 1051 5297 θέμις
1085 5232 1435 5302 παροτρύνων
1462 5231 1633 5301 ὁρῷτο
1659 5232 1748 5285 τὸν
1782 5232 1936 5300 ἅγιον
1968 5236 2061 5289 τοῦ
2099 5233 2338 5306 Ἰσραὴλ,
2383 5222 2940 5295 ἐγκαταλειφθήσεται
2984 5217 3114 5288 παρ’
3189 5213 3377 5306 “MOU!
3428 5213 3522 5266 καὶ
3545 5203 3635 5306 εἶῘά
3671 5224 3753 5306 τίς

501 5312 846 5384 ἀφρούρητος
891 5297 1556 5392 ἀμπελὼνίἐκδοθήσεται-
1591 5321 1667 5392 τῷ
1698 5297 1932 5393 Σατανᾷ,
1980 5326 2075 5378 καὶ
2110 5297 2221 5386 soi;
2274 5297 2479 5375 mitigat
2516 5316 2615 5385 τῆς
2665 5311 2885 5381 σαρκὸς,
2927 5308 3129 5379 ἔρημός
3174 5323 3233 5359 τε
3272 5303 3488 5374 ἀπάσης
3554 5297 3753 5370 ἀρετῆς

501 5404 964 5477 ἀναδειχθήσεται,
998 5413 1093 5464 καὶ
1156 5413 1356 5481 γυμνὸς
1423 5414 1755 5484 αὐχημάτων
1791 5416 1900 5468 τῶν
1928 5419 1993 5470 ἐκ
2022 5417 2289 5478 πολιτείας
2315 5409 2544 5480 ἀγαθῆς,
2581 5406 2675 5459 καὶ
2704 5406 2902 5465 παντὸς
2931 5402 3213 5461 ἀνάπλεως
3244 5396 3434 5451 κακοῦ.

579 5499 743 5555 Vsus.
771 5500 825 5553 9.
863 5501 929 5555 Et
963 5507 1063 5557 nisi
1096 5505 1347 5561 Dominus
1378 5509 1609 5563 Sabaoth
1652 5512 1943 5579 reliquisset
1980 5530 2071 5566 no-

587 5767 629 5803 ⁸⁵
653 5766 817 5825 Zuclt.
850 5783 909 5834 It,
1102 5769 1140 5798 ”’
1171 5768 1309 5823 Paul.
1354 5785 1480 5836 cxx,
1513 5771 1565 5823 5,

2250 5507 2357 5563 Καὶ
2396 5508 2447 5559 εἱ
2488 5503 2573 5572 μὴ
2621 5501 2837 5569 Κύριος
2868 5498 3108 5551 Σαϐαὼθ
3146 5494 3568 5565 ἐγκατέλειπεν
3609 5484 3753 5556 ἡμῖν

1647 5772 1686 5804 ⁸⁸
1726 5771 1824 5825 lsa.
1855 5788 1904 5838 v,
1935 5772 1965 5826 6
2064 5772 2070 5803 ¹

2172 5768 2329 5827 latth.
2395 5785 2547 5834 χλιιι,
2602 5766 2812 5832 57,58.
2891 5764 2933 5795 ¹⁸
2991 5768 3192 5821 .lcrem.
3246 5776 3342 5827 xu,
3406 5757 3545 5825 7,8.
