4094 6366
496 311 562 368 5i
1502 322 1559 377 δ.
1603 322 1883 379 CYBILLI
1920 324 2392 383 ALEXANDBINI
2432 329 2753 386 ARCIIIEP.
3704 337 3781 387 δα

498 433 784 483 temnitis?
824 442 1077 497 Ignorans
1098 424 1357 500 quoniam
1377 431 1683 503 benignitas
1711 435 1803 491 Dei
1824 436 1889 491 ad
1916 438 2092 508 paeni-

2199 441 2293 495 καὶ
2343 441 2743 496 δυσαπόνιπτον
2796 441 2941 514 ἔχειν
2994 448 3092 515 τὴν
3132 444 3425 515 ἁμαρτίαν.
3484 447 3595 501 Καὶ
3630 448 3774 517 μάλα

497 518 720 573 tentiam
744 529 795 573 te
811 520 1063 576 adducit?
1084 523 1393 579 Secundum
1422 536 1601 579 autem
1625 528 1883 582 duritiam
1915 539 2082 600 tuam,

495 618 552 661 et
580 608 928 677 imptenitens
965 628 1062 670 cor
1098 616 1438 671 thesaurizas
1469 618 1563 671 tibi
1592 618 1727 673 iram
1769 620 1821 674 in
1855 622 1943 677 die
1991 623 2086 677 ira:

495 707 553 753 et.
589 700 934 758 revelationis
964 704 1095 773 justi
1123 704 1312 772 judicii
1345 706 1455 763 Dei.
1478 710 1522 740 “
1561 707 1763 763 Omnes
1790 712 1935 765 enim
1982 728 2085 769 nos

498 795 875 861 repraesentari
914 807 1127 865 oportet
1157 798 1295 867 apud
1334 799 1567 854 tribunal
1595 800 1823 871 Christi,
1863 805 2085 860 utrel'e-

497 892 587 938 rat
619 888 992 956 unusquisque
1009 904 1127 958 qua:
1148 904 1245 959 per
1282 906 1481 961 corpus
1511 894 1698 962 gessit,
1717 895 1832 950 sive
1854 896 2076 965 bonum,

497 974 616 1029 sive
639 975 912 1033 malum.“
948 998 967 1030 ι

2196 531 2371 603 ὀρθῶς
2393 534 2670 603 εἰρήσεται
2698 533 2832 603 πρὸς
2865 534 3024 606 ἡμῶν
3044 552 3057 565 ο
3106 553 3125 586 ι
3192 537 3244 587 'H
3274 536 3369 590 τοῦ
3416 536 3645 591 πλούτου
3676 541 3775 610 τῆς

2195 629 2562 697 χρηστότητος
2613 626 2802 690 αὐτοῦ,
2850 630 2944 681 καὶ
2989 628 3090 698 τῆς
3124 629 3341 699 ἀνοχῆς,
3394 632 3487 683 καὶ
3519 632 3618 701 τῆς
3667 650 3776 703 μα-

2195 716 2502 788 κροθυμίας
2527 722 2890 790 καταφρονεῖς
2915 736 2929 785 ;
2960 718 3168 787 ἀγνοῶν
3197 720 3277 772 ὅτι
3319 720 3379 773 τὸ
3412 721 3647 792 χρηστὸν
3681 723 3776 776 τοῦ

2192 808 2328 861 Θεοῦ
2365 811 2445 871 εἰς
2484 811 2773 879 μετάνοιάν
2820 828 2877 864 σε
2930 810 3073 879 ἄγει.
3109 810 3267 865 Κατὰ
3306 811 3362 864 δὲ
3409 814 3508 882 τὴν
3547 814 3776 885 σκληρό-

2188 899 2327 969 τητά
2385 917 2503 964 σου,
2558 904 2653 955 καὶ
2702 904 3072 974 ἀμετανόητον
3120 903 3368 973 καρδίαν,
3424 904 3775 975 θησαυρίζεις

2197 990 2410 1061 σεαυτῷ
2447 990 2615 1063 ὀργὴν
2668 994 2727 1045 ἐν
2776 993 2961 1064 ἡμέρᾳ
3004 994 3177 1064 ὀργῆς
3216 994 3312 1047 xui.
3359 994 3777 1065 ἀποκαλύψεως,

500 1067 595 1119 καὶ
627 1067 1020 1140 δικαιοκρισίας
1056 1072 1149 1124 τοῦ
1188 1071 1346 1127 θεοῦ.
1385 1075 1522 1140 Τοὺς
1556 1077 1665 1150 γὰρ
1733 1082 1939 1146 πάντας
1962 1083 2112 1152 ἡμᾶς
2147 1084 2229 1137 δεῖ
2256 1087 2637 1157 φανερωθῆναι
2708 1089 3015 1159 ἔμπροσθεν
3051 1087 3146 1141 τοῦ
3184 1088 3421 1158 Χριστοῦ
3447 1128 3461 1152 ,
3496 1089 3584 1143 ἵνα
3616 1090 3775 1160 κομί-

501 1173 660 1228 σηται
690 1161 937 1225 ἕκαστος,
963 1164 1029 1215 τὰ
1058 1164 1147 1218 διὰ
1174 1165 1268 1218 τοῦ
1300 1166 1548 1238 σώματος
1584 1172 1721 1243 πρὸς
1749 1172 1785 1225 ὃ.
1814 1173 2071 1245 ἔπραξεν,
2113 1178 2221 1231 εἴτε
2249 1179 2476 1247 ἀγαθὸν,
2510 1181 2619 1232 εἴτε
2654 1181 2875 1248 φαῦλον.
2930 1200 2947 1230 ι

576 1270 733 1326 Vens.
766 1273 964 1326 lO-H.
987 1273 1179 1330 Audite
1221 1278 1427 1333 verbum
1462 1282 1671 1338 Domini
1691 1287 1949 1355 principes
1978 1286 2081 1342 So-

500 1366 792 1424 domorum,
818 1366 1071 1419 attendite
1100 1370 1258 1436 legem
1310 1368 1429 1434 Dei,
1455 1373 1676 1441 populus
1741 1376 2076 1433 Gomorrhtv.

504 1452 621 1516 Quo
683 1453 813 1506 mihi
878 1455 1264 1510 multitudinem
1326 1461 1711 1525 sacriﬁciorum
1765 1477 2077 1529 vestrorum,

501 1545 626 1597 dicit
678 1544 975 1601 Dominus?
1009 1548 1192 1615 plenus
1245 1565 1359 1602 sum
1422 1552 1642 1607 victimis
1703 1556 1947 1609 arietum.
1978 1556 2081 1626 12

2275 1270 2600 1325 Ἀκούσατε
2644 1271 2829 1339 λόγον
2865 1272 3083 1340 Κυρίου
3134 1271 3424 1339 ἄρχοντες
3475 1271 3773 1341 Σοδόμων.

2189 1363 2517 1431 προσέχετε
2562 1369 2751 1432 νόμον
2797 1365 2947 1417 Θεοῦ
2989 1367 3138 1430 λαὸς
3186 1366 3515 1433 Γομόρρας.
3568 1363 3635 1417 Τί
3671 1383 3774 1434 μοι

2189 1453 2422 1518 πλῆθος
2448 1453 2566 1507 τῶν
2589 1453 2816 1509 θυσιῶν
2846 1455 3032 1524 ὑμῶν,
3064 1456 3227 1523 λέγει
3252 1457 3504 1523 Κύριος;
3533 1454 3774 1524 πλήρης

2189 1542 2307 1611 εὶμὶ
2334 1544 2842 1614 ὁλοκαυτωμάτων
2872 1546 3075 1614 κριῶν,
3094 1546 3189 1599 καὶ
3213 1545 3397 1615 στέαρ
3425 1544 3641 1614 ἀρνῶν,
3675 1546 3773 1598 καὶ

502 1637 723 1705 Ᾱιιὶρεηι
760 1654 1015 1707 agnorum
1039 1649 1087 1693 et
1132 1644 1437 1709 sanguinem
1468 1656 1762 1712 taurorum,
1814 1659 1863 1702 et
1899 1651 2079 1705 hirco—-

2196 1631 2337 1704 αἷμα
2362 1636 2593 1703 ταύρων
2631 1636 2729 1690 καὶ
2768 1637 2997 1707 τράγων
3038 1639 3111 1691 οὐ
3160 1637 3481 1704 βούλομαι.
3524 1636 3661 1689 Οὐδ’
3697 1635 3777 1689 ἂν

502 1742 619 1780 rum
663 1729 819 1789 nolo;
846 1745 1006 1799 neque
1041 1732 1283 1799 veniatis,
1316 1745 1371 1787 ut
1422 1740 1720 1804 appureatis
1747 1741 1898 1795 mihi.
1955 1742 2084 1807 Quis

498 1819 638 1871 enim
695 1822 934 1888 quwsivit
1010 1822 1121 1875 Ita'c
1153 1824 1217 1879 de
1283 1828 1526 1880 manibus
1592 1831 1819 1885 uestris?
1869 1833 2087 1889 Calcare

500 1911 696 1963 atrium
747 1927 915 1966 meum
955 1930 1019 1968 ne
1062 1919 1421 1983 perrexeritis.
1460 1919 1518 1974 Si
1557 1923 1795 1992 σίγα-πίε
1832 1924 2083 1992 similam,

501 2017 692 2056 vanum
723 2003 1014 2070 incensum,
1052 2007 1371 2063 abominatio
1415 2012 1540 2065 mihi
1596 2023 1690 2067 est.
1767 2013 2085 2071 Neomenias

502 2105 720 2160 vestras,
760 2106 808 2150 et
845 2099 1086 2165 sabbata,
1126 2109 1171 2153 et
1216 2103 1351 2155 diem
1390 2119 1631 2174 magnum
1677 2122 1780 2160 non
1818 2107 1967 2173 fero:
2002 2110 2089 2178 je-

497 2184 731 2252 junium,
774 2196 824 2242 et
866 2191 1049 2256 otium,
1101 2189 1236 2260 {esta
1286 2205 1454 2247 vestra
1511 2196 1623 2249 odit
1673 2198 1855 2252 anima
1943 2217 2086 2255 mea.

569 2363 704 2420 Cum
727 2366 1033 2423 futurorum
1057 2369 1317 2426 malorum
1338 2374 1761 2429 comminatione
1796 2378 1932 2432 satis
1963 2394 2087 2443 per-

502 2457 774 2519 terruerit,
804 2466 859 2511 et
909 2459 1016 2513 illis
1058 2462 1170 2516 haec
1208 2464 1430 2518 omnino
1484 2479 1548 2519 ac
1601 2468 1908 2523 certissime
1926 2486 2090 2525 even-

501 2557 647 2615 tura,
714 2566 815 2604 suo
890 2562 1149 2622 tempore,
1181 2557 1647 2624 pra-nuutiaverit,
1701 2560 1802 2615 nisi
1868 2563 2089 2617 meliora

500 2654 714 2708 sapere,
768 2642 1039 2712 simulque
1069 2648 1312 2716 exsequi,
1367 2663 1486 2719 qua:
1548 2650 1744 2705 divina:
1788 2651 1933 2723 lcges
1968 2670 2091 2723 pos-

504 2732 698 2796 tulant,
750 2732 1021 2789 voluerint
1051 2753 1065 2789 :
1096 2739 1378 2795 commode
1436 2740 1697 2795 transfert
1762 2758 2088 2811 sermonem,

500 2824 847 2892 ostenditque
884 2829 1024 2895 quod
1081 2829 1134 2882 in
1166 2845 1279 2884 rem
1325 2838 1406 2884 est
1443 2841 1502 2885 ut
1564 2834 1791 2888 meliora
1835 2837 2076 2906 cogitare

503 2922 559 2967 et
588 2916 789 2971 sentire
819 2918 1005 2985 velint,
1031 2937 1138 2990 quo
1162 2924 1229 2976 ab
1267 2923 1608 2993 impendente
1635 2942 1792 2995 pteua
1835 2928 2087 2983 liberen-

506 3013 616 3059 tur.
638 3004 766 3060 Nam
797 3007 920 3076 quia
951 3010 1000 3062 in
1031 3011 1303 3065 Christum
1326 3013 1639 3069 debacchati
1665 3025 1789 3070 sunt
1814 3016 2089 3084 lsraelitaa,

504 3095 813 3165 perierunt:
842 3107 897 3153 et
921 3111 1179 3170 praeterea
1230 3105 1483 3173 dicimus,
1510 3122 1605 3161 eos
1648 3118 1873 3176 propter
1903 3110 2093 3179 impie-

508 3198 673 3246 talem
711 3205 896 3257 eprum
951 3196 1041 3264 qui
1068 3197 1501 3265 prteﬁciebautur
1521 3202 1744 3256 docendi
1773 3204 2090 3270 provinciae,

507 3284 788 3340 cecidisse.
815 3284 965 3341 Licet
995 3289 1138 3343 enim
1172 3289 1322 3344 illum
1355 3292 1621 3348 haeredem
1664 3310 1786 3349 esse
1810 3298 2083 3362 noverint,

509 3373 900 3432 interfecerunt
975 3387 1192 3435 tamen:
1245 3398 1364 3435 nam
1428 3382 1544 3447 ejus
1604 3386 1840 3455 vineam,
1882 3398 2089 3443 sortem

508 3480 663 3521 suam
715 3465 894 3525 facere
970 3471 1279 3530 voluerunt.
1336 3473 1488 3541 Quod
1582 3487 1762 3531 autem
1840 3481 2091 3548 stupidus

507 3556 695 3625 Israel,
736 3562 1039 3633 principum
1102 3563 1423 3634 malignitati
1482 3565 1797 3635 obsecutus,
1832 3585 1860 3623 a
1897 3584 1992 3639 spe
2034 3570 2089 3624 in

507 3654 782 3711 Christum
832 3656 1115 3721 deciderit,
1161 3661 1448 3713 conlirmat
1501 3660 1872 3716 univcrsitatis
1926 3662 2089 3718 Deus»

510 3760 642 3802 voce
668 3749 1050 3818 prophetarum
1087 3741 1344 3820 loquensE
1382 3771 1400 3805 ι
1430 3754 1679 3809 Pastores
1709 3754 1861 3810 multi
1894 3770 2085 3810 corru-

510 3848 704 3908 perunt
724 3841 932 3895 vineam
955 3857 1150 3908 meam,
1168 3844 1472 3912 polluerunt
1491 3847 1862 3901 litereditatem
1885 3863 2085 3913 meam,

510 3930 775 3984 dederunt
827 3941 1037 3999 partem
1098 3948 1273 3988 meam
1339 3936 1750 3992 desiderabilem
1787 3938 1838 3992 in
1902 3939 2090 3994 solitu-

510 4024 689 4079 dinem
735 4024 961 4091 inviam,
1018 4026 1235 4080 rcdacta
1272 4035 1353 4080 est
1416 4027 1482 4080 ad
1558 4029 1835 4083 interitum
1918 4030 2089 4099 pessi-

511 4120 785 4173 mum")
818 4120 883 4173 Et
936 4135 1156 4173 rursus:
1202 4120 1369 4185 «Quia
1416 4130 1664 4188 pastores
1712 4122 2084 4190 desipucrunt,

509 4220 565 4268 et
605 4210 890 4265 Dominum
954 4226 1060 4264 non
1120 4212 1451 4281 qua-sierunt
1492 4252 1507 4276 ,
1555 4222 1841 4282 propterea
1897 4216 2075 4273 omnis

2187 1726 2447 1796 ἔρχησθε
2490 1727 2754 1797 ὀφθῆναί
2783 1746 2907 1797 μοι.
2949 1728 3045 1790 Τίς
3092 1725 3543 1797 maestum“
3588 1727 3775 1780 ταῦτα

2185 1820 2256 1875 ἐκ
2297 1820 2416 1874 τῶν
2439 1819 2653 1889 χειρῶν
2679 1818 2883 1890 ὑμῶν;
2925 1820 3148 1874 Πατεῖν
3181 1820 3296 1888 τὴν
3324 1820 3525 1890 αὐλήν
3547 1837 3668 1887 μου
3700 1821 3779 1873 οὺ

2188 1911 2636 1981 προσθήσεσθε.
2693 1912 2837 1966 Ἐὰν
2875 1912 3094 1981 φέρητε
3130 1911 3471 1980 σεμίδαλιν,
3520 1909 3776 1981 μάταιον

2188 2006 2472 2075 θυμίαμα,
2498 2003 2865 2073 βδέλυγμμά
2897 2021 3001 2073 μοι
3047 2004 3239 2067 ἐστίν,
3275 2003 3383 2068 τὰς
3423 2003 3768 2071 Νουμηνίας

2187 2096 2376 2165 ὑμῶν,
2421 2096 2519 2150 καὶ
2556 2097 2628 2150 τὰ
2658 2094 2944 2159 σάϐϐατα,
2973 2095 3072 2148 καί
3105 2093 3335 2164 ἡμέραν
3358 2092 3630 2163 μεγάλην
3663 2096 3774 2147 οὐκ

2187 2190 2495 2259 ἀνέχομαι,
2537 2189 2831 2257 νηστείαν
2870 2188 2971 2242 καί
3008 2188 3245 2257 ἀργίαν,
3288 2188 3386 2243 καὶ
3430 2187 3534 2253 τὰς
3566 2187 3775 2255 ἑορτὰς

2187 2282 2356 2353 ὑμῶν
2393 2281 2567 2353 μισεῖ
2592 2282 2630 2351 ἡ
2661 2281 2834 2351 ψυχή
2869 2299 3011 2350 μου.

2260 2376 2555 2446 Καταπτοή
2566 2393 2662 2438 σας
2691 2374 3005 2446 ἀρκούντως
3031 2376 3152 2438 ταῖς
3178 2374 3287 2427 τῶν
3317 2374 3589 2445 ἐσομένων
3617 2374 3775 2426 ἀπει-

2189 2467 2325 2532 λαῖς,
2377 2467 2471 2520 καὶ
2518 2466 2966 2538 προσαγορεύσας
3016 2462 3217 2532 αὐτοῖς,
3260 2467 3329 2521 τὰ
3373 2468 3550 2539 πάντη
3577 2486 3635 2520 τε
3681 2469 3775 2521 καὶ

2191 2558 2407 2621 πάντως
2455 2558 2691 2629 ἐσόμενα
2726 2559 2869 2612 κατά
2919 2560 3164 2631 καιροὺς,
3212 2561 3260 2612 εἰ
3298 2559 3371 2630 μὴ
3404 2561 3610 2612 ἕλοιντο
3644 2576 3775 2629 φρο-

2189 2653 2297 2703 νεῖν
2341 2667 2402 2703 τε
2448 2649 2583 2720 ὁμοῦ
2629 2650 2699 2703 τὰ
2731 2652 2944 2721 ἀμείνω
2996 2652 3092 2704 καὶ
3118 2650 3274 2722 δρᾷν,
3324 2652 3418 2705 καὶ
3462 2653 3577 2714 τοῖς
3610 2650 3779 2714 θείοις

2190 2741 2395 2812 νόμοις,
2434 2740 2721 2813 μεθίστησι
2780 2742 2870 2795 τὸν
2904 2742 3061 2812 λόγον
3110 2743 3204 2796 ἐπὶ
3250 2740 3459 2814 καιροῦ,
3519 2742 3613 2794 καὶ⁵
3665 2744 3777 2794 εἰσ-

2188 2835 2411 2902 ηγεῖται
2431 2832 2491 2885 τὸ
2527 2833 2819 2902 χρήσιμον,
2853 2832 2939 2884 ἵνα
2972 2833 3040 2884 τὰ
3077 2832 3270 2902 βελτίω
3300 2832 3515 2902 φρονεῖν
3561 2830 3780 2900 ᾑρημέ-

2195 2943 2297 2988 νοι,
2334 2925 2431 2997 τῆς
2481 2924 2871 2996 ἐπηρτημένης
2903 2926 3086 2987 αὐτοῖς
3131 2924 3557 2978 ἀπαλλάττοιντο
3597 2923 3776 2991 δίκης.

2213 3019 2753 3089 Ἐμπαροινήσαντες
2788 3018 2899 3088 γὰρ
2928 3019 2984 3069 ἐν
3015 3016 3257 3088 Χριστῷ,
3287 3015 3600 3069 διολώλασιν
3645 3016 3693 3066 οἱ
3720 3014 3780 3077 ἐξ

2212 3110 2447 3182 Ἰσραὴλ,
2480 3112 2663 3162 πεσεῖν
2684 3126 2744 3162 τε
2770 3110 2905 3181 πρὸς
2934 3109 3092 3162 τοῦτο
3121 3108 3300 3178 φαμὲν
3324 3109 3542 3170 αὐτοὺς,
3563 3106 3652 3159 διὰ
3680 3105 3785 3176 τὴν

2198 3203 2307 3256 τῶν
2356 3202 2717 3271 καθηγεῖσθαι
2748 3200 3019 3271 λαχόντων
3048 3200 3392 3269 ἀνοσιότητα.
3427 3198 3621 3252 Καίτοι
3668 3198 3778 3267 γὰρ

2198 3296 2594 3363 ἐπεγνωκότες,
2620 3296 2701 3348 ὅτι
2732 3294 2890 3356 αὐτός
2925 3294 3073 3345 ἐστιν
3099 3294 3127 3346 6
3154 3292 3508 3363 κληρονόμος,
3541 3290 3778 3345 ἀπεκτό-

2198 3404 2351 3441 νασιν
2379 3387 2562 3441 αὐτόν.
2599 3384 2826 3438 Ἤθελον
2860 3386 2968 3454 γὰρ
2996 3384 3125 3437 ἴδιον
3157 3381 3426 3435 ποιεῖσθαι
3452 3382 3650 3452 κλῆρον
3681 3379 3784 3432 τὸν

2196 3474 2494 3544 ἀμπελῶνα
2511 3472 2693 3527 αὐτοῦ.
2714 3474 2833 3526 Ὅτι
2865 3473 2922 3526 δὲ
2937 3475 3058 3535 ταῖς
3083 3471 3190 3525 τῶν
3207 3473 3525 3544 ἡγουμένων
3550 3472 3778 3542 δυστρο-

2194 3564 2349 3628 πίαις
2365 3564 2691 3625 ἀκολουθῶν,
2708 3564 2805 3635 τῆς
2821 3565 2899 3627 εἰς
2916 3564 3152 3633 Χριστὸν
3169 3562 3384 3627 ἐλπίδος
3405 3564 3490 3632 διη
3500 3563 3787 3634 μάρτηκεν-

2193 3656 2223 3707 6
2263 3655 2613 3723 ἀπόπληκτος
2646 3652 2864 3724 Ἰσραὴλ
2891 3651 3221 3705 πιστώσεται
3248 3652 3419 3720 λέγων
3460 3653 3488 3703 6
3506 3652 3611 3704 τῶν
3640 3651 3777 3703 ὅλων

2193 3745 2346 3811 Θεὸς,
2359 3746 2446 3799 διὰ
2470 3745 2652 3815 φωνῆς
2670 3743 2984 3815 προφητῶν.
3005 3762 3022 3792 ι
3064 3742 3327 3811 Ποιμένες
3342 3742 3525 3796 πολλοὶ
3540 3742 3776 3811 διέφθει-

2194 3857 2294 3911 ραν
2308 3837 2400 3891 τὸν
2419 3837 2714 3908 ἀμπελῶνά
2730 3854 2829 3907 μου
2842 3876 2855 3898 ,
2870 3836 3133 3906 ἐμόλυναν
3154 3834 3251 3905 τὴν
3269 3834 3628 3906 κληρονομίαν
3649 3850 3783 3903 μου,

2191 3931 2397 3984 ἔδωκαν
2433 3931 2625 4000 μερίδα
2651 3929 2992 3998 ἐπιθυμητήν
3038 3944 3140 3996 μου
3186 3928 3266 3987 εἰς
3315 3925 3520 3997 ἔρημον
3556 3924 3774 3979 ἄϐατον.

2204 4022 2464 4094 Ἐγενήθη
2481 4024 2560 4085 εἰς
2576 4018 2878 4089 ἀφανισμὸν
2894 4016 3186 4076 ἀπωλείας.
3211 4036 3229 4067 ›
3248 4017 3355 4069 Καὶ
3383 4016 3542 4069 πάλιν
3562 4030 3575 4042 ⁸
3600 4033 3618 4066 ι
3655 4014 3785 4067 Ὅτι

2192 4116 2448 4186 ποιμένες
2466 4112 2889 4186 ὴφρονεύσαντο,
2905 4110 3107 4163 καὶτὸν
3130 4108 3334 4180 Κύριον
3364 4109 3463 4162 ούκ
3485 4108 3785 4178 ἐζήτησαν,

2190 4210 2281 4263 διὰ
2304 4208 2462 4262 τοῦτο
2481 4210 2581 4262 οὐκ
2606 4208 2795 4278 ἐνόησε
2816 4207 2966 4260 πᾶσα
2987 4205 3019 4273 ἡ
3047 4202 3206 4273 νομὴ,
3235 4202 3329 4255 καὶ
3363 4199 3777 4271 διεσκορπίσθη-

509 4319 639 4370 grex
675 4320 780 4359 non
830 4302 1113 4368 intellexit,
1140 4312 1195 4357 et
1233 4303 1462 4373 dispersi
1501 4316 1649 4358 sunt.
1671 4304 1746 4357 "s
1772 4304 1912 4360 Vere
1943 4307 2085 4361 enim

2198 4319 2321 4356 σαν.
2355 4320 2374 4353 ι
2427 4300 2860 4371 Ἠφρονεύσαντο
2897 4298 3006 4369 γὰρ
3037 4300 3083 4351 οἱ
3116 4296 3373 4367 ποιμένες
3406 4292 3641 4364 ἀληθῶς,
3686 4291 3782 4344 καὶ

510 4391 863 4461 desipueruut
932 4401 1201 4462 pastores,
1277 4402 1332 4445 et
1391 4390 1589 4461 populo
1654 4408 1754 4447 suo
1815 4395 2090 4450 interitum

2196 4396 2310 4457 τοῖς
2365 4394 2471 4447 ὑπὸ
2518 4395 2674 4463 χεῖρα
2723 4392 2872 4455 λαοῖς
2927 4390 3147 4462 ὀλέθρου
3196 4387 3484 4457 γεγόνασιν
3530 4386 3777 4455 ἀφορμή.

514 4484 937 4539 accersiret-unt.
985 4486 1172 4537 Annon
1208 4483 1433 4537 decebat
1480 4500 1576 4540 eos
1631 4485 1849 4554 potius,
1911 4498 2094 4555 utpote

512 4591 609 4647 per
644 4575 816 4646 legem
860 4590 924 4629 ac
959 4575 1249 4643 prophetas
1288 4573 1495 4629 Christi
1533 4577 1851 4647 mysterium
1922 4578 2092 4646 probe

512 4669 721 4731 doctos,
758 4666 879 4719 aliis
912 4667 1056 4719 viam
1099 4667 1165 4719 ad
1202 4663 1278 4719 illi
1342 4666 1674 4721 credendum
1740 4666 2094 4737 patefacere?

511 4759 672 4828 Atqui
722 4758 981 4812 Servalor
1042 4757 1191 4822 dicit,
1228 4755 1457 4826 gloriam
1501 4773 1595 4813 eos
1649 4758 1718 4812 ab
1787 4760 2094 4815 hominibus

513 4850 804 4919 accepisse,
830 4849 1055 4920 gloriam
1080 4864 1229 4916 vero,
1252 4864 1371 4919 (ιιιεε
1390 4859 1473 4904 est
1495 4865 1523 4903 a
1541 4849 1656 4904 solo
1682 4849 1809 4917 Deo,
1830 4864 1935 4904 non
1951 4865 2098 4919 qua:-

515 4943 728 4998 sivisse.
757 4942 814 4998 Si
840 4944 983 4997 enim
1015 4941 1146 4997 Mosi
1197 4942 1577 5007 credidissent,
1632 4943 1989 4998 credidissent
2044 4953 2099 4996 et

517 5036 619 5091 illi.
638 5036 820 5090 Deillo
842 5036 983 5090 enim
1017 5034 1061 5089 is
1076 5034 1311 5104 scripsit.
1330 5032 1479 5089 Facti
1522 5035 1843 5104 suntXigitur
1872 5034 2023 5099 caeci,
2045 5040 2100 5086 et

522 5142 679 5181 ruces
728 5142 1015 5192 caecorum,
1056 5130 1236 5200 itaque
1268 5128 1588 5198 praecipitati
1627 5138 1776 5190 sunt,
1816 5135 1872 5181 et
1900 5127 1953 5180 in
2005 5140 2099 5179 vo—

519 5219 766 5289 daginem
790 5220 940 5275 exitii
969 5233 1312 5277 corruerunt.
1345 5220 1483 5288 Quid
1519 5236 1647 5289 ergo
1690 5230 1919 5273 conatur
1974 5234 2102 5289 pro-

519 5313 681 5380 pheta
728 5313 885 5367 bouis
938 5328 1031 5369 eos
1078 5317 1294 5371 monitis
1343 5314 1595 5369 mutare?
1663 5312 1734 5367 Ut
1769 5312 1960 5367 melius
2008 5327 2101 5364 sa-

522 5403 696 5473 piant,
710 5414 766 5459 et
786 5404 1093 5461 Servatoris
1112 5407 1256 5462 dicto
1276 5407 1557 5461 audientes
1584 5404 1713 5459 sint.
1736 5404 1828 5458 His
1866 5417 1996 5457 vero
2014 5401 2107 5455 ad-

522 5497 905 5553 monitionibus
923 5498 1310 5553 lerritationem
1332 5511 1545 5565 quoque
1580 5494 1786 5550 utiliter
1803 5495 2094 5548 admiscet:

527 5587 628 5660 13
655 5590 820 5645 variis
848 5589 1244 5659 quodammodo
1275 5587 1582 5659 pbarmacis
1613 5585 1887 5652 adhibitis,
1907 5599 2104 5639 curans

597 5773 638 5805 ²²
672 5774 803 5831 nom
851 5774 981 5840 ",5.
1020 5775 1071 5829 li.

2199 4487 2394 4539 Καίτοι
2444 4486 2563 4548 πῶς
2599 4486 2700 4538 οὐκ
2730 4486 2838 4538 ἔδει
2887 4483 3086 4554 μᾶλλον
3132 4481 3329 4545 αὐτοὺς
3367 4480 3440 4543 ὡς
3479 4478 3569 4532 διὰ
3612 4477 3785 4547 νόμου

2196 4578 2292 4630 καὶ
2340 4574 2634 4647 προφητῶν
2670 4574 2732 4627 τὸ
2778 4571 3013 4644 Χριστοῦ
3049 4572 3345 4643 μυστήριον
3386 4568 3529 4638 μάλα
3580 4583 3782 4619 πεπαι-

2198 4666 2514 4738 δευμένους,
2555 4665 2673 4719 ὁδὸν
2702 4663 2957 4733 γενέσθαι
3003 4666 3115 4726 τοῖς
3146 4661 3327 4722 ἄλλοις
3358 4660 3449 4712 ἐπὶ
3490 4658 3552 4710 τὸ
3583 4657 3784 4727 χρῆναι

2205 4748 2480 4812 πιστεύειν
2507 4754 2687 4827 αὐτῷ;
2724 4755 2858 4809 Ἀλλ’
2889 4754 2923 4826 ἢ
2959 4755 3123 4826 φησὶν
3155 4756 3183 4806 ό
3204 4751 3415 4823 Σωτὴρ,
3442 4749 3598 4816 δόξαν
3630 4748 3787 4818 παρὰ

2206 4847 2495 4919 ἀνθρώπου
2527 4845 2851 4916 ἐλάμϐανον,
2896 4846 2989 4899 καὶ
3035 4845 3135 4915 τὴν
3166 4842 3325 4907 δόξαν
3370 4840 3469 4912 τὴν
3498 4838 3648 4907 παρά
3684 4837 3777 4890 τοῦ

2209 4941 2370 5009 μόνου
2425 4936 2519 4991 τοῦ
2574 4936 2708 4991 Θεοῦ
2758 4938 2859 4990 οὐκ
2906 4937 3152 5007 ἐζήτουν.
3222 4935 3285 4987 Εἰ
3334 4932 3445 5003 γὰρ
3491 4932 3783 4983 ἐπίστευον

2204 5036 2400 5105 Μωσῇ,
2436 5032 2720 5086 ἐπίστευον
2755 5032 2821 5085 ἂν
2858 5031 3027 5101 αύτῷ,
3065 5029 3195 5098 περὶ
3227 5028 3335 5098 γὰρ
3366 5024 3531 5079 αὐτοῦ
3576 5026 3783 5084 ἐκεῖνος

2206 5124 2463 5196 ἔγραψεν.
2500 5122 2760 5191 Γεγόνασι
2792 5122 2971 5175 τοίνυν
2997 5120 3186 5189 τυφλοὶ
3217 5119 3312 5171 καὶ
3334 5116 3549 5185 τυφλῶν
3576 5114 3778 5184 ὁδηγοί.

2209 5215 2395 5288 Ταύτῃ
2417 5231 2499 5267 τοι
2524 5215 2617 5268 καὶ
2644 5212 3055 5282 διωλισθήκασι,
3098 5210 3190 5263 καὶ
3231 5211 3311 5271 εἰς
3338 5209 3462 5270 τοὺς
3492 5208 3590 5276 τῆς
3628 5205 3782 5256 ἀπω-

2209 5307 2358 5369 λείας
2388 5305 2709 5358 πεπτώκασι
2754 5305 2998 5375 βόθρους.
3030 5303 3095 5355 Τί
3141 5296 3234 5355 οὖν
3266 5303 3294 5353 6
3326 5301 3609 5371 προφήτης
3639 5297 3782 5363 ἀγα-

2214 5397 2334 5459 θαῖς
2394 5397 2588 5459 αὐτοὺς
2638 5395 2941 5458 νουθεσίαις
3003 5392 3433 5463 μετασκευάζειν
3490 5390 3780 5460 crematae;

2210 5490 2347 5561 πρὸς
2389 5490 2448 5542 τὸ
2484 5489 2591 5542 δεῖν
2640 5487 2859 5541 ἐλέσθαι
2906 5485 2977 5539 τὰ
3021 5486 3227 5557 ἀμείνω
3274 5487 3509 5557 φρονεῖν,
3549 5481 3643 5537 καλ⁵
3671 5483 3783 5542 τοῖς

2212 5581 2309 5635 τοῦ
2344 5581 2594 5653 Σωτῆρος
2629 5580 2921 5651 πειρᾶσθαι
2953 5580 3150 5648 λόγοις.
3189 5579 3505 5650 Ἀναμίσγει
3547 5574 3605 5628 δὲ
3649 5590 3793 5647 χρησ

1153 5775 1261 5830 ’³11
1296 5774 1419 5831 Cor.
1467 5791 1517 5841 ι’,
1551 5774 1630 5829 l0.
1710 5774 1753 5806 "‘
1794 5771 2095 5838 .Icretn.xtt,
2132 5770 2210 5825 l0.
2291 5772 2334 5802 ²⁵
2392 5770 2589 5827 Jcrcm.
2648 5785 2698 5833 χ,
2749 5768 2842 5830 2i,
