4094 6366
278 429 350 482 53
1421 423 1491 476 IN
1534 419 1788 479 ISAIAM.
1833 419 1879 473 I.T

2006 420 2042 473 Ι.
2086 419 2297 476 ΟΒᾸΤ.
2341 419 2379 475 1.
3490 419 3561 473 δι

281 551 460 620 σίμως
517 546 638 606 ταῖς
695 543 775 605 εἰς
833 538 991 593 τοῦτο
1042 538 1344 603 νουθεσίαις
1401 538 1500 609 τήν
1564 535 1876 606 ἐπίπληξιν,

1986 535 2037 588 in
2075 537 2179 591 illis
2214 536 2328 590 haec
2359 535 2603 589 stultitia:
2637 536 2878 590 vulnera.
2905 533 3135 604 Ideoque
3169 535 3337 591 dicit:
3364 534 3561 591 Audite

282 636 571 709 μονονουχὶ
600 632 861 695 ποικίλως
904 629 1293 700 ἐσκευασμένῳ
1328 630 1626 700 φαρμάκῳ,
1673 629 1740 682 τά
1777 627 1877 697 τῆς

279 731 337 783 ἐν
370 729 555 791 αὐτάς
594 724 917 786 δυσϐουλίας
972 720 1289 792 θεραπεύων
1331 720 1641 792 τραύματα.
1691 718 1876 789 Ταύτῃ

277 840 383 884 τοι,
412 820 598 891 φησὶν,
620 817 890 872 ἀκούσατε
907 816 1061 882 λόγον
1086 815 1313 885 Κυρίου,
1330 813 1589 884 ἄρχοντες
1607 811 1873 882 Σοδόμων,

280 914 582 985 προσέχετε
609 912 769 980 νόμον
792 907 949 974 Θεοῦ,
967 907 1093 971 λαὸς
1115 907 1151 959 Γ
1155 906 1417 978 ομόρρας.
1460 905 1704 968 ’Λκούεις
1728 906 1876 968 ὅπως

278 1006 474 1075 δήμοις
515 1003 611 1056 καὶ
642 1002 869 1071 ἄρχουσι
898 998 997 1069 τήν
1029 998 1087 1065 ἐξ
1119 999 1338 1067 ἀγάπης
1382 997 1518 1068 ὁμοῦ
1559 998 1649 1050 καὶ
1691 996 1874 1066 θεοφι-

279 1090 408 1152 λοῦς
442 1089 792 1160 φρονήματος
821 1087 1073 1157 ἐπιφέρει
1102 1087 1318 1158 ῥάϐδον,
1354 1089 1447 1139 καὶ
1484 1087 1708 1156 πλήττει
1739 1087 1873 1141 πολὺ

280 1178 577 1241 νοσοῦντας
606 1178 664 1230 τὸ
697 1175 943 1239 ἀπειθές.
968 1176 1163 1228 Πόλεσι
1188 1175 1244 1228 δὲ
1271 1178 1390 1238 ταῖς
1418 1176 1875 1238 δυσσεϐεστάταις

280 1271 614 1341 παρεικάζει
657 1270 757 1340 τὴν
792 1268 1170 1339 Ἰερουσαλὴμ,
1216 1267 1291 1331 ὼς
1322 1267 1583 1338 πλείστης
1620 1268 1717 1336 μὲν
1743 1268 1873 1338 ὅσης

278 1364 593 1432 ἀνάμεστον
622 1361 919 1432 ἁμαρτίας,
949 1362 1042 1414 καὶ
1082 1361 1157 1425 ὡς
1185 1361 1375 1413 οὐδένα
1409 1359 1687 1424 παντελῶς
1720 1360 1874 1431 ἔχου-

279 1456 1869 1525 σανὲνὲαυτῇ.............

475 1586 492 1601 .
572 1588 587 1602 .
665 1585 680 1601 .
759 1586 775 1600 .
853 1585 868 1600 .
948 1585 960 1597 .
1042 1586 1057 1599 .
1136 1585 1152 1600 .
1231 1585 1246 1600 .
1324 1586 1337 1600 .
1414 1545 1873 1615 ἐδουλεύετομὲν

278 1638 393 1710 γὰρ
418 1638 447 1689 6
474 1637 585 1690 τῶν
622 1636 755 1691 ὅλων
783 1636 916 1699 Θεὸς
950 1635 1049 1700 τὰς
1077 1635 1185 1688 τῶν
1214 1635 1518 1707 Σοδομιτῶν
1552 1633 1875 1705 κατεμπρῆ-

281 1746 375 1780 σαι
406 1727 613 1790 πόλεις,
639 1727 731 1779 καὶ
760 1724 1158 1780 ἀνεκοινώσατο
1177 1724 1236 1778 τὸ
1256 1725 1447 1795 χρῆμα
1477 1724 1555 1794 τῷ
1590 1723 1869 1795 ’Δ6ραάμ;

278 1817 306 1867 έ
355 1815 413 1867 δὲ
453 1814 591 1885 πρὸς
632 1814 813 1867 αὐτόν.
848 1833 866 1863 ι
902 1814 993 1885 Μὴ
1031 1812 1302 1885 ἀπολέσῃς
1338 1814 1546 1867 δίκαιον
1591 1814 1707 1883 μετ’
1741 1814 1871 1866 ἀσε-

278 1906 451 1968 6οὖς;
482 1910 577 1958 καὶ
609 1906 760 1958 ἔσται
788 1908 817 1958 6
840 1906 1048 1969 δίκαιος
1079 1906 1153 1969 ὠς
1183 1907 1210 1959 6
1243 1906 1482 1975 ἀσεϐήςξ
1514 1925 1530 1956 i
1576 1905 1876 1977 Ἐπήγγέλ-

276 1997 407 2049 λετο
438 1996 496 2049 δὲ
532 1996 684 2060 Θεὸς,
723 1997 771 2048 εἰ
805 1994 1076 2065 εὑρεθεῖεν
1107 1996 1164 2047 ὲν
1194 1994 1445 2066 Σοδόμοις
1487 1994 1617 2048 δέκα
1656 1994 1878 2057 δίκαιοι,

275 2091 383 2159 τῆς
411 2090 498 2141 ἐπ’
528 2089 714 2148 αὐτοῖς
743 2087 1112 2158 καταπλήξειν
1146 2087 1340 2158 ὀργῆς.
1384 2087 1522 2140 Ἀλλ’
1556 2088 1657 2141 οὐκ
1678 2086 1881 2158 ηὕρην-

276 2198 396 2233 ται.
432 2181 727 2251 Τοιγάρτοι
759 2180 854 2232 καὶ
882 2179 1218 2244 ὲκτετίκασι,
1249 2179 1346 2242 τὰς
1380 2180 1493 2241 τοῖς
1519 2177 1725 2231 ἑαυτῶν
1754 2178 1881 2230 δυσ-

277 2274 420 2339 σεϐή
431 2290 598 2342 μασιν
632 2272 955 2343 ἰσομέτρους
980 2271 1156 2335 δίκας.
1180 2271 1415 2341 Τοιαύτη
1437 2289 1519 2335 τις
1542 2267 1610 2342 ἦν
1636 2272 1668 2342 ή
1701 2288 1882 2341 κυριο-

276 2366 474 2428 κτόνος
516 2364 871 2435 Ἰερουσαλὴμ
902 2362 1102 2434 πολλὴν
1142 2362 1339 2433 ἔχουσα
1378 2362 1486 2417 τῶν
1528 2363 1749 2417 δικαίων
1784 2363 1881 2433 τὴν

278 2458 507 2509 σπάνιν.
544 2455 649 2507 Καὶ
676 2452 807 2523 γοῦν
836 2454 1083 2525 ἐλιπάρει
1109 2453 1210 2523 μὲν
1235 2456 1263 2507 ό
1293 2453 1578 2525 προφήτης
1613 2452 1882 2525 Ἱερεμίας

278 2549 417 2617 περὶ
449 2548 641 2618 αὐτῆς.
685 2548 829 2618 Ἔφη
874 2546 930 2599 δὲ
976 2547 1127 2610 Θεός’
1174 2564 1193 2598 ι
1242 2544 1614 2617 Περιδράμετε
1660 2547 1718 2598 ἐν
1762 2548 1882 2609 ταῖς

276 2642 425 2705 ὁδοῖς
468 2640 843 2710 Ἰερουσαλὴμ,
880 2641 973 2693 καὶ
1001 2640 1161 2702 ἴδετε,
1193 2640 1287 2691 κα)⁸
1333 2638 1528 2709 γνῶτε,
1575 2640 1669 2692 καὶ
1716 2639 1882 2711 ζητή-

276 2749 420 2785 σατε
454 2733 512 2784 ὲν
541 2734 660 2795 ταῖς
692 2732 974 2794 πλατείαις
1010 2731 1202 2801 αὐτῆς,
1239 2731 1333 2783 ἐὰν
1379 2729 1577 2801 εὕρητε
1608 2730 1797 2801 ἄνδρα,
1831 2732 1880 2783 εί

277 2824 404 2875 ἔττι
448 2823 622 2875 ποιῶν
654 2824 846 2893 κρῖμα,
878 2822 965 2875 καὶ
994 2821 1173 2892 ζητῶν
1210 2820 1414 2883 πίστιν,
1442 2822 1536 2873 καὶ
1563 2820 1720 2883 ἵλεως
1760 2820 1881 2872 ἔσο-

280 2934 387 2986 μαι
430 2919 594 2987 αὐτῇ,
640 2917 788 2984 λέγει
840 2915 1061 2986 Κύριος.
1095 2935 1113 2965 ι
1150 2914 1273 2967 Ὅτι
1306 2912 1506 2976 τοίνυν,
1540 2912 1767 2984 ρυπῶσά
1796 2930 1878 2979 τε,

279 3010 382 3059 καί
413 3010 526 3070 τοῖς
560 3010 619 3060 ὲν
652 3007 985 3076 φαυλότητος
1017 3006 1312 3077 μολυσμοίς
1345 3003 1697 3073 πολυτρόπως
1726 3020 1883 3072 κεκή-

277 3099 583 3169 λιδωμένη,
619 3099 709 3150 καὶ
732 3098 930 3169 πολλὴν
963 3096 1159 3167 ἔχουσα
1188 3095 1295 3147 τῶν
1320 3094 1491 3162 ἀγίων
1530 3092 1628 3165 τὴν
1662 3093 1878 3155 σπάνιν,

280 3190 505 3260 ⁴Σκδομά
541 3206 602 3242 τε
650 3189 821 3260 αὐτὴν
857 3190 948 3242 καὶ
983 3188 1237 3259 Γομόρῤα
1276 3185 1452 3249 καλεῖ,
1495 3183 1642 3247 λαοῖς
1686 3202 1743 3237 τε
1784 3186 1877 3237 καὶ

279 3282 641 3351 ἡγουμένοις,
664 3280 761 3349 τῆς
799 3279 1101 3348 Σοδομιτῶν
1129 3275 1471 3347 ἀκαθαρσίας
1505 3275 1758 3344 ἐπιφέρει
1788 3276 1877 3328 τὸν

284 3373 509 3443 μῶμον.
536 3372 600 3423 Τί
633 3372 687 3425 δὲ
712 3372 776 3439 δὴ
799 3371 893 3425 καί
925 3387 1089 3440 φησιν
1115 3386 1129 3435 ;
1162 3367 1430 3423 ἀκούσατε
1464 3365 1619 3434 λόγον
1656 3367 1880 3438 Κυρίου,

278 3467 552 3536 ἄρχοντες
594 3463 867 3535 Σοδόμων,
916 3461 1213 3533 προσέχετε
1257 3461 1420 3530 νόμον
1454 3458 1588 3513 Θεοῦ
1628 3459 1755 3524 λαὸς
1788 3460 1827 3512 Γ
1830 3477 1884 3512 ο-

280 3558 531 3629 μόρρας.
584 3554 945 3626 Ἀνανήψατε,
992 3554 1179 3624 φησὶν,
1222 3552 1417 3624 βραχύ.
1467 3554 1577 3610 Καὶ
1631 3554 1751 3616 ταῖς
1787 3550 1882 3604 τοῦ

280 3650 580 3717 πανσόφου
618 3647 863 3711 Μωσέως
911 3648 1136 3716 φωναῖς,
1168 3645 1264 3716 τῆς
1294 3646 1504 3699 ἑαυτῶν
1527 3646 1765 3708 διανοίας
1790 3644 1884 3699 τὸν

280 3739 575 3810 ὀφθαλμὸν
617 3736 900 3802 ἐνιδόντες,
944 3736 1005 3788 τὸ
1042 3734 1280 3807 Χριστοῦ
1329 3739 1503 3790 νοεῖτε
1561 3738 1874 3809 μυστήριον.

285 3834 441 3901 Ἔφη
468 3830 580 3901 γὰρ
599 3831 628 3883 6
656 3830 880 3900 Μωσῆς
917 3846 935 3879 ι
962 3829 1085 3880 Ὀτι
1111 3829 1398 3899 προφήτην
1430 3829 1558 3900 ὑμῖν
1589 3829 1882 3898 ἀναστήσει

281 3926 495 3997 Κύριος
539 3924 568 3977 6
601 3922 735 3986 Θεὸς
767 3920 920 3991 ὑμῶν
962 3922 1027 3974 ὲκ
1060 3921 1168 3975 τῶν
1203 3921 1447 3992 ἀδελφῶν
1476 3919 1630 3991 ὑμῶν
1656 3921 1732 3985 ὼς
1761 3920 1881 3991 ἐμέο

281 4016 460 4071 αὑτοῦ
507 4013 809 4067 ἀκούσεσθε
853 4013 994 4067 κατά
1038 4012 1221 4067 πάντα
1255 4014 1357 4067 ὅσα
1390 4011 1458 4066 ἂν
1494 4012 1706 4085 λαλήσῃ
1748 4010 1885 4082 πρὸς

283 4110 462 4177 ὑμᾶς.
499 4126 519 4159 ι
561 4105 859 4159 Ἀκούσατε
888 4105 1068 4159 τοίνυν
1119 4104 1275 4174 λόγον
1309 4104 1538 4176 Κυρίου,
1586 4102 1884 4173 προσέχετε

280 4204 381 4256 τὸν
430 4199 530 4254 τοῦ
570 4198 708 4253 Θεοῦ
744 4197 943 4270 νόμον·
973 4197 1120 4251 τοῦτ’
1154 4196 1294 4262 ἔστι,
1329 4197 1557 4269 νοήσατε
1596 4195 1690 4249 καὶ
1732 4193 1886 4247 αὐτοὶ

281 4296 404 4349 τῶν
450 4291 827 4364 εὖαγγελικῶν
874 4289 1262 4360 θεσπισμάτων
1301 4286 1399 4359 τὴν
1430 4287 1679 4357 δύναμιν.
1714 4284 1886 4338 Τοῦτο

284 4390 673 4460 προστέταχεν
700 4388 727 4439 ὁ
751 4386 988 4455 Μωσῆς;
1013 4382 1352 4450 παιδαγωγεῖ
1377 4380 1483 4453 γὰρ
1511 4381 1602 4433 ἐπὶ
1626 4378 1882 4450 Χριστὸν,

284 4484 391 4534 καὶ
438 4478 549 4531 τῶν
587 4476 829 4548 νομικῶν
866 4474 1253 4544 θεσπισμάτων
1296 4472 1357 4524 τὸ
1393 4471 1565 4541 πέρας
1596 4471 1675 4533 εἰς
1703 4468 1764 4521 τὸ
1797 4467 1883 4521 ἐπ’

1985 642 2289 681 sermonem
2335 628 2568 693 Domini,
2603 628 2873 696 principes
2917 628 3295 693 Sodomorum,
3343 627 3563 682 attende

1985 717 2157 789 legem
2214 720 2328 783 Dei,
2365 719 2593 787 populus
2636 718 2972 774 Gomorrhm.
3021 719 3259 773 Audisue
3289 716 3562 787 quomodo

1984 808 2127 879 plebi
2174 817 2230 863 et
2270 808 2606 877 principibus
2629 824 2696 863 ex
2728 825 2913 864 amore
2957 808 3116 863 simul
3162 818 3217 862 et
3249 808 3339 877 pio
3365 805 3561 862 aﬂ‘ectu

1985 901 2189 968 virgam
2250 897 2482 962 inferat,
2532 909 2585 952 et
2637 898 3015 953 inobedientize
3057 899 3246 953 morbo
3280 908 3564 968 corruptos

1984 988 2140 1043 feriat
2168 990 2190 1043 ?
2223 989 2459 1045 Urbibus
2488 1000 2665 1044 autem
2699 991 3073 1061 perditissimis
3106 1000 3159 1044 et
3192 991 3424 1045 maxime
3462 989 3565 1043 im-

1984 1082 2087 1150 piis
2113 1080 2412 1135 Jerusalem
2436 1091 2735 1151 comparat,
2761 1090 2819 1135 ut
2845 1081 3032 1135 multis
3060 1092 3366 1149 eoopertam
3392 1081 3558 1144 vitiis,

1985 1188 2084 1225 nec
2108 1172 2402 1242 quidquam
2428 1173 2583 1241 plane
2606 1171 2659 1225 in
2688 1189 2744 1227 se
2774 1174 3083 1236 habentem,
3106 1177 3244 1227 unde
3272 1173 3563 1229 verisimile

1982 1272 2125 1317 e~set
2149 1278 2304 1331 posse
2326 1280 2443 1316 eam
2474 1265 2737 1317 minarum
2762 1264 2867 1316 vim
2912 1264 3277 1335 impetumque
3303 1263 3557 1334 ell'ugere.

1982 1352 2164 1408 Voluit
2198 1356 2341 1408 enim
2380 1356 2753 1409 universitatis
2801 1355 2941 1411 Deus
2973 1357 3131 1410 urbes
3172 1356 3559 1411 Sodomitano-

1985 1462 2100 1498 rum
2147 1446 2457 1511 incendere,
2493 1462 2715 1515 remque
2747 1464 2868 1501 cum
2911 1449 3223 1503 Ahrahamo
3257 1448 3562 1503 communi-

1991 1539 2153 1591 cavit.
2182 1539 2279 1593 Cui
2314 1539 2401 1592 ille
2432 1557 2445 1591 :
2484 1557 2502 1590 ι
2549 1539 2803 1606 l\'uaqnid
2834 1543 3023 1609 perdes
3053 1540 3256 1607 justum
3288 1556 3410 1595 cum
3460 1541 3562 1595 im-

1981 1628 2106 1698 pio?
2143 1631 2206 1683 lit
2232 1630 2335 1685 erit
2358 1631 2538 1700 justus
2566 1630 2791 1700 perinde
2834 1642 2891 1686 ut
2924 1632 3121 1701 impius
3143 1631 3226 1686 “1'
3262 1650 3281 1684 ι
3312 1632 3563 1687 Promisit

1980 1733 2159 1774 autem
2188 1722 2347 1786 Deus,
2368 1722 2410 1775 si
2445 1723 2495 1776 in
2523 1722 2772 1777 Sodomis
2795 1724 2978 1778 decem
3000 1724 3129 1792 justi
3165 1725 3559 1787 invenirentur,

1981 1828 2038 1865 se
2057 1814 2123 1866 ab
2149 1815 2223 1866 ira
2249 1812 2600 1869 destiturum.
2625 1814 2788 1881 Atqui
2816 1830 2921 1868 non
2950 1826 3078 1870 sunt
3102 1815 3305 1869 inventi
3334 1831 3348 1869 :
3378 1816 3561 1883 itaque

1910 1905 1951 1961 Β
1980 1904 2170 1975 dignas
2199 1922 2262 1960 ac
2299 1906 2413 1959 suis
2453 1904 2671 1974 flagitiis
2699 1922 2857 1976 pares
2897 1921 3084 1977 poenas
3114 1908 3394 1961 dederunt.
3415 1906 3561 1961 Talis

1985 2014 2197 2069 quoque
2238 1999 2339 2054 fuit
2372 2000 2485 2055 hzcc
2525 1999 2826 2055 Jerusalem
2858 2000 3069 2056 Domini
3112 2001 3470 2065 interfectrix,
3506 2005 3561 2055 in

1984 2108 2087 2161 qna
2122 2107 2315 2161 magna
2349 2105 2466 2145 erat
2500 2090 2773 2158 justoruin
2827 2092 3103 2145 hominum
3132 2094 3374 2160 penuria.
3420 2090 3560 2146 Nam

1984 2199 2105 2235 cum
2148 2197 2245 2252 pro
2278 2198 2339 2237 ea
2385 2182 2652 2239 Jeremias
2700 2184 2961 2253 propheta
3014 2185 3376 2254 supplicaret,
3419 2184 3561 2240 dixit

1989 2272 2130 2327 Deus
2162 2290 2177 2327 :
2218 2292 2236 2324 σ
2271 2274 2705 2329 Circumcursate
2734 2275 2787 2328 in
2821 2274 2921 2329 viis
2949 2272 3251 2328 Jerusalem
3277 2283 3333 2329 et
3355 2275 3554 2342 videte,

1983 2376 2035 2416 et
2084 2366 2429 2435 cognoscite,
2479 2380 2682 2436 perque
2733 2366 2939 2435 plateas
2985 2366 3103 2434 ejus
3152 2367 3478 2432 conquirite,
3512 2367 3557 2420 si

1982 2471 2142 2525 quem
2187 2459 2528 2525 comperietis
2568 2460 2773 2522 virum,
2821 2458 2910 2527 qui
2952 2456 3043 2527 jus
3092 2458 3256 2513 faciat
3295 2467 3349 2512 et
3398 2456 3557 2512 lidetn

1984 2556 2221 2613 qumrat,
2268 2558 2322 2600 et
2372 2548 2636 2616 propitius
2681 2563 2776 2600 ero
2824 2548 2921 2610 illi,
2958 2547 3089 2602 dicit
3134 2548 3390 2603 Dominus
3431 2548 3497 2600 ’⁷.
3532 2566 3553 2599 ι

1982 2638 2118 2704 Quia
2150 2653 2279 2710 ergo
2311 2640 2587 2707 inquinata
2623 2650 2790 2698 esset.
2819 2650 2873 2693 et
2909 2641 2960 2693 in
3004 2638 3270 2694 scelerqu
3309 2638 3559 2693 sordbus

1982 2730 2334 2784 multifariam
2380 2730 2640 2795 volutata,
2674 2746 2977 2802 magnaque
3020 2731 3292 2787 laboraret
3334 2742 3559 2786 sancto-

1986 2838 2103 2877 rum
2138 2822 2337 2892 iuopia,
2372 2820 2665 2877 Sodomam
2696 2833 2853 2877 vocat
2890 2838 3044 2886 eam,
3084 2831 3139 2877 ct
3176 2822 3559 2889 Gomorrham,

1981 2924 2036 2967 et
2070 2929 2192 2967 cum
2236 2913 2429 2982 populo
2461 2923 2571 2967 tum
2608 2913 2945 2983 principibus
2987 2914 3332 2970 Sodomitictn
3378 2914 3560 2984 impu-

1984 3004 2158 3059 ritatis
2200 3004 2374 3059 labem
2410 3005 2669 3075 aspergit.
2706 3005 2849 3071 Quid
2882 3007 3025 3061 enim
3056 3007 3173 3061 ait?
3213 3006 3407 3062 Audite
3441 3024 3563 3063 vcr-

1984 3096 2109 3149 bum
2152 3096 2385 3157 Domini,
2424 3096 2695 3165 principes
2728 3095 3109 3162 Sodomorum,
3139 3099 3357 3152 attende
3389 3099 3560 3167 legem

1987 3189 2098 3252 Dei,
2129 3188 2321 3256 popule
2349 3186 2684 3244 Gmnorrliae.
2718 3187 2999 3258 Evigilate,
3026 3190 3223 3260 inquit,
3248 3206 3561 3262 parumper,

1983 3292 2035 3334 et
2081 3280 2467 3348 sapientiSsimi
2510 3278 2675 3334 Musis
2711 3280 2888 3334 verbis
2928 3281 3083 3334 oculo
3128 3283 3327 3336 mentis
3368 3292 3563 3338 vestrae

1984 3372 2210 3437 intento,
2244 3372 2444 3426 Christi
2480 3373 2795 3443 mysterium
2839 3373 3144 3443 intelligite.
3197 3376 3339 3428 Dixit
3364 3376 3564 3445 quippe

1982 3463 2158 3520 Moses
2192 3483 2204 3519 :
2245 3483 2263 3515 ‹
2301 3465 2626 3532 Prophetam
2653 3465 2915 3520 excitabit
2943 3468 3093 3521 vobis
3131 3465 3392 3521 Dominus
3419 3468 3562 3523 Deus

1981 3568 2201 3619 vester,
2248 3570 2313 3611 cx
2360 3556 2621 3612 fratribus
2669 3559 2866 3612 vestris
2914 3557 3144 3613 similem
3204 3559 3329 3613 mei.
3379 3559 3558 3627 Ipsum

1982 3651 2219 3705 audietis
2250 3651 2302 3704 in
2334 3652 2586 3705 omnibus
2618 3664 2953 3720 quaacunque
3001 3651 3214 3706 locutus
3254 3650 3433 3719 fuerit,
3465 3668 3562 3707 vo-

1983 3743 2066 3797 bis
2111 3744 2251 3796 ²⁸·¹⁹.
2282 3762 2302 3795 ι
2333 3744 2529 3800 Audite
2569 3746 2730 3813 igitur
2766 3745 2989 3800 verbum
3026 3746 3260 3812 Domini,
3297 3749 3563 3805 attendite

1984 3833 2156 3904 legem
2188 3833 2302 3900 Dei,
2346 3836 2529 3899 idest,
2576 3835 2861 3905 intelligite
2893 3838 3055 3892 etiam
3099 3838 3312 3908 ipsimet
3353 3841 3564 3911 angeli-

1985 3941 2173 3979 corum
2203 3926 2546 3982 oraculorum
2572 3930 2705 3983 vim.
2739 3928 2848 3982 lloc
2876 3927 3052 3984 Muses
3078 3932 3352 4000 praecepit,
3378 3933 3556 4001 paeda-

1984 4031 2150 4086 gOgus
2182 4018 2326 4072 enim
2359 4028 2440 4072 est
2476 4017 2542 4072 ad
2571 4019 2845 4074 Christum
2865 4060 2880 4085 ,
2915 4031 2970 4075 et
2999 4021 3123 4075 finis
3157 4021 3404 4093 legalium
3435 4040 3562 4079 ora-

1983 4108 2225 4160 culorum
2261 4109 2513 4177 'pertinet
2558 4111 2625 4163 ad
2671 4110 2772 4164 hoc
2798 4111 2866 4166 de
2903 4111 2991 4166 illo
3021 4113 3365 4183 mysterium.
3406 4133 3425 4166 ι
3468 4115 3561 4169 Vel

1984 4199 2155 4270 legem
2197 4200 2316 4268 Dei,
2355 4200 2827 4271 reprehensionem
2863 4205 2991 4259 dicit
3017 4206 3116 4275 (l).
3148 4224 3166 4256 ‹
3197 4204 3396 4261 Verum
3440 4209 3561 4261 exi—

1985 4293 2238 4355 stimatis,
2277 4292 2473 4363 inquit,
2502 4309 2599 4348 vos
2634 4294 2855 4363 pulchre
2880 4295 3093 4364 placere
3124 4298 3251 4363 Deo,
3286 4300 3426 4367 quod
3457 4298 3563 4370 14

1988 4385 2163 4454 typica
2199 4395 2253 4438 et
2288 4384 2586 4439 umbratica
2626 4384 2854 4451 implere
2883 4387 3169 4442 studentis.
3211 4387 3409 4441 Audite
3438 4404 3562 4442 eum

1985 4471 2295 4541 loquentem
2354 4475 2631 4541 antiquam
2688 4473 2895 4544 legem,
2949 4477 3209 4545 vobisque
3265 4478 3562 4543 dicentem,

284 4570 447 4639 αὐτῷ
485 4569 671 4640 βλέπει
707 4567 1024 4637 μυστήριον.
1068 4564 1207 4617 ⁹Λλλ’
1236 4562 1434 4627 οἴεσθε,
1474 4562 1659 4631 φησιν,
1691 4560 1879 4631 εὐαρε-

1987 4563 2253 4630 Quorsum
2291 4565 2421 4619 mihi
2457 4565 2743 4620 multitudo
2777 4566 3175 4631 sacriﬁciorum
3216 4569 3563 4623 vestrorum?

288 4665 443 4715 στείν
477 4660 555 4730 τῷ
583 4658 723 4729 Θεῷ,
754 4658 841 4711 διὰ
873 4655 967 4710 τοῦ
1006 4654 1248 4726 πληροῦν
1279 4653 1484 4707 ἐθέλειν
1511 4652 1580 4704 τὰ
1610 4654 1666 4704 ὲν
1692 4650 1885 4714 τύποις

286 4756 392 4808 καὶ
432 4755 635 4816 σκιαῖς.
689 4750 986 4804 Ἀκούσατε
1023 4749 1273 4817 λέγοντος
1307 4746 1400 4800 τοῦ
1431 4747 1526 4799 καὶ
1562 4744 1725 4798 αὑτὸν
1756 4744 1884 4814 ὑμῖν

285 4848 387 4899 τὸν
419 4846 587 4899 πάλαι
622 4843 955 4913 λαλήσαντος
988 4841 1168 4910 νόμον.
1208 4840 1272 4890 Τί
1306 4854 1394 4907 μοι
1427 4836 1629 4906 πλῆθος
1656 4835 1763 4887 τῶν
1793 4834 1885 4886 Θυ-

293 4939 429 4991 σιῶν
468 4937 645 5006 ὑμῶν,
675 4935 822 5002 λέγει
853 4932 1074 5003 Κύριος.
1110 4931 1331 5000 Πλήρης
1370 4929 1505 4999 είμί.
1551 4928 1613 4979 EI
1650 4927 1746 4997 μὲν
1773 4926 1883 4997 γὰρ

290 5032 370 5093 ῶς
402 5029 643 5098 δεομένῳ
682 5026 1010 5098 προσάγετε,
1040 5019 1387 5090 πεπλάνησθε
1412 5018 1505 5071 τοῦ
1535 5018 1764 5080 εἰκότος,
1796 5034 1882 5070 σο-

291 5122 399 5189 ςιοῦ
441 5138 501 5173 τε
546 5119 640 5172 καὶ
674 5116 907 5184 ἀληθοῦς
947 5113 1358 5186 διημαρτήκατε
1398 5108 1681 5179 λογισμοῦ.
1717 5108 1885 5160 Ἐνδεῖ

293 5215 407 5283 γὰρ
450 5213 588 5273 ὅλως
632 5209 783 5261 οὐδὲν
820 5209 887 5278 τῇ
928 5206 998 5259 τά
1049 5205 1229 5257 πάντα
1276 5202 1561 5274 πληρούσῃ
1587 5202 1767 5271 φύσει,
1802 5201 1884 5253 ὃτι

292 5305 466 5374 αὐτῆς
488 5302 555 5355 τὰ
579 5302 777 5361 πάντα,
804 5300 899 5352 καὶ
923 5298 1057 5369 παρ’
1079 5297 1249 5368 αὐτῆς
1271 5297 1381 5357 τοῖς
1408 5293 1607 5356 ἄλλοις.
1643 5310 1661 5342 ί
1690 5292 1754 5344 Τί
1777 5291 1885 5362 γὰρ

294 5396 442 5464 ἔχεις
484 5394 513 5445 6
559 5393 660 5444 οὐκ
689 5390 899 5453 ἔλαϐες.
942 5410 961 5441 ι
993 5390 1201 5459 Πρέποι
1244 5387 1308 5439 ἂν
1340 5384 1594 5452 λέγεσθαι
1624 5385 1690 5454 τῇ
1724 5382 1883 5451 φύσει

293 5486 495 5540 κτίσει.
552 5485 772 5555 Ἀπέχω
822 5482 931 5553 γὰρ
976 5481 1091 5542 νῦν,
1130 5478 1318 5550 φησὶν,
1360 5478 1453 5530 καὶ
1492 5475 1882 5548 πεπλήρωμαι,

295 5583 391 5634 καὶ
416 5582 518 5633 οὑκ
538 5579 605 5633 ἂν
628 5578 849 5651 ἑλοίμην
875 5578 956 5631 ἔτι
985 5576 1082 5640 τὰς
1107 5575 1237 5647 παρ’
1260 5574 1440 5628 αὐτῶν
1472 5573 1683 5637 θυσίας.
1733 5573 1883 5646 Ὀνή-

370 5733 417 5764 ²⁶
465 5732 602 5789 Gen.
640 5747 799 5795 xvttt,
844 5731 937 5785 9.5.
1016 5728 1283 5784 "Jerem.
1319 5745 1370 5794 v,
1397 5730 1450 5783 1.

375 5870 447 5941 (l)
482 5872 684 5928 Desunt
721 5870 838 5927 haec
871 5868 1031 5926 verba
1068 5869 1119 5925 in
1152 5866 1339 5924 Graeco
1370 5866 1490 5923 cod.

1525 5729 1645 5761 ¹⁸·²⁹
1698 5728 1856 5785 Deut.
1893 5744 2048 5797 xvtn,
2084 5729 2173 5785 l5.

1990 4657 2119 4710 dicit
2143 4656 2424 4711 Dominus.
2456 4657 2654 4712 I‘lenns
2683 4676 2824 4713 smn.
2861 4660 2994 4715 Nam
3025 4662 3068 4714 si
3104 4670 3355 4729 tanquam
3381 4663 3561 4729 egenti

1986 4744 2213 4809 offertis,
2250 4744 2363 4813 jam
2407 4747 2474 4801 ab
2508 4748 2689 4802 ollicio
2726 4750 3047 4815 recessistis,
3080 4759 3135 4804 et
3160 4768 3188 4804 a
3217 4753 3562 4807 considerata

1983 4852 2219 4907 veraque
2285 4839 2495 4893 ratione
2548 4840 2866 4894 aberrastis.
2927 4839 3161 4896 Omnino
3216 4844 3362 4896 enim
3427 4844 3563 4899 nihil

1985 4927 2136 4983 deest
2185 4928 2233 4982 ei
2284 4940 2523 4997 naturae,
2561 4948 2682 5000 qua:
2731 4933 2963 5000 complet
3012 4934 3220 4999 omnia,
3271 4936 3395 5002 quia
3447 4936 3563 5006 ejus

1985 5031 2113 5076 sunt
2139 5022 2341 5085 omnia,
2369 5023 2509 5075 etab
2532 5038 2594 5076 ea
2628 5023 2748 5077 aliis
2780 5026 3174 5094 suppeditatur.
3204 5045 3222 5078 ι
3252 5027 3390 5093 Quid
3415 5030 3561 5083 enim

1984 5113 2173 5176 habes,
2207 5115 2349 5181 quod
2383 5128 2487 5165 non
2522 5115 2817 5183 accepisti?
2842 5117 2887 5146 ³θ
2919 5135 2936 5167 ι
2978 5115 3032 5170 Id
3063 5119 3204 5171 enim
3235 5120 3431 5173 merito
3456 5122 3563 5174 dici

1987 5206 2186 5273 poterit
2230 5214 2514 5259 creaturae.
2559 5204 2798 5260 Fastidio
2848 5209 2991 5260 enim
3040 5224 3204 5275 nunc,
3261 5211 3457 5280 inquit,
3507 5221 3564 5265 et

1985 5296 2174 5366 plenus
2223 5312 2342 5351 sum
2378 5312 2521 5351 :nec
2568 5314 2821 5366 cuperem
2868 5300 2936 5355 ab
2990 5301 3093 5357 illis
3137 5304 3404 5359 sacrificia
3447 5319 3564 5356 am-

1987 5386 2148 5456 plius.
2179 5384 2361 5451 Quid?
2391 5388 2477 5440 die
2505 5389 2657 5451 mihi,
2692 5389 2886 5457 ecquid
2915 5391 3156 5459 proderit
3191 5394 3565 5447 universitatis

1992 5478 2099 5531 Deo
2143 5478 2284 5530 aries
2331 5478 2707 5532 sacrificatus?
2752 5479 2958 5549 Ecquid
3009 5482 3249 5550 proderit
3299 5498 3562 5551 agnorum

1989 5569 2188 5639 adeps?
2210 5568 2273 5625 Et
2294 5569 2341 5625 si
2370 5581 2647 5625 taurorum
2671 5582 2723 5626 et
2749 5573 3018 5630 hircorum
3042 5577 3262 5647 sanguis
3280 5576 3562 5643 offeratur,

2251 5730 2295 5763 ³⁰
2324 5731 2340 5786 I
2370 5728 2497 5787 Cor.
2542 5748 2617 5801 tv,
2649 5732 2704 5786 7.
