4094 6366
532 407 603 471 35
1526 412 1585 469 S.
1626 402 1903 469 CYRILLI
1945 404 2412 468 ALEXANDRINI
2451 404 2771 469 ARClllEP.
3718 404 3786 469 36

541 546 704 601 quam
736 525 1061 598 voluptatem
1090 538 1154 583 ex
1187 528 1301 583 istis
1328 539 1546 597 caperet
1576 530 1751 584 Deus?
1780 528 1910 595 Quis
1935 527 2107 595 exegit

2215 542 2296 579 σει
2341 527 2449 599 γάρ
2490 528 2659 594 ὅπως,
2698 528 2817 580 εἰπέ
2852 544 2963 597 μοι,
3001 526 3091 579 τὸν
3136 526 3243 580 τῶν
3284 527 3420 579 ὅλων
3465 527 3597 581 Θεὸν
3636 529 3788 599 κριὸς

538 624 653 679 haec
686 624 751 677 de
808 622 1055 675 manibus
1084 620 1318 675 vestris?
1356 620 1465 675 Etsi
1499 622 1641 674 enim
1688 620 1862 674 Moses
1898 619 2109 673 locutus

535 727 622 771 est
664 716 730 770 de
775 714 1008 768 victimis
1058 722 1111 766 et
1147 712 1370 779 hostiis,
1408 728 1469 766 ea
1519 722 1700 765 tamen
1746 711 1924 766 cultus
1973 710 2111 763 ratio

535 810 835 879 antiquitus
869 809 977 862 Deo
1012 806 1231 860 minime
1264 805 1363 859 fuit
1396 814 1639 873 accepta.
1679 803 1950 858 Nimirum
1984 805 2107 872 quia

536 918 631 970 per
662 903 884 970 ﬁguram
916 909 969 954 et
993 901 1236 953 umbram
1270 898 1336 952 ad
1367 899 1649 951 veritatem
1691 897 1894 951 erudiri
1947 911 2109 965 opor-

537 993 703 1058 tebat,
734 992 923 1060 Iegalia
951 991 1241 1046 constituta
1278 1003 1403 1043 sunt
1436 1005 1609 1060 usque
1652 990 1718 1043 ad
1763 998 1973 1058 tempus
2020 989 2107 1042 in-

535 1084 905 1145 staurationis,
947 1096 1044 1137 nec
1090 1083 1160 1134 ita
1209 1089 1385 1134 tamen
1428 1081 1751 1144 constituta,
1794 1080 1946 1149 quasi
1984 1093 2109 1132 vere

534 1173 644 1229 Deo
687 1185 858 1243 grata.
912 1173 1019 1228 Nec
1067 1173 1286 1227 omnino
1329 1182 1384 1226 et
1429 1171 1671 1226 absolute
1716 1173 1781 1226 de
1828 1171 2109 1225 sacriﬁciis

532 1264 794 1335 legalibus
836 1274 918 1318 est
970 1265 1182 1318 locutus
1216 1282 1229 1318 :
1264 1274 1319 1316 at
1363 1264 1487 1333 quia
1530 1263 1743 1317 inﬁrma
1791 1279 1943 1316 mens
1989 1272 2109 1316 erat

541 1372 751 1416 eorum.
786 1356 875 1424 qui
926 1356 1073 1409 hisce
1124 1356 1443 1409 rudimentis
1491 1365 1618 1409 tunc
1668 1354 2105 1417 instituebantur,

534 1459 632 1513 per
658 1455 840 1517 typum
869 1456 923 1499 et
956 1446 1199 1499 umbram
1231 1446 1295 1499 ad
1328 1446 1609 1500 veritatem
1634 1446 1787 1515 quasi
1818 1461 1977 1499 manu
2006 1447 2106 1499 du-

532 1538 818 1590 cebantur.
877 1536 981 1591 Sed
1026 1536 1352 1591 adventante
1397 1546 1668 1604 tempore,
1715 1552 1822 1607 quo
1861 1537 2107 1590 veritatis

532 1627 983 1697 pulchritmlinem
1027 1629 1309 1696 oportebat
1346 1629 1670 1692 enitesoere,
1719 1638 1875 1699 typus
1920 1611 2106 1682 irritus

529 1728 639 1783 est,
673 1718 859 1772 umbra
910 1718 1133 1773 inutilis.
1169 1720 1295 1775 Ideo
1327 1721 1404 1773 ait
1434 1742 1446 1775 :
1473 1719 1695 1775 Calcare
1720 1722 1857 1775 atria
1887 1736 2001 1775 mea
2037 1737 2106 1776 ne

533 1809 906 1878 perrexeritis.
954 1809 1008 1862 Si
1056 1809 1366 1865 obtuleritls
1399 1809 1781 1879 similaginem,
1814 1813 1974 1866 inane
2017 1813 2103 1866 in-

2208 618 2697 689 ὼλοκαυτωμένος;
2728 620 2781 672 τί
2808 619 2863 672 δὲ
2892 619 2952 671 τὸ
2990 619 3099 672 τῶν
3128 620 3307 689 ἀρνῶν
3341 620 3463 690 ἦσει
3500 623 3698 694 στέαρ;
3738 626 3786 678 εξ

2207 709 2264 761 δὲ
2285 708 2347 781 δὴ
2372 711 2466 763 καὶ
2494 709 2711 781 τράγων
2733 710 2825 762 καὶ
2853 707 3067 780 ταύρων
3092 704 3230 781 αἷμα
3261 708 3639 781 προσφέροιτο,
3671 713 3787 777 πῶς

2208 799 2402 868 ἡσθείη
2435 800 2524 853 διὰ
2548 799 2706 852 τοῦτο
2743 798 2908 864 Θεός;
2943 799 3025 862 τίς
3060 798 3169 869 γὰρ
3196 798 3487 870 ὲξεζήτησε
3519 800 3692 853 ταῦτα
3720 803 3785 855 ὲκ

2206 890 2317 943 τῶν
2351 890 2549 961 χειρῶν
2580 889 2772 961 ύμῶν;
2817 894 2866 943 εί
2907 890 3016 958 γάρ
3046 892 3141 944 καὶ
3184 891 3481 961 λελάληκεν
3518 894 3546 945 6
3579 895 3785 964 Μωσῆς

2209 982 2335 1050 περὶ
2364 982 2825 1052 ὁλοκαυτωμάτων
2862 983 2956 1035 καὶ
2992 982 3210 1044 θυσιῶν,
3250 982 3364 1035 ἀλλ’
3390 979 3458 1053 ἦν
3487 985 3578 1036 καὶ
3612 984 3785 1037 πάλαι

2207 1072 2305 1141 τῆς
2353 1072 2563 1126 τοιᾶσδε
2607 1071 2860 1143 λατρείας
2899 1073 2928 1124 6
2967 1073 3165 1143 τρόπος
3202 1072 3499 1143 ἀϐούλητος
3527 1075 3606 1144 τῷ
3635 1076 3778 1144 Θεῷ.

2220 1162 2435 1232 Ἐπειδὴ
2483 1162 2539 1215 δὲ
2578 1161 2665 1215 διὰ
2701 1162 2871 1215 τύπου
2914 1161 3009 1214 καὶ
3051 1162 3206 1225 σκιάς
3255 1163 3617 1231 παιδαγωγεῖν
3674 1164 3784 1217 ἔδει

2208 1248 2346 1319 πρὸς
2376 1248 2633 1320 ἀλήθειαν
2664 1250 2829 1321 μέχρι
2857 1250 3052 1321 καιροῦ
3088 1249 3423 1321 διορθώσεως
3448 1253 3684 1306 τέθειται
3714 1254 3783 1306 τά

2207 1340 2265 1391 ὲν
2286 1340 2455 1410 νόμῳ,
2490 1339 2685 1393 οὐκοῦν
2716 1340 2839 1392 ὅσον
2870 1336 3003 1413 ἧκεν
3029 1341 3107 1403 εἷς
3132 1359 3195 1410 γε
3222 1341 3280 1393 τὸ
3306 1341 3503 1411 ἀληθὲς
3524 1344 3783 1414 ἀρέσκειν

2207 1432 2285 1502 τῷ
2312 1431 2454 1503 Θεῷ·
2490 1433 2597 1485 οὐδ’
2629 1432 2694 1485 ἂν
2724 1432 2859 1497 ὅλως
2885 1432 3112 1503 ἐλάλησε
3141 1433 3267 1505 περὶ
3293 1432 3493 1487 θυσιῶν
3513 1434 3620 1488 τῶν
3643 1436 3783 1489 κατά

2207 1524 2389 1593 νόμον.
2432 1523 2649 1594 Ἐπειδὴ
2672 1523 2729 1576 δὲ
2757 1525 2865 1578 τῶν
2890 1524 2951 1577 τὸ
2972 1525 3225 1595 τηνικάδε
3256 1525 3784 1596 παιδαγωγουμένων

2206 1614 2438 1687 ἀσθενὴς
2468 1610 2537 1685 ἦν
2580 1617 2608 1668 6
2648 1615 2793 1681 νοῦς,
2834 1615 3307 1686 κεχειραγώγηντο
3346 1616 3434 1670 διὰ
3476 1617 3646 1671 τύπου
3689 1618 3784 1670 καὶ¹

2206 1707 2305 1775 τῆς
2340 1706 2480 1759 κατὰ
2508 1706 2567 1759 τὸ
2590 1707 2827 1778 γράμμα
2854 1710 3011 1771 σκιᾶς
3039 1710 3117 1772 είς
3140 1707 3420 1779 ἀλήθειαν.
3465 1709 3783 1779 Ἐνεστηκό-

2207 1815 2297 1862 τος
2321 1798 2378 1851 δὲ
2407 1798 2501 1851 τοῦ
2535 1802 2750 1869 καιροῦ,
2780 1799 2899 1852 καθ’
2926 1799 2985 1851 ὂν
3013 1798 3119 1852 ἔδει
3145 1799 3205 1853 τὸ
3238 1798 3420 1852 λοιπὸν
3445 1799 3504 1852 τὸ
3534 1800 3630 1870 τῆς
3653 1799 3787 1870 άλη-

533 1914 756 1953 censutn
788 1910 893 1964 est,
923 1901 1254 1954 aliominatio
1288 1903 1419 1955 mihi
1453 1913 1556 1956 est.
1592 1902 1702 1958 Nos
1733 1903 1876 1958 enim
1910 1904 2013 1959 ﬁde
2054 1905 2106 1959 in

2212 1890 2361 1953 θείας
2409 1889 2760 1959 ἐκφαίνεσθαι
2793 1890 3007 1955 κάλλος,
3036 1891 3286 1962 περιττὸς
3315 1893 3342 1944 6
3372 1891 3559 1956 τύπος,
3594 1890 3786 1963 ἀνόνη-

532 1987 808 2043 Christum
839 1990 1107 2053 illustrati,
1142 1992 1452 2058 spirituales
1493 1993 1700 2048 hostias
1731 1994 1848 2051 Deo
1880 1994 2111 2051 oﬁ'ercn-

538 2083 640 2139 tes,
670 2084 857 2129 sancta
890 2078 1008 2144 ejus
1034 2078 1317 2147 implemus
1346 2083 1507 2146 atria,
1542 2083 1793 2137 nimirum
1827 2086 2105 2142 ecclesias.

534 2165 784 2220 Christus
834 2178 1013 2222 autem
1069 2170 1121 2222 in
1165 2172 1414 2227 ecclesiis
1459 2173 1664 2229 Judaici
1714 2176 1893 2231 cultus
1946 2179 2106 2232 ritum

535 2257 756 2310 minime
785 2258 995 2327 recipit.
1031 2258 1166 2312 Nam
1200 2261 1289 2329 qui
1341 2262 1697 2333 similaginem
1724 2265 1845 2319 oleo
1872 2282 2110 2322 macera~

535 2359 647 2403 tam
673 2360 728 2403 et
766 2352 1044 2407 incensum
1072 2354 1271 2408 cadens
1300 2356 1402 2410 sub
1431 2370 1650 2411 sensum
1682 2356 1875 2413 offerre
1906 2362 2106 2423 volent,

535 2443 845 2512 neutiquam
878 2444 1252 2502 admittentur.
1282 2446 1625 2503 Meminimus
1652 2450 1796 2503 enim
1831 2452 1896 2505 de
1931 2466 1999 2504 eo
2031 2452 2111 2505 Io-

531 2542 717 2585 cutum
767 2545 889 2585 esse
933 2531 1145 2589 Deum:
1178 2534 1523 2589 Abominatio
1568 2546 1650 2589 est
1703 2537 1857 2590 mihi.
1900 2536 1963 2590 Et
2013 2553 2111 2591 nos

530 2623 750 2691 quidem
784 2633 931 2678 certe
961 2637 1306 2679 sacrosancta
1338 2626 1390 2679 in
1426 2626 1646 2681 Christo
1686 2626 1821 2682 festa
1864 2628 2110 2683 celebra-

541 2730 682 2769 mus.
718 2714 789 2769 At
820 2715 990 2769 Judaei
1017 2732 1045 2769 a
1078 2718 1273 2788 typicis
1301 2718 1783 2786 signiﬁcationibus
1821 2734 1926 2774 non
1958 2736 2111 2775 rece-

532 2807 747 2870 dentes,
789 2808 839 2860 in
888 2806 1197 2865 Neomeniis
1237 2809 1394 2863 tubas
1428 2808 1635 2876 inﬂant,
1681 2812 1821 2865 diem
1858 2810 2110 2865 feriatum

534 2907 729 2967 putant
761 2914 883 2954 esse
912 2899 1229 2967 Sabbatum,
1258 2911 1313 2955 et
1341 2901 1481 2957 diem
1509 2917 1628 2971 quae
1668 2917 1857 2969 magna
1886 2904 2105 2968 dicitur,

532 2992 738 3045 colunt.
764 2992 840 3045 Ea
867 3004 997 3046 vero
1022 3003 1104 3047 est
1130 2992 1277 3059 festi,
1309 2994 1451 3063 quod
1483 2993 1954 3049 tabernaculorum
1982 2995 2110 3047 ﬁxio

533 3092 783 3148 vocatur,
812 3084 931 3137 dies
957 3092 1220 3139 extrema.
1241 3084 1467 3141 Etiamsi
1498 3086 1888 3156 Deojejunent,
1916 3088 2109 3158 pugnis

2211 2001 2301 2046 τος
2347 1984 2380 2053 ὴ
2408 1982 2553 2035 σκιά.
2595 1982 2776 2054 Ταύτῃ
2797 1999 2879 2035 τοι
2912 1983 3095 2053 φησιν,
3123 1984 3204 2036 ὅτι
3232 1986 3421 2036 πατεῖν
3445 1982 3541 2054 τὴν
3573 1984 3787 2039 αύλῷνά

2214 2092 2315 2145 μου
2350 2076 2411 2128 ού
2452 2075 2847 2147 προσθήσεσθε.
2894 2076 3022 2130 Ἐάν
3060 2074 3297 2147 φέρησθε
3340 2076 3637 2146 σεμίδαλιν,
3684 2078 3787 2149 μάὁ

2209 2184 2359 2219 ταιον
2387 2166 2659 2238 θυμίαμα,
2693 2167 2966 2237 βδέλυγμά
2991 2167 3081 2238 μοί
3116 2170 3284 2222 ἔστιν.
3326 2168 3517 2237 Ἡμεῖς
3547 2169 3644 2239 μὲν
3677 2169 3787 2239 γὰρ

2211 2259 2261 2310 οἱ
2324 2257 2506 2310 πίστει
2556 2260 2621 2329 τῇ
2666 2260 2743 2321 είς
2790 2259 3022 2329 Χριστὸν
3073 2258 3633 2332 ὲκλελαμπρυσμένοι,
3685 2261 3786 2325 τὰς

2211 2348 2586 2420 πνευματικὰς
2632 2348 2820 2411 θυσίας
2866 2349 3325 2420 προσκομιοῦντες
3368 2350 3445 2421 τῷ
3490 2350 3630 2421 Θεῷ,
3688 2350 3788 2414 τὰς

2210 2440 2372 2508 ἁγίας
2412 2439 2575 2493 αὑτοῦ
2627 2440 2941 2512 πληροῦμεν
2988 2441 3175 2503 αύλάς,
3221 2442 3368 2495 τοῦτ’
3400 2444 3545 2495 ἐστιν
3587 2443 3787 2513 δκκληέ

2213 2535 2351 2592 σίας.
2409 2532 2808 2604 Ἀπαράδεκτος
2861 2533 2916 2585 δὲ
2964 2531 3116 2603 παρά
3148 2533 3386 2604 Χριστοῦ
3424 2534 3697 2597 παντελῶς
3728 2535 3788 2586 ἐν

2211 2626 2529 2695 ἐκκλησίαις
2556 2628 2653 2697 τῆς
2692 2625 2985 2696 Ἰουδαϊκῆς
3014 2626 3271 2697 λατρείας
3302 2628 3331 2679 6
3357 2626 3571 2698 τρόπος.
3602 2626 3789 2681 Είσδε-

2212 2718 2386 2789 χθεῖεν
2412 2719 2522 2789 γάρ
2559 2718 2626 2770 ἂν
2661 2716 2865 2787 ἣκιστά
2904 2734 2966 2785 γε
3007 2717 3281 2787 σεμίδαλιν
3311 2717 3661 2782 ὲλαιόδευτον,
3692 2717 3791 2770 καὶ

2200 2809 2269 2862 τιὸ
2309 2808 2563 2878 αἰσθητὸν
2607 2806 2860 2878 θυμίαμα
2897 2808 3190 2878 προσάγειν
3225 2806 3518 2871 ἐθέλοντες.
3561 2806 3790 2876 Μεμνήέ

2214 2901 2351 2972 μεθα
2381 2901 2489 2972 γάρ
2535 2899 2669 2953 Θεοῦ
2713 2900 2958 2969 λέγοντος
2995 2901 3122 2972 περὶ
3163 2899 3346 2953 αὑτοῦ.
3389 2899 3669 2968 Βδέλυγμά
3697 2899 3790 2970 μοι

2211 2994 2377 3046 ἐστιν.
2407 2992 2517 3046 Καὶ
2538 2993 2697 3063 ἡμεῖς
2722 2992 2822 3063 μὲν
2855 2992 2950 3053 τὰς
2980 2993 3136 3063 ἁγίας
3168 2992 3260 3044 ἐπὶ
3289 2990 3505 3064 Χριστῷ
3530 2990 3790 3060 τελοῦμεν

2210 3085 2421 3158 ἑορτάς.
2463 3085 2706 3138 Ἰουδαῖοί
2736 3102 2797 3154 γε
2838 3084 2943 3157 μὴν
2969 3086 3077 3138 τῷν
3117 3085 3176 3137 ὲν
3204 3086 3396 3148 τύποις
3434 3085 3533 3137 οὐκ
3575 3081 3791 3149 ἐξιστά-

535 3175 814 3229 humiliter
845 3192 902 3231 se
934 3179 1242 3232 Verberant.
1284 3178 1643 3246 Quamobrem
1675 3181 1900 3235 audiant
1932 3181 2105 3249 ipsum

2215 3194 2384 3248 μενοι,
2449 3177 2797 3241 σαλπίζουσιν
2861 3180 2919 3230 ὲν
2982 3178 3292 3248 Νεομηνίας
3356 3177 3560 3248 ἡμέρα,
3619 3174 3791 3245 ἀργὸν

533 3267 805 3324 dicentem
836 3284 851 3323 :
885 3269 987 3339 15
1025 3270 1184 3325 Festa
1218 3282 1399 3325 vestra
1442 3273 1555 3327 odit
1585 3273 1765 3325 anima
1794 3288 1932 3327 mea.
1982 3272 2107 3327 [hac

2211 3270 2469 3341 ἡγοῦνται
2503 3269 2562 3321 τὸ
2592 3268 2885 3334 Σάϐϐατον,
2920 3268 3013 3321 καὶ
3047 3270 3146 3339 τὴν
3178 3267 3516 3337 καλουμένην
3548 3265 3792 3337 μεγάλην

540 3369 721 3416 autem
779 3361 944 3425 dicit,
985 3377 1092 3430 quo
1134 3378 1163 3415 a
1211 3363 1347 3433 typis
1393 3363 1459 3416 ad
1505 3364 1787 3418 veritatem
1842 3364 2104 3429 traducat,

531 3453 963 3524 persuadeatque
1010 3466 1069 3508 ut
1094 3454 1296 3508 Christi
1336 3455 1570 3510 oraculis
1601 3456 1870 3510 cervicem
1914 3457 2110 3511 mentis

534 3556 871 3613 supponant,
914 3556 966 3600 ut
1022 3547 1299 3602 nobiscum
1355 3547 1667 3618 evangelice
1715 3559 2019 3614 versentur,
2056 3560 2110 3603 et

532 3637 800 3691 suavitate
846 3638 1069 3692 odorum
1127 3637 1451 3707 spiritalium
1508 3638 1674 3694 Deum
1715 3641 2107 3710 permulceant,

535 3729 803 3798 quasique
829 3730 1123 3799 thymiama
1158 3731 1439 3799 spirituale
1464 3731 1513 3785 ei
1548 3740 1868 3786 consecrent
1892 3746 2104 3787 morum

534 3820 890 3882 modestiam,
923 3821 1276 3886 charitatem,
1311 3832 1550 3875 mutuum
1581 3837 1850 3887 amorem,
1898 3825 2107 3893 patien-

537 3912 691 3975 tiam,
729 3914 1161 3980 temperantiam,
1191 3924 1245 3967 et
1273 3925 1400 3968 ante
1434 3914 1564 3977 alia,
1585 3914 1764 3970 ﬁdem.
1798 3915 1892 3971 His
1916 3918 2109 3972 hostiis

534 4004 781 4071 placatur
803 4004 967 4069 Deus,
991 4016 1044 4060 et
1065 4007 1501 4076 evangelicorum
1530 4010 1909 4065 vaticiniorum
1935 4012 2107 4066 virtus

534 4096 619 4150 his
648 4097 979 4151 ornamentis
1010 4110 1233 4153 coronat
1262 4100 1565 4155 credentes.

2209 3362 2444 3433 τιμῶσιν
2476 3363 2710 3432 ἡμέραν.
2746 3362 2899 3413 Ἔστι
2932 3360 2987 3413 δὲ
3028 3359 3166 3430 αῦτη
3199 3360 3296 3429 τῆς
3333 3360 3525 3430 ἑορτῆς
3556 3358 3653 3427 τῆς
3690 3375 3796 3409 κα-

2210 3454 2478 3525 λουμένης
2512 3451 2885 3523 σκηνοπηγίας
2927 3452 2959 3523 ὴ
2992 3451 3296 3517 τελευταία,
3331 3451 3433 3504 κᾶν
3475 3452 3523 3503 εὶ
3565 3447 3795 3519 νηστεύ-

2214 3555 2363 3600 σειαν
2397 3544 2472 3616 τῷ
2503 3542 2641 3615 Θεῷ,
2682 3544 2945 3597 τύπτουσι
2987 3546 3231 3613 πυγμαῖς
3278 3542 3551 3596 ταπεινόν.
3583 3538 3795 3594 Οὐκοῦν

2211 3638 2559 3692 ἀκουέτωσαν
2587 3636 2836 3704 λέγοντος
2866 3634 3051 3687 αὐτοῦ.
3091 3635 3202 3697 Τὰς
3234 3634 3425 3706 ὲορτάς
3462 3632 3614 3703 ὑμῶν
3644 3633 3797 3702 μισεῖ

2212 3732 2246 3801 ὴ
2279 3730 2422 3801 ψυχή
2456 3746 2577 3799 μου.
2611 3727 2797 3782 Ταῦτα
2830 3727 2886 3780 δέ
2927 3740 3060 3798 φησι.
3100 3726 3355 3797 μεθιστὰς
3388 3728 3452 3779 ὲκ
3482 3725 3667 3777 τύπων
3697 3723 3795 3776 ἐπὶ

2210 3824 2271 3877 τὸ
2295 3822 2511 3893 ἀληθὲς,
2540 3821 2635 3873 καὶ
2665 3823 2777 3882 τοῖς
2806 3820 2893 3872 διὰ
2918 3818 3153 3889 Χριστοῦ
3188 3818 3548 3888 θεσπίσμασιν
3584 3814 3793 3884 ὑποφέ-

2215 3932 2327 3987 ρειν
2362 3914 2671 3968 ἀναπείθων
2712 3913 2803 3965 τὸν
2840 3911 2940 3981 τῆς
2978 3911 3214 3973 διανοίας
3253 3902 3472 3980 αὐχένα,
3506 3909 3593 3961 ἵνα
3635 3908 3795 3959 πολιδ

2211 4006 2450 4060 τεύοιντο
2497 4006 2614 4075 μεθ’
2654 4004 2811 4075 ἡμῶν
2851 4001 3239 4070 εύαγγελικῷς.
3278 4002 3411 4064 Ταῖς
3447 4001 3663 4071 νοηταῖς
3705 3996 3796 4049 εύ-

2210 4105 2430 4174 οσμίαις
2450 4099 2937 4170 κατευφραίνοντες
2956 4098 3107 4151 Θεόν.
3133 4098 3241 4150 Καὶ
3261 4096 3449 4168 ὥσπερ
3473 4115 3522 4149 τι
3540 4096 3795 4166 θυμίαμα

532 4187 899 4256 πνευματικὸν
942 4187 1283 4251 ἀνατιθέντες
1324 4188 1474 4260 αὐτῷ
1511 4190 1571 4244 τὸ
1649 4192 1887 4256 ἐπιεικὲς
1919 4193 1999 4257 είς
2033 4193 2287 4265 τρόπους,
2324 4193 2421 4265 τὴν
2468 4192 2708 4262 ἀγάπην,
2776 4191 2873 4262 τὴν
2913 4187 3284 4259 φιλαλληλίαν,
3326 4188 3425 4256 τὴν
3492 4185 3791 4256 ὑπομονὴν,

529 4283 629 4353 τὴν
659 4284 1003 4352 ἐγκράτειαν,
1035 4284 1127 4336 καὶ
1162 4282 1270 4354 πρό
1313 4300 1377 4351 γε
1408 4284 1517 4336 τῶν
1545 4283 1719 4339 ἄλλων
1764 4286 1862 4355 τὴν
1902 4287 2105 4341 πίστιν.
2147 4287 2439 4350 Τοιαύταις
2499 4285 2711 4348 θυσίαις
2741 4285 3112 4355 εὐαρεστεῖται
3177 4281 3329 4345 Θεὸς,
3368 4282 3461 4335 καὶ
3496 4280 3605 4335 τῶν
3632 4280 3795 4346 εὐαγδ

529 4375 764 4442 γελικῶν
799 4375 1187 4445 θεσπισμάτων
1208 4379 1241 4448 ὴ
1265 4376 1495 4448 δύναμις
1518 4381 1629 4441 τοῖς
1655 4379 1917 4445 τοιούτοις
1941 4378 2080 4452 αύχή
2092 4396 2275 4454 μασιν,
2300 4382 2426 4443 τοὺς
2449 4379 2799 4443 πιστεύοντας
2834 4381 3105 4447 στεφανοῖ.

607 4472 769 4529 Vsus.
808 4473 893 4527 15.
930 4471 1083 4525 Facti
1114 4476 1236 4527 estis
1275 4474 1402 4527 mihi
1424 4475 1479 4528 in
1529 4479 1851 4545 satietatem,
1906 4495 2105 4548 nequa-
2138 4482 2184 4537 D

528 4582 685 4634 quant
724 4565 861 4617 ultra
912 4564 1174 4617 dimittam
1227 4576 1441 4632 peccata
1475 4578 1672 4623 vestra.
1727 4562 1861 4623 Cum
1916 4588 2103 4624 manus

527 4657 882 4726 expauderitis
916 4657 985 4710 at!
1027 4671 1127 4723 me,
1165 4668 1396 4711 avertant
1450 4661 1627 4714 oculos
1678 4674 1817 4713 meos
1845 4678 1876 4714 a
1930 4660 2100 4715 vobis.

531 4750 600 4802 Et
647 4750 692 4802 si
742 4752 1033 4803 orationem
1068 4750 1429 4816 multiplicatis
1458 4791 1472 4815 ,
1525 4769 1627 4804 non
1671 4754 1957 4807 exaudiant
1994 4769 2102 4806 vos.

530 4840 722 4895 Manus
747 4843 882 4895 enim
909 4852 1093 4896 vestra:
1114 4843 1280 4910 picum
1303 4852 1423 4895 sunt
1466 4845 1741 4911 sanguine.

600 5014 727 5079 Quae
749 5030 833 5068 res
860 5016 1161 5071 satietatem
1187 5027 1239 5070 et
1275 5032 1533 5071 nauseam
1583 5018 1820 5087 pariunt,
1865 5018 2096 5073 fastidiri

529 5106 745 5168 debent,
781 5116 835 5158 et
881 5108 1101 5161 omnino
1131 5112 1281 5175 parvi
1318 5109 1486 5173 ﬁunt,
1525 5110 1633 5164 imo
1671 5112 1723 5164 in
1774 5112 1957 5166 odium
2000 5126 2098 5166 ve-

528 5198 701 5249 niunt.
735 5195 1012 5265 Siquidem
1064 5200 1496 5267 sapientissimus
1542 5201 1824 5267 Salomon,
1868 5204 2044 5272 inquit
2081 5220 2094 5256 :

531 5305 549 5340 ι
595 5287 771 5342 Tarde
799 5288 938 5343 inter
980 5289 1167 5359 pedem
1214 5301 1363 5345 tuum
1414 5292 1479 5345 ad
1513 5293 1746 5347 amicum
1779 5303 1927 5348 tuum
1955 5337 1970 5361 ,
2031 5311 2099 5349 ne

525 5388 679 5433 satur
707 5378 782 5431 tui
817 5380 990 5432 oderit
1021 5390 1073 5433 te
1123 5381 1188 5436 ³¹.
1226 5399 1245 5435 ι
1299 5382 1443 5438 Dicit
1492 5383 1677 5454 itaque
1730 5386 2100 5442 universitatis

527 5470 669 5525 Deus
718 5468 918 5525 Judaeis
957 5492 969 5526 :
1007 5472 1362 5531 Essaturatus
1412 5490 1535 5530 sum
1591 5476 1835 5532 exsoleta
1882 5479 2098 5543 umbra,

526 5572 727 5628 vosque
751 5559 1007 5616 molestos
1037 5563 1166 5617 mihi
1202 5578 1323 5620 esse
1348 5565 1512 5632 duco,
1532 5566 1577 5621 si
1602 5567 1987 5637 ingrediamiui
2023 5567 2091 5621 ad

524 5656 945 5722 comparandum
971 5669 1151 5710 coram
1178 5673 1283 5713 me.
1318 5660 1554 5716 Aversor
1568 5662 1729 5717 etiam
1760 5660 1935 5718 solum
1960 5675 2099 5716 con-

601 5834 645 5868 ⁸¹
670 5833 829 5893 Prov.
870 5852 995 5905 xxv,
1025 5838 1111 5894 l7.

2294 4476 2647 4547 Ἐγενήθητέ
2669 4495 2773 4547 μοι
2800 4478 2887 4543 είς
2915 4474 3304 4543 πλησμονὴν,
3325 4493 3436 4529 ουκ
3465 4477 3552 4529 ἔτι
3580 4478 3793 4542 ἀνήσω

2205 4566 2313 4631 τὰς
2358 4566 2647 4635 ἁμαρτίας
2687 4563 2872 4634 ὑμῶν.
2908 4564 3092 4617 Ὅταν
3126 4563 3233 4631 τὰς
3263 4565 3463 4633 χεῖρας
3485 4565 3793 4630 ἐκτείνητέ

2207 4656 2356 4724 πρός
2393 4672 2491 4724 με,
2524 4654 2900 4723 ίὰποστρέψω
2950 4653 3092 4717 τοὺς
3140 4654 3486 4722 ὀφθαλμούς
3529 4670 3648 4721 μου
3685 4651 3789 4720 ἀφ’

2205 4742 2393 4814 ὑμῶν.
2455 4747 2561 4802 Καὶ
2625 4745 2732 4798 ἐὰν
2795 4744 3140 4811 πληθύνητε
3204 4743 3318 4811 τὴν
3385 4741 3618 4809 δέησιν,
3674 4743 3792 4795 οὐκ

2206 4836 2541 4905 ἀκούσομαι
2595 4835 2781 4907 ὑμῶν.
2829 4838 2899 4890 At
2953 4835 3061 4906 γὰρ
3109 4834 3301 4905 χεῖρες
3333 4833 3499 4903 ὑμῶν
3540 4835 3793 4903 αἳματος

2209 4928 2485 4996 πλήρεις.

2280 5021 2359 5072 Τὰ
2386 5023 2465 5085 είς
2496 5018 2808 5089 πλησμονὴν
2829 5018 2945 5089 ἦτοι
2976 5018 3132 5089 κόρον
3157 5019 3357 5088 ἥκοντα
3386 5016 3494 5072 τῷν
3527 5019 3793 5088 πραγμά-

2206 5131 2315 5166 των
2382 5110 2840 5182 καταφρονεῖσθαι
2895 5111 3057 5180 φιλεῖ,
3111 5109 3205 5167 καὶ
3262 5109 3443 5177 ὀλίγου
3508 5109 3791 5171 παντελῶς

2206 5205 2452 5270 ἀξιοῦται
2480 5205 2659 5271 λόγου,
2695 5204 2895 5275 μᾶλλον
2924 5203 2980 5255 δὲ
3012 5198 3111 5272 ἥδη
3151 5201 3246 5254 καὶ
3278 5201 3367 5254 διὰ
3398 5202 3588 5272 μίσους
3633 5202 3791 5273 ἔρχεο

2204 5308 2314 5355 ται.
2329 5300 2439 5355 Καὶ
2459 5297 2590 5368 γοῦν
2608 5301 2636 5352 ὁ
2650 5296 2956 5366 σοφώτατος
2974 5292 3240 5363 Σολομὼν,
3268 5312 3285 5344 ι
3308 5292 3556 5364 Βραδὲως
3577 5294 3788 5360 εἴσαγε,

2206 5392 2358 5460 φησὶ,
2392 5391 2484 5443 σὺν
2532 5389 2667 5443 πόδα
2724 5386 2859 5458 πρὸς
2908 5385 2998 5438 τὸν
3037 5383 3222 5453 φίλον,
3269 5384 3355 5437 ἵνα
3407 5383 3481 5455 μὴ
3524 5381 3786 5453 πλησθεὶς

2208 5494 2303 5537 σου
2341 5484 2547 5554 μισήσῃ
2578 5500 2658 5536 σε.
2700 5499 2720 5533 ι
2757 5481 2899 5548 Ἔφη
2929 5479 3110 5532 τοίνυν
3152 5477 3427 5540 Ἰουδαίοις
3458 5478 3486 5530 ὁ
3512 5476 3619 5529 τῶν
3645 5475 3784 5530 ὅλων

2205 5568 2361 5637 Θεὸς,
2396 5574 2875 5643 κατακεκόρεσμαι
2912 5569 3011 5638 τῆς
3046 5568 3211 5621 ἑώλου
3246 5568 3423 5630 σκιάς,
3453 5566 3693 5637 ἡγοῦμαι
3725 5564 3785 5617 δὲ

2205 5665 2304 5736 ήδη
2353 5666 2663 5736 φορτικοὺς,
2705 5662 2809 5718 κᾶν
2854 5660 3172 5732 εἰσέρχησθε
3216 5659 3444 5731 ὀφθῆναί
3495 5676 3603 5731 μοι.
3635 5660 3788 5729 Παρι-
