4094 6366
313 394 401 452 ὃἹ
1458 392 1521 447 ΙΝ
1562 393 1791 448 ISAIAM
1830 392 1915 447 LII

2018 395 2048 448 l.
2087 390 2300 449 ORAT.
2340 390 2361 446 ι
3516 390 3590 448 58

315 514 583 586 αιτοῦμαι
604 513 661 567 δὲ
691 514 787 567 καὶ
812 512 979 584 μόνην
1010 502 1163 581 ὑμῶν
1188 513 1286 583 τήν
1315 513 1464 567 θὲαψ
1485 514 1588 567 οὐκ
1619 514 1700 568 ἔτι
1726 514 1914 584 ἀνήσω

2018 521 2262 583 spectum
2299 512 2488 578 vestri,
2526 524 2631 564 non
2677 510 2951 563 remittam
2976 508 3206 579 amplius
3234 519 3454 578 peccata
3493 526 3589 565 ve~

317 606 426 669 τάς
472 604 742 675 ἁμαρτίας
791 605 965 674 ὑμῶν.
1008 605 1182 659 Πάλαι
1218 605 1315 675 μὲν
1352 603 1462 676 γάρ
1502 606 1554 658 οἱ
1594 608 1653 672 ἐξ
1692 606 1911 678 Ἰσραὴλ

316 696 559 759 ἀνοσίως
586 695 1009 755 ἀπονενευκότες
1050 696 1144 766 ἐπεὶ
1182 695 1242 749 τὸ
1279 695 1495 749 ἑλέσθαι
1534 696 1644 749 δεῖν
1681 696 1773 748 τὸν
1802 697 1911 749 τῶν

320 780 467 841 ἂων
492 787 623 840 Θεὸν
650 787 1009 859 παροτρύνειν
1029 787 1113 857 ἐφ’
1136 788 1382 852 ἑαυτοὺς,
1405 788 1491 841 διά
1512 788 1602 841 τοῦ
1628 787 1910 859 λατρεύειν

315 883 393 950 τῇ
427 880 623 943 κτίσει,
656 881 979 950 προσκυνεῖν
1008 878 1064 932 δὲ
1095 880 1189 932 καὶ
1223 880 1406 941 αὐτοῖς
1437 883 1549 944 τοῖς
1582 880 1766 952 ἔργοις
1798 880 1908 933 τῶν

322 972 477 1023 ίδὲων
504 970 722 1041 χειρῶν,
759 971 996 1024 δέδονται
1025 974 1137 1034 τοῖς
1176 971 1540 1035 Βαϐυλωνίοις
1585 974 1677 1025 καὶ
1708 975 1910 1027 ἀπεκο-

319 1061 602 1132 μίσθησαν
644 1062 744 1131 τῆς
784 1062 1040 1126 Ἰουδαίας
1071 1064 1428 1133 αἰχμάλωτοι,
1458 1066 1550 1118 καὶ
1586 1067 1910 1136 κατῳκήκα-

320 1171 415 1205 σιν
447 1155 505 1206 ἐν
533 1156 640 1215 τοῖς
679 1154 860 1223 ὖρεσιν
906 1153 1130 1225 Περσῶν
1173 1155 1265 1208 καὶ
1310 1156 1531 1226 Μήδων,
1570 1156 1771 1226 πικρὰν
1815 1155 1910 1209 καὶ

318 1243 604 1296 δύσοιστον
656 1244 981 1309 ἀνατλάντες
1027 1246 1285 1301 δουλείαν.
1343 1247 1558 1317 Ἐπειδὴ
1611 1248 1667 1300 δὲ
1729 1249 1911 1310 αὐτοῖς

318 1324 728 1403 ἑϐδομηκοστὸν
754 1332 873 1397 ἔτος
899 1334 1226 1396 τετέλεσται,
1255 1334 1505 1404 κατηλέει
1537 1334 1699 1388 πάλιν
1728 1336 1756 1387 6
1787 1334 1908 1403 φιλ-

318 1423 653 1493 οικτείρμων
706 1422 857 1485 Θεός.
908 1423 1019 1475 Καὶ
1063 1422 1192 1491 γοῦν
1239 1423 1314 1485 ὡς
1350 1425 1407 1476 ἐν
1440 1422 1517 1492 τῷ
1550 1422 1794 1493 Ζαχαρία
1819 1422 1910 1491 γέ-

319 1533 596 1584 γραπται,
631 1515 730 1577 τὰς
760 1516 899 1586 ὑπὲρ
928 1515 1104 1568 αὐτῶν
1132 1518 1366 1568 ἐποιεῖτο
1394 1516 1546 1579 λιτὰς
1575 1517 1604 1568 6
1640 1517 1909 1586 μακάριος

322 1606 581 1673 ἄγγελος,
618 1605 813 1674 λέγων’
850 1625 867 1655 ι
904 1606 1074 1676 Κύριε
1104 1606 1519 1677 παντοκράτωρ,
1542 1606 1647 1670 ἓως
1671 1605 1813 1669 τίνος
1846 1606 1906 1657 ού

324 1698 411 1768 μὴ
436 1689 676 1767 ἐλεήσέις
704 1697 800 1768 τὴν
828 1697 1206 1769 Ἰερουσαλὴμ,
1238 1699 1331 1750 καὶ
1363 1698 1460 1762 τάς
1498 1697 1680 1758 πόλεις
1715 1697 1905 1760 Ἰούδα,

319 1788 394 1852 ἀς
423 1789 713 1859 ύπὲριδες;
755 1787 911 1841 τοῦτο
958 1787 1354 1859 ἑϐδομηκοστὸν
1394 1787 1533 1851 ἔτος·
1573 1806 1591 1837 ι
1637 1788 1729 1840 καὶ
1774 1787 1908 1855 πρός

316 1898 390 1949 γε
423 1880 592 1934 ταῦτα
626 1880 777 1942 Θεός.
812 1899 829 1930 ι
865 1878 1145 1950 Ἐζήλωσα
1172 1879 1269 1950 τὴν
1302 1878 1658 1950 Ἰερουσαλὴμ
1687 1879 1779 1931 καὶ
1812 1877 1910 1948 τήν
1941 1865 1983 1920 Β

316 1970 467 2023 Σιὼν
501 1970 660 2039 ζῆλον
690 1969 888 2041 μέγαν,
919 1971 1012 2022 καὶ
1043 1969 1197 2041 θυμῷ
1226 1970 1447 2041 μεγάλῳ
1478 1969 1588 2039 ἐγὼ
1624 1970 1915 2041 ὀργίζομαι

316 2058 423 2114 ἐπὶ
446 2061 516 2113 τά
541 2060 669 2129 ἔθνη
705 2061 771 2113 τά
803 2058 1277 2129 συνεπιτιθέμενα,
1305 2058 1420 2113 ἀνθ’
1451 2052 1525 2113 ὧν
1552 2058 1662 2127 ἐγὼ
1694 2058 1791 2128 μὲν
1820 2058 1913 2127 ὀρ-

315 2152 527 2223 γίσθην
546 2151 720 2220 ὀλίγα,
752 2152 904 2205 αὐτοὶ
932 2150 987 2203 δὲ
1019 2150 1372 2204 συνεπέθοντο
1400 2153 1477 2214 εἰς
1508 2150 1669 2204 κακά.
1708 2148 1916 2203 Οὐκοῦν

318 2244 576 2315 ἀνῄρηκε
608 2244 705 2313 μὲν
736 2242 857 2295 τότε
892 2243 992 2305 τὰς
1030 2242 1299 2313 ἁμαρτίας
1341 2243 1541 2309 αὐτῶν,
1585 2241 1916 2313 λελύτρωται

315 2338 461 2407 γὰρ,
494 2338 591 2389 καὶ
614 2335 945 2407 ἀνεκομίσθη
977 2335 1138 2388 πάλιν
1171 2337 1250 2398 εἰς
1282 2328 1382 2405 τὴν
1407 2334 1640 2387 ἑαυτῶν.
1676 2332 1833 2388 Μετά
1856 2334 1917 2386 δέ

316 2446 390 2495 γε
436 2429 529 2481 τὸν
572 2427 664 2480 τοῦ
714 2428 966 2499 Σωτῆρος
1007 2427 1260 2498 σταυρὸν,
1290 2427 1472 2480 οὐκέτι
1509 2426 1609 2489 τὰς
1637 2427 1913 2497 ἁμαρτίας

316 2520 514 2582 αὐτοῖς
539 2519 756 2589 ἀνήσειν
786 2518 1199 2588 ἐπαγγέλλεται,
1234 2519 1321 2572 διά
1350 2536 1431 2571 τοι
1459 2519 1517 2571 τὸ
1551 2520 1797 2589 μακροὺς
1829 2516 1914 2586 ἐφ’

319 2613 544 2672 ἑαυτοῖς
566 2610 907 2679 διαγενέσθαι
940 2613 1186 2683 καιροὺς,
1216 2608 1399 2673 καθὼς
1431 2611 1775 2680 μεμενήκασι
1804 2612 1916 2674 τοῖς

318 2703 387 2767 ἐξ
420 2703 588 2773 ὀργῆς
623 2704 917 2773 κινήμασιν
956 2702 1405 2774 ύπενηνεγμένοι.
1432 2704 1554 2755 Ὅτι
1591 2703 1688 2772 μὲν
1716 2703 1826 2775 γὰρ
1857 2707 1915 2758 ἐν

318 2796 581 2867 ἐσχάτοις
607 2796 991 2865 ἐλεηθήσονται
1022 2798 1254 2866 καιροῖς,
1279 2798 1344 2866 τῇ
1370 2797 1449 2859 είς
1472 2795 1706 2867 Χριστὸν
1734 2797 1916 2867 χάριτι

323 2886 454 2957 μεθ’
485 2886 644 2957 ἡμῶν
683 2884 1068 2955 δικαιούμενοι,
1115 2886 1403 2957 διεκήρυξε
1456 2887 1516 2939 τὸ
1569 2888 1803 2957 γράμμα
1854 2887 1918 2940 τὸ

323 2977 479 3050 ἱερὸν
504 3016 519 3040 ,
544 2977 731 3048 ἐπειδὴ
757 2978 833 3041 δὲ,
863 2977 938 3041 ὡς
964 2977 1119 3049 ἔφην,
1150 2977 1284 3032 πολὺ
1311 2977 1418 3031 τῶν
1455 2979 1621 3032 πάλαι
1655 2981 1917 3050 μακρότεο

324 3089 417 3144 por.
448 3071 733 3140 γεγόνασιν
757 3072 843 3123 ἐπ’
871 3072 1067 3134 αὐτοὺς
1091 3073 1139 3124 oi
1166 3072 1264 3142 τῆς
1284 3073 1454 3142 ὀργῆς
1504 3073 1703 3143 χρόνοι.
1731 3073 1912 3145 Ταύτῃ

319 3164 414 3215 τοί
464 3181 647 3235 φησιν·
686 3161 880 3216 Οὐκέτι
923 3164 1107 3234 ἀνήσω
1162 3165 1262 3226 τὰς
1305 3164 1579 3235 ἁμαρτίας
1612 3164 1785 3234 ὑμῶν,
1820 3169 1915 3217 καὶ

322 3254 457 3308 καθ’
486 3256 674 3325 ἓτερον
708 3255 785 3319 δὲ,
814 3257 860 3307 εἱ
887 3254 1086 3325 βούλει,
1115 3256 1335 3326 τρόπον,
1370 3258 1433 3326 τῇ
1467 3255 1576 3308 τῶν
1613 3256 1911 3326 προκειμέ-

322 3364 440 3399 νων
486 3346 665 3417 ἐννοίᾳ
706 3346 1050 3418 προσϐαλεῖς.
1094 3346 1503 3417 Προσεκόμιζον
1549 3346 1739 3411 θυσίας
1774 3348 1915 3401 κατά

321 3438 424 3489 τὸν
452 3434 619 3489 πάλαι
639 3436 800 3506 νόμον
825 3438 874 3488 οἱ
901 3437 960 3502 ἐξ
988 3436 1225 3507 Ἰσραὴλ,
1252 3436 1347 3499 τὰς
1376 3437 1515 3507 ύπέρ
1542 3453 1605 3504 γε
1633 3436 1740 3490 τῶν
1769 3436 1914 3489 ἰδίων

324 3528 840 3599 πλημμελημάτων.
864 3531 1089 3600 Ἔριφος
1116 3529 1173 3581 δὲ
1195 3529 1287 3583 καὶ
1310 3531 1479 3600 ἀμνὸς
1508 3529 1793 3599 ἐσφάζετο,
1822 3531 1916 3582 καὶ

327 3620 632 3692 συνεχώρει
661 3621 811 3684 Θεός.
843 3622 954 3674 Ούκ
974 3623 1242 3685 ἀνικάνως
1267 3621 1483 3692 ἔχοντος
1511 3622 1607 3674 καὶ
1634 3621 1800 3675 πάλαι
1819 3619 1914 3674 τοῦ

325 3714 501 3785 νόμου
533 3712 745 3782 βοηθεῖν
770 3712 1162 3783 ἀρχαιοτέροις,
1202 3712 1506 3783 ἐμορεροῦτο
1538 3713 1646 3783 γὰρ
1678 3715 1736 3766 ἐν
1767 3713 1917 3784 αύτῷ

324 3804 392 3857 τὸ
419 3800 657 3873 Χριστοῦ
690 3804 1008 3872 μυστήριον.
1055 3801 1275 3873 Ἐπειδὴ
1310 3802 1365 3855 δὲ
1408 3803 1678 3871 ἐπέφανεν
1721 3805 1750 3856 ὁ
1783 3804 1918 3875 Χρι-

330 3892 485 3955 στὸς,
515 3894 818 3961 ἀπρακτεῖν
855 3891 961 3943 ἔδει
1006 3890 1189 3944 λοιπὸν
1216 3893 1316 3962 τὴν
1346 3893 1403 3945 ἐν
1434 3892 1588 3962 τύπῳ
1628 3892 1911 3963 κάθαρσιν,

324 3986 407 4049 ὡς
441 3984 539 4054 τῆς
567 3983 826 4051 ἀληθείας
856 3983 956 4053 ήδη
1002 3982 1301 4053 παρούσης.
1335 3983 1456 4034 ’Ὀτι
1494 3982 1670 4035 τοίνυν
1694 3984 1792 4035 οὐκ
1819 3985 1917 4053 ἀρ-

326 4078 488 4130 κέσει
519 4076 656 4144 πρὸς
684 4076 874 4144 ἄφεσιν
900 4077 1080 4139 αὐτοῖς
1125 4076 1158 4146 ἡ
1197 4076 1361 4144 νόμου
1395 4076 1519 4129 σκιά
1549 4076 1645 4147 τὴν
1672 4076 1759 4129 διὰ
1784 4078 1918 4147 Χρι-

332 4169 467 4224 στοῦ
511 4169 800 4240 λύτρωσιν,
851 4168 911 4220 ού
967 4169 1366 4240 προσιεμένοις,
1412 4169 1675 4236 διδάσκει,
1722 4170 1914 4238 λέγων·

330 4261 540 4317 Οὐκέτι
571 4262 758 4331 ἀνήσω
792 4258 889 4322 τὰς
924 4260 1197 4332 ἁμαρτίας
1241 4260 1413 4330 ὑμῶν.
1466 4260 1630 4313 Οὔπω
1677 4263 1773 4332 μὲν
1810 4261 1917 4332 γὰρ

330 4353 623 4423 παρούσης
674 4350 774 4418 τῆς
815 4349 1091 4422 ἀληθείας,
1141 4352 1326 4421 φησὶν,
1372 4352 1770 4423 συγκεχώρηκα
1808 4358 1918 4418 τοῖς

327 4445 531 4507 τύποις
586 4442 814 4512 ὠφελεῖν
856 4441 1111 4496 δύνασθαι
1153 4443 1280 4506 τοὺς
1322 4442 1539 4512 ἐνόχους
1582 4445 1914 4515 ἁμαρτίαις,

332 4542 477 4595 αίδοι
500 4543 567 4611 τῇ
600 4541 738 4611 πρὸς
766 4541 864 4612 τὴν
893 4540 1147 4611 ἀλήθειαν
1185 4542 1278 4594 καὶ
1306 4541 1465 4594 τοῦτο
1496 4541 1683 4604 ποιῶν,
1713 4539 1918 4610 παρού-
1950 4575 1992 4628 D

332 4655 444 4708 σης
493 4637 552 4690 δὲ
597 4636 694 4707 ήδη
746 4638 838 4689 καὶ
890 4636 1360 4707 άναδεδειγμένης,
1391 4635 1624 4707 ἀδρανὴς
1668 4637 1695 4687 6
1724 4634 1912 4698 τύπος,

332 4730 601 4793 ἀνόνητος
639 4728 672 4797 ἡ
720 4725 866 4779 σκιά.
898 4727 1007 4779 Καὶ
1045 4726 1227 4796 ἀνήσω
1266 4726 1363 4796 μὲν
1392 4726 1576 4778 οὐκέτι
1608 4725 1703 4788 τὰς
1738 4726 1915 4796 ἀμαρ-

331 4821 462 4881 τίας
518 4817 692 4887 ὑμῶν,
744 4816 1078 4883 ἐπαιρόντων
1124 4816 1181 4869 δὲ
1215 4817 1313 4880 τὰς
1350 4820 1558 4888 χεῖρας,
1586 4816 1914 4889 ἁποστρέψω

328 4910 465 4971 τοὺς
508 4907 817 4977 ὀφθαλμούς
863 4924 986 4976 μου,
1027 4907 1130 4959 κάν
1180 4909 1229 4959 εἰ
1274 4906 1527 4969 πλείστας
1566 4906 1695 4970 ὅσας
1740 4908 1914 4959 ποιεῖν

330 4994 546 5051 ἕλοισθε
580 4997 678 5060 τάς
717 4996 889 5059 λιτὰς,
923 4997 1022 5049 οὐκ
1051 4997 1375 5067 εἰσδέξομαι.
1406 4993 1531 5068 τΑρ’
1562 4993 1655 5051 οὖν
1703 4998 1913 5068 ἀπέστη

330 5089 433 5142 τοῦ
491 5084 631 5140 εἶναι
684 5087 918 5158 χρηστὸς
968 5089 996 5141 6
1037 5088 1143 5141 τῶν
1181 5089 1316 5143 ὅλων
1354 5088 1713 5161 δημιουργός;
1747 5091 1915 5160 ἤγουν

330 5178 633 5232 ἐπελάθετο
672 5178 766 5230 τοῦ
800 5180 1135 5250 οἰκτειρῆσαι
1171 5179 1339 5245 Θεός;
1386 5180 1657 5251 οὐδαμῶς,
1708 5182 1871 5251 φησὶν
1897 5221 1912 5245 ,

331 5269 600 5340 είμὶγάρ,
628 5270 742 5340 εἰμὶ
772 5272 1005 5341 χρηστός
1040 5288 1099 5324 τε
1128 5272 1221 5324 καὶ
1254 5271 1457 5339 ἀγαθὸς
1484 5275 1580 5326 καὶ
1616 5272 1914 5343 φιλοικτίρ-

333 5380 480 5433 μων,
536 5362 695 5430 μόνον
737 5361 794 5415 δὲ
834 5364 954 5434 οὐχὶ
994 5363 1145 5416 ἀκων
1184 5363 1513 5434 ἀποστρέφου
1550 5364 1674 5427 τοὺς
1709 5364 1914 5433 ὀφθαλο

335 5452 495 5523 μούς.
525 5454 589 5504 Ai
617 5453 726 5524 γάρ
757 5455 935 5523 χεῖρες
962 5454 1114 5525 ὑμῶν
1140 5455 1369 5523 αἵματος
1394 5455 1640 5525 πλήρεις.
1674 5456 1912 5518 Ἀκούεις

330 5546 488 5606 ὅπως
504 5544 566 5596 τὸ
589 5544 690 5613 τῆς
711 5544 1020 5613 μιαιφονίας
1046 5546 1226 5608 αὐτοῖς
1245 5545 1625 5614 εἰσκεκόμικεν
1643 5545 1807 5617 ἕγκλη
1817 5565 1914 5616 μα,

336 5638 625 5707 σιωπήσας
648 5634 718 5688 τά
746 5634 907 5707 ἕτερα
936 5636 1046 5693 τῶν
1075 5639 1466 5709 πταισμάτων;
1496 5638 1670 5693 καίτοι
1702 5639 1916 5703 πολλοῖς

410 5788 457 5820 ³¹
478 5787 705 5845 Zachar.
738 5804 779 5845 t.
813 5790 993 5846 12-15.

2021 612 2155 656 stra.
2192 602 2331 655 tllim
2368 602 2509 656 enim
2555 601 2814 655 Israelita:
2845 616 2966 654 cum
3002 601 3164 669 impie
3206 600 3588 664 descivissent,

2018 695 2092 748 ita
2120 704 2176 747 ut
2205 694 2579 749 universitatis
2609 692 2776 748 Deum
2803 694 2855 747 in
2889 709 2949 747 se
2987 691 3406 755 exacerbarent,
3432 708 3589 745 crea-

2017 795 2193 838 turam
2249 783 2513 850 colendo,
2554 784 2778 854 ipsaque
2840 799 3006 852 opera
3057 799 3310 836 manuum
3360 798 3585 841 suarum

2013 876 2324 940 adorando,
2383 875 2567 929 traditi
2615 883 2742 929 sunt
2771 875 3084 944 Babyloniis
3114 915 3130 939 ,
3184 885 3238 927 et
3282 891 3348 928 ex
3398 872 3583 930 Judtea

2013 967 2235 1021 abducti
2256 975 2382 1019 sunt
2406 967 2626 1034 captivi,
2650 966 2779 1021 etin
2803 965 3094 1019 Persarum
3121 980 3282 1034 atque
3306 965 3587 1022 Medorum

2015 1059 2211 1112 ﬁnibus
2239 1058 2645 1123 habitaverunt,
2671 1059 2921 1112 acerbam
2946 1075 3009 1111 ac
3031 1073 3135 1112 n0n
3173 1060 3446 1111 ferendam
3470 1075 3589 1113 sera

2012 1152 2242 1204 vitutem
2291 1150 2604 1204 subeuntes.
2656 1150 2863 1203 Exacto
2916 1149 3127 1203 demum
3183 1152 3584 1219 septuagesimo

2013 1256 2180 1303 anno,
2233 1241 2429 1295 iterum
2476 1240 2787 1295 misericors
2818 1241 2959 1295 Deus
3016 1240 3428 1295 commiseratus
3480 1251 3583 1295 est.

2014 1331 2291 1402 Siquidem
2345 1341 2403 1386 ut
2447 1332 2501 1386 in
2556 1332 2825 1386 Zacharia
2887 1332 3148 1402 scriptum
3196 1341 3318 1399 est,
3396 1345 3584 1400 preces

2010 1424 2280 1493 Supplices
2331 1440 2427 1493 pro
2459 1424 2564 1479 illis
2617 1426 2755 1479 fudit
2797 1427 2986 1479 beatus
3033 1424 3296 1495 angelus,
3346 1424 3536 1478 dicens
3564 1440 3583 1477 :

2017 1535 2034 1567 ι
2077 1516 2301 1570 Domine
2328 1517 2695 1586 omnipotens,
2719 1531 3000 1586 quousque
3028 1526 3079 1570 tu
3126 1534 3232 1570 non
3286 1518 3582 1570 miserebe-

2012 1608 2086 1662 ris
2112 1606 2433 1670 Jerusalem,
2499 1619 2554 1662 et
2585 1609 2798 1661 urbium
2841 1606 3002 1669 Juda,
3052 1623 3187 1675 quas
3219 1607 3519 1675 despexisti
3559 1607 3584 1660 ‘l

2010 1699 2108 1753 Hic
2140 1716 2313 1753 annus
2345 1708 2427 1753 est
2466 1700 2920 1767 septuagesimus.
2955 1718 2973 1749 ι
3011 1699 3079 1752 Ει
3129 1701 3194 1753 ad
3241 1700 3354 1753 haec
3395 1699 3534 1753 Deus
3568 1713 3583 1750 :

2017 1811 2034 1843 ι
2066 1792 2281 1847 Zelatus
2302 1808 2417 1845 sum
2448 1789 2744 1846 Jerusalem
2775 1801 2830 1845 et
2860 1792 3012 1855 Sion,
3043 1791 3167 1845 zelo
3192 1801 3480 1859 magno,et
3506 1791 3585 1844 ira

2013 1902 2205 1954 magna
2235 1887 2441 1939 irascor
2479 1898 2642 1951 super
2693 1893 2878 1952 gentes
2923 1899 3041 1952 quas
3095 1900 3201 1937 una
3241 1885 3583 1953 conspirant.

2014 1978 2118 2033 Pro
2142 1993 2206 2033 eo
2236 1978 2377 2047 quod
2410 1994 2509 2048 ego
2534 1980 2701 2032 iratus
2730 1994 2848 2031 sum
2880 1993 3068 2046 parutn
3093 2016 3112 2044 ,
3161 1978 3261 2044 ipsi
3297 1992 3400 2030 una
3436 1992 3541 2032 con
3569 2006 3578 2016 -

2015 2073 2291 2141 Spirarunt
2325 2073 2390 2125 ad
2428 2072 2567 2126 mala
2598 2071 2665 2123 ³³.
2709 2090 2728 2123 ι
2770 2071 2955 2139 Itaque
2986 2081 3095 2125 tum
3122 2071 3334 2125 remisit
3365 2070 3584 2124 illorum

2018 2171 2273 2232 peccata;
2308 2161 2567 2216 liberatus
2602 2161 2706 2231 16
2748 2161 2892 2213 enim
2925 2171 3029 2223 est,
3062 2170 3115 2213 et
3139 2160 3315 2213 denuo
3338 2160 3391 2212 in
3428 2174 3585 2213 suam

2020 2256 2258 2323 ipsorum
2279 2254 2766 2308 terramreductus.
2790 2253 2920 2308 Post
2971 2255 3385 2310 cruciﬁxionem
3431 2254 3583 2307 deni-

2015 2364 2122 2418 que
2148 2345 2483 2411 Servatoris,
2511 2361 2614 2401 non
2638 2348 2872 2416 amplius
2898 2363 2957 2402 se
2980 2359 3200 2416 peccata
3226 2347 3585 2402 remissurum

2014 2441 2333 2504 denuntiat,
2379 2451 2665 2509 pr0pterea
2713 2441 2856 2509 quod
2911 2442 2963 2493 in
3019 2440 3126 2495 illis
3171 2449 3588 2509 perseverarent

2015 2533 2174 2604 longo
2209 2544 2470 2603 tempore,
2495 2548 2604 2601 quo
2678 2534 2895 2600 quidem
2949 2533 3232 2587 intervallo
3269 2542 3590 2587 manserunt

2016 2627 2110 2681 ira:
2135 2626 2254 2694 ejus
2292 2627 2460 2679 furori
2500 2636 2555 2680 et
2604 2626 2735 2680 ictui
2774 2624 3020 2679 obnoxii.
3065 2625 3217 2691 Quod
3276 2634 3453 2694 tamen
3490 2641 3588 2677 no—

2017 2719 2253 2772 vissimis
2288 2717 2617 2785 temporibus
2641 2716 3070 2771 misericordiam
3095 2726 3585 2784 consequerentur,

2015 2813 2184 2879 gratia
2241 2814 2291 2866 in
2354 2812 2635 2870 Christum
2694 2813 2974 2867 nobiscum
3024 2811 3349 2880 iustiﬁcati,
3412 2824 3585 2865 sacrae

2021 2902 2239 2957 Littera:
2266 2905 2591 2971 praedicant;
2617 2903 2733 2968 sed,
2759 2911 2817 2956 ut
2847 2902 2981 2963 dixi,
3004 2903 3159 2971 longe
3190 2902 3389 2955 diutius
3421 2916 3585 2970 quam

2016 3005 2160 3060 ante,
2194 2996 2288 3050 ira:
2316 3005 2527 3065 tempus
2558 2996 2804 3061 duravit;
2851 2986 3058 3049 idcirco
3112 2994 3286 3047 dicit:
3322 2992 3435 3046 Non
3464 3009 3588 3046 am-

2018 3088 2155 3157 plius
2178 3088 2445 3140 remittam
2464 3096 2684 3156 peccata
2708 3096 2911 3141 vestra.
2937 3086 3120 3139 Addas
3157 3093 3336 3139 autem
3377 3085 3421 3138 si
3471 3085 3588 3154 pla-s

2016 3188 2101 3231 cet
2125 3177 2342 3231 etaliml
2384 3178 2511 3231 huic
2543 3177 2848 3233 sententiae.
2903 3176 3240 3231 lsraelitmex
3268 3176 3434 3229 veteri
3471 3178 3577 3230 ritu

2019 3268 2376 3336 institutoque
2425 3266 2555 3335 legis
2618 3264 2888 3320 sacriﬁcia
2946 3263 3280 3328 oll'erebant,
3318 3278 3415 3332 pro
3471 3263 3587 3318 suis

2016 3358 2269 3419 delictis,
2333 3358 2519 3410 haedus
2579 3365 2756 3409 autem
2813 3366 2867 3409 et
2908 3371 3078 3424 agnus
3124 3356 3482 3417 mactabatur,
3533 3365 3590 3409 et

2018 3447 2333 3516 indulgebat
2373 3446 2536 3499 Deus.
2567 3445 2777 3513 Quippe
2799 3460 2924 3499 cum
2961 3457 3117 3500 vetus
3148 3445 3312 3498 etiam
3349 3444 3431 3499 lex
3480 3461 3588 3499 non

2016 3537 2265 3593 ineliicax
2298 3537 2458 3592 fuerit
2487 3538 2551 3589 ad
2578 3536 2951 3605 opitulandum
2986 3536 3303 3604 majoribus,
3335 3536 3579 3590 delinead

2016 3631 2177 3685 batur
2207 3629 2353 3683 enim
2383 3630 2436 3682 in
2468 3644 2529 3683 ea
2554 3628 2756 3683 Christi
2804 3627 3148 3697 mysterium.
3201 3627 3427 3693 Quando
3457 3642 3589 3681 vero

2017 3723 2270 3792 apparuit
2305 3722 2578 3785 Christus,
2630 3734 2881 3774 enervem
2941 3734 3064 3773 esse
3111 3718 3400 3785 oportebat
3436 3719 3590 3773 deina

2019 3827 2146 3881 ceps
2201 3810 2426 3882 legalem
2466 3811 2919 3879 puriﬁcationem,
2950 3819 3133 3879 utpote
3147 3796 3277 3865 'cum
3296 3810 3409 3877 jam
3432 3811 3591 3864 adesi

2019 3912 2102 3957 set
2138 3903 2358 3956 veritas.
2421 3899 2539 3954 Non
2589 3916 2718 3966 ergo
2749 3900 2881 3954 satis
2938 3914 3060 3954 esse
3098 3900 3163 3952 ad
3209 3900 3590 3954 remissionem

2021 3994 2149 4064 legis
2181 3995 2448 4058 umbram,
2486 3992 2591 4047 illis
2619 3991 2819 4046 Christi
2852 3990 3283 4059 redemptionem
3312 4007 3417 4044 non
3468 4007 3585 4044 am-

2022 4083 2408 4154 plectentibus,
2436 4083 2613 4146 docet,
2644 4080 2894 4149 inquiens
2926 4096 2938 4132 :
2977 4078 3092 4133 Non
3142 4081 3418 4145 remittam
3471 4096 3590 4134 ama

2018 4178 2159 4247 plius
2176 4185 2397 4245 peccata
2426 4185 2628 4228 vestra.
2667 4170 2908 4226 Veritate
2929 4172 3095 4238 enim,
3120 4172 3313 4240 inquit,
3346 4172 3590 4228 nondum

2021 4277 2308 4338 praesente,
2351 4267 2622 4328 concessi,
2656 4275 2713 4317 ut
2743 4264 2850 4333 typi
2872 4261 3062 4329 juvare
3088 4272 3308 4330 possent
3351 4263 3592 4330 peccatis

2022 4359 2311 4427 implicitos
2342 4398 2356 4420 ,
2419 4356 2590 4427 ipsius
2636 4354 2884 4408 veritatis
2930 4356 3229 4409 reverentia
3279 4354 3441 4408 etiam
3491 4354 3593 4419 hoc

2022 4448 2246 4512 faciens,
2277 4464 2382 4517 qua
2424 4446 2820 4516 praesentejam
2878 4461 2943 4500 ac
2982 4444 3353 4499 demonstrata
3388 4483 3404 4505 ,
3466 4442 3576 4496 im-

2022 4541 2227 4597 becillis
2260 4540 2427 4609 ﬁgura
2459 4549 2561 4602 est,
2593 4548 2646 4592 et
2667 4522 2854 4597 umbsa
2893 4552 3080 4605 parum
3111 4536 3328 4590 efﬁcax.
3376 4534 3441 4587 Et
3476 4550 3583 4589 non

2024 4632 2294 4686 remittam
2327 4630 2557 4697 amplius
2588 4638 2806 4696 peccata
2846 4638 3058 4694 vestra;
3098 4627 3192 4680 sed
3239 4627 3287 4680 si
3312 4626 3588 4696 expande-

2024 4722 2143 4775 ritis
2193 4735 2405 4781 manus,
2452 4726 2693 4771 avertam
2737 4712 2922 4769 oculos
2976 4730 3148 4780 meos,
3188 4727 3243 4769 et
3293 4717 3337 4770 si
3399 4732 3590 4786 preces

2024 4810 2559 4881 multiplieaveritis,
2627 4822 2731 4861 non
2792 4807 3104 4875 suscipiam.
3168 4807 3377 4877 Ergone
3429 4808 3592 4863 desiit

2023 4920 2143 4960 esse
2190 4903 2450 4971 benignus
2519 4901 2606 4953 hic
2656 4897 3028 4951 universitatis
3087 4898 3326 4964 cpifex?
3380 4900 3591 4970 Ergone

2022 4998 2221 5053 oblitus
2252 5007 2340 5049 est
2387 4995 2631 5048 misereri
2670 4993 2855 5048 Deus?
2909 4992 3305 5060 Nequaquam,
3363 4992 3535 5064 inquit
3567 5013 3584 5051 :

2025 5092 2155 5146 Sum
2188 5089 2357 5152 enim,
2388 5103 2505 5141 sum
2534 5098 2586 5140 et
2611 5088 2900 5150 humanus,
2950 5095 3007 5141 et
3049 5087 3247 5152 bonus,
3300 5087 3591 5141 etmiseri-

2023 5194 2170 5241 cors,
2202 5187 2407 5230 tantum
2462 5191 2566 5229 non
2613 5176 2818 5229 invitus
2846 5185 3097 5233 avertens
3151 5176 3357 5232 oculos.
3398 5175 3591 5233 Manus

2023 5268 2292 5338 siquidem
2352 5278 2551 5323 vestrae
2599 5268 2772 5337 plena:
2812 5278 2940 5322 sunt
3005 5269 3290 5339 sanguine.
3347 5270 3588 5325 Audisne

2026 5376 2150 5415 eum
2204 5361 2416 5415 caeteris
2465 5360 2784 5415 criminibus
2820 5361 3136 5430 prmteritis,
3194 5361 3357 5415 caedis
3413 5362 3590 5416 dicam

2024 5453 2334 5523 impingere
2360 5453 2383 5507 ‘l
2423 5452 2664 5509 Tametsi
2696 5455 2943 5523 pluribus
2973 5468 3071 5510 eos
3093 5454 3239 5510 vitiis
3281 5455 3587 5525 implicatos

2023 5562 2144 5602 esse
2181 5546 2654 5616 deprehendimus.
2699 5544 2835 5600 Nam
2885 5547 3209 5602 audiverunt
3265 5545 3403 5603 εγω
3447 5546 3592 5615 genti

2025 5638 2303 5711 improbae,
2367 5637 2562 5709 populo
2617 5637 2764 5695 vitiis
2795 5648 2995 5695 onusto
3022 5678 3036 5704 ,
3086 5640 3280 5695 semini
3323 5639 3592 5707 maleﬁco,
