4094 6366
488 336 560 393 19
1558 348 1616 403 S.
1658 345 1929 409 CYRILLI
1969 344 2445 409 ALEXANDRINI
2481 345 2803 407 ARCHIEP.
3674 354 3750 412 90

485 453 775 513 volentiam
837 470 999 527 quam
1079 457 1170 514 illa
1223 473 1354 531 erga
1420 460 1670 518 dominos
1718 465 1938 530 habent,
1986 472 2065 519 est

2184 464 2325 517 Ἀλλ’
2352 463 2588 536 ὴθέτησε
2617 466 2709 521 τὸν
2732 466 3089 538 γεννήσαντα.
3135 464 3245 525 Καὶ
3277 467 3363 533 τίς
3399 467 3429 520 6
3468 468 3571 541 τῆς
3612 471 3740 526 ἀθε-

484 544 742 601 imitatus.
803 546 940 603 Hinc
999 566 1103 606 non
1182 552 1299 608 sine
1356 569 1520 610 causa
1584 557 1696 613 ait:
1731 574 1752 609 ι
1801 555 2065 628 Cognovit

2166 558 2378 628 τήσεως
2414 557 2616 628 τρόπος
2647 558 2734 628 εἴη
2768 556 2868 622 civ;
2915 557 3186 628 ἐτράπετο
3211 557 3319 629 γὰρ
3350 559 3429 623 εῐς
3460 575 3524 629 γε
3553 561 3616 613 τὸ
3648 561 3743 614 θέ-

486 633 584 689 bos
641 649 1010 703 possessorem
1049 655 1230 706 suum,
1280 651 1337 696 et
1381 644 1564 700 asinus
1599 660 1838 715 praesepe
1891 646 2065 700 domi-

486 724 541 779 ni
591 727 696 792 sui;
725 726 1091 789 lsraclautem
1140 748 1226 787 me
1258 749 1362 789 non
1386 738 1656 808 cognovit,
1708 747 1764 796 et
1837 736 2066 807 populus

486 831 575 873 me
614 833 720 873 non
775 820 1058 879 intellexit.
1099 822 1305 887 nyNam
1354 827 1399 881 si
1449 839 1595 883 emat
1651 830 1773 897 quis
1848 829 2062 894 bovem,

488 905 637 960 illum
680 908 865 978 utique
893 910 1112 967 habebit
1149 916 1215 969 ad
1256 916 1330 971 rei
1368 919 1587 975 rusticae
1642 937 1868 975 munera
1952 923 2063 977 uti-

487 998 777 1065 lissimum,
805 1001 919 1061 sive
976 1012 1172 1061 terram
1229 1022 1387 1063 arare
1452 1009 1599 1077 velit,
1653 1013 1766 1067 sive
1812 1015 1865 1068 in
1928 1032 2055 1072 area

486 1091 765 1157 triturare,
819 1103 873 1148 et
928 1094 1183 1156 frumenti
1240 1101 1448 1173 paleam
1504 1115 1781 1161 excutere.
1818 1106 1876 1161 Si
1934 1124 2065 1163 vero

486 1185 613 1254 quis
678 1188 890 1245 asinum
966 1201 1199 1256 coemat,
1293 1203 1499 1254 naturae
1550 1199 1716 1253 etiam
1781 1209 1929 1259 motu
2010 1212 2066 1256 et

486 1277 721 1345 impulsu
757 1290 986 1340 vocatur
1018 1284 1083 1337 ad
1142 1286 1463 1356 obsequium
1540 1299 1594 1348 et
1667 1306 1765 1361 pro
1820 1294 1903 1353 his
1942 1310 2063 1364 quae

481 1367 666 1441 iacent
740 1371 794 1426 in
842 1375 1174 1446 przesepibus
1215 1379 1603 1447 subjectionem
1658 1385 1813 1452 quasi
1867 1401 2063 1454 repen-

486 1463 567 1516 dit
627 1473 682 1519 et
707 1464 1093 1525 obedientiam.
1156 1469 1306 1527 Onus
1382 1474 1526 1535 enim
1610 1475 1813 1542 bajulat
1854 1478 2061 1545 volens,

487 1563 543 1609 et
586 1555 773 1617 herilis
813 1557 1011 1615 laboris
1047 1561 1105 1615 lit
1130 1565 1308 1619 socius
1338 1580 1403 1620 ac
1461 1568 1749 1643 particeps.
1812 1570 1881 1631 At
1950 1570 2065 1627 haec

487 1648 703 1717 quidem
738 1649 811 1703 ita
853 1666 911 1706 se
937 1652 1131 1715 habent
1182 1655 1240 1711 in
1268 1658 1382 1721 his.
1422 1657 1589 1715 lsrael
1611 1671 1789 1721 autem
1824 1665 2062 1733 sapiens,

488 1741 542 1798 in
588 1740 721 1811 legis
783 1744 1086 1815 pmdagogia
1136 1750 1402 1815 initiatus,
1458 1767 1568 1822 quo
1615 1754 1671 1808 id
1728 1755 1883 1825 quod
1934 1772 1964 1811 e
2006 1772 2064 1811 re

488 1840 591 1895 est,
632 1831 930 1903 intelligere
978 1850 1179 1906 posset,
1228 1843 1567 1911 majestatem
1632 1845 1729 1900 Dei
1772 1848 1956 1904 multis
2008 1858 2064 1902 et

490 1922 903 1979 admirabilibus
957 1928 1125 1997 signis
1212 1932 1455 1996 edoctus,
1488 1936 1642 1991 asino
1675 1946 1728 1990 et
1774 1938 1911 1993 bove
1982 1939 2066 1993 in-

491 2013 738 2071 feriorem
805 2033 862 2073 se
894 2029 1145 2090 praestat,
1207 2031 1262 2077 et
1331 2038 1360 2077 a
1431 2025 1603 2082 brutis
1656 2029 2065 2085 mansuetudine

488 2117 543 2164 et
575 2110 843 2178 probitate
886 2126 1191 2182 superatus,
1243 2116 1528 2175 Dominum
1591 2120 1879 2188 ignoravit.
1922 2121 2065 2179 Bene

489 2215 618 2258 sane
670 2202 798 2259 illud
838 2206 1156 2262 dixitzNon
1222 2212 1391 2276 novit,
1448 2227 1556 2266 non
1624 2214 1904 2269 intellexit.
1958 2214 2061 2268 Ta-

489 2296 643 2349 metsi
676 2298 841 2366 enim,
873 2309 934 2359 ut
979 2301 1110 2367 dixi,
1181 2304 1404 2373 gloriam
1442 2316 1498 2360 et
1559 2308 1895 2377 majestatem
1966 2311 2060 2364 Dei

486 2384 773 2455 didicerat,
844 2400 1025 2447 tamen
1104 2396 1328 2463 quodin
1383 2396 1701 2453 eﬂrenatam
1758 2404 2049 2470 quamdam

488 2478 894 2543 perversitatem
964 2483 1244 2552 prolapsus
1331 2494 1435 2550 est,
1510 2499 1800 2557 propterea
1874 2493 1921 2544 ei
1967 2493 2061 2560 qui

487 2582 592 2628 non
659 2583 903 2634 noverat,
971 2589 1080 2627 non
1131 2577 1415 2632 dissimilis
1498 2580 1621 2633 fuit.
1684 2579 1836 2646 Quod
1878 2583 1929 2636 ni
1984 2585 2057 2641 ita

486 2670 615 2714 vere
658 2673 822 2725 esset,
854 2664 1167 2733 neutiquam
1213 2667 1438 2722 dixisset
1477 2670 1663 2739 ligno:
1712 2673 1885 2727 «Deus
1914 2691 2063 2731 meus

484 2762 546 2801 es
597 2758 671 2816 tu,
702 2769 725 2807 λ
782 2761 838 2805 et
874 2753 1035 2820 lapidi
1076 2771 1090 2806 :
1125 2773 1143 2804 ι
1181 2753 1261 2808 Τυ
1305 2759 1535 2827 genuisti
1602 2775 1707 2814 me.
1747 2779 1766 2811 ι
1836 2760 1988 2818 Unde
2011 2774 2065 2818 et

492 2854 515 2897 ι
537 2839 826 2908 obstupuit,
864 2861 889 2892 ιΔ
914 2842 1111 2910 inquit,
1134 2862 1152 2894 ι
1185 2846 1380 2903 coelum
1429 2862 1591 2917 super
1642 2849 1771 2912 hoc,
1805 2860 1860 2904 et
1906 2852 2064 2905 vehe-

486 2941 698 2990 menter
752 2947 911 3001 supra
958 2935 1174 2995 modum
1230 2936 1538 3005 inhorruit,
1594 2940 1725 2994 dicit
1780 2941 2061 3002 Dominus.

484 3024 620 3095 Quia
682 3025 786 3085 duo
889 3028 1027 3101 mala
1091 3031 1325 3096 patravit
1394 3033 1619 3100 populus
1685 3050 1893 3090 meus:
1980 3053 2065 3092 me

486 3119 883 3188 dereliquerunt
964 3119 1166 3174 fontem
1249 3137 1403 3191 aqua:
1462 3125 1625 3193 vivae,
1676 3136 1731 3180 et
1807 3126 2134 3217 foderuntc

484 3209 587 3267 sibi
639 3211 900 3265 cisternas
924 3212 1204 3277 contritas,
1252 3229 1372 3282 quze
1412 3230 1515 3269 non
1570 3226 1823 3287 poterunt
1864 3234 2059 3294 aquam

490 3302 774 3364 continere
805 3303 845 3357 '.
884 3323 902 3354 ι
936 3302 1126 3361 Posset
1174 3319 1353 3359 autem
1388 3307 1488 3361 hoc
1514 3308 1730 3365 Christo
1756 3326 2060 3371 accommo-

485 3395 599 3449 dari
651 3404 710 3449 ut
764 3395 907 3449 dicat
957 3397 1022 3451 de
1053 3395 1156 3449 illis
1186 3414 1199 3449 :
1228 3395 1392 3450 lsrael
1425 3413 1552 3451 vero
1606 3416 1692 3455 me
1745 3418 1847 3455 non
1886 3405 2062 3466 novit,

484 3498 539 3546 et
590 3487 822 3557 populus
882 3503 969 3543 me
1012 3504 1115 3542 non
1159 3488 1448 3543 intellexit.
1483 3490 1761 3561 Siquidem
1798 3496 2058 3562 perillum

487 3579 626 3637 facta
657 3588 740 3638 est
774 3578 862 3634 illa
917 3580 1083 3633 etiam
1136 3579 1358 3648 antiqua
1417 3583 1738 3653 redemptio.
1768 3586 1832 3639 Et
1886 3568 2061 3656 posiia

483 3680 569 3727 est
627 3667 709 3722 lex
774 3668 837 3723 ad
910 3678 1119 3737 tempus
1206 3685 1379 3740 usque
1449 3674 1825 3739 correctionis,
1905 3676 2062 3731 sicuti

486 3760 749 3831 scriptum
810 3770 915 3814 est.
968 3762 1102 3816 Cum
1132 3772 1310 3817 autem
1348 3766 1537 3818 umbra
1590 3766 1737 3820 nullo
1770 3768 1930 3822 modo
1968 3784 2064 3823 nos

479 3850 779 3921 iustiﬁcare
802 3862 1007 3923 posset,
1070 3855 1246 3910 illuxit
1301 3857 1457 3911 nobis
1509 3857 1561 3910 in
1608 3871 1772 3910 carne
1818 3858 2066 3925 unigeni-

487 3952 600 3997 tum
641 3943 734 3998 Dei
761 3942 1025 4013 Verbum,
1063 3957 1120 3999 ut
1193 3947 1297 4001 ﬁde
1360 3951 1426 4002 ad
1496 3947 1668 4017 ipsum
1744 3951 2065 4003 accedentes

481 4034 834 4103 justiﬁearet,
889 4046 991 4091 eta
1034 4048 1209 4092 morte
1232 4047 1395 4106 atque
1456 4049 1679 4108 peccato
1722 4039 2060 4095 liberaret".

486 4121 541 4201 5
567 4121 946 4187 Verumtamen
989 4139 1110 4179 eum
1149 4141 1252 4180 non
1306 4128 1453 4181 novit
1520 4127 1682 4187 Israel
1722 4131 2066 4197 quantumvis

488 4226 674 4284 aperte
719 4217 983 4279 dicentem
1010 4236 1031 4281 ις
1075 4237 1093 4269 ι
1127 4219 1323 4283 Amen,
1354 4234 1509 4273 amen
1570 4220 1693 4273 dico
1753 4220 1928 4285 vobis,
1975 4223 2063 4291 qui

485 4318 789 4361 sermonem
828 4320 1004 4360 meum
1030 4308 1199 4373 audit,
1244 4317 1296 4362 et
1325 4309 1499 4365 credit
1546 4310 1594 4363 ei
1641 4310 1729 4378 qui
1766 4310 1914 4365 misit
1955 4327 2063 4376 me,

486 4394 644 4457 habet
678 4397 843 4451 vitam
893 4406 1173 4464 aeternam,
1227 4408 1282 4453 et
1328 4400 1379 4453 in
1425 4400 1687 4469 judicium
1734 4416 1838 4456 non
1891 4403 2060 4468 venit,

485 4489 579 4540 sed
609 4490 826 4544 transiit
883 4506 949 4545 ex
1019 4502 1191 4546 morte
1234 4492 1300 4547 ad
1329 4494 1498 4546 vitam
1529 4531 1544 4546 .
1579 4493 1631 4545 ⁸»

2166 648 2278 700 λειν
2301 649 2410 711 τοῖς
2447 646 2709 719 μὴ-φύσει
2738 648 3022 722 λατρεύειν
3065 648 3227 717 θεοῖς,
3271 649 3529 721 νενόσηκε
3563 650 3621 704 δὲ
3648 651 3747 713 καὶ

2168 739 2389 811 ἑτέρως,
2427 739 2561 792 πολὺ
2590 738 2653 791 τὸ
2686 738 2916 809 ἐξήνιον,
2948 739 3042 793 καὶ
3071 739 3131 791 τὸ
3154 738 3235 792 ἔτι
3262 738 3468 798 τούτων
3498 741 3578 804 εἰς
3617 740 3745 794 ἀτο-

2168 834 2299 886 πίαν
2335 832 2615 895 ἐπέκεινα,
2654 831 2778 885 οὔτε
2822 833 2992 905 αὐτὴν
3026 833 3335 904 μεμίμηται
3378 832 3486 887 τῶν
3532 832 3744 900 ἀλόγων

2168 923 2321 988 ζώων
2350 924 2449 1001 τὴν
2490 922 2726 987 εὔνοιαν,
2773 923 2841 995 ἢν
2887 923 2955 977 ἂν
2994 924 3166 994 ἔχοιεν
3201 925 3383 978 ἐκεῖνα
3432 925 3570 995 πρὸς
3613 926 3745 988 τοὺς

2165 1016 2448 1079 δεσπότας.
2484 1014 2670 1088 Ταύτῃ
2690 1032 2773 1067 τοι
2804 1014 2994 1084 φησίν·
3031 1033 3050 1066 ι
3087 1016 3269 1083 Ἔγνω
3314 1014 3441 1085 βοῦς
3483 1014 3573 1068 τὸν
3603 1032 3740 1084 κτη-

2173 1108 2427 1177 σάμενον,
2476 1107 2571 1159 καὶ
2626 1106 2746 1169 ὄνος
2785 1106 2885 1176 τὴν
2934 1106 3140 1176 φάτνην
3181 1107 3273 1159 τοῦ
3313 1108 3501 1178 κυρίου
3550 1107 3740 1172 αὐτοῦ,

2180 1198 2394 1269 Ἰσραὴλ
2422 1198 2478 1250 δέ
2509 1215 2577 1268 με
2603 1197 2704 1250 οὐκ
2725 1196 2887 1266 ἔγνω,
2918 1196 3014 1249 καὶ
3038 1199 3067 1250 6
3092 1197 3218 1262 λαός
3247 1215 3314 1269 με
3339 1199 3399 1251 ού
3432 1202 3681 1270 συνῆκεν.
3714 1219 3734 1252 ι

2168 1289 2490 1361 Ἀνθρωπος
2520 1290 2618 1359 μὲν
2639 1288 2748 1358 γάρ
2775 1290 2823 1340 εί
2859 1288 3144 1359 ἐκπρίαιτο
3172 1288 3321 1359 βοῦν,
3367 1290 3479 1354 ἕξει
3506 1290 3570 1361 δὴ
3598 1291 3737 1345 πάνη

2165 1401 2273 1448 τως
2304 1383 2465 1437 αὐτὸν
2503 1384 2584 1445 εἰς
2629 1380 2698 1434 τὰ
2748 1381 2846 1450 τῆς
2880 1382 3185 1449 γεωπονίας
3229 1381 3365 1453 ἔργα
3396 1382 3742 1454 χρησιμώταρ

2165 1493 2278 1537 τον,
2310 1474 2468 1528 τοῦτο
2518 1474 2616 1544 μὲν
2659 1473 2849 1544 ἀροῦν,
2903 1475 2950 1526 εί
2978 1472 3170 1536 ἕλοιτο,
3204 1472 3302 1543 τὴν
3328 1473 3453 1544 γῆν,
3488 1472 3644 1527 τοῦτο
3681 1474 3740 1537 δὲ

2166 1570 2246 1631 είς
2270 1566 2369 1635 τὴν
2407 1565 2519 1619 ἆλω
2562 1563 3011 1631 καταλεπτύνειν,
3044 1565 3136 1618 καὶ
3172 1564 3492 1634 ἀποκρίνειν
3522 1566 3616 1617 τοῦ
3652 1566 3739 1619 σί-

2165 1676 2258 1712 του
2282 1658 2343 1711 ea
2376 1658 2597 1730 ἄχυρον.
2626 1658 2689 1710 Εἰ
2727 1657 2782 1710 δὲ
2811 1657 2877 1727 δή
2906 1674 2989 1720 τις
3018 1656 3239 1729 πρίαιτο
3294 1657 3388 1709 καὶ
3416 1656 3556 1715 ὄνον.
3586 1674 3741 1726 φυσι-

2167 1752 2284 1811 κοῖς
2312 1748 2405 1801 καὶ
2431 1747 2592 1810 αὐτὸς
2626 1748 2923 1817 κινήμασιν
2954 1746 3199 1799 καλεῖται
3230 1747 3367 1817 πρὸς
3404 1746 3737 1812 εὐπείθειαν,

2094 1816 2141 1875 Β
2168 1841 2262 1894 καὶ
2291 1835 2402 1893 οἷόν
2443 1857 2564 1893 τινα
2605 1841 2713 1893 τῶν
2745 1840 2801 1892 ὲν
2834 1839 3063 1907 φάτναις
3108 1838 3255 1908 αύτῷ
3290 1838 3553 1908 κειμένων
3586 1839 3737 1891 ἀντί-

2165 1933 2310 1985 δοσιν
2341 1936 2574 1985 ποιεῖται
2613 1931 2714 2003 τὴν
2761 1930 3038 1994 ὑπόταξιν.
3076 1931 3394 2001 Ἀχθοφορεῖ
3435 1929 3543 2001 γὰρ
3573 1928 3739 1995 ἑκὼν,

2165 2027 2259 2080 καὶ
2288 2025 2378 2078 τὸν
2414 2024 2507 2077 τοῦ
2537 2024 2797 2077 δεσπότου
2835 2023 3116 2093 μερίζεται
3152 2023 3333 2077 πόνον.
3376 2022 3534 2075 Ἀλλὰ
3579 2023 3734 2076 ταυτὶ

2169 2117 2267 2188 μὲν
2294 2120 2350 2170 ἐν
2378 2116 2609 2179 τούτοις.
2658 2116 2715 2167 '0
2746 2115 2803 2168 δὲ
2832 2116 2994 2184 σοφὸς
3036 2114 3253 2186 Ἰσραὴλ
3282 2116 3342 2168 ἐν
3365 2114 3513 2183 νόμῳ
3539 2113 3738 2165 παιδα-

2164 2206 2534 2277 γωγούμενος,
2566 2206 2662 2258 ἐπὶ
2706 2205 2764 2258 τὸ
2796 2204 2905 2257 δεῖν
2935 2205 3135 2258 εἰδέναι
3183 2206 3244 2258 τὸ
3286 2203 3529 2269 ὠφελοῦν
3572 2206 3600 2256 6
3639 2204 3739 2274 τὴν

2163 2300 2259 2351 τοῦ
2290 2299 2423 2352 Θεοῦ
2459 2297 2615 2362 δόξαν
2642 2297 2730 2351 διὰ
2760 2296 2972 2351 πολλῶν
2995 2298 3087 2351 καὶ
3117 2296 3466 2365 ἀξιαγὰστων
3497 2295 3742 2364 σημείων

2164 2387 2590 2460 ἐκμεμαθηκὼς,
2646 2389 2771 2441 ὄνου
2818 2388 2911 2441 καὶ
2949 2386 3069 2457 βοδς
3100 2386 3331 2439 κατόπιν
3363 2384 3601 2456 ἔρχεται,
3643 2383 3741 2436 καὶ

2164 2483 2263 2550 τῆς
2305 2482 2411 2533 τῶν
2446 2481 2654 2547 ἀλόγων
2702 2480 3004 2541 ἐπιεικείας
3032 2478 3344 2547 ἡττώμενος
3378 2476 3615 2546 ἠγνόηκε
3644 2474 3737 2526 τὸν

2164 2572 2451 2641 δεσπότην.
2483 2568 2556 2623 Εὖ
2591 2570 2646 2623 δὲ
2678 2570 2741 2640 δὴ
2773 2569 2975 2638 σφόδρα
3009 2568 3088 2632 τὸ,
3118 2569 3218 2620 οῦκ
3258 2566 3419 2635 ἔγνω,
3452 2564 3638 2635 φησὶν,
3670 2564 3737 2626 ού

2168 2662 2418 2730 συνῆκεν.
2447 2658 2639 2714 Καίτοι
2673 2659 2780 2728 γὰρ
2826 2655 3183 2728 μεμαθηκὼς,
3219 2657 3295 2718 ὠς
3328 2655 3485 2725 ἔφην,
3510 2657 3609 2725 τὴν
3639 2653 3738 2707 τοῦ

2165 2752 2299 2804 Θεοῦ
2349 2750 2527 2815 δόξαν,
2566 2752 2660 2803 καὶ
2694 2748 2783 2802 διὰ
2806 2749 2867 2801 τὸ
2893 2747 3193 2802 ἀπονεῦσαι
3223 2747 3342 2799 λίαν
3372 2748 3452 2807 είς
3482 2744 3737 2815 ἀχάλινον

2164 2843 2459 2915 ἐκτροπὴν,
2490 2843 2548 2894 ἐν
2580 2842 2679 2912 ἴσῳ
2718 2841 2940 2910 γέγονεν
2971 2840 3047 2909 τῷ
3082 2838 3392 2907 ἠγνοηκότι.
3428 2839 3489 2890 Εἰ
3521 2838 3627 2906 γὰρ
3661 2837 3735 2906 μὴ

2164 2936 2322 2989 τοῦτό
2364 2937 2512 2988 ἐστιν
2543 2933 2780 3003 ἀληθῶς,
2829 2933 2929 2985 οῦκ
2960 2932 3025 2985 ἂν
3072 2931 3176 3000 ἔφη
3210 2930 3286 3000 τῷ
3321 2929 3477 2994 ξύλῳ,
3534 2946 3552 2978 ι
3605 2927 3737 2990 Θεός

2169 3047 2270 3100 μου
2314 3024 2364 3081 εἷ
2393 3026 2455 3079 σύ
2482 3043 2494 3056 ·
2530 3045 2547 3077 ι
2585 3026 2678 3079 καὶ
2717 3024 2795 3095 τῷ
2840 3023 2972 3093 λίθῳ
3002 3064 3015 3083 ,
3054 3040 3072 3073 ι
3115 3024 3187 3076 Σὺ
3242 3020 3535 3090 ἐγέννησας
3582 3036 3669 3089 με.
3712 3037 3730 3070 ι

2166 3119 2328 3172 Ὅθεν
2363 3137 2380 3169 ι
2411 3117 2622 3186 ἐξέστη,
2654 3135 2670 3166 ι
2704 3117 2890 3186 φησὶν,
2927 3134 2945 3166 ι
2985 3115 3013 3165 ὁ
3041 3114 3268 3186 οὐρανὸς
3299 3114 3390 3165 ἐπὶ
3423 3112 3617 3180 τούτῳ,
3639 3109 3736 3162 καὶ

2165 3209 2383 3281 ἔφριξεν
2429 3210 2521 3261 ἐπὶ⁸
2563 3209 2744 3260 πλεῖον
2778 3206 3004 3276 σφόδρα,
3037 3205 3182 3272 λέγει
3224 3205 3447 3275 Κύριος.
3486 3203 3607 3254 Ὅτι
3645 3200 3740 3253 δύο

2165 3304 2259 3356 καὶ
2304 3304 2516 3372 πονηρά
2546 3300 2797 3370 ἐποίησεν
2823 3301 2850 3351 6
2878 3298 3007 3361 λαός
3065 3315 3164 3367 μου
3188 3338 3201 3359 ,
3247 3296 3346 3366 ἐμὲ
3382 3293 3737 3363 ἐγκατέλιπον

2166 3393 2349 3465 πηγὴν
2394 3392 2585 3455 ὓδατος
2632 3391 2854 3457 ζῶντος,
2908 3390 3001 3443 καὶ
3035 3389 3248 3461 ὤρυξαν
3292 3388 3473 3449 αὐτοῖς
3503 3386 3739 3447 λάκκους

2168 3484 2689 3556 συντετριμμένους,
2721 3482 2770 3535 οἳ
2798 3483 2857 3534 οὐ
2888 3482 3205 3551 δυνήσονται
3240 3478 3383 3547 ὕδωρ
3413 3477 3677 3546 συνέχειν.
3713 3494 3732 3525 ι

2165 3580 2378 3650 Πρέποι
2420 3578 2463 3630 δ’
2516 3576 2580 3629 ἂν
2614 3577 2707 3635 καὶ
2741 3575 2889 3644 αὐτῷ
2923 3573 2999 3644 τῷ
3028 3571 3247 3644 Χριστῷ
3295 3571 3356 3624 τὸ
3402 3571 3563 3637 φάναι
3610 3567 3739 3638 περὶ

2167 3671 2370 3737 αὐτῶν,
2400 3670 2479 3735 τὸ,
2524 3669 2740 3741 Ἰσραὴλ
2769 3667 2827 3719 δὲ
2873 3667 2969 3719 οὐκ
3004 3665 3164 3735 ἔγνω,
3196 3664 3287 3717 καί
3333 3666 3360 3715 ὁ
3400 3663 3527 3724 λαός
3579 3676 3645 3729 με
3674 3659 3735 3711 οὐ

2168 3768 2420 3836 συνῆκεν.
2471 3764 2665 3831 Γέγονε
2704 3762 2802 3832 μὲν
2830 3762 2938 3832 γὰρ
2969 3760 3061 3812 καὶ
3095 3762 3127 3829 ὴ
3163 3759 3331 3811 πάλαι
3374 3756 3641 3825 λύτρωσις
3669 3751 3737 3804 δι’

2166 3854 2347 3909 αὐτοῦ.
2388 3853 2634 3907 Τέθειται
2661 3853 2717 3906 δέ
2746 3854 2838 3906 καὶ
2866 3855 2893 3905 ὁ
2916 3852 3079 3921 νόμος
3110 3850 3269 3920 μέχρι
3301 3847 3495 3918 καιροῦ
3514 3842 3739 3914 διορθὼρ

2168 3964 2344 4010 σεως,
2381 3945 2523 3997 καθὰ
2575 3946 2907 4015 γέγραπται.
2956 3942 3173 4011 Ἐπειδὴ
3218 3941 3293 3994 δέ.
3342 3981 3355 3992 .
3401 3980 3412 3992 .
3450 3936 3740 4004 ἀνέφικτον

2165 4038 2404 4092 δικαιοῦν
2438 4038 2584 4108 ἡμᾶς
2615 4036 2875 4089 δύνασθαι
2909 4037 3006 4103 τὴν
3061 4032 3240 4095 σκιὰν,
3290 4032 3558 4099 ἐπέφανεν
3602 4029 3738 4098 ἡμῖν

2169 4130 2307 4200 μετά
2358 4127 2557 4198 σαρκὸς
2589 4129 2616 4179 6
2650 4124 2941 4197 μονογενὴς
2991 4124 3083 4177 τοῦ
3132 4122 3265 4175 Θεοῦ
3315 4123 3505 4189 Λόγος,
3536 4119 3622 4172 ἵνα
3659 4118 3738 4169 δι-

2167 4220 2377 4291 καιώσῃ
2409 4222 2476 4289 τῇ
2507 4218 2686 4271 πίστει
2735 4217 2858 4279 τοὺς
2892 4215 3217 4287 προσιόντας
3253 4212 3423 4281 αύτῷ,
3449 4212 3543 4264 καὶ
3570 4208 3738 4261 ἀπαλ-

2166 4310 2300 4382 λάξῃ
2344 4311 2576 4364 θανάτου
2626 4309 2721 4361 καὶ
2757 4308 3050 4377 ἁμαρτίας.
3103 4304 3242 4357 Ἀλλ’
3272 4305 3331 4356 ού
3369 4302 3598 4370 συνῆκεν
3636 4300 3735 4352 αῦ-

2165 4404 2256 4456 τδν
2280 4401 2558 4481 δ’ῐσραὴλ,
2596 4401 2775 4453 καίτοι
2801 4399 3050 4467 λέγοντος
3078 4396 3296 4465 σαφῶςο
3323 4415 3340 4446 ι
3364 4396 3555 4465 Ἀμὴν,
3589 4393 3735 4461 ἀμὴν

2102 4492 2147 4546 D
2170 4495 2315 4563 λέγω
2344 4495 2507 4564 ὑμῖν,
2548 4493 2575 4543 ὁ
2615 4492 2703 4544 τὸν
2746 4491 2900 4559 λόγον
2950 4507 3049 4560 μου
3097 4489 3311 4542 ἀκούων
3347 4487 3437 4541 καὶ
3467 4482 3738 4537 πιστεύων

484 4579 562 4651 τῷ
601 4582 875 4653 πέμψαντί
908 4602 995 4655 με.
1024 4584 1137 4655 ἔχει
1165 4586 1311 4658 ζωὴν
1355 4586 1589 4653 αἰώνιον,
1622 4588 1713 4642 καὶ
1754 4591 1832 4655 εἰς
1886 4590 2068 4671 κρίσιν
2104 4592 2204 4644 ούκ
2233 4590 2468 4662 ἔρχεται,
2516 4586 2653 4640 ἀλλά
2722 4585 3098 4657 μεταϐέϐηκεν
3132 4587 3197 4638 ἐκ
3235 4583 3327 4638 τοῦ
3388 4580 3618 4639 θανάτου
3658 4581 3736 4642 εἰς

485 4676 587 4745 τὴν,
614 4675 777 4749 ζωήν.
811 4698 829 4729 ι

562 4773 719 4825 Vens.
745 4772 799 4826 4.
820 4770 913 4827 Va:
928 4790 1051 4843 gens
1081 4776 1365 4849 peccatrix,
1380 4778 1601 4844 populus
1618 4778 1797 4847 plenus
1816 4779 2063 4849 peccatis,

485 4879 657 4920 semen
682 4880 921 4933 nequam,
952 4865 1053 4932 ﬁlii
1088 4867 1310 4933 scelesti,
1364 4866 1713 4937 dereliquistis
1758 4869 2062 4935 Dominum,

484 4962 533 5011 et
565 4954 862 5011 concitastis
898 4956 967 5007 ad
994 4956 1324 5009 iracundiam
1349 4957 1603 5013 Sanctum
1620 4959 1809 5013 Israel.

555 5044 779 5115 Repudii
799 5048 956 5101 modo
984 5051 1302 5119 optimejam
1326 5051 1589 5120 exposito,
1620 5060 1674 5106 et
1702 5052 2068 5121 magnitudine

483 5135 655 5191 brutae
681 5150 864 5189 eorum
894 5138 1209 5193 insulsitatis
1253 5140 1634 5204 demonstrata,
1667 5140 1923 5195 transfert
1951 5153 2063 5195 sta-

486 5226 581 5284 tim
618 5227 913 5285 orat'tonem
946 5229 1138 5296 partim
1196 5230 1262 5283 ad
1301 5244 1487 5284 eorum
1514 5231 1745 5286 miseriae
1792 5232 2055 5301 praedica—

485 5316 707 5380 tionem,
745 5318 940 5384 partim
972 5320 1037 5370 ad
1091 5320 1501 5374 territationem.
1551 5322 1717 5375 Decet
1753 5323 1919 5385 enim,
1945 5322 2059 5389 opi-

483 5421 606 5470 nor,
642 5407 695 5459 in
724 5407 911 5475 primis
946 5422 1228 5478 personam
1254 5412 1547 5480 prophetae,
1588 5422 1794 5466 tantum
1836 5428 1941 5466 non
1967 5427 2061 5467 eos

485 5497 784 5565 deplorare,
813 5509 869 5552 et
904 5514 972 5554 ex
1007 5499 1270 5556 immenso
1310 5504 1425 5557 zelo
1454 5503 1671 5571 pietatis
1704 5505 1981 5574 insurgere
1997 5517 2061 5556 ac

485 5589 702 5652 dicere:
743 5590 827 5643 Va:
850 5593 998 5660 genti
1030 5593 1307 5663 improbae,
1331 5594 1527 5663 populo
1551 5595 1696 5649 vitiis
1727 5605 1944 5660 onusto,
1975 5610 2062 5649 se-

557 5746 580 5781 ⁸
603 5743 801 5811 Jerem.
833 5765 891 5819 tr,
928 5750 999 5811 l9.
1022 5765 1136 5819 seq.
1213 5752 1234 5784 ⁷
1266 5751 1427 5808 llebr.
1471 5769 1545 5819 Ix,
1587 5754 1669 5809 10.
1748 5755 1769 5783 "
1798 5752 1951 5819 ἔθνη.
1987 5767 2041 5827 V,
2069 5750 2140 5814 ‘24

2235 4774 2375 4827 Οὐαί
2403 4776 2577 4837 ἔθνος
2591 4769 2958 4839 ἁμαρτωλὸν,
2977 4769 3128 4835 λαὸς
3149 4771 3386 4838 πλήρης
3416 4770 3735 4839 ἁμαρτιῶν,

2160 4865 2393 4935 σπέρμα
2422 4862 2707 4931 πονηρὸν,
2741 4863 2855 4916 υἱοὶ
2886 4861 3117 4929 ἄνομοιο
3168 4862 3615 4929 ἐγκατελείπετε
3632 4862 3738 4914 τὸν

2160 4959 2395 5024 Κύριον,
2420 4957 2516 5009 καὶ
2549 4955 2956 5023 παρωργίσατε
2978 4954 3082 5006 τὸν
3105 4954 3303 5022 ’Ἅγιον
3332 4953 3437 5007 τοῦ
3466 4953 3733 5021 Ἰσραήλ.

2233 5050 2335 5101 Τὸν
2355 5051 2452 5120 τῆς
2484 5048 2791 5118 ἁθετήσεως
2835 5048 3034 5117 τρόπον
3088 5042 3145 5099 εὖ
3190 5046 3332 5115 μάλα
3380 5046 3734 5115 διηγγελκὼς,

2166 5140 2260 5194 καὶ
2298 5142 2395 5211 τῆς
2428 5139 2651 5209 ἐνούσης
2688 5139 2870 5202 αὐτοῖς
2902 5138 3121 5206 ἀλογίας
3176 5137 3505 5208 παραδείξας
3553 5138 3612 5189 τὸ
3645 5138 3741 5205 μέ-

2163 5234 2340 5303 γεθος,
2381 5232 2661 5303 μεθίστησι
2700 5233 3039 5303 παραχρῆμα
3081 5231 3172 5282 τὸν
3215 5230 3393 5298 λόγον,
3442 5230 3599 5281 τοῦτο
3639 5230 3738 5298 μὲν

2163 5326 2241 5389 είς
2296 5323 2621 5394 ταλανισμὸν
2676 5324 2762 5375 ἐπ’
2812 5324 2997 5384 αὐτοῖς
3039 5321 3301 5391 δηλονότι,
3359 5320 3516 5372 τοῦτο
3558 5319 3602 5370 δ’
3669 5314 3737 5371 αὖ

2164 5416 2323 5470 πάλιν
2355 5416 2489 5487 πρὸς
2511 5413 2817 5484 ἐπίπληξιν.
2846 5414 3049 5484 Πρέποι
3084 5412 3127 5464 δ’
3159 5411 3247 5475 ἄν,
3283 5407 3457 5480 οἶμαι,
3503 5408 3578 5479 τῷ
3605 5426 3741 5479 προ-

2167 5505 2379 5575 φητικῷ
2431 5503 2708 5576 προσώπῳ
2762 5502 2994 5573 μάλιστα
3060 5501 3148 5553 τὸν
3210 5498 3492 5570 μονονουχὶ
3548 5514 3738 5550 κατοι-

2169 5594 2369 5664 μώξειν
2414 5594 2628 5656 αὐτοὺς,
2682 5593 2773 5646 καὶ
2802 5594 2865 5645 ἐκ
2895 5590 3095 5663 πολλῆς
3134 5589 3273 5657 ἄγαν
3303 5587 3577 5657 φιλοθείας
3609 5603 3740 5652 κατ-
