4094 6366
495 343 570 399 23
1493 346 1553 401 S.
1592 344 1865 401 CYRILLI
1906 341 2373 398 ALEXANDRINI
2413 342 2733 399 ARCHIEP.
3679 341 3753 398 24

497 461 673 518 Pedes
690 461 906 518 demum
947 476 1179 519 eosesse
1205 463 1304 530 ait,
1330 464 1422 533 qui
1442 464 1493 519 in
1522 466 1810 534 postremis
1838 472 1989 527 sunt,
2016 473 2059 518 cl

2176 438 2377 533 κρίσιν,
2436 462 2530 517 καί
2591 462 2754 533 νόμον
2815 460 3208 532 ἐκζητήσωσιν
3264 462 3331 514 ὲκ
3371 458 3636 530 στόματος
3658 461 3757 512 αὒ-

498 555 589 622 qui
626 563 877 624 tanquam
901 554 1139 609 inﬁmam
1166 555 1220 610 in
1252 555 1452 626 populo
1483 558 1769 613 stationem
1805 556 2068 611 obtinent.

498 642 729 700 Proinde
757 660 880 700 cum
909 654 1048 699 terra
1072 643 1297 701 Iudaica
1320 646 1656 703 calamitates
1692 662 1794 701 non
1827 647 2074 704 ferendas

438 738 443 743 ’
500 735 876 801 sustinuisset,
917 736 1361 805 depopulantibus
1399 751 1517 791 eam
1557 753 1700 793 nunc
1734 738 2071 809 Babyloniis,

502 841 646 881 nunc
661 824 901 882 ﬁnitimis
915 828 1185 897 gentibus,
1198 838 1254 882 et
1269 838 1486 898 propter
1503 829 1829 899 impietatem
1848 830 1899 884 in
1917 830 2076 885 Chri-

500 927 666 981 stum,
692 918 1054 974 Romanorum
1077 920 1321 976 manibus
1336 930 1481 977 esset
1511 922 1925 989 concremanda,
1948 937 2070 977 cum

500 1023 685 1064 eorum
714 1011 875 1065 etiam
926 1025 1145 1081 regnum
1163 1013 1513 1067 evertendum
1543 1021 1715 1079 esset,
1738 1012 2072 1084 (alienigena)

498 1104 642 1158 enim
664 1117 757 1158 eos
790 1103 1142 1173 subegerunt)
1162 1119 1395 1175 cumque
1417 1105 1705 1160 sacerdotii
1729 1106 1909 1160 munia
1930 1106 2069 1175 apud

498 1208 591 1248 eos
622 1200 917 1260 cessarent,
951 1193 1231 1248 sacriﬁciis
1278 1194 1569 1260 subversis,
1620 1194 1821 1263 templo
1856 1194 2071 1249 sublato

497 1300 602 1338 non
650 1283 759 1339 aris
792 1286 1154 1348 manentibus,
1181 1300 1286 1340 non
1323 1287 1644 1351 sacerdotio,
1671 1286 1801 1357 {non
1826 1287 2071 1342 declara-

498 1374 755 1439 tionibus,
793 1375 946 1444 juxta
974 1376 1251 1445 propheta:
1299 1390 1510 1443 vocem,
1551 1377 1677 1430 hinc
1722 1377 1898 1430 dicit:
1930 1376 2069 1443 Quid

495 1466 866 1536 percutiamini
891 1465 1055 1531 ultra,
1087 1468 1348 1523 addentes
1384 1468 1763 1537 iniquitatem?
1804 1467 2067 1523 lnﬁictum

492 1568 596 1623 est,
626 1557 821 1628 inquit,
850 1558 1001 1613 vobis
1030 1573 1190 1613 omne
1207 1573 1376 1628 genus
1399 1560 1492 1614 iraa
1516 1568 1573 1615 et
1605 1560 1849 1631 supplicii
1882 1576 1910 1614 a
1938 1561 2065 1627 Deo,

493 1650 638 1705 diras
681 1651 1070 1720 continuasque
1105 1650 1242 1706 alias
1289 1666 1452 1721 super
1495 1653 1631 1707 alias
1678 1666 1867 1721 poenas
1901 1654 2068 1724 depoo

491 1750 677 1797 scente
711 1759 725 1797 :
766 1742 817 1811 7
865 1742 1028 1796 nihilo
1062 1752 1240 1796 tamen
1283 1746 1460 1798 minus
1486 1752 1882 1814 contemptores
1907 1746 2063 1807 estis,

2173 555 2288 609 τοῦ.
2325 576 2343 609 ›
2372 555 2544 618 Πόδας
2567 555 2622 607 δὲ
2653 550 2797 607 εἷναί
2819 570 2951 625 φησι
2977 553 3101 616 τοὺς
3132 554 3189 605 ἐν
3218 551 3485 621 ἐσχάτοις,
3516 552 3608 604 καὶ
3646 547 3756 603 οἷον

2174 647 2474 700 κατωτάτω
2518 646 2783 716 λαχόντας
2829 643 2983 709 τάξιν
3038 646 3095 698 ὲν
3144 645 3257 707 τοῖς
3312 644 3484 705 λαοῖς.
3545 641 3759 694 Οὐκοῦν

2171 738 2467 810 ἐπειδήπερ
2512 738 2799 790 δύσοιστον
2837 736 2938 807 μὲν
3006 736 3107 807 ἤδη
3164 732 3535 804 ταλαιπωρίαν
3579 735 3613 803 ἡ
3649 732 3757 784 τῶν

2186 829 2455 883 Ἰουδαίων
2485 829 2869 900 ὑπομεμένηκε
2894 828 2989 898 γῆ,
3019 826 3433 898 καταδῃούντων
3452 823 3639 894 αὐτὴν,
3667 823 3758 876 ὅτε

2176 922 2274 992 μὲν
2334 920 2710 987 Βαϐυλωνίων,
2767 920 2855 973 ὅτε
2916 921 2974 972 δὲ
3028 918 3137 972 τῶν
3186 917 3496 989 προσοίκων
3562 916 3755 978 ἐθνῶν,

2171 1014 2363 1085 ἔμελλε
2413 1013 2908 1085 καταπίμπρασθαι
2939 1013 3059 1076 ταῖς
3097 1010 3381 1082 Ῥωμαίων
3438 1009 3626 1079 χερσὶν
3668 1008 3757 1060 διὰ

2169 1106 2268 1177 τὴν
2301 1108 2381 1169 εἰς
2409 1107 2642 1176 Χριστὸν
2671 1106 2946 1170 ἀσέϐειαν,
2982 1104 3076 1156 καὶ
3126 1099 3608 1172 ἀνατραπήσεσθαι
3657 1099 3763 1169 μὲν

2168 1200 2203 1268 ἡ
2232 1197 2361 1271 παρ’
2418 1200 2601 1260 αὐτοῖς
2659 1196 2928 1268 βασιλεία,
2983 1195 3362 1265 κεκρατήκασι
3412 1190 3521 1260 γὰρ
3575 1190 3758 1244 αὗτῶν

2170 1288 2509 1359 ἀλλομενεῖς,
2574 1288 2957 1359 ἀπρακτήσειν
3003 1285 3061 1339 δὲ
3108 1285 3240 1356 παρ’
3291 1284 3498 1348 αὐτοῖς,
3542 1283 3636 1336 καὶ
3683 1281 3759 1336 τὰ

2168 1379 2267 1449 τῆς
2296 1377 2596 1449 ἰερωσύνης
2635 1378 2793 1449 ἔργα,
2822 1377 3021 1431 θυσιῶν
3062 1374 3581 1447 ἀνατετραμμένων,
3620 1372 3757 1427 καθ-

2169 1470 2450 1543 ῃρημένου
2486 1470 2582 1524 τοῦ
2633 1468 2783 1534 ναοῦ,
2820 1467 3221 1539 θυσιαστηρίων
3254 1466 3356 1519 οὐκ
3400 1466 3590 1528 ὄντων,
3630 1462 3759 1516 οὗτε

2172 1563 2463 1634 ἰερατείας,
2487 1562 2610 1616 οὔτε
2638 1561 2832 1630 δήλων,
2875 1558 3017 1614 κατά
3049 1558 3151 1630 τὴν
3194 1557 3288 1611 τοῦ
3329 1558 3607 1627 προφήτου
3638 1572 3753 1625 φω-

2168 1654 2287 1726 νὴν,
2334 1654 2505 1725 ταύτῃ
2541 1653 2625 1707 τοί
2676 1668 2832 1724 φησι,
2860 1652 2913 1705 τί
2960 1651 3045 1705 ἐτι
3080 1650 3327 1721 πληγῆτε
3370 1646 3756 1718 προστιθέντες

2168 1747 2401 1817 ἀνομίαν
2427 1762 2441 1811 ;
2470 1746 2848 1817 ὲπενήνεκται,
2873 1743 3059 1813 φησὶν,
3089 1742 3218 1812 ὑμῖν
3248 1742 3357 1795 πᾶν
3386 1736 3526 1802 εἰδος
3559 1739 3753 1809 ὀργῆς,

494 1843 551 1888 et
579 1809 1129 1903 alumni—iniquitatis.
1153 1833 1296 1904 Ergo
1317 1834 1445 1904 quid
1474 1809 1843 1904 percutientini
1884 1836 2059 1890 ultra?

2169 1809 2285 1894 καὶ.
2316 1809 2470 1894 αἰκία
2520 1809 2673 1911 παρὰ
2711 1837 2848 1891 Θεοῦ
3184 1835 3280 1888 καί¹
3320 1833 3762 1902 ἀλλεπαλλὴλους

489 1938 736 1996 quamam
759 1925 980 1981 ultionis
1009 1941 1262 1981 mensura
1288 1926 1447 1981 vobis
1480 1928 1585 1981 erit
1612 1928 1745 1981 satis
1775 1927 1841 1981 ad
1871 1942 2061 1981 emen-

489 2020 762 2074 dationem
783 2019 813 2073 ἲ
844 2018 904 2073 In
926 2033 1135 2074 summa
1165 2032 1288 2088 qua:
1315 2018 1608 2080 acerbitas,
1634 2033 1753 2088 quae
1784 2017 2063 2073 calamitas

489 2110 675 2166 inferri
706 2110 896 2180 possit,
933 2124 1053 2180 qua)
1079 2108 1193 2176 jam
1234 2124 1340 2164 non
1379 2108 1616 2164 accidit?
1664 2108 1837 2165 Omne
1901 2120 2064 2179 caput

488 2202 654 2270 dolet,
683 2216 846 2257 omne
878 2215 973 2256 cor
1008 2209 1223 2268 maeret,
1268 2215 1298 2253 a
1342 2202 1569 2270 pedibus
1596 2203 1662 2256 ad
1687 2213 1846 2273 caput
1868 2218 2057 2273 usque.

486 2292 697 2349 Etenim
714 2294 803 2364 qui
826 2293 973 2364 regia
1001 2293 1263 2364 dignitate
1289 2294 1581 2363 pollebant,
1607 2295 1884 2351 laboribus
1913 2296 2053 2350 haud

488 2402 677 2455 parum
709 2387 1129 2453 allictabantur,
1162 2403 1287 2442 cum
1326 2389 1391 2443 ad
1423 2389 1782 2446 resistendum
1823 2390 2057 2461 impres-

485 2480 728 2537 sionibus
772 2480 1006 2537 hostium
1067 2497 1225 2551 pares
1291 2497 1398 2537 non
1467 2493 1670 2539 essent.
1741 2483 2060 2539 Sacerdotes

484 2572 613 2627 item
668 2572 854 2628 dolore
903 2572 1081 2629 alfecti
1149 2573 1438 2643 alﬂictique
1496 2587 1622 2629 sunt
1678 2576 1922 2641 abolito,
2002 2585 2059 2630 ut

482 2663 751 2731 dixeram,
800 2665 1091 2720 sacriﬁcio.
1157 2666 1328 2722 Pedes
1386 2681 1623 2737 quoque,
1670 2669 1771 2723 hoc
1816 2681 1919 2730 est.
1963 2684 2058 2723 ex-

487 2754 725 2810 tremiet
758 2756 1003 2811 homines
1058 2756 1226 2811 inﬁmi
1259 2759 1723 2824 percutiebantur,
1775 2770 1880 2813 tam
1927 2761 2054 2814 hos-

486 2844 562 2899 tili
588 2844 765 2915 gladio
806 2847 1030 2913 concisi,
1051 2863 1210 2917 quam
1244 2848 1397 2903 fame
1432 2858 1490 2903 et
1541 2852 1822 2904 sterilitate
1845 2850 2052 2915 domiti,

483 2945 541 2992 et
574 2939 627 2993 in
647 2952 870 2994 summae
917 2939 1150 2994 miseriae
1203 2940 1489 2995 discrimen
1522 2942 1758 2995 adducti.
1788 2941 1927 2995 Dicit
1954 2941 2057 2994 itas

484 3044 593 3099 que
639 3030 857 3093 vulnus,
888 3030 1052 3095 livor,
1082 3032 1238 3103 plaga
1278 3041 1511 3096 tumens,
1556 3046 1655 3088 nec
1678 3042 1760 3087 est
1792 3034 2053 3104 malagma

482 3122 626 3189 quod
658 3138 920 3193 apponas,
967 3139 1073 3178 non
1096 3122 1297 3187 oleum,
1331 3138 1438 3178 non
1474 3123 1797 3194 alligatum.
1828 3124 2054 3191 Quando
2084 3164 2125 3220 ε

484 3215 696 3271 scilicet
719 3216 944 3270 modicae
1002 3216 1501 3285 plagaeltutnauum
1533 3230 1731 3287 corpus
1781 3218 2053 3280 infestant,

482 3316 539 3363 et
575 3321 740 3362 unum
790 3309 1161 3366 tantummodo
1222 3311 1522 3366 membrum
1596 3311 1832 3379 pervasit
1873 3310 2054 3375 laesio;

483 3409 614 3456 tunc
663 3399 958 3458 moderatae
1011 3403 1322 3459 curationes
1368 3418 1555 3458 eorum
1590 3404 1680 3472 qui
1732 3403 1805 3456 rei
1839 3401 2058 3455 medica:

481 3493 635 3562 gnari
669 3501 817 3559 sunt,
843 3502 968 3562 puta
1001 3493 1299 3564 malagma‘,
1334 3494 1648 3564 ligamenta,
1683 3506 1739 3549 et
1772 3492 1875 3547 olei
1911 3494 2057 3553 inun-

480 3581 591 3636 ctio
625 3592 914 3639 contentas
936 3595 1116 3654 partes
1147 3602 1210 3641 ac
1235 3587 1437 3655 rigidas
1470 3586 1763 3651 resolvens,
1802 3602 1925 3642 esse
1962 3603 2055 3657 po-

482 3664 663 3727 terunt
685 3673 828 3729 usui.
864 3672 996 3729 Cum
1038 3684 1215 3729 autem
1257 3692 1455 3746 corpus
1496 3684 1667 3730 totum
1740 3686 2052 3743 corruptum

478 3773 586 3831 est,
617 3766 914 3835 (quodnam
965 3768 1268 3823 curationis
1304 3783 1473 3835 genus
1516 3768 1794 3838 proderit?
1826 3769 2057 3837 Superat

480 3855 626 3911 enim
667 3873 883 3913 omnem
940 3860 1305 3915 remediorum
1355 3860 1462 3914 vim
1504 3875 1567 3913 ac
1622 3860 1876 3913 virtutem
1920 3861 2055 3913 artis

480 3949 794 4017 magnitudo
837 3950 1033 4005 morbi.
1086 3951 1273 4021 Itaque
1334 3951 1558 4022 populus
1621 3949 1878 4006 Judaicus
1939 3951 2049 4019 jam

480 4043 859 4099 consauciatus
909 4045 1093 4099 sanari
1161 4059 1269 4098 non
1331 4053 1507 4113 potest
1555 4060 1570 4097 :
1641 4053 1697 4098 et
1741 4043 2054 4096 inveteratis

482 4134 688 4189 morbis
725 4150 845 4190 cum
876 4136 1086 4191 laboret
1134 4135 1569 4201 intolerabiliter,
1614 4149 1712 4189 nec
1741 4134 1849 4189 ullo
1894 4135 2053 4189 modo

480 4224 529 4280 ei
560 4229 800 4282 succurri
831 4229 1019 4298 possit,
1048 4229 1267 4283 omnino
1285 4228 1465 4297 periit.
1497 4227 1645 4282 Unde
1668 4236 1723 4281 et
1738 4226 1902 4281 divini
1926 4241 2044 4295 pro-

479 4318 653 4383 pheta:
675 4318 930 4374 dixerunt
964 4339 977 4374 :
1030 4337 1055 4371 ι
1083 4320 1406 4375 Curavimus
1443 4318 1794 4389 Babylonem,
1825 4333 1932 4372 non
1964 4326 2054 4371 est

478 4419 694 4477 sanata,
740 4411 1074 4467 deseruimus
1135 4422 1255 4467 eam
1309 4413 1374 4467 η’.
1408 4430 1430 4465 ι
1465 4409 1727 4479 Babyloni
1784 4410 2050 4479 siquidem

2168 1930 2433 2004 ὲξῄτησθε
2499 1930 2677 1995 δίκας,
2705 1929 2819 1983 ἀλλ’
2851 1928 3003 1982 οὐδὲν
3047 1922 3210 1999 ἦττον
3248 1926 3371 1980 ἐστὲ
3410 1939 3756 1995 καταφρονη-

2166 2024 2258 2077 ταί
2332 2024 2425 2076 καὶ
2481 2021 2713 2092 ἀνομίας
2761 2019 3070 2091 σύντροφοι.
3112 2018 3180 2071 Τί
3229 2012 3324 2070 οὖν
3353 2015 3433 2068 ἔτι
3468 2013 3758 2084 πληγῆτε;

2169 2117 2319 2169 ποῖον
2342 2115 2470 2184 ὑμῖν
2507 2113 2689 2176 αἰκίας
2721 2110 2944 2183 ἀρκέσει
2979 2110 3182 2182 μέτρον
3222 2110 3302 2172 εἰς
3340 2104 3750 2177 ἐπανόρθωσινς

2165 2208 2220 2260 τί
2271 2206 2326 2259 δὲ
2360 2206 2498 2269 ὅλως
2554 2203 2977 2274 ὲπενεχθήσεται
3015 2202 3124 2255 τῶν
3178 2199 3386 2263 δεινῶν,
3424 2199 3451 2251 ὃ
3505 2198 3579 2268 μή
3635 2213 3755 2259 πως

2168 2296 2555 2368 συμϐέϐηκεν;
2612 2297 2761 2349 πᾶσα
2815 2294 3026 2365 κεφαλὴ
3080 2294 3162 2357 εἰς
3212 2292 3394 2355 πόνον,
3453 2290 3549 2343 καὶ
3599 2289 3755 2341 πᾶσι»

2165 2388 2361 2460 καρδία
2386 2390 2467 2452 εἰς
2496 2387 2680 2456 λύπην
2717 2384 2827 2440 ἀπὸ
2878 2384 3054 2438 ποδῶν
3085 2383 3197 2447 ἓως
3233 2380 3496 2452 κεφαλῆς.
3547 2379 3611 2431 Οἱ
3653 2375 3761 2447 μὲν

2164 2481 2274 2551 γὰρ
2319 2482 2417 2552 τὴν
2469 2479 2718 2551 βασιλίδα
2755 2478 2919 2549 τιμὴν
2974 2476 3229 2546 λαχόντες
3268 2474 3640 2541 πεπονήκασιν
3686 2470 3753 2522 οὐ

2166 2570 2424 2641 μετρίως,
2468 2569 2741 2637 ἀντισχεῖν
2782 2567 2882 2620 οὐκ
2928 2565 3142 2635 ἔχοντες
3186 2565 3304 2626 ταῖς
3332 2561 3440 2615 τῶν
3475 2560 3752 2630 πολεμίων

2163 2661 2442 2732 ἐμϐολαῖς.
2495 2660 2837 2729 Λελύπηνται
2888 2659 2985 2710 καὶ
3036 2657 3086 2710 οἱ
3144 2658 3310 2726 ἰερεῖς
3356 2653 3634 2726 ἀργούσης
3672 2651 3757 2713 ὡς

2162 2750 2299 2821 ἔφην
2334 2749 2543 2813 θυσίας.
2587 2749 2945 2819 Ἐπλήττοντο
2965 2747 3023 2800 δὲ
3046 2746 3138 2800 καὶ
3168 2747 3218 2799 oi.
3244 2744 3423 2808 πόδες,
3466 2743 3759 2796 τουτέστιν

2161 2842 2211 2893 οί
2250 2838 2549 2893 τελευταῖοι
2588 2839 2681 2891 καὶ
2730 2836 3054 2890 κατώτατοι.
3112 2834 3285 2887 Τοῦτο
3350 2834 3452 2903 μὲν
3491 2834 3603 2894 τοῖς
3638 2831 3761 2883 τῶν

2162 2930 2437 3002 πολεμίων
2472 2929 2651 2998 ξίφεσι
2688 2927 3089 2999 δαπανώμενοι,
3129 2926 3290 2979 τοῦτο
3338 2925 3396 2978 δὲ
3446 2923 3541 2978 καὶ
3566 2922 3748 2993 λιμοῖς

2160 3042 2220 3077 τε
2253 3023 2346 3077 καί
2382 3022 2686 3095 ἀκαρπίαις
2715 3020 3206 3092 κατατρυχόμενοι,
3233 3017 3327 3070 καὶ
3369 3016 3466 3087 τῆς
3504 3014 3755 3085 ἀκράτου

2158 3116 2531 3186 ταλαιπωρίας
2568 3115 2645 3177 εἰς
2688 3115 2884 3184 πεῖραν
2920 3109 3290 3180 ὲνηνεγμὲνοι.
3322 3106 3613 3175 Τοιγάρτοι
3642 3120 3748 3173 φη-

2162 3208 2266 3269 σίν,
2302 3208 2403 3260 οὐκ
2433 3206 2547 3259 ἔστι
2590 3204 2854 3275 μάλαγμα
2892 3202 3179 3266 ἐπιθεῖναι,
3230 3198 3341 3252 οὔτ’
3384 3198 3584 3260 ἔλαιον,
3620 3194 3749 3248 οὔτε

2159 3297 2557 3368 καταδέσμους.
2606 3296 2723 3348 Ὄτ’
2752 3295 2817 3349 ἂν
2870 3293 2969 3364 μὲν
3002 3291 3110 3364 γὰρ
3156 3287 3459 3360 σύμμετροί
3496 3303 3639 3350 τινες
3666 3286 3758 3355 τῷ

2159 3388 2484 3459 ἀνθρωπίνῳ
2534 3386 2745 3457 σώματι
2798 3384 3138 3455 συμϐαίνωσι
3190 3381 3417 3450 πληγαὶ,
3460 3380 3557 3433 καὶ
3621 3378 3747 3431 καθ’

2158 3480 2275 3543 ἐνὸς
2311 3480 2379 3534 ίοι
2424 3478 2616 3551 μέλους
2676 3479 2717 3547 ἡ,
2758 3476 2949 3547 βλάϐη.
2995 3472 3325 3545 Τοτηνικάδε
3366 3472 3613 3541 χρήσιμα
3643 3469 3749 3539 τῆς

2155 3573 2270 3626 τῶν
2291 3570 2649 3642 θεραπεύσειν
2697 3570 2913 3622 εἰδότων
2965 3564 3266 3628 ἐπιεικείας
3314 3563 3382 3616 τὰ
3428 3563 3740 3633 εὑρήματα,

2155 3660 2268 3719 οἷον
2315 3666 2598 3736 μάλαγμα,
2636 3663 2730 3716 καί
2774 3661 3126 3729 κατάδεσμοι,
3184 3658 3280 3711 καὶ
3335 3656 3515 3711 ἐλαίου
3562 3653 3753 3725 χρίσις

2156 3756 2370 3827 χολῶσα
2419 3756 2487 3809 τά
2511 3754 2910 3823 συντεινόμενα.
2937 3753 3113 3804 Ὅταν
3149 3748 3205 3801 δὲ
3240 3748 3308 3801 δι’
3334 3748 3454 3800 ὅλον
3488 3747 3549 3799 τὸ
3582 3744 3754 3815 σῶμα

2156 3848 2306 3916 νοσῇ,
2338 3846 2429 3899 καὶ
2458 3844 2540 3912 ἐφ’
2571 3841 2746 3913 ἐαυτῷ
2796 3839 3247 3910 καταφθείρηται,
3290 3839 3440 3899 ποῖος
3474 3835 3624 3905 αὐτῷ
3652 3834 3745 3887 θε-

2158 3937 2388 4010 ραπείας
2424 3936 2632 4007 ὀνίνησι
2679 3933 2916 4005 τρόπος;
2951 3933 3079 4001 νικᾷ
3131 3930 3241 4000 γὰρ
3289 3931 3506 3990 πάντως
3542 3928 3747 3981 τῶνὲκ

2153 4029 2350 4099 τέχνης
2407 4026 2864 4097 ὲπικουρημάτων
2918 4024 3016 4093 τὴν
3050 4021 3298 4091 δύναμιν,
3340 4021 3439 4090 τῆς
3478 4020 3633 4071 νόσου
3671 4018 3740 4071 τὸ

2159 4119 2409 4191 μέγεθος.
2457 4118 2700 4179 Ἀνίατος
2731 4112 3019 4184 τοιγαροῦν
3060 4115 3094 4181 ἡ
3133 4111 3243 4163 τῶν
3289 4109 3557 4162 Ἰουδαίων
3600 4108 3746 4176 πλη-

2156 4212 2253 4276 θὺς
2286 4208 2654 4281 περιπεσοῦσα
2682 4205 3012 4279 τραύμασιν,
3061 4203 3152 4255 καὶ
3189 4202 3480 4272 ἁφορήτως
3507 4198 3751 4253 νοσοῦσα

2154 4304 2225 4356 τά
2264 4303 2322 4369 ἐξ
2365 4300 2557 4372 ὀργῆς,
2592 4298 2869 4352 ἀπόλωλεν
2902 4294 3231 4367 ὁλοτρόπως,
3281 4290 3510 4361 μηδενὸς
3551 4292 3744 4355 αὐτοῖς

2157 4395 2519 4465 βοηθήσαντος
2544 4393 2766 4463 τρόπου.
2808 4387 3096 4455 Τοιγάρτοι
3135 4384 3378 4454 ἔφασκον
3418 4384 3512 4436 καί
3561 4384 3610 4435 οἰ
3656 4383 3746 4436 θε-

479 4504 721 4573 gentium
755 4504 895 4568 urbi;
938 4514 995 4559 et
1044 4504 1158 4559 haec
1205 4506 1335 4560 urbs
1373 4505 1501 4559 licet
1545 4514 1731 4559 sancta
1765 4503 1906 4557 dicta
1954 4501 2045 4564 sit,

2161 4485 2366 4539 σπέσιοι
2420 4485 2732 4553 προφῆται;
2795 4499 2813 4529 ‹
2860 4476 3252 4545 ’ἰατρεύσαμεν
3285 4474 3386 4546 τὴν
3414 4473 3746 4538 Βαϐυλῶνα,

481 4604 703 4664 propter
746 4595 1079 4663 impietatem
1114 4595 1165 4649 in
1192 4595 1470 4651 Christum
1520 4595 1776 4660 maxime,
1816 4603 1872 4649 et
1924 4593 2049 4662 quia

483 4700 604 4740 eam
668 4685 991 4741 manufactis
1050 4687 1422 4757 oppleverunt,
1463 4695 1768 4756 comparata
1799 4694 1883 4740 est
1917 4703 1933 4739 :
1966 4695 2051 4738 ut-

477 4787 602 4847 pote
634 4794 752 4833 cum
778 4796 809 4835 a
837 4781 1225 4836 consuetudine
1249 4780 1604 4850 institutoque
1635 4779 2049 4851 Babyloniorum

480 4870 792 4938 neutiquam
823 4872 1139 4925 recederet:
1175 4886 1298 4940 quae
1340 4872 1482 4926 dicta
1532 4882 1619 4927 est
1665 4874 1826 4927 etiam
1856 4872 2053 4927 civitas

478 4961 829 5032 sculptilium.

547 5119 711 5177 Vens.
747 5122 798 5177 7.
842 5121 1004 5176 Terra
1054 5134 1222 5177 vestra
1279 5124 1507 5186 deserta,
1563 5126 1800 5179 civitates
1863 5134 2047 5178 vestra:

477 5213 586 5281 igni
619 5225 863 5267 crematur
906 5224 1049 5277 sunt,
1103 5217 1357 5286 regionem
1409 5227 1642 5269 nostram
1682 5217 1737 5269 in
1766 5226 2047 5285 conspectu

477 5316 644 5359 vestro
668 5305 824 5358 alieni
853 5306 1125 5361 devorant.
1170 5308 1237 5359 Et
1265 5318 1466 5362 vastata
1501 5317 1598 5371 est,
1628 5322 1807 5360 eversa
1828 5324 1858 5359 a
1887 5322 2048 5375 popu-

476 5397 540 5451 li:
569 5397 776 5451 alienis.

544 5488 695 5554 Quod
750 5488 955 5544 dictum
989 5488 1272 5546 videbatur
1304 5492 1700 5563 quodammodo
1739 5490 2042 5555 obscurius,

473 5595 636 5649 quam
684 5580 791 5636 dici
845 5585 1102 5649 oportuit,
1139 5583 1190 5638 id
1242 5584 1457 5654 planum
1507 5594 1563 5637 et
1603 5594 1846 5654 apertum
1881 5582 2029 5637 facit.

2149 4580 2243 4635 καὶ
2302 4578 2403 4631 οὐκ
2447 4575 2591 4645 ἰάθη,
2650 4572 3111 4641 ὲγκατελείπομεν
3164 4569 3353 4636 αὑτήν.
3389 4585 3408 4618 ι
3449 4565 3749 4619 Βαϐυλῶνι

2147 4673 2255 4743 γὰρ
2288 4674 2353 4742 τῇ
2402 4669 2509 4722 τῶν
2555 4665 2723 4719 ἐθνῶν
2752 4663 3166 4735 παρεικάζεται,
3212 4660 3387 4713 καίτοι
3422 4658 3575 4721 πόλις
3601 4657 3740 4726 ἁγία

2148 4759 2636 4831 κατωνομασμένη,
2690 4756 2780 4811 διά
2813 4773 2894 4809 τοι
2936 4754 3173 4825 μάλιστα
3226 4751 3323 4821 τὴν
3358 4752 3439 4812 εἰς
3495 4750 3748 4818 Χριστὸν

2149 4854 2425 4915 ἀσέϐειαν,
2452 4851 2597 4923 ῆκαὶ
2626 4851 2707 4902 ὅτι
2747 4848 2857 4901 τῶν
2897 4844 3283 4917 χειροποιήτων
3315 4841 3739 4911 ἐνεπίμπλασαν

2152 4945 2340 5017 αὐτὴν,
2372 4944 2448 5006 ὡς
2471 4942 2590 4995 κατ’
2620 4940 2807 4993 οὐδένα
2840 4937 3039 5005 τρόπον
3058 4938 3123 5005 τῇ
3156 4932 3512 4986 Βαϐυλωνίων
3561 4949 3742 5003 παρα.-

2152 5039 2441 5110 χωρήσειν,
2466 5035 2502 5105 ἢ
2534 5031 2629 5086 καὶ
2678 5028 2991 5101 ὠνόμασται
3013 5027 3086 5096 γῆ
3120 5025 3229 5079 τῶν
3257 5024 3531 5093 γλυπτῶν.

2226 5129 2287 5183 Ἠ
2329 5125 2405 5196 γῆ
2430 5122 2598 5193 ὑμῶν
2624 5123 2862 5191 ἕρημος,
2899 5122 2957 5173 al
2991 5117 3197 5181 πόλεις
3243 5114 3410 5183 ὑμῶν
3440 5114 3739 5181 πυρίκαυ-

2151 5234 2304 5282 στοι,
2363 5216 2477 5284 τὴν
2523 5215 2720 5285 χώραν
2776 5210 2942 5281 ὑμῶν
2999 5208 3252 5261 ἐνώπιον
3315 5205 3483 5274 ὑμῶν
3539 5205 3736 5257 ἀλ.ιό-

2152 5326 2296 5377 τριοι
2362 5308 2789 5361 κατεσθίουσιν
2837 5298 3051 5365 αὐτήν.
3105 5297 3213 5350 Καὶ
3248 5295 3550 5364 ἠρήμωται
3592 5310 3737 5346 mtto

2151 5395 2521 5467 εστραμμένη
2552 5393 2671 5449 ὑπὸ
2704 5389 2869 5447 λαῶν
2897 5387 3246 5453 ἀλλοτρίων.

2222 5490 2296 5542 Τὸ
2336 5486 2705 5557 ἀσαφέστερόν
2755 5499 2869 5545 πως
2936 5481 2968 5550 ἢ
3027 5479 3165 5550 χρῆν
3216 5477 3469 5546 εἰρῆσθαι
3531 5472 3733 5528 δοκοῦν

2153 5579 2473 5649 καθίστησιν
2505 5575 2749 5647 ἐναργές.
2785 5572 2849 5623 Τί
2897 5571 3003 5640 γὰρ
3039 5569 3103 5622 ἂν
3151 5567 3391 5637 βούλοιτο
3427 5563 3621 5636 δηλοῦν
3640 5562 3735 5627 τὸ,

473 5669 613 5737 Quid
669 5671 813 5726 enim
865 5676 967 5729 hoc
994 5674 1280 5744 signiﬁcat,
1316 5692 1420 5732 non
1463 5686 1546 5731 est
1585 5676 1847 5745 malagma
1888 5676 2029 5745 quod

2161 5674 2236 5727 sy.
2258 5672 2371 5725 ἔστι
2413 5669 2675 5740 μάλαγμα
2709 5662 2995 5725 ἐπιθεῖναι,
3020 5659 3142 5713 οὒτε
3165 5659 3360 5724 ἔλαιον,
3399 5656 3522 5710 οὕτε
3555 5670 3736 5711 καταε-

552 5826 597 5858 ”
634 5824 831 5884 Jercm.
869 5841 938 5886 ιι.
968 5827 1018 5883 ο.
