4094 6366
386 331 470 389 25
1560 332 1626 389 IN
1667 332 1899 389 ISAIAM
1938 329 1980 387 ι.

2109 334 2153 393 1.
2193 335 2400 393 υκΑγ.
2442 336 2484 390 Ι.
3581 337 3658 387 Ξϐι

390 450 657 519 δέσμουςο
700 447 1045 519 διερμηνεύει
1078 448 1311 513 λευκῶς,
1354 450 1683 521 ἠρημῶσθαι
1730 449 1832 521 τὴν
1872 450 1977 520 γῆν

2085 463 2409 523 apponatur,
2440 468 2547 509 non
2569 453 2745 508 oleum
2766 495 2779 520 ,
2818 468 2924 506 non
2946 452 3284 521 alligatum?
3317 451 3538 507 Terram
3562 470 3656 507 eo-
3744 434 3747 439 v

390 540 569 607 λέγων
618 537 819 604 αὐτῶν,
876 540 1244 610 ἐμπρισθῆναι
1283 540 1341 593 δὲ
1388 541 1483 593 καὶ
1516 540 1613 604 τὰς
1649 540 1833 603 πόλεις
1878 542 1975 595 καὶ

392 630 659 699 ὐπύχειρα
693 629 946 698 γενέσθαι
976 630 1086 682 τῶν
1125 631 1356 700 ἐχθρῶν,
1402 632 1495 683 καὶ
1542 631 1700 685 τοῦτο
1755 632 1977 701 ἀλλογε-

392 722 525 785 νῶν,
557 722 632 784 ὡς
686 723 967 793 μονονουχὶ
996 723 1088 775 καὶ
1145 724 1364 776 ἃπασαν
1415 724 1479 777 ὲκ
1539 724 1753 796 βάθρων
1797 725 1983 778 αὐτῶν

393 812 822 883 ἀνατετράφθαι.
857 813 1181 876 Πλειστάκις
1204 814 1301 883 μὲν
1321 809 1416 867 οὖν
1441 814 1786 885 συμϐέϐηκεν
1833 815 1975 868 ἀλῶ-

394 917 485 953 ναι
510 901 609 972 τὴν
642 901 920 965 Ἰουδαίαν,
947 902 1047 954 ὑπό
1080 920 1141 954 τε
1183 902 1482 974 Ἀσσυρίων
1507 905 1601 956 καὶ
1637 905 1971 972 Αἰγυπτίων,

392 994 587 1062 Σύρων
638 1011 697 1047 τε
728 995 821 1048 καὶ
866 995 1194 1059 Μωαϐιτῶν,
1264 998 1574 1067 Ἰδουμαίων
1623 1016 1683 1051 τε
1725 1000 1817 1051 καὶ
1869 1001 1975 1053 τῶν

392 1085 747 1156 καλουμένων
798 1086 1119 1158 Φιλιστιεὶμ,
1161 1088 1278 1158 ἦτοι
1341 1090 1735 1144 Παλαιστινῶν.
1817 1091 1977 1144 Ἀλλά

392 1177 556 1246 ὀλίγα
590 1176 862 1245 παθοῦσα,
901 1180 996 1231 καὶ¹
1053 1181 1386 1251 συμμέτροις
1436 1182 1549 1234 ἐσθ’
1602 1184 1691 1235 ὅτε
1744 1200 1977 1255 περιπε-

394 1271 570 1326 σοῦσα
584 1272 896 1341 ’συμφοραῖς
919 1271 1078 1326 πάλιν
1099 1274 1395 1343 ἀνήνεγκεν
1422 1273 1797 1344 ἐπαμύνοντος
1820 1276 1976 1341 Θεοῦ,

393 1362 493 1414 καὶ
522 1362 686 1415 αὑτοῦ
716 1363 1002 1432 μοτοῦντος
1043 1363 1137 1416 τοῦ
1191 1364 1513 1434 πλήξαντος.
1570 1366 1872 1419 Ἀπόλωλεν
1923 1368 1980 1420 δὲ

392 1450 705 1522 ὁλοτρόπως
766 1453 903 1521 μετά
932 1453 1023 1505 τὸν
1067 1452 1162 1505 τοῦ
1212 1454 1463 1525 Σωτῆρος
1504 1457 1758 1526 σταυρὸν,
1806 1474 1981 1511 κατα-

394 1541 667 1612 δῃούντων
716 1542 883 1614 αὐτὴν
915 1544 1327 1598 Οὐεσπασιανοῦ
1375 1563 1435 1598 τε
1478 1549 1569 1601 καὶ
1627 1546 1809 1600 Τίτου.
1844 1548 1981 1600 Τότε

393 1631 507 1703 γὰρ
563 1632 628 1703 δὴ
689 1634 1032 1704 συμϐέϐηκεν
1077 1637 1552 1708 κατεμπρισθῆναι
1619 1640 1719 1709 μὲν
1774 1640 1978 1704 πόλεις,

391 1722 617 1777 ἃπασαν
667 1723 724 1778 δὲ
767 1726 877 1779 τῶν
932 1728 1285 1782 ἐνοικούντων
1344 1730 1506 1801 κενὴν
1564 1731 1817 1799 γενέσθαι
1880 1731 1977 1803 τὴν

388 1812 601 1886 χώραν,
649 1818 741 1870 καὶ
794 1818 901 1872 ὑπὸ
952 1822 1106 1889 χεῖρα
1149 1823 1333 1874 πεσεῖν
1377 1822 1487 1877 τῶν
1533 1825 1974 1894 κεκρατηκότων,
2010 1803 2051 1861 Β

388 1908 797 1979 παμμοχθηρὸν
821 1910 877 1963 δὲ
909 1910 969 1963 τὸ
1002 1911 1231 1965 ἐνώπιον
1290 1914 1471 1968 αὐτῶν
1518 1916 1685 1985 ἤγουν
1730 1914 1980 1987 ὁρώντων

387 1999 491 2051 καὶ
520 1999 925 2071 ἀλγυνομένων,
972 2004 1064 2073 ὑφ’
1104 2004 1310 2077 ἑτέροις
1352 2002 1492 2059 εἶναι
1546 2008 1646 2077 τὴν
1695 2008 1799 2077 γῆν
1850 2026 1981 2061 κατ⁹

386 2089 715 2161 εσθιομένην
743 2093 941 2162 τρόπον
964 2094 1086 2147 τινὰ
1101 2096 1196 2148 καὶ
1217 2096 1635 2169 δαπανωμένην.
1660 2099 1733 2151 Τὸ
1753 2099 1851 2169 μὲν
1872 2099 1982 2171 γὰρ

386 2180 637 2246 ἀπόντας
657 2183 888 2239 ἀκοῦσαι
913 2186 1071 2256 μόνον
1091 2188 1231 2258 τάχα
1267 2207 1371 2243 που
1408 2191 1650 2263 φορητὴν
1688 2192 1871 2255 αὐτοῖς
1915 2192 1981 2244 ἂν

386 2274 682 2346 ἐνεποίησε
712 2277 811 2349 τὴν
838 2279 1035 2352 λύπην.
1060 2283 1133 2335 Τὸ
1154 2283 1211 2336 δὲ
1235 2284 1330 2336 καὶ
1362 2286 1634 2355 παρόντας
1663 2288 1813 2357 όρᾷν,
1866 2284 1983 2339 εἶτα

392 2368 568 2438 μηδὲν
594 2371 896 2441 ἐπαμύνειν
927 2373 1186 2431 δύνασθαι
1246 2379 1621 2450 κατηχθῆσθαι
1676 2380 1733 2433 δὲ
1791 2379 1982 2451 ὥσπερ

387 2462 517 2523 ταῖς
555 2460 615 2526 ἐξ
650 2464 897 2534 ἀνάγκης
922 2472 1231 2539 συμφοραῖς
1252 2469 1527 2524 δύσοιστον
1553 2471 1665 2543 ἔχει
1705 2471 1797 2525 καὶ
1841 2491 1983 2543 παμ-

389 2551 533 2605 πολὺ
580 2552 643 2605 τὸ
679 2553 904 2610 λυποῦν.
952 2561 1045 2611 Δεῖ
1072 2559 1136 2630 δὴ
1180 2556 1273 2614 οὖν
1304 2562 1453 2632 ἡμᾶς
1496 2563 1570 2634 μὴ
1622 2565 1981 2635 παροργίζειν

389 2641 486 2695 τδν
510 2642 666 2711 ἅγιον
698 2644 793 2698 τοῦ
839 2647 1071 2719 Ἰσραὴλ,
1109 2650 1196 2703 ἵνα
1245 2649 1322 2723 μὴ
1370 2654 1585 2723 ὁρατοῖς
1614 2672 1673 2707 τε
1704 2657 1797 2710 καὶ
1822 2657 1981 2728 ἀορά-

302 2758 311 2763 ν
390 2750 509 2798 τοις
560 2738 982 2809 περιπίπτωμεν
1041 2742 1254 2813 ἐχθροῖς
1321 2745 1400 2807 είς
1465 2744 1536 2797 τὰ
1599 2746 1698 2814 τῆς
1758 2747 1982 2816 ἀτιμίας

391 2824 826 2891 καταϐιϐάζουσι
852 2829 1020 2899 πάθη,
1061 2831 1156 2883 καὶ
1189 2833 1297 2885 πᾶν
1333 2833 1595 2905 ὀχύρωμα
1628 2834 1722 2887 τοῦ
1747 2837 1803 2889 ὲν
1850 2839 1982 2907 ἡμῖν

391 2914 547 2979 ὄντος
570 2917 665 2970 νοῦ
712 2922 1200 2991 καταστρέφουσιν,
1234 2924 1310 2987 ὡς
1351 2928 1754 2996 κατανέμεσθαι
1782 2930 1982 2999 τρόπον

392 3008 519 3063 τινὰ
543 3009 645 3081 τὴν
682 3011 873 3066 ἀθλίαν
897 3015 1096 3086 ψυχὴν,
1134 3022 1227 3068 καὶ
1276 3018 1480 3081 πάντας
1532 3020 1700 3089 αὐτῆς
1739 3021 1982 3091 δαπανᾷν

392 3102 520 3166 τοὺς
551 3106 818 3174 καρποὺς,
865 3108 950 3160 ἵνα
976 3104 1087 3161 οἷον
1139 3108 1280 3180 ξηρά
1318 3127 1378 3163 τε
1407 3113 1499 3164 καὶ
1542 3111 1737 3183 ἄτιμος
1779 3108 1836 3186 ᾗ,
1884 3115 1979 3167 κα)⁸

393 3193 761 3259 ἀκανθοτόκος
786 3198 1107 3269 εὑρίσκηται
1157 3200 1251 3269 γῆ,
1280 3195 1343 3273 ἧς,
1370 3202 1431 3255 τὸ
1458 3202 1610 3266 τέλος
1646 3205 1726 3267 εἰς
1760 3204 1975 3270 καῦσιν,

393 3283 537 3337 κατά
560 3284 661 3357 τὴν
691 3286 787 3339 τοῦ
816 3288 1085 3357 μακαρίου
1110 3289 1322 3343 Παύλου
1361 3293 1565 3362 φωνήν.

475 3375 1121 3448 Ἐτκαταλειερθήσεται
1145 3383 1180 3450 ἡ
1202 3383 1462 3451 θυγάτηρ
1486 3384 1640 3437 Σιὼν
1668 3385 1749 3451 ὡς
1773 3384 1976 3455 σκηνή

392 3466 465 3519 ἐν
492 3468 821 3537 ἀμπελῶνι,
854 3472 953 3524 καὶ
983 3472 1479 3542 ὀπωρορυλὰκιον
1501 3475 1572 3527 ἐν
1611 3478 1978 3543 σικυηλάτῳ,

394 3559 475 3626 ὡς
502 3562 681 3628 πόλις
708 3566 1208 3634 πολιορκουμένη.

478 3652 742 3706 Ἐλεεινὸν
763 3654 824 3706 τὺ
849 3655 1068 3727 χρῆμαο
1104 3657 1222 3721 πῶς
1267 3657 1376 3728 γάρ
1427 3661 1486 3711 οὐ
1540 3660 1739 3732 θρήνου
1771 3679 1831 3715 τε
1886 3663 1982 3715 καὶ

393 3743 644 3812 οἰμωγῆς
689 3742 875 3809 ἀξιον;
905 3746 939 3815 ἡ
973 3747 1082 3817 γάρ
1110 3746 1277 3800 πάλαι
1310 3748 1576 3819 θυγάτηρ,
1611 3752 1705 3803 καὶ
1734 3755 1799 3822 τῇ
1846 3752 1981 3823 κλή-

396 3850 481 3885 σει
508 3833 688 3905 τοιᾷδε
714 3836 1072 3906 τετιμημένη,
1106 3838 1200 3892 καὶ
1222 3835 1334 3892 οἷον
1372 3841 1477 3893 ὑπὸ
1507 3843 1677 3911 πατρὶ
1702 3842 1984 3915 φιλοστορ-

393 3926 611 3995 γοτάτῳ
658 3927 974 3996 πράττουσα
1002 3930 1080 4001 τῷ
1116 3930 1255 4003 Θεῷ,
1289 3934 1323 4003 ἡ
1351 3934 1527 4002 φειδοῖ
1564 3935 1659 3988 καὶ
1690 3937 1878 4007 ἀγάπῃ
1913 3940 1979 4008 τῇ

394 4020 525 4088 παρ’
560 4021 729 4074 αὐτοῦ
760 4020 1057 4091 μεθύουσα,
1090 4024 1184 4075 καὶ
1212 4024 1335 4088 ταῖς
1373 4026 1453 4089 εἰς
1507 4025 1660 4095 λῆξιν
1709 4027 1981 4092 εὐκλείαις

395 4111 529 4180 παρ’
576 4111 744 4165 αὐτοῦ
785 4114 1221 4186 στεφανουμένη,
1274 4116 1371 4170 καὶ
1412 4117 1837 4189 κατακρατοῦσα
1872 4119 1984 4172 τῶν

394 4202 854 4271 ἀνθειστηκὰτων,
898 4206 993 4258 καὶ
1014 4207 1311 4279 ἁμετρήτῳ
1340 4208 1543 4280 πληθυῖ
1565 4210 1676 4264 τῶν
1704 4209 1981 4264 ἐνοικούν-

394 4310 504 4346 των
566 4295 741 4364 αὐτὴν
786 4296 1174 4368 περιεχομένη,
1225 4298 1258 4367 ἡ
1310 4300 1686 4370 παμμακαρία
1729 4304 1824 4356 καὶ
1866 4303 1983 4357 δια.⁸

395 4383 590 4451 ϐὀητος
611 4382 773 4449 Σιὼν,
799 4386 986 4455 ἡγουν,
1016 4386 1391 4459 Ἰερουσαλὴμ,
1420 4391 1983 4465 ὲγκαταλειφθήσεταί

2078 562 2198 601 rum
2231 554 2497 601 vastatam
2554 561 2676 601 esse
2711 545 2941 599 candide
2966 554 3020 599 et
3059 545 3345 614 perspicue
3382 546 3651 615 interpre-

2079 644 2244 698 tatur,
2311 634 2557 702 dicitque
2611 633 2771 687 urbes
2834 632 3100 696 incensas,
3145 633 3196 686 in
3241 648 3509 702 manuque
3535 649 3654 688 esse

2077 724 2311 779 hostium
2340 733 2500 793 atque
2526 724 2661 778 adeo
2690 724 3136 792 alienigenarum,
3190 731 3465 792 totamque
3497 725 3654 777 modo

2081 832 2187 871 non
2217 832 2245 869 a
2276 816 2333 887 8
2398 816 2767 869 fundamentis
2812 814 3055 868 excisam
3084 829 3223 867 esse.
3273 812 3654 882 Szepenumero

2081 909 2297 978 quidem
2341 909 2558 973 accidit,
2600 918 2656 960 ut
2687 917 2972 975 caperetur
3000 904 3206 967 Judwa,
3237 907 3306 959 ab
3340 907 3577 977 Assyriis
3597 918 3655 961 et

2079 1000 2371 1071 Egyptiis,
2402 998 2554 1071 Syris
2613 1010 2668 1053 et
2720 999 2987 1061 Moabitis,
3056 1002 3124 1053 ab
3164 998 3436 1062 ldumzx-is,
3497 1008 3551 1052 et
3587 1000 3655 1053 ab

2084 1095 2165 1148 bis
2197 1092 2288 1162 qui
2330 1091 2637 1146 Philismim
2674 1106 2767 1145 seu
2802 1090 3075 1145 Palaestini
3102 1100 3397 1145 vocantur:
3428 1100 3483 1144 at
3516 1092 3659 1144 levia.

2080 1184 2322 1251 pertulit,
2352 1192 2407 1237 et
2439 1184 2489 1235 in
2524 1181 2665 1235 mala
2698 1181 2889 1235 incidit
2920 1180 3255 1245 tolerabilia,
3280 1192 3335 1234 et
3359 1182 3655 1249 opitulante

2084 1277 2191 1330 Deo
2220 1275 2446 1344 ipsoque
2470 1272 2790 1327 vulnerante
2815 1273 3227 1341 percutientem,
3261 1288 3449 1328 rursus
3475 1288 3653 1328 emer-

2082 1369 2170 1421 sit.
2205 1368 2404 1423 Verum
2458 1374 2575 1436 post
2610 1363 2924 1419 Servatoris
2954 1379 3173 1418 crucem
3225 1362 3556 1431 Vespasiano
3590 1380 3655 1419 ac

2083 1459 2205 1513 Tito
2259 1473 2379 1511 eam
2427 1455 2807 1527 populantibus
2854 1455 3100 1508 funditus
3149 1464 3231 1507 est
3264 1455 3458 1509 deleta.
3504 1454 3667 1511 Tunc-

2082 1550 2225 1603 enim
2299 1549 2502 1615 evenit,
2565 1558 2623 1601 ut
2695 1549 2858 1600 urbes
2924 1547 3358 1610 incenderentur,
3402 1546 3651 1600 universa

2082 1640 2243 1693 etiam
2273 1639 2419 1709 regio
2474 1637 2666 1693 incolis
2702 1652 2895 1697 vacua.
2940 1648 3196 1705 vastaque
3238 1637 3552 1690 redderetur
3601 1644 3665 1689 et;

2086 1733 2137 1782 in
2179 1745 2395 1784 manum
2453 1728 2721 1782 victorum
2774 1726 3061 1790 recideret,
3117 1726 3369 1795 quodque
3410 1725 3672 1780 omnium.

2082 1819 2447 1874 miserrimum
2474 1826 2576 1884 est,
2630 1818 2683 1871 in
2724 1828 3018 1886 conspectu
3072 1817 3329 1883 ipsorum,
3366 1816 3496 1885 ipsis
3551 1816 3654 1870 sci-

2082 1911 2206 1965 licet
2240 1925 2423 1964 coram
2463 1908 2827 1979 spectantibus
2852 1947 2867 1973 ,
2922 1917 3082 1977 atque
3121 1906 3425 1962 dolentibus
3453 1917 3669 1962 terram.

2081 2017 2202 2059 esse
2239 2002 2360 2056 aliis
2400 2000 2695 2065 subditam,
2739 2010 2794 2054 et
2821 2014 3038 2054 exesam
3069 1997 3464 2068 quodammodo
3494 2010 3673 2066 atque-

2080 2102 2474 2162 consumptam.
2505 2088 2637 2144 Nam
2668 2091 2923 2143 absentes
2962 2088 3185 2142 auribus
3215 2088 3431 2142 baurire
3457 2088 3671 2150 solum,

2080 2185 2319 2240 dolorem
2382 2181 2599 2235 afferret
2651 2179 2919 2243 fortassis,
2978 2187 3034 2231 at
3080 2176 3457 2233 tolerabilem:
3515 2194 3655 2248 prae-

2080 2285 2263 2332 sentes
2286 2286 2412 2330 vero
2430 2273 2649 2339 intueri,
2675 2287 2775 2327 nec
2797 2282 2972 2325 tamen
2990 2269 3283 2339 quidquam
3315 2272 3432 2339 opis
3461 2272 3672 2327 all‘erre

2081 2381 2257 2436 posse,
2312 2364 2741 2432 necessariisque
2790 2361 2942 2429 quasi
2990 2360 3347 2429 ingemiscere
3370 2362 3656 2416 calamita-

2081 2459 2245 2519 tibus,
2280 2457 2676 2512 intolerabilius
2722 2458 2939 2528 quidem
2982 2471 3087 2521 est,
3110 2467 3162 2512 et
3192 2473 3323 2511 sane
3350 2474 3509 2525 quam
3542 2473 3666 2515 mo-

2081 2548 2296 2603 lestmn.
2347 2549 2528 2613 Quare
2579 2563 2683 2601 non
2716 2557 2799 2601 est
2855 2549 3010 2603 nobis
3041 2558 3263 2602 sanctus
3292 2546 3506 2603 lsraelis
3527 2564 3656 2603 con-

2078 2641 2347 2709 citandus,
2379 2657 2447 2695 ne
2488 2642 2539 2696 in
2581 2642 2763 2696 hostes
2796 2653 2899 2694 tam
2950 2640 3325 2711 aspectabiles,
3364 2658 3525 2712 quam
3581 2646 3661 2697 in-

2079 2734 2432 2804 aspectabiles
2460 2735 2778 2799 incidamus,
2810 2735 2898 2802 qui
2930 2736 2981 2788 in
3024 2736 3194 2790 {tedas
3218 2738 3657 2805 perturbationes

2081 2831 2421 2898 demergunt,
2470 2837 2519 2881 et
2542 2843 2703 2881 omne
2730 2827 3196 2896 propugnaculum
3225 2829 3422 2882 mentis
3453 2842 3659 2885 nostra?

2080 2924 2421 2981 subvertunt,
2480 2933 2540 2973 ut
2598 2921 2851 2974 miseram
2905 2920 3142 2973 animam
3189 2922 3480 2989 depascaut
3521 2940 3658 2992 quo-

2082 3012 2370 3065 dammodo
2424 3025 2721 3078 omnesque
2759 3012 2877 3079 ejus
2914 3012 3125 3066 fructus
3155 3012 3462 3079 absumant,
3503 3016 3571 3068 ita
3598 3025 3658 3069 ut

2082 3105 2229 3157 arida
2282 3104 2432 3170 quasi
2492 3117 2554 3156 ac
2614 3103 2863 3172 ignobilis
2923 3112 2978 3159 et
3017 3107 3286 3161 senticosa
3315 3116 3461 3160 terra
3502 3123 3656 3176 repe-

2082 3195 2283 3259 riatur',
2322 3194 2476 3261 cujus
2531 3195 2651 3248 linis
2702 3194 3049 3261 combustio,
3126 3197 3423 3253 secundum
3511 3197 3653 3252 beati

2079 3286 2229 3340 Pauli
2265 3286 2469 3339 tlicnun
2499 3286 2565 3339 ⁸³.

2153 3377 2317 3433 Vsus.
2351 3378 2405 3431 8.
2470 3378 2872 3449 Dereliuquetur
2912 3379 3027 3447 ﬁlia
3082 3380 3239 3444 Sion,
3272 3392 3329 3434 ut
3359 3382 3552 3434 rasain
3580 3396 3659 3434 vt-

2079 3488 2200 3535 nea,
2241 3480 2297 3523 ut
2355 3473 2623 3540 tugurium
2676 3472 2730 3524 iu
2779 3470 2931 3524 horto
2974 3488 3349 3538 cucumerum,
3404 3482 3458 3525 ut
3532 3475 3661 3527 urbe

2080 3563 2312 3617 obsessa.

2154 3654 2349 3708 Misera
2390 3668 2474 3708 res
2531 3654 2817 3723 profecto:
2859 3655 2948 3722 qui
2985 3654 3129 3707 enim
3163 3669 3269 3707 nou
3308 3654 3377 3706 sit
3409 3653 3661 3709 lamentis

2080 3758 2135 3803 et
2154 3749 2298 3803 luctu
2333 3747 2532 3818 digna?
2560 3746 2693 3801 Nam
2728 3763 2850 3818 qua-
2871 3747 2979 3801 lilia
3009 3748 3281 3815 quondam
3324 3746 3444 3813 fuit,
3484 3756 3536 3800 et
3564 3747 3659 3801 tali

2082 3842 2361 3896 vocatione
2407 3849 2618 3903 ornata,
2659 3855 2780 3909 quae
2822 3841 2903 3896 sic
2925 3840 3034 3911 egit
3064 3842 3165 3895 sub
3192 3849 3346 3909 patre
3374 3839 3657 3911 indulgen-

2083 3934 2295 3987 tissimo
2352 3932 2486 3997 Deo,
2537 3946 2657 4001 qua:
2702 3930 3080 3986 misericordia
3123 3940 3177 3984 et
3223 3930 3488 3984 charltate
3539 3929 3669 3996 ejus

2082 4024 2229 4077 ebria
2289 4023 2689 4092 quodammodo
2727 4021 2868 4077 facta
2902 4031 3007 4085 est,
3044 4021 3377 4076 nobilissima
3414 4029 3559 4074 sorte
3590 4021 3667 4073 ab

2081 4130 2147 4168 eo
2174 4124 2453 4179 coronata,
2489 4130 2608 4183 qua:
2629 4113 2811 4167 hostes
2844 4113 3175 4182 subjugavit,
3238 4121 3296 4166 et
3344 4111 3661 4165 innumera-

2082 4205 2174 4259 bili
2222 4204 2563 4258 multitudine
2604 4203 2948 4258 incolentium
2993 4202 3189 4257 relerta
3220 4212 3276 4256 et
3327 4202 3507 4255 cincta
3537 4198 3658 4265 fuit,

2084 4299 2336 4366 perbeata
2394 4295 2483 4351 illa
2530 4296 2744 4364 quidem
2784 4303 2839 4350 et
2886 4294 3256 4365 percelebrata
3303 4292 3455 4356 Sion,
3499 4289 3661 4347 Jeru-

2084 4389 2253 4444 salem
2322 4388 2581 4443 videlicet
2631 4406 2644 4442 :
2698 4388 2834 4451 haec,
2908 4388 3153 4457 inquam,
3235 4386 3662 4456 derelinquetur,

394 4492 584 4545 φησιν.
620 4476 778 4530 Τοῦτ’
805 4477 975 4541 ἐστιν,
1004 4478 1211 4549 ἕρημος
1238 4480 1412 4535 ἔσται.
1447 4483 1634 4554 Γυμνή
1672 4501 1731 4537 τε
1771 4486 1981 4556 ἀπομε-

2089 4496 2281 4549 nempe
2318 4481 2533 4534 deserta
2566 4479 2693 4541 erit,
2733 4486 2789 4533 et
2827 4494 2949 4533 cum
2984 4479 3179 4532 robore
3221 4478 3489 4545 corporis,
3546 4487 3659 4531 tum

394 4571 498 4629 νεῖ,
531 4569 748 4637 καὶτῆς
787 4570 883 4622 τοῦ
927 4570 1190 4635 σώζοντος
1234 4573 1564 4641 εὐσθενείας,
1593 4577 1687 4629 καὶ
1716 4577 1823 4631 τῶν
1851 4581 1981 4632 ἐνοι·

394 4662 637 4715 κούντων
671 4663 863 4731 αὐτήν.
896 4663 1486 4737 Ἐγκαταλειφθήσεται
1525 4667 1582 4719 δὲ
1621 4667 1813 4734 οὕτως,
1847 4670 1981 4724 ὡσεὶ

396 4755 572 4826 σκηνὴ
605 4757 665 4808 ἐν
702 4756 1010 4823 ἀμπελῶνι,
1051 4757 1145 4809 καὶ
1188 4758 1266 4821 ὡς
1304 4758 1756 4829 όπωροφυλάκιον
1785 4764 1843 4815 ὲν
1895 4780 1979 4815 σι-

395 4847 654 4915 κυηλάτῳ
673 4847 769 4898 καὶ
792 4846 867 4910 ὡς
886 4847 1039 4912 πόλις
1057 4850 1507 4921 πολιορκουμένη.
1533 4854 1595 4904 Oi
1615 4853 1714 4922 μὲν
1745 4852 1852 4924 γὰρ
1872 4854 1980 4907 τῶν

394 4936 753 5004 ἀμπελώνων
775 4938 1100 5007 τεταγμένοι
1124 4939 1381 5007 φύλακες,
1410 4940 1771 5011 ἐντεθηλότων
1798 4944 1980 5007 αὐτοῖς

396 5026 507 5077 τῶν
541 5026 783 5099 βοτρύων
815 5027 918 5089 ἔτι,
966 5029 1222 5099 πλείστην
1265 5046 1326 5082 τε
1376 5031 1509 5101 ὅσην
1558 5033 1836 5086 ποιοῦνται
1882 5035 1982 5105 τὴν

398 5118 735 5186 ἀσφάλειαν,
787 5121 883 5173 καὶ
933 5122 1057 5184 τοὺς
1100 5122 1416 5193 ἀποκείρειν
1478 5123 1758 5188 ἐθέλοντας
1814 5143 1982 5179 κατα-

400 5210 627 5262 πτυοῦσι
659 5211 880 5281 λῃστάς.
910 5214 1018 5265 Καὶ
1044 5213 1112 5266 τὰ
1142 5214 1251 5267 τῶν
1283 5214 1488 5285 θηρίων
1514 5215 1798 5268 ἐλαύνουσι
1828 5217 1978 5287 γένη.

404 5302 565 5366 Ἐθος
589 5305 647 5357 δὲ
673 5306 831 5357 τοῦτο
868 5305 1019 5376 δρᾷν,
1046 5308 1139 5360 καὶ
1181 5311 1293 5373 τοῖς
1324 5310 1432 5362 τῶν
1473 5312 1812 5381 σικυηλάτων
1857 5314 1979 5365 ἐπι-

402 5400 664 5467 τηρηταϊς
695 5397 815 5466 ἦτοι
843 5396 1151 5462 δεσπόταις.
1199 5400 1725 5473 Συγκεκομισμένων
1770 5404 1828 5457 δὲ
1869 5405 1979 5459 τῶν

404 5486 671 5557 βοτρύων,
697 5490 792 5541 καὶ
823 5492 1243 5562 πεπατημένων,
1275 5494 1369 5547 καὶ
1394 5495 1501 5549 τῶν
1531 5499 1589 5550 ἐν
1634 5500 1979 5569 σικυηλάτοις

406 5574 780 5647 ἐξῃρημένων,
808 5579 871 5632 τὸ
915 5579 1022 5634 τῶν
1068 5582 1443 5650 φυλαττόντων
1490 5590 1729 5652 ἐπιεικὲς
1774 5590 1979 5644 ἀνεῖται

485 5758 528 5789 ⁸³
554 5758 712 5815 Hebr.
759 5775 828 5824 γι,
863 5762 912 5815 8.

2086 4575 2276 4628 incolis
2350 4573 2462 4626 suis
2548 4573 2746 4626 nudata
2808 4591 2820 4625 :
2883 4583 2944 4625 et
3027 4573 3102 4626 ita
3202 4572 3653 4639 derelinquetur,

2084 4678 2140 4718 ut
2184 4680 2307 4718 casa
2383 4663 2435 4717 in
2493 4664 2670 4728 vinea,
2711 4672 2768 4717 ut
2816 4664 3087 4733 tugurium
3140 4663 3193 4717 in
3256 4661 3658 4725 cucumerario,

2082 4756 2139 4826 9
2171 4763 2225 4808 et
2259 4765 2316 4807 ut
2368 4756 2500 4809 urbs
2546 4756 2789 4809 obsessa.
2826 4754 2928 4821 Qui
2972 4756 3247 4809 vinearum
3297 4753 3440 4808 enim
3472 4762 3658 4806 custo-

2081 4850 2186 4902 diis
2209 4846 2599 4918 praeﬁciuntur,
2626 4849 2856 4903 racemis
2878 4847 2989 4916 jam
3026 4847 3330 4915 vigentibus
3359 4855 3417 4899 ut
3452 4846 3505 4899 iu
3541 4855 3666 4900 tuto

2083 4957 2146 4994 ac
2175 4956 2367 4995 securo
2395 4942 2522 5005 sint,
2552 4942 2841 5011 plurimum
2878 4941 3215 5003 adnituntur,
3248 4949 3303 4993 et
3338 4937 3490 4992 fures
3516 4978 3531 5002 ,
3565 4938 3659 5007 qui

2083 5035 2377 5102 decerpere
2408 5033 2635 5097 volunt,
2692 5042 2935 5098 terrent,
2967 5042 3020 5086 et
3066 5030 3304 5085 ferarum
3334 5045 3534 5101 genera
3569 5044 3661 5081 ar-

2082 5134 2210 5179 cent
2244 5141 2259 5179 :
2291 5124 2432 5192 quod
2472 5125 2632 5178 etiam
2683 5123 2931 5177 factitare
2964 5125 3015 5176 in
3055 5136 3204 5175 more
3228 5132 3333 5187 est,
3373 5120 3656 5175 excubito-

2086 5217 2257 5279 ribus,
2288 5230 2379 5269 seu
2414 5213 2651 5267 dominis
2694 5212 3213 5265 cucumerariormn.
3245 5207 3500 5264 Racemis
3528 5221 3666 5260 vero

2085 5306 2438 5377 comportatis
2465 5314 2521 5359 et
2549 5302 2796 5366 calcatis,
2817 5311 2873 5357 et
2906 5301 3172 5356 fructibus
3199 5302 3290 5370 qui
3320 5301 3374 5355 in
3404 5313 3659 5354 cucume-

2091 5409 2250 5462 rariis
2281 5416 2406 5462 sunt
2436 5403 2654 5467 ablatis,
2698 5402 2958 5457 sedulitas
3008 5401 3429 5456 custodientium
3474 5399 3527 5451 in
3564 5412 3661 5465 po—

2087 5509 2292 5553 sterum
2342 5498 2655 5565 remittitur,
2686 5506 2740 5551 et
2784 5496 2882 5558 illi,
2910 5494 3023 5549 suis
3057 5493 3273 5547 relectis
3300 5489 3663 5549 umbraculis,

2090 5593 2312 5648 liberam
2350 5591 2681 5658 irrumpeudi
2724 5596 3044 5657 potestatem
3095 5585 3294 5640 iaciunt
3328 5582 3653 5651 quibuscun.
