4094 6366
499 364 570 421 27
1506 366 1563 423 S.
1606 365 1879 423 CYBILLI
1921 366 2390 423 ALEXANDRINI
2429 369 2750 427 ADCHIEP.
3685 374 3767 431 ΞΩ

501 496 648 552 que,
684 480 777 551 qui
830 494 894 537 ea
923 479 1259 552 perlustrare
1305 478 1576 535 voluerint
1606 521 1620 534 .
1659 481 1789 535 Tale
1819 482 2068 550 quiddam

2179 480 2395 535 λοιπόν·
2436 483 2487 535 οἳ
2527 484 2622 536 καὶ
2666 481 2837 547 αὑτὰς
2881 481 3111 553 ἀφέντες
3140 484 3238 549 τὰς
3280 484 3488 541 ἑαυτῶν
3528 489 3759 561 σκηνάς.

500 568 639 625 etin
697 570 895 625 misera
947 568 1079 624 Sion
1116 569 1230 623 ﬁeri
1259 569 1606 638 propheticus
1654 586 1751 624 nos
1779 585 1960 624 sermo
1989 570 2077 623 do-

502 671 606 718 cet.
643 659 779 716 Dum
806 662 950 716 enim
984 662 1159 717 adhuc
1207 661 1417 716 fructus
1453 661 1678 731 iustitia:
1706 662 1953 727 haberet,
1995 676 2081 716 se-

502 778 633 817 cura
675 763 975 817 munitione
997 772 1053 818 et
1080 764 1326 819 custodia
1358 772 1413 817 et
1441 763 1590 818 omni
1622 778 1741 818 eam
1776 764 2079 819 misericor-

502 856 591 908 dia
616 855 870 928 dignatus
910 866 993 910 est
1023 855 1187 909 Deus.
1222 854 1366 909 Dixit
1394 856 1534 910 enim
1577 872 1593 910 :
1641 873 1659 906 ι
1701 855 1810 925 Ego
1842 871 1937 911 ero
1976 856 2075 922 illi,

502 947 579 1000 ait
621 944 910 1011 Dominus,
945 962 1135 1002 murus
1167 946 1304 1017 ignis
1332 946 1725 1001 circumclusus
1750 987 1765 1012 ,
1812 956 1864 1001 et
1902 946 2074 1016 gloria

501 1053 598 1094 ero
634 1040 685 1093 in
719 1040 895 1094 medio
924 1040 1042 1109 ejus
1072 1038 1140 1095 “.
1174 1057 1192 1091 ι
1241 1037 1401 1093 Canit
1452 1039 1615 1093 etiam
1649 1041 1836 1095 beatus
1874 1039 2071 1093 David:

507 1148 526 1181 ι
564 1129 702 1185 Ecce
749 1146 852 1185 non
907 1131 1259 1198 dormitabit,
1295 1145 1397 1186 nec
1424 1131 1676 1193 dormiet,
1709 1131 1803 1202 qui
1840 1133 2078 1186 custodit

500 1220 672 1276 Israel
702 1221 770 1276 ".
811 1240 829 1274 ι
882 1221 1132 1289 Quaudiu
1171 1232 1289 1278 erat
1310 1222 1499 1289 Israel,
1539 1223 1697 1277 vinea
1730 1223 1940 1277 Domini
1970 1223 2073 1278 Sa-

500 1313 687 1380 baoth,
716 1313 1092 1368 obvallabatur
1119 1323 1174 1369 et
1201 1314 1501 1384 sepimento
1517 1315 1677 1385 digna
1703 1314 2069 1385 judicabatur.

502 1406 717 1476 Peperit
764 1417 940 1462 autem
983 1408 1201 1478 spinas,
1240 1408 1549 1478 traditaque
1569 1416 1653 1463 est
1678 1423 1708 1462 a
1745 1410 1853 1463 Deo
1882 1412 2073 1479 oppri-

501 1501 806 1566 tnentibus;
836 1501 1012 1570 inquit
1043 1502 1189 1555 enim
1226 1518 1239 1553 :
1277 1519 1295 1552 ‹
1328 1497 1582 1553 Auferam
1617 1514 1799 1569 sepem
1838 1501 1986 1570 ejus,
2017 1510 2073 1556 et

500 1597 608 1651 erit
635 1596 921 1666 direptioni
958 1614 970 1653 :
1008 1605 1064 1652 et
1091 1597 1336 1652 auferam
1372 1598 1663 1653 maceriam
1696 1600 1846 1669 ejus,
1883 1610 1937 1654 et
1967 1601 2074 1655 erit

500 1687 898 1742 conculcationi
923 1726 939 1752 ,
968 1694 1022 1742 et
1053 1686 1355 1756 relinquam
1391 1686 1605 1741 vineam
1653 1703 1854 1754 meam,
1884 1698 2069 1745 etnon

500 1775 797 1845 potabitur,
849 1791 1024 1845 neque
1063 1774 1300 1831 fodietur
1330 1776 1395 1829 ".
1440 1795 1457 1829 ι
1507 1777 1697 1833 Fuisse
1729 1780 1891 1835 etiam
1924 1781 2068 1835 illam

498 1870 567 1922 ab
602 1883 733 1939 apro
766 1869 1003 1923 silvestri
1040 1868 1444 1938 depopulatam,
1482 1880 1538 1926 et
1586 1873 1654 1926 ab
1687 1874 1840 1928 asino
1869 1874 2072 1944 agresti

498 1960 799 2030 depastam,
826 1962 1205 2030 desertamque
1223 1977 1249 2014 a
1266 1960 1375 2016 Deo
1400 1965 1611 2017 vineam
1637 1980 1700 2018 ac
1733 1965 2070 2031 derelictam,

498 2052 756 2107 Servator
788 2053 944 2108 docet
973 2053 1124 2109 hisce
1166 2054 1345 2108 verbis
1378 2071 1392 2108 :
1441 2074 1459 2106 ι
1493 2055 1818 2121 Jerusalem,
1852 2055 2073 2112 Jerusa-o

497 2144 625 2207 lem,
656 2160 773 2214 quae
801 2145 1006 2200 occidis
1036 2148 1347 2216 prophetas,
1373 2156 1428 2201 et
1464 2147 1673 2218 lapidas
1706 2165 1799 2204 eos
1832 2151 1925 2220 qui
1949 2152 2073 2205 mit-

497 2243 683 2289 tuntur
720 2237 784 2289 ad
814 2245 865 2290 te
896 2257 911 2291 ι
945 2238 1156 2306 quoties
1187 2238 1330 2293 volui
1361 2254 1691 2311 congregare
1734 2241 1874 2296 ﬁlios
1906 2253 2025 2297 tuos
2048 2286 2063 2308 ,

496 2327 946 2394 quemadmodum
984 2329 1179 2398 gallina
1228 2340 1522 2400 congregat
1560 2333 1738 2401 pullos
1795 2349 1923 2389 suos
1968 2334 2072 2390 sub

497 2422 644 2485 alas,
698 2432 752 2480 et
796 2422 1082 2481 noluistis.!
1128 2424 1267 2479 Ecce
1315 2426 1639 2495 relinquitur
1688 2428 1840 2481 vobis
1879 2429 2071 2482 domus

496 2524 675 2568 vestra
707 2514 919 2567 deserta
946 2514 1011 2567 ¹⁷.
1047 2533 1065 2566 ι
1104 2514 1443 2569 Exclamavit
1470 2526 1523 2569 et
1548 2516 1653 2571 hoc
1682 2527 1808 2572 ante
1838 2533 1933 2587 per
1975 2534 2071 2573 vo-

496 2618 611 2658 cem
641 2605 937 2674 prophetae,
961 2606 1144 2661 dicens
1179 2626 1193 2661 :
1230 2626 1248 2658 ι
1288 2606 1563 2676 Dereliqni
1604 2608 1824 2664 domum
1856 2625 2029 2664 meam
2052 2652 2069 2679 ,

494 2695 672 2750 dimisi
699 2697 1059 2751 liaareditatem
1090 2712 1286 2762 meam,
1307 2698 1426 2753 dedi
1459 2699 1716 2754 dilectam
1756 2702 1992 2756 animam
2016 2704 2068 2757 in

496 2802 687 2842 manus
708 2787 1048 2842 inimicorum
1084 2804 1325 2843 suorum.
1355 2789 1519 2843 Facta
1538 2802 1619 2845 est
1636 2791 1927 2848 hmreditas
1949 2810 2065 2849 mea

495 2880 650 2944 mihi,
683 2890 740 2933 ut
772 2881 856 2934 leo
886 2881 937 2934 in
968 2881 1101 2935 silva
1124 2899 1139 2947 ;
1162 2882 1330 2935 edidit
1351 2893 1537 2936 contra
1566 2899 1650 2937 me
1679 2898 1865 2937 vocem
1891 2900 2069 2950 suam,

494 2981 776 3039 propterea
799 2971 886 3025 odi
916 2988 1032 3026 eam
1064 2973 1126 3027 ’⁸.
1165 2992 1184 3025 ι
1219 2971 1485 3041 Iosephus
1518 2976 1645 3028 item
1677 2976 1919 3031 .lndaicaz
1955 2986 2068 3033 ter-

494 3079 568 3118 ra:
596 3062 731 3117 mala
773 3065 975 3131 tragice
1017 3064 1355 3132 ampliﬁcatis
1376 3106 1391 3130 ,
1444 3082 1564 3120 cum
1594 3068 1707 3137 jam
1744 3070 1795 3122 in
1823 3072 2070 3138 proximo

494 3165 611 3209 erat
654 3165 709 3209 ut
757 3166 1043 3226 caperetur
1087 3154 1419 3224 Jerusalem,
1476 3170 1863 3216 commemorat
1912 3164 2068 3217 audi-
2095 3174 2142 3236 ο

494 3249 639 3303 visse
664 3248 717 3303 in
751 3250 950 3315 templo
985 3264 1172 3304 vocem
1206 3252 1543 3316 sacerdotes,
1571 3253 1716 3306 velut
1755 3255 2069 3324 angelorum

494 3340 549 3394 in
579 3354 643 3394 eo
669 3339 1014 3394 clamantium
1046 3360 1059 3395 :
1098 3341 1202 3411 ιο
1222 3340 1509 3411 Migremus
1528 3343 1674 3398 hinc.
1694 3342 1923 3401 Obsessa
1941 3361 2069 3402 vero

495 3433 647 3497 urbe,
676 3435 889 3486 modum
936 3433 1117 3510 eﬂ'ugii
1160 3436 1226 3489 ab
1256 3438 1509 3491 omnibus
1556 3439 1645 3507 qui
1704 3439 1757 3492 in
1791 3454 1851 3494 ea
1884 3450 2066 3505 erant,

492 3526 773 3591 qntesitum
827 3526 993 3583 fuisse
1020 3569 1034 3593 ,
1071 3530 1160 3597 qui
1192 3529 1413 3584 dubium
1447 3532 1497 3584 id
1530 3534 1787 3600 quiddam
1813 3548 1938 3588 esse
1973 3549 2067 3603 po-

494 3616 643 3693 test?
678 3616 811 3673 llinc
842 3618 1111 3686 conjicere
1165 3620 1325 3684 licet,
1380 3638 1500 3691 qua:
1542 3623 1782 3679 Judaica:
1824 3628 2067 3697 regionis

492 3706 629 3760 mala
667 3706 887 3763 iuerint.
929 3709 1062 3763 Nam
1096 3713 1339 3767 obsessis
1377 3722 1457 3767 ter
1484 3715 1722 3784 optabile
1756 3717 2064 3786 videbatur,

492 3792 575 3845 vel
625 3794 787 3847 vitam
821 3810 1148 3852 conservare
1178 3817 1193 3854 :
1226 3800 1289 3854 de
1312 3800 1468 3854 domo
1501 3814 1678 3857 autem
1709 3814 1764 3860 et
1786 3806 2063 3862 facultati-

492 3885 612 3949 bus,
641 3885 723 3940 vel
753 3887 913 3940 etiam
956 3888 1023 3941 de
1068 3890 1285 3944 civitate
1339 3892 1482 3945 nulla
1522 3894 1626 3949 illis
1672 3897 1894 3951 omnino
1935 3915 2064 3954 cura

491 3986 630 4029 erat.
671 3976 958 4031 Sciendum
991 3991 1248 4048 praeterea
1281 3982 1516 4040 hominis
1561 3988 1795 4041 animam
1830 3990 2064 4045 derelin—

489 4069 580 4135 qui
614 4081 643 4120 a
677 4066 786 4123 Deo
818 4070 1161 4126 multifariam
1189 4094 1199 4128 :
1235 4075 1335 4131 nisi
1375 4079 1688 4149 praescripta
1715 4092 1859 4137 recte
1896 4098 2062 4137 exse-

489 4169 707 4229 quatur,
736 4170 791 4215 et
818 4161 1025 4216 Domini
1063 4167 1296 4221 oraculis
1327 4172 1597 4225 cervicem
1620 4173 1931 4239 submittat,
1952 4178 2065 4245 pie-

491 4249 720 4319 tatisque
744 4252 949 4307 fructus
976 4257 1167 4323 pariat.
1200 4256 1456 4329 [gEtenim
1484 4263 1528 4314 si
1558 4264 1681 4332 quis
1714 4276 1958 4321 nostrum
1989 4270 2056 4323 ab

490 4342 645 4397 initio
670 4344 869 4412 probus
906 4346 1086 4411 fuerit,
1120 4347 1138 4419 ]
1170 4350 1213 4402 si
1250 4363 1592 4420 nuncupatus
1624 4355 1767 4412 [ilius
1816 4368 1908 4412 aut
1954 4362 2059 4414 {ilia

489 4432 605 4498 Dei,
638 4434 680 4487 si
714 4435 877 4489 etiam
910 4436 1063 4503 Sion,
1096 4439 1196 4493 hoc
1219 4450 1297 4495 est
1324 4480 1339 4504 ,
1396 4445 1611 4512 specula
1643 4449 1933 4514 exstiterit,
1972 4453 2057 4505 ni-

489 4523 682 4578 mirum
713 4527 893 4579 animo
918 4528 1131 4584 excelso
1154 4541 1207 4584 et
1244 4541 1423 4586 mente
1463 4537 1772 4603 purissima,
1799 4544 2058 4611 mysteria

486 4613 727 4670 intuente
760 4631 823 4672 ac
852 4620 1227 4676 c0nsiderante
1264 4642 1277 4677 :
1320 4625 1363 4678 si
1398 4640 1525 4679 vero
1575 4628 1791 4694 deinde,
1825 4648 1946 4699 qua:
1982 4634 2061 4689 fas

486 4720 591 4760 non
636 4719 721 4763 est
764 4722 1108 4779 perpetrare,
1141 4725 1195 4767 et
1232 4726 1476 4771 sanctum
1522 4719 1685 4774 lsrael
1729 4726 2060 4781 exacerbare

484 4799 846 4869 conspiciatur
888 4819 900 4854 :
963 4808 1028 4858 ab
1058 4805 1174 4874 ipso
1198 4808 1498 4874 deseretur,
1532 4828 1596 4866 ac
1627 4814 1774 4867 velut
1816 4816 2058 4873 incusto-

486 4889 597 4942 dita
652 4891 811 4945 vinea
842 4895 1099 4962 prodetur
1138 4897 1386 4967 Satanaz,
1419 4913 1469 4956 et
1527 4905 1708 4960 carnis
1739 4904 2018 4964 aﬂ’ectibus
2042 4951 2056 4975 ,

483 4982 734 5049 omnique
770 4985 969 5040 virtute
1016 5002 1238 5052 vacuus,
1292 4994 1675 5065 prmclarisque
1727 4999 1848 5051 vitze
1902 4999 2060 5053 insti-

484 5071 696 5124 tuendae
721 5087 784 5127 ac
811 5082 1241 5136 conversationis
1261 5084 1544 5140 decoribus
1571 5088 1768 5154 nudus,
1797 5090 2053 5145 onmibus

480 5172 709 5216 OllllSlllS
736 5168 889 5220 malis
912 5170 1194 5229 etlicietur.

2181 574 2473 645 ἐλευθέραν
2522 578 2635 640 τοῖς
2687 575 2929 631 ἐθέλουσι
2981 578 3442 651 περιεργάζεσθαι
3487 579 3556 635 τὰ
3594 582 3757 638 λοιπὰ

2183 668 2459 723 ποιοῦνται
2490 670 2590 741 τὴν
2622 670 2892 740 εἰσϐολήν.
2924 672 3246 743 Πεπράχθαι
3296 691 3349 728 τι
3394 674 3637 728 τοιοῦτον
3660 677 3757 729 καὶ

2178 760 2272 814 ἐπὶ
2297 762 2362 831 τῇ
2392 760 2722 831 ταλαιπώρῳ
2750 760 2891 815 Σιὼν
2914 762 2942 814 ὁ
2972 763 3308 833 προφητικδς
3343 765 3489 834 ἡμᾶς
3514 764 3755 820 διδάσκει

2178 851 2357 921 λόγος.
2398 854 2515 907 Ἔτι
2568 852 2668 923 μὲν
2696 852 2804 924 γὰρ
2834 851 2961 917 τοὺς
3006 853 3107 923 τῆς
3150 853 3493 926 δικαιοσύνης
3523 855 3755 927 ἔχουσαν

2178 943 2443 1014 καρποὺς,
2484 943 2787 1012 ἀσφαλείας
2834 960 2892 996 τε
2927 943 3027 997 καὶ
3065 944 3462 1016 Μραφυλακῆς
3496 947 3591 999 καὶ
3632 964 3754 1017 φει-

2176 1034 2298 1096 δοῦς
2333 1036 2551 1106 ἁπάσης
2579 1034 2732 1105 ἠξίου
2765 1035 2916 1099 Θεός.
2962 1037 3105 1106 Ἔφη
3161 1036 3271 1106 γὰρ
3308 1037 3390 1089 ὅτι
3459 1056 3478 1089 ι
3518 1039 3753 1109 Ἔσομαι

2176 1127 2336 1197 αὐτῇ,
2367 1126 2513 1195 λέγει
2544 1127 2768 1198 Κύριος,
2811 1130 2988 1198 τεῖχος
3018 1127 3188 1200 πυρὸς
3212 1128 3509 1193 κύκλωθεν,
3549 1131 3644 1185 καὶ
3673 1132 3753 1195 είς

2173 1218 2332 1284 δόξαν
2371 1218 2563 1289 ἔσομαι
2593 1222 2650 1271 ἐν
2686 1220 2834 1290 μέσῳ
2867 1220 3056 1289 αὐτῆς.
3119 1239 3137 1273 ο
3184 1220 3391 1274 Ψάλλει
3435 1221 3545 1291 γὰρ
3588 1220 3683 1274 καὶ
3724 1223 3754 1275 ὁ

2178 1313 2446 1383 μακάριος
2474 1312 2666 1365 Δασίδ’
2707 1330 2726 1363 ι
2776 1313 2907 1366 Ἰδοὺ
2957 1314 3018 1365 οὐ
3046 1313 3324 1379 νυστάξει,
3361 1313 3483 1367 οὐδὲ
3514 1314 3752 1367 ὑπνὼσει

2173 1405 2201 1457 ὁ
2227 1402 2514 1471 φυλάσσων
2544 1403 2633 1456 τὸν
2671 1404 2909 1474 Ἰσραήλ.
2950 1423 2967 1455 ι
3018 1405 3235 1476 Ἐπειδὴ
3284 1405 3341 1458 δὲ
3369 1406 3546 1459 καίτοι
3590 1423 3751 1475 γεγο-

2173 1495 2279 1557 νὼς
2308 1498 2336 1550 ὁ
2379 1496 2612 1567 Ἰσραὴλ,
2654 1496 2911 1565 ἀμπελὼν
2953 1498 3159 1569 Κυρίου
3210 1497 3459 1563 Σαϐαὼθ,
3509 1500 3752 1571 κεχαρά-

2175 1605 2349 1642 κωται
2383 1588 2479 1659 μὲν
2504 1590 2597 1641 καὶ
2619 1588 2821 1660 ἠξιώθη
2856 1588 3133 1659 φραγμοῦ.
3163 1589 3362 1643 Τέτοκε
3386 1590 3443 1643 δὲ
3482 1591 3747 1657 ἀκάνθας,

2174 1681 2267 1733 καὶ
2289 1678 2495 1732 δέδοται
2522 1680 2671 1751 παρὰ
2695 1680 2830 1733 Θεοῦ
2859 1684 2971 1744 τοῖς
2999 1681 3203 1734 ἀδικεῖν
3234 1681 3498 1744 εἰωθόσιν,
3530 1700 3550 1733 ι
3602 1681 3745 1736 Καθ-

2174 1769 2282 1823 ελῶ
2318 1771 2447 1842 γὰρ,
2497 1772 2649 1842 φησὶ,
2705 1772 2795 1825 τὸν
2838 1773 3090 1842 φραγμὸν
3136 1773 3320 1839 αὑτοῦ,
3355 1774 3447 1828 καὶ
3488 1774 3639 1828 ἔσται
3671 1778 3752 1840 εἰς

2171 1862 2498 1935 διαρπαγὴν,
2536 1864 2629 1917 καὶ
2659 1863 2872 1917 καθελῶ
2903 1864 2994 1917 τὸν
3036 1866 3215 1934 τοῖχον
3243 1864 3429 1929 αὐτοῦ,
3464 1867 3559 1919 καὶ
3596 1865 3749 1921 ἔσται

2172 1957 2251 2019 είς
2281 1956 2676 2026 καταπάτημα,
2706 1957 2799 2010 καὶ
2829 1957 3015 2027 ἀνήσω
3043 1956 3133 2009 τὸν
3179 1958 3476 2026 άμπελῶνά
3504 1976 3626 2027 μου,
3655 1958 3750 2011 καὶ

2171 2047 2231 2101 οὐ
2306 2048 2381 2118 μὴ
2429 2047 2634 2118 τμηθῇ,
2699 2048 2820 2101 οὐδὲ
2872 2050 2947 2118 μὴ
2996 2052 3199 2119 σκαφῇ.
3254 2064 3275 2099 ι
3327 2050 3612 2122 Τοιγάρτοι
3654 2050 3749 2102 καὶ

2172 2141 2474 2211 ἐλυμήνατο
2546 2141 2714 2210 αὐτὴν
2757 2140 2969 2211 κάπρος
3039 2142 3104 2193 ἐκ
3169 2140 3396 2212 δρυμοῦ,
3471 2143 3566 2195 καὶ
3629 2142 3745 2206 ὄνος

2171 2230 2361 2300 ἄγριος
2384 2247 2574 2282 κατενε
2583 2230 2793 2301 μήσατο
2817 2229 3008 2300 αὐτὴν,
3048 2231 3130 2283 ὅτι
3159 2230 3215 2284 δὲ
3238 2231 3409 2301 ἀνῆκε
3452 2233 3544 2285 τὸν
3570 2234 3750 2304 ἀμπε-

2171 2320 2317 2375 λῶνα
2336 2321 2490 2385 Θεὸς,
2520 2323 2615 2375 καὶ
2641 2322 3131 2391 ἐγκαταλέλειπται
3158 2323 3292 2394 παρ’
3314 2323 3479 2376 αὑτοῦ
3508 2324 3748 2379 διδάσκει

2169 2411 2346 2481 λέγων
2391 2415 2419 2465 ὁ
2473 2414 2705 2484 Σωτήρ·
2752 2431 2771 2464 ι
2833 2413 3208 2483 Ἰερουσαλὴμ,
3276 2414 3647 2486 Ἰερουσαλὴμ,
3712 2419 3747 2489 ἡ

2170 2501 2542 2556 ἁποκτενοῦσα
2580 2503 2705 2565 τοὺς
2749 2505 3051 2573 προφήτας.
3084 2504 3178 2556 καὶ
3227 2504 3576 2559 λιθοϐολοῦσα
3621 2508 3748 2571 τοὺς

2170 2594 2612 2664 ἀπεσταλμένους
2644 2596 2778 2666 πρὸς
2823 2596 3013 2665 αὐτὴν,
3062 2597 3294 2659 ποσάκις
3342 2597 3583 2669 ἠθέλησα
3626 2602 3745 2653 em-

2172 2690 2497 2754 συναγαγεῖν
2516 2685 2585 2739 τά
2605 2686 2771 2740 τέκνα
2801 2703 2912 2751 σου,
2944 2687 3003 2739 ὃν
3038 2689 3237 2758 τρόπον
3258 2690 3574 2759 ἐπισυνάγει
3598 2691 3748 2760 ὅρνις

2169 2777 2238 2832 τά
2282 2778 2468 2831 νοσσία
2495 2777 2665 2847 αὐτῆς
2691 2777 2796 2829 ὑπὸ
2822 2776 2920 2840 τὰς
2950 2779 3244 2849 πτέρυγας,
3293 2779 3388 2831 καὶ
3418 2781 3517 2832 οὐκ
3553 2780 3747 2851 ἠθελή-

2172 2886 2340 2924 σατε·
2402 2869 2510 2923 ἰδοὺ
2560 2870 2779 2938 ἀφίεται
2837 2870 2963 2939 ὑμῖν
3015 2872 3043 2923 ὁ
3073 2865 3221 2933 οἶκος
3271 2871 3423 2942 ὑμῶν
3456 2872 3676 2943 ἕρημος.
3720 2892 3741 2926 ι

2170 2959 2655 3031 Προανακεκράγει
2707 2959 2763 3011 δὲ
2810 2958 2969 3012 τοῦτο
3020 2962 3111 3013 καὶ
3142 2960 3230 3013 διὰ
3259 2964 3440 3031 φωνῆς
3468 2965 3747 3033 προφήτου

2170 3051 2380 3119 λέγων’
2432 3051 2894 3119 Ἐγκαταλέλοιπα
2942 3051 3033 3104 τὸν
3065 3047 3212 3104 οἶκόν
3246 3070 3369 3122 μου,
3411 3054 3596 3124 ἀφῆκα
3647 3054 3747 3125 τὴν

2172 3143 2541 3214 κληρονομίαν
2586 3159 2707 3212 μου.
2757 3143 2977 3196 Δέδωκα
3020 3144 3119 3213 τὴν
3165 3144 3527 3214 ἠγαπημένην
3570 3145 3746 3216 ψυχὴν

2175 3252 2275 3305 μου
2307 3236 2387 3298 εἰς
2426 3238 2613 3305 χεῖρας
2642 3233 2852 3303 ἐχθρῶν
2890 3234 3077 3304 αὐτῆς.
3127 3233 3387 3304 Ἑγενήθη
3426 3238 3458 3305 ἡ
3492 3235 3747 3305 κληρονο-

2174 3327 2271 3397 μία
2303 3342 2404 3396 μου
2444 3325 2587 3394 ἐμοὶ,
2620 3323 2695 3386 ὡς
2742 3323 2879 3375 λέων
2927 3324 2986 3374 ὲν
3029 3322 3241 3393 δρυμῷ,
3276 3323 3503 3375 δέδωκεν
3530 3324 3617 3375 ἐπ’
3646 3324 3747 3393 ἐμὲ

2171 3418 2356 3487 φωνὴν
2388 3416 2578 3485 αὐτῆς,
2623 3414 2711 3467 διὰ
2782 3412 2941 3467 τοῦτο
2988 3415 3227 3483 ἐμίσησα
3264 3415 3451 3484 αὐτήν.
3492 3433 3509 3465 ι
3553 3415 3748 3484 Διαμέ-

2174 3524 2373 3579 μνηται
2418 3506 2477 3559 δέ
2524 3523 2627 3559 που
2695 3505 2975 3575 Ἰώσηπος,
3025 3508 3052 3558 ὁ
3084 3506 3152 3558 τὰ
3183 3507 3279 3572 τῆς
3335 3506 3599 3559 Ἰουδαίων
3643 3507 3746 3574 γῆς

2172 3599 2597 3671 ὲκτραγῳδήσας
2646 3598 2818 3669 πάθη.
2874 3599 2998 3651 "Ott
3051 3598 3347 3669 μελλούσης
3400 3599 3602 3652 ἁλῶναι
3645 3599 3747 3667 τῆς

2182 3690 2558 3763 Ἰερουσαλὴμ,
2591 3691 2786 3760 ἤκουον
2814 3692 2863 3743 οἱ
2898 3692 3062 3759 ἱερεῖς
3089 3690 3145 3742 ὲν
3172 3690 3250 3757 τῷ
3296 3689 3409 3758 ναῷ
3438 3690 3639 3760 φωνῆς,
3670 3689 3745 3752 ὡς

2167 3780 2277 3832 τῶν
2315 3781 2373 3832 ὲν
2416 3781 2563 3849 αὐτῷ
2597 3779 2842 3850 βοώντων
2887 3780 3153 3848 ἀγγέλων,
3205 3780 3633 3849 Μεταόαίνωμεν
3661 3782 3747 3831 ὲν-

2167 3872 2379 3927 τεῦθεν.
2433 3873 2554 3925 ’Ότι
2622 3871 2678 3925 δὲ
2745 3869 2951 3935 πόλεως
3020 3871 3502 3942 πολιορκουμένης,
3566 3870 3744 3939 φυγῆς

2169 3964 2320 4035 παρὰ
2375 3964 2595 4017 πάντων
2642 3965 2885 4035 ζητεῖται
2912 3963 3111 4036 τρόπος
3162 3964 3271 4016 τῶν
3326 3966 3383 4016 ὲν
3436 3964 3595 4033 αὐτῇ,
3627 3962 3746 4025 πῶς

2167 4057 2313 4110 ἐστιν
2344 4056 2711 4127 άμφιὸαλεῖν;
2766 4056 3015 4109 ἐντεῦθέν
3070 4057 3186 4107 ἐστι
3225 4055 3293 4107 τὰ
3325 4055 3425 4124 τῆς
3472 4054 3741 4107 Ἰουδαίων

2169 4145 2352 4216 χώρας
2391 4144 2878 4215 διατεκμαίρεσθαι
2920 4144 3088 4214 πάθη.
3127 4143 3464 4213 Τριπὸθητον
3494 4141 3601 4211 γὰρ
3628 4144 3745 4205 τοῖς

2166 4238 2641 4309 πολιορκουμένοις
2677 4238 3033 4306 κατεφαίνετο
3060 4236 3155 4289 καὶ
3183 4236 3242 4289 τὸ
3272 4235 3440 4305 μόνην
3481 4233 3741 4287 δύνασθαι

2163 4330 2424 4384 διασῶσαι
2447 4330 2646 4401 ψυχήν.
2679 4329 2842 4382 Οῖκου
2871 4327 2926 4381 δὲ
2965 4328 3058 4381 καὶ
3093 4326 3405 4398 περιουσίας
3440 4327 3472 4396 ἢ
3508 4326 3601 4378 καὶ
3641 4325 3743 4393 τῆς

2165 4422 2373 4484 πόλεως
2435 4422 2605 4491 αὐτῆς
2659 4420 2831 4481 οὐδεὶς
2887 4413 2953 4487 ἦν
3005 4418 3185 4479 αὐτοῖς
3238 4416 3517 4477 παντελῶς
3562 4414 3741 4482 λόγος.

2093 4503 2140 4563 D
2178 4513 2372 4566 ’ἰστέον
2401 4512 2458 4565 δὲ
2485 4512 2568 4564 ὄτι
2598 4511 2691 4564 καὶ
2713 4509 2809 4579 τὴν
2834 4508 2927 4561 τοῦ
2963 4507 3249 4577 ἀνθρώπου
3278 4507 3454 4575 ψυχὴν
3488 4507 3738 4573 ἐγκατα-

2166 4603 2449 4656 λείπεσθαι
2502 4601 2649 4672 παρὰ
2697 4598 2831 4651 Θεοῦ
2886 4597 3172 4667 συμϐαίνει
3234 4596 3509 4658 πολλάκις,
3559 4596 3607 4646 εἰ
3666 4594 3741 4664 μὴ

2165 4695 2337 4747 ἕλοιτο
2387 4693 2632 4763 διορθοῦν
2682 4690 2748 4743 τὰ
2796 4689 3226 4759 διατεταγμένα,
3273 4688 3366 4741 καὶ
3402 4686 3740 4749 δεσποτικοίς

2166 4787 2531 4855 θεσπίσμασιν
2563 4782 2912 4851 ὑποφέρουσα
2944 4780 3033 4833 τὸν
3085 4780 3307 4849 αὐχένα,
3353 4778 3479 4839 τοὺς
3526 4776 3624 4843 τῆς
3657 4777 3740 4837 εἰς

2164 4880 2327 4932 αὐτὸν
2370 4876 2650 4939 εὐσεϐείας
2685 4875 2965 4927 ἀποτίκτει
3014 4870 3281 4942 καρπούς.
3318 4870 3379 4921 Ei
3412 4869 3503 4921 καὶ
3532 4885 3737 4937 κεκρη-

2169 4972 2392 5038 μάτικεν
2425 4969 2538 5032 υἱὸς
2586 4968 2617 5036 ἢ
2669 4968 2911 5037 θυγάτηρ
2947 4964 3103 5024 Θεοῦ,
3138 4965 3186 5015 εί
3222 4963 3315 5015 καὶ
3353 4961 3541 5028 γέγονε
3578 4958 3737 5021 Σιὼν,

2162 5064 2191 5115 ὅ
2230 5064 2345 5114 ἐστι
2380 5060 2792 5127 σκοπευτήριον,
2825 5057 2969 5109 τοῦτ’
3023 5056 3168 5108 ἔστιν
3212 5055 3270 5105 ἐν
3315 5052 3491 5122 ὑψηλῇ
3535 5050 3738 5120 διανοίᾳ

2168 5156 2264 5210 καὶ
2292 5153 2368 5224 νῷ
2399 5151 2769 5223 καθαρωτάτῳ
2798 5151 2892 5203 καὶ
2917 5150 3048 5220 ὁρᾷν
3077 5148 3239 5200 εἰδότι
3271 5148 3563 5217 μυστήρια.
3610 5138 3737 5194 Εἶτα

479 5250 643 5346 δρῶν,
681 5253 717 5306 ἂ
769 5256 842 5327 μὴ
878 5257 1033 5329 θέμις
1067 5264 1418 5335 παροτρύνων
1444 5265 1614 5336 ὁρῷτο
1640 5268 1730 5321 τὸν
1763 5269 1916 5337 ἅγιον
1949 5275 2043 5327 τοῦ
2081 5273 2319 5346 Ἰσραὴλ,
2365 5264 2922 5336 ὲγκαταλειφθήσεται
2966 5260 3096 5331 παρ’
3170 5258 3357 5324 αὑτοῦ,
3410 5259 3505 5312 καὶ
3526 5250 3616 5310 οἷά
3652 5272 3735 5346 τις

482 5342 827 5415 ἀφρούρητος
872 5349 1133 5420 άμπελὼν
1179 5354 1525 5425 ὲκδοθήσεται
1572 5357 1648 5427 τῷ
1678 5360 1913 5431 Σατανᾷ,
1960 5364 2055 5416 καὶ
2090 5342 2202 5426 soi;
2258 5342 2459 5415 πάθεσι
2497 5357 2596 5426 τῆς
2645 5353 2866 5423 σαρκὸς,
2907 5352 3110 5422 ἔρημός
3155 5368 3214 5403 τε
3253 5349 3470 5421 ἀπάσης
3536 5345 3734 5417 ἀρετῆς

482 5434 943 5508 ἁναδειχθήσεται,
978 5445 1072 5495 καὶ
1136 5446 1335 5515 γυμνὸς
1404 5448 1734 5519 αὐχημάτων
1771 5453 1881 5506 τῶν
1908 5457 1972 5508 ὲκ
2001 5457 2269 5518 πολιτείας
2295 5450 2524 5521 ἀγαθῆς,
2561 5448 2655 5501 καὶ
2684 5449 2882 5509 παντὸς
2912 5444 3193 5506 ἀνάπλεως
3223 5442 3415 5497 κακοῦ·

559 5530 723 5586 VEns.
750 5532 804 5585 9.
841 5533 908 5587 Et
942 5538 1042 5590 nisi
1075 5538 1327 5595 Dominus
1358 5542 1589 5598 Sabaoth
1632 5548 1922 5617 reliquisset
1959 5569 2050 5603 n0-

564 5796 793 5855 "Zaclt.
826 5814 885 5865 ll,
1079 5803 1118 5832 ’⁵
1148 5801 1287 5857 Psal.
1332 5820 1458 5870 cu,
1492 5807 1544 5859 ἵνα

2228 5547 2336 5603 Καὶ
2375 5549 2426 5600 εὶ
2467 5545 2553 5614 μὴ
2600 5543 2817 5612 Κύριος
2848 5541 3088 5595 Σαϐαὼθ
3125 5539 3548 5609 ἐγκατέλειπεν
3589 5532 3734 5604 ἡμῖν

1626 5808 1665 5838 ⁸⁸
1703 5807 1802 5862 lea.
1833 5826 1882 5875 ν,
1912 5810 1942 5863 6
2042 5809 2068 5842 ¹’

2177 5810 2307 5865 atth.
2372 5826 2525 5875 χχιιι,
2580 5808 2789 5875 37,38.
2868 5807 2910 5837 ’⁸
2968 5812 3169 5864 ,ιρι-ειη.
3223 5821 3319 5873 xu,
3384 5804 3523 5872 7,8.
