4094 6366
328 363 410 419 ιο
1505 359 1572 414 ΙΝ
1612 358 1850 415 ISAIAM
1890 356 1907 412 I

2011 401 2018 413 .
2065 358 2108 414 I.
2151 356 2357 414 OIlA'I'.
2398 354 2441 416 1.
3513 346 3585 400 δθδ

330 481 596 552 σπέρμα,
624 481 705 547 ὡς
741 482 975 551 Σόδομα
1007 481 1085 537 ἂν
1121 484 1505 555 ἐγενήθημεν,
1535 486 1633 539 καὶ
1668 486 1748 551 ὡς
1794 485 1903 538 Γο-

2034 483 2113 537 bis
2134 499 2329 546 semen,
2378 496 2606 537 essemus
2631 488 2687 535 stt
2725 476 2994 543 Sodoma,
3037 489 3085 535 et
3115 479 3266 550 quasi
3294 478 3588 537 Concrrite

323 575 522 643 μόρῤα
551 573 632 628 ἂν
657 575 1052 644 ὡμοιώθημεν.

404 664 907 737 Καταπρησθείσης
933 667 1030 736 τῆς
1056 665 1241 738 χώρας
1283 666 1455 723 διάτοι
1502 667 1603 740 τὴν
1646 671 1727 731 εἰς
1772 670 1908 738 Χρι-

334 757 461 810 στὸν
508 755 787 822 ἀσέϐειαν,
839 756 1108 811 σέσωσται
1163 758 1256 812 καὶ
1288 759 1430 813 οὕτω
1469 760 1531 813 τὸ
1561 760 1909 831 κατάλειμμα

331 848 429 901 τοῦ
500 846 739 919 Ἰσραὴλ,
784 846 919 901 Θεοῦ
966 850 1452 921 κατοικτείροντος,
1506 851 1602 904 καὶ
1646 853 1766 914 ταῖς
1804 850 1912 903 τῶν

330 941 589 1011 πατέρων
624 942 867 1012 μνήμαις
899 941 1068 1013 δῶρον
1097 943 1349 1014 καθάπερ
1387 961 1440 997 τι
1468 944 1563 997 καὶ⁵
1594 943 1751 997 τοῦτο
1776 943 1914 1014 μετὰ

328 1031 441 1083 τῶν
471 1031 650 1085 ἄλλων
671 1031 947 1103 ἐξαίρετον
977 1032 1362 1103 ἀπονέμοντος.
1396 1034 1470 1086 Οὐ
1500 1033 1608 1104 γὰρ
1636 1032 1913 1085 ἀπόλωλεν

330 1123 665 1194 ὀλοτρόπως,
700 1122 823 1176 οὔτε
858 1124 964 1193 μὴν
1000 1123 1059 1189 ἐξ
1108 1124 1287 1177 αὐτῶν
1314 1124 1638 1193 κατεσείσθη
1673 1124 1910 1195 βάθρων,

330 1214 468 1267 ἀλλὰ
500 1214 811 1284 μεμένηκεν
840 1216 898 1267 ἐν
926 1215 1216 1285 λειψάνοις.
1252 1211 1433 1269 ’Ἦσαν
1474 1217 1582 1285 γὰρ
1627 1216 1687 1281 ἐξ
1734 1216 1913 1269 αὐτῶν

331 1304 427 1357 καὶ
473 1306 524 1357 oi
555 1304 829 1357 θεσπέσιον.
881 1304 1139 1374 μαθηταὶ,
1185 1307 1278 1358 καὶ
1316 1307 1423 1377 μὴν
1463 1306 1555 1359 καὶ
1602 1307 1716 1359 ὅσοι
1752 1323 1915 1359 πεπι-

332 1396 628 1451 στεύκασιν
657 1398 737 1461 εἰς
764 1398 853 1451 τὸν
886 1397 1088 1468 Κύριον
1120 1398 1276 1468 ήμῶν
1311 1399 1517 1468 Ἰησοῦν
1538 1400 1630 1452 τὸν
1656 1398 1911 1469 Χριστόν.

330 1489 715 1560 κληθήσονται
740 1488 799 1542 δὲ
844 1489 939 1543 καὶ
967 1491 1025 1543 ἐν
1052 1489 1303 1560 ἐσχάτοις
1330 1490 1424 1543 τοῦ
1454 1491 1649 1553 αἰῶνος
1678 1493 1911 1560 καιροῖς,

333 1581 431 1633 καὶ
457 1581 508 1633 oi
542 1581 710 1650 μήπω
738 1578 1151 1643 πιστεύσαντες.
1186 1582 1297 1633 Καὶ
1325 1583 1459 1650 πρός
1490 1598 1552 1648 γε
1583 1580 1739 1633 τοῦτο
1767 1581 1913 1650 ἡμᾶς

337 1669 671 1724 πιστώσεται
730 1670 888 1739 λόγος
949 1672 1304 1742 προφητικός.
1368 1673 1532 1741 Λέγει
1588 1672 1645 1725 δὲ
1705 1672 1909 1736 οὕτως·

339 1780 358 1812 s
404 1762 526 1815 Ἔτι
570 1762 773 1826 πολλὰς
819 1764 1033 1834 ἡμέρας
1078 1764 1405 1835 καθήσονται
1439 1766 1487 1817 οἱ
1528 1766 1634 1818 υἱοὶ
1677 1766 1911 1837 Ἰσραὴλ,

329 1855 432 1906 ούκ
464 1853 618 1916 ὄντος
652 1854 915 1922 βασιλέως
942 1854 1067 1907 οὐδὲ
1106 1856 1256 1919 ὄντος
1285 1857 1567 1926 ἄρχοντος,
1606 1858 1707 1910 οὐκ
1750 1857 1916 1926 οὔσης

331 1945 546 2006 θυσίας,
602 1945 722 1997 οὐδὲ
777 1945 930 2008 ὄντος
990 1945 1395 2018 θυσιαστηρίου,
1457 1947 1579 2001 οὕτε
1639 1950 1915 2018 ἱερατείας

327 2037 454 2090 οὔτε
512 2037 708 2107 δήλων.
791 2038 902 2090 Καὶ
965 2040 1100 2109 μετὰ
1147 2040 1321 2094 ταῦτα
1388 2040 1805 2112 ἐπιστρέφουσιν
1864 2043 1914 2094 oi

329 2131 440 2182 olei
498 2131 734 2203 Ἰσραήλ,
809 2132 903 2184 καὶ
944 2132 1331 2202 ἐπιζητήσουσι
1396 2132 1599 2203 Κύριον
1650 2134 1740 2185 τὸν
1785 2132 1917 2186 Θεὸν

327 2220 514 2276 αὐτῶν
569 2224 662 2276 καὶ
716 2224 879 2277 Δαῦὶδ
922 2224 1015 2278 τὸν
1103 2224 1326 2294 βασιλέα
1371 2225 1581 2280 αὐτῶν.
1657 2226 1766 2277 Καὶ
1823 2228 1915 2278 ἑκ-

331 2315 624 2385 στήσονται
682 2316 775 2368 ἐπὶ
828 2316 905 2386 τῷ
952 2317 1162 2387 Κυρίῳ,
1216 2318 1310 2369 καὶ
1373 2317 1464 2373 ἐπὶ
1524 2319 1637 2380 τοῖς
1691 2317 1915 2383 ἀγαθοῖς

330 2400 503 2454 αὑτοῦ
529 2402 621 2453 ἐπ’
652 2404 880 2474 ἐσχάτου
906 2404 1014 2456 τῶν
1053 2406 1296 2475 ἡμερῶν.
1335 2425 1353 2456 ι
1389 2406 1499 2459 Καὶ
1528 2405 1634 2476 μὴν
1677 2408 1770 2459 καὶ
1799 2407 1915 2459 ἐτέ-

332 2491 468 2558 ρωθι
514 2493 543 2545 ὁ
591 2493 700 2546 τῶν
746 2493 883 2546 ὅλων
911 2494 1077 2558 Θεός·
1113 2514 1131 2547 s
1179 2496 1244 2549 Τί
1294 2513 1355 2549 σε
1405 2498 1574 2550 διαθῶ
1636 2499 1911 2569 Ἐφραῖμ;

341 2583 702 2654 ’Υπερασπιῶ
724 2602 836 2651 σου,
872 2587 1193 2658 ἸσραήλςΤί
1220 2606 1278 2641 σε
1299 2589 1500 2655 διαθῶ;
1535 2592 1677 2645 Ὠσεὶ
1706 2594 1913 2665 Ἀδάμα

332 2674 571 2744 θήσομαι
612 2692 695 2739 σε,
722 2678 814 2729 καὶ
842 2677 916 2741 ὡς
948 2678 1225 2748 Σεϐωείμ’
1270 2681 1618 2753 μετεστράφη
1653 2684 1684 2753 ή
1715 2684 1914 2755 καρδία

334 2783 462 2836 μου,
494 2768 553 2821 ἐν
598 2767 675 2837 τῷ
708 2769 876 2839 αὐτῷ.
913 2771 1291 2845 Συνεταράχθη
1335 2774 1366 2843 ὴ
1405 2774 1738 2845 μεταμέλειά
1768 2792 1871 2845 μου
1897 2793 1909 2807 ·

329 2858 392 2909 ού
428 2859 504 2928 μὴ
541 2860 755 2929 ποιήσω
792 2862 931 2914 κατὰ
972 2862 1072 2931 τὴν
1100 2864 1268 2935 ὀργὴν
1311 2864 1403 2918 τοῦ
1438 2866 1608 2936 θυμοῦ
1663 2885 1783 2937 μου.
1835 2868 1909 2921 Οὐ

331 2950 409 3021 μὴ
436 2952 819 3021 ἐγκαταλείψω
839 2954 933 3007 τοῦ
958 2955 1341 3026 ἐξαλειφθῆναι
1369 2960 1459 3012 τὸν
1495 2958 1750 3030 Ἐφραῒμ,
1778 2961 1910 3014 διότι

327 3040 442 3109 ἐγὼ
490 3042 623 3105 Θεός
668 3046 804 3113 εἰμι,
853 3048 946 3099 καὶ
975 3047 1075 3100 ούκ
1108 3047 1397 3119 ἄνθρωπος
1447 3052 1502 3103 ἐν
1544 3070 1625 3105 σοι
1669 3052 1842 3120 ἅγιος.
1886 3072 1905 3104 ι

2013 574 2207 631 similes
2241 589 2485 628 essemus.

2089 668 2316 723 Incensa
2349 667 2570 734 regione
2594 673 2816 736 propter
2843 663 3173 733 impietatem
3203 665 3254 718 in
3285 664 3585 731 Christum,

2015 760 2091 816 ita
2129 770 2312 814 tamen
2348 758 2590 827 reliquias
2626 757 2838 812 lsraelis
2867 767 3094 811 servatae
3115 766 3262 821 sunt,
3292 756 3587 813 miserante

2019 853 2165 915 Deo;
2197 862 2365 919 atque
2395 852 2497 905 hoc
2525 850 2681 920 quasi
2718 848 3037 903 beneﬁcium
3077 849 3216 903 inter
3247 857 3444 903 caetera
3471 850 3588 903 esi~

2016 943 2180 995 mium
2208 941 2482 995 memoriae
2498 950 2709 1009 patrum
2743 939 3023 1007 largiente.
3053 936 3162 992 Nec
3192 938 3335 991 enim
3364 953 3588 1007 prorsus

2015 1034 2238 1096 interiit,
2277 1047 2375 1087 nec
2403 1032 2471 1086 ab
2505 1031 2635 1101 ipsis
2660 1029 3025 1084 fundamentis
3046 1028 3335 1084 convulsus
3364 1038 3469 1093 est,
3494 1028 3588 1083 sed

2015 1124 2169 1179 laesit
2202 1124 2253 1177 in
2287 1123 2547 1191 reliquiis.
2596 1120 2729 1175 Nam
2804 1136 2869 1174 ex
2914 1120 3018 1173 illis
3052 1121 3381 1173 exstiterunt
3418 1118 3587 1173 divini

2015 1214 2279 1283 discipuli,
2317 1221 2371 1266 et
2398 1212 2612 1283 quidem
2654 1220 2917 1281 quotquot
2946 1210 2998 1263 in
3031 1210 3312 1263 Dominum
3344 1219 3590 1263 nostrum

2012 1308 2193 1363 Iesum
2246 1308 2519 1362 Christum
2562 1321 2710 1376 spem
2735 1305 3016 1375 :ﬁdemque
3053 1303 3403 1373 coniecerunt
3430 1321 3445 1357 :
3472 1313 3587 1358 tum

2014 1402 2351 1457 vocabuntur
2382 1400 2643 1454 extremis
2679 1398 2860 1452 seculi
2918 1397 3253 1465 temporibus
3283 1404 3339 1450 et
3382 1397 3457 1461 bi,
3490 1396 3585 1465 qui

2015 1493 2249 1547 nondum
2268 1491 2630 1545 crediderunt.
2661 1489 2739 1544 Ad
2763 1488 2878 1542 hzec
2909 1487 3065 1541 ﬁdem
3098 1487 3254 1541 nobis
3281 1484 3439 1541 faciet
3463 1483 3589 1539 Ver.

2014 1583 2139 1636 bum
2169 1597 2184 1645 ;
2219 1581 2359 1649 quod
2392 1580 2465 1634 ita
2498 1580 2657 1634 habet
2694 1597 2707 1633 :
2739 1599 2757 1630 ι
2788 1577 2923 1645 Quia
2954 1578 3149 1631 multos
3177 1577 3292 1631 dies
3326 1578 3590 1631 sedebunt

2016 1673 2107 1727 ﬁlii
2141 1672 2352 1727 lsraelis
2378 1712 2393 1734 .
2449 1672 2568 1726 sine
2619 1687 2767 1741 rege,
2808 1671 2926 1725 sine
2978 1669 3243 1739 principe,
3282 1668 3399 1723 sine
3428 1668 3593 1722 sacri-

2019 1766 2158 1827 ﬁcio,
2192 1766 2310 1820 sine
2337 1764 2519 1830 altari,
2544 1764 2660 1818 sine
2693 1764 3017 1827 sacerdotio,
3040 1763 3161 1817 sine
3190 1760 3588 1815 manifestatio.

1949 1841 1990 1895 Β
2022 1859 2201 1912 nibus.
2238 1858 2428 1911 Postea
2477 1867 2820 1911 revertentur
2866 1854 2959 1908 ﬁlii
3017 1853 3223 1917 Israel,
3262 1864 3315 1908 et
3345 1859 3593 1921 quaerent

2019 1950 2302 2003 Dominum
2345 1948 2510 2001 Deum
2545 1964 2736 2010 suum,
2769 1958 2823 2001 et
2858 1948 3024 1999 David
3054 1961 3230 2014 regem
3279 1960 3432 1999 suum
3460 1983 3477 2007 ,
3537 1954 3593 1997 et

2018 2042 2312 2109 stupebunt
2343 2040 2410 2095 ad
2435 2039 2744 2102 Dominum,
2792 2050 2845 2091 et
2872 2054 3035 2106 super
3063 2038 3215 2092 bonis
3243 2037 3380 2105 ejus,
3412 2036 3463 2089 in
3493 2051 3594 2089 nov-

2019 2135 2253 2188 vissimis
2284 2135 2471 2187 diebus
2499 2132 2561 2184 ".
2595 2151 2612 2183 ι
2670 2132 2735 2185 Ει
2784 2131 2980 2185 alicubi
3006 2132 3385 2184 universorum
3413 2130 3589 2183 Deus:

2023 2244 2041 2276 s
2075 2224 2346 2291 Quidlibi,
2381 2243 2399 2275 ι
2429 2224 2621 2291 inquit,
2656 2242 2674 2274 ι
2720 2223 2911 2277 faciam
2958 2222 3261 2291 Ephraim?
3303 2221 3590 2291 Protegam

2019 2333 2070 2375 te
2102 2321 2461 2388 lsrael?Quid
2512 2321 2606 2374 tibi
2660 2319 2897 2373 faciam?
2937 2316 3235 2373 UtAdama
3272 2331 3461 2385 ponam
3500 2324 3588 2381 te,

2022 2412 2119 2479 ιι
2154 2420 2209 2463 et
2250 2419 2309 2463 ut
2338 2410 2575 2463 Sehoim.
2602 2409 2933 2462 Conversum
2962 2417 3157 2460 estcor
3173 2421 3347 2460 meum
3379 2407 3429 2459 in
3451 2405 3589 2473 ipso,

2016 2502 2336 2557 conturbata
2388 2511 2475 2556 est
2525 2502 2802 2569 ptenitudo
2847 2514 2986 2561 mea,
3024 2515 3130 2552 non
3192 2497 3411 2559 faciam,
3439 2496 3591 2563 juxta

2016 2597 2149 2649 iram
2214 2595 2410 2649 furoris
2492 2595 2618 2659 mei,
2680 2608 2786 2647 non
2859 2592 3158 2661 relinquam
3223 2601 3282 2644 ut
3350 2591 3591 2643 deleatur

2017 2688 2290 2758 Ephraim,
2317 2688 2512 2756 quippe
2545 2700 2644 2756 ego
2700 2687 2837 2739 Deus
2864 2700 3003 2747 sum,
3041 2700 3145 2737 non
3198 2684 3378 2747 homo,
3432 2684 3484 2736 in
3538 2691 3591 2736 te

2014 2780 2338 2836 sanctus":
2360 2778 2559 2842 Audin,
2580 2793 2685 2845 quo
2704 2788 2859 2846 pacto
2884 2792 2985 2830 non
3004 2793 3099 2843 pro
3116 2778 3209 2829 ira:
3228 2775 3591 2844 magnitudine

2014 2887 2072 2926 se
2103 2880 2291 2925 contra
2353 2884 2447 2923 eos
2498 2867 2763 2921 facturum
2816 2865 3152 2933 polliceatur,
3196 2872 3251 2916 at
3313 2863 3591 2917 denuntiet

2013 2973 2137 3017 ante
2196 2962 2371 3030 potius
2403 2959 2740 3013 clementiam
2770 2957 3210 3026 delinquentibus
3231 2996 3245 3017 ,
3276 2970 3337 3009 ac
3369 2956 3420 3008 in
3456 2970 3591 3021 pau-

2013 3055 2091 3108 cis
2152 3052 2395 3121 reliquiis
2445 3048 2695 3103 Israelem
2752 3047 3170 3103 remansurum?
3208 3047 3359 3113 Quod
3404 3047 3589 3101 eodem

340 3134 588 3199 Ἀκούεις
615 3137 765 3199 ὅπως
792 3139 853 3191 οὐ
896 3139 1037 3193 κατὰ
1070 3141 1131 3193 τὸ
1160 3142 1387 3210 μέγεθος
1426 3144 1522 3213 τῆς
1556 3145 1724 3216 ὀργῆς
1753 3146 1907 3215 ποιή-

2013 3146 2174 3199 etiam
2251 3146 2407 3197 modo
2466 3140 2731 3210 superiori
2796 3141 3053 3194 memoria
3123 3140 3279 3193 nobis
3334 3139 3588 3194 ostendit.

330 3243 444 3280 σειν
507 3228 627 3280 κατ’
691 3229 871 3282 αὐτῶν
923 3232 1317 3301 ἐπηγγείλατο,
1371 3235 1790 3307 προύπισχνεῖτο
1849 3237 1906 3289 δὲ

2016 3237 2183 3289 Erant
2243 3236 2386 3287 enim
2456 3231 2711 3285 Israelita:
2778 3230 3036 3284 increduli
3102 3230 3154 3283 in
3191 3231 3428 3292 deserto,
3468 3244 3589 3283 cum

331 3318 1901 3391 μᾶλλονπλημμε............

1213 3416 1517 3487 ἠπείθησαν
1546 3419 1643 3488 μὲν
1674 3420 1781 3491 γὰρ
1812 3423 1905 3475 καὶ

327 3502 471 3557 κατὰ
506 3501 607 3573 τὴν
631 3504 836 3575 ἔρημον
878 3509 925 3559 οἱ
957 3506 1016 3571 ἐξ
1052 3507 1269 3579 Ἰσραὴλ
1307 3510 1443 3580 πρὸς
1472 3511 1650 3575 αὐτοῖς
1687 3514 1906 3580 γεγονό⁶

324 3608 417 3656 τες
448 3596 563 3656 τοῖς
585 3596 677 3647 τοῦ
722 3597 986 3666 Ἰορδάνου
1010 3600 1233 3669 νάμασι,
1266 3601 1359 3652 καὶ
1394 3601 1747 3672 κληρονομεῖν
1776 3605 1903 3674 μὲλ-

326 3683 511 3745 λοντες
542 3685 643 3755 τῆς
692 3688 1021 3757 ἐπαγγελίας
1056 3692 1153 3762 τὴν
1206 3692 1325 3762 γῆν.
1383 3692 1545 3745 Ὅθεν
1596 3694 1697 3766 ἔφη
1735 3696 1899 3759 Θεός·

331 3796 350 3827 ι
403 3775 495 3839 Ὦς
520 3776 708 3847 ὤμοσα
749 3782 901 3852 ὲντῇ
937 3781 1072 3853 ὀργῇ
1113 3801 1235 3852 μου,
1289 3786 1339 3836 εἰ
1382 3786 1777 3839 εἰσελεύσονται
1824 3791 1903 3852 εἰς

321 3866 424 3937 τὴν
456 3869 800 3925 κατάπαυσίν
824 3890 947 3942 μου.
981 3894 999 3924 ι
1029 3874 1292 3927 Πέπτωκε
1320 3875 1429 3946 γὰρ
1449 3874 1519 3929 τὰ
1546 3877 1693 3929 κῶλα
1724 3878 1901 3932 αὐτῶν

324 3957 384 4007 ἐν
409 3960 477 4028 τῇ
509 3959 720 4029 ἐρήμῳ,
770 3963 861 4015 καὶ
897 3963 1135 4028 ἅπαντες
1172 3964 1587 4040 δεδαπάνηνται,
1620 3968 1758 4041 πλὴν
1790 3972 1903 4024 Χα-

323 4047 419 4101 λέὃ
460 4049 577 4113 υἱὸς
634 4051 858 4123 Ἰεφονῆ,
893 4057 985 4108 καὶ
1031 4057 1240 4128 Ἰησοῦς
1283 4062 1312 4112 ὁ
1338 4060 1431 4114 τοῦ
1462 4062 1637 4132 Ναυῆ.
1685 4064 1903 4117 Συνεισ-

324 4144 531 4215 έϐησαν
559 4146 637 4216 τῷ
667 4148 771 4217 νέῳ
800 4147 932 4219 λαῷ,
976 4153 1071 4204 καὶ
1100 4153 1311 4223 διῆλθον
1348 4155 1438 4208 τὸν
1492 4156 1780 4229 Ἰορδάνην,
1809 4159 1903 4212 καὶ

326 4239 529 4310 κλῆρον
564 4241 830 4310 ἐσχήκασι
860 4242 950 4295 τὸν
992 4244 1143 4313 παρὰ
1176 4245 1332 4302 Θεοῦ.
1382 4246 1563 4311 Τύπος
1605 4249 1649 4301 δ’
1696 4248 1763 4302 ἂν
1792 4245 1902 4303 εἷεν

325 4327 473 4385 οὗτοι
515 4331 614 4384 τοῦ
663 4332 1105 4404 καταλείμματος
1150 4335 1245 4389 τοῦ
1287 4338 1522 4409 Ἰσραὴλ,
1550 4341 1899 4410 σεσωσμένον

330 4422 430 4491 μὲν
458 4422 528 4475 δι’
559 4422 804 4493 ὑπακοῆς
833 4424 1069 4489 πίστεως
1112 4427 1211 4496 τῆς
1253 4429 1334 4490 είς
1365 4430 1619 4499 Χριστὸν,
1648 4430 1900 4483 διαϐιϐα-

2012 3336 2197 3382 essent
2244 3338 2409 3393 prope
2464 3322 2635 3390 ipsum
2690 3321 2862 3373 rivum
2926 3318 3196 3376 Iordanis,
3258 3317 3590 3386 jarnjamque

2015 3429 2211 3472 terram
2255 3413 2625 3484 promissionis
2673 3414 2996 3478 posscssuri,
3040 3414 3180 3464 unde
3227 3411 3367 3466 Dens
3401 3430 3415 3467 :
3444 3429 3463 3462 ι
3499 3410 3589 3465 Sic

2005 3508 2203 3575 juravi,
2229 3525 2246 3557 ι
2268 3506 2456 3573 inquit,
2487 3521 2504 3553 ι
2536 3504 2688 3557 inira
2722 3518 2858 3565 mea,
2879 3500 2935 3555 Si
2962 3501 3324 3555 introibuntin
3354 3500 3588 3569 requiem

2013 3601 2271 3656 meam“.
2311 3619 2330 3651 ι
2367 3598 2692 3654 Ceciderunt
2736 3597 2977 3649 membra
3021 3611 3206 3649 eorum
3249 3595 3301 3647 in
3335 3595 3585 3648 deserto:

2010 3705 2062 3745 et
2093 3707 2280 3746 omnes
2314 3690 2612 3757 consumpti
2656 3697 2782 3743 sunt
2840 3694 3035 3755 ιιι-αξιοι·
3089 3684 3343 3740 Calebum
3420 3685 3586 3737 lilium

2008 3784 2271 3854 Iephone,
2314 3797 2368 3838 et
2404 3782 2527 3837 Iesu
2597 3781 2765 3835 ﬁlium
2826 3778 2997 3843 Nave,
3038 3778 3127 3846 qui
3174 3777 3398 3845 ingressi
3461 3786 3587 3831 sunt

2010 3893 2113 3930 una
2158 3892 2281 3930 cum
2336 3875 2528 3944 pepulo
2584 3888 2742 3938 novo,
2785 3882 2841 3927 et
2897 3872 3230 3925 transierunt
3268 3868 3583 3933 Iordanem,

2008 3980 2061 4023 et
2084 3985 2112 4022 a
2134 3970 2241 4023 Deo
2257 3976 2455 4021 sortem
2473 3966 2743 4020 consecuti
2770 3974 2915 4019 sunt.
2940 3962 3135 4032 Figura
3157 3976 3275 4015 esse
3292 3969 3517 4029 possunt
3532 3969 3587 4014 et

2019 4063 2073 4117 hi
2106 4062 2451 4131 reliquiarum
2477 4056 2710 4119 lsraelis.
2735 4073 2855 4124 quae
2906 4072 3001 4125 per
3038 4055 3400 4109 obedientiam
3460 4052 3585 4108 ﬁdei

2012 4162 2064 4213 in
2095 4153 2375 4209 Christum
2404 4161 2653 4213 servatae,
2687 4149 3024 4217 traiectoque
3074 4149 3355 4202 nobiscum
3390 4161 3579 4200 sacro-

2008 4257 2198 4301 sancto
2225 4244 2483 4301 Iordane.
2515 4242 2678 4295 etiam
2705 4256 2925 4309 regnum
2959 4240 3217 4294 malorum
3245 4240 3584 4293 ltmreditario

2008 4339 2293 4407 accipient.
2329 4335 2546 4390 Gratias
2604 4336 2786 4402 itaque
2835 4347 2999 4400 agens
3072 4334 3354 4401 propheta,
3417 4331 3583 4385 dicit:

2006 4433 2121 4486 Nisi
2180 4430 2432 4483 Dominus
2499 4426 2734 4478 Sabaoth
2808 4426 3099 4493 reliquisset
3171 4425 3315 4477 nobis
3388 4439 3580 4483 semen,

328 4512 546 4575 σθέντος
571 4512 629 4565 δέ
669 4515 786 4582 μεθ’
822 4515 977 4585 ήμῶν
1006 4516 1094 4589 τὸν
1118 4516 1271 4586 ἆγιον
1311 4520 1602 4590 Ἰορδάνην,
1654 4523 1748 4574 καὶ
1770 4522 1901 4591 κλη-

2011 4539 2227 4577 essemus
2294 4529 2348 4573 ut
2404 4517 2654 4578 Sodoma,
2703 4531 2929 4568 essemus
2994 4513 3295 4568 Gomorrha:
3365 4514 3581 4567 similes.

330 4602 653 4671 ρονομήσειν
698 4601 980 4670 μέλλοντος
1016 4604 1114 4674 τὴν
1154 4606 1263 4660 τῶν
1308 4609 1553 4677 οὐρανῶν
1604 4610 1900 4679 βασιλείαν.

326 4692 655 4763 Εὑχαριστεί
679 4693 966 4764 τοιγαροῦν
993 4697 1021 4748 ὁ
1048 4700 1351 4770 προφήτης,
1394 4700 1565 4768 λέγων
1589 4718 1602 4732 ’
1640 4721 1659 4752 ι
1702 4705 1769 4756 Εἰ
1815 4702 1901 4771 μὴ

326 4784 541 4849 Κύριος
576 4783 850 4839 Σαϐαώθε
882 4787 1273 4855 ἐγκατέλιπεν
1322 4791 1466 4859 ἡμῖν
1517 4792 1773 4861 σπέρμα,
1824 4794 1905 4858 ὡς

328 4872 564 4941 Σόδομα
614 4872 694 4926 ἂν
753 4874 1152 4945 ἐγενήθημεν,
1220 4879 1319 4932 καί
1366 4881 1445 4945 ὡς
1494 4883 1769 4949 Γομόρῤα
1827 4880 1905 4934 ἂν

326 4964 729 5033 ὡμοιώθημεν.
779 4967 1210 5038 Λελατρευκότος
1256 4970 1363 5041 γὰρ
1406 4970 1644 5035 εἰδώλοις
1668 4973 1761 5025 τοῦ
1804 4974 1905 5027 Ἰσ-

332 5054 487 5125 ραὴλ,
519 5056 802 5119 ἀνελόντος
835 5059 891 5110 δὲ
933 5061 1027 5112 καὶ
1071 5063 1375 5131 προφήτας,
1420 5064 1801 5134 ἀρνησαμένου
1843 5082 1902 5117 τε

330 5144 582 5213 Χριστὸν,
641 5147 840 5216 μᾶλλον
888 5148 944 5201 δὲ
988 5151 1082 5202 καὶ
1112 5152 1469 5216 ἀπεκτονότος
1502 5154 1595 5205 τὸν
1660 5155 1902 5225 ἀρχηγὸν

329 5237 426 5307 τῆς
476 5239 645 5309 ζωῆς,
704 5240 796 5293 τὸν
851 5242 1083 5296 εἰσάπαν
1146 5244 1365 5316 ὄλεθρον
1420 5248 1903 5317 καταψηφίσασθαι

333 5329 531 5390 παντὸς
571 5330 765 5398 γένους
796 5333 964 5403 ἐχρῆν
986 5335 1076 5386 τὸν
1102 5336 1208 5388 τῶν
1236 5338 1372 5390 ὅλων
1400 5339 1552 5392 Θεόν.
1599 5341 1814 5412 Ἐπειδὴ
1846 5341 1902 5394 δέ

333 5420 476 5471 ἐστιν
515 5421 723 5487 ἀγαθὸς
760 5424 898 5494 ὑπὲρ
925 5426 1099 5492 λόγον,
1134 5430 1400 5499 τετήρηκε
1434 5430 1495 5482 τὸ
1532 5432 1899 5503 κατάλειμμα,

334 5514 424 5563 και
448 5513 509 5564 ού
556 5514 843 5582 γεγόνασιν
889 5517 947 5569 ἐν
982 5518 1079 5588 ἴσῳ
1122 5523 1234 5584 τοῖς
1262 5522 1534 5593 Σοδόμοις,
1562 5526 1610 5576 οἱ
1642 5528 1901 5594 παγγενεί

332 5619 389 5666 τε
444 5604 538 5656 καὶ
580 5608 832 5660 πανοικεὶ
883 5611 976 5662 καὶ
1029 5612 1215 5676 αὐτοῖς
1260 5655 1272 5666 .
1317 5655 1329 5667 .
1376 5656 1388 5668 .
1433 5653 1447 5669 .
1494 5655 1507 5670 .
1552 5657 1564 5668 .
1612 5659 1621 5669 .
1663 5659 1676 5671 .
1722 5660 1735 5671 .
1777 5661 1788 5673 .
1831 5660 1844 5673 .
1884 5664 1896 5676 .

412 5758 454 5801 υ
483 5759 645 5824 Osee.
704 5778 790 5829 tu,
822 5762 875 5830 ό,
908 5764 959 5819 5.
1040 5768 1085 5799 εν
1119 5765 1276 5824 Osce.
1338 5772 1494 5824 xs..8.

2008 4616 2143 4670 Nam
2182 4614 2438 4683 quoniam
2503 4610 2662 4666 idolis
2740 4610 2910 4661 servit
2979 4606 3165 4669 Israel,
3202 4620 3338 4673 eque
3408 4605 3585 4658 medio

2009 4708 2296 4777 pr0phetas
2330 4705 2564 4770 sustulit,
2579 4720 2641 4759 ac
2668 4706 2882 4771 negavit
2913 4702 3208 4762 Christum,
3243 4700 3349 4752 imo
3406 4698 3584 4764 potius

2008 4798 2305 4867 principem
2334 4797 2473 4861 vitae,
2493 4796 2599 4849 vita
2632 4796 2893 4863 privavit:
2917 4793 3135 4846 omnino
3174 4800 3337 4845 totam
3365 4800 3581 4857 gentem

2012 4904 2185 4946 morte
2269 4892 2523 4944 damnare
2574 4889 2941 4942 universitatis
3010 4884 3176 4938 Deum
3250 4891 3580 4950 oportuerat.

2009 4982 2142 5034 Cum
2170 4992 2347 5033 autem
2380 4982 2450 5034 sit
2478 4995 2637 5048 supra
2673 4994 2835 5047 quam
2872 4978 2975 5029 dici
3036 4984 3210 5044 potest
3275 4976 3467 5036 bonus,
3500 4988 3583 5026 re-

2008 5075 2219 5127 siduum
2242 5072 2498 5137 servavit,
2530 5080 2584 5125 et
2625 5072 2738 5138 pari
2769 5068 3081 5123 conditione
3105 5082 3225 5118 cum
3290 5063 3582 5118 Sodomitis

2009 5180 2114 5219 non
2180 5164 2415 5227 fuerunt,
2465 5164 2555 5232 qui
2602 5178 2723 5217 cum
2788 5171 2899 5214 toto
2953 5172 3149 5229 genere
3221 5173 3283 5211 ac
3355 5157 3577 5219 familia,

2010 5273 2130 5310 cum
2168 5256 2296 5323 ipsis
2318 5256 2543 5308 urbibus
2570 5254 2675 5323 igni
2700 5253 3000 5319 consumpti
3031 5257 3173 5304 sunt.
3199 5250 3255 5303 Si
3287 5250 3377 5317 qui
3403 5250 3566 5302 etiam

2011 5349 2262 5401 vitiorum
2323 5344 2574 5400 sordibus
2614 5346 2823 5405 teneri,
2864 5351 3188 5410 peccatoqne
3237 5341 3324 5393 vix
3367 5338 3580 5393 delebili

2008 5439 2361 5493 contaminari
2392 5438 2604 5491 volunt:
2638 5435 2722 5489 his
2759 5451 2973 5504 quoque
3018 5434 3119 5487 hoc
3154 5433 3292 5486 idem
3327 5431 3578 5492 accidet;

2008 5534 2203 5600 quibus
2241 5546 2269 5585 a
2311 5530 2464 5585 nobis
2493 5529 2597 5585 dici
2631 5537 2807 5598 potest
2848 5544 2950 5582 non
2995 5528 3165 5579 male:
3205 5543 3224 5575 ι
3256 5524 3336 5579 Αιι
3362 5522 3579 5577 divitias
3684 5546 3695 5557 -

2012 5622 2268 5677 bonitatis
2301 5622 2436 5693 ejus,
2464 5629 2518 5677 et
2557 5619 2849 5691 patienliat,
2890 5627 2946 5674 et
2982 5615 3406 5690 longanimitatis
3448 5627 3577 5677 ρους

1575 5775 1615 5803 ²¹
1653 5772 1793 5830 Psal.
1823 5792 1966 5843 χειν,
2011 5780 2090 5841 lt.
