4094 6366
505 343 571 401 51
1510 356 1567 410 S.
1612 356 1892 413 CYRILLI
1928 359 2401 418 ALEXANDRINI
2441 364 2761 421 ARCIIIEP.
3713 372 3789 423 ft!

507 466 793 516 temnitis?
833 474 1086 530 Ignorans
1107 458 1365 533 quoniam
1385 464 1692 536 benignitas
1719 469 1811 525 Dei
1833 470 1898 524 ad
1924 473 2101 541 posui-

2207 476 2301 529 καὶ
2352 476 2750 531 δυσαπόνιπτον
2804 476 2949 549 ἔχειν
3002 484 3100 550 τὴν
3140 480 3433 551 ἁμαρτίαν.
3493 483 3603 537 Καὶ
3638 484 3781 553 μάλα

506 551 728 606 tentiam
753 562 804 606 te
819 553 1072 610 adducit?
1093 556 1401 612 Secundum
1431 570 1609 613 autem
1632 562 1892 616 duritiam
1923 574 2090 635 tuam,

504 650 561 694 et
589 641 937 709 imptenitens
974 661 1070 703 cor
1107 649 1447 705 thesaurizas
1478 652 1571 704 tibi
1599 652 1735 706 iram
1778 654 1829 708 in
1863 656 1951 711 die
2000 657 2093 711 ira:

504 740 561 785 et
598 733 942 791 revelationis
972 737 1103 807 justi
1131 738 1320 805 judicii
1352 740 1463 796 Dei.
1486 743 1530 773 “
1569 740 1771 797 Omnes
1799 745 1943 799 enim
1990 762 2093 804 nos

506 828 883 894 repraesentari
923 840 1134 898 oportet
1166 831 1303 900 apud
1342 833 1574 887 tribunal
1603 834 1831 905 Christi,
1871 839 2092 894 utrel’e-

506 925 595 970 rat
628 922 1001 989 unusquisque
1018 937 1135 991 quae
1156 937 1252 991 per
1290 939 1488 995 corpus
1519 927 1706 995 gessit,
1725 929 1839 983 sive
1862 929 2084 999 bonum,

506 1006 625 1062 sive
648 1009 920 1066 malum.“
956 1031 975 1063 ι

2204 565 2380 637 ὀρθῶς
2401 570 2678 638 εἰρήσεται
2707 568 2841 638 πρὸς
2873 569 3032 641 ἡμῶν
3052 588 3066 600 θ
3115 588 3133 622 ι
3200 572 3252 623 Ἠ
3283 572 3376 625 τοῦ
3424 571 3653 627 πλούτου
3684 577 3782 646 τῆς

2202 664 2571 733 χρηστότητος
2622 661 2810 725 αὑτοῦ,
2859 665 2952 717 καὶ
2998 664 3099 734 τῆς
3132 665 3349 735 ἀνοχῆς,
3401 667 3625 737 καὶτῆς
3675 686 3783 739 μα-

2202 751 2510 823 κροθυμίας
2537 756 2898 825 καταφρονεῖς
2923 771 2937 820 ;
2967 753 3176 823 ἀγνοῶν
3205 756 3285 807 ὅτι
3327 755 3387 808 τὸ
3419 757 3654 828 χρηστὸν
3688 759 3781 812 τοῦ

2199 842 2336 895 Θεοῦ
2372 845 2453 906 είς
2492 846 2781 913 μετάνοιάν
2827 863 2885 899 σε
2938 845 3081 915 ἄγει.
3117 846 3274 900 Κατά
3314 846 3371 899 δὲ
3418 850 3516 917 τὴν
3554 850 3782 920 σκληρό-

2195 934 2335 1004 τητά
2393 952 2511 998 σου,
2566 939 2660 990 καὶ
2710 938 3079 1009 ἀμετανόητον
3128 938 3377 1009 καρδίαν,
3432 939 3781 1011 θησαυρίζεις

2206 1024 2418 1096 σεαυτῷ
2454 1025 2623 1098 ὀργὴν
2676 1029 2735 1081 ἐν
2784 1028 2968 1099 ἡμέρᾳ
3012 1029 3185 1100 ὀργῆς
3224 1029 3320 1083 καὶ
3367 1030 3782 1101 ἀποκαλύψεως,

508 1099 604 1151 καὶ
635 1099 1028 1173 δικαιοκρισίας
1064 1105 1157 1157 τοῦ
1196 1104 1353 1161 Θεοῦ.
1392 1108 1531 1174 Τοὺς
1564 1111 1673 1184 γάρ
1740 1116 1947 1180 πάντας
1970 1118 2119 1187 ἡμᾶς
2155 1118 2236 1171 δεῖ
2263 1121 2645 1191 φανερωθῆναι
2715 1123 3023 1193 ἔμπροσθεν
3049 1099 3154 1176 τοῦ
3191 1124 3429 1193 Χριστοῦ
3455 1162 3469 1187 ,
3504 1124 3592 1179 ἵνα
3622 1099 3782 1195 acopi-

509 1206 668 1260 σηται
698 1193 945 1259 ἕκαστος,
970 1196 1037 1248 τὰ
1066 1197 1154 1251 διὰ
1181 1198 1275 1251 τοῦ
1307 1200 1555 1271 σώματος
1592 1205 1729 1276 πρὸς
1756 1206 1792 1260 ἃ.
1822 1208 2078 1279 ἔπραξεν,
2120 1213 2228 1265 είτε
2256 1214 2483 1281 ἀγαθὸν,
2518 1215 2627 1266 εἴτε
2661 1215 2882 1283 φαῦλον.
2938 1234 2955 1264 ι

585 1302 741 1359 VERS.
774 1306 971 1360 10—”.
996 1308 1186 1363 Audite
1229 1312 1435 1366 verbum
1469 1315 1679 1371 Domini
1698 1321 1956 1390 principes
1985 1321 2088 1377 So-

508 1399 800 1457 domorum.
826 1400 1078 1452 attendite
1107 1402 1266 1469 legem
1316 1401 1436 1467 Dei,
1462 1407 1683 1474 populus
1748 1410 2083 1467 Gomorrlmr.

511 1484 628 1548 Quo
691 1486 820 1539 mihi
885 1489 1271 1544 multitudinem
1333 1494 1719 1558 sacriﬁciorum
1772 1512 2084 1563 vestrorum,

508 1577 633 1630 dicit
686 1576 982 1634 Dominus?
1017 1580 1198 1647 plenus
1252 1598 1366 1635 sum
1429 1586 1649 1641 victimis
1710 1590 1954 1643 arietant.
1985 1590 2088 1660 12

2282 1305 2607 1360 Ἀκούσατε
2651 1306 2837 1374 λόγον
2873 1307 3091 1375 Κυρίου
3142 1305 3432 1374 ἄρχοντες
3483 1306 3780 1377 Σοδόμων.

2196 1398 2524 1465 προσέχετε
2569 1404 2758 1467 νόμον
2804 1400 2954 1453 Θεοῦ
2996 1402 3146 1465 λαὸς
3192 1400 3522 1468 Γομόρρας.
3576 1398 3642 1452 Τί
3679 1418 3782 1469 μοι

2196 1488 2429 1553 πλῆθος
2455 1488 2573 1542 τῶν
2596 1489 2823 1544 θυσιῶν
2853 1490 3039 1559 ὑμῶν,
3071 1492 3234 1559 λέγει
3259 1492 3512 1559 Κύριος;
3540 1489 3781 1560 πλήρης

2196 1576 2314 1646 εὶμί
2341 1579 2849 1648 ὁλοκαυτωμάτων
2879 1581 3081 1649 κριῶν,
3101 1582 3197 1635 καὶ
3220 1581 3404 1650 στέαρ
3432 1579 3648 1650 ἀρνῶν,
3683 1581 3781 1634 καὶ

509 1670 732 1737 Αιίίρεηι
768 1687 1022 1739 agnorum
1046 1683 1094 1727 et
1140 1678 1445 1743 sanguinem
1474 1689 1769 1746 taurorum,
1822 1693 1870 1736 et
1906 1684 2086 1739 hirco-

2202 1666 2345 1738 αἷμα
2369 1670 2600 1738 ταύρων
2638 1671 2736 1725 καὶ
2775 1672 3005 1743 τράγων
3044 1675 3118 1726 οὐ
3167 1672 3489 1740 βούλομαι.
3531 1671 3669 1725 Οὐδ’
3704 1672 3784 1725 ἂν

509 1775 626 1813 rum
670 1762 826 1822 nolo;
854 1778 1013 1832 neque
1048 1766 1289 1832 veniatis,
1323 1779 1378 1821 ut
1428 1774 1727 1838 appareatis
1754 1774 1905 1830 mihi.
1962 1776 2092 1841 Qui:

506 1851 646 1904 enim
703 1854 942 1921 quwsivit
1017 1855 1128 1909 ha'c
1159 1857 1224 1911 de
1290 1861 1533 1914 manibus
1598 1864 1827 1919 vestris?
1876 1866 2094 1923 Calcare

507 1944 703 1996 atrium
754 1960 922 1999 meum
962 1963 1025 2001 ne
1068 1952 1427 2016 perrexeritis.
1466 1952 1525 2007 Si
1564 1956 1801 2025 οπρεπῆ
1838 1958 2090 2026 similam,

509 2050 700 2089 uanum
730 2036 1020 2103 incensum,
1058 2039 1377 2097 abominatio
1421 2045 1547 2099 mihi
1603 2058 1697 2101 est.
1774 2047 2092 2106 Neomcnias

508 2138 726 2193 uestras,
767 2139 814 2182 et
851 2132 1092 2197 sabbata,
1132 2143 1178 2186 et
1222 2136 1357 2188 diem
1395 2153 1638 2207 magnum
1683 2156 1787 2194 non
1825 2142 1973 2207 fero:
2009 2145 2096 2213 je-

504 2217 738 2285 junium,
781 2230 830 2275 et
872 2225 1056 2289 otium,
1106 2223 1242 2293 festa
1292 2238 1460 2281 uestra
1517 2230 1628 2283 odit
1680 2233 1861 2286 anima
1949 2252 2092 2289 mea.

575 2396 710 2452 Cum
733 2398 1039 2456 futurorum
1063 2403 1322 2459 malorum
1344 2408 1767 2464 comminatione
1801 2413 1939 2467 satis
1968 2429 2093 2477 per-

508 2490 780 2552 terruerit,
810 2499 865 2545 et
915 2492 1023 2547 illis
1064 2495 1175 2549 hinc
1214 2498 1436 2552 omnino
1490 2514 1554 2554 ac
1607 2502 1915 2558 certissime
1932 2521 2097 2559 even-

507 2590 653 2648 tura,
721 2598 820 2637 suo
896 2591 1653 2658 tempore,praenuntiaverit,
1707 2595 1807 2649 nisi
1874 2597 2094 2652 meliora

506 2686 720 2740 sapere,
774 2674 1046 2746 simulque
1075 2682 1318 2750 exsequi,
1373 2697 1492 2752 quae
1554 2684 1750 2739 divina:
1794 2686 1938 2757 leges
1974 2705 2097 2758 pos-

509 2764 704 2828 tulant,
756 2766 1070 2823 voluerint:
1102 2774 1383 2828 commode
1442 2774 1703 2829 transfert
1767 2792 2093 2845 sermonem,

506 2857 852 2925 ostenditque
889 2862 1029 2927 quod
1087 2863 1140 2915 in
1172 2878 1286 2917 rem
1331 2872 1412 2918 est
1449 2875 1507 2920 ut
1570 2868 1796 2922 meliora
1840 2871 2081 2941 cogitare

508 2955 564 3000 et
594 2949 795 3003 sentire
825 2952 1010 3018 velint,
1036 2970 1144 3023 quo
1168 2957 1234 3009 ab
1272 2957 1614 3025 impendente
1641 2975 1797 3029 pCBll'd
1840 2962 2093 3018 liberen-

510 3046 621 3092 tur.
643 3037 772 3092 Nam
802 3040 926 3108 quia
956 3042 1005 3095 itt
1036 3044 1309 3099 Christum
1331 3046 1644 3102 debaccltati
1670 3059 1795 3104 sunt
1819 3051 2094 3119 Israelita,

509 3128 819 3197 perierunt:
848 3140 902 3185 et
926 3145 1185 3203 praeterea
1236 3138 1488 3206 dicimus,
1515 3156 1610 3195 eos
1654 3152 1879 3211 pr0pter
1908 3144 2098 3213 impie-

514 3231 679 3278 tatem
717 3238 901 3289 eprum
957 3230 1046 3297 qui
1074 3230 1506 3297 praeﬁciebantur
1527 3235 1749 3290 docendi
1778 3238 2095 3304 provinciae,

512 3317 793 3372 cecidisse.
820 3317 970 3374 Licet
1000 3323 1143 3376 enim
1177 3322 1327 3378 illum
1360 3325 1627 3382 haeredem
1670 3343 1791 3383 esse
1815 3332 2089 3397 noverint,

513 3406 905 3466 interfecerunt
980 3420 1197 3469 tamen:
1249 3431 1369 3468 nam
1433 3417 1549 3480 ejus
1608 3420 1845 3488 vineam,
1888 3432 2094 3478 sortem

512 3512 667 3553 suam
721 3498 899 3557 facere
976 3504 1285 3563 voluerunt.
1341 3506 1493 3574 Quod
1586 3520 1767 3565 autem
1845 3515 2097 3582 stupidus

511 3588 700 3657 Israel,
741 3595 1043 3667 principum
1107 3597 1427 3668 malignitati
1486 3599 1802 3669 obsecutus,
1836 3618 1865 3657 a
1902 3618 1997 3673 spe
2038 3605 2095 3659 in

513 3686 787 3744 Christum
837 3690 1120 3755 deciderit,
1165 3695 1453 3747 conﬁrmat
1506 3694 1877 3750 univcrsitatis
1931 3696 2094 3753 Deus.

515 3793 647 3835 voce
674 3782 1055 3851 prophetarum
1092 3775 1348 3854 loquens':
1387 3806 1405 3839 ι
1434 3788 1684 3843 Pastores
1714 3788 1865 3844 tnulti
1899 3804 2090 3844 corru-

514 3880 709 3940 perunt
730 3873 937 3927 vineam
960 3890 1154 3942 meam,
1172 3878 1476 3946 polluerunt
1495 3880 1867 3935 [nereditatem
1890 3896 2089 3947 meam,

515 3962 780 4016 dederunt
832 3974 1041 4033 partem
1103 3982 1276 4021 meam
1343 3970 1755 4026 desiderabilem
1792 3972 1843 4025 in
1907 3973 2095 4028 solitu-

515 4056 695 4111 dinem
741 4057 965 4124 iuviam,
1023 4059 1239 4115 redacta
1276 4069 1357 4114 est.
1419 4060 1485 4114 ad
1563 4062 1839 4117 interitum
1922 4064 2093 4133 pessi-

516 4153 791 4205 munr'H
823 4153 888 4205 Et
941 4168 1160 4207 rursus:
1206 4154 1373 4219 «Quia
1420 4163 1669 4222 pastores
1716 4155 2089 4224 desipuerunt,

514 4254 569 4301 et
610 4244 895 4298 Dominum
958 4260 1064 4298 non
1124 4245 1454 4314 quaesierunt
1495 4285 1511 4309 ,
1559 4256 1846 4315 pr0pterea
1903 4250 2080 4306 omnis

2194 1761 2454 1831 ἔρχησθε
2496 1762 2761 1832 ὀφθῆναί
2790 1781 2913 1833 μοι.
2956 1764 3051 1826 Τίς
3098 1761 3551 1832 γὰρὲξεζήτησε
3595 1763 3783 1816 ταῦτα

2192 1855 2262 1909 ἐκ
2304 1854 2423 1909 τῶν
2446 1854 2660 1924 χειρῶν
2685 1854 2890 1925 ὑμῶν;
2932 1856 3155 1909 Πατεῖν
3188 1856 3303 1923 τὴν
3331 1855 3533 1926 αὐλήν
3554 1873 3675 1923 μου
3707 1857 3785 1909 οὺ

2194 1946 2643 2014 προσθήσεσθε.
2700 1948 2842 2001 Ἐὰν
2881 1947 3100 2016 φέρητε
3137 1947 3479 2017 σεμίδαλιν,
3526 1945 3783 2017 μάταιον

2195 2040 2478 2109 θυμίαμα,
2505 2038 2871 2108 βδέλυγμμά
2904 2056 3007 2108 μοι
3054 2039 3246 2102 ἐστίν,
3281 2039 3389 2103 τὰς
3430 2040 3776 2107 Νουμηνίας

2194 2130 2383 2200 ὑμῶν,
2428 2131 2525 2185 καὶ
2562 2132 2634 2185 τὰ
2664 2130 2951 2194 σάϐϐατα,
2980 2130 3078 2183 καὶ
3112 2129 3342 2199 ’ἡμέραν
3364 2129 3636 2199 μεγάλην
3670 2132 3781 2183 οὑκ

2194 2225 2501 2294 ἀνέχομαι,
2544 2224 2837 2292 νηστείαν
2877 2224 2977 2277 καὶ
3015 2224 3251 2293 ἀρτίαν,
3294 2224 3392 2279 καὶ
3437 2223 3541 2289 τὰς
3573 2223 3782 2292 ἑορτὰς

2194 2316 2362 2387 ὑμῶν
2399 2316 2574 2386 μισεῖ
2599 2317 2637 2385 ἡ
2668 2316 2840 2386 ψυχή
2875 2334 3016 2385 μου.

2266 2410 2669 2480 Καταπτοήσας
2697 2409 3010 2481 ἀρκούντως
3037 2412 3159 2473 ταῖς
3185 2409 3293 2463 τῶν
3324 2410 3595 2480 ἐσομένων
3624 2410 3783 2462 ἀπει-

2195 2502 2331 2567 λαῖς,
2384 2502 2478 2555 καὶ
2525 2501 2972 2573 προσαγορεύσας
3021 2502 3224 2568 αὐτοῖς,
3266 2504 3335 2557 τὰ
3379 2505 3556 2574 πάντη
3583 2522 3641 2557 τε
3688 2505 3782 2557 καὶ

2196 2594 2413 2656 πάντως
2460 2592 2698 2663 ἐσόμενα
2732 2594 2875 2647 κατὰ
2925 2596 3170 2666 καιροὺς,
3217 2596 3266 2649 εί
3304 2595 3378 2665 μὴ
3410 2596 3616 2648 ἕλοιντο
3650 2612 3782 2665 φρο-

2195 2688 2303 2738 νεῖν
2347 2702 2407 2738 τε
2453 2684 2589 2755 ὁμοῦ
2635 2685 2706 2738 τὰ
2737 2687 2950 2756 ἀμείνω
3002 2688 3098 2739 καὶ
3125 2686 3279 2757 δρᾷν,
3330 2687 3424 2741 καὶ
3468 2689 3583 2749 τοῖς
3616 2686 3787 2750 θείοις

2196 2776 2401 2847 νόμοις,
2439 2775 2727 2847 μεθίστησι
2785 2776 2875 2830 τὸν
2910 2777 3067 2847 λόγον
3116 2778 3210 2831 ἐπὶ
3256 2776 3464 2849 καιροῦ,
3525 2778 3620 2830 καὶ
3670 2780 3785 2830 εἰσ-

2194 2869 2417 2937 ηγεῖται
2436 2867 2497 2919 τὸ
2532 2868 2825 2937 χρήσιμον,
2859 2867 2944 2920 ἵνα
2978 2867 3046 2919 τά
3083 2867 3276 2937 βελτίω
3305 2868 3521 2937 φρονεῖν
3566 2866 3788 2936 ᾑρημέ-

2201 2977 2303 3023 νοι,
2339 2960 2436 3031 τῆς
2487 2959 2876 3031 ἐπηρτημένης
2909 2961 3092 3022 αὐτοῖς
3136 2959 3563 3013 ἀπαλλάττοιντο
3603 2958 3784 3027 δίκης.

2218 3054 2759 3124 Ἐμπαροινήσαντες
2794 3052 2904 3123 γὰρ
2934 3054 2989 3105 ἐν
3020 3052 3262 3123 Χριστῷ,
3293 3050 3606 3104 διολώλασιν
3651 3052 3698 3103 οἱ
3725 3049 3793 3113 ἐξ⁴

2218 3144 2452 3217 Ἰσραὴλ,
2485 3147 2667 3197 πεσεῖν
2689 3162 2748 3197 τε
2775 3145 2910 3215 πρὸς
2940 3144 3096 3197 τοῦτο
3127 3143 3306 3213 φαμὲν
3330 3144 3547 3206 αὐτοὺς,
3569 3141 3657 3194 διὰ
3685 3141 3791 3212 τὴν

2203 3238 2312 3290 τῶν
2360 3236 2722 3306 καθηγεῖσθαι
2753 3234 3024 3306 λαχόντων
3053 3236 3398 3304 ἀνοσιότητα.
3433 3234 3627 3287 Καίτοι
3673 3233 3786 3303 γὰρ

2203 3330 2598 3399 ἐπεγνωκότες,
2626 3331 2706 3383 ὅτι
2736 3328 2895 3390 αὑτός
2930 3329 3077 3380 ἐστιν
3104 3329 3132 3381 ό
3161 3327 3514 3399 κληρονόμος,
3546 3326 3784 3381 ἀπεκτό-

2203 3438 2356 3476 νασιν
2383 3422 2567 3475 αὐτόν.
2604 3419 2831 3474 Ἥθελον
2865 3420 2973 3490 γὰρ
3001 3419 3130 3472 ἴδιον
3163 3417 3431 3471 ποιεῖσθαι
3458 3417 3655 3487 κλῆρον
3687 3415 3792 3468 τὸν

2200 3509 2499 3579 ἀμπελῶνα
2516 3508 2699 3562 αὑτοῦ.
2719 3510 2839 3561 Ὅτι
2870 3509 2927 3561 δὲ
2942 3511 3062 3571 ταῖς
3088 3506 3195 3560 τῶν
3212 3508 3530 3579 ἡγουμένων
3556 3507 3785 3577 δυστρο-

2200 3599 2353 3663 πίαις
2370 3598 2696 3660 ἀκολουθῶν,
2713 3600 2810 3670 τῆς
2826 3600 2905 3662 είς
2922 3599 3157 3669 Χριστὸν
3174 3597 3388 3661 ἐλπίδος
3410 3598 3495 3668 διη
3505 3598 3795 3669 μάρτηκεν

2199 3690 2229 3742 ὁ
2269 3690 2617 3758 ἀπόπληκτος
2651 3687 2869 3758 Ἰσραὴλ
2896 3687 3226 3741 πιστώσεται
3252 3686 3423 3755 λέγων
3464 3688 3493 3739 ό
3512 3686 3617 3739 τῶν
3646 3685 3783 3738 ὅλων

2198 3780 2451 3846 Θεὸς,διὶι
2474 3780 2656 3850 φωνῆς
2674 3778 2989 3850 προφητῶν.
3009 3796 3027 3828 t
3068 3778 3331 3845 Ποιμένες
3347 3778 3529 3832 πολλοὶ
3544 3777 3782 3847 διέφθει-

2200 3891 2300 3946 ραν
2314 3872 2405 3925 τὸν
2422 3872 2719 3943 ἀμπελῶνα
2735 3889 2834 3942 μου
2847 3911 2860 3933 ,
2874 3870 3138 3941 ἐμόλυναν
3158 3869 3255 3941 τὴν
3274 3869 3632 3941 κληρονομίαν
3653 3885 3789 3939 μου,

2196 3966 2401 4018 ἔδωκαν
2437 3965 2630 4035 μερίδα
2656 3963 2997 4032 ἐπιθυμητήν
3043 3978 3144 4031 μου
3190 3963 3270 4022 είς
3318 3960 3525 4032 ἔρημον
3560 3959 3780 4014 ἄϐατον.

2210 4056 2468 4128 Ἐγενήθη
2485 4059 2564 4121 εἰς
2579 4053 2882 4125 ἀφανισμὸν
2898 4051 3191 4112 ἀπωλείας.
3215 4071 3233 4102 t
3250 4052 3359 4104 Καὶ
3386 4051 3547 4104 πάλιν
3567 4066 3579 4077 ·
3604 4069 3623 4101 t
3659 4049 3789 4103 Ὅτι

2197 4151 2453 4220 ποιμένες
2470 4148 2893 4221 ἠφρονεύσαντο,
2908 4146 3111 4199 καὶτὸν
3134 4143 3338 4215 Κύριον
3367 4144 3467 4197 οὐκ
3490 4143 3791 4213 ἐζήτησαν,

2194 4244 2286 4296 διὰ
2309 4243 2466 4297 τοῦτο
2485 4245 2585 4296 οὐκ
2609 4244 2799 4312 ἐνόησε
2820 4243 2969 4294 πᾶσα
2990 4240 3023 4309 ἡ
3051 4238 3210 4309 νομὴ,
3239 4238 3332 4291 καὶ
3366 4234 3783 4306 διεσκορπίσθη-

513 4352 644 4403 grex
680 4352 785 4391 non
834 4335 1117 4401 intellexit,
1144 4345 1198 4390 et
1236 4336 1467 4406 dispersi
1506 4349 1652 4392 sunt.
1674 4338 1751 4390 "t
1776 4338 1916 4394 Vere
1948 4340 2090 4394 enim

2204 4353 2325 4390 σαν.
2359 4354 2378 4388 ι
2431 4335 2864 4406 Ἠφρονεύσαντο
2901 4334 3010 4405 γὰρ
3041 4335 3087 4386 οἱ
3120 4330 3376 4401 ποιμένες
3409 4327 3645 4399 ἀληθῶς,
3690 4326 3788 4379 καὶ

515 4425 867 4494 desipueruut
936 4433 1205 4495 pastores,
1281 4435 1335 4479 et
1394 4424 1593 4495 populo
1658 4441 1757 4481 suo
1818 4429 2095 4484 interitum

2202 4430 2314 4490 τοῖς
2369 4428 2475 4481 ὑπὸ
2521 4430 2678 4498 χεῖρα
2727 4427 2877 4490 λαοῖς
2931 4425 3151 4497 ὀλέθρου
3200 4422 3487 4492 γεγόνασιν
3534 4419 3781 4491 ἀφορμή.

518 4516 941 4571 accersiverunt.
990 4518 1177 4569 Annon
1212 4516 1437 4571 decebat
1484 4534 1580 4573 eos
1635 4518 1853 4587 potius,
1915 4532 2099 4589 utpote

516 4624 613 4679 per
649 4607 820 4678 legem
865 4622 928 4661 ac
964 4607 1253 4675 prophetas
1292 4606 1499 4662 Christi
1537 4610 1855 4679 mysterium
1926 4612 2097 4680 probe

516 4701 725 4763 doctos,
762 4699 884 4752 aliis
916 4699 1061 4752 viam
1104 4699 1169 4751 ad
1207 4696 1282 4751 illi
1345 4699 1678 4755 credendum
1743 4700 2098 4771 patefacere?

515 4792 676 4861 Atqui
726 4790 984 4844 Servator
1046 4789 1195 4854 dicit,
1232 4788 1460 4859 gloriam
1504 4807 1598 4846 eos
1652 4792 1721 4845 ab
1790 4793 2098 4848 hominibus

518 4883 808 4951 accepisse,
834 4882 1058 4954 gloriam
1084 4898 1233 4949 vero,
1256 4897 1374 4951 quin
1393 4891 1475 4937 est
1498 4899 1526 4935 a
1544 4883 1659 4938 solo
1685 4883 1813 4949 Deo,
1834 4898 1938 4938 non
1955 4900 2102 4954 qua:-

520 4975 731 5030 sivisse.
761 4975 818 5030 Si
844 4977 986 5029 enim
1018 4975 1150 5030 Mosi
1200 4975 1579 5041 credidissent,
1635 4976 1991 5031 credidissent
2048 4987 2102 5030 et

521 5067 623 5123 illi.
643 5067 823 5122 Deillo
845 5069 987 5122 enim
1020 5067 1065 5121 is
1079 5067 1314 5136 scripsit.
1333 5065 1481 5122 Facti
1525 5068 1848 5137 suntiigitur
1876 5067 2027 5132 eieci,
2048 5074 2103 5120 et

526 5173 682 5213 ruces
731 5174 1019 5223 cmcorum.
1060 5162 1239 5233 itaque
1271 5161 1591 5231 praecipitati
1630 5172 1779 5225 sunt,
1821 5168 1876 5214 et
1904 5160 1956 5213 in
2009 5173 2102 5213 vo-

523 5251 769 5321 daginetn
793 5253 943 5307 exitii
972 5266 1315 5309 corruerunt.
1348 5253 1486 5321 Quid
1521 5269 1651 5323 ergo
1693 5264 1922 5308 conatur
1978 5268 2105 5322 pro-

524 5345 684 5412 pheta
731 5345 888 5399 bonis
941 5360 1034 5401 eos
1081 5349 1297 5403 monitis
1346 5347 1598 5401 mutare?
1667 5345 1738 5400 Ut
1772 5346 1963 5401 melius
2011 5360 2104 5397 sa-

526 5434 699 5505 piant,
714 5446 769 5491 et
789 5436 1096 5493 Servatoris
1115 5440 1259 5494 dicto
1279 5440 1559 5494 audientes
1588 5438 1717 5493 sint.
1740 5437 1832 5491 llis
1869 5450 1998 5491 vero
2017 5434 2111 5489 ad-

525 5529 908 5584 monitionibus
927 5530 1312 5585 lerritatiouem
1335 5544 1548 5598 quoque
1584 5527 1789 5582 utiliter
1806 5527 2098 5580 admiscet:

530 5620 631 5691 13
658 5621 823 5675 variis
851 5621 1247 5691 quodammodo
1278 5621 1585 5692 pharmacis
1616 5618 1890 5684 adhibitis,
1909 5631 2106 5672 curans

600 5804 641 5836 “
675 5805 806 5863 llum
854 5806 985 5873 ",5.
1023 5806 1074 5860 6.

2203 4521 2399 4573 Καίτοι
2449 4521 2567 4582 πῶς
2604 4520 2703 4573 οὐκ
2734 4520 2842 4572 ἔδει
2890 4518 3090 4588 μᾶλλον
3136 4517 3332 4579 αὐτοὺς
3370 4515 3442 4577 ῶς
3483 4513 3573 4567 διὰ
3616 4512 3785 4582 νόμου

2202 4612 2297 4664 καὶ
2344 4608 2638 4681 προφητῶν
2674 4608 2736 4662 τὸ
2782 4605 3017 4679 Χριστοῦ
3053 4606 3349 4677 μυστήριον
3389 4603 3533 4674 μάλα
3584 4618 3786 4654 πεπαι-

2202 4700 2518 4771 δευμένους,
2559 4699 2676 4753 ὁδὸν
2707 4698 2960 4767 γενέσθαι
3006 4700 3118 4760 τοῖς
3150 4695 3331 4757 ἄλλοις
3362 4694 3452 4746 ἐπὶ
3494 4693 3555 4745 τὸ
3587 4692 3792 4762 χρῆναι

2210 4782 2484 4845 πιστεύειν
2510 4788 2690 4860 αὐτῷ;
2728 4789 2862 4843 Ἀλλ’
2892 4789 2927 4860 ἢ
2962 4790 3127 4860 φησὶν
3158 4790 3186 4841 ό
3207 4785 3417 4857 Σωτὴρ,
3444 4784 3601 4851 δόξαν
3634 4783 3790 4853 παρὰ

2210 4880 2498 4953 ἀνθρώπου
2530 4879 2854 4949 ἐλάμϐανον,
2899 4881 2992 4933 καί
3038 4879 3138 4949 τὴν
3169 4876 3328 4941 δόξαν
3372 4874 3471 4945 τὴν
3500 4873 3653 4942 παρά
3687 4870 3782 4924 τοῦ

2213 4973 2373 5042 μόνου
2428 4970 2522 5025 τοῦ
2577 4970 2711 5024 Θεοῦ
2761 4972 2862 5024 οὐκ
2909 4972 3155 5041 ἐζήτουν.
3226 4970 3289 5021 Et
3338 4966 3447 5037 γὰρ
3494 4966 3783 5017 ἐπίστευον

2208 5069 2403 5138 Μωσῇ,
2439 5065 2723 5119 ἐπίστευον
2758 5066 2824 5119 ἂν
2861 5064 3030 5135 αὐτῷ,
3067 5063 3198 5132 περὶ
3230 5061 3339 5132 γὰρ
3369 5059 3534 5113 αὑτοῦ
3578 5060 3786 5119 ἐκεῖνος

2209 5158 2466 5229 ἔγραψεν.
2503 5155 2763 5224 Γεγόνασι
2794 5155 2974 5208 τοίνυν
2999 5153 3188 5222 τυφλοὶ
3220 5153 3315 5205 καὶ
3337 5150 3551 5219 τυφλῶν
3578 5148 3783 5219 ὁδηγοί,

2211 5248 2398 5321 Ταύτῃ
2420 5264 2503 5301 τοι
2527 5248 2620 5301 καὶ
2648 5245 3057 5315 διωλισθήκασι,
3100 5242 3193 5296 καὶ
3233 5244 3313 5305 εἰς
3341 5242 3464 5304 τοὺς
3495 5242 3593 5310 τῆς
3630 5239 3786 5290 ἀπω-

2212 5340 2360 5402 λείας
2391 5338 2711 5392 πεπτώκασι
2756 5338 3001 5408 βόθρους.
3032 5336 3097 5389 Τί
3143 5330 3236 5388 οῦν
3268 5337 3296 5385 ὁ
3329 5335 3612 5405 προφήτης
3642 5332 3786 5397 ἀγα-

2217 5430 2337 5492 Οαῖς
2397 5429 2592 5491 αὐτοὺς
2641 5428 2943 5490 νουθεσίαις
3006 5424 3434 5496 μετασκευάζειν
3492 5425 3786 5493 πειρᾶταις

2214 5523 2349 5593 πρὸς
2391 5523 2451 5575 τὸ
2487 5522 2594 5574 δεῖν
2644 5520 2861 5573 ἑλέσθαι
2908 5517 2979 5571 τὰ
3022 5518 3229 5589 ἀμείνω
3275 5520 3511 5589 φρονεῖν,
3550 5515 3788 5576 καὶτοῖς

2216 5613 2312 5667 τοῦ
2346 5614 2597 5685 Σωτῆρος
2631 5613 2923 5683 πειρᾶσθαι
2955 5612 3151 5679 λόγοις.
3191 5610 3508 5681 ’Λναμίσγει
3549 5607 3608 5661 δὲ
3652 5623 3797 5679 χρη-ν

1157 5806 1265 5860 "ll
1300 5806 1422 5863 Cor.
1469 5823 1519 5873 ν,
1554 5807 1632 5861 l0.
1713 5806 1755 5837 "
1797 5802 2097 5870 Jcrctn.xn,
2134 5802 2213 5857 l0.
2294 5804 2335 5835 ³⁸
2394 5802 2592 5858 Jerctn.
2650 5817 2701 5864 χ,
2751 5799 2844 5861 ill.
