4094 6366
280 439 354 493 '53
1422 434 1493 487 ΙΝ
1535 431 1789 490 ISAIAM.
1835 430 1878 485 I.‘

2007 431 2043 485 I.
2088 430 2297 487 ΟΒᾹΤ.
2341 431 2380 487 1.
3491 432 3562 485 δι

283 561 463 630 σίμως
520 556 639 617 ταῖς
695 553 776 615 εἰς
834 550 991 604 τοῦτο
1042 548 1346 613 νουθεσίαις
1402 549 1501 621 τὴν
1565 546 1877 617 ἐπίπληξιν,

1987 547 2038 600 ἰιι
2076 548 2180 602 illis
2215 548 2328 601 haec
2360 547 2604 602 stultitiae
2638 549 2878 602 vulnera.
2906 545 3136 617 Ideoque
3171 547 3338 603 dicit:
3365 546 3562 603 Audite

285 646 573 719 μονονουχὶ
602 642 862 705 ποικίλως
905 640 1294 711 ὲσκευασμένῳ
1329 641 1627 711 φαρμάκῳ,
1673 639 1741 693 τα
1777 638 1878 708 τῆς

281 741 341 793 ἐν
374 740 557 801 αὐτάς
596 734 918 797 δυσϐουλίας
972 730 1290 803 θεραπεύων
1332 731 1641 802 τραύματα.
1692 729 1877 800 Ταύτῃ

280 850 386 893 τοι,
414 830 599 901 φησὶν,
620 826 891 882 ἀκούσατε
909 826 1063 892 λόγον
1087 825 1313 895 Κυρίου,
1331 824 1591 895 ἄρχοντες
1607 822 1874 893 Σοδόμων,

282 925 583 996 προσέχετε
609 922 770 991 νόμον
793 918 949 984 Θεοῦ,
967 918 1094 982 λαὸς
1116 918 1152 969 Γ
1155 917 1418 989 ομόρῤας.
1461 916 1705 979 ’Λκούεις
1728 917 1877 979 ὅπως

282 1016 476 1085 δήμοις
515 1014 611 1066 καὶ
641 1013 869 1083 ἄρχουσι
898 1009 997 1079 τὴν
1029 1009 1088 1075 ἐξ
1120 1010 1339 1078 ἀγάπης
1383 1007 1519 1079 ὁμοῦ
1560 1009 1650 1061 καὶ
1692 1007 1875 1077 θεοφι-

283 1100 409 1163 λοῦς
444 1100 793 1170 φρονήματος
822 1098 1074 1168 ἐπιφέρει
1103 1098 1319 1168 ῥάϐδον,
1354 1100 1447 1150 καὶ
1484 1098 1708 1167 πλήττει
1740 1098 1874 1152 πολὺ

282 1188 578 1251 νοσοῦντας
607 1189 665 1241 τὸ
698 1186 942 1249 ἀπειθές.
968 1186 1163 1239 Πόλεσι
1189 1185 1245 1239 δὲ
1271 1189 1391 1249 ταῖς
1419 1186 1876 1249 δυσσεϐεστὰταις

282 1282 614 1351 παρεικάζει
657 1281 757 1351 τήν
793 1278 1171 1349 Ἰερουσαλὴμ,
1216 1279 1291 1342 ὼς
1322 1278 1583 1350 πλείστης
1621 1279 1717 1347 μὲν
1744 1280 1875 1349 ὅσης

280 1374 594 1443 ἀνάμεστον
621 1372 919 1443 ἁμαρτίας,
949 1372 1043 1425 καὶ
1083 1371 1157 1436 ὼς
1186 1372 1375 1425 οὐδένα
1409 1371 1687 1435 παντελῶς
1721 1371 1874 1443 ἔχου-

280 1466 1870 1536 σανὲνὲαυτῇ.............

477 1597 491 1610 .
572 1599 588 1612 .
664 1596 681 1611 .
760 1597 775 1611 .
853 1596 868 1611 .
948 1597 961 1608 .
1042 1596 1057 1610 .
1137 1596 1151 1611 .
1231 1596 1247 1611 .
1323 1597 1337 1611 .
1414 1556 1873 1627 ἑὸουλεύετομὲν

280 1648 394 1720 γὰρ
419 1648 447 1700 6
475 1647 585 1701 τῶν
621 1647 755 1701 ὅλων
783 1646 915 1710 Θεὸς
949 1647 1049 1711 τὰς
1077 1646 1185 1699 τῶν
1214 1646 1518 1718 Σοδομιτῶν
1551 1645 1875 1717 κατεμπρῆ-

282 1756 377 1791 σαι
407 1738 613 1800 πόλεις,
638 1738 731 1790 καὶ
761 1735 1158 1790 ἀνεκοινώσατο
1176 1735 1236 1789 τὸ
1257 1736 1447 1806 χρῆμα
1476 1736 1555 1806 τῷ
1590 1735 1870 1806 ’Λϐραάμ;

279 1827 307 1877 6
358 1824 414 1877 δὲ
454 1824 592 1895 πρὸς
631 1825 813 1877 αὐτόν.
848 1844 866 1875 ι
901 1825 993 1896 Μὴ
1031 1824 1303 1896 ἀπολέσῃς
1338 1825 1545 1878 δίκαιον
1592 1825 1707 1895 μετ’
1741 1826 1870 1878 ἀσε-

1986 654 2290 693 sernionem
2336 639 2569 705 Domini,
2604 640 2874 709 principes
2918 639 3296 705 Sodomorum,
3343 640 3564 694 attende

1986 728 2158 800 legem
2215 731 2329 794 Dei,
2367 731 2594 799 populus
2637 730 2972 786 Gomorrhte.
3021 731 3260 785 Audisne
3290 729 3563 799 quomodo

1985 820 2127 891 plebi
2175 829 2231 874 et
2271 820 2607 888 principibus
2630 836 2696 875 ex
2728 836 2914 876 amore
2957 820 3117 875 simul
3162 830 3217 874 et
3249 820 3340 890 pio
3366 818 3562 874 aﬂ'ectn

1986 912 2189 979 virgam
2250 909 2483 974 inferat,
2532 920 2585 963 et
2638 910 3015 965 inobedientize
3058 911 3247 965 inorbo
3281 920 3565 981 corruptos

1984 1000 2140 1055 feriat
2168 1002 2191 1054 ?
2224 1001 2460 1057 Urbibus
2489 1013 2666 1055 autem
2700 1003 3073 1072 perditissimis
3106 1012 3159 1056 et
3192 1004 3424 1057 maxime
3462 1002 3565 1056 im-

1984 1094 2087 1161 piis
2114 1092 2412 1147 Jerusalem
2437 1103 2735 1163 comparat,
2762 1102 2819 1146 tit
2845 1094 3032 1147 multis
3060 1103 3366 1161 coopertum
3392 1093 3559 1157 vitiis,

1985 1199 2085 1237 nec
2108 1185 2401 1253 quidquam
2428 1185 2583 1253 plane
2606 1183 2660 1237 in
2688 1200 2745 1239 se
2775 1186 3083 1248 habentem,
3106 1189 3245 1239 unde
3273 1185 3564 1242 verisimile

1982 1284 2126 1329 e-set
2149 1290 2305 1342 posse
2327 1292 2443 1328 eam
2474 1277 2737 1329 minarum
2762 1276 2867 1328 vim
2912 1276 3277 1346 impetumque
3303 1276 3557 1347 eﬂugere.

1981 1364 2165 1419 Voluit
2198 1368 2342 1419 enim
2381 1368 2753 1421 universitatis
2800 1367 2942 1423 Deus
2973 1369 3131 1422 urbes
3172 1369 3559 1423 Sodomitano-

1986 1473 2101 1509 rum
2147 1458 2457 1521 incendere,
2494 1474 2714 1526 remque
2748 1475 2868 1513 cum
2911 1461 3223 1515 Abrahamo
3257 1462 3563 1516 communi-

1991 1551 2153 1603 cavit.
2182 1551 2279 1605 Cui
2314 1551 2401 1604 ille
2432 1568 2445 1604 :
2484 1569 2502 1602 ι
2550 1551 2803 1618 Nunquid
2834 1555 3023 1621 perdes
3053 1552 3256 1619 justum
3288 1568 3410 1608 cum
3460 1553 3563 1608 im-

1981 1640 2107 1710 pio?
2143 1642 2207 1696 Et
2233 1643 2335 1697 erit
2359 1642 2537 1711 justus
2566 1643 2791 1712 pcrinde
2834 1654 2891 1698 ut
2924 1644 3121 1713 impius
3142 1644 3226 1699 ’σί
3262 1663 3281 1696 i
3312 1644 3564 1700 Promisit

1980 1744 2159 1785 autem
2188 1735 2347 1798 Deus,
2368 1734 2410 1787 si
2445 1736 2495 1788 in
2523 1734 2772 1789 Sodomis
2795 1736 2978 1790 decem
2999 1735 3129 1804 justi
3164 1737 3560 1799 invenirentur.

1981 1840 2037 1877 se
2057 1825 2124 1878 ab
2149 1826 2223 1877 ira
2249 1825 2599 1881 destiturum.
2625 1827 2788 1893 Atqui
2816 1842 2920 1881 non
2950 1838 3077 1882 sunt
3102 1827 3305 1881 inventi
3334 1844 3349 1881 :
3378 1828 3561 1895 itaque

280 1916 414 1979 60-3;
439 1934 453 1978 ;
484 1920 577 1969 καὶ
609 1917 760 1970 ἔσται
788 1918 816 1969 6
840 1917 1048 1980 δίκαιος
1078 1917 1153 1981 ὡς
1182 1918 1211 1969 6
1242 1917 1482 1987 ἁσεϐήςξ
1513 1937 1530 1968 ι
1576 1916 1877 1988 Ἐπηγγέλ-

1983 1916 2170 1986 dignas
2199 1934 2262 1972 ac
2298 1918 2414 1971 suis
2452 1917 2670 1985 ﬂagitiis
2699 1934 2857 1988 pares
2896 1934 3084 1989 ptenas
3113 1920 3394 1974 dederunt.
3415 1919 3561 1975 Talis

278 2008 408 2059 λετο
439 2007 496 2059 δὲ
530 2007 685 2070 Θεὸς,
724 2007 772 2059 εἰ
805 2006 1076 2077 εὑρεθεῖεν
1106 2008 1164 2059 ὲν
1194 2006 1445 2077 Σοδόμοις
1487 2006 1617 2059 δέκα
1656 2006 1877 2068 δίκαιοι,

277 2101 386 2168 τῆς
412 2101 498 2151 ἐπ’
528 2100 714 2160 αὐτοῖς
744 2098 1112 2169 καταπλήξειν
1145 2098 1340 2169 ὀργῆς.
1384 2099 1522 2152 Ἀλλ’
1556 2100 1657 2152 οὐκ
1678 2098 1881 2169 ηὕρην-

278 2209 348 2243 τα
361 2210 398 2242 ι.
433 2192 727 2261 Τοιγάρτοι
759 2191 854 2243 καὶ
881 2189 1217 2255 ἑκτετίκασι,
1248 2190 1346 2253 τὰς
1380 2192 1493 2253 τοῖς
1519 2189 1724 2242 ἑαυτῶν
1753 2189 1881 2243 δυσ-

281 2284 598 2353 σεϐήμασιν
631 2283 954 2354 ίσομέτρους
980 2282 1155 2345 δίκας.
1179 2283 1414 2352 Τοιαύτη
1436 2300 1518 2347 τις
1542 2278 1609 2353 ἦν
1636 2283 1668 2353 ἡ
1700 2299 1881 2353 κυριο-

282 2376 473 2438 κτόνος
514 2374 871 2446 Ἰερουσαλὴμ
900 2373 1101 2445 πολλὴν
1142 2373 1339 2444 ἔχουσα
1377 2373 1485 2429 τῶν
1528 2374 1748 2428 δικαίων
1784 2374 1880 2445 τὴν

284 2467 507 2519 σπάνιν.
542 2466 649 2517 Καὶ
677 2463 806 2533 γοῦν
835 2465 1082 2535 ἐλιπάρει
1109 2464 1209 2534 μὲν
1235 2467 1263 2519 ὁ
1291 2464 1577 2537 προφήτης
1613 2464 1881 2536 Ἱερεμίας

284 2559 416 2627 περὶ
449 2558 641 2627 αι’δτῆς.
685 2559 827 2628 Ἔφη
874 2557 929 2610 δὲ
976 2558 1127 2621 Θεός’
1174 2575 1193 2609 ι
1240 2556 1613 2629 Περιόράμετε
1659 2558 1717 2609 ἑν
1762 2559 1881 2620 ταῖς

282 2652 425 2715 ὁδοῖς
467 2650 842 2721 Ἰερουσαλὴμ,
878 2651 972 2704 καὶ
1000 2651 1159 2713 ἴδετε,
1193 2650 1286 2702 καὶ
1333 2649 1527 2719 γνῶτε,
1574 2651 1667 2703 καὶ
1715 2650 1880 2722 ζητή-

284 2758 419 2795 σατε
453 2743 511 2793 ἐν
540 2744 660 2805 ταῖς
693 2742 973 2805 πλατείαις
1009 2742 1201 2812 αὐτῆς,
1238 2742 1333 2794 ἐὰν
1378 2739 1576 2812 εὕρητε
1606 2741 1796 2811 ἄνδρα,
1830 2742 1879 2794 εί

283 2833 404 2885 ἔστι
448 2833 622 2885 ποιῶν
654 2834 845 2903 κρῖμα,
877 2832 964 2886 καὶ
993 2831 1172 2903 ζητῶν
1209 2831 1413 2893 πίστιν,
1441 2832 1535 2884 καὶ
1562 2830 1719 2894 ἵλεως
1758 2832 1879 2883 ἔσο-

288 2944 389 2995 μαι
430 2928 594 2997 αὐτῇ,
641 2926 787 2994 λέγει
840 2925 1059 2996 Κύριος.
1094 2945 1111 2976 ι
1148 2925 1271 2977 ’Ότι
1304 2922 1504 2986 τοίνυν,
1539 2923 1766 2994 ρυπῶσά
1795 2940 1877 2989 τε,

286 3019 385 3068 καὶ
412 3019 525 3080 τοῖς
561 3020 619 3069 ἑν
652 3016 984 3086 φαυλότητος
1017 3016 1310 3086 μολυσμοῖς
1343 3013 1696 3084 πολυτρόπως
1726 3030 1882 3083 κεκη-

286 3109 584 3179 λιδωμένη,
619 3108 709 3160 καὶ
733 3107 929 3178 πολλὴν
963 3106 1158 3177 ἔχουσα
1187 3104 1294 3157 τῶν
1318 3104 1489 3172 ἁγίων
1529 3102 1627 3176 τὴν
1661 3103 1876 3167 σπάνιν,

289 3199 504 3268 Σόδομα
541 3216 602 3251 τε
650 3199 821 3270 αὐτὴν
856 3200 948 3251 καὶ
982 3198 1236 3269 Γομόρῤα
1275 3195 1450 3259 καλεῖ,
1493 3194 1641 3258 λαοῖς
1684 3213 1742 3249 τε
1783 3196 1876 3249 καὶ

287 3291 641 3360 ἡγουμένοις,
664 3290 761 3358 τῆς
799 3288 1100 3358 Σοδομιτῶν
1128 3285 1469 3357 ἀκαθαρσίας
1504 3286 1756 3356 ἐπιφέρει
1786 3287 1876 3339 τὸν

293 3382 507 3452 μῶμον.
535 3381 601 3432 Τί
633 3381 687 3434 δὲ
711 3381 775 3449 δὴ
799 3380 893 3434 καί
924 3397 1088 3449 φησιν
1114 3396 1128 3444 ;
1160 3377 1428 3433 ἀκούσατε
1462 3376 1617 3444 λόγον
1654 3378 1879 3449 Κυρίου,

287 3476 552 3544 ἄρχοντες
594 3473 866 3544 Σοδόμων,
916 3471 1212 3543 προσέχετε
1256 3471 1419 3540 νόμον
1452 3470 1586 3523 Θεοῦ
1627 3470 1753 3535 λαὸς
1787 3471 1883 3524 Γο-

289 3566 530 3638 μόρρας.
584 3564 944 3636 Ἀνανήψατε,
992 3565 1177 3635 φησὶν,
1220 3563 1416 3635 βραχύ.
1466 3565 1576 3620 Καὶ
1630 3566 1749 3627 ταῖς
1785 3561 1880 3615 τοῦ

289 3660 580 3727 πανσόφου
619 3657 862 3721 Μωσέως
910 3658 1135 3727 φωναῖς,
1167 3656 1263 3727 τῆς
1293 3657 1503 3710 ἑαυτῶν
1526 3657 1764 3719 διανοίας
1789 3655 1882 3709 τὸν

289 3748 575 3819 ὀφθαλμὸν
618 3747 899 3812 ἐνιδόντες,
943 3746 1004 3799 τὸ
1042 3745 1279 3819 Χριστοῦ
1328 3750 1502 3802 νοεῖτε
1559 3750 1873 3820 μυστήριον.

294 3843 440 3911 Ἕφη
466 3840 580 3911 γὰρ
600 3841 628 3893 6
656 3841 880 3910 Μωσῆςο
916 3857 935 3889 ι
962 3839 1083 3891 Ὅτι
1110 3840 1397 3910 προφήτην
1429 3840 1556 3911 ὑμῖν
1588 3840 1880 3909 ἀναστήσει

290 3935 494 4006 Κύριος
536 3934 567 3986 6
602 3932 734 3996 Θεὸς
766 3930 920 4002 ὑμῶν
962 3932 1026 3985 ἑκ
1059 3931 1167 3985 τῶν
1202 3932 1446 4003 ἀδελφῶν
1475 3930 1628 4003 ὑμῶν
1654 3933 1729 3996 ὼς
1758 3931 1878 4003 ἐμέ·

290 4026 458 4079 αὑτοῦ
505 4023 808 4078 ἀκούσεσθε
852 4024 994 4078 κατὰ
1036 4023 1221 4078 πάντα
1254 4025 1356 4078 ὅσα
1389 4022 1457 4077 ἂν
1493 4023 1703 4097 λαλήσῃ
1745 4022 1883 4093 πρὸς

291 4120 460 4187 ὑμᾶς.
497 4137 517 4170 ι
560 4115 859 4169 Ἀκούσατε
888 4115 1067 4169 τοίνυν
1117 4115 1273 4184 λόγον
1307 4114 1537 4186 Κυρίου,
1584 4114 1883 4184 προσέχετε

291 4213 381 4265 τὸν
428 4209 528 4264 τοῦ
570 4208 707 4262 Θεοῦ
743 4208 943 4280 νόμονο
973 4207 1119 4262 τοῦτ’
1154 4207 1293 4272 ἐστι,
1328 4208 1555 4279 νοήσατε
1594 4206 1687 4259 καὶ
1730 4204 1884 4258 αὐτοὶ

292 4305 400 4357 τῶν
447 4302 827 4373 εὐαγγελικῶν
874 4299 1261 4370 θεσπισμάτων
1300 4298 1397 4370 τὴν
1429 4297 1676 4367 δύναμιν.
1712 4296 1884 4349 Τοῦτο

294 4400 672 4468 προστέταχεν
700 4398 727 4449 ὀ
750 4396 987 4465 Μωσῆς;
1012 4393 1350 4461 παιδαγωγεῖ
1376 4391 1481 4463 γὰρ
1508 4392 1601 4444 ἑπὶ
1625 4390 1880 4461 Χριστὸν,

292 4494 388 4542 καὶ
434 4488 547 4541 τῶν
587 4486 828 4557 νομικῶν
866 4485 1251 4555 θεσπισμάτων
1294 4482 1355 4534 τὸ
1390 4482 1563 4551 πέρας
1594 4482 1673 4544 εἰς
1701 4479 1762 4532 τὸ
1794 4478 1881 4531 ἐπ’

1985 2026 2197 2081 quoque
2238 2011 2339 2065 fuit
2372 2012 2485 2066 haec
2524 2011 2826 2067 Jerusalem
2857 2013 3068 2068 Domini
3112 2013 3470 2079 interfectrix,
3506 2018 3560 2068 in

1983 2120 2086 2172 qua
2122 2118 2315 2173 magna
2349 2116 2466 2157 erat
2500 2102 2772 2170 justortttn
2826 2104 3102 2158 hominum
3132 2106 3374 2173 penuria.
3421 2102 3560 2159 Nam

1983 2211 2105 2247 cum
2147 2209 2244 2263 pro
2278 2210 2339 2248 ea
2385 2194 2652 2250 Jereniias
2699 2196 2960 2265 pr0plieta
3013 2197 3375 2266 supplicaret,
3419 2196 3561 2252 dixit

1988 2284 2130 2338 Deus
2162 2301 2177 2338 :
2217 2304 2235 2336 ι
2270 2285 2704 2341 Circumcursate
2733 2286 2786 2339 in
2821 2286 2921 2340 viis
2948 2284 3251 2339 Jerusalem
3277 2295 3332 2341 et
3355 2287 3555 2354 videte,

1982 2387 2034 2428 et
2083 2378 2429 2447 cognoscite,
2479 2391 2681 2447 perque
2732 2378 2938 2448 plateas
2984 2378 3102 2446 ejus
3151 2378 3478 2444 conquirite,
3512 2378 3556 2432 si

1981 2483 2141 2537 quem
2186 2470 2528 2537 comperietis
2567 2472 2773 2534 virum,
2820 2470 2909 2539 qui
2951 2468 3042 2539 jus
3091 2470 3255 2525 faciat
3295 2479 3348 2524 et
3397 2468 3557 2524 ﬁdem

1984 2567 2220 2625 qnmrat,
2267 2569 2321 2612 et
2370 2559 2635 2627 propitius
2680 2574 2775 2612 ero
2822 2559 2920 2621 illi,
2958 2559 3088 2614 dicit
3133 2560 3389 2615 Domitius
3430 2560 3496 2612 ’⁷.
3532 2578 3553 2611 ν

1981 2650 2117 2715 Quia
2149 2664 2278 2721 ergo
2309 2651 2586 2718 inquinata
2622 2662 2789 2710 esset.
2818 2662 2871 2705 et
2908 2653 2958 2705 in
3003 2650 3269 2706 scelerum
3308 2650 3559 2705 sordbus

1981 2742 2333 2795 multifariam
2380 2742 2639 2807 volutata,
2673 2758 2975 2814 magnaque
3020 2743 3291 2799 laboraret
3333 2754 3559 2798 sancto-

1984 2849 2102 2887 rum
2137 2834 2335 2903 in0pia,
2370 2831 2664 2889 Sodomam
2695 2845 2851 2888 vocat
2889 2850 3043 2898 eam,
3083 2843 3138 2889 et
3176 2834 3557 2901 Gomorrham,

1980 2936 2035 2978 et
2069 2940 2190 2977 cum
2234 2925 2428 2994 pepulo
2460 2935 2570 2979 tum
2608 2925 2944 2994 principibus
2986 2926 3331 2982 Sodomitica:
3377 2927 3559 2996 impu-

1983 3015 2158 3070 ritatis
2200 3016 2373 3070 labem
2409 3017 2667 3086 aspergit.
2705 3017 2847 3083 Quid
2881 3019 3024 3073 cnim
3055 3020 3171 3072 ait?
3211 3018 3406 3073 Audite
3440 3036 3562 3075 ver-

1983 3107 2109 3160 bum
2151 3107 2383 3169 Domini,
2423 3108 2693 3176 principes
2726 3106 3107 3173 Sodomorum,
3138 3112 3355 3165 attende
3388 3110 3559 3179 legem

1986 3200 2097 3263 Dei,
2127 3200 2319 3268 popnle
2348 3198 2683 3255 GOIIIOI‘I‘ltZB.
2717 3199 2998 3269 Evigilate,
3025 3202 3221 3271 inquit,
3248 3218 3559 3274 parumper,

1982 3304 2034 3346 et
2080 3291 2465 3360 sapientissimi
2508 3290 2674 3345 Musis
2710 3292 2887 3346 verbis
2926 3293 3081 3347 oculo
3128 3295 3325 3348 mentis
3366 3304 3562 3351 vestrae

1983 3384 2208 3449 intento,
2243 3383 2442 3437 Christi
2479 3384 2793 3455 mysterium
2837 3385 3142 3456 intelligite.
3196 3388 3337 3441 Dixit
3362 3388 3562 3457 quippe

1981 3475 2156 3531 Moses
2190 3494 2203 3530 :
2243 3494 2261 3527 ι
2299 3476 2624 3544 Proplietam
2651 3477 2914 3532 excitabit
2940 3480 3091 3533 vobis
3129 3478 3391 3533 Dominus
3417 3480 3561 3536 Deus

1980 3578 2198 3631 vester,
2247 3582 2312 3623 ex
2358 3568 2619 3624 fratribus
2667 3571 2865 3624 vestris
2912 3570 3142 3625 similem
3202 3572 3327 3626 tnei.
3378 3572 3556 3639 Ipsum

1980 3662 2217 3716 audietis
2249 3662 2301 3715 in
2332 3664 2585 3717 omnibus
2616 3676 2951 3732 quaecunque
2999 3662 3212 3718 locutus
3252 3663 3431 3731 fuerit,
3463 3681 3561 3720 vo-

1982 3753 2064 3808 bis
2109 3755 2250 3807 ²⁸·²⁹.
2281 3772 2300 3807 ι
2332 3754 2528 3811 Audite
2568 3758 2728 3825 igitur
2764 3757 2987 3812 verbum
3024 3758 3258 3824 Domini,
3294 3761 3561 3817 attendite

1983 3844 2154 3915 legem
2186 3844 2300 3911 Dei,
2344 3847 2395 3900 id
2424 3856 2528 3911 est,
2574 3847 2859 3917 intelligite
2891 3850 3053 3904 etiam
3097 3850 3311 3921 ipsitnet
3351 3854 3561 3923 angeli-

1983 3952 2171 3990 corum
2202 3938 2544 3993 oraculorum
2570 3941 2703 3994 vim.
2738 3940 2846 3995 lloc
2875 3939 3050 3996 Moses
3076 3944 3350 4012 przecepit,
3376 3946 3554 4014 paeda-

1982 4042 2149 4098 gogus
2182 4029 2325 4083 enim
2358 4040 2438 4083 est
2474 4028 2541 4084 ad
2569 4030 2878 4097 Christum,
2913 4043 2968 4087 et
2997 4033 3121 4087 linis
3154 4034 3402 4106 legalium
3432 4053 3561 4091 ora-

1982 4119 2223 4171 culorum
2260 4120 2511 4189 pertinet
2555 4122 2623 4174 ad
2670 4122 2770 4175 hoc
2796 4122 2864 4177 de
2901 4123 2989 4178 illo
3020 4126 3363 4196 mysterium.
3404 4145 3423 4179 ι
3466 4127 3559 4182 Vel

1982 4210 2153 4281 legem
2195 4211 2314 4279 Dei,
2353 4212 2824 4282 reprehensionem
2862 4216 2991 4270 dicit
3015 4217 3113 4287 (l).
3146 4236 3164 4268 ι
3195 4216 3394 4273 Verum
3438 4221 3558 4273 exi-

1982 4304 2237 4367 stimatis,
2274 4303 2470 4374 inquit,
2500 4321 2596 4360 vos
2632 4306 2853 4374 pulchre
2879 4307 3091 4376 placere
3122 4310 3249 4375 Deo,
3284 4312 3424 4379 quod
3455 4311 3561 4383 ιά,

1986 4395 2161 4465 typica
2197 4406 2251 4449 et
2286 4396 2583 4450 umbratica
2624 4396 2852 4463 implere
2882 4399 3167 4454 studentis.
3210 4399 3407 4454 Audite
3436 4417 3560 4455 eum

1982 4483 2293 4553 loquentem
2352 4486 2629 4553 antiquam
2685 4485 2893 4556 legem,
2947 4490 3207 4557 vobisque
3263 4490 3560 4555 dicentem,

292 4580 443 4649 αὑτῷ
483 4579 672 4649 βλέπει
707 4577 1022 4647 μυστήριον.
1068 4574 1205 4627 Ἀλλ’
1233 4573 1431 4639 οἴεσθε,
1471 4573 1656 4642 φησὶν,
1688 4572 1878 4642 εὐαρε-

1985 4574 2250 4642 Qnorsutn
2288 4577 2419 4631 mihi
2455 4578 2741 4632 multitudo
2775 4579 3173 4643 sacriﬁciorum
3214 4582 3561 4635 vestrorum?

294 4675 439 4724 στεῖν
474 4670 554 4740 τῷ
582 4668 722 4739 Θεῷ,
754 4668 840 4721 διὰ
872 4666 967 4720 τοῦ
1005 4665 1245 4737 πληροῦν
1277 4664 1482 4717 ἐθέλειν
1508 4663 1578 4716 τὰ
1607 4665 1664 4715 ἑν
1690 4661 1882 4725 τύποις

293 4766 386 4817 καὶ
428 4765 635 4826 σκιαῖς.
689 4760 984 4814 Ἀκούσατε
1022 4759 1271 4827 λέγοντος
1306 4756 1397 4811 τοῦ
1429 4757 1523 4810 καὶ
1559 4755 1723 4809 αὑτὸν
1754 4755 1882 4825 ὑμῖν

291 4857 381 4909 τὸν
415 4856 587 4923 πάλαι
621 4853 955 4923 λαλήσαντος
986 4852 1166 4921 νόμον.
1205 4850 1271 4901 Τί
1304 4865 1392 4918 μοι
1425 4847 1627 4917 πλῆθος
1654 4845 1761 4898 τῶν
1791 4845 1882 4897 θυ-

296 4949 425 5001 σιῶν
466 4947 644 5017 ὑμῶν,
674 4945 822 5012 λέγει
853 4942 1072 5013 Κύριος.
1106 4941 1328 5011 Πλήρης
1367 4940 1503 5010 εἰμί.
1550 4939 1611 4990 El
1647 4937 1744 5007 μὲν
1771 4936 1880 5008 γὰρ

293 5042 366 5103 ὡς
396 5038 643 5108 δεομένῳ
682 5036 1008 5107 προσάγετε,
1037 5030 1384 5101 πεπλάνησθε
1410 5029 1503 5082 τοῦ
1533 5028 1762 5091 εἰκότος,
1794 5044 1880 5080 σο-

293 5132 392 5199 φοῦ
436 5148 497 5183 τε
543 5129 638 5182 καὶ
672 5126 905 5195 ἀληθοῦς
946 5123 1356 5195 διημαρτήκατε
1397 5118 1678 5189 λογισμοῦ.
1714 5118 1882 5170 Ἐνδεῖ

294 5224 402 5293 γὰρ
447 5223 586 5283 ὅλως
630 5219 782 5271 οὐδὲν
818 5220 887 5287 τῇ
927 5216 995 5269 τὰ
1047 5215 1227 5268 πάντα
1274 5212 1559 5284 πληρούσῃ
1584 5212 1764 5280 φύσει,
1799 5212 1881 5263 ὅτι

293 5315 462 5384 αὐτῆς
484 5312 552 5364 τὰ
577 5311 775 5372 πάντα,
803 5311 898 5363 καὶ
922 5309 1054 5380 παρ’
1076 5307 1247 5377 αὐτῆς
1269 5308 1379 5367 τοῖς
1405 5304 1604 5366 ἄλλοις.
1640 5321 1658 5353 ι
1687 5302 1752 5355 Τί
1774 5302 1882 5373 γὰρ

294 5406 437 5475 ἔχεις
482 5403 510 5456 ὃ
556 5403 659 5455 οὐκ
688 5400 897 5463 ἑλαὸες.
940 5420 958 5451 ι
991 5401 1199 5470 Πρέποι
1241 5397 1306 5450 ἂν
1338 5394 1591 5463 λέγεσθαι
1621 5395 1687 5465 τῇ
1721 5393 1881 5461 φύσει

292 5496 491 5551 κτίσει.
549 5495 771 5565 Ἀπὲχω
820 5492 929 5563 γὰρ
973 5491 1087 5553 νῦν,
1128 5488 1315 5561 φησὶν,
1356 5489 1449 5541 καὶ
1489 5486 1879 5559 πεπλήρωμαι,

292 5594 383 5645 καὶ
410 5592 513 5644 οὐκ
535 5590 603 5643 ἂν
625 5588 846 5661 ἑλοίμην
873 5589 953 5642 ἑτι
982 5587 1079 5652 τὰς
1105 5586 1234 5658 παρ’
1257 5584 1437 5639 αὐτῶν
1469 5584 1680 5648 θυσίας.
1730 5584 1880 5657 Ὀνήο

361 5744 409 5775 ’⁸
458 5743 599 5799 Gen.
636 5758 797 5806 xviii,
843 5741 935 5796 9.5.
1013 5740 1280 5795 "Jerem.
1316 5756 1367 5805 v,
1396 5741 1447 5793 l.

364 5881 438 5953 (Ι)
476 5882 680 5939 Desunt
719 5881 835 5937 haec
869 5879 1029 5937 verba
1065 5880 1117 5936 in
1149 5877 1336 5935 Graeco
1367 5877 1488 5934 cod.

1522 5740 1642 5772 '3'"
1695 5739 1853 5796 Deut.
1890 5754 2046 5809 xvut,
2082 5740 2171 5796 15.

1987 4669 2117 4722 dicit
2141 4668 2421 4723 Dominus.
2454 4669 2652 4724 Plenus
2681 4687 2822 4724 sum.
2859 4672 2993 4726 Nam
3023 4674 3066 4726 si
3102 4682 3353 4742 tanquam
3379 4676 3559 4741 egenti

1984 4755 2211 4820 offertis,
2248 4756 2361 4824 jam
2405 4758 2472 4813 ab
2505 4760 2687 4813 ollicio
2724 4763 3045 4827 recessistis,
3078 4772 3132 4817 et
3158 4781 3186 4817 a
3215 4765 3560 4819 considerata

1981 4863 2217 4919 veraque
2283 4850 2493 4905 ratione
2546 4852 2864 4907 aberrastis.
2924 4852 3158 4909 Omnino
3214 4856 3359 4909 enim
3424 4857 3561 4911 nihil

1982 4937 2134 4993 deest
2182 4939 2231 4993 ei
2282 4951 2520 5008 naturae,
2559 4959 2679 5011 quae
2728 4945 2961 5012 complet
3010 4947 3218 5011 omnia,
3268 4949 3392 5015 quia
3444 4950 3560 5017 ejus

1983 5042 2110 5086 sunt
2137 5032 2338 5095 omnia,
2367 5042 2419 5085 et
2440 5034 2506 5087 ab
2530 5049 2592 5087 ea
2626 5034 2746 5089 aliis
2778 5038 3171 5105 suppeditatur.
3202 5058 3220 5090 ι
3250 5039 3387 5106 Quid
3412 5042 3558 5095 enim

1982 5124 2171 5187 habes,
2205 5126 2347 5191 quod
2381 5139 2485 5176 non
2520 5126 2815 5194 accepisti?
2840 5128 2885 5159 ³⁸
2916 5147 2934 5179 ›
2976 5127 3030 5182 ld
3060 5131 3202 5183 enim
3232 5132 3428 5185 merito
3454 5133 3559 5187 dici

1984 5216 2184 5283 poterit
2228 5226 2511 5269 creaturae.
2557 5215 2795 5271 Fastidio
2846 5221 2989 5271 enim
3038 5236 3201 5287 nunc,
3258 5223 3454 5292 inquit,
3504 5233 3561 5277 et

1982 5306 2171 5376 plenus
2221 5323 2341 5362 sum
2376 5323 2390 5361 :
2420 5323 2519 5363 nec
2565 5325 2819 5377 cuperem
2866 5312 2934 5366 ab
2988 5313 3091 5368 illis
3134 5316 3401 5370 sacrificia
3443 5330 3560 5368 am-

1984 5397 2145 5466 plius.
2176 5395 2359 5463 Quid?
2389 5399 2475 5452 dic
2502 5400 2655 5463 mihi,
2689 5401 2884 5469 ecquid
2912 5402 3154 5471 proderit
3189 5406 3561 5458 universitatis

1988 5488 2096 5542 Deo
2141 5490 2282 5543 aries
2330 5489 2705 5545 sacriﬁcatus?
2749 5490 2956 5561 Ecquid
3006 5494 3247 5562 proderit
3296 5508 3559 5563 agnorunt

1986 5580 2185 5651 adeps?
2208 5580 2271 5637 Et
2292 5582 2339 5637 si
2368 5592 2644 5637 taurorum
2669 5594 2720 5638 et
2746 5585 3015 5642 hircorum
3039 5590 3259 5659 sanguis
3277 5588 3558 5654 offeratur,

2248 5742 2293 5774 ³ο
2321 5742 2338 5797 ι
2368 5740 2495 5798 Cor.
2540 5759 2614 5811 iv,
2646 5743 2701 5797 7.
