4094 6366
554 430 626 493 35
1549 436 1608 493 S.
1649 426 1925 493 CYRILLI
1967 428 2436 491 ALEXANDRINI
2474 428 2794 492 ARClllEP.
3742 429 3812 495 36

564 568 727 624 quam
758 548 1084 621 voluptatem
1113 562 1176 607 ex
1210 552 1324 605 istis
1351 563 1569 620 caperet
1599 554 1774 608 Deus?
1803 553 1933 619 Quis
1958 550 2128 619 exegit

2238 566 2319 603 σει
2365 551 2472 623 γὰρ
2512 552 2681 619 ὅπως,
2721 552 2841 605 εἰπέ
2875 569 2986 622 μοι,
3025 552 3115 604 τὸν
3158 550 3266 605 τῶν
3307 551 3442 605 ὅλων
3487 552 3619 606 Θεὸν
3658 555 3815 624 κριὸς

561 647 676 701 tunc
708 647 774 700 de
831 645 1077 699 manibus
1107 644 1341 699 vestris?
1379 644 1487 698 Etsi
1521 645 1663 697 enim
1710 644 1884 698 Moses
1921 643 2132 696 locutus

558 749 645 793 est
686 739 752 793 de
798 737 1031 791 victimis
1081 745 1135 789 et
1169 736 1393 802 hostiis,
1431 751 1492 790 ea
1542 745 1723 789 tamen
1769 735 1947 789 cultus
1995 733 2133 787 ratio

558 833 858 902 antiquitus
893 831 1000 885 Deo
1035 830 1254 883 minime
1286 829 1384 883 fuit
1420 838 1663 897 accepta.
1702 826 1973 882 Nimirum
2007 829 2129 895 quia

558 941 653 993 per
685 926 908 993 tiguram
939 933 992 977 et
1016 924 1259 977 umbram
1292 922 1359 975 ad
1390 923 1672 975 veritatem
1714 921 1917 974 erudiri
1970 935 2132 989 opor-

559 1016 726 1082 tebat,
758 1015 946 1084 legalia
973 1015 1264 1069 constituta
1300 1026 1425 1067 sunt
1458 1029 1632 1083 usque
1675 1014 1740 1066 ad
1786 1021 1997 1082 tempus
2042 1013 2130 1066 in-

557 1107 928 1169 stauratiouis,
970 1120 1067 1159 nec
1112 1106 1183 1158 ita
1231 1113 1408 1158 tamen
1451 1104 1773 1168 constituta,
1817 1104 1969 1173 quasi
2006 1118 2131 1157 vere

555 1196 667 1253 Deo
709 1208 881 1266 grata.
934 1197 1042 1252 Nec
1090 1196 1308 1251 omnino
1351 1206 1406 1250 et
1451 1195 1693 1251 absolute
1738 1197 1804 1250 de
1851 1195 2131 1249 sacriﬁciis

555 1287 816 1357 legalibus
858 1298 941 1341 est
992 1288 1205 1341 locutus
1239 1306 1251 1342 :
1286 1298 1341 1340 at
1385 1289 1509 1357 quia
1552 1287 1765 1341 infirma
1813 1303 1965 1341 mens
2011 1296 2131 1340 erat

563 1395 774 1439 eorum.
808 1379 897 1447 qui
949 1380 1096 1433 hisce
1146 1380 1465 1433 rudimentis
1513 1388 1641 1433 tunc
1690 1378 2128 1442 instituebantur,

557 1481 654 1535 per
680 1478 862 1540 typum
891 1479 946 1522 et
978 1469 1221 1523 umbram
1253 1470 1317 1522 ad
1350 1470 1631 1523 veritatem
1656 1470 1808 1539 quasi
1839 1486 1999 1523 manu
2028 1471 2128 1523 du-

554 1561 840 1613 rebantur.
900 1559 1004 1613 Sed
1049 1560 1374 1614 adventante
1419 1570 1690 1628 tempore,
1737 1576 1844 1631 quo
1883 1561 2128 1614 veritatis

555 1650 1005 1720 pulchritmliuem
1049 1653 1331 1719 oportebat
1368 1653 1692 1715 enitesaere,
1741 1662 1898 1723 typus
1942 1635 2127 1707 irritus

552 1751 661 1806 est,
694 1742 881 1795 umbra
932 1742 1155 1796 inutilis.
1191 1742 1318 1798 Ideo
1349 1744 1426 1797 ait
1455 1765 1468 1799 :
1494 1743 1717 1799 Calcare
1742 1746 1878 1799 atria
1908 1760 2023 1799 mea
2059 1760 2128 1800 ne

555 1832 929 1901 perrexeritis.
976 1832 1030 1885 Si
1078 1832 1388 1887 obtuleritls
1421 1832 1803 1903 similaginem,
1835 1837 1996 1890 inane
2038 1837 2125 1890 in-

2230 643 2720 713 ὠλοκαυτωμένοςς
2751 644 2805 697 τί
2831 644 2887 697 δὲ
2915 644 2975 696 τὸ
3013 644 3122 697 τῶν
3151 645 3329 714 ἀρνῶν
3364 645 3485 715 ἡσει
3523 647 3721 719 στέαρ;
3762 652 3812 703 εί

2230 733 2287 785 δὲ
2307 732 2369 804 δὴ
2394 734 2488 788 καὶ
2516 734 2734 805 τράγων
2756 734 2848 787 καὶ
2876 732 3090 805 ταύρων
3115 730 3253 805 αἷμα
3284 734 3660 805 προσφέροιτο,
3693 738 3813 802 πῶς

2231 823 2425 893 ἡσθείη
2458 824 2546 877 διὰ
2571 824 2729 877 τοῦτο
2766 823 2931 889 Θεός;
2966 824 3047 887 τίς
3082 824 3191 895 γὰρ
3219 823 3509 895 ὲξεζὴτησε
3541 825 3715 879 ταῦτα
3744 829 3811 880 ὲκ

2228 914 2339 967 τῶν
2374 914 2571 985 χειρῶν
2603 914 2795 985 ύμῶν;
2840 918 2889 969 εἰ
2930 915 3038 983 γὰρ
3069 917 3164 969 καὶ
3207 916 3503 986 λελάληκεν
3540 920 3568 970 6
3601 920 3811 989 Μωσῆς

2232 1006 2357 1074 περὶ
2386 1006 2847 1076 ὁλοκαυτωμάτων
2884 1007 2978 1060 καὶ
3015 1006 3233 1069 θυσιῶν,
3273 1007 3387 1059 ἀλλ’
3412 1004 3479 1079 ἦν
3509 1010 3601 1061 καὶ
3634 1009 3809 1063 πάλαι

2229 1097 2327 1165 τῆς
2375 1097 2585 1150 τοιᾶσδε
2630 1096 2883 1168 λατρείας
2922 1098 2950 1149 6
2990 1098 3188 1167 τρόπος
3224 1097 3523 1168 ἀϐούλητος
3550 1100 3629 1168 τῷ
3656 1100 3803 1169 Θεῷ.

2242 1186 2457 1256 Ἐπειδὴ
2506 1186 2562 1239 δὲ
2600 1186 2688 1240 διὰ
2724 1186 2894 1239 τύπου
2937 1186 3031 1239 καὶ
3073 1188 3229 1250 σκιᾶς
3277 1187 3639 1255 παιδαγωγεῖν
3697 1189 3807 1241 ἔδει

2230 1272 2368 1343 πρὸς
2398 1273 2656 1345 ἀλήθειαν
2686 1275 2851 1345 μέχρι
2879 1274 3075 1345 καιροῦ
3110 1273 3446 1346 διορθώσεως
3470 1277 3707 1331 τέθειται
3737 1280 3806 1331 τὰ

2229 1364 2287 1416 ὲν
2308 1364 2477 1434 νόμῳ,
2512 1364 2708 1418 οὐκοῦν
2738 1365 2861 1417 ὅσον
2892 1360 3026 1438 ἦκεν
3051 1365 3129 1427 εἷς
3154 1384 3217 1435 γε
3244 1365 3303 1418 τὸ
3329 1365 3525 1436 ἀληθὲς
3546 1369 3806 1439 ἀρέσκειν

2229 1456 2308 1527 τῷ
2335 1456 2476 1527 Θεῷ·
2513 1457 2619 1509 οὐδ’
2651 1457 2716 1510 ἂν
2747 1456 2881 1521 ὅλως
2908 1457 3134 1528 ἐλάλησε
3164 1458 3289 1530 περὶ
3316 1457 3516 1511 θυσιῶν
3536 1458 3643 1512 τῶν
3665 1461 3807 1514 κατᾶ

2228 1549 2411 1617 νόμον.
2454 1547 2671 1619 Ἐπειδὴ
2694 1548 2750 1601 δὲ
2779 1550 2888 1603 τῶν
2913 1550 2973 1601 τὸ
2994 1550 3247 1620 τηνικάδε
3278 1550 3622 1619 παιδαγωγου
3630 1551 3809 1621 μένων

2229 1638 2459 1711 ἀσθενὴς
2490 1635 2560 1710 ἦν
2602 1642 2630 1692 6
2671 1639 2814 1706 νοῦς,
2855 1640 3329 1711 κεχειραγώγηντο
3369 1642 3456 1695 διὰ
3498 1641 3668 1695 τύπου
3710 1643 3809 1695 καὶ

2228 1731 2327 1799 τῆς
2362 1731 2502 1783 κατά
2531 1731 2590 1784 τὸ
2613 1732 2848 1803 γράμμα
2876 1734 3032 1795 σκιᾶς
3061 1735 3139 1796 εἰς
3162 1732 3442 1804 ἀλήθειαν.
3488 1734 3806 1804 Ἐνεστηκό-

2229 1840 2319 1886 τος
2343 1823 2401 1875 δὲ
2429 1822 2523 1876 τοῦ
2557 1826 2772 1894 καιροῦ,
2802 1824 2922 1877 καθ’
2949 1824 3007 1877 ὃν
3036 1824 3140 1877 ἔδει
3167 1824 3228 1877 τὸ
3260 1823 3441 1877 λοιπὸν
3467 1824 3526 1878 τὸ
3555 1825 3652 1895 τῆς
3675 1824 3811 1895 ἀλη-

554 1937 779 1977 censnm
810 1933 914 1987 est,
944 1924 1276 1978 ahominatio
1310 1926 1440 1979 mihi
1474 1936 1578 1981 est.
1615 1925 1724 1982 Nos
1755 1927 1897 1982 enim
1932 1928 2035 1983 lide
2075 1930 2128 1983 in

2233 1915 2383 1977 θείας
2431 1914 2782 1983 ἐκφαίνεσθαι
2815 1915 3029 1980 κάλλος,
3058 1916 3308 1987 περιττὸς
3337 1918 3364 1970 6
3393 1916 3581 1981 τύπος,
3616 1916 3810 1988 ἀνόνη-

554 2010 830 2065 Christum
860 2012 1129 2076 illustrati,
1164 2015 1475 2081 splrituales
1515 2016 1722 2072 hostias
1753 2017 1869 2074 Deo
1901 2018 2133 2075 oll'ercn-

560 2106 662 2163 tes,
692 2108 878 2152 sancta
912 2100 1029 2167 ejus
1056 2101 1339 2170 implemus
1368 2106 1529 2170 atria,
1563 2106 1815 2161 nimirum
1848 2110 2127 2166 ecclesias.

555 2188 806 2243 Christus
856 2200 1034 2245 autem
1090 2194 1143 2246 in
1187 2195 1436 2251 ecclesiis
1481 2197 1685 2253 Judaici
1736 2200 1915 2255 cultus
1968 2202 2128 2256 ritum

557 2280 778 2333 minime
807 2281 1017 2350 recipit.
1053 2281 1187 2335 Nam
1221 2285 1311 2352 qui
1362 2286 1718 2357 similaginem
1745 2289 1867 2342 oleo
1893 2306 2131 2345 macera-

557 2382 668 2426 tam
695 2384 749 2426 et
787 2376 1066 2430 incensum
1093 2378 1292 2432 cadens
1322 2379 1423 2434 sub
1453 2393 1671 2434 sensum
1703 2380 1897 2437 oﬂ‘erre
1927 2386 2127 2447 volent,

557 2466 866 2535 neutiquam
900 2467 1274 2525 admittentur.
1304 2470 1647 2526 Meminimus
1674 2474 1817 2527 enim
1852 2476 1917 2529 de
1952 2490 2019 2528 eo
2052 2476 2132 2529 lo-

553 2565 739 2608 cutum
789 2568 910 2608 esse
955 2554 1166 2612 Deum:
1200 2558 1544 2612 Abominatio
1589 2570 1671 2613 est
1724 2561 1877 2614 mihi.
1920 2560 1985 2614 Et
2034 2578 2131 2615 nos

552 2646 771 2714 quidem
806 2656 953 2701 certe
983 2660 1327 2703 sacrosancta
1360 2649 1411 2703 in
1448 2649 1667 2705 Christo
1707 2650 1842 2705 festa
1886 2651 2131 2707 celebra-

562 2753 704 2792 mus.
739 2738 810 2792 At
842 2737 1012 2792 Judaei
1038 2756 1066 2792 a
1100 2741 1294 2811 typicis
1322 2742 1804 2810 significationibus
1842 2758 1947 2798 non
1980 2760 2132 2799 rece-

553 2830 769 2893 dentes,
810 2831 861 2883 iu
910 2830 1219 2888 Neomeniis
1258 2833 1415 2887 tubas
1449 2832 1656 2899 inﬂant,
1703 2836 1842 2889 diem
1879 2835 2130 2889 feriatum

555 2931 751 2990 putant
783 2937 904 2977 esse
934 2922 1250 2990 Sabbatum,
1279 2934 1334 2979 et
1362 2924 1503 2980 diem
1530 2940 1649 2995 qua:
1689 2941 1879 2993 magna
1908 2927 2125 2992 dicitur,

554 3015 761 3068 colunt.
786 3015 861 3068 Ea
889 3027 1018 3069 vero
1043 3026 1125 3070 est
1151 3016 1298 3082 festi,
1330 3017 1472 3087 quod
1504 3017 1975 3073 tabernaculorum
2002 3019 2131 3072 lixio

554 3115 804 3171 vocatur,
834 3107 953 3161 dies
978 3115 1242 3164 extrema.
1262 3107 1489 3165 Etiamsi
1519 3109 1909 3179 ijejunent,
1937 3112 2129 3181 pugnis

2232 2025 2323 2070 τος
2368 2009 2401 2077 ἡ
2430 2006 2575 2060 σκιά.
2617 2006 2799 2078 Ταύτῃ
2819 2024 2902 2060 τοι
2935 2008 3118 2078 φησὶν,
3145 2009 3225 2061 ὃτι
3254 2010 3443 2062 πατεῖν
3468 2008 3563 2080 τὴν
3594 2010 3811 2065 αύλῶνά

2236 2117 2336 2169 μου
2372 2100 2433 2152 ού
2474 2100 2869 2171 προσθήσεσθε.
2917 2102 3044 2155 Ἐὰν
3082 2099 3319 2172 φέρησθε
3362 2101 3659 2171 σεμίδαλιν,
3705 2104 3811 2174 μάέ

2230 2208 2379 2244 ταιον
2408 2191 2681 2262 θυμίαμα,
2714 2191 2988 2261 βδέλυγμά
3013 2192 3103 2263 μοί
3138 2194 3306 2247 ἐστιν.
3347 2193 3539 2263 Ἡμεῖς
3568 2194 3665 2264 μὲν
3698 2194 3811 2265 γὰρ

2232 2283 2282 2334 oi
2346 2281 2527 2334 πίστει
2577 2284 2643 2353 τῇ
2688 2285 2765 2345 εἰς
2812 2283 3044 2354 Χριστὸν
3095 2284 3654 2356 ὲκλελαμπρυσμένοι,
3707 2286 3810 2350 τάς

2233 2372 2608 2443 πνευματικὰς
2653 2372 2842 2435 θυσίας
2888 2374 3347 2444 προσκομιοῦντες
3388 2376 3466 2446 τῷ
3512 2375 3651 2446 Θεῷ,
3708 2376 3811 2439 τὰς

2232 2465 2394 2532 ἀγίας
2433 2464 2597 2518 αὐτοῦ
2648 2465 2963 2536 πληροῦμεν
3010 2465 3196 2528 αὐλὰς,
3244 2467 3389 2520 τοῦτ’
3421 2468 3567 2520 ἔστιν
3609 2467 3810 2539 ικκληέ

2235 2558 2372 2616 σίας.
2431 2557 2829 2628 ’Λπαράδεκτος
2882 2557 2938 2610 δὲ
2986 2556 3138 2628 παρά
3170 2558 3407 2628 Χριστοῦ
3445 2558 3719 2622 παντελῶς
3750 2561 3811 2611 ὲν

2232 2650 2549 2718 ἐκκλησίαις
2577 2652 2674 2721 τῆς
2714 2650 3007 2720 Ἰουδαϊκῆς
3036 2650 3293 2721 λατρείας
3324 2653 3351 2703 6
3378 2651 3593 2722 τρόπος.
3624 2651 3812 2706 Είσδε-

2233 2742 2407 2812 χθεῖεν
2433 2743 2543 2813 γὰρ
2581 2742 2647 2795 ἂν
2682 2741 2886 2811 ἥκιστά
2925 2758 2988 2809 γε
3029 2742 3303 2812 σεμίδαλιν
3332 2742 3682 2807 έλαιόδευτον,
3714 2742 3813 2795 καὶ

2221 2834 2291 2886 διὸ
2330 2832 2584 2902 αἰσθητὸν
2628 2830 2881 2903 θυμίαμα
2918 2832 3212 2903 προσάγειν
3246 2830 3539 2896 ἐθέλοντες.
3582 2833 3812 2902 Μεμνήδ

2234 2925 2371 2995 μεθα
2402 2924 2510 2995 γὰρ
2556 2924 2690 2977 Θεοῦ
2734 2924 2979 2992 λέγοντος
3016 2926 3143 2996 περὶ
3184 2923 3367 2978 αὐτοῦ.
3410 2923 3690 2993 Βδέλυγμά
3719 2924 3813 2995 μοι

2231 3018 2398 3069 ἐστιν.
2428 3016 2537 3071 Kal.
2559 3017 2719 3087 ἡμεῖς
2744 3017 2843 3087 μὲν
2876 3016 2971 3077 τὰς
3002 3017 3158 3088 ἁγίας
3190 3017 3282 3068 ἐπὶ
3310 3015 3527 3088 Χριστῷ
3551 3016 3813 3086 τελοῦμεν

2231 3109 2442 3182 ἑορτάς.
2485 3110 2728 3163 Ἰουδαῖοί
2757 3126 2819 3178 γε
2859 3109 2964 3181 μὴν
2992 3110 3099 3163 τῶν
3139 3110 3197 3161 ὲν
3226 3110 3417 3173 τύποις
3455 3110 3555 3163 οὐκ
3597 3107 3814 3174 ἐξιστά-

557 3198 835 3252 humiliter
866 3215 924 3254 se
956 3202 1263 3255 Verberant.
1305 3202 1663 3269 Quamobrem
1696 3205 1921 3258 audiant
1952 3205 2126 3273 ipsum

2235 3219 2405 3272 μενοι,
2470 3202 2819 3266 σαλπίζουσιν
2881 3204 2940 3255 ὲν
3004 3202 3313 3273 Νεομηνίας
3377 3202 3581 3273 ἡμέρᾳ,
3640 3200 3813 3270 ἀργὸν

555 3290 827 3346 dicentem
857 3306 872 3345 :
907 3292 1008 3362 15
1046 3293 1205 3347 Festa
1240 3306 1419 3348 vestra
1462 3296 1576 3350 odit
1606 3296 1786 3349 anima
1815 3312 1953 3351 mea.
2003 3296 2129 3351 Haec

562 3391 742 3437 autent
800 3385 965 3449 dicit,
1006 3400 1113 3453 quo
1155 3401 1184 3438 a
1232 3386 1367 3457 typis
1413 3386 1480 3440 ad
1526 3386 1808 3442 veritatem
1863 3388 2125 3453 traducat,

553 3476 983 3546 persuadeatque
1031 3489 1089 3530 ut
1115 3478 1317 3531 Christi
1356 3479 1591 3533 oraculis
1622 3479 1891 3534 cervicem
1935 3481 2131 3535 mentis

555 3578 893 3636 supponaut,
935 3579 987 3623 ut
1043 3570 1320 3625 nobiscum
1375 3571 1688 3641 evangelica
1736 3584 2040 3638 versentur,
2077 3584 2130 3627 et

552 3660 821 3713 suavitate
868 3660 1091 3714 odormn
1148 3660 1472 3730 spiritalium
1529 3662 1694 3717 Deum
1735 3665 2127 3733 permulceant,

556 3752 824 3820 quasique
850 3753 1145 3821 thymiama
1179 3754 1458 3822 spirituale
1484 3754 1534 3808 ei
1568 3765 1889 3810 consecrent
1914 3770 2124 3811 morum

555 3843 911 3905 modestiam,
944 3844 1297 3909 citaritatem,
1332 3856 1571 3899 mutuum
1602 3861 1871 3910 amorem,
1919 3849 2127 3916 patien-

558 3934 711 3997 tiam,
750 3936 1182 4003 temperantiam,
1212 3947 1265 3990 et
1294 3949 1420 3991 ante
1454 3938 1584 4001 alia,
1606 3938 1785 3994 tidem.
1818 3939 1913 3994 His
1936 3942 2130 3996 hostiis

554 4028 802 4093 placatur
825 4027 988 4091 Deus,
1012 4039 1066 4083 et
1086 4030 1521 4099 evangelicorum
1549 4033 1930 4088 vaticiniorum
1955 4036 2127 4090 virtus

554 4119 640 4173 his
668 4120 999 4175 ornamentis
1030 4133 1254 4177 coronat
1283 4124 1585 4178 credentes.

2232 3294 2490 3365 ἡγοῦνται
2524 3293 2583 3346 τὸ
2613 3293 2906 3359 Σάδδατον,
2941 3292 3035 3346 καὶ
3069 3294 3167 3364 τὴν
3199 3292 3538 3363 καλουμένην
3570 3290 3814 3362 μεγάλην

2230 3386 2464 3457 τιμῶσιν
2496 3387 2731 3457 ἡμέραν.
2767 3387 2920 3438 Ἔστι
2953 3384 3008 3438 δὲ
3049 3384 3187 3455 αὕτη
3220 3385 3317 3455 τῆς
3355 3385 3546 3455 ἑορτῆς
3578 3384 3675 3453 τῆς
3713 3400 3816 3435 κα-

2230 3479 2499 3550 λουμένης
2534 3476 2905 3548 σκηνοπηγίας
2948 3477 2981 3547 ἡ
3013 3476 3318 3542 τελευταία,
3352 3476 3455 3529 κᾶν
3497 3478 3544 3528 εἰ
3586 3473 3815 3544 νηστεύ-

2234 3579 2384 3624 σειαν
2418 3569 2493 3641 τῷ
2524 3566 2662 3639 Θεῷ,
2704 3569 2966 3622 τύπτουσι
3008 3571 3252 3638 πυγμαῖς
3300 3567 3572 3621 ταπεινόν.
3603 3564 3815 3619 Ούκοῦν

2232 3662 2579 3716 ἀκουέτωσαν
2607 3660 2857 3728 λέγοντος
2887 3658 3073 3713 αὑτοῦ.
3112 3660 3223 3723 Τὰς
3256 3659 3447 3731 ἑορτὰς
3483 3658 3635 3728 ὑμῶν
3665 3658 3817 3728 μισεῖ

2232 3756 2267 3826 ἠ
2300 3754 2443 3824 ψυχή
2477 3770 2598 3823 μου.
2632 3752 2817 3807 Ταῦτα
2851 3752 2907 3805 δέ
2948 3764 3081 3823 φησι
3122 3751 3378 3822 μεθιστὰς
3409 3753 3473 3805 ὲκ
3504 3750 3687 3803 τύπων
3717 3749 3815 3802 ἐπὶ

2231 3848 2291 3900 τὸ
2316 3846 2531 3917 ἀληθὲς,
2561 3845 2655 3898 καὶ
2686 3847 2798 3907 τοῖς
2827 3844 2913 3897 διὰ
2939 3843 3175 3914 Χριστοῦ
3209 3843 3568 3913 θεσπίσμασιν
3605 3840 3812 3910 ὑποφέο

2236 3956 2348 4010 ρειν
2383 3938 2692 3992 ἀναπείθων
2733 3938 2824 3989 τὸν
2862 3936 2961 4006 τῆς
2999 3936 3236 3998 διανοίας
3274 3928 3493 4005 αὐχένα,
3527 3934 3613 3987 ἵνα
3657 3933 3813 3985 πολιε-

2231 4031 2471 4084 τεύοιντο
2517 4030 2635 4099 μεθ’
2674 4028 2831 4099 ἡμῶν
2871 4026 3259 4095 εύαγγελικῶς.
3300 4027 3432 4089 Ταῖς
3468 4026 3684 4096 νοηταῖς
3727 4023 3815 4075 εύ-

2230 4129 2450 4198 οσμίαις
2471 4124 2957 4195 κατευφραίνοντες
2976 4123 3128 4176 Θεόν.
3154 4124 3261 4175 Καὶ
3282 4121 3470 4193 ὥσπερ
3492 4140 3542 4174 τι
3561 4120 3813 4191 θυμίαμα

553 4210 921 4279 πνευματικὸν
963 4210 1304 4274 ἀνατιθέντες
1345 4212 1494 4283 αὐτῷ
1531 4213 1592 4267 τὸ
1669 4216 1908 4279 ἐπιεικὲς
1939 4218 2019 4281 είς
2054 4218 2308 4289 τρόπους,
2343 4217 2441 4288 τὴν
2489 4216 2728 4287 ἀγάπην,
2797 4216 2894 4288 τὴν
2934 4212 3305 4285 φιλαλληλίαν,
3347 4214 3445 4282 τὴν
3513 4210 3809 4281 ὑπομονὴν,

549 4306 650 4376 τὴν
679 4307 1025 4376 ἐγκράτειαν,
1056 4307 1149 4359 καὶ
1184 4305 1291 4377 πρό
1334 4323 1398 4374 γε
1429 4307 1538 4360 τῶν
1566 4307 1739 4362 ἄλλων
1785 4310 1882 4379 τὴν
1922 4310 2125 4365 πίστιν.
2168 4311 2459 4375 Τοιαύταις
2520 4310 2731 4372 θυσίαις
2762 4310 3133 4381 εὐαρεστεῖται
3198 4307 3350 4371 Θεὸς,
3388 4308 3482 4361 καὶ
3518 4305 3625 4361 τῶν
3652 4306 3814 4373 εὐαγε

549 4398 784 4464 γελικῶν
819 4399 1208 4469 θεσπισμάτων
1230 4403 1262 4471 ἡ
1286 4399 1516 4471 δύναμις
1538 4404 1650 4465 τοῖς
1675 4403 1937 4468 τοιούτοις
1961 4402 2100 4476 αύχὴ
2112 4420 2295 4478 μασιν,
2320 4405 2446 4468 τοὺς
2468 4404 2820 4468 πιστεύοντας
2855 4406 3125 4472 στεφανοῖ.

628 4495 788 4552 Vsus.
829 4496 913 4550 15.
950 4494 1104 4549 Facti
1136 4500 1257 4550 estis
1296 4498 1423 4550 mihi
1445 4499 1499 4552 in
1549 4502 1871 4568 satietatem,
1926 4519 2125 4572 nequa—
2158 4507 2204 4561 Ι)

548 4605 705 4657 quant
744 4588 881 4640 ultra
934 4587 1196 4640 dimittam
1249 4600 1461 4655 peccata
1496 4602 1693 4647 vestra.
1748 4585 1881 4647 Cum
1936 4612 2124 4649 manus

548 4680 903 4748 expanderitis
937 4680 1006 4733 ad
1049 4694 1149 4745 me,
1187 4691 1417 4734 avertant
1470 4684 1647 4738 acutos
1698 4698 1837 4737 meos
1865 4701 1896 4738 a
1950 4684 2121 4738 vobis.

551 4771 620 4824 Et
667 4772 713 4825 si
763 4774 1055 4825 orationem
1088 4772 1449 4838 multiplicatis
1479 4814 1493 4838 ,
1545 4792 1647 4827 non
1691 4778 1977 4830 exaudiant
2014 4793 2123 4830 vos.

550 4862 742 4917 Manut
767 4865 903 4918 enim
930 4874 1114 4918 vestra:
1136 4865 1301 4931 plena,
1324 4875 1443 4918 sunt
1486 4868 1761 4935 sanguine.

620 5036 747 5102 Quae
769 5053 853 5092 res
881 5039 1183 5093 satietatem
1208 5049 1260 5093 et
1297 5054 1553 5094 nauseam
1603 5042 1840 5110 pariunt,
1884 5042 2116 5097 fastidiri

547 5130 764 5193 debent,
800 5139 855 5182 et
901 5130 1122 5184 omnino
1152 5134 1301 5199 parvi
1338 5132 1506 5196 tlunt,
1546 5134 1654 5187 imo
1691 5136 1742 5188 in
1794 5136 1977 5190 odium
2020 5152 2118 5191 ve-

547 5222 719 5273 niunt.
754 5219 1032 5288 Siquidem
1084 5223 1517 5291 sapientissimus
1563 5224 1844 5291 Salomon,
1888 5227 2064 5296 inquit
2100 5244 2115 5280 :

550 5329 568 5364 t
614 5310 791 5366 Tarde
818 5311 958 5368 inter
1000 5312 1187 5383 pedem
1234 5325 1384 5369 tuum
1434 5316 1500 5369 ad
1533 5316 1765 5371 amicum
1799 5327 1947 5372 tuum
1975 5361 1990 5386 ,
2051 5335 2120 5373 ne

544 5413 699 5458 satur
727 5403 801 5456 tui
836 5404 1010 5458 oderit
1042 5415 1093 5457 te
1143 5406 1208 5460 ³⁸.
1246 5423 1265 5459 ι
1319 5405 1464 5461 Dicit
1512 5407 1697 5477 itaque
1750 5410 2120 5465 universitatis

546 5494 689 5549 Deus
738 5493 938 5550 Judais
976 5516 989 5551 ε
1027 5497 1382 5553 Exsaturatus
1432 5514 1555 5553 sum
1612 5500 1855 5555 exsoleta
1902 5503 2117 5566 umbra,

546 5598 747 5652 vosque
772 5585 1026 5639 molestos
1056 5586 1186 5640 mihi
1221 5601 1343 5644 esse
1368 5589 1532 5655 duco,
1552 5589 1597 5644 si
1622 5591 2006 5660 ingrediamini
2042 5592 2110 5645 ad

544 5679 964 5746 comparandum
990 5692 1171 5732 coram
1197 5695 1303 5735 me.
1338 5682 1574 5739 Aversor
1588 5685 1749 5740 etiam
1780 5684 1955 5742 solum
1979 5700 2118 5741 cou-

621 5857 665 5891 ⁸¹
690 5856 848 5915 Prov.
889 5875 1014 5927 xxv,
1044 5860 1131 5917 l7.

2314 4500 2668 4571 Ἐγενήθητέ
2689 4520 2793 4571 μοι
2820 4503 2908 4568 εις
2935 4499 3323 4569 πλησμονὴν,
3345 4518 3456 4555 ουκ
3486 4502 3572 4554 ἔτι
3600 4504 3811 4568 ἀνήσω

2225 4590 2333 4656 τὰς
2378 4592 2667 4659 ἁμαρτίας
2707 4588 2893 4659 ὑμῶν.
2928 4590 3112 4642 Ὅταν
3146 4588 3254 4656 τὰς
3283 4590 3483 4658 χεῖρας
3504 4590 3811 4656 ἐκτείνητέ

2227 4681 2377 4748 πρός
2412 4697 2511 4747 με,
2544 4679 2920 4747 ῐὰποστρέψω
2970 4678 3113 4743 τοὺς
3160 4679 3507 4747 ὀφθαλμούς
3549 4695 3669 4747 μου
3706 4674 3806 4746 dy‘

2225 4769 2413 4839 ὑμῶν.
2475 4771 2581 4825 Καὶ
2645 4770 2752 4823 ἐὰν
2815 4770 3160 4835 πληθύνητε
3224 4768 3338 4836 τὴν
3405 4767 3638 4834 δέησιν,
3695 4769 3808 4821 οὐκ

2226 4861 2561 4931 ἀκούσομαι
2614 4859 2801 4931 ὑμῶν.
2849 4862 2919 4915 Αἱ
2972 4860 3081 4931 γὰρ
3129 4860 3321 4929 χεῖρες
3353 4858 3519 4929 ὑμῶν
3560 4861 3809 4929 αἵματος

2229 4952 2505 5019 πλήρεις.

2300 5045 2379 5096 Τὰ
2406 5048 2484 5108 είς
2515 5042 2828 5115 πλησμονὴν
2849 5042 2965 5114 ἡτοι
2996 5043 3153 5113 κόρον
3177 5045 3378 5113 ἥκοντα
3406 5041 3514 5097 τῶν
3548 5045 3808 5114 πραγμάο

2226 5156 2335 5189 των
2402 5135 2860 5207 καταφρονεῖσθαι
2915 5136 3076 5204 φιλεῖ,
3131 5135 3225 5192 καὶ
3282 5134 3462 5202 ὀλίγου
3528 5134 3808 5196 παντελῶς

2226 5229 2471 5294 ἀξιοῦται
2500 5229 2679 5296 λόγου,
2714 5229 2914 5299 μᾶλλον
2944 5228 2999 5281 δὲ
3030 5224 3131 5297 ἤδη
3172 5226 3266 5279 καὶ
3299 5226 3387 5280 διά
3417 5227 3608 5298 μίσους
3653 5228 3806 5299 ἔρχε-

2225 5334 2334 5378 ται.
2350 5323 2458 5378 Καὶ
2479 5322 2609 5391 γοῦν
2627 5325 2655 5377 6
2670 5321 2976 5391 σοφώτατος
2993 5317 3260 5388 Σολομὼν,
3288 5338 3305 5369 t
3328 5318 3577 5389 Βραδέως
3597 5320 3804 5387 εἴσαγε,

2226 5416 2378 5483 φησὶ,
2412 5414 2504 5467 σὺν
2552 5413 2687 5467 πόδα
2743 5412 2879 5484 πρὸς
2928 5411 3017 5464 τὸν
3056 5410 3243 5479 φίλον,
3289 5410 3375 5463 ἴνα
3426 5408 3501 5480 μὴ
3544 5407 3802 5479 πλησθεὶς

2227 5525 2323 5561 σου
2361 5508 2567 5579 μισὴσῃ
2598 5524 2678 5560 σε.
2720 5524 2739 5558 ι
2776 5506 2919 5573 Ἔφη
2949 5505 3130 5558 τοίνυν
3172 5502 3447 5565 Ἰουδαίοις
3477 5504 3506 5555 6
3532 5502 3639 5555 τῷν
3666 5502 3801 5557 ὅλων

2225 5595 2381 5661 Θεὸς,
2416 5598 2894 5668 κατακεκόρεσμαι
2931 5596 3031 5664 τῆς
3065 5594 3231 5647 έὼλου
3266 5594 3443 5656 σκιᾶς,
3474 5592 3715 5663 ἡγοῦμαι
3746 5591 3804 5644 δὲ

2225 5689 2324 5761 ἤδη
2372 5691 2683 5761 φορτικοὺς,
2725 5687 2828 5743 κᾶν
2874 5686 3193 5759 εἰσέρχησθε
3236 5685 3464 5758 ὀφθῆναί
3516 5702 3624 5757 μοι.
3656 5687 3805 5756 Παρ-
