4094 6366
294 364 369 422 δῖ
1427 362 1491 418 IN
1530 364 1759 420 ISAIAM
1799 364 1880 419 LI]

1983 367 2017 421 Ι.
2056 362 2269 421 ORAT.
2307 364 2329 418 ι

3486 364 3560 421 38

294 483 549 556 αιτοῦμαι
573 483 631 536 δὲ
660 484 756 537 καὶ
779 483 947 554 μόνην
979 474 1132 552 ὑμῶν
1157 485 1255 555 τήν
1285 484 1433 539 θέαν·
1455 486 1556 539 οὐκ
1588 486 1669 539 ἔτι
1694 486 1880 556 ἀνήσω

1986 493 2230 555 speetum
2267 483 2457 550 vestri,
2494 497 2599 537 non
2646 482 2920 535 remittam
2945 480 3175 551 amplius
3204 492 3423 550 peccata
3463 498 3558 539 ve-

294 576 389 638 τάς
433 574 712 645 ἁμαρτίας
759 575 935 645 ὑμῶν.
976 576 1151 629 Πάλαι
1186 577 1284 647 μὲν
1322 575 1430 647 γὰρ
1471 578 1522 629 οἱ
1562 578 1622 644 ἐξ
1661 578 1879 649 Ἰσραὴλ

292 666 525 728 ἀνοσίως
553 666 978 725 ἀπονενευκότες
1018 666 1113 737 ἐπὶ
1150 666 1211 720 τὸ
1248 666 1464 720 ἑλέσθαι
1503 667 1613 720 δεῖν
1649 668 1742 721 τὸν
1770 668 1879 721 τῶν

294 750 429 810 ὅλων
454 756 590 810 Θεὸν
620 757 978 829 παροτρύνειν
997 758 1082 827 ἐφ’
1104 759 1351 822 ἑαυτοὺς,
1373 759 1459 812 διά
1480 759 1571 812 τοῦ
1596 759 1878 831 λατρεύειν

288 852 356 919 τῇ
388 849 590 913 κτίσει,
625 852 947 920 προσκυνεῖν
976 849 1033 902 δὲ
1063 851 1157 902 καὶ
1191 851 1374 913 αὐτοῖς
1406 854 1517 914 τοῖς
1551 851 1734 923 ἔργοις
1766 852 1877 905 τῶν

294 942 437 992 ίδίων
466 940 691 1010 χειρῶν,
728 941 963 995 δέδονται
994 944 1106 1005 τοῖς
1146 943 1509 1007 Βαϐυλωνίοις
1554 945 1645 997 καὶ
1676 947 1878 998 ἀπεκο-

291 1032 567 1102 μίσθηςαν
612 1032 713 1101 τῆς
753 1032 1009 1097 Ἰουδαίας
1040 1034 1395 1104 αἰχμάλωτοι,
1426 1037 1518 1088 καὶ
1554 1038 1879 1107 κατῳκήκα-

291 1140 377 1174 σιν
409 1126 467 1176 ἐν
496 1126 607 1186 τοῖς
646 1124 829 1193 ὄρεσιν
875 1124 1098 1195 Περσῶν
1143 1126 1234 1179 καὶ
1279 1127 1499 1196 Μήδων,
1537 1127 1738 1197 πικρὰν
1782 1127 1879 1181 καὶ

288 1213 571 1266 δύσοιστον
624 1214 949 1279 ἁνατλάντες
995 1217 1254 1272 δουλείαν.
1311 1218 1526 1287 Ἐπειδὴ
1579 1219 1635 1271 δὲ
1697 1220 1879 1282 αὐτοῖς

289 1296 695 1373 ἑϐδομηκοστὸν
723 1303 842 1368 ἔτος
867 1304 1194 1367 τετέλεσται,
1224 1304 1473 1374 κατηλέει
1505 1306 1667 1360 πάλιν
1696 1308 1724 1358 6
1755 1305 1877 1374 φιλ-

287 1392 621 1463 οικτείρμων
674 1392 825 1455 Θεός.
875 1394 986 1445 Καὶ
1031 1393 1161 1461 γοῦν
1207 1394 1282 1456 ὡς
1318 1396 1374 1447 ἐν
1407 1394 1485 1463 τῷ
1518 1394 1761 1465 Ζαχαρία
1787 1394 1877 1461 γέ-

288 1503 563 1554 γραπται,
598 1486 697 1547 τάς
728 1487 866 1556 ὑπὲρ
896 1486 1072 1539 αὐτῶν
1100 1488 1333 1538 ἐποιεῖτο
1362 1486 1514 1551 λιτὰς
1543 1489 1571 1539 6
1608 1489 1876 1558 μακάριος

290 1576 549 1643 ἄγγελος,
585 1575 781 1644 λέγων’
818 1596 835 1626 i
871 1576 1041 1646 Κύριε
1072 1577 1487 1648 παντοκράτωρ,
1510 1577 1615 1641 ἓως
1638 1576 1780 1640 τίνος
1814 1577 1874 1629 ού

292 1668 374 1739 μὴ
404 1659 642 1737 ἐλεήσέις
670 1668 767 1738 τὴν
796 1668 1174 1739 Ἰερουσαλὴμ,
1207 1670 1299 1721 καὶ
1332 1669 1428 1733 τάς
1466 1668 1648 1730 πόλεις
1683 1668 1873 1732 Ἰούδα,

288 1758 357 1822 ἃς
390 1759 679 1829 ύπέριδες;
722 1758 879 1811 τοῦτο
926 1758 1323 1830 ἑϐδομηκοστὸν
1363 1758 1501 1822 ἔτος
1540 1777 1559 1809 ι
1605 1759 1697 1811 καὶ
1740 1759 1875 1827 πρός

288 1868 353 1919 γε
390 1850 558 1903 ταῦτα
591 1850 745 1912 Θεός.
779 1870 797 1901 t
833 1850 1112 1921 Ἐζήλωσα
1139 1850 1237 1921 τὴν
1271 1849 1625 1921 Ἰερουσαλὴμ
1654 1850 1746 1901 καὶ
1778 1849 1877 1919 τὴν
1907 1837 1950 1892 Β

286 1937 435 1993 Σιὼν
467 1940 626 2008 ζῆλον
656 1938 856 2010 μέγαν,
887 1943 979 1993 καὶ
1009 1940 1164 2011 θυμῷ
1193 1941 1414 2011 μεγάλῳ
1445 1940 1556 2010 ἐγὼ
1592 1941 1881 2012 ὀργίζομαι

286 2026 391 2084 ἐπὶ
415 2031 481 2083 τά
507 2030 634 2100 ἔθνη
670 2031 739 2083 τὰ
770 2029 1244 2100 συνεπιτιθέμενα,
1273 2029 1387 2084 ἀνθ’
1418 2023 1492 2084 ὦν
1519 2029 1629 2098 ἐγὼ
1662 2031 1758 2100 μὲν
1787 2029 1880 2099 6p-

286 2122 491 2193 γίσθην
511 2122 687 2191 ὀλίγα,
719 2123 872 2175 αὐτοὶ
899 2121 955 2174 δὲ
986 2122 1339 2175 συνεπέθοντο
1367 2124 1444 2185 εἰς
1475 2121 1636 2175 κακά.
1675 2120 1883 2174 Οὐκοῦν

287 2214 540 2285 ἀνῄρηκε
572 2215 671 2284 μὲν
702 2213 824 2266 τότε
860 2214 958 2277 τὰς
997 2213 1267 2283 ἁμαρτίας
1308 2214 1508 2280 αὐτῶν,
1552 2212 1882 2284 λελύτρωται

286 2308 428 2377 γὰρ,
459 2308 555 2359 καὶ
578 2306 912 2377 ἀνεκομίσθη
944 2306 1105 2359 πάλιν
1137 2308 1216 2368 εἰς
1249 2300 1348 2376 τὴν
1375 2306 1606 2359 ἑαυτῶν.
1642 2304 1800 2359 Μετὰ
1823 2305 1883 2358 δέ

286 2416 352 2465 γε
403 2399 493 2452 τὸν
536 2398 630 2451 τοῦ
680 2399 933 2469 Σωτῆρος
974 2398 1227 2470 σταυρὸν,
1257 2399 1439 2452 οὐκέτι
1476 2397 1575 2461 τὰς
1604 2399 1879 2468 ἁμαρτίας

286 2491 478 2553 αὐτοῖς
502 2491 723 2560 ἀνήσειν
753 2490 1165 2558 ἐπαγγέλλεται,
1200 2490 1288 2543 διά
1316 2507 1397 2543 τοι
1425 2490 1484 2543 τὸ
1517 2492 1764 2561 μακροὺς
1795 2487 1880 2557 ἐφ’

288 2584 507 2643 ἑαυτοῖς
530 2581 873 2650 διαγενέσθαι
906 2583 1152 2654 καιροὺς,
1182 2580 1365 2645 καθὼς
1397 2583 1740 2651 μεμενήκασι
1769 2584 1881 2645 τοῖς

286 2674 349 2737 ἐξ
382 2674 553 2744 ὀργῆς
587 2675 883 2744 κινήμασιν
923 2674 1371 2745 ὑπενηνεγμένοι.
1398 2676 1520 2727 Ὅτι
1558 2675 1653 2744 μὲν
1682 2674 1792 2746 γὰρ
1822 2678 1880 2730 ἐν

286 2766 544 2838 ἐσχάτοις
572 2766 957 2836 ἐλεηθήσονται
988 2770 1219 2837 καιροῖς,
1244 2770 1309 2837 τῇ
1336 2768 1414 2831 εἰς
1439 2767 1672 2839 Χριστὸν
1701 2769 1881 2840 χάριτι

289 2856 419 2926 μεθ’
449 2856 610 2927 ἡμῶν
649 2856 1034 2926 δικαιούμενοι,
1081 2858 1369 2928 διεκήρυξε
1422 2859 1482 2911 τὸ
1535 2860 1769 2930 γράμμα
1820 2859 1883 2913 τὸ

288 2948 445 3021 ἱερὸν
470 2986 484 3011 ,
509 2947 697 3019 ἐπειδὴ
724 2948 800 3012 δὲ,
829 2948 904 3012 ὡς
930 2948 1086 3020 ἔφην,
1116 2948 1250 3003 πολὺ
1277 2950 1384 3002 τῶν
1420 2951 1586 3004 πάλαι
1621 2952 1882 3022 μακρότεο

288 3060 377 3113 ροι
414 3043 699 3110 γεγόνασιν
724 3042 809 3094 ἐπ’
836 3043 1033 3105 αὐτοὺς
1057 3045 1105 3096 oi
1133 3044 1229 3113 τῆς
1250 3038 1419 3113 ὀργῆς
1470 3044 1668 3114 χρόνοι.
1696 3045 1877 3117 Ταύτῃ

283 3134 374 3186 τοί
428 3151 613 3205 φησιν’
652 3132 847 3187 Οὐκέτι
889 3135 1074 3205 ἀνήσω
1128 3136 1227 3198 τάς
1270 3136 1543 3206 ἁμαρτίας
1578 3135 1750 3205 ὑμῶν,
1786 3141 1879 3190 καὶ

285 3225 422 3279 καθ’
450 3227 640 3296 ἕτερον
674 3226 751 3289 δὲ,
780 3228 827 3278 εἰ
852 3225 1051 3295 βούλει,
1081 3226 1301 3297 τρόπον,
1336 3230 1399 3298 τῇ
1433 3227 1541 3279 τῶν
1579 3228 1876 3298 προκειμέ-

284 3335 403 3370 νων
450 3318 631 3388 ἐννοίιι⁴
671 3317 1015 3388 προσϐαλεῖς.
1061 3316 1469 3389 Προσεκόμιζον
1514 3318 1704 3383 Θυσίας
1739 3321 1880 3374 κατά

283 3409 383 3460 τὸν
415 3405 585 3460 πάλαι
605 3406 765 3476 νόμον
790 3408 840 3459 οἱ
867 3408 925 3473 ἐξ
952 3407 1191 3478 Ἰσραὴλ,
1216 3407 1313 3470 τὰς
1342 3408 1479 3479 ὺπέρ
1507 3424 1571 3476 γε
1598 3408 1705 3461 τῶν
1734 3408 1879 3461 ἰδίων

286 3499 804 3570 πλημμελημάτων.
829 3502 1055 3571 Ἔριφος
1081 3500 1138 3552 δὲ
1160 3500 1251 3553 καὶ
1275 3502 1444 3571 ἀμνὸς
1473 3500 1759 3570 ἐσφάζετο,
1788 3502 1881 3554 καὶ

288 3591 597 3662 συνεχώρει
627 3592 776 3655 Θεὸς.
807 3593 918 3645 Ούκ
939 3594 1208 3656 ἁνικάνως
1233 3592 1448 3663 ἔχοντος
1476 3593 1572 3645 καὶ
1599 3593 1765 3647 πάλαι
1785 3591 1879 3646 τοῦ

286 3686 465 3755 νόμου
497 3683 709 3753 βοηθεῖν
734 3683 1127 3754 ἀρχαιοτέροις,
1167 3683 1471 3753 ἐμορεροῦτο
1502 3684 1611 3755 γὰρ
1643 3686 1702 3738 ἐν
1732 3685 1881 3756 αὐτῷ

284 3775 349 3827 τὸ
379 3771 621 3844 Χριστοῦ
655 3775 972 3844 μυστήριον.
1019 3772 1240 3844 Ἐπειδὴ
1274 3774 1331 3826 δὲ
1372 3774 1643 3842 ἐπέφανεν
1686 3777 1714 3828 6
1748 3776 1883 3847 Χρι-

289 3863 448 3925 στὺς,
480 3864 782 3931 ἀπρακτεῖν
819 3862 925 3914 ἔδει
970 3862 1155 3915 λοιπὸν
1181 3864 1281 3934 τὴν
1312 3865 1367 3917 ἐν
1399 3863 1553 3934 τύπῳ
1592 3864 1876 3935 κάθαρσιν,

284 3957 365 4019 ὡς
404 3954 503 4024 τῆς
531 3952 789 4022 ἀληθείας
820 3953 919 4024 ήδη
966 3953 1266 4025 παρούσης.
1300 3954 1420 4006 Ὀτι
1458 3954 1634 4006 τοίνυν
1660 3956 1756 4007 οὐκ
1784 3957 1881 4025 ἀρ⁸

287 4049 451 4101 κέσει
482 4047 621 4115 πρὸς
648 4046 838 4114 ἄφεσιν
864 4048 1045 4109 αὐτοῖς
1090 4048 1122 4116 ἡ
1162 4048 1325 4116 νόμου
1359 4047 1483 4100 σκιὰ
1513 4048 1610 4119 τὴν
1637 4048 1724 4101 διὰ
1748 4050 1882 4119 Χρι-

290 4140 428 4196 στοῦ
472 4139 764 4210 λύτρωσιν,
815 4139 875 4191 ού
930 4140 1330 4210 προσιεμένοις,
1376 4141 1639 4207 διδάσκει,
1686 4141 1878 4209 λέγων·

289 4233 501 4288 Οὐκέτι
534 4232 722 4301 ἀνήσω
755 4229 853 4293 τὰς
888 4231 1161 4303 ἁμαρτίας
1204 4231 1377 4301 ὑμῶν.
1430 4231 1595 4285 Ούπω
1641 4234 1738 4304 μὲν
1774 4234 1881 4304 γὰρ

290 4325 585 4395 παρούσης
637 4320 738 4389 τῆς
778 4320 1054 4392 ἀληθείας,
1104 4323 1291 4392 φησιν,
1336 4323 1734 4395 συγκεχώρηκα
1772 4329 1883 4389 τοῖς

286 4416 492 4479 τύποις
547 4413 777 4484 ὠφελεῖν
818 4412 1074 4467 δύνασθαι
1117 4414 1243 4477 τοὺς
1286 4414 1502 4484 ἐνόχους
1546 4417 1879 4487 ἁμαρτίαις,

292 4513 436 4565 αἰδοι
458 4514 529 4582 τῇ
563 4512 700 4583 πρὸς
728 4511 826 4583 τὴν
856 4511 1111 4583 ἀλήθειαν
1149 4513 1242 4565 καὶ
1269 4512 1429 4565 τοῦτο
1460 4513 1646 4577 ποιῶν,
1677 4510 1882 4581 παρού-

294 4626 401 4679 σης
452 4608 513 4661 δὲ
558 4607 657 4678 ήδη
708 4609 800 4661 καὶ
853 4607 1325 4678 ἀναδεδειγμένης,
1355 4607 1587 4678 ἀδρανὴς
1631 4608 1659 4659 6
1688 4606 1876 4670 τύπος,

292 4700 563 4764 ἀνόνητος
602 4699 635 4768 ἡ
683 4697 829 4750 σκιά.
861 4698 970 4749 Καὶ
1008 4698 1190 4767 ἀνήσω
1229 4697 1327 4767 μὲν
1356 4698 1539 4750 οὐκέτι
1570 4696 1667 4760 τὰς
1701 4698 1879 4768 ἀμαρ-

291 4792 421 4853 τίας
478 4788 654 4859 ὑμῶν,
707 4788 1041 4853 ἐπαιρόντων
1087 4788 1143 4841 δὲ
1178 4788 1277 4851 τάς
1314 4792 1521 4859 χεῖρας,
1549 4789 1877 4860 ἀποστρέψω

289 4882 423 4943 τοὺς
467 4878 779 4949 ὀφθαλμούς
826 4894 949 4947 μου,
989 4878 1092 4930 κᾶν
1142 4880 1191 4930 εἰ
1236 4877 1490 4940 πλείστας
1529 4879 1658 4941 ὅσας
1703 4880 1877 4930 ποιεῖν

290 4964 507 5022 ἕλοισθε
540 4968 640 5030 τάς
681 4967 851 5029 λιτάς,
886 4968 985 5020 οὐκ
1014 4968 1338 5038 εἰσδέξομαι.
1370 4964 1494 5039 Ἆρ’
1525 4964 1618 5022 οὖν
1665 4970 1875 5041 ἀπέστη

293 5060 393 5113 τοῦ
452 5055 592 5111 εἶναι
646 5058 880 5129 χρηστὸς
930 5060 958 5111 6
1000 5059 1106 5112 τῶν
1143 5060 1279 5113 ὅλων
1317 5059 1676 5132 δημιουργός;
1709 5063 1877 5131 ἥγουν

292 5149 595 5203 ἐπελάθετο
635 5149 728 5201 τοῦ
762 5151 1098 5220 οἱκτειρῆσαι
1134 5150 1301 5215 Θεός;
1349 5151 1619 5222 οὐδαμῶς,
1670 5153 1834 5223 φησὶν
1860 5194 1875 5216 ,

294 5240 561 5310 είμὶγάρ,
589 5240 705 5310 είμὶ
734 5242 967 5312 χρηστός
1002 5259 1060 5294 τε
1090 5243 1183 5295 καὶ
1216 5242 1419 5311 ἀγαθὸς
1446 5246 1542 5297 καὶ
1579 5244 1877 5315 φιλοικτίρ-

298 5350 442 5402 μων,
497 5332 657 5401 μόνον
699 5332 756 5385 δὲ
796 5334 917 5404 οὐχὶ
956 5334 1107 5387 ἄκων
1146 5334 1475 5404 ἁποστρέφω
1512 5335 1637 5398 τοὺς
1672 5336 1877 5405 ὀφθαλ-

300 5422 457 5492 μούς.
486 5424 551 5475 Ai
579 5423 689 5494 γάρ
720 5425 898 5493 χεῖρες
925 5424 1076 5495 ὑμῶν
1102 5425 1331 5495 αἵματος
1355 5426 1603 5497 πλήρεις.
1635 5428 1875 5490 Ἀκούεις

297 5514 451 5577 ὅπως
468 5514 529 5566 τὸ
552 5514 653 5583 τῆς
673 5514 982 5584 μιαιφονίας
1008 5516 1187 5580 αὐτοῖς
1207 5517 1587 5585 είσκεκόμικεν
1606 5517 1770 5589 ἕγκλη
1780 5537 1876 5588 μα,

304 5607 588 5676 σιωπήσας
610 5604 679 5659 τά
707 5605 869 5677 ἕτερα
899 5607 1007 5663 τῶν
1036 5610 1428 5680 πταισμάτων;
1458 5611 1633 5664 καίτοι
1664 5611 1878 5675 πολλοῖς

382 5756 667 5815 “Zachar.
700 5775 739 5816 ι.
775 5760 955 5816 12-15.

1989 584 2124 628 stra.
2160 573 2299 627 Olim
2336 574 2478 628 enim
2524 573 2782 627 Israelita:
2814 588 2935 627 cum
2971 572 3133 642 impie
3176 572 3556 638 descivissent,

1986 667 2059 721 ita
2089 677 2144 719 ut
2173 666 2547 721 universitatis
2577 665 2744 721 Deum
2771 667 2823 720 in
2857 682 2917 719 se
2956 664 3376 728 exacerbarent,
3402 681 3558 718 creac

1986 768 2161 809 turam
2217 756 2482 822 colendo,
2522 756 2746 826 ipsaque
2808 772 2974 825 opera
3026 772 3280 809 manuum
3329 771 3553 811 suarum

1981 848 2291 913 adorando,
2351 848 2534 901 traditi
2582 856 2710 902 sunt
2739 847 3053 916 Babyloniis
3083 887 3098 912 ,
3153 858 3207 901 et
3251 864 3318 901 ex
3367 845 3552 903 Judaea

1981 938 2203 993 abducti
2224 947 2350 992 sunt
2374 939 2593 1007 captivi,
2618 939 2747 993 etin
2772 937 3062 992 Persarum
3090 954 3251 1007 atque
3276 938 3554 995 Medorum

1982 1031 2179 1084 finibus
2206 1030 2613 1095 habitaverunt,
2639 1032 2889 1085 acerbam
2915 1048 2977 1084 ac
2999 1046 3104 1086 ιιοιι
3141 1032 3415 1085 ferendam
3439 1048 3557 1086 sera

1981 1124 2210 1177 vitutem
2258 1122 2572 1176 subeuntes.
2624 1122 2831 1176 Exacto
2884 1123 3095 1176 demum
3153 1125 3553 1192 septuagesimo

1980 1228 2147 1276 anno,
2201 1214 2396 1266 iternm
2443 1213 2755 1267 misericors
2786 1214 2927 1268 Deus
2984 1214 3397 1269 commiseratus
3449 1224 3551 1268 est.

1981 1303 2258 1374 Siquidem
2312 1314 2370 1358 ut
2414 1305 2468 1359 in
2523 1305 2793 1359 Zacharia
2854 1306 3116 1375 scriptum
3164 1315 3286 1372 est,
3364 1319 3553 1374 preces

1978 1396 2247 1465 Supplices
2298 1412 2394 1465 pro
2426 1397 2531 1451 illis
2584 1399 2721 1451 t'uilit
2764 1400 2954 1453 beatus
3001 1398 3264 1468 angelus,
3314 1397 3553 1451 dicens:

1984 1506 2002 1539 ι
2045 1488 2269 1542 Domine
2296 1489 2661 1558 omnipotens,
2686 1505 2969 1559 quousque
2996 1500 3047 1543 tu
3094 1507 3200 1543 non
3254 1491 3550 1543 miserebe-

1979 1581 2053 1634 ris
2079 1578 2401 1643 Jerusalem,
2466 1591 2522 1634 et
2553 1582 2766 1634 urbium
2809 1580 2969 1643 Juda,
3020 1597 3155 1648 quas
3187 1581 3487 1648 desliexisti
3527 1581 3552 1633 τ

1978 1671 2075 1725 Hic
2107 1687 2280 1724 annus
2312 1681 2394 1725 est
2432 1674 2888 1739 septuagesimus.
2923 1691 2941 1722 ι
2980 1671 3047 1725 Ει
3097 1674 3162 1727 ad
3209 1673 3322 1727 ιιιιεο
3363 1673 3502 1726 Deus
3536 1687 3551 1724 :

1984 1783 2002 1814 ‹
2033 1764 2248 1819 Zelatus
2269 1780 2384 1817 sum
2415 1761 2711 1818 Jerusalem
2742 1775 2798 1818 et
2827 1764 2980 1829 Sion,
3011 1764 3134 1818 zelo
3160 1775 3447 1832 magno,et
3473 1766 3552 1818 ira

1980 1874 2172 1926 magna
2202 1859 2407 1911 irascor
2446 1871 2609 1924 super
2660 1865 2846 1926 gentes
2891 1872 3009 1925 qua:
3062 1873 3169 1911 una
3209 1858 3550 1926 conspirant.

1981 1950 2085 2005 Pro
2108 1965 2173 2005 eo
2202 1951 2344 2019 quod
2377 1966 2476 2020 ego
2501 1952 2668 2004 iratus
2697 1966 2815 2003 sum
2847 1966 3035 2019 parum
3061 1989 3079 2017 ,
3128 1950 3228 2017 ipsi
3264 1966 3367 2004 una
3403 1966 3509 2006 con
3536 1981 3545 1991 -

1981 2045 2257 2113 Spirarunt
2292 2046 2357 2098 ad
2395 2045 2533 2098 mala
2565 2044 2632 2096 ³³.
2676 2062 2695 2095 ι
2738 2045 2922 2112 Itaque
2954 2054 3063 2098 tum
3089 2044 3302 2099 remisit
3333 2044 3551 2098 illorum

1985 2143 2240 2204 peccata;
2274 2133 2534 2188 liberatus
2568 2133 2673 2204 16
2716 2133 2859 2185 enim
2893 2144 2996 2196 est,
3029 2144 3083 2186 et
3107 2134 3282 2187 denuo
3306 2134 3358 2186 in
3395 2148 3552 2187 suam

1987 2228 2224 2296 ipsorum
2245 2226 2732 2280 terramreductus.
2757 2225 2887 2281 Post
2939 2227 3353 2283 crucifixionem
3399 2228 3550 2281 deni-

1982 2336 2089 2390 que
2114 2317 2449 2383 Servatoris,
2477 2334 2580 2373 non
2606 2321 2838 2389 amplius
2865 2336 2923 2375 se
2947 2332 3168 2389 peccata
3194 2320 3552 2375 remissurum

1981 2413 2257 2467 denuntiat
2285 2454 2299 2475 ,
2346 2422 2632 2482 prepterea
2679 2413 2822 2481 quod
2877 2414 2930 2466 iu
2985 2412 3093 2467 illis
3138 2422 3555 2481 perseverarent

1981 2505 2140 2575 longo
2175 2516 2437 2575 tempore,
2462 2520 2570 2573 quo
2645 2506 2861 2572 quidem
2915 2506 3199 2560 intervallo
3235 2515 3556 2559 manserunt

1982 2599 2076 2653 ira:
2101 2598 2219 2665 ejus
2258 2600 2426 2651 furori
2466 2609 2522 2652 et
2570 2599 2702 2652 ictui
2740 2598 2986 2652 obnoxii.
3030 2598 3183 2664 Quod
3242 2606 3420 2667 tamen
3456 2613 3555 2650 no-

1982 2690 2218 2744 vissimis
2254 2689 2582 2757 temporibus
2607 2688 3035 2744 misericordiam
3061 2699 3551 2757 consequerentur,

1980 2785 2149 2851 gratia
2207 2786 2257 2838 in
2320 2784 2601 2842 Christum
2660 2786 2939 2841 nobiscum
2990 2785 3315 2853 iustificati,
3378 2798 3551 2839 sacra

1986 2874 2204 2929 Littera:
2231 2877 2557 2945 pradicant;
2582 2877 2698 2941 sed,
2724 2884 2783 2929 ut
2812 2876 2946 2934 dixi,
2968 2877 3125 2943 longe
3156 2876 3356 2929 diutius
3388 2890 3551 2943 quam

1981 2978 2124 3033 ante,
2160 2969 2253 3022 ira:
2282 2979 2493 3038 tempus
2524 2969 2769 3033 duravit;
2816 2958 3023 3022 idcirco
3078 2968 3251 3021 dicit:
3287 2967 3401 3020 Non
3431 2982 3554 3019 am-

1982 3060 2120 3129 plius
2143 3062 2411 3113 remittam
2430 3069 2649 3129 peccata
2674 3068 2876 3114 vestra.
2903 3059 3085 3113 Addas
3122 3067 3301 3112 autem
3342 3059 3386 3112 si
3437 3059 3554 3128 pla-

1982 3161 2067 3203 cet
2090 3150 2307 3204 etaliud
2350 3151 2477 3204 huic
2508 3150 2814 3206 sementim.
2868 3149 3205 3205 Israelitteex
3232 3149 3399 3203 veteri
3436 3151 3543 3203 ritu

1984 3241 2341 3308 institutoque
2390 3239 2520 3307 legis
2583 3237 2853 3293 sacrificia
2911 3237 3245 3302 offerebant,
3284 3252 3380 3305 pro
3437 3236 3553 3292 suis

1980 3331 2234 3391 delictis,
2297 3331 2484 3383 haedus
2544 3338 2721 3382 autem
2778 3340 2832 3382 et
2873 3344 3043 3397 agnus
3089 3330 3447 3392 maetabatur,
3499 3339 3555 3383 et

1983 3420 2297 3489 indulgebat
2337 3419 2501 3473 Deus.
2532 3419 2742 3487 Quippe
2764 3434 2889 3472 cum
2926 3430 3081 3473 vetus
3112 3418 3278 3472 etiam
3314 3418 3397 3473 lex
3444 3435 3553 3473 non

1981 3510 2230 3565 inefﬁcax
2262 3510 2423 3565 fuerit
2451 3510 2516 3563 ad
2543 3509 2916 3578 opitulandum
2950 3509 3269 3578 majoribus,
3300 3509 3544 3565 delinea—

1981 3603 2141 3658 batur
2172 3602 2318 3655 enim
2347 3602 2401 3656 in
2432 3617 2493 3656 ea
2518 3600 2720 3656 Christi
2768 3600 3113 3671 mysterium.
3165 3600 3392 3667 Quando
3422 3617 3554 3655 vero

1982 3696 2234 3764 apparuit
2270 3695 2542 3758 Christus,
2593 3708 2845 3747 enervem
2906 3708 3028 3747 esse
3076 3692 3364 3760 oportebat
3400 3692 3555 3747 deina-

1983 3800 2110 3853 ceps
2165 3783 2389 3854 legalem
2430 3784 2884 3852 purificationem,
2914 3770 3373 3853 utpote'eumjam
3397 3785 3555 3839 ades-

1984 3885 2066 3929 set
2102 3876 2322 3929 veritas.
2385 3872 2502 3927 Non
2552 3888 2682 3939 ergo
2713 3873 2846 3928 satis
2903 3888 3024 3927 esse
3062 3874 3128 3927 ad
3174 3874 3555 3928 remissionem

1985 3966 2114 4037 legis
2146 3968 2411 4031 umbram,
2449 3965 2555 4019 illis
2583 3964 2783 4019 Christi
2817 3964 3247 4033 redemptionem
3276 3980 3381 4018 non
3433 3981 3549 4019 aui—

1986 4055 2371 4126 plectentibus,
2400 4056 2576 4120 docet,
2608 4054 2859 4123 inquiens
2889 4070 2902 4105 :
2941 4052 3056 4107 Non
3106 4055 3382 4119 remittam
3435 4071 3554 4108 ama

1984 4151 2123 4220 plius
2140 4157 2360 4217 peccata
2391 4158 2591 4201 vestra.
2630 4144 2871 4199 Veritate
2892 4145 3059 4210 enim,
3084 4144 3277 4214 inquit,
3310 4146 3555 4202 nondum

1984 4248 2272 4310 praesente,
2315 4241 2586 4301 concessi,
2619 4248 2677 4290 nt
2707 4237 2814 4306 typi
2835 4234 3025 4303 iuvare
3052 4246 3273 4303 possent
3315 4237 3555 4303 peccatis

1986 4332 2275 4399 implicitos
2306 4370 2320 4393 ,
2383 4329 2554 4399 ipsius
2599 4327 2847 4381 veritatis
2892 4328 3193 4381 reverentia
3244 4327 3405 4382 etiam
3454 4328 3557 4394 hoc

1986 4421 2210 4485 faciens,
2241 4436 2346 4489 qua
2388 4419 2784 4488 priesentejam
2841 4433 2905 4472 ac
2945 4417 3317 4472 demonstrata
3351 4457 3368 4479 ,
3430 4416 3540 4471 im-

1986 4514 2190 4568 becillis
2224 4513 2391 4582 figura
2422 4522 2524 4574 est,
2556 4494 2817 4569 eturiibra
2856 4524 3044 4578 parum
3075 4509 3292 4564 efficax.
3341 4508 3405 4560 Et
3440 4524 3545 4563 non

1988 4604 2257 4659 remittam
2291 4602 2520 4670 amplius
2550 4610 2769 4668 peccata
2809 4610 3021 4667 vestra;
3061 4600 3155 4653 sed
3204 4599 3250 4653 si
3276 4599 3551 4669 expande-

1987 4694 2107 4747 ritis
2156 4707 2368 4753 manus,
2415 4699 2656 4743 avertam
2700 4685 2885 4742 oculos
2939 4704 3111 4753 meos,
3151 4700 3207 4742 et
3257 4690 3300 4742 si
3363 4704 3553 4758 preces

1986 4782 2521 4853 rnultiplicaverilis,
2589 4795 2693 4834 non
2754 4780 3067 4848 suscipiam.
3132 4781 3341 4850 Ergone
3393 4781 3555 4836 desiit

1986 4892 2106 4932 esse
2153 4875 2413 4943 benignus
2482 4873 2568 4925 hic
2619 4870 2991 4925 universitatis
3050 4871 3290 4939 opifex?
3344 4873 3555 4943 Ergone

1985 4971 2185 5025 oblitus
2216 4979 2303 5022 est
2350 4967 2593 5020 misereri
2633 4966 2817 5021 Deus?
2873 4966 3267 5034 Nequaquam,
3325 4965 3499 5038 inquit
3531 4987 3549 5025 :

1988 5064 2119 5117 Sum
2151 5061 2319 5124 enim,
2351 5075 2467 5114 sum
2496 5070 2548 5113 et
2574 5061 2862 5123 humanus,
2913 5069 2970 5114 et
3012 5062 3209 5126 bantis,
3263 5067 3318 5113 et
3340 5061 3555 5115 miseri-

1986 5166 2133 5214 cors,
2166 5159 2371 5202 tantum
2424 5163 2528 5201 non
2575 5148 2781 5201 invitus
2809 5158 3060 5207 avertens
3113 5150 3320 5206 oculos.
3361 5149 3554 5207 Manus

1987 5241 2255 5310 siquidem
2316 5250 2514 5295 vestrae
2561 5240 2735 5307 plena:
2775 5250 2903 5294 sunt
2967 5242 3252 5312 sanguine.
3310 5244 3553 5299 Audisne

1990 5349 2113 5388 eum
2167 5333 2378 5387 caeteris
2427 5332 2746 5387 criminibus
2783 5334 3098 5402 praeteritis,
3156 5334 3320 5389 caedis
3376 5336 3553 5390 dicam

1987 5425 2296 5495 impingere
2322 5425 2346 5479 ?
2385 5424 2625 5481 Tametsi
2658 5426 2905 5495 pluribus
2936 5441 3032 5482 eos
3055 5428 3201 5482 vitiis
3242 5428 3551 5498 implicatos

1986 5533 2107 5573 esse
2144 5518 2616 5587 deprehendimus.
2661 5517 2797 5572 Nam
2847 5518 3171 5574 audiverunt
3226 5518 3365 5576 εγω
3409 5519 3556 5588 genti

1988 5610 2265 5683 improbae,
2329 5609 2524 5680 populo
2578 5608 2726 5667 vitiis
2757 5620 2955 5667 onusto
2982 5650 2997 5675 ,
3048 5612 3242 5668 semini
3285 5612 3555 5687 malefico,
