4094 6366
554 414 630 469 39
1559 413 1618 466 S.
1658 410 1932 466 CYRILLI
1973 409 2440 466 ALEXANDRINI
2479 409 2797 463 ARCIIIEP.
3753 412 3824 465 ιο

556 529 684 582 filiis
720 526 963 597 perditis.
994 524 1127 580 Cum
1183 541 1312 580 vero
1348 527 1512 580 etiam
1538 529 1831 597 prophetas
1887 530 2130 581 trucida-

2236 527 2555 598 αἰτιάμασιν
2598 529 2819 596 ἐνόχους
2852 528 3010 591 ὄντας
3048 529 3373 599 εὑρήσομεν.
3415 530 3649 583 ’Ἤκουον
3690 532 3823 603 γὰρ,

564 623 709 683 rint,
759 618 966 688 ipsique
1007 616 1244 681 Christo,
1284 619 1525 672 omnium
1576 630 1819 673 nostrum
1862 620 2137 674 Servatori

560 714 755 782 Impias
808 727 1001 766 manus
1033 711 1319 767 attulerint
1351 728 1366 764 :
1400 712 1525 765 hinc
1554 721 1609 765 et
1631 711 1850 780 quidem
1875 711 2000 782 jure
2043 727 2138 780 op-

560 806 692 859 timo
707 804 1078 873 gravissimam
1098 802 1495 857 accusationem
1509 802 1641 856 etad
1666 802 2133 855 condemnandum

558 896 689 949 satis
716 894 1000 963 capitalem
1028 892 1402 956 illisintendit,
1442 891 1631 945 dicens
1656 908 1670 945 :
1705 888 1896 943 Manus
1926 900 2126 942 vestra:

559 989 730 1053 plena.-
769 996 897 1040 sunt
936 985 1223 1052 sanguine.
1256 984 1463 1037 Avertit
1512 992 1692 1036 autem
1740 980 1935 1036 faciem
1965 980 2130 1040 Deus,

557 1090 612 1130 ιιι
658 1078 838 1140 Pater,
873 1077 976 1147 17
1001 1078 1198 1146 quippe
1247 1092 1352 1129 ttnn
1404 1076 1680 1129 sustinens
1716 1073 1901 1126 videre
1946 1085 2134 1125 manus

558 1170 951 1224 homicidarum
1003 1170 1093 1223 lilii
1116 1171 1195 1222 sui
1222 1169 1486 1233 sanguine
1524 1169 1799 1219 rubentes.

2244 620 2381 671 Οὐαὶ
2424 620 2575 682 έθνος
2634 620 2980 691 ἁμαρτωλὸν,
3040 620 3168 683 λαὸς
3231 621 3448 692 πλήρης
3514 623 3822 693 ἁμαρτιῶν,

2241 711 2463 781 σπέρμα
2499 712 2756 784 πονηρὸν,
2789 713 2897 765 υἱοὶ
2918 714 3129 783 ἄνομοι.
3170 713 3385 784 Ἐπειδὴ
3410 713 3465 767 δὲ
3489 715 3823 769 ἀπεκτόνασι

2238 802 2366 863 τοὺς
2414 803 2721 874 προφήτας,
2765 805 2859 858 καὶ
2911 805 3061 875 αύτῷ
3098 803 3197 868 τὰς
3242 806 3493 869 ἀνοσίους
3543 808 3823 877 ἐπήγαγον

2238 893 2427 960 χεῖρας
2469 892 2546 962 τῷ
2582 898 2798 948 πάντων
2830 894 2987 965 ήμῶν
3027 897 3232 967 σωτῆρι
3266 899 3309 950 Χ
3319 897 3521 967 ριστῷ,
3552 898 3721 969 ταύτῃ
3738 915 3823 951 τοι

2240 982 2331 1033 καὶ
2358 983 2502 1051 μάλα
2531 985 2756 1049 εἰκότως
2783 986 2843 1040 τὸ
2867 987 3215 1058 παγχάλεπον
3240 988 3509 1059 ἔγκλημα,
3536 990 3628 1042 καὶ
3650 990 3708 1042 τὸ
3738 992 3819 1054 είς

2244 1073 2425 1124 πᾶσαν
2473 1073 2797 1144 κατάκρισιν
2839 1075 3043 1147 ἀρκοῦν
3085 1077 3268 1140 αὐτοῖς
3311 1078 3579 1147 ἐπιφέρει,
3622 1075 3817 1143 λέγων’

2238 1163 2304 1212 Δί
2331 1163 2510 1233 χεῖρες
2550 1164 2704 1234 ὑμῶν
2748 1166 2977 1236 αἵματος
3011 1167 3257 1238 πλήρεις.
3300 1167 3731 1237 Ἀποστρέφειδέ
3759 1169 3819 1222 τὸ

557 1263 845 1333 πρόσωπον
870 1265 898 1316 6
920 1261 1051 1326 Θεὸς
1075 1263 1170 1316 καὶ
1200 1260 1408 1332 Πατὴρ,
1435 1260 1509 1323 ὡς
1532 1260 1664 1330 ὁρᾷν
1688 1257 1786 1310 οὐκ
1842 1252 2167 1325 ἀνεχόμενος
2204 1250 2283 1322 τῷ
2328 1254 2520 1324 αἵματι
2556 1255 2649 1309 τοῦ
2685 1256 2817 1309 Υἶοῦ
2881 1259 3304 1330 πεφοινιγμένας
3339 1259 3418 1313 ἔτι
3446 1261 3554 1312 τῶν
3597 1260 3820 1331 μιαιφό-

549 1371 662 1407 νων
689 1356 787 1418 τὰς
806 1356 1011 1425 χεῖρας.

627 1449 789 1502 νεκε.
832 1447 917 1501 16.
944 1445 1244 1511 Lavamini,
1283 1444 1467 1497 mundi
1484 1453 1671 1497 estote.

632 1539 875 1595 Peccatis
911 1539 963 1591 in
1002 1537 1321 1592 memoriam
1351 1537 1648 1599 revocatis,
1677 1550 1772 1589 eos
1800 1533 2133 1600 despondere

559 1632 799 1685 animum
835 1645 940 1682 non
976 1627 1125 1692 sinit,
1168 1627 1262 1681 sed
1296 1626 1526 1697 gratiam
1557 1641 1624 1680 ex
1658 1625 1895 1680 bonitate
1922 1634 1978 1679 et
2021 1624 2134 1678 cle-

561 1724 758 1778 tnentia
806 1719 1102 1789 profectam
1146 1719 1529 1788 percommode
1568 1716 1750 1783 infert,
1788 1730 1886 1772 nec
1922 1715 2136 1770 fraudat

558 1830 652 1895 vos
680 1812 965 1875 henelicio,
1002 1810 1145 1879 quod
1182 1824 1278 1879 per
1299 1808 1577 1864 Christum
1601 1810 1854 1864 onmibus
1881 1822 1978 1878 per
2013 1805 2132 1859 uni-
2168 1840 2210 1895 Β

558 1890 773 1959 versum
817 1914 1087 1957 tenarum
1127 1901 1314 1955 orbem
1346 1909 1433 1956 est
1478 1900 1837 1970 propositum.
1884 1918 1904 1950 ι
1932 1896 2137 1953 Omnes

560 1998 702 2052 enim
748 1997 1187 2058 declinaverunt,
1228 1994 1391 2050 simul
1425 1994 1643 2049 inutiles
1678 1992 1810 2049 facti
1852 2002 1979 2048 sunt
2009 1992 2075 2045 ³³.
2112 2009 2131 2042 ι

561 2091 626 2144 Et
663 2089 929 2142 obnoxius
975 2085 1157 2142 factus
1196 2095 1283 2140 est
1322 2089 1552 2141 mundus
1600 2087 1729 2151 Deo,
1784 2086 1908 2154 quia
1950 2092 2138 2155 gentes

556 2192 863 2237 creaturam
891 2179 1195 2249 coluerunt,
1240 2177 1498 2233 Israelita:
1535 2177 1714 2249 legem
1756 2177 1861 2233 sibi
1897 2190 1995 2245 per
2024 2174 2138 2229 Mo-

556 2290 667 2328 sem
722 2272 902 2328 datam
967 2246 1260 2325 violarunt.
1316 2246 1894 2339 Caeterum—gentibus
1958 2273 2136 2327 illuxit

555 2365 823 2427 Christus,
852 2374 907 2419 et
950 2364 1018 2418 ad
1061 2364 1361 2418 mirabilem
1384 2364 1509 2434 ejus
1551 2363 1727 2419 lucem
1750 2374 1956 2420 vocatae
1990 2373 2135 2432 sunt,

552 2468 610 2514 et
650 2460 739 2527 qui
786 2473 889 2511 non
920 2456 1150 2527 populus
1187 2457 1497 2525 quondam,
1551 2455 1678 2510 facti
1718 2465 1846 2511 sunt
1880 2456 2129 2525 populus.

553 2546 721 2601 Judaei
751 2559 931 2601 autem
984 2544 1167 2599 miseri
1219 2545 1272 2598 in
1306 2544 1482 2613 ipsum
1528 2542 1846 2599 dehacchati
1895 2553 2042 2607 sunt,
2083 2552 2138 2597 et

554 2637 861 2706 Principem
890 2636 1014 2690 vitae
1052 2636 1169 2690 neci
1199 2634 1463 2690 dederunt
1494 2634 1678 2703 impie,
1702 2634 1917 2689 etiamsi
1947 2648 2137 2689 rursus

554 2737 616 2781 ut
647 2728 787 2781 Deus
832 2726 1047 2780 revixit.
1072 2714 1216 2791 Quia
1248 2739 1377 2779 vero
1406 2725 1579 2778 bonus
1606 2732 1710 2787 est,
1741 2733 1795 2779 et
1814 2738 2004 2780 omnes
2036 2724 2136 2778 ho-

555 2817 731 2871 mines
762 2815 965 2870 servari
1000 2814 1136 2877 vult,
1181 2822 1236 2867 et
1284 2813 1351 2867 ad
1392 2813 1726 2883 agnitionem
1753 2813 2003 2883 veritatis
2040 2828 2135 2867 ve-

556 2907 697 2971 nire,
733 2907 946 2976 illisque
968 2908 1109 2959 adeo
1131 2904 1270 2958 viam
1294 2904 1487 2958 salutis
1508 2902 1854 2973 patefacere:
1883 2918 1978 2959 eos
2002 2919 2136 2973 quo-

552 3014 663 3069 que
694 3000 851 3068 jubet
880 3005 1101 3067 peccata
1124 2996 1378 3064 abjicere,
1399 2996 1724 3065 justilicatos
1745 2995 1913 3063 gratis
1941 3006 1998 3050 et
2027 3012 2133 3051 non

554 3104 625 3143 ex
656 3087 909 3157 Operibus
948 3086 1101 3155 legis,
1147 3085 1256 3139 imo
1295 3085 1468 3155 magis
1506 3100 1601 3155 per
1630 3084 1789 3139 fidem
1832 3096 1888 3139 et
1916 3100 2132 3139 sacrum

2306 1437 2647 1501 Λούσασθε,
2675 1436 2923 1507 καθαροὶ
2952 1438 3215 1506 γίνεσθε.

2308 1528 2477 1581 Πάλιν
2512 1528 2710 1592 αὐτοὺς
2748 1530 2830 1593 εἰς
2856 1528 3161 1600 ἀνάμνησιν
3188 1530 3296 1585 τῶν
3329 1532 3684 1604 ἠσεϐημένων
3714 1537 3815 1590 αὖ·

2235 1622 2349 1683 τοῖς
2401 1619 2643 1687 ἐνεγκὼν
2695 1619 3095 1689 ἀπογινώσκειν
3137 1623 3237 1675 οὐκ
3290 1622 3372 1694 ἐᾷ,
3429 1625 3706 1697 Ἐπιφέρει
3755 1628 3815 1681 δὲ

2237 1710 2527 1782 χρησίμως
2547 1712 2649 1783 τὴν
2669 1711 2729 1777 ἐξ
2757 1714 3093 1784 ἡμερότητος
3122 1716 3298 1785 χάριν.
3325 1716 3434 1769 Καὶ
3455 1718 3558 1772 ούκ
3578 1719 3817 1792 ἐξείργει

2236 1802 2337 1874 τῆς
2368 1803 2577 1874 δωρεᾶς
2618 1804 2721 1871 τῆς
2762 1804 3119 1877 προτεθείσης
3151 1807 3239 1860 διά
3281 1809 3517 1879 Χριστοῦ
3553 1813 3665 1874 τοῖς
3708 1813 3817 1867 ἀνά

2239 1897 2419 1949 πᾶσαν
2467 1897 2567 1966 τὴν
2621 1897 2712 1951 ὕπ’
2760 1897 3006 1967 οὐρανόν.
3060 1918 3077 1951 ι
3116 1901 3323 1963 Πάντες
3361 1901 3471 1973 γάρ
3514 1901 3812 1970 ἐξέκλιναν,

2238 1987 2358 2058 ἅμα
2385 1986 2785 2059 ἡχρειώθησαν.
2820 2007 2839 2041 ι
2883 1991 2992 2045 Καὶ
3018 1990 3268 2054 ὑπόδικος
3290 1992 3513 2061 γέγονεν
3549 1994 3579 2046 6
3609 1994 3816 2066 κόσμος

2236 2079 2314 2150 τῷ
2351 2078 2489 2149 Θεῷ,
2523 2078 2631 2132 τῶν
2679 2079 2779 2150 μέν
2818 2079 2989 2133 ἐθνῶν
3031 2084 3095 2151 τῇ
3136 2082 3309 2135 κτίσει
3357 2083 3813 2156 λελατρευκότων,

2235 2170 2344 2223 τῶν
2370 2188 2432 2238 γε
2457 2171 2561 2242 μὴν
2593 2170 2881 2244 ἐξΊσραὴλ
2902 2173 2993 2227 τὸν
3011 2173 3100 2226 διὰ
3121 2175 3364 2241 Μωσέως
3392 2177 3570 2241 αὐτοῖς
3593 2176 3815 2231 δοθέντα

2237 2259 2702 2331 παραϐεϐηκότων
2751 2262 2932 2331 νόμον.
2976 2262 3112 2315 Ἀλλ’
3146 2263 3457 2334 ἐπέλαμψεν
3501 2266 3529 2318 6
3578 2266 3814 2336 Χριστὸς

2235 2354 2349 2413 τοίς
2380 2351 2578 2417 ἔθνεσι,
2614 2354 2709 2407 καὶ
2750 2353 3012 2424 κέκληται
3055 2354 3191 2425 πρὸς
3221 2355 3283 2408 τὸ
3311 2355 3619 2428 θαυμαστὸν
3644 2357 3812 2411 αὐτοῦ

2237 2443 2374 2511 φῶς·
2410 2443 2503 2497 καὶ
2526 2446 2554 2497 6
2584 2445 2713 2498 ποτε
2740 2446 2801 2498 οὐ
2825 2445 2974 2510 λαὸς,
3009 2446 3262 2515 γεγόνασι
3289 2446 3433 2511 λαός.
3484 2448 3722 2502 Ἰουδαῖοί
3745 2464 3813 2517 γε

2238 2534 2348 2604 μὴν
2400 2534 2450 2586 οἱ
2486 2534 2714 2598 τάλανες
2767 2537 3236 2607 πεπαροινήκασιν
3281 2539 3360 2601 εἰς
3414 2538 3667 2608 Χριστὸν,
3716 2539 3815 2592 καὶ

2236 2626 2481 2695 ἀρχηγὸν
2509 2626 2639 2679 ὄντα
2668 2628 2766 2697 τῆς
2790 2626 2935 2698 ζωῆς
2961 2629 3329 2682 ἀπεκτόνασιν
3361 2630 3609 2693 ἀνοσίως,
3638 2632 3687 2683 εί
3719 2631 3814 2683 καὶ

2235 2719 2436 2771 ἀνεϐίω
2469 2718 2630 2772 πάλιν
2651 2718 2726 2783 ὡς
2751 2719 2905 2781 Θεός.
2947 2720 3163 2791 Ἐπειδὴ
3194 2722 3251 2775 δέ
3287 2723 3433 2775 ἐστιν
3457 2722 3677 2790 ἀγαθὸς,
3715 2723 3815 2776 καὶ

2236 2811 2445 2873 πάντας
2479 2810 2799 2882 ἀνθρώπους
2832 2811 2975 2865 θέλει
3011 2812 3269 2883 σωθῆναι,
3296 2812 3391 2867 καὶ
3416 2814 3494 2876 είς
3519 2813 3815 2881 ἐπίγνωσιν

2237 2902 2493 2973 ἀληθείας
2520 2902 2693 2956 ἐλθεῖν
2720 2903 3003 2974 ἁνευρύνει
3028 2904 3122 2957 καὶ
3159 2904 3320 2966 αὐτὸς
3361 2904 3462 2974 τὴν
3498 2904 3599 2975 τῆς
3633 2922 3813 2976 αυτη-

2238 2994 2361 3065 ρίας
2403 2994 2523 3047 ὁδὸν
2564 2996 2657 3049 καὶ
2685 2995 3085 3066 ἀποκρούεσθαι
3116 2995 3329 3050 κελεύει
3375 2997 3443 3050 τά
3466 2997 3812 3068 ἐγκλήματα,

2235 3087 2615 3158 δικαιουμένου
2644 3087 2852 3159 δωρεάν
2895 3088 2990 3141 καὶ
3015 3089 3116 3142 ούκ
3153 3090 3212 3155 ἐξ
3237 3089 3413 3159 ἔργων
3440 3091 3624 3160 νόμου.
3658 3092 3817 3145 Μᾶλ-

555 3180 842 3248 baptisma,
877 3178 1102 3248 ideoque
1131 3177 1206 3230 ait
1234 3194 1247 3230 :
1275 3195 1294 3226 ι
1329 3176 1627 3244 Lavamini,
1662 3177 1850 3231 mundi
1883 3186 2076 3231 estote.
2109 3196 2128 3230 ι

2236 3178 2325 3231 λον
2361 3177 2417 3231 δὲ
2439 3178 2527 3232 διὰ
2564 3180 2663 3251 τῆς
2693 3180 2949 3244 πίστεως,
2975 3181 3069 3234 καὶ
3100 3180 3194 3235 τοῦ
3224 3183 3380 3251 ἁγίου
3415 3182 3812 3255 βαπτίσματος,

554 3272 708 3337 Quod
740 3280 891 3324 vetns
920 3269 1004 3324 lex
1046 3268 1211 3324 etiam
1249 3268 1353 3322 illis
1382 3283 1479 3337 per
1506 3269 1726 3322 umbras
1764 3268 2041 3338 ﬁguravit,
2073 3278 2129 3323 et

557 3365 787 3432 gratiam
818 3377 913 3432 per
940 3377 1153 3417 sacrum
1178 3361 1453 3416 lavacrum
1489 3371 1616 3416 ante
1637 3363 1968 3431 praedicavit.
1996 3363 2137 3416 Dixit

554 3456 699 3510 enim
733 3455 929 3509 alicubi
973 3454 1116 3510 Deus
1152 3458 1218 3509 ad
1242 3456 1580 3509 sacerdotem
1616 3452 1857 3507 Mosem:
1892 3471 1911 3505 ι
1939 3455 2137 3523 Accipe

556 3550 777 3605 chitas
805 3548 873 3603 de
906 3548 1084 3605 medio
1114 3547 1345 3602 ﬁliorum
1378 3546 1565 3613 Israel,
1593 3557 1647 3602 et
1669 3547 1984 3618 purificabis
2016 3563 2132 3613 eos,

552 3651 611 3697 et
648 3644 727 3698 sic
756 3641 926 3697 facies
957 3642 1088 3710 ipsis
1137 3641 1568 3711 purificationem
1618 3655 1832 3695 eorum.
1869 3640 2135 3712 Asperges

554 3750 651 3791 eos
692 3750 830 3805 aqua
882 3733 1303 3803 puriticationis,
1360 3742 1416 3787 et
1471 3733 1822 3803 superveniet
1872 3735 2134 3788 novacula

556 3841 720 3895 super
758 3835 928 3880 totum
956 3840 1152 3894 corpus
1174 3840 1385 3890 eorum,
1412 3834 1468 3879 et
1491 3823 1750 3879 lavabunt
1780 3832 1959 3879 vestes
1981 3840 2133 3887 suas,

556 3932 621 3971 ac
644 3917 826 3969 mundi
857 3916 1100 3971 erunt”.
1129 3934 1149 3968 ι
1183 3916 1314 3969 Dein
1344 3914 1648 3983 cnjusmodi
1674 3915 1899 3984 sitaqua
1942 3914 2132 3983 purifi-

556 4009 809 4073 cationis,
852 4007 1049 4064 Paulus
1088 4008 1521 4079 sapientissimus
1575 4006 1793 4061 docebit
1842 4008 1988 4061 hisce
2016 4022 2135 4060 ver-

555 4103 641 4159 bis
678 4124 690 4159 :
730 4121 748 4155 ι
794 4102 849 4158 Si
878 4104 1022 4159 enim
1050 4105 1271 4174 sanguis
1301 4103 1580 4158 hircorum
1610 4111 1665 4156 et
1704 4102 2024 4165 vitulorum,
2079 4110 2135 4155 et

552 4193 695 4247 cinis
737 4194 983 4263 iuvencae
1031 4210 1289 4265 aspersus
1336 4193 1646 4262 inquinatos
1712 4192 2022 4248 sanctiﬁcat
2066 4194 2134 4247 ad

552 4287 740 4342 carnis
800 4286 1242 4342 emundationem
1304 4304 1318 4339 :
1381 4294 1586 4356 quanto
1662 4285 1833 4355 magis
1907 4285 2132 4353 sanguis

552 4381 758 4443 Christi
795 4380 876 4433 "1'
902 4398 921 4432 ι
948 4380 1216 4447 Quocirca
1254 4372 1528 4433 carnalem
1574 4378 1790 4448 quidem
1824 4378 1909 4432 lex
1940 4392 2135 4431 emun-

2235 3271 2408 3342 ταύτῃ
2429 3289 2510 3324 τοι
2536 3275 2690 3344 φησι·
2720 3291 2740 3323 ι
2765 3271 3065 3336 Λούσασθε,
3096 3274 3324 3345 καθαροὶ
3343 3276 3616 3343 γένεσθε.»
3642 3275 3816 3331 Τοῦτο

2236 3362 2330 3415 καὶ
2359 3364 2388 3415 6
2425 3360 2591 3415 πάλαι
2616 3362 2781 3433 νόμος
2811 3364 2994 3425 αὐτοῖς
3018 3363 3094 3425 ὡς
3123 3365 3180 3415 ἐν
3210 3366 3389 3427 σκιαῖς
3413 3365 3686 3430 διετύπου,
3718 3365 3816 3419 καὶ

2236 3456 2678 3526 προανεκήρυττε
2706 3456 2807 3525 τὴν
2831 3457 2991 3528 χάριν
3031 3457 3132 3527 τὴν
3169 3448 3258 3511 δίά
3296 3458 3390 3511 τοῦ
3423 3459 3580 3527 ἁγίου
3618 3458 3817 3529 βαπτί-
3864 3490 3868 3493 ~

2237 3566 2462 3618 σματος.
2514 3548 2657 3620 Ἔφη
2689 3550 2798 3621 γάρ
2834 3567 2937 3603 που
2983 3550 3136 3614 Θεὸς,
3168 3550 3304 3623 πρὸς
3348 3551 3441 3606 τὸν
3489 3552 3816 3624 ἱεροφάντην

2235 3642 2460 3695 Μωσέα·
2514 3661 2532 3694 ‹
2572 3641 2718 3695 Λάϐε
2772 3643 2900 3706 τοὺς
2941 3642 3175 3708 Λευῖτας
3217 3645 3282 3697 ἐκ
3322 3644 3489 3714 μέσου
3532 3645 3642 3698 τῶν
3678 3645 3815 3697 υἱῶν

2249 3734 2483 3807 Ἰσραὴλ,
2527 3737 2621 3788 καὶ
2644 3736 2825 3803 ἁγνιεῖ
2855 3736 3074 3801 αὐτοὺς,
3105 3736 3198 3789 καὶ
3223 3735 3396 3800 οὕτως
3434 3738 3682 3807 ποιήσεις
3710 3740 3813 3793 αύ-

2235 3827 2347 3888 τοῖς
2390 3825 2481 3878 τὸν
2516 3825 2781 3895 ἁγνισμὸν
2809 3825 3008 3881 αὐτῶν.
3055 3827 3414 3897 Περιρρανείς
3439 3827 3637 3890 αὐτοὺς
3667 3827 3814 3899 ὕδωρ

2236 3915 2526 3986 ἁγνισμοῦ,
2574 3918 2668 3970 καὶ
2713 3917 3064 3970 ἐπελεύσεται
3108 3917 3271 3988 ξυρὸν
3302 3918 3395 3970 ἐπὶ
3424 3919 3531 3970 πᾶν
3561 3918 3621 3971 τὸ
3652 3918 3815 3989 σῶμα

2234 4010 2434 4064 αὐτῶν.
2468 4011 2579 4063 Καὶ
2605 4010 2865 4064 πλυνοῦσι
2899 4011 2968 4064 τά
3002 4012 3191 4081 ἱμάτια
3218 4012 3417 4075 αὐτῶν,
3456 4014 3551 4066 καὶ
3581 4013 3815 4085 καθαροὶ

2234 4103 2471 4157 ἔσονται.
2516 4123 2534 4154 ι
2574 4100 2707 4156 Εἶτα
2733 4106 2885 4156 ποῖον
2924 4103 3007 4156 ἔτι
3048 4103 3108 4155 τὸ
3140 4103 3281 4174 ὕδωρ
3312 4104 3406 4156 τοῦ
3441 4104 3704 4174 ἁγνισμοῦ
3734 4105 3816 4159 δι-

2233 4194 2383 4259 δάξει
2413 4194 2585 4264 λέγων
2617 4196 2646 4248 6
2679 4194 2988 4264 σοφώτατος
3017 4194 3249 4257 Παῦλος·
3291 4214 3308 4246 ι
3355 4196 3417 4248 Ei
3447 4196 3554 4266 γὰρ
3578 4195 3640 4248 τὸ
3670 4190 3814 4265 αἷμα

2234 4286 2452 4357 τράγων
2475 4286 2568 4339 καὶ
2599 4285 2833 4356 μόσχων,
2854 4286 2947 4337 καὶ
2970 4284 3163 4348 σποδὸς
3186 4284 3467 4353 δαμάλεως
3490 4287 3813 4354 ῥαντίζουσα

2235 4379 2360 4440 τοὺς
2411 4377 2840 4447 κεκοινωμένους
2888 4374 3102 4445 ἁγιάζει
3145 4376 3283 4449 πρὸς
3315 4377 3416 4447 τὴν
3467 4376 3567 4447 τῆς
3611 4378 3814 4449 σαρκὸς

555 4472 826 4527 dationem
854 4487 950 4540 per
974 4487 1172 4541 aquam
1199 4470 1598 4541 puriﬁcationis
1624 4470 1805 4525 effecit
1835 4488 1849 4524 :
1882 4469 2131 4525 Christus

2237 4470 2600 4562 καθαρότητα,
2633 4470 2783 4540 πόσῳ
2818 4468 3019 4539 μᾶλλον
3058 4469 3119 4522 τὸ
3142 4464 3283 4539 αἷμα
3315 4472 3357 4523 Χ
3368 4469 3582 4541 ριστοῦ;
3613 4488 3631 4522 ι
3666 4470 3812 4524 Οὐκ-

555 4574 736 4618 atttem
773 4578 869 4634 per
908 4564 1235 4633 baptismum
1275 4577 1467 4617 omnes
1512 4563 1703 4617 sordes
1741 4562 1909 4616 animi
1949 4562 2131 4616 deter-

554 4656 653 4725 git.
686 4653 947 4722 Baptizati
986 4654 1130 4708 enim
1170 4668 1357 4708 sumus
1404 4652 1611 4722 Spiritu
1657 4662 1846 4707 sancto
1888 4662 1943 4707 et
1983 4652 2129 4720 igne,

559 4749 651 4815 qui
682 4746 938 4815 excoquit
968 4760 1130 4801 omne
1165 4746 1275 4800 vitii
1304 4760 1473 4816 genus
1505 4745 1557 4798 in
1606 4746 1762 4799 nobis
1796 4753 1851 4800 et
1879 4745 2126 4815 collique-

555 4838 685 4892 facit
709 4839 1129 4908 quodammodo,
1164 4847 1220 4891 et
1262 4849 1319 4891 ut
1348 4837 1595 4890 inutilem
1627 4837 2131 4907 materiam,quasi—

555 4944 659 4996 que
685 4929 1008 4998 quisquilias
1053 4929 1312 4983 absumit.
1365 4927 1501 4981 Nam
1533 4928 1638 4981 hoc
1687 4928 1827 4995 ignis
1874 4944 2012 4998 opus
2049 4936 2133 4983 est

551 5029 607 5070 et
642 5021 937 5087 proprium.
976 5018 1203 5073 Planum
1233 5017 1363 5072 facit
1391 5018 1493 5072 hoc
1534 5017 1595 5074 Β.
1624 5018 1845 5085 Paulus,
1892 5020 2078 5073 dicens
2113 5037 2126 5072 :

2234 4559 2329 4612 οῦν
2370 4544 2638 4629 σαρκικὴν
2669 4558 2767 4628 μὲν
2795 4558 2823 4609 ὁ
2853 4559 3012 4627 νόμος
3042 4560 3276 4612 ἐποιεῖτο
3298 4560 3397 4631 τὴν
3425 4560 3689 4631 κάθαρσιν
3721 4561 3815 4615 διὰ

2232 4652 2328 4706 τοῦ
2356 4652 2543 4714 ὓδατος
2561 4650 2656 4704 τοῦ
2691 4649 2978 4719 ἁγνισμοῦ.
3004 4652 3304 4722 Διασμήχει
3327 4652 3382 4703 δὲ
3408 4655 3437 4705 6
3464 4652 3695 4723 Χριστὸς
3721 4652 3813 4706 διὰ

2232 4744 2327 4797 τοῦ
2355 4746 2510 4812 ἁγίου
2547 4743 2940 4814 βαπτίσματος.
2978 4745 3154 4796 πάντα
3181 4743 3353 4814 ῥύπον
3379 4744 3533 4814 ημῶν
3558 4744 3810 4813 ψυχικόν.

2235 4835 2656 4905 Βεϐαπτίσμεθα
2688 4835 2797 4903 γὰρ
2826 4837 2883 4886 ἐν
2909 4834 3183 4905 Πνεύματι
3213 4835 3351 4905 ἁγίῳ
3385 4836 3477 4888 καὶ
3516 4836 3671 4905 πυρὶ,
3702 4837 3814 4888 πᾶν

2234 4924 2373 4990 εἶδος
2403 4927 2500 4997 τῆς
2526 4928 2582 4978 ἐν
2607 4927 2738 4997 ἡμῖν
2759 4924 3092 4995 φαύλότητος
3120 4926 3401 4995 μονονουχὶ
3433 4928 3812 4996 συντήκοντος,

2238 5021 2333 5072 καὶ
2373 5020 2449 5083 ὡς
2502 5020 2773 5089 ἄχρηστον
2811 5017 3156 5080 δαπανῶντὸς
3188 5034 3310 5069 τινα
3350 5016 3613 5087 συρφετὸν
3656 5016 3813 5086 ὕληνο

560 5129 579 5160 ι
620 5109 723 5163 Per
755 5110 912 5164 fidem
935 5111 1200 5164 divinitus
1234 5110 1549 5165 admonitus
1579 5110 1693 5164 Noe
1720 5111 2129 5179 aptavitarcam

2237 5111 2399 5181 ἔργον
2443 5111 2552 5181 γὰρ
2583 5110 2739 5163 τοῦτο
2783 5110 2971 5181 πυρός.
3015 5108 3183 5161 Τοῦτό
3225 5126 3307 5161 τοι
3341 5109 3434 5161 καὶ
3478 5110 3506 5161 6
3539 5107 3817 5178 μακάριος
3930 5104 3933 5107 “

556 5202 611 5255 in
630 5202 857 5256 salutent
876 5203 1065 5257 domus
1088 5217 1202 5258 suae
1224 5202 1291 5267 ³⁸,
1323 5220 1342 5253 ι
1382 5202 1433 5255 in
1452 5216 1556 5275 qua
1575 5216 1757 5270 paucae
1785 5202 1887 5256 hoc
1902 5212 2005 5265 est,
2028 5203 2135 5272 18

2238 5204 2450 5269 Παῦλος
2480 5206 2751 5272 διασαφεῖ.
2783 5203 2973 5270 λέγων’
3005 5220 3025 5253 ι
3059 5201 3243 5253 Πίστει
3267 5199 3658 5271 χρηματισθεὶς
3684 5198 3815 5251 Νῶε

555 5302 681 5347 octo
705 5292 897 5347 anima:
926 5306 1262 5350 conservata:
1290 5303 1418 5348 sunt
1444 5276 1498 5349 in
1524 5308 1663 5363 aqua
1690 5311 1706 5346 :
1736 5311 1755 5345 ι
1786 5292 1940 5363 cujus
1961 5294 2131 5363 ﬁgura

2238 5293 2609 5347 κατεσκεύασε
2661 5291 2890 5345 κιϐωτὸν
2942 5292 3022 5353 είς
3067 5288 3341 5359 σωτηρίαν
3385 5288 3478 5342 τοῦ
3515 5289 3662 5341 οἴκου
3709 5287 3813 5339 αὐ-
3856 5292 3861 5295 ’

556 5386 880 5452 baptismus,
910 5400 1052 5440 nunc
1084 5396 1266 5442 servat
1285 5402 1403 5452 nos,
1429 5387 1520 5456 qui
1555 5402 1664 5441 non
1690 5395 1776 5441 est
1801 5387 1982 5441 carnis
2011 5401 2130 5440 sor-

2236 5386 2352 5447 τοῦ,
2396 5406 2415 5438 ι
2451 5388 2530 5449 εἰς
2553 5386 2621 5456 ἢν
2650 5384 2851 5450 ὀλίγαι,
2883 5381 3027 5434 τοῦτ’
3058 5380 3225 5446 ἔστιν,
3251 5379 3396 5433 ὀκτὼ
3423 5378 3593 5449 ψυχαὶ
3621 5376 3818 5431 διεσώ-

556 5475 705 5529 dium
739 5476 1032 5545 depositio,
1069 5477 1161 5531 sed
1194 5478 1540 5532 conscientia:
1570 5478 1743 5543 bona:
1780 5476 2131 5549 interrogatio

2238 5476 2410 5546 θησαν
2433 5475 2497 5528 δι’
2522 5474 2730 5537 ὓδατος.
2766 5492 2784 5524 ι
2823 5474 2888 5525 Ὃ
2911 5472 3005 5523 καὶ
3031 5471 3180 5541 ἡμᾶς
3207 5470 3499 5523 ἀντίτυπον
3527 5466 3624 5521 νῦν
3647 5467 3815 5532 σώζει

558 5566 612 5620 in
646 5567 813 5621 Deum
842 5566 907 5620 ³⁷.
942 5585 961 5619 ι
993 5567 1146 5635 Quod
1179 5566 1471 5624 Iudaicum
1511 5568 1769 5639 papulum
1810 5568 1992 5624 facere
2025 5586 2135 5629 mo-

2241 5568 2545 5638 βάπτισμα,
2578 5568 2640 5621 οὐ
2668 5566 2869 5638 σαρκὸς
2896 5563 3152 5626 ἀπόθεσις
3177 5562 3371 5633 ῥύπου,
3405 5560 3542 5614 ἀλλὰ
3572 5559 3816 5630 συνειδή-

556 5663 690 5722 net,
757 5658 982 5714 dicens:
1022 5677 1040 5709 ι
1080 5657 1301 5726 Lavate,
1354 5659 1535 5715 mundi
1579 5668 1797 5715 estote:
1835 5678 1854 5712 ι
1892 5660 1997 5715 hoc
2024 5673 2129 5726 est,

2242 5677 2379 5725 σεως
2406 5660 2623 5729 ἀγαθῶς
2657 5657 2988 5730 ἐπερώτημα
3011 5658 3089 5719 είς
3109 5655 3259 5708 Θεόν.
3294 5673 3312 5705 ι
3346 5655 3410 5708 Ὃ
3436 5652 3499 5724 δὴ
3522 5653 3614 5707 καὶ
3627 5651 3815 5715 αὐτοῖς

627 5838 675 5871 ’³
703 5838 845 5895 Psal.
880 5854 999 5906 vm,
1034 5840 1088 5895 5.
1164 5841 1210 5874 3"
1236 5838 1396 5896 Num.
1433 5854 1552 5903 vm,
1583 5838 1615 5891 7
1637 5854 1752 5910 seq.
1858 5840 1901 5873 ³⁸
1934 5839 2098 5898 Hebr.
2131 5854 2135 5896 1

2238 5840 2321 5909 15,
2360 5840 2446 5894 ll.
2525 5839 2570 5871 ³⁸
2606 5837 2767 5894 llebr.
2812 5851 2885 5901 xu,
2919 5834 2969 5888 7.
3025 5831 3257 5889 "ll‘etr.
3292 5847 3372 5897 ιιι,
3397 5830 3490 5889 21.
