4094 6366
241 436 299 488 ιι
1405 428 1472 481 lN
1515 427 1743 483 lSAlAM
1790 430 1914 484 LIB.
1956 430 1999 486 1.
2039 429 2248 486 ORAT.
2290 432 2330 486 l.
3411 433 3483 488 ﬂ

238 551 457 603 ἑλέσθαι
485 551 616 621 δρᾷν
640 552 751 613 τοῖς
785 548 1051 602 Ἰουδαίων
1079 548 1270 618 δήμοις
1319 547 1696 619 συμϐουλεύει,
1728 550 1815 601 λέ-

1924 549 2126 605 abluite
2175 550 2459 614 maculam,
2509 550 2841 620 jnstiﬂcante
2868 564 2963 605 vos
3003 564 3070 605 ex
3120 547 3402 603 clementia
3432 557 3489 604 et

236 659 370 707 γων·
420 661 438 693 ι
488 641 787 705 Λούσασθε,
839 641 1069 711 καθαροὶ
1115 640 1358 708 γένεσθε·
1398 659 1417 690 ι
1458 641 1603 693 τοῦτ’
1643 640 1811 703 ἔστιν,

237 729 577 800 ἁπονίψασθε
604 730 701 800 τὴν
734 730 943 799 κηλῖδα,
983 729 1316 791 δικαιοῦντος
1342 732 1491 800 ἡμᾶς
1524 730 1582 796 ἐξ
1613 731 1815 800 ἡμερό-

234 839 398 890 τητος
433 821 526 875 καὶ
557 822 966 891 φιλανθρωπίας
1002 821 1094 873 τοῦ
1122 823 1251 892 παρ’
1283 822 1436 891 ὑμῶν
1462 822 1811 893 ὑϐρισμένου.

234 914 581 983 Εὑρίσκομεν
606 914 662 966 δὲ
692 916 787 966 καὶ
813 914 902 965 τὸν
925 913 1208 966 θεσπέσιον
1230 914 1432 983 Πέτρον
1460 913 1815 985 ἐπιπλήττον-

233 1024 301 1058 τα
328 1007 433 1076 μὲν
465 1008 647 1068 αὐτοῖς
672 1006 748 1068 ὡς
780 1006 1102 1058 ἀπεκτονόσι
1135 1006 1225 1057 τδν
1258 1006 1358 1075 τῆς
1383 1005 1529 1075 ζωῆς
1548 1006 1811 1077 ἀρχηγὸν,

234 1100 331 1151 καὶ
362 1100 649 1169 αἰτήσασιν
682 1097 849 1168 ἄνδρα
878 1097 1040 1165 φονέα
1069 1097 1393 1167 χαρισθῆναι
1432 1098 1635 1163 αὐτοῖς,
1668 1099 1811 1151 τοῦτ’

1923 643 2273 711 benignitate,
2313 657 2400 706 eo,
2424 644 2515 712 qui
2564 644 2704 712 apud
2742 657 2837 698 vos
2874 641 3215 697 contumeliis
3261 639 3486 697 alIectus

1921 743 2024 792 est.
2080 734 2334 791 Videmus
2374 738 2536 791 etiam
2592 738 2830 793 divinum
2899 737 3117 793 Petrum
3162 754 3257 794 eos
3308 738 3487 794 incre—
3533 745 3539 763 '

1922 839 2069 894 pare,
2100 827 2241 895 quod
2290 828 2412 882 vita:
2466 829 2763 898 principem
2818 830 3205 895 interfecerint,
3251 842 3305 886 et
3343 830 3487 901 quod

1927 915 2284 979 homicidam,
2343 916 2552 971 scilicet
2606 916 2941 982 Barabbam,
2991 918 3090 973 sibi
3147 919 3335 975 donari
3393 933 3488 987 po-

1923 1005 2263 1062 stulaverint.
2305 1006 2354 1062 ls
2399 1018 2577 1063 tamen
2631 1010 2794 1064 etiam
2845 1011 3046 1065 excitat
3095 1009 3160 1064 ad
3217 1010 3487 1080 poeniten-

1922 1098 2092 1165 tiam;
2155 1100 2230 1152 ait
2289 1100 2433 1154 enim
2476 1114 2491 1153 :
2535 1118 2555 1153 ι
2600 1101 2666 1155 Et
2715 1117 2895 1165 nunc,
2945 1103 3164 1167 fratres,
3222 1101 3335 1156 scio
3391 1115 3488 1155 vos

235 1191 353 1243 ἔστι
381 1191 472 1243 τὸν
494 1190 781 1261 Βαραὸἀμ.
816 1190 962 1259 Πλὴν
987 1189 1353 1243 διανίστανται
1381 1190 1517 1259 πρὸς
1540 1190 1819 1260 μετάγνωο

1922 1205 2009 1260 per
2039 1192 2394 1261 ignorantiam
2443 1191 2653 1257 fecisse,
2697 1194 2835 1247 sicut
2879 1202 2933 1248 ct
2974 1193 3244 1261 principes
3292 1192 3484 1248 vestri.

237 1300 321 1335 σιν
345 1299 362 1316 ο
394 1282 499 1353 ἔφη
554 1282 664 1352 γάρ
691 1298 702 1309 ·
747 1301 764 1333 ι
799 1283 906 1334 Καὶ
946 1280 1061 1345 νῦν,
1102 1281 1338 1350 ἀδελφοὶ,
1378 1278 1494 1335 οἶδα
1545 1282 1625 1335 ὅτι
1678 1282 1822 1336 κατά

235 1375 461 1441 ἄγνοιαν
523 1374 797 1441 ἐπράξατε
850 1373 1041 1443 ὥσπερ
1086 1374 1181 1426 καὶ
1235 1375 1283 1426 οἱ
1322 1374 1580 1443 ἄρχοντες
1639 1373 1814 1444 ὑμῶν.

234 1467 627 1536 Μετανοήσατε
656 1462 747 1518 οῦν
779 1465 871 1517 καὶ
902 1464 1253 1535 βαπτισθήτω
1278 1465 1509 1527 ἕκαστος
1539 1464 1695 1534 ὑμῶν
1725 1466 1820 1517 ἐπὶ

234 1559 313 1629 τῷ
356 1560 580 1629 ὀνόματι
625 1559 719 1611 τοῦ
768 1560 971 1630 Κυρίου
1017 1559 1173 1629 ἡμῶν
1221 1558 1393 1628 Ἰησοῦ
1431 1559 1691 1629 Χριστοῦ,
1728 1561 1823 1613 καὶ

1921 1282 2243 1352 Resipiscite
2291 1284 2474 1354 igitur,
2527 1295 2583 1339 et
2636 1284 2940 1354 haptizetur
2987 1286 3354 1355 unusquisque
3395 1299 3489 1339 ve-

1916 1380 2089 1426 strum
2124 1375 2175 1427 in
2208 1378 2424 1430 nomine
2468 1374 2680 1430 Domini
2710 1378 2877 1430 nostri
2900 1374 3025 1430 Jesu
3060 1377 3282 1443 Christi,
3310 1385 3365 1431 et
3392 1392 3488 1431 ac-

1916 1466 2130 1536 cipietis
2178 1468 2376 1522 donum
2430 1470 2667 1538 Spiritus
2723 1470 2917 1524 sancti.
2948 1469 3117 1525 Vobis
3163 1469 3307 1525 enim
3361 1479 3487 1524 sunt

1930 1562 2317 1630 promissiones
2336 1572 2391 1618 et
2419 1564 2544 1619 filiis
2576 1564 2768 1618 vestris
2798 1564 2863 1617 ³⁸.
2907 1582 2925 1616 ι

233 1652 473 1722 λήψεσθε
532 1651 629 1720 τὴν
650 1650 857 1722 δωρεὰν
884 1650 976 1703 τοῦ
1034 1650 1189 1719 ἁγίου
1220 1650 1551 1721 Πνεύματος.
1588 1650 1746 1721 Ὑμῖν
1771 1651 1879 1721 γάρ
1905 1652 2042 1704 εἰσιν
2066 1654 2121 1705 αἱ
2148 1653 2468 1721 ἐπαγγελίαι
2494 1655 2589 1708 καὶ
2617 1657 2728 1718 τοῖς
2754 1654 2963 1717 τέκνοις
2993 1653 3165 1725 ὑμῶν.
3206 1673 3224 1707 ι

317 1744 597 1812 Ἀεοέλετε
637 1743 744 1809 τὰς
786 1744 1076 1811 πονηρίας
1109 1743 1378 1797 ἁπό³τῶν
1401 1741 1621 1812 ψυχῶν
1651 1742 1811 1812 ὑμῶν

1989 1744 2152 1798 Vens.
2194 1745 2281 1799 16.
2309 1747 2527 1815 Auferte
2568 1747 2708 1800 mala
2742 1764 2807 1801 ea:
2845 1746 3122 1801 animabus
3172 1747 3379 1813 uestris,
3420 1747 3486 1801 ab

234 1835 526 1888 ἀπέναντι
554 1834 672 1888 τῶν
703 1834 1022 1904 ὀφθαλμῶν
1049 1851 1189 1904 μουο
1218 1836 1537 1889 παύσασθε
1560 1834 1678 1889 ἀπὸ
1698 1834 1819 1887 τῶν

233 1924 538 1993 πονηριῶν
568 1922 755 1993 ὑμῶν.

318 2017 559 2086 Ἀπόχρη
594 2016 692 2086 μὲν
713 2014 847 2087 πρὸς
878 2015 1136 2084 ἀπόνιψιν
1165 2014 1439 2085 ἁμαρτίας
1469 2013 1530 2067 τὸ
1552 2015 1817 2084 σωτήριον

232 2108 329 2161 καὶ¹
362 2108 518 2175 ἆγιον
551 2107 851 2176 βάπτισμα,
879 2108 971 2159 καὶ
999 2107 1098 2176 τὴν
1132 2106 1240 2158 τῶν
1277 2106 1378 2176 ἤδη
1413 2106 1819 2176 προεπταισμέ-

232 2217 341 2253 νων
396 2198 687 2270 διασμήχει
742 2196 951 2267 κηλῖδα.
987 2195 1200 2266 Χρῆναι
1245 2195 1302 2248 δέ
1344 2213 1485 2266 φημι
1510 2196 1637 2259 τοὺς
1668 2196 1819 2261 ἅπαξ

233 2292 621 2362 ήγιασμένους,
658 2288 906 2359 καθαρὰς
958 2289 1053 2341 καὶ
1092 2286 1377 2359 ἀμώμους,
1416 2288 1492 2351 ὡς
1525 2289 1592 2343 ἂν
1619 2283 1721 2342 οἷοί
1757 2305 1815 2341 τε

234 2381 365 2448 εἷεν,
397 2384 498 2445 τὰς
522 2381 727 2434 ἑαυτῶν
752 2381 1039 2450 φυλάττειν
1076 2379 1255 2449 ψυχὰς
1295 2378 1388 2431 καὶ
1416 2378 1818 2449 διαμεμνῆσθαι

238 2477 336 2545 μέν
384 2475 481 2527 τοῦ
519 2474 789 2542 λέγοντος⁸
825 2492 843 2523 ι
885 2474 1037 2543 Πάσῃ
1078 2473 1291 2541 φυλακῇ
1337 2472 1493 2542 τήρει
1544 2473 1643 2542 σὴν
1683 2487 1820 2542 καρ-

235 2569 372 2622 δίαν.
408 2587 427 2620 ι
456 2569 567 2621 Καὶ
598 2566 782 2619 πάλιν·
830 2584 850 2615 ε
890 2566 1013 2619 Ἐὰν
1036 2564 1253 2633 πνεῦμα
1285 2563 1379 2616 τοῦ
1411 2563 1818 2629 ἐξουσιάζοντος

237 2660 412 2731 ἀναϐῇ
446 2660 541 2712 ἐπὶ
572 2657 652 2722 σὲ,
682 2659 844 2711 τόπον
874 2674 967 2709 σου
991 2656 1063 2725 (1)
1098 2656 1171 2726 μὴ
1200 2657 1364 2724 ἀφῇς,
1387 2656 1467 2708 ὅτι
1494 2655 1628 2724 ἴαμα
1650 2670 1819 2706 κατα-

235 2752 437 2805 παύσει
464 2751 736 2821 ἁμαρτίας
775 2749 1035 2819 μεγάλας.
1076 2768 1095 2799 ι
1121 2747 1375 2799 Πλεῖσται
1406 2746 1503 2816 μὲν
1530 2747 1653 2799 ὅσαι
1683 2745 1819 2816 πρὸς

236 2846 300 2898 τὰ
320 2844 526 2913 αἰσχίω
553 2843 844 2912 βλέπουσαι
872 2840 968 2911 τὴν
999 2838 1093 2891 τοῦ
1122 2838 1407 2907 ἀνθρώπου
1435 2837 1609 2908 ψυχὴν
1646 2853 1818 2890 κατα-

239 2936 478 2990 σείουσιν
527 2934 748 3006 ἡδοναὶ,
784 2932 878 2985 καὶ⁸
924 2930 1030 3002 πρό
1062 2947 1125 2999 γε
1164 2930 1271 2983 τῶν
1316 2929 1510 2995 ἀλλων,
1556 2931 1584 2982 6
1620 2932 1678 2983 ἐν
1706 2930 1819 2992 τοῖς

241 3029 430 3099 μέλεσι
469 3028 569 3097 τῆς
597 3025 795 3097 σαρκὸς
828 3023 1065 3095 ἔμφυτός
1094 3039 1154 3075 τε
1183 3023 1276 3077 καὶ
1310 3022 1605 3093 ἀγριαίνων
1633 3022 1813 3091 νόμος·

1921 1834 2085 1888 oculis
2118 1838 2245 1890 meis
2268 1854 2287 1902 ;
2321 1838 2569 1906 quiescite
2596 1854 2630 1891 a
2656 1838 2871 1892 malitiis
2896 1839 3102 1893 vestris.

1990 2013 2068 2067 Ad
2104 2012 2309 2082 peccati
2350 2027 2580 2081 namque
2634 2012 2965 2067 ablutionem
3003 2010 3201 2066 suﬂicit
3244 2010 3483 2065 salutare

1919 2116 1975 2161 et
2011 2122 2225 2161 sacrum
2264 2106 2558 2169 lavacrum,
2604 2104 2972 2175 abstergitque
3018 2104 3358 2173 superiorum
3393 2106 3485 2159 de-

1920 2199 2168 2253 lictorum
2200 2198 2485 2253 maculam.
2509 2198 2609 2264 Qui
2635 2212 2762 2252 vero
2785 2196 2952 2253 semel
2981 2196 3305 2253 sanctificati
3334 2207 3483 2258 sunt,

1918 2292 2126 2344 animas
2164 2306 2290 2345 suas
2320 2291 2496 2360 quoad
2545 2288 2660 2357 ejus
2688 2288 2800 2343 ﬁeri
2842 2298 3043 2358 potest,
3081 2302 3246 2357 puras
3288 2298 3344 2343 et
3375 2288 3481 2341 illi-

1918 2381 2071 2435 batas
2104 2395 2323 2436 servare
2367 2388 2617 2451 oportere
2665 2380 2763 2446 ait,
2802 2391 2859 2435 et
2905 2393 3172 2434 memores
3202 2393 3322 2434 esse
3364 2376 3479 2446 ejus

1918 2474 2007 2542 qui
2041 2474 2171 2529 dicit
2202 2491 2215 2526 :
2250 2493 2268 2525 ι
2310 2473 2468 2529 Omni
2499 2473 2743 2528 custodia
2772 2474 2929 2528 ‘serva
2957 2488 3051 2527 cor
3082 2480 3230 2525 tuum
3256 2471 3322 2526 ³⁸.
3362 2489 3382 2523 ι
3418 2471 3485 2524 Et

1919 2580 2109 2619 rursus
2138 2581 2153 2617 :
2199 2583 2217 2615 ι
2270 2563 2328 2618 Si
2371 2564 2597 2634 spiritus
2631 2564 2960 2620 dominantis
2992 2563 3295 2619 ascenderit
3319 2564 3374 2617 in
3406 2571 3480 2625 te,

1917 2673 2013 2713 cer
2047 2667 2194 2711 tuum
2239 2672 2305 2711 ne
2343 2657 2606 2722 dimittas,
2641 2656 2768 2726 quia
2813 2656 3021 2710 medela
3066 2656 3326 2726 reprimet
3354 2669 3485 2724 pec-

1917 2760 2038 2805 cata
2085 2750 2247 2804 multa
2277 2749 2342 2804 δο.
2377 2768 2396 2801 ι
2430 2747 2686 2818 Voluptas
2734 2750 2876 2804 enim
2922 2763 3110 2819 magna
3156 2763 3276 2819 qua:
3320 2749 3482 2803 etiam

1917 2856 2041 2897 cum
2092 2842 2425 2912 turpitudine
2473 2843 2762 2913 conjuncta
2809 2851 2913 2906 est,
2961 2840 3197 2897 hominis
3245 2842 3484 2896 animam

1920 2932 2233 2999 labefactat,
2268 2932 2639 3003 imprimisque
2682 2947 2793 3003 prae
2840 2932 2959 2988 aliis
3004 2931 3087 2986 lex
3126 2933 3178 2986 in
3223 2933 3485 2987 membris

1922 3027 2104 3081 carnis
2151 3026 2313 3081 insita
2351 3035 2404 3079 et
2444 3024 2703 3091 eﬂ'erata;
2751 3025 2818 3079 ad
2870 3025 3005 3092 haec,
3055 3039 3234 3094 prava!
3278 3025 3485 3097 cogita-

238 3090 356 3173 εἶτα
384 3090 536 3189 πρὸς.
551 3090 761 3179 τούτοις
785 3090 1124 3185 διαλογισμοὶ
1155 3090 1403 3187 πονηροὶ,
1431 3111 1567 3184 πρὸς
1742 3106 1820 3163 εἷ-

1926 3121 2101 3175 tiones
2148 3120 2201 3175 in
2243 3134 2404 3173 omne
2452 3119 2704 3173 vitiorum
2740 3133 2910 3188 genus
2955 3131 3191 3173 mentem
3243 3125 3483 3173 nostrain

238 3213 324 3275 δος
357 3210 692 3280 φαυλότητος
722 3209 821 3261 οὐκ
847 3207 1087 3277 ἀγεννῶς
1117 3203 1632 3277 καταϐροχιζόμενοι
1653 3203 1742 3257 τὸν
1763 3206 1822 3256 ἐν

239 3307 369 3374 ἡμῖν
391 3305 523 3357 ὅντα
550 3301 694 3355 νοῦν.
719 3303 810 3353 Δεῖ
832 3300 896 3371 δὴ
918 3296 1010 3353 οὖν
1030 3298 1137 3352 τῶν
1158 3298 1412 3351 τοιούτων
1440 3297 1696 3350 ἁπάντων
1724 3297 1824 3349 ἀπ-

238 3398 457 3469 έχεσθαι
478 3395 664 3449 κακῶν
680 3396 801 3457 τοὺς
828 3393 1312 3464 βεϐαπτισμένους,
1334 3390 1540 3454 καὶτὰς
1558 3389 1822 3460 πονηρίας

239 3489 460 3558 ἀφελεῖν
493 3487 602 3541 ἀπὸ
619 3488 719 3556 τῆς
747 3486 880 3547 ἰδίας
898 3485 1096 3555 ψυχῆς
1126 3483 1218 3535 καὶ
1233 3482 1348 3538 οῦτι
1376 3482 1535 3552 μόνον
1552 3483 1609 3535 ἐν
1625 3481 1822 3550 ὀφθαλ-

243 3584 360 3650 μοῖς
390 3578 716 3649 ἀνθρὼπων,
748 3577 884 3630 ἀλλά
914 3578 1008 3628 καὶ
1037 3577 1094 3627 ἐν
1123 3573 1421 3645 ὀφθαλμοῖς
1456 3572 1690 3643 μάλιστα
1726 3570 1820 3624 τοῦ

240 3673 418 3724 πάντα
438 3670 641 3731 εἰδότος
657 3684 718 3719 τε
737 3668 831 3719 καὶ
846 3665 1150 3737 ἐφορῶντος
1170 3664 1325 3719 Θεοῦ.
1360 3663 1822 3718 ’Υποπλάττονται

242 3764 341 3833 μέν
354 3762 429 3831 γά
437 3778 468 3831 ρ
483 3760 689 3813 ἐσθ’ὃτε
703 3760 762 3812 τὸ
774 3755 911 3812 εἶναι
925 3758 1173 3830 χρηστοὶ,
1188 3758 1281 3809 καὶ
1296 3756 1394 3826 τὴν
1408 3756 1507 3826 τῆς
1523 3754 1821 3817 ἐπιεικείας

238 3855 458 3925 δόκησιν
484 3851 975 3923 παρακλέπτοντες,
1002 3849 1203 3902 ἔσωθεν
1230 3848 1287 3900 δέ
1314 3850 1450 3901 εἰσιν
1476 3847 1631 3900 λύκοι
1654 3846 1822 3915 ἀρπα-

239 3963 353 4015 γες,
388 3945 536 3999 κατά
565 3943 628 3997 τό
663 3942 1064 4013 γεγραμμένον.
1096 3941 1206 3994 Καὶ
1238 3941 1366 4010 περὶ
1396 3940 1615 4004 παντὸς,
1647 3936 1819 4008 οἶμαι,

240 4037 483 4090 τοιούτου
504 4036 596 4088 τὸν
618 4035 726 4087 τῶν
746 4035 880 4087 ὅλων
900 4033 1053 4094 Θεὸν,
1078 4031 1165 4085 διὰ
1186 4032 1369 4101 φωνῆς
1396 4029 1660 4101 Ἱερεμίου
1690 4045 1822 4097 προ·

242 4131 413 4199 φήτου
435 4129 638 4195 λέγειν·
672 4145 690 4177 ι
718 4126 808 4195 Τῷ
832 4126 1058 4195 στόματι
1079 4123 1243 4177 αὐτοῦ
1264 4122 1415 4175 λαλεῖ
1436 4120 1705 4193 εἰρηνικὰ,
1728 4120 1825 4172 καὶ

242 4222 298 4272 ἐν
327 4219 507 4290 ἐαυτῷ
539 4218 649 4287 ἔχει
674 4216 772 4288 τὴν
804 4216 1019 4288 ἔχθραν.
1051 4235 1069 4266 ι
1121 4216 1229 4267 Καὶ
1266 4214 1372 4284 μὴν
1400 4213 1494 4265 καὶ
1520 4211 1703 4281 φωνῆς
1725 4208 1822 4261 τοῦ

242 4313 407 4368 Δασίδ
426 4329 439 4341 ·
505 4330 523 4362 ι
558 4310 973 4378 Ἠπαλύνθησαν
996 4308 1045 4361 οἱ
1067 4307 1213 4375 λόγοι
1238 4307 1417 4360 αὐτῶν
1443 4305 1580 4374 ὑπὲρ
1620 4304 1819 4368 ἔλαιον,

244 4405 333 4456 καὶ
362 4401 518 4456 αὐτοί
542 4402 649 4454 είσι
680 4400 902 4469 βολίδες.
926 4418 944 4450 ι
998 4398 1136 4451 ’Δλλ’
1166 4400 1213 4451 εί
1243 4398 1337 4451 καὶ
1366 4398 1550 4449 πᾶσαν
1584 4398 1825 4448 ποιοῖντο
1855 4436 1898 4491 D

245 4495 480 4566 σπουδὴν
510 4494 592 4557 εἷς
626 4510 689 4561 γε
718 4492 780 4545 τὸ
813 4494 923 4546 δεῖν
954 4490 1211 4545 δύνασθαι
1244 4488 1447 4551 λαθεῖν,
1480 4489 1509 4540 ὁ
1550 4486 1817 4542 κατοικῶν

244 4594 297 4643 ἐν
333 4590 589 4661 οὐρανοῖς
636 4586 991 4654 ἐκγελάσεται
1041 4585 1258 4645 αὐτοὺς,
1306 4582 1402 4635 καὶ
1425 4583 1454 4634 6
1483 4579 1686 4650 Κύριος
1724 4581 1817 4631 ἐκ·

246 4682 539 4754 μυκτηριεῖ
564 4680 778 4740 αύτούς.
815 4671 965 4730 Οἶδεν
994 4675 1122 4745 γὰρ,
1160 4670 1301 4727 οἶδεν
1350 4673 1579 4744 καρδίαν
1608 4671 1702 4726 καὶ
1728 4688 1817 4724 νε-

246 4773 431 4843 φρούς.
462 4773 523 4825 '0
544 4772 601 4824 δὲ
630 4768 844 4838 ἀληθῶς
873 4767 1072 4835 ἀγαθὸς
1092 4765 1330 4828 τοιοῦτος
1354 4764 1506 4817 ἕσται
1532 4763 1667 4833 μετά
1685 4759 1819 4815 Θεοῦ

245 4866 335 4915 καὶ
362 4859 689 4930 ἀνθρώπιον,
714 4859 790 4919 ὡς
812 4857 919 4926 γὰρ
945 4859 973 4910 6
995 4855 1202 4917 Παῦλος
1225 4855 1385 4925 φησίν
1400 4872 1414 4885 ·
1448 4872 1467 4905 ι
1489 4851 1823 4924 Προνοούμε-

246 4972 319 5006 νοι
345 4954 489 5007 καλά
530 4951 760 5005 ἐνώπιον
792 4949 1015 5020 Κυρίου,
1066 4948 1199 5001 ἀλλά
1235 4952 1329 5000 καὶ
1352 4946 1579 5000 ἐνώπιον
1608 4943 1821 5015 ἀνθρὼ-

246 5064 377 5099 πων.
400 5065 418 5095 ι
457 5045 623 5112 Μέγα
650 5042 831 5095 τοίνυν
852 5042 912 5094 τὸ
938 5040 1129 5112 ἐξᾶραι
1156 5040 1254 5102 τὰς
1275 5038 1535 5109 πονηρίας
1565 5037 1822 5090 ἀπέναντι

246 5140 346 5193 τῶν
376 5136 678 5205 ὀφθαλμῶν
709 5135 802 5188 τοῦ
845 5132 1000 5186 Θεοῦ.
1038 5134 1146 5185 Καὶ
1170 5131 1311 5201 τάχα
1350 5147 1452 5183 που
1478 5128 1713 5190 τοιοῦτός
1740 5143 1823 5188 τις

245 5225 308 5298 ἦν
354 5234 382 5284 6
430 5228 744 5298 Ναθαναὴλ,
806 5227 932 5298 περὶ
979 5218 1042 5278 οὗ
1083 5241 1245 5293 φησιν
1288 5225 1317 5274 ό
1362 5222 1626 5293 Χριστός·
1671 5238 1689 5270 ι
1718 5218 1822 5271 Ἴδε

246 5320 457 5391 ἀληθῶς
474 5319 832 5390 Ἰσραηλίτης,
858 5318 914 5370 ἐν
1000 5316 1146 5379 δόλος
1161 5316 1261 5367 οὐκ
1280 5312 1445 5368 ἐστιν.
1474 5333 1492 5365 ι
1519 5310 1826 5377 Παύσασθε,

247 5414 427 5481 φησιν,
484 5412 596 5466 ἀπὸ
642 5410 751 5462 τῶν
784 5409 1058 5478 πονηριῶν
1089 5406 1266 5478 ὑμῶν,
1311 5406 1453 5460 τοῦτ’
1480 5407 1615 5470 ἐστι,
1656 5422 1829 5459 κατα⁹

248 5504 458 5557 λείπετε
488 5504 592 5572 τῆς
614 5502 911 5573 σαντρόφου
941 5520 1001 5555 τε
1026 5502 1155 5571 ὑμῖν
1182 5502 1275 5554 καὶ
1301 5499 1579 5569 ἐντριϐοῦς
1608 5499 1831 5567 δυστρο-

252 5598 393 5660 πίας,
431 5598 807 5667 μεταστήσατε
840 5596 975 5666 πρὸς
1002 5594 1071 5647 τά
1091 5594 1299 5664 ἀμείνω
1327 5594 1426 5663 τὴν
1458 5590 1666 5643 ἑαυτῶν
1698 5588 1826 5641 δυσ-

316 5716 505 5771 "Act.
557 5733 640 5779 ut,
685 5717 787 5780 i7;
824 5732 884 5778 ιι,
930 5717 1040 5781 58,
1075 5715 1164 5769 39.
1274 5715 1319 5746 ⁸⁹
1359 5712 1517 5768 Prov.
1548 5729 1630 5773 IV,
1677 5711 1767 5763 25.

254 5784 297 5815 ⁵³
326 5785 464 5839 Psal.
495 5803 604 5849 Liv,
635 5787 726 5839 Ξῖ.
804 5786 850 5817 ⁸⁸
878 5780 1035 5842 Rom.
1072 5802 1169 5851 xu,
1209 5787 1296 5839 17.
1372 5784 1414 5815 ⁸⁸
1455 5782 1608 5837 Joan.
1660 5796 1697 5844 I,
1729 5780 1815 5833 47.

318 5880 395 5949 (Ι)
425 5877 751 5933 llumfredus
781 5878 907 5949 legit
944 5879 1170 5949 καρδίαν
1203 5896 1317 5933 σου.

603 5975 879 6034 Ρηιιοι..
929 5975 1045 6035 (in.
1096 5974 1293 6035 LXX.

1874 5709 1920 5741 ⁸ο
1957 5711 2103 5765 Eccl.
2137 5727 2189 5778 Χ,
2221 5710 2273 5765 4.

1922 3213 2078 3283 plane
2107 3214 2503 3283 demergeutes.
2553 3211 2859 3281 Baptizatos
2892 3211 3053 3280 igitur
3077 3220 3289 3280 oportet
3320 3212 3389 3266 ab
3417 3212 3484 3267 il-

1922 3305 2172 3359 liusmodi
2221 3305 2515 3360 sceleribus
2575 3305 2824 3359 omnibus
2872 3304 3187 3359 desistere:
3244 3319 3345 3359 nec
3392 3318 3485 3358 so-

1921 3396 2032 3450 lum
2065 3396 2132 3449 ab
2155 3396 2239 3450 bis
2263 3396 2506 3465 partibus
2533 3410 2653 3464 quae
2674 3404 2891 3449 exstant
2918 3405 2973 3449 et
2999 3396 3051 3449 in
3071 3403 3362 3464 conspectu
3391 3409 3487 3465 po-

1922 3489 2040 3543 sitae
2087 3496 2235 3551 sunt,
2279 3489 2373 3543 sed
2413 3496 2467 3542 et
2508 3487 2578 3541 ab
2608 3486 2786 3539 anima
2828 3499 2922 3539 sua
2968 3484 3263 3553 nequitiam
3303 3499 3485 3540 remo-

1922 3594 2047 3633 vere
2081 3592 2097 3632 :
2134 3578 2366 3633 maxime
2395 3593 2519 3633 cum
2556 3578 2732 3632 videat
2757 3576 2896 3631 Deus
2922 3585 2979 3631 et
3002 3574 3254 3645 inspiciat
3277 3576 3482 3633 omnia.

1922 3668 2192 3723 Simulant
2217 3670 2419 3723 etenim
2458 3682 2844 3738 nonnunquam
2876 3667 3072 3730 honos,
3106 3674 3162 3721 et
3198 3667 3486 3736 probitatis

1921 3762 2231 3830 opinionem
2262 3769 2601 3831 aucupentur
2646 3768 2701 3815 et
2736 3758 2889 3828 quasi
2936 3755 3291 3825 suii‘urantnr,
3335 3757 3483 3812 intus

1922 3865 2043 3905 cum
2071 3850 2181 3903 sint
2206 3849 2315 3920 lupi
2347 3862 2591 3918 rapaces,
2623 3849 2917 3903 secundum
2944 3847 2999 3901 id
3043 3845 3183 3915 quod
3216 3846 3481 3917 scriptum

1922 3949 2006 3995 est
2056 3939 2125 3994 δι.
2175 3938 2251 3994 De
2299 3938 2494 4009 quibus
2541 3939 2793 3993 omnibus
2840 3939 3075 3992 arbitror
3113 3936 3486 3993 universitatis

1922 4031 2089 4087 Deum
2117 4046 2252 4086 voce
2282 4031 2530 4087 Jeremia:
2563 4031 2741 4086 dicere
2768 4047 2783 4083 :
2822 4048 2841 4082 ι
2870 4029 2975 4085 Ore
2999 4044 3097 4084 suo
3128 4029 3364 4099 loquitur
3392 4045 3487 4099 pa-

1923 4123 2099 4186 cifica,
2137 4132 2191 4177 et
2223 4122 2329 4192 ιθ
2361 4125 2499 4192 apud
2539 4135 2658 4176 sese
2695 4121 2856 4175 habet
2883 4121 3065 4175 odium
3093 4122 3161 4175 δ’.
3208 4139 3227 4173 ι
3259 4120 3400 4187 Quin
3432 4132 3487 4177 et

1920 4230 2055 4269 voce
2110 4214 2326 4268 Davidis
2382 4229 2398 4267 :
2461 4232 2479 4264 ι
2526 4212 2710 4267 Molliti
2772 4224 2898 4267 sunt
2958 4226 3240 4268 sermones
3294 4226 3484 4267 eorum

1922 4320 2086 4376 super
2108 4307 2379 4369 oleum,et
2406 4305 2507 4374 ipsi
2546 4314 2673 4359 sunt
2694 4303 2869 4372 jacula
2897 4303 2963 4357 ”.
2996 4322 3017 4355 ι
3054 4301 3166 4358 lmo
3196 4313 3488 4373 quantum-

1922 4399 2006 4452 vis
2050 4398 2220 4451 latere
2269 4396 2509 4466 cupiant,
2550 4396 2637 4464 qui
2678 4396 2885 4451 habitat
2940 4394 2996 4450 in
3040 4392 3196 4449 caelis
3241 4394 3489 4448 irridebit

1924 4504 2019 4545 eos
2076 4499 2131 4543 et
2188 4488 2447 4542 Dominus
2503 4486 2855 4543 subsannahit
2922 4499 3037 4542 eos.
3102 4483 3263 4540 Novit
3341 4484 3486 4538 enim

1924 4580 2034 4643 ille,
2080 4578 2229 4632 novit
2284 4579 2444 4632 corda
2502 4588 2559 4632 et
2624 4592 2799 4632 renes.
2862 4574 2933 4630 At
2988 4576 3078 4646 qui
3129 4590 3257 4630 vere
3314 4574 3491 4630 bonus

1923 4683 2025 4735 est,
2084 4673 2157 4726 ita
2197 4672 2304 4725 erit
2340 4678 2395 4726 et
2446 4672 2586 4741 apud
2643 4672 2807 4725 Deum
2850 4678 2907 4723 et
2948 4668 3089 4739 apud
3130 4667 3397 4731 homines,
3431 4676 3490 4721 ut

1924 4775 1978 4821 et
2011 4764 2145 4819 dicit
2190 4764 2390 4819 Paulus
2436 4780 2450 4817 :
2507 4781 2526 4815 ι
2569 4762 2915 4817 Providentes
2962 4761 3101 4815 bona
3150 4774 3256 4813 non
3316 4758 3488 4813 solum

1925 4871 2108 4913 coram
2142 4856 2393 4919 Domino,
2438 4856 2530 4910 sed
2560 4863 2614 4909 et
2662 4869 2845 4909 coram
2884 4852 3189 4907 horninibus
3224 4848 3290 4904 “.
3318 4868 3339 4901 ι
3375 4848 3491 4903 Ma-

1927 4962 2089 5018 gnum
2139 4947 2320 5015 itaque
2380 4946 2485 5000 hoc
2529 4954 2630 5009 est,
2683 4944 2996 5014 iniquitates
3037 4944 3105 4997 ab
3156 4941 3330 4997 oculis
3397 4939 3487 4995 Dei

1926 5041 2266 5094 submovere.
2294 5038 2478 5105 Qualis
2501 5048 2620 5091 erat
2641 5036 2961 5100 Nathanael,
2986 5036 3053 5090 de
3072 5050 3179 5104 quo
3199 5034 3447 5091 Christus
3475 5051 3487 5086 :

1934 5149 1952 5181 ι
1994 5131 2132 5185 Ecce
2175 5144 2303 5184 vere
2345 5129 2613 5193 Israelita,
2659 5129 2712 5182 in
2752 5143 2860 5197 quo
2906 5126 3063 5181 dolus
3105 5140 3212 5180 non
3244 5134 3328 5179 est
3352 5123 3423 5177 ".
3464 5140 3484 5173 ι

1934 5223 2187 5277 Desistite
2221 5222 2406 5290 igitur,
2436 5221 2633 5291 inquit,
2667 5221 2735 5275 ab
2770 5219 3140 5290 iniquitatibus
3172 5218 3404 5272 vestris:
3437 5218 3487 5270 id

1929 5324 2032 5380 est,
2064 5315 2294 5370 desinite
2335 5315 2678 5369 committere
2725 5322 3006 5382 peccatum
3039 5311 3182 5380 quod
3209 5310 3487 5364 nobiscum

1929 5422 2031 5460 una
2080 5408 2336 5461 coalescit
2382 5416 2438 5460 et
2478 5405 2820 5470 inhaerescit;
2877 5406 2942 5457 ad
2994 5404 3214 5457 meliora
3255 5416 3353 5456 cor
3400 5415 3491 5454 ve-

1926 5510 2098 5551 strum
2148 5499 2467 5554 convertite.
2500 5496 2653 5564 Quod
2698 5497 2741 5551 si
2784 5497 2900 5551 haec
2942 5496 3190 5551 Christus
3230 5492 3485 5563 loquitur,

1925 5587 2141 5643 Judaaos
2191 5590 2421 5643 crimine
2479 5605 2790 5655 arcessens,
2842 5588 3015 5659 cogita
3092 5601 3213 5656 qua:
3259 5581 3491 5637 fecerint

2375 5710 2417 5742 "
2455 5709 2644 5766 Matth.
2673 5726 2745 5765 vn
2767 5752 2780 5776 ,
2818 5708 2903 5765 15.
3008 5706 3057 5739 “
3083 5704 3283 5763 Jerem.
3313 5714 3364 5759 ix
3385 5742 3399 5769 ,
3430 5701 3483 5756 8.

3059 5962 3099 6021 2
