4094 6366
535 405 606 460 ιδ
1553 389 1609 443 S.
1653 384 1924 442 CYRILLI
1964 379 2432 438 ALEXANDIHNI
2476 379 2793 433 ARCIlliiP.
3711 389 3776 444 μ

535 530 658 569 cum
690 510 1154 567 debaccltarentur
1189 504 1243 559 in
1276 518 1421 568 eum,
1463 502 1687 572 laqueos
1712 508 1995 569 ponerent,
2025 498 2088 552 [οι

2207 495 2458 565 τροπίαν.
2491 495 2555 547 El
2594 494 2649 547 δὲ
2694 494 2756 563 δὴ
2803 494 2968 548 ταῦτα
3002 496 3147 563 λέγοι
3180 498 3431 567 Χριστὸς,
3467 500 3560 553 καὶ
3593 516 3779 554 καται-

532 620 660 659 veas
692 602 956 665 foderent,
998 613 1232 668 cumque
1268 595 1445 651 modis
1476 592 1731 648 omnibus
1768 604 1833 643 ac
1865 587 1992 642 tatis
2018 587 2096 640 vi-

535 699 688 753 ribus
712 709 872 750 omne
895 707 1065 763 genus
1091 688 1445 745 immanitatis
1477 686 1531 738 in
1562 698 1685 739 eum
1714 680 2098 736 machinaren-

534 801 640 845 tur.
668 787 821 842 Nunc
854 784 1054 838 etenim
1090 780 1356 852 quosdam
1392 793 1422 831 e
1456 777 1569 831 suis
1600 772 1876 842 discipulis
1911 770 2103 825 subor-

530 887 663 934 nant
701 892 823 933 cum
857 875 941 929 his
983 874 1074 944 qui
1110 880 1374 926 vocantur
1408 866 1725 932 Herodiani,
1770 872 1833 919 ut
1875 863 2108 917 interro—

536 979 727 1042 garent
757 979 813 1023 et
843 970 1121 1021 dicerent:
1148 982 1167 1015 ι
1194 961 1415 1016 Licetne
1441 960 1569 1015 dare
1597 958 1854 1013 tributum
1880 950 2104 1015 Caesari,

531 1079 599 1116 an
646 1075 751 1115 non
775 1059 866 1112 “?
893 1076 912 1109 ι
956 1056 1110 1110 Nunc
1152 1054 1318 1109 etiam
1354 1054 1550 1107 iterum
1600 1047 1866 1103 accedunt
1909 1052 1966 1098 et
2017 1043 2104 1096 in-

530 1153 725 1222 quiunt
770 1169 784 1205 :
843 1167 863 1201 ι
896 1147 978 1202 An
1010 1148 1134 1203 licet
1161 1160 1363 1200 curare
1401 1140 1676 1197 Sahbato?
1701 1148 1757 1192 ut
1785 1141 2103 1191 accusarent

529 1259 651 1298 eum
695 1242 764 1293 ".
798 1259 817 1292 ι
863 1239 1101 1293 Audiant
1148 1236 1376 1306 proinde
1424 1234 1738 1288 dicentem:
1788 1246 1807 1280 ι
1840 1227 2101 1280 Amovete

532 1334 736 1389 scelera
770 1331 1071 1385 animarum
1100 1336 1400 1382 vestrarum
1433 1323 1501 1381 ab
1532 1322 1703 1379 oculis
1744 1321 1900 1382 meis,
1951 1316 2093 1370 desi-

527 1427 650 1479 stite
679 1425 746 1477 ab
772 1421 1145 1491 iniquitatibus
1175 1418 1389 1472 vestris.
1426 1434 1447 1469 ο

2193 585 2358 656 τιῷτο
2408 585 2535 649 τοὺς
2581 587 2891 650 Ἰουδαίους,
2946 589 3217 659 ἐννοήσεις
3279 590 3377 641 ὅσα
3437 592 3779 661 πεπράχασιν

2198 677 2659 748 ἐμπαροινοῦντες
2712 678 2880 748 αὐτῷ,
2939 680 3034 732 καὶ
3097 680 3298 748 παγίδα
3365 682 3626 747 ἱστάντες,
3686 686 3779 737 καὶ⁵

2200 770 2567 841 διορύττοντες
2616 770 2861 842 βόθρους.
2916 773 3026 826 Kal.
3070 773 3129 826 τό
3168 790 3232 842 γε
3271 769 3405 845 ἧκον
3452 776 3531 837 είς
3560 776 3777 841 αὐτοὺς,

2203 862 2299 915 καὶ
2328 864 2409 925 είς
2434 862 2663 932 δύναμιν
2687 864 3130 933 ἐπιχειρημάτων
3166 868 3272 917 πᾶν
3300 860 3437 928 εἶδος
3466 866 3779 937 σκαιότητος

2206 951 2498 1023 ἀρτύοντες
2528 953 2613 1005 ἐπ’
2644 953 2813 1023 αὐτῷ.
2848 955 2984 1008 Ποτὲ
3020 956 3118 1025 μὲν
3159 957 3267 1026 γὰρ
3293 956 3663 1010 ἀπεστάλκασί
3699 976 3781 1010 τι·

2203 1061 2298 1107 νας
2324 1044 2431 1097 τῶν
2465 1045 2608 1098 ἰδίων
2640 1044 2914 1117 μαθητῶν,
2939 1048 3075 1117 μετὰ
3100 1049 3206 1102 τῶν
3237 1048 3583 1119 καλουμένων
3608 1050 3780 1121 Ἥρω-

2203 1132 2418 1201 διανῶν,
2451 1136 2740 1206 ἐρομένους
2773 1155 2833 1189 τε
2862 1139 2953 1191 κα)⁵
2977 1139 3232 1207 λέγοντας
3254 1158 3267 1172 ο
3302 1160 3321 1192 ι
3347 1139 3559 1205 Ἔξεστι
3596 1141 3777 1195 δοῦναι

2201 1224 2402 1295 φόρους
2444 1228 2764 1299 Καίσαρι,ἢ
2811 1228 2871 1281 οὐ
2899 1247 2913 1294 ;
2940 1249 2957 1282 ι
3006 1231 3142 1283 Ποτέ
3185 1231 3241 1284 δέ
3280 1230 3442 1285 πάλιν
3489 1235 3780 1302 προσίεσαν

2198 1313 2467 1383 λέγοντες,
2504 1318 2608 1372 «Ei
2637 1317 2814 1384 ἔξεστι
2852 1320 2931 1391 τῷ
2965 1321 3227 1393 Σαϐϐάτῳ
3260 1322 3632 1394 θεραπεῦσαι;
3665 1326 3777 1379 Ἵνα

2190 1411 2642 1480 κατηγορήσωσιν
2662 1410 2849 1465 αὐτοῦ.
2871 1430 2889 1464 ι
2912 1413 3282 1468 ’Δκουέτωσαν
3307 1415 3485 1468 τοίνυν
3504 1415 3774 1484 λέγοντος,

532 1535 550 1567 ι
575 1515 862 1585 Ἀφέλεσθε
878 1513 975 1577 τὰς
992 1512 1251 1583 πονηρίας
1267 1511 1374 1564 ἀπὸ
1383 1510 1491 1564 τῶν
1510 1507 1698 1580 ψυχῶν
1720 1506 1872 1578 ὑμῶν
1887 1502 2145 1559 ἀπέναντι
2167 1498 2274 1552 τῶν
2290 1502 2582 1575 ὀφθαλμῶν
2596 1506 3011 1577 μου.Παύσασθε
3030 1508 3138 1562 ἀπὸ
3152 1509 3259 1565 τῶν
3275 1510 3547 1580 πονηριῶν
3566 1512 3736 1583 ὑμῶν.
3752 1533 3769 1563 ι

595 1612 761 1667 Vens.
795 1610 881 1677 17,
907 1609 997 1663 18.
1029 1609 1227 1662 Discite
1258 1607 1429 1678 facere
1460 1606 1671 1670 bonum,
1696 1604 1916 1673 qmerite
1947 1598 2098 1669 judi-

2273 1596 2500 1653 Μάθετε
2536 1602 2729 1655 καλὸν
2758 1602 2971 1667 ποιεῖν,
3026 1602 3389 1671 ἐκζητήσατε
3417 1607 3640 1674 κρίσιν,
3670 1609 3778 1674 ρύ-

526 1706 661 1759 cium
689 1744 702 1766 ,
736 1718 1033 1772 Oppressum
1064 1701 1301 1764 liberate,
1336 1700 1578 1769 judicate
1610 1695 1833 1767 pupillos
1869 1703 1916 1747 et
1934 1692 2088 1763 justi-

2203 1691 2398 1741 σασθε
2428 1688 2843 1759 ἀδικούμενον,
2873 1693 3111 1761 κρίνατε
3137 1693 3394 1763 ὀρφανῷ,
3416 1696 3513 1748 καὶ
3540 1695 3774 1750 δικαιώ-

524 1796 677 1863 ficate
708 1794 942 1855 viduam,
960 1800 1007 1845 et
1033 1792 1219 1854 venite,
1244 1799 1292 1843 et
1323 1804 1632 1858 arguantur,
1657 1786 1782 1839 dicit
1813 1783 2093 1838 Dominus.

525 1882 595 1937 Et
621 1885 665 1936 si
689 1884 791 1935 sint
829 1890 1039 1949 peccata
1080 1890 1247 1935 vestra
1273 1880 1422 1951 quasi
1472 1880 1812 1948 phwniceum,
1837 1876 1970 1930 sicut
2010 1877 2095 1928 ni-

523 1989 635 2027 vem
665 1972 939 2026 dealbabo.
984 1970 1055 2025 Et
1101 1971 1145 2023 si
1188 1971 1291 2024 sint
1330 1980 1386 2023 ut
1416 1968 1700 2033 coccinum,
1736 1965 1871 2020 velut
1917 1965 2095 2020 lanam

522 2065 796 2118 dealbabo.

592 2156 1021 2211 lmbecillitatem
1058 2153 1235 2209 cultus
1263 2152 1449 2221 legalis
1484 2151 1749 2217 deﬁnivit,
1791 2164 1917 2205 cum
1962 2147 2039 2202 ait
2074 2164 2090 2201 :

530 2265 549 2299 ι
584 2245 855 2313 Quorsum
880 2245 1010 2300 mihi
1039 2244 1326 2299 multitudo
1351 2242 1743 2299 sacriﬁciorum
1765 2252 2090 2306 vestrorum,

523 2338 655 2394 dicit
690 2337 987 2392 Dominus?
1037 2335 1199 2391 Satur
1257 2351 1395 2391 sum.
1429 2355 1449 2388 ›
1487 2335 1554 2389 Ει
1602 2335 1692 2389 ubi
1744 2332 2035 2388 subintulit
2077 2349 2092 2385 :

530 2452 547 2483 ι
579 2431 712 2498 Quis
738 2431 879 2485 enim
907 2429 1090 2500 exegit
1116 2431 1228 2482 haec
1255 2429 1321 2483 de
1349 2428 1599 2482 manibus
1625 2425 1858 2481 vestris?
1887 2444 1906 2478 ι
1933 2424 2097 2481 Com-

524 2526 682 2578 mode
711 2522 822 2591 jam
863 2523 1040 2576 denuo
1082 2519 1406 2588 evangelicae
1452 2518 1889 2574 conversationis
1917 2518 2095 2589 digni-

527 2626 711 2679 tatem,
751 2624 806 2668 et
851 2614 1017 2682 quasi
1044 2612 1366 2682 elegantiam
1394 2611 1635 2679 exponit,
1661 2621 1715 2666 et
1750 2620 1949 2666 sanctze
1975 2610 2097 2665 vita:

527 2706 665 2758 viam
696 2705 936 2761 ostendit
964 2718 1110 2768 vere,
1145 2718 1265 2773 quas
1314 2717 1421 2757 non
1460 2702 1514 2756 in
1555 2704 1695 2773 typis
1720 2717 1881 2771 porro
1919 2714 2011 2756 aut
2039 2702 2095 2756 in

526 2798 756 2860 umbris,
785 2798 877 2850 sed
908 2810 973 2849 ex
1007 2795 1167 2849 rebus
1210 2794 1342 2864 ipsis
1375 2793 1813 2861 ornamentisque
1840 2794 2094 2847 virtutum

525 2890 736 2943 laudem
763 2889 923 2941 habet
940 2894 993 2940 et
1015 2885 1478 2955 approbationem.
1515 2884 1653 2951 Quid
1670 2885 1812 2940 enim
1834 2885 1944 2939 ait:
1974 2882 2095 2937 «Di-

526 2982 663 3036 scite
693 2981 828 3034 bene
859 2978 1072 3033 facere?
1094 2996 1112 3028 ο
1147 2978 1227 3031 An
1262 2978 1445 3046 igitur,
1490 2992 1692 3047 quaeso,
1714 2977 1910 3033 dixerit
1939 2977 2091 3044 quis-

526 3073 667 3141 piam
688 3111 702 3135 ,
747 3070 937 3123 eximit
963 3069 1181 3122 omnino
1204 3068 1312 3138 20
1340 3084 1369 3121 a
1411 3068 1542 3137 legis
1573 3078 1870 3139 praecepto,
1912 3082 2087 3137 neque

524 3163 652 3216 sinit
683 3161 903 3215 omnino
952 3162 1017 3213 ad
1064 3159 1154 3213 illa
1202 3174 1301 3229 per
1349 3157 1534 3215 Mosen
1574 3158 1833 3214 divinitus
1887 3159 2085 3213 tradita

524 3262 790 3321 praecepta
854 3250 1170 3320 respicere?
1226 3249 1293 3303 At
1342 3251 1431 3319 qui
1485 3250 1544 3304 ﬁt
1597 3260 1658 3305 ut
1707 3258 1893 3318 postea
1941 3248 2087 3303 dicat

522 3346 772 3401 Christus
806 3361 821 3399 :
850 3362 870 3396 ι
904 3342 1082 3398 Nolite
1113 3353 1302 3414 putare
1327 3342 1583 3412 quoniam
1617 3342 1737 3396 veni
1769 3341 1981 3396 solvere
2008 3339 2085 3395 le-

521 3454 639 3507 gem
674 3448 766 3491 aut
809 3436 1135 3507 prophetas;
1185 3450 1293 3490 non
1341 3437 1461 3489 veni
1508 3433 1741 3497 solvere,
1775 3434 1869 3489 sed
1915 3433 2087 3487 adim-

519 3529 671 3597 plere
698 3526 764 3581 ⁸⁸.
801 3544 821 3578 ι
860 3525 928 3580 Et
960 3525 1233 3594 quomodo
1258 3525 1423 3579 etiam
1462 3525 1539 3578 ait
1582 3522 1779 3577 Paulus
1808 3540 1822 3577 :
1856 3540 1874 3574 ι
1908 3522 2086 3589 Quare

518 3620 601 3672 lex
630 3618 847 3688 quidem
896 3626 1110 3681 sancta,
1144 3624 1200 3670 et
1229 3624 1555 3685 praeceptum
1590 3624 1860 3680 sanctum,
1894 3626 1947 3670 et
1967 3617 2086 3682 jus-

520 3722 652 3774 tum,
681 3718 736 3765 et
766 3710 963 3762 bonum
1004 3706 1091 3761 "?
1121 3725 1140 3759 ι
1175 3707 1255 3761 Ad
1284 3722 1402 3776 quae
1435 3722 1535 3761 nos
1564 3722 1777 3762 rursum
1815 3708 2080 3771 dicemus,

516 3803 710 3855 bonam
746 3800 959 3869 quidem
998 3812 1119 3854 esse
1175 3798 1367 3867 legem,
1414 3798 1459 3851 si
1502 3797 1718 3867 quidem
1754 3797 2081 3867 intelligatur

515 3890 885 3961 spiritualiter,
918 3904 1094 3966 neque
1119 3889 1312 3943 eximit
1340 3903 1438 3943 nos
1466 3889 1692 3943 omnino
1716 3903 1746 3942 a
1777 3888 1892 3959 lege
1923 3887 2084 3943 Chri-

515 3994 651 4047 stus,
689 3981 798 4035 imo
855 3979 1027 4049 magis
1070 3979 1287 4034 deducit
1329 3978 1395 4032 ad
1446 3978 1498 4032 id
1538 3981 1682 4047 quod
1723 3978 2081 4035 excellentius

513 4093 598 4137 est
626 4092 679 4139 et
705 4080 1049 4151 praestantius
1086 4097 1099 4133 :
1129 4095 1251 4134 cum
1279 4079 1642 4149 paedagogiam
1675 4076 1807 4144 legis
1829 4089 1926 4130 ceu
1959 4072 2083 4127 fun-
2152 4114 2168 4141 ι

514 4182 826 4228 ιιιιιιιειιιυω
866 4171 920 4225 in
972 4171 1129 4225 nobis
1174 4170 1564 4239 praestruxerit,
1614 4176 1670 4222 et
1712 4166 1932 4221 umbras
1960 4164 2082 4219 illas

513 4266 665 4335 quasi
705 4276 880 4336 typos,
922 4265 1031 4317 veri
1065 4262 1244 4318 cultus
1278 4270 1537 4329 tanquam
1567 4271 1983 4329 progymnasma
2013 4269 2077 4310 ac

2197 1791 2346 1832 σατε
2383 1781 2598 1848 χήραν,
2636 1783 2734 1835 καὶ
2768 1783 2962 1850 δεῦτε,
2995 1786 3094 1838 καὶ
3129 1782 3579 1856 διελεγχθῶμεν,
3612 1787 3774 1856 ,λέγει

2195 1871 2430 1939 Κύριος.
2456 1874 2567 1927 Καὶ
2589 1872 2698 1928 ἐὰν
2726 1870 2878 1931 ὦσιν
2906 1879 2967 1929 αἱ
2994 1877 3266 1945 ἁμαρτίαι
3299 1877 3466 1947 ὑμῶν
3486 1880 3565 1942 ὡς
3586 1897 3774 1948 φοινι-

2196 1962 2367 2027 κοῦν,
2396 1964 2478 2029 ὡς
2507 1968 2683 2034 χιόνα
2705 1966 3001 2021 λευκανῶ.
3053 1968 3187 2022 Ἐὰν
3226 1967 3295 2022 δὲ
3321 1964 3473 2023 ὦσιν
3508 1970 3589 2035 ὡς
3630 1973 3770 2026 κόκ-

2196 2069 2387 2120 κινον,
2414 2056 2556 2111 ὡσεὶ
2587 2057 2750 2128 ἔριον
2772 2058 3067 2113 λευκανῶ.

2266 2145 2378 2217 Τῆς
2406 2148 2464 2200 ἐν
2486 2148 2635 2219 νόμῳ
2664 2149 2921 2221 λατρείας
2947 2150 3009 2203 τὸ
3032 2151 3258 2221 ἀδρανὲς
3283 2153 3598 2225 καθορίσας,
3615 2154 3701 2208 διά
3713 2173 3770 2209 τε

2193 2237 2287 2291 τοῦ
2316 2238 2502 2307 φάναι,
2556 2260 2574 2292 ι
2594 2241 2657 2294 Τί
2695 2243 2785 2313 μοὶ
2825 2243 3025 2312 πλῆθος
3052 2245 3160 2300 τῶν
3187 2246 3385 2300 θυσιῶν
3424 2248 3597 2318 ὑμῶν,
3626 2248 3769 2311 λέγει

2194 2330 2427 2402 Κύριος;
2454 2333 2673 2404 Πλήρης
2702 2334 2841 2405 εἰμί.
2869 2356 2886 2388 ι
2913 2337 3023 2389 Καὶ
3049 2336 3256 2402 τούτοις
3286 2339 3614 2406 ἐπενεγκὼν,
3637 2358 3655 2390 ι
3675 2340 3769 2402 Τίς

2194 2421 2303 2493 γὰρ
2352 2423 2643 2496 ἐξεζήτησε
2667 2426 2838 2480 ταῦτα
2873 2428 2938 2480 ἐκ
2978 2429 3086 2481 τῶν
3134 2430 3332 2501 χειρῶν
3364 2431 3516 2501 ὑμῶν
3541 2449 3556 2497 ;
3582 2450 3601 2483 s
3648 2432 3771 2484 Ἐπὶ

2194 2516 2389 2585 καιροῦ
2432 2515 2594 2571 πάλιν
2634 2518 2734 2589 τῆς
2780 2518 3138 2590 εὐαγγελικῆς
3191 2520 3464 2585 πολιτείας
3490 2524 3768 2593 ἐξηγεῖται

2194 2605 2293 2677 τὴν
2322 2608 2662 2679 ἀστειότητα,
2714 2611 2808 2664 καὶ
2842 2611 2941 2682 τῆς
2974 2612 3189 2683 ἀληθῶς
3231 2615 3392 2682 ἁγίας
3415 2614 3559 2685 ζωῆς
3596 2633 3766 2668 κατα-

2194 2697 2433 2753 δείκνυσι
2458 2700 2555 2771 τὴν
2586 2700 2724 2765 ὁδὸν,
2760 2704 2860 2757 οὐκ
2883 2706 2940 2757 ἐν
2966 2704 3156 2767 τύποις
3190 2705 3271 2759 ἔτι
3299 2708 3392 2759 καὶ
3424 2711 3621 2773 σκιαῖς,
3652 2708 3765 2761 ἀλλ’

2196 2791 2254 2843 ἐν
2282 2791 2468 2855 αὐτοῖς
2494 2793 2804 2863 πράγμασι,
2838 2796 3065 2860 καὶτοῖς
3091 2795 3210 2851 κατ’
3238 2797 3437 2870 ἀρετὴν
3460 2815 3579 2853 νοου
3587 2800 3765 2869 μένοις

2196 2882 2508 2953 αὐχήμασιν
2540 2884 2719 2956 ἔχουσι
2750 2887 2812 2940 τὸ
2843 2887 3147 2959 εὐδόκιμον.
3189 2890 3252 2944 Τί
3280 2891 3387 2963 γάρ
3414 2908 3568 2963 φησι,
3606 2910 3623 2943 ι
3646 2893 3764 2945 Μά-

2198 2973 2318 3027 θετε
2351 2976 2514 3030 καλὸν
2543 2981 2751 3046 ποιεῖν;
2779 2998 2797 3031 ι
2825 2975 2950 3051 ⁷Αρ’
2970 2977 3083 3047 οὖν,
3110 2982 3231 3036 είπέ
3259 3000 3368 3054 μοι,
3400 2985 3529 3055 φαίη
3563 3002 3644 3047 τις
3673 2984 3760 3047 ἂν,

2193 3064 2437 3137 ἐξίστησι
2462 3068 2741 3133 παντελῶς
2770 3070 2869 3141 τῆς
2894 3071 3125 3142 νομικῆς
3155 3073 3404 3144 ἐντολῆς;
3433 3075 3532 3128 οὐκ
3557 3076 3620 3146 ἐᾷ
3652 3078 3763 3135 τοῖς

2185 3156 2273 3210 διὰ
2304 3158 2548 3223 Μωσέως
2587 3161 3032 3233 τεθεσπισμένοις
3066 3164 3390 3228 ἐνατενίζειν
3428 3166 3601 3231 ὃλως;
3631 3164 3762 3220 Εῐτα

2186 3247 2303 3311 πῶς
2335 3249 2539 3317 ἔφασκε
2568 3252 2822 3322 Χριστός·
2862 3272 2880 3305 ι
2905 3254 2996 3325 Μὴ
3021 3255 3274 3325 νομίσητε
3315 3258 3393 3310 ὅτι
3413 3252 3574 3327 ἦλθον
3603 3276 3764 3312 κατα-

2185 3337 2343 3393 λῦσαι
2361 3340 2454 3393 τὸν
2487 3341 2649 3411 νόμον
2672 3342 2705 3413 ἢ
2731 3345 2857 3406 τοὺς
2885 3346 3187 3417 προφήταςο
3211 3346 3310 3400 οὐκ
3336 3343 3498 3419 ἦλθον
3529 3348 3762 3403 καταλῦ-

2188 3446 2295 3495 σαι,
2320 3431 2454 3485 ἀλλὰ
2478 3432 2782 3505 πληρῶσαι.
2817 3454 2836 3487 ι
2870 3435 2995 3500 Πῶς
3020 3437 3188 3492 δὲκαὶ
3213 3442 3240 3493 ὁ
3259 3440 3469 3504 Παῦλος
3488 3441 3721 3510 ἔφασκεν
3744 3460 3757 3472 ·

2191 3539 2209 3571 ι
2233 3520 2394 3573 Ὥστε
2429 3524 2458 3576 ὀ
2493 3523 2588 3591 μὲν
2619 3524 2780 3594 νόμος
2822 3525 2995 3594 ἅγιος,
3028 3528 3122 3581 καὶ
3171 3530 3203 3599 ή
3248 3529 3432 3600 ἐντολὴ
3473 3531 3625 3600 ἁγία,
3668 3533 3763 3586 καὶ

2184 3610 2385 3676 δικαία,
2409 3614 2501 3667 καὶ
2518 3615 2694 3687 ἀγαθή
2715 3635 2729 3684 ;
2752 3635 2771 3667 ι
2798 3618 2939 3689 Πρὸς
2957 3618 3021 3690 δὴ
3040 3619 3110 3672 τὰ
3132 3621 3306 3675 τοιάδε
3326 3623 3485 3677 πάλιν
3506 3624 3759 3695 ἐροῦμεν,

2183 3700 2264 3753 ὅτι
2296 3702 2457 3766 καλὸς
2499 3706 2528 3758 ὁ
2562 3705 2746 3776 νόμος,
2794 3708 2843 3761 εἰ
2881 3708 2945 3779 δὴ
2981 3712 3153 3762 νοοῖτο
3201 3712 3605 3780 πνευματικῶς,
3659 3714 3758 3766 οὐκ

2183 3793 2459 3865 ἐξίστησιν
2489 3798 2637 3867 ἡμᾶς
2679 3798 2984 3870 ὁλοτρόπως
3011 3800 3104 3854 τοῦ
3137 3801 3302 3872 νόμου
3334 3803 3599 3873 Χριστός;
3628 3805 3760 3857 ἀνα-

2183 3885 2396 3950 διδάξει
2433 3887 2490 3941 δὲ
2526 3888 2725 3959 μᾶλλον
2758 3891 2849 3943 ἐπὶ
2879 3890 2940 3944 τὸ
2972 3891 3204 3963 προῦχον
3227 3894 3320 3947 καὶ
3356 3894 3594 3965 ἄμεινον,
3621 3896 3753 3949 ὑπο·

2182 3978 2391 4051 ϐάθραν
2437 3979 2626 4053 ὥσπερ
2675 3982 2799 4035 τινὰ
2831 3987 3191 4054 προκαταοεὶς
3248 3988 3304 4039 ὲν
3350 3989 3482 4057 ἡμῖν
3530 3986 3627 4058 τὴν
3668 3988 3758 4041 διὰ

2181 4070 2346 4142 νόμου
2385 4072 2777 4142 παιδαγωγίαν,
2812 4075 2907 4128 καὶ
2934 4075 3031 4145 τῆς
3054 4076 3283 4147 ἀληθοῦς
3310 4076 3563 4148 λατρείας
3591 4080 3757 4132 οἱονεὶ

2182 4163 2586 4236 προγύμνασμα
2613 4166 2999 4236 προαναδείξας
3038 4169 3153 4230 τοῖς
3182 4169 3552 4239 ἀρχαιοτέροις
3581 4172 3648 4222 τὰ
3677 4170 3754 4231 ὡς

2180 4254 2238 4307 ἐν
2290 4258 2467 4319 σκιαῖς
2521 4256 2616 4309 καὶ
2645 4256 2856 4317 τύποις.
2904 4256 3114 4321 Ἀλλως
3174 4274 3232 4310 τε
3282 4257 3501 4311 κάκεῖνο
3546 4257 3753 4322 τούτοις

516 4355 839 4427 tyrocinium
870 4353 1141 4407 veteribus
1164 4350 1677 4422 praemonstraverit.
1708 4346 1841 4407 Illud
1865 4346 1930 4401 ad
1961 4346 2077 4401 hac

2187 4345 2494 4415 ἀναγκαίως
2522 4346 2633 4399 ἔστ’
2668 4349 2841 4401 εἰπεῖν
2859 4363 2874 4378 °
2919 4347 2977 4401 Ὀ
3006 4349 3103 4417 μὲν
3133 4348 3295 4419 νόμος
3324 4350 3352 4401 ό
3376 4348 3463 4402 διὰ
3488 4349 3753 4415 Μωσέως,

516 4444 719 4512 alioqui
752 4443 1040 4498 dicendum
1068 4451 1150 4496 est
1184 4458 1199 4495 :
1231 4440 1340 4495 Lex
1368 4440 1595 4495 Mosaica
1618 4440 1777 4493 docet
1799 4452 1829 4490 a
1855 4435 1985 4492 vitio
2013 4448 2079 4491 ac

511 4546 737 4604 peccato
777 4532 1074 4596 abstinere,
1108 4542 1164 4585 et
1196 4530 1675 4587 commonstratrix
1718 4538 1805 4583 est
1844 4526 2076 4597 turpitu-

511 4625 672 4680 dinis.
718 4624 916 4679 Paulus
953 4624 1136 4690 itaque
1168 4623 1247 4676 ait
1281 4639 1295 4676 :
1333 4638 1352 4673 ι
1391 4622 1679 4677 Peccatum
1721 4636 1825 4674 non
1847 4620 2075 4690 cognovi

512 4714 613 4770 nisi
669 4729 767 4784 per
807 4713 974 4784 legem
1026 4713 1095 4769 '°.
1127 4730 1147 4765 ι
1183 4710 1383 4767 Verum
1434 4712 1747 4781 praedicatio
1797 4710 2073 4780 Evangelii

513 4806 687 4861 reddit
716 4821 813 4860 nos
844 4806 1025 4860 omnis
1048 4805 1267 4859 virtutis
1299 4804 1594 4859 studiosos.
1634 4802 1843 4857 Idcirco
1881 4804 2074 4857 merito

512 4906 567 4951 et
598 4898 833 4968 proprie,
866 4908 921 4953 et
951 4912 1075 4952 vere
1114 4898 1311 4952 bonum
1361 4895 1536 4965 reipsa
1565 4894 1673 4949 dici
1703 4904 1899 4963 potest.
1934 4893 2071 4949 Nam

513 4988 664 5054 illud,
688 5006 707 5040 ι
729 4986 845 5042 Non
863 4990 1099 5052 occides,
1122 4986 1235 5042 Non
1264 4986 1613 5053 adulterabis,
1633 5004 1652 5037 ι
1687 4985 1928 5041 initiatos
1952 4986 2073 5055 qui-

513 5079 633 5133 dem
670 5080 978 5134 deterrebat
1007 5096 1037 5133 a
1059 5087 1306 5149 peccato,
1341 5093 1446 5133 non
1472 5088 1651 5132 tamen
1679 5078 1809 5146 quid
1839 5077 2076 5146 perfecte

512 5177 711 5221 bonum
765 5167 837 5221 sit
878 5169 1229 5234 ostendebat,
1283 5167 1537 5223 nimirum
1592 5166 1747 5221 fratri
1807 5182 1913 5221 non
1954 5182 2076 5224 esse

510 5260 877 5321 irascendum.
911 5276 1018 5315 non
1048 5262 1559 5331 concupiscendum,
1601 5275 1701 5316 nec
1752 5260 1821 5314 ad
1855 5261 2071 5317 virtutis

508 5351 713 5419 apicem
736 5361 791 5405 et
809 5361 1187 5407 ornamentum
1211 5353 1560 5421 perducebat.
1580 5352 1848 5407 Eximium
1873 5355 2071 5422 quippe

507 5453 594 5497 est
640 5442 776 5496 iram
830 5443 1043 5499 vincere
1078 5463 1094 5500 :
1138 5442 1452 5499 admirabile
1492 5454 1575 5498 est
1608 5459 1764 5513 posse
1810 5447 2071 5501 revellere

508 5530 633 5585 mali
673 5532 1013 5602 cupiditates,
1059 5548 1157 5588 nec
1198 5534 1511 5602 permittere
1555 5545 1788 5590 mentem
1823 5537 1891 5591 ad
1919 5547 2072 5592 tetra

505 5631 563 5675 et
606 5624 1062 5680 exsecratissimze
1127 5622 1442 5691 cupiditatis
1505 5624 1771 5696 principia
1828 5629 2065 5699 evagari.

2185 4435 2517 4508 φαυλότητός
2564 4454 2623 4491 τε
2666 4439 2760 4492 καὶ
2791 4438 3064 4509 ἁμαρτίας
3111 4440 3446 4510 ἀποσχέσθαι
3491 4440 3749 4503 διδάσκει,

2182 4528 2277 4581 καὶ
2317 4529 2424 4583 τῶν
2453 4530 2736 4599 αἰσχιόνων
2784 4531 2899 4583 ἐστὶ
2947 4532 3385 4603 παραδεικτικός.
3466 4533 3574 4586 Καὶ
3620 4532 3750 4601 γοῦν

2180 4621 2211 4673 ὁ
2230 4623 2442 4687 Παῦλός
2472 4640 2635 4694 φησιι
2677 4641 2695 4673 ι
2726 4624 2837 4694 Τὴν
2867 4623 2922 4675 δέ
2954 4624 3225 4695 ἁμαρτίαν
3253 4625 3353 4679 οὐκ
3383 4624 3551 4694 ἔγνων
3594 4627 3643 4679 εί
3674 4625 3751 4697 μὴ

2181 4715 2268 4768 διὰ
2285 4715 2377 4768 τοῦ
2407 4716 2590 4784 νόμου.
2616 4734 2634 4766 ι
2666 4715 2740 4769 Τὸ
2780 4715 2837 4769 δέ
2868 4719 3127 4788 κήρυγμα
3154 4718 3217 4771 τὸ
3250 4718 3601 4787 εὐαγγελικὸν
3623 4720 3749 4790 ἀρε-

2180 4806 2279 4877 τῆς
2312 4809 2527 4879 ἁπάσης
2563 4809 2711 4877 ἡμᾶς
2753 4809 3084 4881 ἐπιμελητὰς
3111 4810 3422 4881 ἀποφαίνει.
3458 4811 3641 4882 Ταύτῃ
3667 4827 3746 4864 τοι

2180 4898 2274 4951 καὶ⁸
2320 4898 2635 4967 ὀνομάζοιτο
2678 4899 2744 4951 ἂν
2785 4900 3030 4965 εἰκότως,
3078 4901 3283 4970 κυρίως
3313 4918 3373 4954 τε
3400 4902 3495 4957 καὶ
3532 4900 3745 4972 ἀληθῶς

2179 4990 2311 5043 αὐτὸ
2342 4991 2527 5060 χρῆμα
2558 4990 2619 5042 τὸ
2663 4990 2847 5044 καλόν.
2893 4991 2966 5044 Τὸ
3002 4992 3132 5063 γὰρ,
3186 4993 3297 5046 «οὐ
3349 4994 3648 5063 φονεύσεις,
3682 4994 3743 5047 οὐ

2188 5080 2510 5152 μοιχεύσεις,
2537 5100 2556 5132 ι
2609 5080 2827 5153 ἐξιστᾷν
2851 5078 2921 5154 ἦν
2950 5083 3221 5154 ἁμαρτίας
3250 5085 3375 5147 τοὺς
3424 5085 3744 5159 παιδευομὲ-

2179 5189 2322 5235 νους,
2352 5171 2504 5225 οὐπω
2531 5188 2593 5239 γε
2623 5172 2727 5242 μὴν
2750 5174 2777 5226 ὅ
2795 5172 2848 5225 τί
2868 5173 2996 5227 ποτέ
3018 5175 3132 5227 ἐστι
3148 5174 3207 5228 τὸ
3230 5174 3392 5229 καλὸν
3413 5176 3631 5241 τελείως
3659 5180 3745 5232 ἐκ·

2183 5264 2483 5332 φαίνοντος.
2517 5264 2588 5317 Τὸ
2618 5264 2675 5316 δέ
2694 5264 2800 5316 δεῖν
2820 5264 2954 5329 ὅλως
2986 5267 3121 5336 μήτε
3144 5266 3457 5338 ὀργίζεσθαι
3483 5267 3560 5339 τῷ
3585 5269 3741 5322 ἀδελ-

2168 5356 2271 5426 φῷ,
2304 5357 2441 5426 μήτε
2479 5356 2587 5427 μὴν
2607 5357 2910 5427 ἐπιθυμεῖν,
2938 5361 3048 5421 τοῖς
3080 5360 3178 5429 τῆς
3205 5360 3403 5431 ἀρετῆς
3430 5360 3741 5431 αὐχήμασιν

2165 5448 2565 5518 ἐμϐιϐάζοντος.
2626 5448 2930 5520 Ἐξαίρετον
2980 5449 3088 5521 γὰρ
3132 5451 3191 5502 τὸ
3235 5450 3519 5515 καταθλεῖν
3549 5452 3737 5522 ὀργῆς,

2164 5540 2487 5608 ἁξιάγαστον
2527 5539 2583 5592 δὲ
2616 5540 2751 5611 πρὸς
2778 5539 2935 5592 τοῦτο
2975 5541 3036 5593 τὸ
3061 5541 3441 5613 ἀνασειράζειν
3482 5543 3740 5597 δύνασθαι

2162 5631 2259 5693 τὰς
2299 5632 2376 5692 εἰς
2425 5631 2485 5682 τὸ
2528 5628 2730 5698 φαῦλον
2778 5628 3093 5701 ἐπιθυμίας,
3145 5633 3240 5687 καὶ
3299 5633 3374 5706 μὴ
3425 5633 3741 5705 ἐπιτρέπειν

571 5797 806 5853 “Marc.
836 5816 931 5865 xu,
978 5798 1062 5851 14.
1143 5798 1185 5829 ⁸⁷
1226 5796 1416 5853 Matth.
1459 5813 1559 5867 xu,
1598 5800 1686 5854 10.
1760 5802 1805 5833 ⁸⁸
1844 5802 2038 5862 Matth.
2066 5822 2088 5859 ι

2192 5808 2244 5862 7.
2320 5810 2363 5840 ⁸⁸
2404 5807 2559 5861 Rom.
2589 5823 2683 5872 vn,
2712 5807 2797 5863 l2.
2874 5808 2920 5841 ⁸ο
2954 5810 3085 5865 ibid.
3123 5811 3173 5863 7.
