4094 6366
266 420 382 495 ἰε
1454 434 1519 488 IN
1558 432 1793 490 lSAlAM
1831 432 1885 487 LI

2000 432 2040 486 l.
2083 432 2291 488 ORAT.
2334 433 2373 487 l.
3489 433 3559 490 ιῦ

301 553 400 603 τὸν
424 550 569 613 νοῦν,
606 550 709 605 κᾶν
739 550 870 619 γοῦν
919 553 997 613 εἰς
1027 538 1201 621 ἀρχὰς
1244 548 1378 602 ίέναι
1406 552 1505 621 τῆς
1535 550 1763 603 ὲκτόπου
1793 548 1885 601 καὶ

1993 548 2226 603 Proinde
2254 562 2382 603 vere
2402 546 2540 601 bona
2574 554 2659 600 est
2688 544 2969 616 disciplina
2998 544 3294 615 Evangelii,
3323 556 3378 603 et
3402 547 3560 617 Chri-

303 644 717 714 βδελυρωτάτης
766 642 1081 712 ἐπιθυμίας.
1128 642 1335 696 Οὐκοῦν
1367 643 1429 696 τὸ
1474 643 1635 697 καλὸν
1672 642 1887 714 άληθῶς

300 730 395 798 εἴη
419 730 483 782 ἂν
504 730 560 781 τὸ
592 730 824 800 μάθημα
849 731 907 782 τὸ
932 730 1305 799 εὐαγγελικὸν,
1338 735 1431 785 καὶ
1453 732 1555 802 τῆς
1581 734 1637 785 ὲν
1667 730 1887 802 Χριστῷ

301 821 581 884 πολιτείας
609 824 641 893 ἡ
672 822 920 892 δύναμις.
989 823 1388 893 Ἐπιφωνητέον
1418 823 1481 893 δὴ
1516 820 1611 877 οῦν
1645 827 1758 885 τοῖς
1790 823 1884 876 τοῦ

301 912 631 981 γράμματος
658 913 865 981 φΰεοις,
902 933 921 965 ι
950 914 1164 967 Μάθετε
1202 913 1366 966 καλὸν
1408 917 1614 978 ποιεῖν,
1651 912 1885 984 ἐκζητή-

304 1020 439 1056 σατε
472 1004 717 1074 κρίσιν,›
776 1005 920 1058 τοῦτ’
964 1006 1101 1072 ἐστι,
1157 1005 1220 1058 τὸ
1263 1005 1469 1077 κρίνειν
1512 1005 1708 1076 ὀρθῶς.
1740 1005 1884 1076 Πρὸς

300 1093 418 1163 γάρ
437 1097 549 1157 τοῖς
573 1094 752 1158 ἀλλοις
775 1095 1123 1167 ἀτοπήμασιν
1158 1095 1379 1162 ἅπασιν,
1423 1097 1745 1167 νενοσήκασι
1792 1096 1887 1149 καὶ

298 1186 467 1238 τοῦτο
515 1188 613 1256 τῆς
644 1188 910 1241 Ἰουδαίων
954 1189 1277 1259 συναγωγῆς
1318 1191 1365 1242 οἱ
1409 1188 1761 1260 καθηγεῖσθαι
1791 1187 1887 1240 λα-

300 1278 515 1347 χόντες,
548 1280 610 1331 τὸ
642 1281 716 1351 μὴ
762 1281 951 1353 ὀρθάς,
997 1282 1163 1351 φημὶ,
1210 1280 1479 1335 ποιεῖσθαι
1512 1280 1610 1344 τὰς
1648 1281 1730 1349 ἐφ’
1762 1280 1888 1333 ἑκά-

302 1386 421 1438 στῳ
461 1371 744 1440 πράγματι
777 1372 1019 1443 κρίσεις·
1065 1371 1397 1442 ψηφοφορεῖν
1438 1372 1495 1424 δὲ
1530 1371 1729 1440 μᾶλλον
1766 1369 1882 1424 ἀδί-

300 1480 442 1525 κως,
476 1463 569 1515 καὶ
596 1462 783 1533 δώρων
807 1465 1071 1535 ἡττᾶσθαι
1098 1466 1191 1518 καὶ
1215 1465 1513 1535 χρημάτων
1545 1463 1758 1532 ἡδονῆς,
1792 1461 1886 1515 καὶ

298 1557 421 1616 τοῖς
449 1554 655 1607 ἀδικεῖν
686 1553 929 1607 ἐθέλουσι
953 1555 1299 1608 καταπωλεῖν
1321 1555 1417 1624 τῆς
1438 1553 1645 1607 ἑαυτῶν
1670 1552 1883 1606 ἀνοσίου

304 1645 509 1715 βουλῆς
553 1643 653 1714 τὴν
710 1643 942 1697 σύνεσιν.
987 1645 1074 1709 Ὠς
1130 1646 1237 1717 γάρ
1275 1661 1437 1716 φησιν
1482 1647 1509 1697 6
1560 1645 1882 1715 προφήτης,

307 1756 327 1788 ε
355 1739 420 1789 Ol
474 1735 766 1804 ἡγούμενοι
810 1736 978 1806 αὐτῆς
1005 1735 1142 1806 μετά
1163 1735 1349 1806 δώρων
1382 1738 1613 1807 ἔκρινον.
1637 1754 1654 1785 ι
1694 1734 1886 1801 Ἀναγ-

302 1829 441 1881 καία
498 1826 785 1897 τοιγαροῦν
844 1829 878 1895 ἠ
940 1827 1163 1897 ἐντολὴ,
1214 1829 1309 1880 καὶ
1357 1829 1469 1890 τοῖς
1513 1824 1885 1895 εύαγγελικῶς

1990 638 2179 693 stianae
2212 636 2571 692 institutionis
2606 637 2777 693 virtus
2824 648 2988 710 atque
3015 637 3271 694 elIicacia.
3305 638 3559 697 Claman-

1989 728 2115 784 dum
2145 737 2229 784 est
2273 730 2435 799 igitur
2462 729 2654 784 litterae
2683 731 3018 787 amatoribus
3048 749 3061 785 :
3105 749 3124 784 ι
3152 730 3358 788 Discite
3389 732 3557 789 bene-

1990 821 2192 887 facere,
2222 820 2489 890 exquirite
2513 820 2798 891 judicium,
2840 840 2859 875 ι
2890 822 3120 890 scilicet,
3148 833 3208 879 ut
3237 835 3384 880 recte
3413 823 3558 894 judi-

1987 912 2141 966 cetis.
2169 911 2305 966 Nam
2333 920 2529 982 praeter
2554 912 2691 968 alias
2722 912 3001 970 fteditates
3022 930 3230 982 omnes,
3258 916 3364 971 hoc
3396 916 3560 971 etiam

1987 1005 2178 1059 morbo
2227 1003 2549 1059 laborabant
2588 1004 2825 1061 Judaicze
2854 1006 3154 1078 Synagoga:
3181 1009 3326 1065 nacti
3358 1008 3561 1078 princi-

1987 1100 2197 1159 patum,
2243 1094 2386 1161 quod
2412 1104 2561 1147 recte
2590 1092 2799 1148 scilicet
2831 1110 3093 1165 nusquam
3110 1096 3439 1167 iudicarent,
3462 1100 3557 1153 sed

1989 1178 2192 1249 injuste
2221 1180 2401 1250 potius
2430 1178 2642 1236 ferrent
2673 1181 2936 1250 calculos,
2982 1194 3038 1239 et
3068 1200 3353 1240 munerum
3392 1194 3557 1256 atque

1987 1269 2256 1324 donorum
2308 1269 2565 1325 illecebra
2604 1284 3115 1344 corrumperentur,
3147 1276 3560 1349 volentibusque

1989 1361 2195 1416 inferre
2217 1360 2495 1430 injuriam,
2527 1365 2692 1435 impio
2719 1380 2820 1421 suo
2845 1368 3070 1423 consilio
3104 1368 3553 1441 suﬂ'ragarentur.

1990 1453 2059 1509 Ut
2106 1454 2250 1509 enim
2281 1458 2542 1525 prapheta
2596 1459 2771 1527 inquit
2823 1475 2838 1512 :
2880 1478 2899 1512 ι
2959 1459 3137 1518 Duces
3174 1463 3294 1532 ejus
3336 1476 3557 1535 propter

1987 1563 2211 1603 munera
2237 1549 2558 1618 judicabant
2598 1550 2666 1606 ³¹.
2715 1571 2737 1605 ι
2775 1552 3093 1610 Necessaria
3142 1555 3304 1626 igitur
3349 1572 3554 1627 praece-

1986 1639 2101 1711 ptio
2145 1648 2248 1705 est,
2285 1643 2446 1697 etiam
2493 1643 2596 1709 his,
2628 1645 2718 1713 qui
2744 1645 3057 1715 cvangelice
3099 1648 3324 1718 cupiunt
3356 1642 3559 1715 vivere,

1988 1742 2090 1782 nec
2126 1728 2193 1782 ad
2216 1730 2482 1799 justitiam
2516 1733 2744 1798 inutilis,
2778 1736 3217 1805 rectejudicare,
3251 1754 3356 1794 non
3389 1742 3441 1795 in
3463 1757 3560 1798 ex—

1990 1822 2160 1876 ternis
2199 1822 2372 1876 solum
2408 1824 2586 1889 rebus,
2629 1825 2734 1894 21
2777 1827 2872 1881 sed
2902 1827 2954 1881 in
2985 1827 3109 1885 aliis
3143 1830 3311 1885 etiam
3348 1846 3469 1900 quae
3490 1833 3561 1888 ad

302 1920 554 1972 ἐθέλουσι
587 1920 687 1990 ζῇν
724 1921 823 1972 οὐκ
854 1919 1151 1991 ἀσυντελὴς
1183 1921 1261 1983 είς
1288 1918 1632 1988 δικαιοσύνην
1678 1919 1738 1971 τὸ
1767 1917 1885 1987 κρί-

1990 1913 2229 1967 animum
2250 1924 2306 1969 et
2338 1915 2404 1969 ad
2429 1930 2525 1969 cor
2556 1925 2805 1985 spectant
2842 1934 2856 1971 :
2894 1930 3043 1985 puta,
3067 1935 3188 1976 cum
3208 1922 3348 1978 Deus
3370 1924 3560 1980 vitium

300 2030 420 2065 νειν
468 2000 666 2083 ὀρθῶς,
696 2013 796 2065 οὐκ
847 2012 905 2065 έν
953 2029 1016 2081 γε
1066 2013 1225 2082 μόνον
1267 2014 1377 2076 τοῖς
1409 2011 1513 2075 ἔξω
1545 2010 1885 2081 πράγμασιν,

299 2106 444 2160 ἀλλά
467 2107 562 2159 καὶ
590 2110 701 2169 τοῖς
731 2108 811 2169 είς
834 2105 959 2159 νοῦν
984 2108 1076 2159 καὶ
1104 2106 1356 2177 καρδίαν.
1391 2101 1514 2160 Οἷον
1539 2106 1602 2177 δή
1628 2105 1680 2157 τί
1708 2123 1850 2176 φημι
1871 2122 1884 2135 ·

298 2196 439 2249 Θεοῦ
468 2195 569 2265 τὴν
592 2196 902 2267 φαυλότητα
940 2196 1360 2267 καταψέγοντος,
1389 2198 1601 2250 ἐπαινεῖ
1628 2196 1830 2266 ταύτην
1860 2199 1888 2250 6

299 2288 571 2349 Σατανᾶς.
623 2288 731 2340 Καὶ
774 2290 802 2339 6
845 2288 943 2358 μὲν
990 2289 1082 2341 τοῦ
1132 2289 1383 2360 Σωτῆρος
1409 2292 1557 2360 ἡμᾶς
1606 2289 1888 2343 ἀναπείθει

299 2378 493 2448 νόμος,
516 2378 836 2448 ἀξιέραστον
856 2377 1123 2431 ποιεῖσθαι
1150 2377 1207 2432 τὸ
1228 2378 1458 2447 ἀγαθόν·
1481 2378 1727 2433 ἀνθέλκει
1752 2379 1890 2450 πρὸς

297 2472 367 2524 τὸ
397 2472 639 2524 ἐναντίον
670 2472 909 2533 ἐκεῖνος.
941 2471 1075 2523 Τότε
1116 2471 1179 2541 δὴ
1205 2473 1325 2524 τότε
1356 2472 1549 2542 κριτὴς
1581 2470 1769 2539 ὥσπερ
1803 2471 1885 2533 τίς

296 2565 425 2614 ἐστι
459 2562 555 2614 καὶ
578 2561 833 2632 δικαστὴς
860 2563 918 2614 ὲν
943 2564 1075 2632 ἡμῖν
1102 2564 1130 2614 6
1156 2562 1279 2625 νοῦς
1300 2578 1312 2591 ⁸
1345 2564 1440 2615 καὶ
1473 2561 1760 2625 ἐπαινέσας
1788 2562 1887 2632 μὲν

298 2651 369 2704 τό
397 2652 621 2715 ἀγαθὸν,
668 2654 760 2705 καὶ
800 2652 930 2705 αὐτὸ
974 2652 1035 2705 τὸ
1078 2653 1273 2723 χρῆναι
1312 2656 1533 2723 κρατεῖν
1574 2653 1884 2723 ἀπονέμων,

301 2744 605 2814 ὲξεζήτησε
635 2745 833 2814 κρίσιν.
872 2743 1117 2808 Ἐπιδούς
1143 2760 1205 2813 γε
1248 2744 1353 2815 μὴν
1384 2744 1680 2813 φαυλότητι
1720 2744 1781 2796 τὸ
1810 2762 1888 2797 νι-

300 2838 435 2907 xciv,
470 2835 572 2899 ἔξω
601 2835 790 2903 γέγονε
832 2833 925 2886 τοῦ
977 2835 1182 2906 κρίνειν
1218 2833 1413 2905 ὀρθῶς,
1466 2834 1557 2887 καὶ
1596 2832 1887 2887 ἀκούσεται

298 2928 535 2991 δικαίως
556 2944 572 2958 ο
606 2947 624 2978 ι
646 2928 783 2981 Οὐαὶ
804 2929 854 2979 οἱ
874 2928 1123 2996 λέγοντες
1149 2926 1209 2980 τὸ
1238 2926 1474 2997 πονηρὸν
1503 2927 1685 2991 καλὸν,
1717 2928 1808 2980 καὶ
1828 2925 1891 2978 τὸ

300 3019 475 3073 καλὸν
514 3026 747 3089 πονηρόν
772 3037 786 3051 '
826 3020 949 3073 οὐαὶ
978 3022 1027 3073 oi
1057 3020 1307 3087 λέγοντες
1352 3020 1414 3074 τὸ
1460 3022 1657 3091 πικρὸν
1689 3019 1885 3088 γλυκὺ,

302 3114 407 3165 καὶ
437 3110 501 3165 τὸ
521 3111 691 3180 γλυκὺ
732 3112 927 3182 πικρόν
946 3129 959 3142 ·
997 3114 1044 3165 οἱ
1070 3112 1310 3176 τιθέντες
1340 3114 1400 3166 τὸ
1421 3113 1609 3176 σκότος
1640 3114 1720 3176 εἰς
1750 3111 1887 3181 φῶς,

300 3204 407 3257 καὶ
434 3203 496 3256 τὸ
530 3204 642 3270 φῶς
664 3206 743 3267 είς
775 3205 981 3268 σκότος.
1008 3225 1027 3257 ι
1070 3204 1305 3276 Αῦχημα
1326 3205 1503 3257 τοίνυν
1537 3202 1887 3272 εὐαγγελικὸν

300 3297 370 3348 τὸ
394 3295 603 3375 κρίνειν
621 3296 816 3366 ὀρθῶς,
848 3298 942 3350 καὶ
973 3299 1270 3367 ἐπαμύνειν
1297 3296 1691 3367 ἀδικουμένοις.
1716 3292 1887 3348 Τοῦτο

300 3388 444 3458 γὰρ,
467 3384 639 3457 οἶμαι,
660 3389 796 3452 ἐστὶ,
816 3389 893 3454 τὸ,
915 3408 934 3440 ι
957 3389 1217 3442 Ῥύσασθε
1244 3388 1612 3457 ἀδικούμενον.
1628 3407 1647 3440 ι
1667 3388 1886 3456 Ἐπιτη-

299 3478 488 3532 δεύειν
517 3478 570 3531 δὲ
591 3478 694 3548 χρὴ
722 3477 855 3549 πρὸς
870 3480 1043 3549 τούτῳ
1059 3480 1120 3530 τὸ
1143 3477 1445 3549 συμπαθὲς,
1476 3478 1570 3531 καὶ
1592 3478 1651 3530 τὺ
1681 3478 1886 3547 ἀπροσ-

303 3570 686 3640 ωπόληπτον.ι
708 3572 942 3641 Κρίνατε
953 3571 1223 3642 ὀρφανῷ,»
1246 3572 1428 3643 φησὶ,«
1451 3570 1544 3624 καὶ
1563 3568 1885 3623 δικαιώσατε

302 3663 489 3733 χήραν
513 3675 525 3688 ⁸
552 3661 643 3715 καὶ
662 3662 835 3727 δεῦτε,
873 3663 966 3715 καὶ
990 3662 1407 3733 διελεγχθῶμεν,
1435 3662 1581 3729 λέγει
1607 3660 1811 3729 Κύριος
1833 3677 1879 3712 ·›

300 3754 411 3821 οὐχ
430 3754 507 3814 ὡς
528 3753 834 3821 κρινόμενοι
854 3752 931 3822 τῷ
951 3752 1193 3823 Δεσπότῃ
1219 3769 1232 3815 ;
1266 3768 1283 3802 ι
1308 3750 1732 3821 Δικαιωθήσεται
1752 3756 1883 3822 γαρ,

304 3846 469 3915 φησι,
501 3847 713 3908 πάντως
740 3848 797 3899 ὲν
828 3848 940 3908 τοῖς
966 3846 1145 3914 λόγοις
1171 3844 1356 3909 αὑτοῦ,
1392 3845 1485 3897 καὶ
1511 3844 1724 3914 νικήσει
1762 3860 1885 3914 κρι-

302 3938 599 4005 νόμενος.)
642 3936 834 3988 Ἔσται
867 3938 973 4006 γάρ
1024 3936 1199 3998 οὐδεὶς
1247 3936 1356 3989 ἀπὸ
1399 3936 1571 4007 ῥύπου
1622 3936 1882 4007 καθαρὸς,

302 4029 428 4082 ἀλλ’
455 4028 575 4080 οὐδὲ
620 4028 951 4099 καυχήσεται
991 4044 1075 4090 τις
1119 4026 1287 4097 ἁγνὴν
1321 4026 1462 4097 ἔχειν
1491 4028 1590 4098 τὴν
1636 4028 1884 4097 καρδίαν,

302 4120 705 4189 διελεγχόμενοι
766 4120 823 4172 δὲ
876 4118 1094 4190 μᾶλλον,
1143 4120 1234 4171 καὶ
1285 4119 1446 4172 οἱονεὶ
1497 4118 1616 4172 καθ’
1661 4120 1887 4181 ἑαυτοὺς

303 4211 716 4282 δοκιμάζοντες,
759 4214 809 4265 εί
862 4212 935 4283 μὴ
981 4215 1080 4282 τῆς
1123 4211 1271 4274 θείας
1304 4202 1612 4280 φιλοτιμίας
1659 4211 1885 4282 μέγεθος

306 4307 449 4359 πολύ
488 4306 549 4359 τέ
601 4306 716 4357 ἐστι
758 4305 851 4357 καὶ
881 4302 1224 4374 ἀξιόληπτον.
1257 4303 1353 4364 Ὦς
1390 4320 1451 4371 γε
1497 4305 1525 4355 ό
1564 4303 1724 4371 σοφὸς
1752 4305 1885 4372 ἡμῖν

304 4399 516 4469 γράφει
561 4397 769 4459 Παῦλος
793 4414 807 4430 ο
852 4416 873 4449 ι
905 4397 1017 4449 Οὐκ
1064 4394 1189 4459 ἀξια
1238 4395 1307 4448 τὰ
1336 4396 1635 4466 παθήματα
1658 4395 1749 4447 τοῦ
1790 4394 1886 4447 νῦν

306 4488 509 4559 καιροῦ
530 4487 664 4558 πρὸς
692 4494 789 4557 τὴν
820 4486 1123 4559 μέλλουσαν
1146 4484 1302 4548 δόξαν
1328 4485 1778 4555 ἀποκαλυφθῆναι
1804 4487 1886 4548 είς

1988 2003 2235 2070 damnat,
2264 2003 2494 2061 Satanas
2524 2008 2743 2075 laudat;
2796 2024 2919 2064 cum
2960 2010 3045 2066 lex
3086 2010 3393 2071 Servatoris
3428 2030 3561 2071 sua-

1989 2095 2082 2150 det
2112 2097 2311 2152 bonutn
2369 2113 2493 2154 esse
2521 2101 2771 2166 amabile,
2805 2101 2894 2156 ille
2924 2105 3091 2159 trahit
3114 2106 3181 2160 ad
3203 2107 3558 2164 contrarium.

1990 2185 2142 2243 Tunc
2171 2188 2225 2243 in
2266 2189 2421 2245 nobis
2446 2206 2599 2246 mens
2622 2193 2786 2247 veluti
2813 2194 2983 2263 judex
3021 2207 3105 2252 est
3145 2207 3201 2252 et
3230 2199 3455 2255 arbiter.
3498 2201 3558 2256 Si

1988 2280 2134 2350 quod
2163 2280 2365 2336 bonum
2390 2292 2473 2337 est
2501 2285 2783 2354 probarit,
2828 2287 2987 2356 eique
3038 2290 3346 2358 superiores
3375 2302 3560 2362 partes

1990 2371 2213 2439 tribuat,
2241 2371 2354 2441 jam
2382 2375 2675 2443 exquisivit
2713 2376 2997 2444 judicium.
3035 2379 3132 2435 Sin
3176 2382 3309 2437 vitio
3345 2384 3560 2453 adjudi-

1989 2473 2078 2518 cet
2108 2465 2416 2530 victoriam,
2453 2467 2683 2521 discedit
2732 2478 2844 2523 tum
2894 2485 2925 2524 a
2976 2481 3124 2529 recte
3149 2472 3461 2544 iudicando,
3502 2486 3561 2533 et

1989 2556 2182 2610 merito
2210 2557 2397 2612 audiet
2430 2575 2445 2612 :
2477 2576 2495 2609 ι
2532 2555 2626 2615 Vae
2656 2558 2741 2615 his
2769 2561 2863 2630 qui
2897 2563 3083 2618 dicunt
3107 2565 3306 2621 malum
3332 2567 3557 2637 bonum,

1987 2656 2044 2701 et
2091 2646 2292 2701 bonum
2344 2649 2546 2704 malum
2591 2666 2609 2707 :
2651 2652 2743 2720 qui
2779 2654 2965 2709 dicunt
3010 2670 3257 2713 amarum
3289 2659 3466 2727 dulce,
3506 2674 3565 2717 ει

1989 2740 2143 2794 dulce
2171 2754 2417 2795 atnarum
2452 2759 2467 2797 :
2501 2744 2592 2812 qui
2628 2754 2847 2800 vertunt
2884 2748 3136 2803 tenebras
3170 2748 3224 2803 in
3271 2749 3468 2818 lucem,
3503 2763 3560 2808 ει

1988 2829 2164 2884 lucem
2191 2831 2244 2884 in
2278 2834 2532 2887 tenebras
2570 2832 2636 2885 δ’.
2674 2853 2692 2885 ι
2731 2834 2911 2890 Gloria
2947 2837 3114 2906 igitur
3141 2850 3196 2893 et
3230 2838 3347 2894 laus
3380 2841 3559 2896 Evan-

1988 2922 2114 2990 gelii
2157 2932 2265 2988 est,
2313 2935 2462 2979 recte
2504 2924 2771 2993 judicare,
2820 2937 2876 2980 et
2907 2942 3198 2996 oppressos
3249 2931 3558 2993 defendere.

1990 3012 2104 3066 lloc
2158 3013 2341 3079 enim,
2383 3015 2597 3082 opinor,
2646 3023 2763 3081 est,
2805 3035 2825 3068 ι
2859 3015 3110 3075 Liberale
3166 3035 3503 3090 oppressum.
3534 3043 3556 3078 ι

1992 3104 2309 3160 Exercenda
2339 3117 2419 3160 est
2454 3116 2716 3176 praeterea
2743 3111 3142 3166 commiseratio
3168 3116 3432 3183 quaedam,
3461 3132 3561 3172 nec

1993 3213 2350 3266 personarum
2378 3209 2657 3268 respectus
2683 3200 2980 3256 habendus.
3008 3202 3452 3276 Patrocinamini,
3476 3211 3560 3264 in-

1993 3292 2131 3361 quit,
2161 3292 2384 3362 pupillo,
2426 3302 2482 3347 et
2506 3294 2679 3347 vidua:
2715 3308 2934 3350 causam
2978 3300 3141 3365 agite,
3175 3306 3230 3352 et
3264 3299 3473 3366 adeste,
3504 3311 3561 3358 et

1993 3385 2350 3454 disputemus,
2383 3385 2519 3439 dicit
2559 3385 2843 3451 Dominus,
2891 3403 2996 3441 non
3046 3391 3201 3458 quasi
3225 3391 3428 3462 judicio
3462 3397 3557 3449 de-

1993 3487 2264 3532 certantes
2299 3493 2421 3532 cum
2467 3478 2695 3533 Domino
2723 3495 2736 3533 :
2788 3496 2807 3530 ι
2838 3478 3233 3537 Justiiicabitur
3267 3483 3412 3538 enim
3440 3502 3558 3540 om-

1994 3571 2124 3624 nino
2172 3570 2226 3623 in
2274 3569 2613 3624 sermonibus
2662 3572 2797 3635 suis,
2828 3581 2885 3626 et
2918 3572 3097 3627 vincet
3143 3588 3266 3629 cum
3293 3575 3563 3646 judicabi-

1996 3673 2083 3716 tur
2114 3661 2181 3714 ⁵³.
2219 3681 2237 3713 ι
2276 3661 2447 3717 Nemo
2478 3663 2677 3732 quippe
2713 3665 2820 3718 erit
2848 3665 3058 3735 integer
3086 3667 3437 3739 sordiumqne
3460 3676 3562 3741 pu-

1992 3766 2108 3816 rus,
2139 3754 2235 3807 sed
2287 3766 2463 3821 neque
2506 3751 2823 3822 gloriabitur
2862 3756 3146 3823 quisquam
3192 3760 3451 3813 mundum
3491 3776 3551 3816 se

1994 3842 2196 3898 habere
2252 3859 2398 3898 cor:
2454 3853 2509 3895 at
2547 3842 2724 3912 ponus
2782 3854 3070 3913 arguentes
3116 3857 3170 3900 et
3219 3848 3368 3902 velut
3418 3852 3560 3920 apud

1992 3940 2198 4006 seipsos
2232 3935 2542 4006 probantes,
2577 3936 2717 3990 sitne
2772 3937 3080 4007 magnitudo
3114 3939 3307 3994 divinae
3350 3943 3561 4012 magni-

1994 4029 2225 4084 licentiae
2256 4028 2445 4094 multa,
2479 4039 2533 4082 et
2556 4027 2949 4097 amplectenda.
2992 4027 3143 4084 Sicut
3186 4042 3241 4084 et
3268 4033 3424 4088 nobis
3466 4049 3559 4090 sa-

1994 4123 2146 4190 piens
2181 4119 2377 4174 Paulus
2407 4120 2596 4175 scribit
2626 4138 2641 4173 :
2676 4138 2694 4171 ι
2729 4119 2842 4175 Non
2874 4132 3001 4175 sunt
3031 4122 3315 4194 condigna:
3348 4128 3558 4195 passio-

1996 4230 2090 4268 nes
2113 4211 2272 4281 hujus
2306 4212 2561 4278 tetnporis
2591 4214 2655 4265 ad
2692 4212 2929 4269 futuram
2958 4213 3182 4285 gloriam
3212 4231 3332 4284 qua:
3356 4218 3563 4273 revela-

1993 4307 2141 4361 bitur
2166 4306 2218 4358 in
2249 4304 2404 4358 nobis
2435 4301 2503 4355 ⁸⁸.
2536 4320 2555 4354 ι
2590 4300 2692 4368 Qui
2722 4317 2851 4372 ergo
2891 4318 2921 4356 a
2965 4303 3100 4373 legis
3137 4304 3476 4361 institutione
3505 4319 3562 4363 et

1994 4397 2408 4452 conversatione
2454 4393 2520 4448 ad
2570 4395 2891 4449 Christianae
2933 4396 3053 4450 vitae
3100 4396 3421 4467 elegantiam
3465 4416 3561 4470 per

1995 4489 2150 4543 tidem
2181 4488 2579 4557 quodammodo
2620 4486 2995 4553 traducuntur,
3047 4486 3131 4541 his
3166 4488 3436 4556 promittit
3472 4505 3557 4544 re—

308 4584 480 4652 ήμᾶς.
506 4599 526 4631 ι
599 4579 964 4649 Ὑπισχνεῖται
1019 4580 1307 4651 τοιγαροῦν
1359 4582 1471 4641 τοῖς
1529 4580 1592 4631 ὲκ
1655 4578 1885 4648 νομικῆς

1995 4582 2405 4650 promissionem
2441 4594 2650 4643 eorum,
2688 4580 2741 4633 in
2773 4579 2968 4647 quibus
2996 4579 3109 4649 jam
3155 4589 3282 4635 ante
3312 4580 3558 4636 offende-

306 4672 537 4741 ἀγωγῆς
589 4671 1069 4742 μεθορμιζομένοις
1114 4674 1314 4742 τρόπον
1364 4672 1485 4725 τινὰ
1518 4670 1607 4723 διὰ
1646 4670 1747 4740 τῆς
1793 4672 1886 4723 πί-

1990 4682 2133 4727 runt.
2173 4670 2263 4725 Illa
2293 4670 2436 4725 enim
2464 4680 2548 4725 est
2582 4678 2780 4725 nostra:
2814 4671 2927 4740 spei
2973 4671 3247 4738 introitus,
3283 4682 3336 4726 et
3364 4674 3559 4728 divina:

309 4784 483 4829 στεως
514 4770 591 4829 είς
616 4766 937 4836 ἀστειότητα
970 4765 1085 4836 βίου
1111 4766 1203 4819 τοῦ
1234 4766 1377 4819 κατά
1403 4765 1658 4835 Χριστὸν,
1696 4764 1885 4831 ἄφεσιν

1990 4781 2114 4835 erga
2146 4779 2243 4819 nos
2265 4762 2565 4819 clementia;
2595 4762 2865 4833 primitiae,
2899 4770 2954 4816 et
2979 4762 3141 4816 veluti
3165 4761 3329 4830 janua
3360 4780 3425 4818 ac
3448 4765 3553 4819 via.

306 4861 421 4913 τῶν
480 4860 580 4932 ἤδη
636 4860 1138 4931 προεπταισμένων.
1172 4860 1317 4930 Αῦτη
1362 4859 1469 4928 γὰρ
1518 4857 1744 4928 ἡμῶνή
1792 4856 1885 4926 τῆς

1990 4856 2138 4912 Fidei
2170 4865 2349 4910 autem
2394 4855 2621 4924 gratiam
2668 4869 2792 4908 cum
2824 4856 2906 4909 his
2940 4854 3032 4923 qui
3089 4854 3244 4910 valde
3288 4855 3555 4925 inquinati

306 4951 530 5012 ἐλπίδος
555 4950 797 5019 εἰσϐολὴ,
836 4950 1051 5019 καὶτῆς
1080 4949 1229 5012 θείας
1260 4952 1338 5011 είς
1370 4949 1515 5018 ἡμᾶς
1555 4949 1892 5017 ἡμερότητος

307 5044 557 5113 ἀπαρχὴ,
607 5042 745 5113 θύρα
790 5059 849 5095 τε
882 5042 1072 5113 ὥσπερ
1101 5042 1194 5095 καὶ
1244 5040 1379 5102 ὁδός.
1420 5041 1544 5092 Ὅτι
1571 5040 1626 5092 δὲ
1653 5040 1746 5092 καὶ
1775 5039 1885 5101 τοῖς

308 5137 539 5202 εἰσάγαν
593 5133 1050 5205 μεμολυσμένοις,
1109 5131 1284 5186 καίτοι
1331 5132 1417 5184 ἐπ’
1461 5130 1681 5184 ἔλαττον
1727 5131 1886 5185 τοῦτο

310 5226 680 5295 νενοσηκόσιν,
729 5225 954 5295 ἀρκέσει
988 5224 1124 5293 πρὸς
1156 5223 1530 5293 ἀποκάθαρσιν
1582 5225 1614 5293 ἡ
1658 5220 1747 5274 διὰ
1792 5222 1880 5274 πί-

311 5336 483 5381 στεως
512 5320 692 5387 χάρις,
724 5314 1002 5369 ἀναπείθει
1028 5315 1234 5382 λέγων·
1267 5331 1284 5364 ι
1319 5315 1442 5367 Ἐὰν
1476 5308 1606 5368 ὦσιν
1626 5315 1681 5367 αἰ
1715 5314 1890 5383 ἀμαρ-

309 5414 421 5465 τίαι
450 5412 605 5481 ὑμῶν
636 5411 711 5473 ὡς
740 5408 1034 5480 φοινικοῦν,
1077 5407 1150 5471 ὡς
1200 5407 1351 5477 χιόνα
1376 5407 1653 5461 λευκανῶ·
1688 5407 1781 5461 ἐὰν
1829 5408 1889 5462 δὲ

309 5500 441 5558 ῶσιν
474 5505 549 5567 ὡς
579 5503 849 5565 κόκκινον,
869 5502 943 5566 ὡς
965 5502 1109 5571 ἔριον
1134 5500 1398 5565 λευκανῶ.
1436 5521 1455 5552 ι
1505 5501 1884 5555 Δυσέκπλυτον

311 5597 416 5666 γὰρ
467 5596 622 5649 οὐδὲν
662 5595 797 5648 Θεοῦ
849 5594 1257 5664 διασμήχοντος.
1317 5593 1405 5656 Ὠς
1451 5593 1559 5663 γὰρ
1606 5596 1634 5646 6
1676 5594 1885 5657 Παῦλος

312 5690 497 5759 φησιν,
539 5679 655 5740 (Οῦ
690 5686 747 5738 δὲ
784 5685 1110 5739 ἐπλεόνασεν
1147 5686 1180 5755 ή
1222 5683 1484 5757 ἁμαρτία,
1520 5684 1883 5756 ὑπερεπερίσ-

1989 4957 2132 5014 sunt,
2170 4956 2282 5002 tum
2334 4947 2499 5001 etiam
2543 4944 2761 5015 paulum
2805 4945 2996 5000 morbo
3034 4942 3260 5010 allectis,
3315 4948 3448 5003 satis
3487 4952 3555 5004 ad

1990 5040 2428 5096 emundationem
2458 5039 2743 5093 valituram
2771 5053 2914 5102 esse,
2950 5040 3109 5094 tidem
3145 5038 3295 5106 facit,
3320 5042 3507 5098 dicens
3538 5063 3551 5099 :

1995 5151 2014 5185 ι
2055 5133 2112 5187 Si
2146 5134 2256 5186 sint
2305 5142 2524 5202 peccata
2558 5140 2737 5185 vestra
2777 5138 2837 5184 ut
2885 5145 3143 5201 purpura,
3180 5130 3326 5186 velut
3378 5133 3556 5190 nivem

1991 5222 2244 5279 inalbabo
2278 5241 2294 5276 :
2322 5224 2443 5278 etsi
2468 5222 2578 5277 sint
2610 5232 2669 5276 ut
2692 5223 2998 5289 coccinum,
3029 5222 3183 5291 quasi
3220 5222 3401 5278 lanam
3425 5226 3561 5279 inal-

1992 5316 2150 5371 babo.
2188 5334 2207 5366 ι
2257 5313 2403 5369 Nihil
2461 5313 2605 5369 enim
2644 5312 2932 5368 diﬂiculter
2975 5314 3196 5379 eluitur,
3233 5314 3343 5371 Deo
3376 5315 3560 5371 deter-

1992 5416 2172 5478 gente.
2205 5405 2666 5472 Quemadmodum
2712 5414 2768 5459 et
2801 5404 3000 5460 Paulus
3034 5406 3110 5460 ait
3146 5424 3159 5460 :
3208 5405 3343 5462 «Ubi
3383 5408 3559 5462 abun-

1992 5498 2143 5555 davit
2180 5506 2485 5568 peccatum,
2535 5495 2996 5567 superabundavit
3036 5505 3093 5551 et
3119 5498 3290 5567 gratia
3319 5498 3387 5552 ⁸⁸.
3434 5516 3453 5549 ι
3498 5498 3563 5552 Et

1994 5606 2236 5648 rursus:
2280 5608 2299 5642 ι
2330 5588 2463 5659 Quis
2515 5589 2794 5645 accusabit
2849 5588 3111 5645 adversus
3168 5592 3374 5646 electos
3426 5591 3562 5646 Dei?

1991 5686 2133 5741 Deus
2155 5685 2245 5754 qui
2273 5684 2554 5754 justiﬁcat,
2578 5682 2703 5752 quis
2732 5691 2815 5736 est
2847 5682 2936 5751 qui
2974 5682 3297 5737 condemnet
3323 5681 3404 5735 ὀἳ
3432 5702 3453 5735 ι

321 5800 503 5837 σευσεν
534 5785 568 5854 ἡ
603 5783 781 5854 χάρις.
833 5784 941 5837 Καὶ
982 5780 1175 5836 πάλιν·
1222 5801 1240 5832 ι
1264 5780 1358 5843 Τίς
1389 5780 1671 5849 ἐγκαλέσει
1723 5782 1860 5852 μετά
1900 5781 2167 5837 ἐκλεκτῶν
2196 5777 2330 5833 Θεοῦ
2354 5798 2368 5846 ;
2393 5778 2524 5843 Θεὸς
2553 5779 2581 5831 6
2607 5776 2854 5843 δικαιῶν,
2892 5775 2975 5839 τίς
3005 5778 3034 5830 ό
3071 5774 3411 5848 κατακρίνων
3434 5793 3483 5841 ς»

390 5899 435 5931 ⁸⁸
474 5898 654 5967 lsa.v,
682 5898 772 5953 25.
850 5898 895 5929 "
924 5898 1025 5959 lsa.
1071 5915 1121 5965 v,
1155 5896 1247 5951 20.
1322 5898 1366 5928 ⁸³
1403 5894 1544 5953 Psal.
1588 5912 1641 5963 ι,
1687 5896 1736 5952 6.
1815 5897 1859 5930 ³⁸

1990 5915 2055 5956 tn.
2106 5912 2220 5968 vm,
2256 5897 2342 5955 18.
2419 5898 2464 5930 ⁸⁸
2496 5896 2651 5955 Rom.
2696 5910 2749 5964 ν,
2789 5894 2879 5951 20.
2922 5892 2967 5928 ⁸⁸
2998 5893 3154 5950 Rom.
3200 5908 3315 5963 vnt,
3351 5892 3439 5959 53,
3469 5892 3559 5950 δι.
