4094 6366
496 449 565 501 4⁷1
1512 435 1566 489 S.
1610 434 1888 490 CYRILIJ
1930 430 2403 487 ALEXANDRINI
2442 429 2763 486 ARCHIEP.
3686 432 3753 478 ιδ

565 568 725 623 Vens.
772 566 864 630 l9,
893 564 983 618 20.
1037 563 1103 617 Et
1155 565 1200 617 si
1244 560 1533 624 volueritis,
1572 570 1619 612 et
1668 559 1713 612 si
1773 556 2067 620 audieritis,

2253 553 2360 608 Kal
2385 554 2494 606 ἐὰν
2513 552 2743 619 θέλητε,
2768 550 2865 603 καὶ
2890 549 3288 616 εἰσακούσητέ
3309 565 3450 616 μου,
3474 547 3547 599 τὰ
3566 545 3756 614 ἀγαθὰ

498 662 627 714 bona
665 657 772 727 22
812 665 964 710 teme
991 655 1289 708 comedetis.
1317 648 1379 707 Si
1409 667 1523 705 vero
1557 649 1851 714 nolueritis,
1886 657 1935 702 et
1972 664 2074 703 non

498 752 802 804 audiveritis
847 764 945 812 me,
984 747 1193 817 gladius
1223 762 1311 799 vos
1350 743 1641 799 devorabit.
1685 741 1757 796 Os
1800 744 1936 796 enim
1970 742 2076 796 Do-

497 839 626 892 mini
658 838 892 892 locutum
924 846 997 891 est
1028 836 1159 889 hwc.

563 967 772 1024 All'atus
799 976 885 1023 est
920 963 1195 1026 Israelitas
1236 963 1610 1019 universitatis
1652 962 1819 1027 Deus,
1858 976 1955 1031 per
1986 976 2074 1017 sa-

496 1060 888 1130 pientissimum
910 1056 1165 1127 Moysen:
1191 1075 1209 1107 ι
1236 1055 1374 1110 Ecce
1401 1069 1501 1124 ego
1524 1054 1678 1125 posui
1708 1054 1760 1108 in
1783 1062 2075 1123 conspectu

502 1160 596 1206 tuo
628 1151 769 1204 viam
802 1149 925 1203 vitae
953 1159 1007 1202 et
1048 1148 1188 1201 viam
1225 1147 1416 1202 mortis
1442 1146 1511 1200 ⁵⁷.
1542 1164 1560 1197 ι
1594 1145 1774 1200 Posita
1816 1146 1959 1200 enim
1988 1153 2075 1200 est

495 1246 651 1298 nobis
696 1243 763 1297 ad
806 1254 1097 1311 utrumque
1127 1241 1344 1305 semita,
1394 1247 1448 1294 et
1496 1237 1703 1294 fructus
1733 1237 2071 1292 voluntatum

496 1337 760 1405 cujusque
802 1349 900 1389 ceu
939 1332 1287 1388 ﬂosculorum
1323 1342 1407 1386 est
1438 1330 1696 1398 praeclare
1724 1338 1779 1384 et
1811 1328 2069 1400 legitime.

497 1439 591 1483 aut
614 1436 803 1483 contra
842 1426 1054 1495 culpate
1088 1425 1290 1480 vivere.
1333 1423 1440 1477 Sed
1473 1437 1572 1477 nec
1596 1435 1716 1477 esse
1750 1430 1927 1491 potest
1953 1420 2070 1475 cui-

498 1534 659 1587 quam
707 1518 957 1581 dubium,
996 1516 1131 1585 quin
1177 1515 1230 1569 hi
1280 1516 1370 1584 qui
1404 1513 1625 1583 probam
1656 1522 1712 1567 et
1753 1511 2070 1582 praeclaram

496 1611 715 1678 Deoque
734 1607 1167 1676 acceptissimam
1185 1604 1373 1657 vivunt
1388 1605 1573 1667 vitam,
1598 1617 1812 1672 semper
1827 1602 1893 1655 ad
1908 1601 2069 1654 vitam

498 1700 911 1755 subvehantur:
949 1696 1039 1766 qui
1091 1705 1270 1749 autem
1310 1692 1679 1761 voluptatibus
1721 1691 1876 1746 malis
1903 1690 2069 1745 dediti

497 1799 623 1845 sunt
642 1798 697 1844 et
718 1786 943 1850 addicti,
971 1786 1173 1840 exitum
1207 1783 1405 1838 habent
1431 1783 1739 1836 tendentem
1764 1782 1817 1834 in
1843 1780 2067 1834 exitium

500 1894 556 1937 et
593 1880 893 1936 interitum.
930 1877 1115 1947 Itaque
1159 1874 1367 1929 fructus
1410 1873 1731 1927 obedientia:
1763 1871 1891 1934 erit,
1927 1870 2068 1925 bona

2175 644 2285 713 τῆς
2312 644 2425 715 γῆς
2446 643 2732 713 φάγεσθε.
2775 642 2917 696 Ἐὰν
2947 641 3016 695 δὲ
3053 640 3132 709 μὴ
3168 642 3403 708 θέλητε,
3430 639 3589 708 μηδὲ
3625 641 3752 692 εἱσ-

2176 737 2479 803 ακούσητέ
2525 752 2665 803 μου,
2714 734 2979 803 μάχαιρα
3006 731 3161 801 ὑμᾶς
3192 730 3516 786 κατέδεται.
3550 731 3618 784 Τὸ
3645 733 3753 801 γὰρ

2176 829 2371 897 στόμα
2406 825 2629 896 Κυρίου
2653 824 2921 893 ἐλάλησε
2955 824 3160 878 ταῦτα.

2244 960 2686 1034 Προσπεφώνηκέ
2732 977 2836 1013 που
2880 962 2988 1022 τοῖς
3038 959 3098 1025 ἐξ
3135 958 3350 1030 Ἰσραὴλ
3397 958 3424 1011 ὁ
3454 958 3563 1011 τῶν
3617 958 3757 1011 ὅλων

2172 1053 2303 1117 Θεὸς
2342 1053 2429 1107 διὰ
2460 1052 2554 1106 τοῦ
2586 1052 2860 1121 πανσόφου
2886 1050 3151 1113 Μωσέως⁹
3189 1068 3208 1102 ι
3253 1050 3382 1103 Ἰδοὺ
3409 1049 3617 1103 δέδωκα
3649 1050 3755 1121 πρὸ

2172 1142 2465 1214 προσώπου
2501 1159 2596 1195 σου
2624 1142 2722 1213 τὴν
2751 1141 2869 1194 ὁδὸν
2898 1141 2998 1212 τῆς
3036 1140 3205 1211 ζωῆς,
3245 1140 3340 1193 καὶ
3364 1141 3462 1211 τὴν
3492 1140 3610 1193 ὁδὸν
3658 1130 3752 1193 τοῦ

2173 1235 2425 1289 Θανάτου.
2449 1254 2467 1287 ι
2496 1234 2747 1289 Τέθειται
2787 1232 2897 1306 γὰρ
2926 1235 2983 1287 ἐν
3013 1233 3144 1303 ἡμῖν
3185 1234 3219 1303 ὴ
3248 1233 3334 1285 ἐπ’
3358 1233 3523 1303 ἄμφω
3547 1232 3750 1304 τρίϐος,

2171 1325 2267 1379 καὶ
2308 1325 2418 1379 τῶν
2458 1326 2691 1380 ἑκάστου
2739 1325 3118 1396 διανευμάτων
3142 1363 3157 1388 ,
3214 1326 3384 1396 ἧγουν
3432 1324 3759 1395 θελημάτωνν

2171 1416 2384 1485 καρπὸς
2412 1416 2479 1471 ἂν
2509 1417 2717 1486 γένοιτο
2746 1417 2807 1470 τὸ
2849 1415 3133 1470 διαϐιῶναι
3176 1416 3448 1488 λαμπρῶς
3478 1419 3572 1470 καὶ
3608 1417 3752 1470 ἐννό-

2174 1526 2308 1580 μως,
2347 1510 2515 1579 ὴγουν
2562 1510 2812 1579 ἑτεροίως
2850 1509 3299 1579 κατεψεγμένως.
3355 1508 3495 1563 Ἀλλ’
3543 1509 3642 1562 οὑκ
3685 1507 3753 1562 ἂν

2170 1600 2461 1653 ἑνδοιάσειέ
2484 1617 2587 1663 τις,
2627 1599 2702 1663 ὡς
2738 1602 2788 1654 οἱ
2825 1601 2923 1671 μὲν
2961 1601 3052 1654 τὸν
3085 1600 3285 1670 ἀγαθὸν
3320 1602 3412 1654 καὶ
3446 1600 3745 1654 ἀπόλεκτον

2170 1692 2265 1744 καὶ
2288 1689 2406 1761 Θεῷ
2428 1690 2741 1760 φιλαίτατον
2768 1690 3009 1761 βιοῦντες
3036 1691 3169 1762 βίον,
3209 1692 3382 1757 πάντη
3407 1708 3466 1744 τε
3489 1692 3583 1744 καὶ
3611 1691 3749 1743 πάν-

2169 1799 2278 1845 τως
2306 1781 2658 1852 καταίρουσιν
2683 1784 2764 1846 είς
2794 1782 2959 1854 ζωήν.
2987 1782 3115 1852 Οἴγε
3146 1783 3250 1854 μὴν
3276 1785 3396 1846 ταῖς
3424 1784 3503 1846 είς
3531 1783 3593 1835 τὸ
3620 1782 3729 1850 φαῦ

2170 1873 2260 1927 λον
2287 1873 2501 1944 ἡδοναῖς
2528 1873 2851 1945 ἡττώμενοι,
2879 1874 2937 1927 τὸ
2983 1874 3134 1938 τέλος
3162 1873 3373 1943 ἔχουσιν
3402 1874 3483 1936 είς
3528 1872 3747 1944 ὄλεθρον

500 1984 659 2028 terra;
692 1970 999 2030 comedere,
1027 1980 1147 2035 quas
1194 1964 1395 2019 sanctis
1435 1970 1737 2031 praeparata
1787 1970 1895 2026 est;
1922 1957 2067 2027 cujus

2177 1965 2272 2019 καὶ
2297 1964 2595 2019 ἀπώλειαν.
2623 1965 2944 2030 Εύπειθείας
2972 1962 3064 2021 οὖν
3087 1967 3195 2039 ἄρα
3221 1965 3430 2036 καρπὸς
3451 1966 3513 2019 τὸ
3553 1967 3755 2034 φαγεῖν

498 2061 749 2118 meminit
773 2058 936 2113 etiam
967 2056 1084 2126 ipse
1106 2055 1369 2109 Dominus
1402 2062 1587 2108 noster
1613 2050 1773 2107 Jesu’s
1798 2051 2068 2115 Christus,

500 2158 554 2209 in
586 2155 727 2209 hanc
756 2151 1078 2206 sententiam
1118 2165 1133 2202 :
1171 2164 1191 2198 ι
1221 2146 1370 2200 Beati
1404 2146 1582 2211 mites,
1606 2145 1729 2213 quia
1761 2144 1863 2214 ipsi
1898 2144 2070 2198 haere-

506 2245 755 2301 ditabunt
780 2253 977 2297 terram
1005 2239 1071 2294 ⁸⁸.
1107 2256 1127 2291 ›
1157 2237 1394 2293 Fructus
1425 2245 1602 2292 autem
1634 2236 1851 2291 malitiae
1878 2246 1932 2291 et
1949 2235 2072 2289 vitae

497 2339 797 2409 ﬂagitiosa),
837 2342 921 2389 est
962 2332 1169 2388 inutilis
1207 2331 1546 2402 paenitentia,
1583 2339 1639 2385 et
1668 2342 1737 2384 ex
1767 2329 1949 2383 divina
1994 2328 2072 2381 ira

499 2430 708 2502 gladius
736 2435 794 2483 et
825 2425 1092 2489 interitus,
1123 2433 1183 2476 ut
1224 2424 1426 2477 dictum
1460 2432 1562 2487 est,
1602 2430 1656 2475 et
1694 2420 1820 2488 quid
1856 2435 1959 2472 non
1992 2420 2070 2472 is-

500 2519 753 2575 tiusmodi
802 2513 1102 2572 malorum?
1130 2511 1442 2567 Orationem
1479 2524 1605 2565 vero
1649 2524 1800 2564 suam
1845 2508 1949 2562 (ide
1979 2508 2067 2561 dt-

497 2626 655 2683 gnam
686 2623 806 2665 esse
833 2608 1169 2663 demonstrat
1218 2603 1503 2671 propheta,
1547 2616 1666 2655 cum
1702 2615 1823 2654 mox
1857 2598 2018 2654 infert
2054 2617 2066 2651 :

504 2722 522 2756 ι
555 2701 629 2758 Os
668 2699 883 2758 Domini
935 2698 1180 2753 locutum
1226 2702 1309 2749 est
1357 2694 1492 2748 haec.
1533 2711 1553 2743 ι
1595 2692 1729 2746 Cum
1784 2691 1925 2747 enim
1956 2690 2070 2745 ﬁeri

499 2812 604 2859 non
632 2792 808 2864 possit
842 2798 904 2845 ut
946 2789 1089 2844 Deus
1116 2786 1431 2851 mentiatur,
1466 2793 1649 2839 manet
1678 2785 1820 2837 enim
1861 2797 2073 2851 semper

500 2888 640 2941 idem
672 2882 818 2954 quod
854 2890 958 2945 est,
1002 2893 1194 2947 nempe
1234 2876 1480 2932 veritas:
1527 2889 1703 2928 annon
1758 2882 1842 2929 est
1885 2889 2073 2928 neces-

498 2978 641 3033 sario
677 2972 1078 3042 intelligendum
1113 2984 1177 3026 ea
1213 2983 1333 3039 quae
1365 2966 1719 3038 praenuntiata
1754 2976 1900 3031 sunt,
1948 2980 2069 3020 cer-

501 3069 706 3124 tissime
737 3067 805 3121 ad
832 3066 992 3119 ﬁnem
1023 3076 1146 3117 esse
1179 3059 1546 3131 perventura?
1575 3058 1785 3113 Etenim
1815 3058 1943 3111 illud
1972 3072 2070 3111 ne-

498 3174 712 3216 cessum
783 3163 867 3212 εει
928 3152 1303 3217 considerare,
1385 3150 1614 3206 miriﬁce
1675 3157 1731 3205 et
1792 3148 2073 3219 insigniter

500 3252 755 3320 prodesse
818 3259 1122 3302 sermonem
1197 3241 1612 3312 propheticum,
1686 3256 1809 3294 cum
1873 3239 2071 3294 animis

501 3340 862 3411 perfectorum
927 3342 982 3390 et
1045 3344 1417 3396 maturorum,
1479 3340 1590 3385 tum
1648 3345 1836 3385 eorum
1903 3329 2069 3384 etiam

498 3432 590 3501 qui
658 3427 891 3499 genuina
958 3437 1321 3497 germanaque
1391 3421 1497 3477 fide
1564 3422 1799 3475 nondum
1873 3421 2071 3477 contir-

500 3532 733 3576 inantur.
795 3519 929 3575 Cum
993 3517 1138 3573 enim
1206 3514 1447 3585 posuerit
1491 3513 1863 3568 universitatis
1923 3513 2067 3569 Deus

500 3616 555 3668 in
617 3611 976 3684 propensione
1024 3623 1232 3674 eorum,
1289 3608 1381 3677 qui
1435 3606 1768 3671 erudiantur,
1809 3621 1932 3661 cum
1973 3607 2069 3661 bo-

496 3709 626 3760 niim
661 3703 879 3774 eligere,
916 3712 1026 3756 tum
1066 3715 1096 3755 a
1133 3700 1288 3754 malis
1322 3700 1596 3765 recedere,
1636 3699 1842 3768 liquido
1876 3700 2070 3768 probat

499 3809 683 3850 rerum
712 3792 1084 3849 faciendarum
1116 3798 1171 3845 et
1200 3788 1571 3861 fugiendarum
1603 3789 1844 3844 habenas
1872 3792 2069 3859 cuique

498 3885 809 3940 mortalium
837 3884 1074 3947 dedisse,
1114 3891 1175 3936 ut
1203 3883 1269 3936 ad
1306 3883 1358 3935 id
1397 3881 1540 3951 quod
1574 3880 1798 3952 elegerit
1832 3883 1975 3951 quis,
2005 3882 2069 3935 li-

496 3978 626 4031 bere
658 3977 737 4030 ire
768 3981 974 4046 posset.
1003 3974 1137 4027 Cum
1172 3972 1275 4027 hoc
1314 3987 1496 4027 verum
1530 3971 1619 4037 sit,
1651 3987 1783 4026 vana
1812 3972 2064 4027 nimirum

496 4076 553 4122 et
581 4066 777 4135 frigida
801 4064 974 4121 sutela
999 4072 1103 4129 est,
1134 4062 1465 4117 contendere
1493 4077 1557 4117 ac
1585 4063 1788 4129 dicere,
1822 4064 2068 4118 naturale

496 4174 615 4214 esse
662 4159 715 4212 in
765 4157 985 4223 homine
1020 4155 1247 4220 malum,
1280 4154 1365 4209 vel
1397 4152 1670 4209 fortunam
1725 4166 1818 4209 aut
1869 4154 2062 4221 fatum,

497 4251 956 4307 autnativitatem
987 4248 1200 4305 clavum
1236 4261 1417 4302 rerum
1464 4246 1826 4301 humanarum
1869 4248 2067 4316 guber-

497 4359 662 4408 nare,
694 4349 750 4396 et
792 4340 861 4395 ad
909 4339 1053 4410 quod
1089 4339 1284 4407 cuique
1318 4352 1505 4392 eorum
1545 4336 1758 4407 placet,
1795 4336 2065 4406 quoslibet

495 4450 594 4504 pro
627 4449 725 4489 suo
761 4432 1025 4487 arbitratu
1052 4430 1293 4499 adigere,
1342 4439 1401 4482 ut
1431 4429 1646 4494 vitium,
1687 4439 1780 4482 aut
1810 4430 2062 4483 virtutem

494 4527 698 4589 colant,
728 4537 836 4578 non
870 4523 937 4576 ad
977 4522 1029 4576 id
1065 4520 1369 4575 voluntario
1396 4521 1653 4590 impulsu,
1684 4522 1779 4576 sed
1809 4530 2062 4592 tanquam

2171 2057 2323 2113 ἔσται
2348 2058 2415 2113 τὰ
2443 2058 2623 2129 ἀγαθά
2664 2060 2764 2131 τῆς
2815 2059 2918 2130 γῆς
2966 2060 3065 2130 τῆς
3107 2063 3219 2123 τοῖς
3264 2059 3439 2128 ἁγίοις
3483 2060 3746 2131 ηὐτρεπι-

2174 2150 2399 2222 σμένης,
2442 2146 2512 2223 ἧς
2553 2152 2650 2206 καὶ
2679 2151 2840 2215 αὐτὸς
2864 2152 3228 2223 διαμέμνηται
3268 2153 3441 2220 λέγων
3487 2154 3515 2205 ὁ
3544 2152 3747 2223 Κύριος

2172 2243 2328 2315 ἡμῶν
2356 2243 2563 2312 Ἰησοῦς
2584 2243 2847 2314 Χριστός·
2880 2261 2898 2293 ι
2920 2243 3192 2313 Μακάριοι
3222 2244 3270 2296 οἱ
3300 2244 3514 2313 πραεῖς,
3540 2243 3621 2295 ὅτι
3650 2243 3749 2297 αὐ-

2170 2336 2254 2387 τοὶ
2300 2334 2765 2406 κληρονομήσουσι
2810 2335 2909 2405 τὴν
2956 2336 3081 2405 γῆν.
3107 2352 3126 2387 ι
3176 2335 3500 2403 Σκαιότητος
3547 2335 3603 2387 δὲ
3652 2336 3746 2389 καὶ

2175 2425 2291 2495 βίου
2327 2427 2806 2497 φιλαμαρτήμονος
2849 2428 2882 2498 ἡ
2919 2427 3174 2497 ἀνόνητος
3217 2428 3621 2498 ὑπεροὸουλία,
3651 2429 3748 2483 καὶ

2171 2513 2239 2567 τὰ
2269 2515 2333 2568 ἑκ
2364 2514 2513 2579 θείας
2534 2516 2722 2586 ὀργῆς.
2753 2515 2997 2588 μάχαιρά
3022 2533 3080 2569 τε
3103 2517 3197 2570 καὶ
3223 2516 3463 2590 ὄλεθρος,
3487 2519 3563 2582 ώς
3589 2519 3747 2590 ἔφην,

2174 2607 2269 2661 καὶ
2298 2606 2351 2659 τί
2380 2608 2489 2678 γὰρ
2512 2608 2633 2677 οὐχὶ
2656 2608 2911 2662 τοιούτων
2952 2608 3170 2675 κακῶν;
3210 2608 3541 2676 Ἀξιόπιστον
3574 2611 3630 2664 δὲ
3656 2612 3750 2665 τὸν

2173 2696 2367 2749 ἑαυτοῦ
2416 2697 2574 2766 λόγον
2620 2699 2649 2751 ὁ
2701 2698 2984 2768 προφήτης
3025 2698 3337 2766 ἀποφαίνει,
3386 2699 3747 2768 προσεπάγων

2174 2788 2354 2851 εὐθὺς,
2421 2789 2501 2842 ὃτι
2559 2806 2578 2839 ι
2623 2789 2695 2841 Τὸ
2753 2788 2926 2859 στόμα
2978 2789 3181 2860 Κυρίου
3225 2789 3451 2860 ἑλάλησε
3505 2788 3747 2843 ταῦτα.ι

2186 2878 2402 2950 Ἐπειδὴ
2447 2878 2504 2932 δὲ
2539 2881 2822 2949 ἀμήχανον
2863 2878 2924 2932 τὸ
2945 2878 3247 2948 ψεύσασθαι
3273 2880 3364 2933 τὸν
3399 2879 3532 2933 Θεὸν
3572 2881 3748 2951 (μένει

2172 2971 2282 3041 γὰρ
2311 2971 2399 3024 ἀεὶ
2435 2970 2584 3025 τοῦθ’
2606 2971 2741 3042 ὅπερ
2771 2970 2935 3035 ἐστὶν,
2964 2969 3191 3040 ἀλήθεια
3227 2970 3285 3023 δὲ
3314 2970 3598 3042 δηλονότι),
3630 2971 3748 3035 πῶς

2172 3063 2272 3115 οὐκ
2303 3062 2513 3133 ἀνάγκη
2542 3064 2681 3116 νοεῖν
2706 3063 2788 3115 ὅτι
2816 3061 2990 3132 πάντη
3015 3078 3076 3115 τε
3107 3061 3202 3115 καὶ
3229 3061 3444 3125 πάντως
3471 3064 3550 3126 είς
3573 3061 3747 3133 πέρας

2173 3153 2546 3225 ἐκϐήσεταιτά
2566 3154 2983 3227 προηγγελμένα
3007 3173 3022 3223 ;
3044 3156 3190 3228 Πλὴν
3224 3159 3400 3210 ἐκεῖνο
3432 3156 3749 3228 περιαθρεῖν

2173 3248 2491 3317 ἀναγκαῖον,
2520 3248 2595 3311 ὡς
2622 3248 2830 3319 ὀνίνησι
2851 3249 3119 3312 πλουσίως
3151 3251 3180 3304 ὁ
3206 3249 3540 3321 προφητικὸς
3567 3250 3750 3318 λόγος,

2171 3341 2268 3404 τάς
2289 3357 2348 3393 τε
2378 3340 2487 3394 τῶν
2515 3342 2919 3412 ἀκεραιοτέρων
2948 3340 3027 3394 ἔτι
3047 3340 3246 3411 ψυχὰς,
3275 3341 3369 3394 καὶ
3393 3340 3499 3413 μὴν
3528 3341 3624 3394 καὶ
3647 3341 3746 3403 τὰς

2169 3431 2276 3484 τῶν
2307 3432 2410 3503 ἤδη
2438 3433 2675 3503 γνησίων
2704 3432 2799 3486 καὶ
2839 3432 3138 3504 ἱδρυμένων
3188 3433 3247 3483 ἑν
3276 3432 3478 3487 πίστει.
3522 3431 3743 3503 Ἐπειδὴ

2168 3521 2276 3592 γὰρ
2302 3522 2543 3575 τέθεικεν
2573 3525 2601 3575 ὁ
2630 3522 2738 3574 τῶν
2766 3522 2903 3575 ὅλων
2937 3522 3067 3584 Θεὸς
3097 3522 3155 3574 ἑν
3186 3523 3305 3585 ταῖς
3335 3520 3442 3575 τῶν
3471 3521 3746 3589 παιδαγω-

2168 3608 2447 3679 γουμένων
2482 3612 2677 3681 ῥοπαῖς
2696 3610 2756 3664 τὸ
2784 3609 3001 3663 ἑλέσθαι
3037 3610 3137 3681 μὲν
3160 3611 3221 3663 τὸ
3251 3610 3476 3679 ἀγαθὸν,
3517 3612 3741 3680 ἀποφοι-

2167 3702 2266 3772 τᾷν
2311 3700 2368 3753 δὲ
2418 3700 2527 3754 τῶν
2562 3701 2800 3771 φαύλων,
2858 3702 3345 3773 πεπληροφόρηκεν
3389 3704 3471 3756 ὃτι
3503 3702 3601 3766 τὰς
3632 3702 3742 3757 τῶν

2169 3794 2457 3863 πρακτέων
2485 3794 2519 3863 ἢ
2555 3793 2630 3865 μὴ
2653 3794 2883 3848 δέδωκεν
2914 3794 3129 3865 ἑκάστῳ
3160 3794 3267 3848 τῶν
3313 3795 3405 3847 ἐπὶ
3428 3795 3533 3865 γῆς
3564 3797 3738 3867 ἡνίας,

2168 3887 2262 3939 καὶ
2303 3888 2388 3955 ἐφ’
2419 3889 2557 3957 ὅπερ
2607 3888 2673 3941 ἂν
2728 3887 2899 3941 ἕλοιτό
2939 3904 3045 3954 τις,
3095 3887 3277 3941 ἐλάσει
3326 3889 3444 3959 μετ’
3473 3889 3738 3953 ἐξουσίας.

2180 3977 2397 4049 Ἐπειδὴ
2424 3978 2482 4032 δὲ
2502 3978 2661 4032 τοῦτό
2702 3982 2850 4033 ἑστιν
2892 3979 3109 4051 ἀληθὲς,
3151 3981 3355 4033 εἰκαῖον
3384 3979 3486 4051 ἤδη
3513 3980 3603 4033 καὶ
3635 3980 3742 4050 ψυ-

2167 4070 2319 4140 χρὸν,
2349 4070 2443 4123 καὶ
2483 4071 2789 4142 ῥαψῲδημα
2818 4072 2878 4125 τὸ
2923 4071 3286 4130 διατείνεσθαί
3330 4089 3391 4124 τε
3417 4074 3511 4125 καὶ
3537 4072 3740 4141 λέγειν,

2173 4161 2255 4213 ὅτι
2296 4163 2523 4230 φυσικὸν
2547 4164 2604 4215 ἑν
2631 4161 2901 4233 ἀνθρώπῳ
2928 4163 2990 4217 τὸ
3022 4163 3191 4218 κακόν
3211 4181 3223 4193 ·
3273 4164 3439 4235 ἤγουν
3481 4165 3562 4217 ὅτι
3602 4166 3739 4233 τύχη

2165 4269 2227 4305 τε
2255 4254 2347 4305 καὶ
2366 4253 2695 4325 εἱμαρμένη,
2730 4255 2825 4307 καὶ
2855 4256 3069 4322 γένεσις
3102 4254 3521 4326 πηδαλιουχοῦσι
3550 4255 3618 4307 τά
3648 4257 3744 4308 άν-

2175 4345 2458 4416 θρώπινα,
2511 4347 2603 4400 καὶ
2647 4348 2783 4419 πρός
2812 4364 2874 4416 γε
2925 4349 2986 4400 τὸ
3042 4350 3244 4418 ἑκάστῃ
3277 4348 3485 4415 δοκοῦν,
3539 4347 3631 4410 οὓς
3675 4346 3740 4399 ἂν

2165 4438 2370 4492 ’ἐλοιντο
2422 4440 2893 4509 κατασφίγγουσαι
2939 4440 3269 4512 φαυλότητός
3308 4457 3366 4493 τε
3412 4440 3504 4492 καὶ
3537 4439 3741 4510 ἀρετῆς

2165 4528 2515 4586 ἀποτελοῦσιν
2548 4532 2802 4601 ἐργάτας,
2843 4533 2945 4587 οὐκ
2981 4533 3302 4596 ἑθελουσίοις
3343 4535 3534 4602 ῥοπαῖς
3562 4535 3739 4595 ἰόντας

496 4618 794 4674 inevitabili
836 4616 989 4670 nutui
1045 4614 1311 4684 subjugati
1360 4624 1416 4669 et
1462 4613 1686 4678 subditi,
1736 4616 2061 4670 necessitate

2169 4624 2246 4684 εἰς
2266 4621 2442 4689 τοῦτο,
2471 4623 2939 4693 κατεζευγμένους
2983 4624 3040 4677 δὲ
3088 4624 3276 4695 ὥσπερ
3311 4623 3575 4693 ἀφύκτοις
3614 4624 3738 4676 νεύ-

495 4708 887 4763 dntninantium
921 4720 1064 4775 aegre
1093 4721 1157 4759 ac
1193 4703 1477 4759 dilIiculter
1502 4705 1739 4773 impulsi.
1774 4706 1985 4760 Etenim
2016 4706 2059 4760 si

496 4801 692 4855 malum
732 4811 925 4854 natura
960 4809 1064 4863 est,
1111 4796 1218 4867 23
1262 4812 1327 4853 ac
1372 4798 1425 4851 in
1468 4798 1768 4853 substantia
1814 4799 2062 4863 inhaeret,

494 4903 551 4946 ut
584 4893 674 4946 isti
725 4902 1018 4963 nugantur,
1053 4891 1320 4960 quomodo
1358 4905 1456 4958 pro
1497 4890 1912 4959 uniuscujusque
1969 4906 2065 4945 vo-

496 4987 716 5046 luntate,
763 4985 847 5039 vel
872 4982 1175 5047 invalescit,
1208 4980 1292 5036 vel
1327 4980 1677 5035 debilitatur?
1704 4981 1759 5035 Si
1784 4983 1928 5035 enim
1956 4983 2067 5035 vel-

495 5074 595 5127 lem
630 5074 803 5128 bonus
837 5088 977 5139 esse,
1013 5072 1143 5127 nihil
1196 5069 1379 5126 obstat
1429 5072 1717 5139 quominus
1761 5072 1882 5127 talis
1926 5088 2061 5142 quo-

492 5179 597 5234 que
622 5164 824 5219 videar.
876 5164 931 5217 Si
996 5163 1121 5217 item
1180 5161 1382 5227 malus,
1430 5161 1563 5214 nihil
1611 5163 1772 5215 etiam
1812 5165 2065 5232 impediet

491 5254 780 5324 quominus
836 5254 902 5306 ad
943 5253 995 5306 id
1038 5254 1201 5308 etiam
1243 5250 1483 5307 delabar.
1523 5250 1619 5306 Ubi
1676 5253 1899 5323 tandem
1952 5256 2063 5309 for-

495 5352 635 5398 lunai
697 5351 752 5397 et
814 5341 911 5395 fati
970 5341 1277 5396 v'irtus?Et
1330 5356 1449 5410 quae
1505 5351 1589 5395 est
1639 5340 1725 5395 illa
1784 5344 2059 5409 nativitas,

492 5449 611 5504 qua:
667 5433 760 5488 ulli
818 5432 1095 5489 hominum
1152 5433 1493 5487 necessitatis
1543 5433 1731 5505 jugum
1786 5434 2055 5504 imponit,

2165 4725 2319 4779 μασι,
2355 4712 2449 4763 καὶ
2488 4712 2841 4783 δυσφορήτως
2869 4712 3093 4783 ἔχοντας
3131 4717 3201 4785 τῇ
3241 4712 3349 4767 τῶν
3392 4713 3740 4785 κρατούντων

2161 4802 2394 4873 ἀνάγκῃ.
2447 4803 2509 4855 Ei
2538 4803 2648 4875 γὰρ
2696 4804 2855 4874 φύσει
2888 4806 2949 4859 τὸ
2997 4806 3184 4871 κακὸν,
3237 4806 3331 4859 καὶ
3374 4806 3739 4858 ἑνυπόστατόν

2161 4890 2330 4955 ἑστιν,
2382 4891 2457 4956 ώς
2495 4892 2625 4961 γοῦν
2672 4895 2867 4947 ὲκεῖνοι
2913 4894 3201 4965 ληροῦντές
3249 4910 3413 4962 φασι·
3463 4893 3580 4957 πῶς
3626 4898 3739 4957 τοῖς

2163 4984 2394 5036 ἑκάστου
2425 4984 2692 5057 θελήμασι
2722 4987 3045 5058 κρατύνεταί
3072 5004 3132 5040 τε
3154 4988 3247 5039 xa‘t
3277 4987 3523 5052 ἀσθενεῖ;
3557 4988 3604 5039 εί
3628 4990 3739 5056 γάρ

2163 5075 2385 5146 ἑλοίμην
2438 5074 2578 5130 εἶναι
2623 5079 2875 5149 χρηστὸς,
2945 5079 3005 5133 τὸ
3052 5078 3260 5133 κωλύον
3309 5080 3460 5133 οὐδὲν
3509 5079 3737 5150 ὁρᾶσθαι

2161 5165 2421 5220 τοιοῦτον.
2455 5168 2517 5221 Et
2558 5168 2615 5222 δὲ
2647 5169 2710 5240 δὴ
2740 5171 2835 5222 καὶ
2863 5171 3114 5241 πονηρὸς,
3149 5170 3459 5240 ἀπείρξειεν
3496 5171 3562 5224 ἂν
3585 5171 3737 5225 οὐδὲν

2162 5259 2257 5311 καὶ
2282 5259 2418 5329 πρός
2454 5276 2516 5327 γε
2557 5260 2713 5314 τοῦτο
2737 5261 3093 5316 κατολισθεῖν.
3122 5261 3234 5315 Ποῦ
3276 5263 3334 5316 δὲ
3358 5262 3422 5334 δὴ
3448 5261 3615 5333 τύχης
3644 5262 3740 5314 καὶ

2161 5350 2501 5419 εἱμαρμένης
2528 5351 2560 5421 ή
2603 5349 2863 5421 δύναμις;
2901 5351 2941 5421 ἢ,
2963 5350 3089 5404 ποία
3116 5368 3200 5414 τις
3228 5350 3439 5419 γένεσις
3484 5348 3739 5418 ἐπιφέρει

2159 5439 2268 5491 τισὶ
2295 5440 2385 5492 τὸν
2417 5439 2476 5504 ἑξ
2499 5441 2743 5511 ἀνάγκης
2764 5443 2947 5510 ζυγὸν,
2976 5444 3025 5495 εἰ
3048 5445 3159 5505 τοῖς
3182 5443 3411 5496 ἑκάστου
3438 5438 3738 5509 θελήμασιν

492 5526 540 5579 si
590 5525 748 5581 modo
793 5525 892 5580 hoc
948 5523 1213 5592 cujusque
1279 5522 1605 5578 voluntatem
1661 5535 1941 5594 sequatur,
2002 5534 2059 5579 ut

2169 5531 2463 5597 ἀκολουθεῖ,
2493 5534 2587 5587 καὶ
2611 5536 2671 5587 τὸ
2698 5537 2892 5604 φαγεῖν
2923 5534 2992 5588 τὰ
3022 5536 3201 5604 ἀγαθά
3234 5535 3331 5606 τῆς
3359 5536 3461 5605 γῆς
3494 5529 3737 5602 πληροῦν

491 5625 806 5690 praestantes
855 5614 1251 5681 obedientiam,
1321 5614 1458 5670 bona
1501 5626 1659 5672 terra:
1718 5618 2061 5675 comedam?

2169 5620 2452 5694 ἑλομένους
2478 5622 2577 5695 τὴν
2607 5626 2872 5695 ὑπακοὴν,
2908 5626 3002 5680 καὶ
3028 5624 3135 5697 μὴν
3179 5625 3272 5681 καὶ
3304 5624 3362 5677 τὸ
3393 5623 3553 5695 ἔργον
3581 5620 3735 5690 γενέ-

562 5836 610 5870 ⁸⁷
641 5835 794 5892 Deut.
819 5850 952 5901 xxx,
978 5835 1065 5890 i5.
1141 5835 1189 5866 ⁸⁸
1242 5831 1429 5889 Matth.
1464 5849 1515 5899 ν,
1542 5832 1598 5889 Δ.
