4094 6366
338 446 410 500 ιθ
1506 444 1574 502 ΙΝ
1614 442 1848 502 ISAIAM
1888 440 2016 497 LIB.
2058 440 2101 501 1.
2142 442 2353 499 ORAT.
2393 441 2433 497 Ι.
3523 441 3590 495 50

344 560 467 614 σθαι
506 562 608 631 τῆς
658 562 931 634 μαχαίρας
974 561 1083 632 (i),
1131 565 1180 617 εἰ
1217 566 1329 628 τοῖς
1368 563 1531 627 θείοις
1572 561 1916 633 ἀντεξάγοιεν

2028 558 2259 629 adeoque
2286 556 2464 627 gladio
2494 562 2739 625 pereant,
2783 554 2828 608 si
2869 566 2966 624 per
3013 550 3431 606 inobedientiam
3463 565 3586 621 per-

345 652 526 721 θόμοις
556 653 617 706 τὺ
646 653 871 717 ἀπειθὲς
898 654 993 708 καὶ
1018 655 1318 726 δ’)σήκοονς

414 742 546 808 Πῶς
577 743 819 813 ἐγένετο
843 748 1033 814 πόρνη
1063 749 1243 812 πόλις
1271 747 1458 816 πιστὴ
1490 746 1661 813 Σιὼν,
1681 746 1919 816 πλήρης

344 835 639 902 κρίσεως;
668 838 815 905 πρὶν
846 840 885 906 ἠ
914 838 1266 907 δικαιοσύνη
1312 838 1596 909 ἐκοιμήθη
1626 839 1697 893 ἐν
1719 838 1875 908 αὐτῇ
1899 879 1916 906 ,

343 926 459 979 νῦν
490 925 560 979 δὲ
586 930 896 995 φονευταί.

414 1016 845 1087 Καταθαυμάζει
895 1018 1095 1091 τρόπον
1143 1019 1267 1073 τινὰ
1318 1020 1420 1089 τῆς
1474 1020 1745 1074 Ἰουδαίων
1794 1036 1919 1074 συν·-

343 1106 567 1176 αγωγῆς
596 1107 695 1177 τὴν
713 1107 857 1162 οὕτω
890 1109 1115 1181 σαθρὰν,
1141 1111 1233 1164 καὶ
1260 1110 1362 1164 οὐκ
1396 1113 1713 1182 εὐάφορμον
1749 1129 1918 1182 μετα-

343 1197 528 1267 δολὴν,
557 1198 658 1267 τῆς
692 1199 776 1263 εἷς
811 1218 875 1269 γε
906 1201 975 1254 τὰ
1008 1203 1194 1275 χείρω,
1228 1205 1402 1275 φημὶ,
1442 1206 1539 1258 καὶ
1567 1205 1667 1275 τὴν
1714 1206 1780 1257 ὲκ
1810 1203 1919 1258 τῶν

342 1288 649 1357 ἀμεινόνων
677 1292 756 1353 εἰς
777 1293 845 1346 τὰ
877 1295 1073 1363 αἰσχίω
1110 1295 1464 1365 μετάστασιν.
1493 1297 1664 1368 Νόμῳ
1689 1298 1788 1368 μὲν
1809 1300 1917 1371 γὰρ

342 1380 424 1450 τῷ
454 1380 543 1434 διὰ
577 1383 826 1446 Μωσέως
866 1386 967 1455 τὴν
999 1386 1093 1440 τοῦ
1130 1390 1498 1460 συμφέροντος
1528 1390 1731 1457 γνῶσιν
1772 1394 1922 1444 ἐπαι-

341 1472 531 1525 δεύετο
553 1515 567 1537 ,
612 1476 705 1528 καὶ
734 1477 812 1539 είς
845 1477 1051 1532 ἕκαστα
1090 1480 1198 1533 τῶν
1245 1482 1535 1552 πρακτέων
1563 1481 1921 1554 διακομιστὴν

342 1563 577 1632 ἔχουσαν
609 1565 700 1618 τὸν
727 1566 822 1619 τοῦ
849 1567 985 1621 Θεοῦ
1016 1568 1194 1637 λόγον,
1236 1570 1466 1642 λαμπρὰ
1496 1574 1588 1625 καὶ
1618 1573 1919 1643 εὐδοκιμω-

344 1654 481 1724 τάτη
508 1694 523 1717 ,
554 1657 652 1709 καὶ
691 1657 1019 1727 ἁξιάγαστος
1046 1656 1114 1732 ἦν
1135 1704 1150 1727 ,
1186 1662 1460 1726 πλείστοις
1504 1664 1650 1729 ὅσοις
1695 1664 1921 1736 ἀνδράσι

342 1744 686 1817 διαπρεπὴς,
718 1747 799 1812 οἷς
828 1753 855 1803 ὁ
885 1752 982 1820 τῆς
1013 1752 1362 1823 δικαιοσύνης
1389 1756 1603 1826 καρπὸς
1646 1757 1920 1827 έπήνθησε

344 1836 650 1901 πλουσίως,
687 1840 781 1893 καὶ
816 1840 1144 1913 ἀξιόληπτος
1188 1838 1257 1914 ἦν
1290 1843 1368 1914 τῷ
1412 1845 1550 1916 Θεῷ.
1583 1840 1765 1899 Ἦσαν
1811 1847 1910 1917 μὲν

342 1928 455 1998 γὰρ
500 1928 561 1980 ὲν
596 1929 733 2000 αὐτῇ
766 1910 1044 2002 προφῆταί
1093 1950 1154 1985 τε
1204 1910 1298 1987 καὶ
1330 1910 1515 2006 ίερεῖς,
1558 1937 1654 1990 καὶ
1680 1936 1790 1988 τῶν
1811 1910 1921 2007 -τῆς
1953 1910 1993 1964 Β

339 2016 697 2089 δικαιοσύνης
736 2019 913 2090 ἔργων
945 2023 1271 2093 μελεδωνοὶ,
1314 2027 1407 2081 καὶ
1453 2026 1598 2081 λαῶν
1628 2028 1920 2099 ἡγούμενοι

340 2108 710 2176 φυλάττοντες
736 2112 935 2179 κρίσιν,
962 2116 1055 2167 καὶ
1084 2116 1246 2186 νόμον
1278 2116 1494 2188 ἔχοντες
1522 2118 1616 2171 ἐπὶ
1648 2117 1919 2188 γλώττης,

340 2199 440 2251 καὶ
483 2200 673 2270 τρόπῳ
716 2202 883 2255 παντὶ
918 2204 1135 2275 χρηστῷ
1167 2222 1225 2258 τε
1274 2208 1368 2260 καὶ
1399 2206 1590 2277 ἀγαθῷ
1624 2208 1920 2278 κατηγλαῖ-

342 2288 562 2357 σμένοι.
613 2286 747 2344 Εἶτα
797 2294 908 2345 τῶν
954 2295 1210 2349 τοιούτων
1251 2297 1510 2351 ἁπάντων
1557 2300 1921 2371 ἑστερημένη,

346 2381 553 2449 μᾶλλον
589 2383 690 2453 τῆς
720 2385 953 2454 ἀρχαίας
986 2387 1200 2457 ἐκείνης
1232 2390 1535 2453 ἐπιεικείας
1565 2390 1779 2459 ἀλογεῖν
1804 2392 1923 2446 ἑλο-

344 2472 510 2544 μένη.
543 2475 639 2527 καὶ
677 2476 877 2547 θεμένη
917 2480 1046 2549 παρ’
1080 2480 1233 2532 οὐδὲν
1254 2480 1354 2550 τὴν
1387 2482 1467 2543 είς
1491 2481 1623 2535 Θεὸν
1652 2482 1806 2546 αίδῶ,
1827 2485 1923 2536 καὶ

339 2566 628 2635 ἀγάπησιν
656 2569 761 2638 πρὸ
789 2569 889 2640 μὲν
908 2570 1003 2641 τῆς
1027 2571 1119 2623 τοῦ
1149 2572 1409 2643 Σωτῆρος
1435 2572 1593 2643 ἡμῶν
1623 2574 1922 2644 ἐπιδημίας

343 2659 762 2731 προσκεκύνηκε
802 2665 914 2725 τοῖς
956 2663 1029 2733 μὴ
1069 2663 1228 2732 φύσει
1265 2665 1425 2728 θεοῖς,
1462 2666 1554 2717 τὸν
1595 2665 1692 2718 ἕνα
1738 2683 1798 2719 τε
1829 2668 1926 2720 καὶ

342 2749 569 2821 ἀληθῶς
606 2753 881 2822 Δεσπότην
907 2756 1023 2816 ταῖς
1071 2755 1151 2817 είς
1175 2754 1334 2807 τοῦτο
1370 2755 1650 2825 πορνείαις
1672 2756 1925 2820 ἐκτόπως

341 2842 797 2912 περιυϐρίζουσα.
830 2846 940 2897 Ka‘t
967 2841 1055 2898 οἷά
1092 2862 1177 2910 τις
1204 2846 1522 2911 πολύκοινος
1565 2848 1659 2900 καὶ
1695 2846 1923 2917 σεσοϐη-

345 2933 489 3003 μένη
525 2934 660 3003 γυνὴ
693 2935 832 2988 κατὰ
880 2935 1107 2999 πολλοὺς
1134 2936 1370 3008 ἠσέϐησε
1406 2939 1662 3009 τρόπους.
1703 2938 1926 2991 Ἀλλοτε

342 3021 536 3085 ἀλλοις
575 3025 944 3095 προσκειμένῃ
985 3028 1356 3097 καθηγηταῖς,
1410 3029 1547 3099 πρὸς
1595 3030 1705 3082 πᾶν
1746 3028 1927 3081 ὁτιοῦν

342 3114 461 3166 τῶν
511 3115 912 3187 ἀπηχθημένων
959 3120 1110 3190 παρὰ
1152 3118 1285 3172 Θεοῦ
1330 3120 1668 3192 διακομίζειν
1706 3120 1923 3176 εἰδόσιν.

2022 651 2395 719 vicaciamque
2426 647 2624 703 divinis
2656 648 2866 717 legibus
2890 644 3280 700 adversentur?

2091 738 2256 796 Vens.
2297 740 2388 797 2i.
2427 738 2699 805 Quomodo
2740 738 2884 807 facta
2916 746 2995 793 est
3038 737 3287 791 meretrix
3329 733 3478 802 Sion,
3518 740 3591 789 ci-

2019 832 2150 884 vitas
2177 830 2370 899 ﬁdelis,
2406 830 2558 898 plena
2577 830 2810 895 judicii?
2839 828 2907 883 In
2941 845 3043 896 qua
3082 829 3295 899 justitia
3327 826 3589 887 dormivit,

2018 923 2076 976 in
2099 939 2159 975 ea
2190 938 2326 975 nunc
2361 921 2657 976 homicida.

2088 1012 2402 1067 Admiratur
2424 1011 2820 1081 quodammodo
2854 1009 3091 1065 Iudaica:
3119 1008 3417 1081 Synagogm
3460 1008 3595 1063 adeo

2018 1103 2297 1158 ﬂaccidam
2363 1113 2418 1157 et
2476 1103 2737 1158 lubricam
2792 1103 3168 1168 mutationem,
3229 1103 3591 1155 mutationem

2021 1197 2143 1250 dico
2169 1205 2226 1250 et
2260 1196 2542 1250 transitum
2577 1196 2631 1249 in
2670 1195 2959 1262 deteriora,
2994 1205 3045 1250 et
3093 1210 3158 1249 ex
3196 1193 3509 1247 melioribus
3540 1192 3591 1245 in

2022 1292 2291 1361 turpiora.
2333 1290 2409 1344 Ex
2484 1288 2646 1344 Mosis
2691 1288 2953 1357 siquidem
3006 1287 3139 1359 lege,
3181 1286 3424 1339 notitiam
3475 1281 3590 1350 ejus

2019 1388 2160 1453 quod
2194 1383 2322 1438 utile
2359 1392 2462 1448 est,
2504 1382 2797 1436 docebatur
2837 1396 2851 1434 ι
2899 1389 2951 1433 et
2983 1394 3104 1434 cum
3148 1379 3239 1432 Dei
3286 1391 3591 1432 sermonem

2022 1475 2177 1545 quasi
2210 1473 2602 1528 internuntium
2636 1484 2691 1527 et
2720 1470 3059 1525 tabellarium
3091 1470 3336 1531 haberet,
3370 1468 3460 1537 qui
3485 1467 3598 1521 siu—

2022 1572 2143 1641 gula
2182 1586 2301 1638 qua:
2331 1568 2538 1639 agenda
2570 1575 2696 1623 sunt
2742 1564 2971 1621 referret
3015 1578 3070 1619 et
3114 1565 3443 1634 deportaret,
3486 1561 3600 1613 illu-

2021 1662 2149 1717 stris
2180 1676 2243 1715 ac
2294 1659 2709 1730 spectatissima,
2763 1667 2819 1713 et
2865 1657 3223 1711 admiratione
3263 1654 3425 1721 digna
3478 1652 3596 1713 fuit,

2021 1769 2085 1807 ac
2137 1753 2467 1825 percelebris
2532 1752 2669 1821 apud
2719 1749 3144 1819 quamplurimos
3204 1747 3487 1810 homines,
3545 1744 3597 1796 in

2021 1846 2216 1915 quibus
2259 1844 2480 1912 iustitiae
2536 1843 2742 1897 fructus
2786 1841 3065 1910 cpulenter
3114 1848 3167 1892 et
3216 1837 3418 1891 ali'atim
3454 1835 3600 1889 efﬂo-

2024 1939 2153 2003 ruit,
2184 1948 2406 2006 eratque
2442 1936 2551 1989 Deo
2585 1942 2824 2000 accepta.
2863 1931 3201 1986 Exstitcrunt
3256 1930 3399 1983 enim
3437 1928 3488 1982 in
3536 1943 3598 1978 ea

2028 2030 2304 2098 prophettc
2331 2042 2394 2082 ac
2418 2028 2747 2093 sacerdotes,
2780 2035 2833 2079 et
2870 2024 2959 2093 qui
3004 2022 3229 2093 jllSlilitP.
3285 2020 3599 2073 muneribus

2024 2121 2419 2188 fungebantur:
2450 2118 2810 2171 multitudinis
2856 2129 3069 2185 quoque
3111 2112 3366 2182 prtel‘ecti,
3414 2111 3598 2179 judit-ii

2026 2222 2241 2267 tenaces
2292 2221 2347 2266 et
2408 2213 2658 2266 custodes
2720 2209 2956 2275 fuerunt,
3009 2209 3288 2275 legemque
3322 2207 3375 2259 in
3419 2205 3596 2273 lingua

2024 2304 2346 2363 habuerunt,
2393 2303 2547 2357 bonis
2599 2302 3007 2370 commodisque
3068 2298 3307 2353 moribus
3347 2296 3599 2351 omnibus

2025 2395 2296 2449 honestati
2324 2405 2378 2449 et
2424 2394 2687 2447 exornati.
2731 2394 2812 2446 Ad
2853 2403 3156 2446 extremum
3211 2403 3340 2442 vero
3382 2387 3471 2440 his
3518 2395 3597 2440 tot

2026 2502 2090 2541 ac
2122 2487 2285 2540 tantis
2345 2485 2533 2549 bouis,
2589 2496 2644 2540 et
2699 2486 2917 2553 antiqua
2979 2484 3112 2537 adeo
3166 2482 3249 2534 illa
3306 2480 3596 2551 probitate,

2025 2579 2176 2647 quasi
2213 2578 2428 2636 orbata.
2464 2577 2863 2632 inconsiderate
2904 2576 3094 2629 maluit
3142 2586 3320 2644 agere,
3372 2581 3428 2625 et
3475 2571 3601 2626 reli-

2025 2673 2236 2739 gionem
2268 2685 2329 2725 ac
2358 2670 2711 2725 reverentiam
2741 2684 2867 2737 erga
2898 2669 3063 2723 Deum
3108 2681 3455 2735 amoremque
3501 2681 3599 2733 pro

2027 2763 2196 2817 nihilo
2218 2764 2364 2816 duxit
2395 2773 2560 2833 atque
2601 2761 2945 2831 contempsit.
2994 2759 3268 2828 Siquidem
3308 2769 3431 2812 ante
3477 2756 3601 2811 Ser-

2026 2853 2231 2907 vatoris
2294 2852 2463 2906 nostri
2523 2852 2835 2911 adventum,
2887 2852 3131 2905 adoravit
3196 2849 3333 2904 haud
3409 2860 3598 2902 natura

2027 2945 2199 2999 deos:
2234 2960 2397 2997 unum
2435 2954 2614 2998 autem
2650 2954 2705 2999 et
2736 2958 2864 2998 vere
2908 2943 3189 2997 Dominum
3223 2940 3601 2996 fornicationi-

2029 3037 2127 3092 bus
2161 3038 2214 3090 in
2246 3037 2347 3091 hoc
2377 3036 2608 3107 repertis
2642 3036 2803 3105 impie
2838 3035 3059 3099 laedens,
3097 3045 3148 3088 et
3178 3044 3433 3103 tanquam
3479 3048 3603 3103 pro-

2027 3128 2213 3182 stituta
2259 3131 2524 3197 quaepiam
2589 3143 2652 3182 ac
2703 3128 2900 3182 lasciva
2947 3127 3140 3180 mulier
3194 3127 3375 3180 multis
3410 3126 3603 3178 variis-

342 3207 603 3259 Αίτιᾶται
635 3206 764 3275 γοῦν
817 3207 986 3279 αὐτὴν
1022 3209 1108 3263 διὰ
1152 3210 1335 3281 φωνῆς
1375 3212 1638 3283 Ἰερεμίου
1687 3214 1860 3281 λέγων
1898 3215 1925 3265 ὁ

2029 3234 2135 3288 que
2177 3221 2346 3274 modis
2381 3221 2543 3290 impia
2581 3219 2700 3283 fuit,
2742 3220 2877 3275 alias
2915 3220 3036 3273 aliis
3082 3219 3455 3274 adhaerescens
3507 3219 3605 3272 do—

342 3293 462 3346 τῶν
485 3293 623 3347 ὅλων
645 3295 809 3359 Θεός’
840 3315 862 3351 ι
902 3298 1006 3350 Ἴδε
1041 3298 1077 3351 ἃ
1105 3300 1327 3371 ἐποίησέ
1359 3318 1449 3371 μοι
1480 3304 1513 3372 ἡ
1554 3304 1804 3356 κατοικία
1829 3301 1924 3355 τοῦ

2029 3309 2411 3379 ctoribus,qui
2437 3311 2503 3365 ad
2542 3311 2757 3380 quidvis
2816 3311 2923 3365 [leo
2969 3312 3198 3365 invisum
3247 3310 3607 3378 infestumque

356 3389 606 3459 Ἰσραὴλ,
658 3391 998 3463 ἐπεπορεύθη
1050 3395 1143 3446 ἐπὶ
1208 3398 1316 3449 πᾶν
1368 3396 1492 3469 ὅρος
1547 3399 1771 3469 ὑψηλὸν,
1831 3401 1927 3454 καὶ

346 3482 615 3534 ὑποκάτω
663 3484 859 3547 παντὸς
902 3485 1058 3551 ξύλου
1108 3488 1403 3553 ἁλσώδους,
1452 3491 1545 3543 καὶ
1600 3492 1927 3564 ἐπόρνευσεν

347 3576 491 3627 ἐκεῖ.
530 3594 548 3624 ι
584 3576 692 3628 Kal
730 3577 891 3630 πάλιν
934 3577 1012 3641 ὡς
1057 3580 1194 3651 πρὸς
1236 3583 1406 3652 αὑτήν
1432 3600 1445 3612 ·
1488 3601 1511 3634 ‹
1559 3584 1683 3637 Ἐὰν
1731 3584 1928 3649 ἐξαπο-

349 3665 555 3737 στέλλῃ
586 3666 722 3737 ἀνὴρ
750 3668 846 3740 τὴν
874 3673 1106 3737 γυναῖκα
1134 3673 1322 3736 αὐτοῦ,
1354 3675 1447 3727 καὶ
1488 3675 1797 3729 ἀπελθοῦσα
1826 3677 1923 3730 ἀπ’

346 3757 523 3810 αὑτοῦ
553 3759 774 3829 γένηται
801 3762 955 3831 ἀνδρὶ
985 3764 1176 3835 ἑτέρῳ,
1203 3765 1275 3836 μὴ
1309 3766 1766 3822 ἀνακαλύπτουσα
1793 3771 1926 3823 ἀνα-

347 3846 590 3915 καλύψει
618 3849 751 3919 πρὸς
790 3851 953 3904 αὑτὸν
984 3852 1091 3916 ἔτι,
1126 3854 1187 3906 ού
1234 3857 1532 3928 μαινομένη
1572 3859 1927 3930 μιανθήσεται

346 3941 494 4011 γυνὴ
533 3942 754 4011 ὲκείνη;
797 3942 889 3995 καὶ
915 3945 977 3998 σὺ
1009 3945 1405 4016 ὲξεπόρνευσας
1439 3951 1497 4002 ὲν
1537 3952 1759 4020 ποιμέσι
1799 3953 1925 4007 πολ-

344 4036 487 4099 λοῖς,
509 4036 605 4087 καὶ
638 4036 1006 4099 ἁνεκάλυπτες
1036 4038 1172 4109 πρός
1212 4057 1300 4109 με,
1329 4041 1478 4111 λέγει
1511 4042 1739 4115 Κύριος.
1758 4039 1825 4098 ’Ἀ
1837 4063 1928 4117 ρον

346 4128 484 4190 τοὺς
515 4127 821 4199 ὀφθαλμούς
860 4147 952 4183 σου
997 4134 1075 4194 εἰς
1117 4133 1356 4199 εὐθεῖαν,
1408 4136 1503 4189 καὶ
1548 4136 1644 4201 ἴδε,
1687 4137 1790 4191 ποῦ
1828 4140 1928 4193 οὐκ

348 4218 683 4291 ὲξεφύρθης,
712 4223 805 4275 ἐπὶ
833 4225 954 4287 ταῖς
982 4224 1119 4289 ὁδοῖς
1148 4225 1407 4291 ὲκόιθισας
1439 4228 1643 4294 αὐτοῖς,
1675 4230 1807 4283 ὡσεὶ
1836 4248 1927 4284 κο-

350 4309 506 4380 ρώνη
538 4313 593 4363 ὲν
619 4313 810 4383 ἐρήμῳ
842 4315 997 4387 μόνῃ.
1034 4317 1143 4370 Καὶ
1178 4318 1410 4389 ὲμίανας
1446 4320 1542 4392 τὴν
1582 4324 1687 4393 γῆν
1718 4324 1776 4375 ἐν
1806 4326 1928 4387 ταῖς

348 4404 639 4472 πορνείαις
667 4423 779 4470 σου,
808 4407 904 4460 καὶ
940 4411 999 4462 έν
1044 4412 1166 4474 ταῖς
1197 4413 1415 4476 κακίαις
1463 4431 1579 4481 σου,
1628 4416 1722 4469 καὶ
1772 4416 1929 4486 ἔσχες

350 4494 622 4562 ποιμένας
655 4496 883 4560 πολλοὺς
910 4500 990 4561 είς
1011 4499 1341 4571 πρόσκομμα
1366 4505 1761 4575 σεαυτῇ.¹’οψις
1795 4508 1928 4577 πόρ-

2030 3401 2294 3455 adducere
2318 3412 2604 3456 noverant.
2651 3404 2884 3456 Accusat
2920 3401 3100 3470 itaque
3149 3401 3292 3455 illam
3345 3401 3608 3453 universi-

2031 3490 2156 3545 tatis
2206 3491 2345 3543 Deus
2386 3505 2518 3545 voce
2549 3489 2800 3545 Ieremia:
2840 3509 2853 3545 :
2897 3510 2914 3542 ι
2947 3491 3066 3544 Scis
3124 3505 3243 3559 qua:
3304 3487 3431 3543 fecit
3476 3489 3605 3542 mihi

2029 3580 2219 3635 domus
2244 3581 2406 3635 Israel
2439 3598 2451 3635 :
2477 3582 2728 3636 abierunt
2754 3583 2819 3636 ad
2840 3597 3051 3636 omnem
3078 3592 3313 3636 montem
3334 3579 3604 3636 excelsum

2028 3683 2082 3726 et
2115 3673 2215 3727 sub
2249 3673 2395 3726 omni
2436 3672 2581 3741 ligno
2626 3671 2885 3728 frondoso
2930 3674 3152 3728 scortati
3204 3683 3331 3727 sunt
3364 3674 3431 3738 δέ.
3478 3691 3497 3726 ι
3541 3672 3607 3727 Et

2032 3780 2217 3820 rursus
2248 3766 2399 3835 quasi
2427 3766 2494 3821 ad
2528 3767 2714 3821 illam:
2755 3785 2773 3819 ι
2812 3765 2871 3821 Si
2904 3767 3168 3821 dimiserit
3214 3768 3337 3835 quis
3382 3781 3605 3821 uxorem

2030 3871 2203 3920 suam,
2220 3870 2393 3926 eaque
2416 3858 2675 3913 recedens
2701 3858 2769 3913 ab
2792 3858 2903 3924 illo,
2924 3860 3090 3913 nubat
3113 3859 3228 3912 viro
3249 3857 3425 3922 alteri,
3453 3872 3608 3912 num-

2028 3949 2155 4016 quid
2188 3959 2467 4004 revertens
2508 3960 2812 4005 revertetur
2845 3949 2953 4022 24
2989 3950 3054 4004 ad
3091 3950 3248 4005 eum?
3289 3964 3468 4004 nonne
3494 3948 3608 4018 pol-

2027 4040 2141 4094 luta
2167 4039 2436 4108 polluetur
2462 4056 2599 4096 uxor
2629 4040 2753 4095 illa?
2791 4041 2857 4095 Et
2901 4052 2953 4096 tu
2991 4041 3254 4096 fornicata
3305 4056 3365 4096 es
3415 4041 3467 4095 in
3515 4055 3607 4107 pa-

2029 4131 2272 4186 storibus
2304 4132 2506 4200 multis,
2538 4139 2592 4189 et
2624 4132 2984 4188 revertebaris
3013 4134 3077 4186 ad
3110 4147 3214 4199 me,
3253 4132 3385 4187 dicit
3414 4131 3601 4185 Domi-

2030 4238 2155 4280 nus.
2185 4222 2384 4277 Attolle
2413 4224 2600 4281 oculos
2645 4232 2768 4280 tuos
2816 4224 2870 4278 in
2921 4236 3153 4289 rectum,
3213 4232 3269 4279 et
3311 4224 3453 4287 vide,
3516 4221 3604 4275 ubi

2031 4330 2141 4369 non
2169 4327 2523 4384 conspurcata
2548 4317 2644 4371 sis.
2676 4316 2730 4369 In
2756 4316 2856 4371 viis
2888 4317 3114 4371 sedebas
3144 4316 3245 4383 eis,
3287 4315 3443 4386 quasi
3487 4329 3608 4370 cor-

2026 4407 2119 4459 nix
2176 4405 2456 4475 solitaria;
2514 4408 2749 4477 polluisti
2827 4418 3023 4462 terram
3074 4408 3128 4462 in
3189 4407 3609 4462 scortationibus

2030 4499 2159 4561 tuis,
2186 4510 2240 4553 et
2278 4499 2330 4552 in
2361 4500 2560 4553 malitia
2596 4510 2709 4554 tua.
2740 4519 2759 4552 ι
2821 4500 3063 4555 Habuisti
3107 4509 3354 4570 pastores
3415 4500 3610 4553 multos

348 4603 455 4653 νης
498 4588 713 4654 ἐγένετό
748 4606 862 4653 σοι,
905 4591 1450 4665 ἀπηνῃσχύνῐτ]ησας
1498 4597 1637 4667 πρὸς
1669 4599 1926 4661 πάντας.ι

2039 4592 2090 4645 in
2123 4592 2473 4647 oﬂ‘ensionem
2496 4594 2589 4649 tibi
2621 4593 2744 4662 ipsi.
2775 4591 2967 4648 Facies
2999 4592 3303 4647 meretricis
3340 4592 3479 4645 facta
3525 4601 3609 4644 est

350 4680 837 4751 Καταφρονήσασα
877 4682 1007 4753 γὰρ,
1053 4684 1128 4747 ὡς
1170 4684 1326 4755 ἔφην,
1372 4687 1473 4756 τῆς
1518 4688 1625 4741 ὑπὸ
1661 4690 1780 4760 Θεῷ
1812 4692 1933 4745 δου-

350 4767 530 4833 λείας,
559 4771 828 4841 ἐτράπετο
857 4772 992 4843 πρὸς
1021 4774 1318 4829 ἀπόστασιν
1338 4779 1432 4830 καὶ
1453 4781 1564 4842 τοῖς
1593 4780 1931 4853 ἀκαθάρτοις

351 4862 656 4933 πνεύμασι,
680 4865 772 4917 καὶ
796 4867 910 4929 τοῖς
932 4867 1041 4921 τῶν
1060 4868 1295 4923 εἰδώλων
1322 4870 1707 4941 θεραπευταῖς,
1727 4875 1927 4944 ἐχρῆτο

352 4956 584 5023 ποιμέσι
621 4958 716 5009 καὶ
747 4958 1107 5023 διδασκάλοις.
1141 4961 1252 5014 Kal.
1283 4964 1444 5015 ταυτὶ
1486 4963 1583 5033 μὲν
1604 5005 1619 5027 ,
1652 4965 1729 5029 ὡς
1770 4965 1929 5036 ἔφην,

353 5047 467 5115 πρὸ
521 5046 621 5114 τῆς
670 5047 765 5100 τοῦ
806 5048 1064 5120 Σωτῆρος
1116 5051 1273 5120 ἡμῶν
1327 5051 1622 5121 ἐπιδημίας
1672 5053 1771 5123 τῆς
1824 5054 1931 5107 τῶν

366 5137 641 5191 Ἰουδαίων
664 5138 995 5209 Συναγωγῆς
1017 5139 1085 5193 τὰ
1110 5141 1274 5210 ἐγκλή
1285 5158 1447 5210 ματα.
1487 5143 1704 5215 Ἐπειδὴ
1735 5144 1793 5197 δὲ
1820 5147 1932 5207 τοῖς

352 5229 452 5280 ἐπὶ
502 5228 604 5297 τῆς
642 5228 746 5299 γῆς
797 5229 1114 5300 ἐπέλαμψεν
1160 5232 1190 5281 ὁ
1239 5230 1472 5300 Χριστὸς
1526 5231 1781 5301 (ὲπέφανε
1823 5232 1932 5305 γὰρ

349 5321 512 5389 ἡμῖν,
549 5321 692 5373 κατὰ
714 5321 775 5373 τὸ
796 5321 1201 5392 γεγραμμένον,
1223 5320 1353 5383 Θεὸς
1382 5321 1630 5391 Κύριος),
1660 5324 1759 5375 οὐκ
1784 5322 1933 5394 αὐτῷ

358 5413 565 5483 μᾶλλον
597 5414 798 5486 ἐχρῆτο
829 5414 1130 5486 παιδευτῇ·
1158 5416 1421 5485 τετίμηκε
1466 5414 1521 5467 δὲ
1565 5416 1932 5482 διδασκαλίας,

352 5505 672 5576 ἐντάλματα
720 5505 1055 5576 ἀνθρώπων·
1094 5507 1188 5560 καὶ
1232 5508 1323 5560 τὸν
1356 5507 1519 5561 καλὸν
1562 5508 1761 5577 ἀφεῖσα
1817 5525 1937 5561 ποι-

429 5686 472 5717 ⁸⁹
504 5682 707 5739 Jerem.
751 5699 835 5744 ιιι,
861 5682 911 5739 6.
990 5684 1035 5720 ⁸⁵
1057 5684 1187 5738 ibid.
1228 5685 1277 5745 l,
1303 5685 1358 5751 2,
1393 5683 1445 5737 5.

434 5822 511 5886 (1)
548 5820 857 5885 Humfretl.,
878 5822 1100 5874 materia
1119 5830 1167 5872 et
1198 5838 1323 5881 opus
1354 5821 1483 5887 ﬁant
1510 5820 1695 5890 gladii.
1719 5818 1925 5890 Tritum

361 5896 503 5961 apud
533 5892 753 5949 Graecos
795 5890 1046 5962 loquendi
1100 5908 1286 5959 genus.
1330 5888 1534 5945 llcliod.
1576 5892 1666 5944 lib.
1702 5906 1738 5956 ι,
1769 5888 1929 5956 ἔργον

2035 4684 2150 4750 tibi,
2185 4686 2302 4739 sine
2330 4685 2525 4738 rubore
2579 4684 2719 4738 facta
2763 4701 2822 4739 es
2854 4686 2918 4737 ad
2954 4698 3141 4738 omnes
3184 4681 3252 4737 ‘°.
3305 4700 3323 4732 ι
3366 4681 3601 4743 Etenim,

2035 4777 2111 4829 uti
2142 4776 2405 4841 dixeram,
2448 4776 2650 4831 cultum
2706 4776 2945 4829 divinum
3001 4783 3306 4843 aspernata,
3357 4771 3409 4827 in
3475 4786 3603 4842 upo-

2035 4867 2263 4921 Stasiam
2291 4881 2552 4920 conversa
2577 4875 2660 4921 est
2708 4882 2722 4919 :
2754 4880 2817 4919 ac
2850 4864 3157 4936 pastoribus
3191 4863 3607 4930 doctoribusque

2039 4974 2137 5013 usa
2163 4967 2267 5023 est,
2303 4958 2530 5027 impuris
2579 4956 2860 5028 spiritibus
2892 4965 2946 5010 et
2988 4954 3253 5009 idolorum
3294 4953 3607 5008 cultoribus.

2039 5052 2182 5113 lltec,
2218 5051 2288 5104 ita
2308 5048 2911 5113 utdixi,l‘ueruutante
2960 5045 3270 5101 Servatoris
3314 5045 3603 5099 adventum

2037 5142 2274 5198 Judaicae
2308 5142 2603 5211 Synagogaz
2634 5140 2862 5195 scelera.
2890 5138 3180 5206 Postquam
3211 5150 3339 5191 vero
3362 5137 3415 5191 in
3452 5138 3612 5190 terris

2039 5234 2288 5289 Christus
2306 5230 2521 5297 ell‘ulsit,
2547 5231 2795 5300 apparuit
2820 5229 2963 5284 enim
2989 5227 3144 5283 nobis
3162 5226 3300 5283 Deus
3324 5226 3608 5292 Dominus,

2040 5339 2101 5381 ut
2136 5326 2395 5394 scriptum
2430 5334 2532 5389 est,
2575 5339 2680 5378 non
2726 5322 2875 5377 illum
2910 5320 3153 5376 adhibuit
3198 5332 3607 5391 praeceptorem,

2041 5415 2135 5468 sed
2163 5413 2330 5469 coluit
2352 5413 2530 5482 potius
2565 5411 2860 5475 doctrinas,
2900 5411 3147 5465 mandata
3193 5410 3505 5477 hominum;
3551 5426 3614 5464 ac

2042 5508 2181 5562 bono
2205 5516 2422 5577 pastore
2449 5506 2752 5576 repudiato,
2783 5504 2876 5576 qui
2900 5505 2964 5559 ad
2989 5504 3168 5559 omnia
3201 5504 3613 5573 praeclarissima

2037 5818 2288 5886 γενέσθαι
2319 5817 2573 5889 πολέμουο
2608 5816 2824 5890 Synes.,
2863 5817 3023 5889 ἔργον
3054 5818 3302 5889 γενέσθαι
3347 5819 3616 5887 συκοφάν-

2038 5906 2153 5943 του.
