4052 6372
320 435 391 490 55
1470 434 1537 490 ΙΝ
1572 431 1816 490 ISAIAM
1850 431 1896 485 Ι.

2023 429 2065 484 Ι.
2106 426 2316 484 OBAT.
2354 426 2396 482 1.
3503 416 3571 471 ει

320 545 488 611 τελῶς
518 548 781 622 ἀργύριον
808 548 871 603 τδ
895 549 1045 621 παρὰ
1074 553 1187 615 τοῖς
1228 551 1523 616 Ἰουδαίοις,
1551 550 1694 606 τοῦτ’
1719 550 1888 612 ἐστιν,

1999 561 2027 601 a
2052 543 2257 601 Scribis
2296 559 2362 599 ac
2401 541 2693 599 Pharisaais
2732 539 3176 611 proficiscebatur
3220 538 3425 603 oratio;
3477 537 3566 605 qui

320 641 352 692 ὁ
380 642 531 712 παρά
558 640 663 694 τῶν
702 642 1078 715 Γραμματέων
1111 646 1206 698 καὶ
1233 644 1542 717 Φαρισαίων
1580 645 1737 713 λόγος
1759 683 1773 706 ,
1804 637 1892 697 οἶα

322 732 387 803 δὴ
416 732 512 784 xui
537 733 804 804 καπήλοις
827 736 1208 808 προσεοικότες
1233 735 1383 789 ὕδατι
1400 735 1489 791 τὸν
1509 730 1651 789 οἵνον
1681 735 1895 805 μίσγειν

324 823 546 893 ἡθελον·
595 826 741 879 τοῦτ’
785 828 923 891 ἔστι,
969 827 1385 899 νενοθευμένην,
1420 830 1513 882 xui
1540 830 1641 882 οὐκ
1677 829 1897 899 ἀκαπή-

326 913 515 967 λευτον
562 917 844 970 ἐποιοῦντο
889 918 985 972 τοῦ
1030 920 1200 990 νόμου
1232 920 1330 991 τὴν
1373 920 1671 991 ἐξήγησιν·
1722 938 1899 991 παρα·

326 1005 616 1069 πλέκοντές
663 1025 716 1061 τι
740 1011 837 1062 xui
872 1009 1018 1064 ἰδίων
1070 1012 1255 1075 αὐτοῖς
1282 1012 1624 1083 θελημάτων,
1671 1012 1765 1066 xui
1792 1012 1897 1082 ψυ-

327 1094 478 1165 χρῶν
501 1098 595 1149 καὶ
623 1096 997 1171 ύδαρεστέρων
1039 1101 1256 1156 ἐννοιῶν
1300 1105 1775 1176 παρεισκρίνοντες
1800 1105 1899 1158 οὐκ

327 1188 520 1255 ἀμιγεῖ
547 1189 639 1243 τοῦ
674 1190 947 1261 χείρονος,
979 1193 1098 1246 οὐδὲ
1129 1194 1205 1257 ὡς
1235 1194 1301 1247 ἂν
1348 1195 1488 1249 εἴποι
1535 1212 1620 1259 τις
1662 1197 1898 1264 ἄκρατον

332 1280 615 1334 ἐποιοῦντο
656 1284 755 1354 τῆς
799 1282 892 1337 τοῦ
925 1284 1214 1354 νομοθέτου
1250 1284 1443 1355 βουλῆς
1484 1285 1581 1356 τὴν
1621 1286 1895 1339 ἀπόδοσιν.

328 1371 441 1424 Καὶ
499 1371 629 1439 γοῦν
658 1374 952 1445 προσίεσαν
987 1375 1085 1446 μὲν
1112 1378 1160 1428 οἱ
1189 1377 1543 1447 Γραμματεῖς
1585 1378 1680 1429 xui
1706 1379 1753 1430 οί
1790 1377 1899 1429 Φα-

333 1464 532 1529 ρισαῖοι
574 1462 651 1533 τῷ
678 1465 893 1535 Σωτῆρι
940 1466 1189 1535 λέγοντές
1223 1485 1354 1520 ποτε
1379 1485 1395 1501 ο
1436 1487 1455 1519 ι
1495 1469 1593 1522 Διά
1620 1469 1671 1522 τί
1708 1470 1756 1521 οἱ
1794 1485 1899 1536 μα-

333 1552 492 1623 θηταί
530 1572 622 1608 σου
653 1557 1045 1627 παραϐαίνουσι
1073 1561 1171 1629 τὴν
1193 1560 1491 1631 παράδοσιν
1521 1560 1629 1613 τῶν
1658 1560 1901 1631 πρεσϐυ-

334 1646 541 1716 τέρων;
576 1650 636 1701 οὐ
671 1650 777 1721 γὰρ
821 1651 1101 1705 νίπτονται
1152 1654 1254 1717 τὰς
1296 1656 1483 1725 χεῖρας
1531 1653 1730 1718 αὐτῶν,
1773 1654 1900 1707 ὅταν

333 1738 425 1790 τὸν
453 1737 615 1804 ἄρτον
644 1740 933 1795 ἐσθίουσιν.
975 1743 1033 1796 '0
1075 1743 1132 1796 δὲ
1161 1744 1298 1815 πρὸς
1335 1745 1533 1809 αὐτούς
1559 1764 1572 1776 ·
1600 1746 1699 1799 Διά
1725 1745 1779 1799 τί
1807 1746 1901 1799 xui

335 1831 491 1899 ὑμεῖς
538 1832 897 1903 παραϐαίνετε
935 1833 1034 1905 τὴν
1077 1836 1298 1908 ἐντολὴν
1332 1837 1425 1890 τοῦ
1468 1837 1603 1891 Θεοῦ
1626 1878 1638 1900 ,
1674 1837 1761 1891 διὰ
1803 1837 1900 1908 τὴν

1997 637 2329 705 cauponibus
2364 633 2650 700 assimiles,
2707 648 2846 703 aqua
2885 632 3070 686 vinum
3116 630 3566 699 permiscuerunt,

1997 730 2049 783 id
2076 739 2185 792 est,
2216 727 2351 798 legis
2396 725 2904 794 interpretationem
2947 722 3185 793 spuriam
3221 730 3278 775 et
3316 718 3570 775 adulteri-

1997 834 2119 874 nam
2150 818 2468 873 alﬁnxerunt
2499 834 2514 872 :
2557 816 2932 872 etinlexentes
2961 830 3056 869 sua
3082 813 3323 883 quaedam
3353 812 3567 881 placita,

1998 926 2064 968 ac
2122 912 2346 982 frigidos
2387 910 2690 979 dilutosque
2749 922 2940 963 sensus
2987 907 3409 975 interponentes,
3462 919 3567 958 non

1999 1017 2227 1067 meram,
2264 1012 2322 1055 ut
2360 1001 2432 1055 ita
2482 1000 2733 1065 dixerim,
2778 998 3075 1066 simplicem
3125 1012 3188 1051 ac
3216 1010 3431 1066 puram,
3477 995 3569 1048 sed

1998 1109 2118 1150 cum
2143 1093 2413 1150 deteriore
2444 1093 2656 1146 mistam
2683 1090 3004 1161 legislatoris
3024 1088 3313 1143 voluntatis
3331 1085 3573 1156 explica-

1999 1186 2200 1239 tionem
2225 1182 2596 1239 reddiderunt.
2629 1181 2891 1235 Adierunt
2917 1180 3174 1233 nimirum
3224 1178 3569 1234 Servatorem

2001 1276 2205 1330 Scriba:
2260 1290 2323 1329 ac
2405 1273 2665 1329 Pharisaei
2738 1271 3028 1341 aliquando
3061 1312 3077 1337 ,
3135 1284 3200 1325 ac
3257 1270 3509 1324 dixerunt
3555 1284 3569 1320 ε

2005 1385 2024 1419 ι
2066 1368 2245 1434 Quare
2284 1365 2534 1435 discipuli
2580 1365 2653 1418 tui
2708 1362 3178 1431 transgrediuntur
3228 1360 3571 1414 traditionem

2001 1459 2310 1516 seniorum?
2337 1456 2451 1511 Non
2477 1456 2618 1511 enim
2650 1454 2832 1508 lavant
2857 1467 3047 1506 manus
3070 1466 3221 1516 suas,
3244 1465 3362 1504 cum
3383 1465 3577 1519 panem

2000 1551 2198 1607 edunt?
2230 1569 2249 1601 ι
2280 1550 2484 1616 Quibus
2508 1546 2597 1601 ille
2627 1565 2639 1601 :
2672 1564 2690 1597 ι
2732 1546 2909 1613 Quare
2933 1554 2987 1597 et
3019 1558 3137 1607 vos,
3170 1542 3361 1611 inquit,
3398 1551 3572 1596 trans-

2001 1641 2283 1713 gredimini
2320 1647 2643 1709 praeceptum
2680 1638 2770 1691 Dei
2814 1644 3033 1704 propter
3084 1634 3425 1688 traditionem
3480 1648 3575 1685 ve-

2006 1728 2369 1784 stram?Nam
2421 1728 2565 1783 Deus
2625 1726 2761 1783 dixit
2798 1746 2810 1781 :
2844 1725 3060 1779 Honora
3112 1735 3317 1793 patrem
3369 1734 3423 1778 et
3464 1740 3574 1777 ma-

2006 1837 2174 1892 trem;
2208 1826 2317 1896 26
2344 1836 2397 1879 et
2422 1842 2435 1879 :
2461 1822 2560 1889 Qui
2598 1821 2869 1876 maledicit
2899 1822 3035 1888 patri
3067 1828 3160 1872 aut
3192 1818 3372 1883 matri,
3399 1829 3577 1872 morte

334 1896 629 1994 παράδοσιν
650 1927 834 1997 ὑμῶν;
861 1928 916 1981 '0
938 1896 1045 2000 γάρ
1066 1930 1197 1993 Θεὸς
1216 1896 1387 1992 είπεν,
1409 1931 1555 2001 Τίμα
1576 1896 1665 1985 τόν
1686 1896 1896 2002 πατέρα

2005 1919 2290 1972 moriatur.
2328 1917 2396 1968 At
2426 1930 2520 1969 vos
2549 1913 2730 1967 dicitis
2762 1928 2775 1964 :
2814 1910 2872 1965 Si
2902 1911 3021 1978 quis
3067 1910 3266 1964 dixerit
3308 1910 3446 1979 patri
3490 1910 3573 1964 vel

333 2013 427 2065 xui
459 2014 561 2083 τὴν
596 2016 827 2087 μητέρα,
875 2019 987 2082 καὶ,
1037 2020 1066 2071 ὁ
1114 2019 1429 2087 κακολογῶν
1465 2020 1676 2091 πατέρα
1714 2020 1746 2091 ἢ
1800 2039 1902 2092 μη-

330 2105 483 2175 τέρα,
521 2104 732 2178 θανάτῳ
787 2107 1126 2162 τελευτάτω·
1156 2110 1314 2181 ὑμεῖς
1360 2110 1418 2163 δὲ
1459 2110 1667 2179 λέγετε.
1700 2112 1796 2173 Ὃς
1836 2111 1901 2165 ἂν

330 2196 459 2268 εἴπῃ
482 2195 560 2268 τῷ
581 2198 774 2269 πατέρι
800 2199 832 2269 ἢ
863 2200 1338 2271 μητέρι,Δῶρον,ὃ
1362 2201 1427 2255 ἂν
1449 2201 1508 2267 ἐξ
1535 2201 1669 2267 ἐμοῦ
1694 2202 1903 2273 ὠφελη-

330 2286 451 2356 θῇς,
474 2288 534 2340 οὐ
563 2288 635 2359 μὴ
667 2292 884 2361 τιμήσει
913 2292 1003 2344 τὸν
1028 2294 1238 2364 πατέρα
1268 2294 1433 2347 αὐτοῦ
1458 2295 1491 2365 ἢ
1527 2295 1625 2366 τὴν
1652 2296 1864 2367 μητέρα
1884 2312 1898 2328 ·

330 2378 426 2431 καὶ
450 2380 771 2449 ἠκυρώσατε
801 2383 900 2451 τὴν
931 2382 1149 2455 ἐντολὴν
1174 2382 1269 2437 τοῦ
1308 2385 1442 2439 Θεοῦ
1483 2385 1572 2439 διὰ
1599 2388 1699 2457 τὴν
1724 2387 1901 2458 παρά-

329 2468 489 2521 ὁασιν
539 2470 712 2540 ὑμῶν.
746 2492 764 2524 ›
830 2473 997 2545 Ὁρᾷς
1054 2476 1112 2527 ἐν
1174 2476 1388 2539 τούτοις
1446 2480 1543 2549 τῆς
1605 2478 1900 2551 Ἰουδαϊκῆς

328 2562 633 2631 καπηλείας
668 2563 812 2633 σαφῆ
863 2565 931 2617 τά
976 2567 1330 2638 ἑγκλήματα;
1381 2571 1502 2633 ταῖς
1531 2569 1640 2641 γὰρ
1673 2571 1899 2636 οἰκείαις

328 2651 688 2720 παραδόσεσιν
716 2654 945 2708 ἔπεσθαι
994 2656 1103 2709 δεῖν
1147 2657 1441 2724 ἐθέλοντες,
1480 2660 1718 2731 ἀκύρους
1761 2662 1899 2715 ἀπέ-

328 2761 518 2811 φαινον
541 2746 664 2808 τοὺς
695 2745 788 2798 τοῦ
837 2747 973 2799 Θεοῦ
1005 2749 1225 2820 νόμους.
1272 2752 1765 2823 ’Υποπλαττόμενοι
1799 2756 1898 2825 μὲν

328 2832 641 2903 ἐξηγεῖσθαι
673 2835 767 2888 xui
792 2837 1024 2901 αὐτοὺς,
1072 2842 1517 2913 συνεισφέροντες
1554 2844 1612 2896 δέ
1663 2845 1898 2915 παραδό-

328 2943 441 2989 σεις
470 2926 669 2990 ἐώλους
693 2928 787 2980 xui
818 2928 1049 3001 ψυχρὰς.
1090 2933 1340 2987 Αίτιᾶται
1367 2935 1425 2988 δὲ
1459 2936 1585 3000 τοὺς
1608 2936 1894 3008 ἄρχοντας,

325 3018 402 3080 ὡς
437 3019 570 3071 πολὺ
619 3020 909 3085 νοσοῦντας
956 3022 1016 3075 τὸ
1062 3023 1293 3094 ἐξήνιον,
1343 3027 1439 3080 xui
1472 3028 1677 3100 γαῦρον
1707 3029 1897 3101 ῶσπερ

324 3108 700 3172 ἀνατείνοντας
739 3110 831 3163 τὸν
860 3111 1081 3181 αὐχένα,
1123 3114 1216 3167 xui
1264 3115 1511 3172 ἀπειθεῖν
1564 3120 1891 3190 ᾑρημένους.

2002 2008 2415 2075 matri,Munus,
2439 2010 2799 2076 quodcunque
2833 2014 2915 2058 est
2945 2018 3011 2058 ex
3045 2018 3152 2068 me,
3184 2004 3279 2058 tibi
3308 2003 3570 2074 proderit,

2001 2092 2106 2156 non
2138 2098 2517 2155 honoriﬁcabit
2542 2105 2750 2167 patrem
2782 2109 2938 2148 suum
2976 2093 3061 2148 vel
3109 2103 3336 2148 matrem
3386 2108 3571 2159 suam;

1999 2204 2055 2248 et
2080 2192 2289 2247 irritum
2324 2190 2528 2245 fecistis
2569 2198 2895 2259 praeceptum
2944 2187 3037 2241 Dei
3071 2195 3289 2255 propter
3329 2187 3573 2240 traditio-

1999 2298 2122 2339 nem
2148 2291 2381 2339 vestram
2409 2281 2476 2335 “.
2513 2299 2533 2331 ι
2565 2279 2799 2335 Videsne
2826 2281 2880 2333 in
2910 2279 2995 2334 his
3018 2279 3194 2333 verbis
3228 2278 3570 2333 manifestum

2000 2376 2205 2432 crimen
2250 2374 2483 2429 Judaica:
2522 2372 2782 2427 fallaciae?
2822 2371 2957 2424 Dum
2996 2370 3139 2425 enim
3179 2384 3304 2424 suas
3346 2385 3410 2425 ac
3450 2386 3573 2438 pro-

1997 2468 2146 2536 prias
2174 2466 2494 2521 traditiones
2523 2463 2821 2520 consectari
2851 2462 3056 2529 volunt,
3085 2462 3266 2517 irritas
3288 2460 3384 2516 Dei
3418 2460 3562 2531 leges

2005 2559 2251 2614 fecerunt
2284 2575 2298 2612 :
2337 2557 2601 2628 fingentes
2635 2556 2847 2624 quidem
2883 2570 2978 2609 eas
3010 2570 3069 2611 se
3110 2555 3422 2623 exposuisse
3451 2572 3464 2607 :
3493 2554 3575 2607 in-

1999 2650 2237 2706 ferentes
2267 2659 2443 2704 tamen
2492 2647 2810 2703 traditiones
2848 2646 3034 2703 futiles
3069 2662 3133 2702 ac
3170 2646 3408 2715 frigidas.
3437 2643 3572 2699 Insi-

1998 2743 2346 2806 mulatporro
2376 2740 2648 2810 principes
2682 2746 2740 2793 ut
2776 2740 2865 2807 qui
2906 2738 3096 2794 effreni
3148 2738 3379 2806 quodam
3434 2735 3571 2793 fastu

1998 2834 2326 2898 laborarent,
2353 2843 2406 2886 et
2436 2833 2645 2887 sublata
2670 2832 2823 2902 quasi
2869 2832 3077 2885 cervice
3109 2830 3327 2885 obedire
3354 2828 3570 2884 nollent.

1996 2924 2113 2981 Non
2140 2926 2282 2980 enim
2317 2926 2474 2980 fidem
2509 2925 2707 2979 Christi
2739 2923 3027 2978 admittere
3052 2922 3358 2989 voluerunt,
3399 2936 3574 2991 quan-

2000 3018 2196 3072 tumvis
2233 3018 2316 3070 lex
2370 3016 2569 3086 passim
2609 3031 2769 3084 supra
2804 3024 2858 3070 et
2888 3013 3051 3079 infra,
3097 3012 3215 3083 ejus
3258 3014 3572 3085 mysterium

2005 3110 2328 3173 clamitaret,
2370 3110 2532 3179 idque
2565 3108 2864 3163 innumeris
2900 3108 3073 3160 modis
3121 3106 3449 3161 ostenderet.
3489 3103 3573 3160 Si-
3666 3137 3673 3141 ~

325 3201 403 3253 Οὐ
428 3201 535 3272 γάρ
563 3202 752 3273 ήθελον
785 3204 1110 3274 προσίεσθαι
1162 3205 1260 3276 τὴν
1311 3208 1494 3262 πίστιν
1526 3210 1625 3281 τὴν
1664 3214 1744 3276 είς
1772 3215 1896 3284 Χρι-

2008 3202 2221 3270 quidem
2250 3211 2305 3256 et
2329 3200 2589 3257 Dominus
2617 3210 2799 3255 noster
2818 3198 2975 3255 Jesus
2998 3197 3245 3253 Christus
3274 3199 3379 3253 illis
3403 3199 3571 3254 dixit:

330 3292 454 3344 στὸν
503 3292 770 3362 δηλονότι,
804 3296 980 3349 καίτοι
1010 3296 1111 3350 τοῦ
1142 3298 1305 3367 νόμου
1330 3299 1756 3373 διακεκραγότος
1802 3307 1897 3358 αὐ-

327 3386 441 3445 τοῖς
470 3384 580 3437 ἀνω
604 3402 665 3437 τε
695 3386 789 3438 xui
815 3387 985 3449 κάτω,
1031 3387 1093 3440 τὸ
1132 3390 1219 3441 ἐπ’
1261 3391 1410 3463 αὐτῷ
1458 3396 1775 3465 μυστήριον,
1806 3399 1898 3450 καὶ

327 3477 473 3529 κατὰ
505 3479 728 3548 μυρίους
770 3479 926 3543 ὅσους
958 3481 1089 3534 αὐτὸ
1128 3482 1464 3549 δεικνύοντος
1495 3488 1751 3556 τρόπους.
1793 3491 1899 3543 Καὶ

328 3565 460 3632 γοῦν
486 3565 588 3637 ἔφη
622 3568 756 3638 πρὸς
790 3570 989 3634 αὐτοὺς
1018 3572 1045 3625 ό
1076 3572 1279 3641 Κύριος
1330 3575 1485 3645 ἡμῶν
1530 3578 1733 3647 Ἰησοῦς
1766 3580 1900 3651 Χρι-

331 3657 484 3721 στός·
518 3676 537 3709 ‹
576 3659 646 3711 Ἢ
676 3660 882 3714 δοκεῖτε
932 3663 1014 3715 ὅτι
1045 3662 1155 3731 ἐγὼ
1189 3667 1552 3737 κατηγορήσω
1584 3668 1738 3738 ὑμῶν
1762 3670 1899 3740 πρὸς

326 3750 421 3803 τὸν
448 3751 702 3820 Πατέρα;
732 3752 921 3806 Ἔστιν
949 3754 977 3805 ό
1003 3754 1324 3826 κατηγορῶν
1351 3756 1526 3828 ὑμῶν,
1555 3759 1781 3830 Μωσῆς,
1816 3763 1899 3824 εἰς

328 3842 388 3895 ὃν
422 3842 577 3911 ὑμεῖς
604 3842 889 3911 ἠλπίσατε.
926 3844 988 3897 Εί
1016 3844 1124 3916 γὰρ
1157 3847 1471 3900 ἐπιστεύετε
1516 3849 1687 3919 Μωσῇ
1713 3888 1729 3915 ,
1777 3852 1899 3903 ἐπι-

330 3935 548 3988 στεύετε
584 3935 650 3989 ἂν
685 3937 827 4006 ἐμοὶ,
861 3936 1120 4009 περὶγὰρ
1159 3938 1295 4009 ἐμοῦ
1344 3941 1549 4005 ἐκεῖνος
1575 3939 1831 4012 ἔγραψεν.
1872 3962 1890 3993 ι

341 4028 610 4092 Ἀπειθεῖς
655 4026 748 4082 οὖν
787 4029 917 4100 ἄρα,
968 4032 1107 4101 μήτε
1144 4030 1243 4102 τὴν
1288 4031 1380 4084 τοῦ
1427 4032 1591 4103 νόμου
1647 4034 1897 4105 βούλησιν

329 4123 567 4194 ἄκρατον
601 4122 789 4194 ὥσπερ
827 4122 920 4175 xui
955 4122 1243 4176 ἀνόθευτον
1293 4123 1667 4196 διερμηνεύειν
1696 4126 1899 4180 ἐθέλον·

327 4232 419 4277 τες
463 4215 575 4277 τοῖς
617 4212 812 4275 ἄλλοις.
867 4214 1004 4284 μήτε
1055 4214 1161 4284 μὴν
1213 4213 1312 4284 τὴν
1354 4213 1443 4267 διὰ
1494 4216 1740 4278 Μωσέως
1803 4216 1896 4268 xui

326 4306 623 4377 προφητῶν
648 4307 741 4359 xui
770 4305 939 4374 ἁγίων
984 4306 1516 4377 προκεκηρυγμένην
1558 4308 1894 4378 τιμήσαντες

326 4397 530 4452 πίστιν.
563 4397 636 4449 Οὐ
679 4396 789 4465 γὰρ
820 4396 1011 4466 ἧθελον
1057 4398 1363 4452 ὑπακοῦσαι
1398 4400 1608 4469 λέγοντι
1655 4399 1732 4471 τῷ
1761 4402 1895 4471 Χρι-

329 4489 441 4560 στῷ
461 4506 477 4523 ⁶
511 4510 528 4542 ι
550 4490 712 4542 Δεῦτε
745 4489 877 4560 πρός
905 4507 993 4559 με,
1040 4490 1241 4553 πάντες
1260 4492 1310 4544 oi
1339 4492 1635 4555 κοπιῶντες
1668 4494 1763 4547 xui
1793 4511 1892 4545 πε-

2008 3310 2027 3343 ι
2090 3292 2368 3347 Putatisne
2418 3306 2503 3346 me
2552 3300 2927 3345 accusaturum
2976 3304 3071 3343 vos
3116 3289 3255 3358 apud
3312 3288 3569 3343 Patrem?

2002 3385 2098 3439 Est
2127 3385 2217 3455 qui
2251 3393 2467 3439 accuset
2494 3398 2616 3450 vos,
2667 3382 2862 3444 Moses,
2904 3384 2957 3435 in
3015 3396 3122 3449 quo
3169 3396 3270 3437 vos
3319 3380 3572 3437 ﬁduciam

2001 3476 2332 3533 collocastis.
2364 3477 2421 3532 Si
2452 3477 2597 3531 enim
2633 3473 3003 3531 credidissetis
3029 3472 3187 3535 Mosi,
3207 3471 3574 3526 credidissetis

2002 3580 2053 3625 et
2079 3570 2209 3624 mihi
2252 3567 2365 3622 :de
2410 3582 2495 3622 me
2538 3566 2683 3623 enim
2726 3566 2816 3621 ille
2865 3564 3084 3633 scripsit
3132 3563 3198 3617 ⁸⁷.
3241 3581 3260 3615 ι
3298 3561 3572 3616 Praefracti

2000 3662 2182 3730 itaque
2208 3667 2385 3723 erant,
2433 3672 2608 3728 neque
2638 3657 2772 3727 legis
2813 3656 3143 3709 voluntatem
3194 3667 3408 3723 puram,
3443 3651 3573 3706 sim—

1999 3750 2189 3819 plicem
2246 3750 2642 3819 genuinamque
2677 3746 3024 3817 interpretari
3065 3744 3317 3799 volebant
3351 3742 3569 3813 populo,

1998 3860 2175 3914 neque
2205 3842 2364 3898 ﬁdem
2410 3856 2504 3912 per
2538 3840 2736 3896 Mosem
2781 3849 2835 3894 et
2860 3838 3149 3908 prophetas
3174 3848 3388 3892 sanctos
3422 3851 3559 3907 prae—

1998 3937 2224 3991 dicatam
2247 3935 2442 3999 colere,
2470 3948 2643 4002 neque
2669 3933 3042 4000 obtemperare
3063 3928 3285 3984 Christo
3311 3926 3509 3984 dicenti
3544 3947 3557 3981 :

2005 4046 2023 4079 ι
2051 4026 2243 4082 Venite
2271 4027 2336 4080 ad
2361 4040 2465 4093 me,
2497 4040 2685 4080 omnes
2713 4024 2803 4092 qui
2830 4022 3086 4077 laboratis
3109 4031 3159 4075 et
3174 4020 3379 4076 onerati
3402 4019 3556 4082 estis,

1996 4128 2051 4171 et
2108 4131 2207 4186 ego
2264 4115 2502 4169 reﬁciam
2548 4130 2663 4169 vos.
2711 4114 2973 4181 lmponite
3020 4111 3208 4181 jugum
3252 4125 3427 4163 meum
3475 4124 3571 4164 vo-

1995 4209 2077 4263 bis
2110 4208 2174 4262 “.
2211 4225 2230 4259 ι
2265 4205 2478 4262 Etenim
2519 4205 2773 4275 quoniam
2815 4204 2935 4258 duri
2970 4214 3022 4258 et
3052 4202 3417 4257 inobedientes
3448 4200 3565 4255 fue-

1999 4310 2146 4366 runt,
2175 4311 2457 4357 consortes
2489 4299 2669 4354 furum
2702 4299 3022 4355 exstiterunt
3060 4316 3073 4349 :
3105 4299 3298 4367 partim
3340 4296 3571 4364 largien-

1997 4395 2137 4449 tibus
2187 4409 2410 4449 munera
2458 4390 2865 4455 consentiendo,
2924 4391 3119 4460 partim
3170 4405 3291 4444 cum
3347 4388 3569 4443 nefariis

1995 4486 2235 4541 consiliis
2295 4484 2492 4554 perditi
2532 4485 2690 4539 simul
2724 4492 2779 4537 et
2806 4480 3131 4537 furacissimi
3163 4480 3430 4550 discipuli,
3466 4479 3570 4533 Do-

328 4581 677 4654 φορτισμένοι
695 4622 712 4649 ,
741 4581 896 4650 κάγὼ
920 4582 1215 4635 ἀναπαύσω
1264 4584 1426 4654 ὑμᾶς.
1462 4585 1665 4654 ’Ἄρατε
1696 4584 1786 4638 τὸν
1812 4586 1896 4649 ζυ-

2004 4581 2205 4633 minum
2244 4585 2489 4633 nostrum
2515 4572 2696 4631 Jesum
2725 4573 3001 4629 Christum
3033 4572 3327 4641 prodentis,
3356 4571 3567 4638 conspi-

328 4677 425 4748 γρν
454 4692 553 4745 μου
578 4672 661 4743 ἐφ’
704 4675 867 4745 ὑμᾶς.
908 4694 926 4726 ι
972 4675 1083 4727 Καὶ
1127 4675 1263 4745 πρός
1294 4692 1358 4743 γε
1383 4675 1461 4746 τῷ
1492 4672 1632 4730 εἶναι
1664 4677 1896 4749 σκληροί

325 4784 387 4820 τε
418 4767 509 4820 καὶ
544 4764 809 4830 ἀπειθεῖς,
841 4766 1087 4819 κοινωνοὶ
1120 4767 1376 4834 γεγόνασι
1405 4769 1651 4821 κλεπτῶν
1675 4786 1689 4798 ·
1732 4770 1892 4821 τοῦτο

328 4861 429 4931 μὲν
456 4862 567 4923 τοῖς
596 4856 953 4931 δωροδοκοῦσι
981 4859 1409 4929 συνκαστάμενοι
1456 4860 1611 4930 (Sic),
1651 4860 1808 4914 τοῦτο
1840 4860 1897 4913 δέ

328 4950 833 5022 συνδεδραμηκότες
860 4952 979 5012 ταῖς
1012 4950 1245 5013 ἀνοσίοις
1268 4949 1480 5020 βουλαῖς
1500 4949 1593 5002 τοῦ
1616 4950 1899 5021 προδόντος

326 5043 510 5104 αὐτοῖς
542 5041 629 5094 τὸν
658 5040 863 5111 Κύριον
888 5039 1046 5111 ἡμῶν
1087 5038 1293 5111 Ἰησοῦν
1328 5040 1419 5093 τὸν
1448 5042 1707 5110 Χριστὸν,
1740 5040 1796 5103 ὃς
1825 5037 1893 5111 ἦν

324 5134 559 5204 πονηρός
590 5150 649 5185 τε
675 5131 789 5202 ἅμα
818 5132 911 5185 xui
947 5132 1331 5195 κλεπτίστατος
1371 5130 1637 5201 μαθητής.
1678 5132 1894 5201 Ἐρασι-

326 5226 596 5296 χρήματοι
627 5225 684 5278 δὲ
713 5225 807 5278 καὶ
837 5223 1034 5296 ἑτέρως
1064 5223 1114 5275 οὶ
1142 5223 1248 5277 τῶν
1264 5222 1531 5276 Ἰουδαίων
1559 5221 1888 5291 καθηγηταὶ,

322 5318 386 5371 τδ
414 5316 641 5387 κύμινόν
676 5334 735 5369 τε
762 5316 857 5369 xui
885 5316 945 5368 τὸ
970 5316 1166 5386 ἄνηθον
1189 5358 1203 5382 ,
1236 5316 1332 5369 xui
1362 5317 1468 5369 πᾶν
1498 5314 1730 5385 λάχανον
1764 5315 1891 5367 ἁπο-

323 5410 696 5474 δεκατοῦντες,
732 5411 827 5464 καὶ
864 5410 1113 5478 ἀφιέντες
1154 5409 1223 5483 τά
1272 5407 1545 5479 βαρύτερα
1575 5407 1669 5459 τοῦ
1704 5406 1891 5477 νόμου,

326 5501 422 5572 τὴν
464 5500 666 5573 κρίσιν,
714 5501 808 5554 xui
852 5500 914 5553 τὸ
960 5499 1126 5563 ἕλεος,
1171 5498 1267 5552 xui
1294 5498 1392 5569 τὴν
1427 5497 1629 5551 πίστιν.
1678 5496 1751 5548 Οὐ
1786 5496 1893 5566 γὰρ

326 5593 540 5663 ἔκρινον
578 5592 834 5662 ὀρφανοῖς
866 5590 959 5643 xui
989 5591 1203 5661 χήραις.
1248 5588 1547 5659 Ζητοῦντες
1590 5588 1645 5640 δὲ
1695 5588 1893 5656 μᾶλλον

326 5685 477 5756 παρὰ
510 5683 618 5737 τῶν
649 5683 1030 5754 προσαγόντων
1073 5683 1255 5744 αὐτοῖς
1287 5680 1657 5749 ἀνταπόδομα,
1680 5678 1893 5732 κατεδί-

2002 4672 2191 4725 rando.
2230 4668 2368 4735 Quin
2405 4677 2459 4723 et
2492 4666 2691 4736 alioqui
2722 4665 2914 4720 attenti
2961 4665 3179 4718 fuerunt
3210 4662 3277 4717 ad
3321 4677 3432 4717 rem
3470 4660 3567 4717 Ju-

2000 4764 2235 4817 daeorum
2295 4759 2561 4830 praefecti,
2619 4758 2928 4823 cuminum,
2973 4756 3251 4820 anethum,
3301 4763 3356 4809 et
3408 4768 3569 4808 omne

2000 4852 2120 4907 olus
2147 4854 2523 4915 decumantes;
2560 4850 2811 4919 graviora
2841 4857 3018 4903 autem
3064 4846 3197 4915 legis
3236 4845 3435 4914 capita,
3475 4845 3565 4914 ju.

2001 4946 2221 5009 dicium,
2260 4944 2709 5005 misericordiam,
2737 4940 2893 4995 ﬁdem
2921 4938 3417 5009 prastermittentes.
3454 4933 3566 4992 Nec

1998 5037 2139 5091 enim
2171 5034 2427 5104 orphanis
2444 5033 2782 5103 judicabant,
2811 5046 2986 5100 neque
3013 5028 3215 5094 viduis,
3249 5027 3339 5082 sed
3381 5039 3565 5097 peten-

1998 5139 2081 5183 tes
2111 5126 2287 5197 potius
2316 5126 2384 5180 ab
2423 5126 2507 5180 his
2549 5124 2641 5194 qui
2683 5123 2957 5188 oll‘errent,
3017 5120 3342 5186 mercedem,
3397 5120 3562 5190 impie

1996 5220 2316 5289 quandoque
2367 5215 2798 5272 condemnabant
2848 5215 3047 5284 injuste
3105 5227 3410 5282 oppressos,
3459 5212 3562 5265 ini-

1995 5312 2314 5379 quissimum
2349 5309 2400 5363 in
2425 5324 2520 5364 eos
2553 5306 2818 5362 calculum
2855 5321 2916 5360 ac
2939 5305 3259 5359 sententiam
3304 5304 3559 5358 ferentes.

1996 5401 2074 5456 Ex
2101 5417 2164 5455 eo
2204 5408 2382 5454 autem
2422 5400 2563 5468 quod
2610 5398 2809 5468 injuste
2850 5396 3175 5465 judicarent,
3228 5404 3284 5448 et
3331 5396 3562 5462 turpiter

1997 5493 2311 5548 muneribus
2332 5492 2620 5556 servirent,
2650 5490 2809 5544 etiam
2842 5490 2895 5543 in
2929 5490 3100 5559 ipsum
3134 5488 3403 5542 Christum
3435 5495 3562 5541 sunt

1998 5585 2197 5639 furiose
2227 5583 2562 5640 debacchati.
2598 5580 2670 5637 Ut
2698 5582 2842 5637 enim
2879 5597 2908 5634 a
2952 5580 3159 5650 populis
3197 5592 3420 5633 munera
3461 5578 3559 5631 ha-

1996 5678 2209 5743 berent,
2240 5678 2406 5733 vinem
2445 5674 2722 5732 dominum
2775 5689 2879 5729 non
2940 5680 3276 5743 receperunt,
3326 5686 3445 5725 eam
3503 5669 3558 5723 in

400 5859 444 5891 “
473 5858 657 5914 Matth.
697 5874 785 5923 xv,
823 5857 930 5913 1-6.
1008 5859 1048 5890 ‘7
1084 5857 1236 5915 Joan.
1270 5873 1319 5923 ν,
1352 5856 1441 5923 45,
1466 5856 1550 5911 46.
1630 5856 1672 5886 ⁸⁸
1703 5854 1886 5911 Matth.

2018 5853 2107 5920 98,
2140 5854 2229 5910 ‘29.
