4052 6372
484 385 555 442 55
1504 397 1561 451 s.
1602 397 1879 454 cmeu
1917 399 2387 457 ALEXANDRIM
2421 403 2736 460 AliClllEP.
3658 391 3726 445 56

484 520 638 562 suam
678 510 896 579 proprie
931 512 1037 583 27
1075 524 1274 570 sortem
1303 528 1637 587 sevocantes,
1685 536 1806 590 quae
1859 520 1960 591 ipsi
2004 538 2034 576 e

2159 520 2327 585 καζον
2360 523 2592 586 ἀνοσίως
2626 524 2735 578 τῶν
2766 520 3134 591 ἀδικουμένων
3161 519 3270 571 ἐσθ’
3296 518 3404 580 ὅτε,
3431 516 3612 586 ψῆφον
3636 518 3724 572 ἐπ’

480 601 695 670 quidem
730 604 827 658 soli
860 604 1171 662 debebatur.
1207 610 1464 675 Quamvis
1498 612 1641 667 enim
1672 612 1752 669 lex
1794 616 1997 669 diceret
2030 634 2044 670 :

485 709 503 741 ι
541 691 879 749 lunocentem
909 711 969 750 ac
994 698 1196 768 justum
1226 716 1330 754 non
1360 703 1574 757 occides
1605 703 1672 768 °°,
1722 723 1741 754 ι
1793 720 1913 760 eum
1966 716 2047 759 ta-

479 795 600 834 men
638 782 903 839 insontem
928 786 1238 859 justumque
1266 791 1679 848 interfecerunt.

2155 614 2340 677 αὐτοῖς
2387 613 2484 684 τὴν
2525 614 2914 685 ὲκνομωτάτην
2962 611 3300 682 ἐκφέροντες.
3350 607 3481 662 Ἀπὸ
3526 606 3589 677 δὴ
3627 606 3722 659 τοῦ

2155 706 2362 776 κρίνειν
2407 706 2607 770 ἀδίκως
2656 706 2751 760 καὶ
2797 702 3036 775 αἰσχρῶς
3079 700 3341 773 ἡττᾶσθαι
3396 697 3721 768 λημμάτων,

2152 798 2246 850 xui.
2272 799 2351 861 εἰς
2380 798 2553 852 αὑτὸν
2599 798 3033 869 πεπαρῳνήκασι
3062 795 3152 847 τὸν
3179 792 3431 864 Χριστόν.
3459 792 3574 843 Ἵνα
3612 789 3723 858 γὰρ

477 871 649 942 ἔχοιεν
696 876 794 940 τὰς
861 880 1011 949 παρά
1070 882 1177 935 τῶν
1236 882 1379 937 λαῶν
1445 886 1814 958 δωροφορίας,
1859 890 1920 943 οὐ
1984 891 2329 961 προσήκαντο
2377 892 2467 946 τὸν
2510 893 2603 946 τοῦ
2660 890 2979 962 ἀμπελῶνος
3039 888 3320 957 δεσπότην,
3368 886 3497 939 ῐδιον
3534 882 3722 934 ποιού-

479 986 631 1039 μενοι
671 970 868 1044 κλῆρον
898 974 990 1028 τὸν
1032 976 1179 1048 αὐτῷ
1246 979 1340 1032 καὶ
1391 981 1538 1053 μόνῳ
1594 984 1875 1055 πρέποντά
1922 1002 1983 1037 τε
2020 986 2113 1039 καὶ
2151 986 2515 1057 ὀφειλόμενον.
2562 986 2919 1040 Ἀπεκτόνασι
2962 983 3072 1055 γὰρ
3109 981 3285 1035 ἀθῶον
3336 980 3464 1033 ὄντα
3505 975 3598 1030 xui.
3644 973 3722 1026 δί-

476 1080 648 1126 καιον,
698 1064 875 1119 καίτοι
927 1058 1019 1121 τοῦ
1065 1069 1230 1139 νόμου
1284 1070 1567 1141 λέγοντος·
1624 1094 1643 1127 ι
1695 1076 1894 1130 Ἀθῶον
1949 1078 2042 1131 καὶ
2074 1076 2283 1133 δίκαιον
2309 1081 2408 1134 οὐκ
2434 1081 2769 1143 ἀποκτενεῖς.
2810 1098 2828 1131 ι

551 1156 713 1211 Vens.
744 1158 834 1213 24.
876 1159 1087 1216 Idcirco
1138 1166 1250 1219 lucc
1278 1167 1405 1220 dicit
1437 1170 1740 1224 dominator
1779 1171 2036 1226 Dominus

475 1244 745 1303 Sabaoth:
780 1249 867 1305 Va:
896 1252 1058 1319 fortes
1080 1253 1249 1310 Israel
1273 1274 1292 1312 :
1328 1274 1430 1312 non
1464 1262 1683 1315 cessabit
1719 1264 1858 1318 enim
1889 1265 2040 1332 [uror

478 1354 620 1392 meus
692 1353 873 1397 contra
917 1347 1271 1416 adversarios,
1303 1360 1352 1404 et
1381 1351 1649 1421 judicium
1688 1355 1754 1409 de
1810 1356 2043 1411 inimicis

475 1430 601 1481 meis
637 1428 853 1495 faciam.

544 1520 749 1578 Causas
782 1540 881 1581 cur
919 1528 1141 1596 perierit
1170 1530 1467 1587 Jerusalem
1502 1534 1669 1590 refert
1714 1536 1768 1591 in
1810 1552 1903 1593 eos
1948 1537 2040 1606 qui

475 1612 834 1684 principatum
873 1618 1208 1689 obtinebant,
1265 1633 1321 1678 et
1347 1639 1479 1681 sane
1533 1628 1749 1683 merito.
1788 1627 2040 1697 Sequitur

474 1706 619 1758 enim
665 1706 783 1762 illos
826 1718 884 1763 ut
923 1712 1211 1781 plurimum
1247 1717 1435 1786 vulgus
1465 1721 1606 1789 quod
1652 1720 1782 1788 ipsis
1817 1723 2035 1775 subest:

2216 1174 2322 1228 Διὰ
2365 1175 2539 1229 τοῦτο
2574 1174 2714 1228 τάδε
2750 1173 2909 1242 λέγει
2963 1175 2995 1227 ὀ
3038 1170 3340 1235 δεσπότης
3370 1165 3581 1232 Κύριος
3615 1164 3722 1213 Ea-

2146 1266 2333 1321 ϐαώθο
2373 1267 2514 1321 Οὐαὶ
2558 1270 2611 1321 οἱ
2641 1268 2955 1335 ἰσχύοντες
3006 1261 3251 1331 Ἰσραήλ
3274 1275 3286 1287 ·
3327 1260 3398 1313 οὐ
3426 1256 3719 1309 παύσεται

2146 1358 2257 1430 γάρ
2290 1377 2404 1426 μου
2440 1362 2472 1413 ό
2504 1359 2687 1428 θυμὸς
2711 1360 2781 1412 ἐν
2810 1358 2934 1424 τοῖς
2960 1354 3358 1418 ὑπεναντίοις,
3384 1348 3479 1403 καὶ
3517 1346 3719 1414 κρίσιν

2145 1452 2214 1507 ἐκ
2243 1452 2363 1505 τῶν
2385 1451 2614 1521 ἐχθρῶν
2634 1468 2753 1520 μου
2780 1450 3029 1515 ποιήσω.

2218 1545 2325 1598 Τοῦ
2361 1544 2731 1616 κατεφθάρθαι
2764 1544 2863 1613 τὴν
2912 1538 3263 1612 Ἰερουσαλὴμ
3301 1532 3580 1603 ἀνατίθησι
3618 1530 3718 1595 τάς

2146 1637 2324 1700 αἰτίας
2355 1639 2467 1699 τοῖς
2492 1635 2847 1707 καθηγεῖσθαι
2871 1631 3114 1703 λαχοῦσι,
3164 1631 3257 1684 xui.
3298 1627 3438 1698 μάλα
3471 1625 3717 1686 εἰκότως.

2149 1726 2379 1778 Ἐπεται
2428 1724 2535 1795 γάρ
2575 1724 2668 1776 ἐπὶ
2707 1724 2814 1776 πᾶν
2847 1722 3029 1783 αὐτοῖς
3070 1719 3130 1772 τὸ
3169 1719 3424 1787 ὑπήκοον·
3468 1711 3720 1782 καθάπερ
3754 1752 3757 1753 ν

474 1798 926 1866 quemadmodum
957 1814 1105 1861 certe
1141 1814 1196 1861 et
1234 1819 1501 1878 pastores,
1534 1811 1734 1881 quibus
1771 1811 2040 1882 subjectus

2148 1816 2341 1886 ἀμέλει
2371 1816 2464 1869 xui
2486 1818 2598 1879 τοῖς
2628 1814 2848 1884 ποιμέσι
2883 1810 2951 1865 τά
2986 1811 3090 1864 ὑπὸ
3123 1813 3277 1881 χεῖρα
3312 1807 3621 1877 θρέμματα.
3655 1802 3720 1854 Εἰ

476 1898 582 1952 est,
612 1903 763 1959 grex.
788 1890 843 1945 Si
866 1893 1008 1948 enim
1037 1895 1103 1951 ad
1132 1897 1346 1966 pinguia
1374 1898 1492 1954 illos
1516 1909 1565 1954 et
1602 1902 1815 1970 copiosa
1846 1902 2043 1971 praedia

476 1982 762 2047 deducant,
791 1983 1085 2042 habiliores
1131 1991 1363 2051 evadent
1407 1990 1483 2046 illi
1508 2000 1563 2047 et
1604 1993 1741 2047 bene
1780 1993 2043 2062 saginati;

476 2072 559 2126 sin
608 2073 661 2127 in
712 2084 909 2132 terram
965 2078 1164 2134 salsam
1215 2090 1271 2135 et
1327 2081 1604 2151 spinarum
1659 2083 1925 2148 altricem,
1964 2083 2047 2137 in-

475 2163 594 2217 edia
633 2165 753 2221 illos
793 2169 1019 2238 perdent
1062 2184 1127 2224 ac
1169 2172 1458 2240 periment.
1504 2173 1647 2228 Idem
1681 2184 1736 2229 et
1774 2174 1825 2227 in
1888 2173 2044 2227 nobis

476 2255 608 2325 ipsis
638 2272 826 2313 verum
848 2273 967 2315 esse
998 2261 1353 2318 inveniemus.
1392 2262 1527 2318 Nam
1578 2263 2043 2334 interpretationi-

477 2350 576 2403 lnts
607 2350 732 2419 illis,
770 2366 890 2421 quae
932 2353 999 2407 ad
1048 2354 1451 2421 rectitudinem,
1501 2356 1781 2419 virtutem,
1839 2355 2042 2424 Deique

477 2441 723 2496 notitiam
758 2443 1087 2515 inculpatam
1144 2446 1438 2510 adducunt,
1499 2462 1650 2502 mens
1703 2461 1891 2502 eorum
1948 2447 2037 2514 qui

475 2529 757 2586 initiantur
788 2541 843 2587 et
870 2532 1257 2601 informantur,
1284 2534 1607 2590 fecundatur
1638 2537 1793 2605 quasi
1831 2545 1885 2589 et
1918 2536 2039 2604 pin-

475 2622 724 2688 guescit:
759 2624 1000 2678 consiliis
1031 2639 1161 2680 vero
1191 2626 1256 2681 ad
1300 2626 1627 2695 impietatem
1672 2628 2037 2695 vergentibus,

476 2710 543 2763 ad
596 2728 776 2767 rerum
843 2714 1147 2783 turpiorum
1224 2716 1548 2770 desiderium
1622 2718 2039 2786 aviditatemque

475 2819 634 2870 quam
665 2804 917 2861 facillime
939 2806 1229 2862 delabitur.
1256 2807 1387 2863 Tale
1410 2810 1662 2878 quiddam
1690 2810 1832 2879 passi
1866 2809 2037 2864 lsrae-

477 2895 583 2951 lita:
638 2894 949 2953 Scribarum
984 2914 1046 2954 ac
1102 2898 1495 2955 Pharisaeorum
1540 2901 1915 2956 traditionibus
1953 2910 2037 2954 at-

476 3001 583 3056 que
610 2985 894 3052 doctrinis,
935 2990 1117 3046 miseri
1146 2992 1532 3060 disperierunt.
1562 2990 1677 3046 Non
1711 2992 1855 3046 enim
1892 2991 2036 3047 sine-

473 3077 604 3132 bant
627 3093 719 3134 eos
747 3094 929 3135 veram
949 3090 1005 3135 et
1032 3082 1378 3137 servatricem
1402 3082 1541 3137 viam
1566 3083 1834 3147 insistere,
1860 3083 2025 3149 viam,

2146 1910 2251 1980 γὰρ
2290 1909 2674 1979 ἀποκομίζοιεν
2718 1909 2799 1971 εἰς
2843 1905 3005 1959 πίονά
3044 1922 3101 1957 τε
3136 1902 3277 1958 αὑτά
3306 1901 3399 1954 xui.
3429 1895 3719 1967 ἀμφιλαφῆ

2144 1998 2335 2070 νομὴν,
2363 1997 2610 2068 εὔρωστά
2644 2014 2704 2049 τε
2739 1990 2848 2049 εἶεν
2890 1993 2956 2047 ἂν
2984 1993 3077 2047 καὶ
3113 1989 3357 2059 εὐτραφῆ
3393 1985 3533 2037 λίαν·
3576 1983 3623 2034 εἱ
3663 1980 3721 2033 δὲ

2145 2092 2225 2154 εἰς
2249 2092 2355 2159 γῆν
2393 2089 2606 2160 ἁλμάδα
2634 2088 2728 2142 καὶ
2754 2085 3005 2140 ἀκανθῶν
3046 2082 3275 2154 μητέρα,
3318 2071 3721 2146 καταφθεροῦσι

2145 2180 2363 2244 πάντως
2413 2179 2555 2233 αὑτά
2611 2181 2728 2240 ταῖς
2782 2174 3222 2246 κακοσιτ[ε]ίαις.
3273 2168 3523 2223 Τοιοῦτόν
3552 2183 3605 2218 τι
3634 2163 3721 2232 ἐφ’

2142 2270 2299 2342 ἡμῶν
2328 2270 2506 2324 αὐτῶν
2539 2269 2735 2338 ἀληθὲς
2774 2268 2833 2320 δν
2880 2268 3204 2337 εὑρήσομεν.
3248 2260 3578 2331 Είσηγήσεσι
3620 2256 3721 2326 μὲν

2141 2364 2248 2434 γὰρ
2270 2366 2389 2426 ταῖς
2424 2364 2504 2425 εἰς
2529 2360 2796 2433 ὀρθότητά
2819 2376 2879 2411 τε
2909 2358 3005 2412 xui.
3037 2356 3238 2427 ἀρετὴν
3268 2355 3362 2408 xui.
3389 2349 3720 2419 θεογνωσίαν

2141 2456 2438 2527 ἀμώμητον
2497 2456 2526 2506 6
2565 2452 2673 2505 τῶν
2730 2446 3263 2518 παιδαγωγουμένων
3302 2442 3719 2498 καταπιαίνεται

2140 2546 2282 2610 νοῦς.
2312 2546 2443 2606 Ταῖς
2468 2561 2531 2612 γε
2554 2543 2657 2614 μὴν
2684 2544 2763 2605 εἰς
2788 2539 3110 2609 ἀνοσιότητα
3130 2536 3482 2606 συμϐουλίαις
3508 2532 3719 2601 ἑτοιμὸ-

2139 2656 2275 2692 τατα
2300 2638 2567 2707 καταρρεῖ
2600 2634 2735 2705 πρὸς
2757 2634 2855 2704 τὴν
2878 2632 2985 2685 τῶν
3016 2629 3301 2699 αἰσχιόνων
3332 2624 3516 2696 ἐφεσίν
3544 2641 3603 2676 τε
3626 2623 3719 2676 xui.

2141 2727 2465 2799 προθυμίαν,
2520 2725 2770 2779 Τοιοῦτόν
2824 2742 2877 2777 τι
2921 2722 3250 2783 πεπονθότες
3298 2720 3347 2772 οἱ
3400 2716 3460 2781 ἐξ
3504 2715 3720 2787 Ἰσραὴλ

2138 2825 2258 2884 ταῖς
2300 2820 2405 2873 τῶν
2458 2818 2837 2889 Γραμματέων
2888 2818 2981 2871 xui.
3035 2813 3340 2887 Φαρισαίων
3385 2810 3719 2883 παραδόσεσι

2139 2913 2230 2965 xui.
2253 2911 2621 2974 διδασκαλίαις
2650 2912 2699 2963 οἱ
2734 2909 2959 2972 τάλανες
2983 2907 3317 2961 διολώλασιν.
3353 2906 3427 2958 Οὐ
3457 2903 3565 2974 γὰρ
3593 2902 3716 2955 εἴων

2139 3005 2334 3066 αὐτοὺς
2380 3002 2476 3073 τὴν
2524 3002 2698 3073 ἀληθῆ
2746 3000 2841 3053 καὶ
2890 3001 3152 3070 σωτήριον
3196 2999 3331 3051 ἰέναι
3377 2996 3582 3067 τρίϐον,
3619 2994 3718 3062 τὴν

2137 3090 2223 3143 διὰ
2257 3090 2489 3151 πίστεως
2514 3089 2677 3157 λέγω,
2700 3088 2801 3158 τῆς
2839 3090 2919 3151 εἰς
2956 3088 3045 3141 τὸν
3078 3087 3281 3158 Κύριον
3316 3085 3472 3157 ἡμῶν
3513 3083 3718 3154 Ἰησοῦν

480 3171 727 3240 inquam,
759 3186 854 3241 per
889 3171 1069 3233 ﬁdem,
1114 3189 1233 3243 qua
1266 3183 1351 3229 est
1386 3176 1439 3230 in
1482 3174 1764 3229 Dominum
1794 3186 2037 3230 nostrum

2146 3180 2394 3250 Χριστόν.
2414 3148 2523 3233 Kui.
2552 3148 2681 3248 γοῦν
2716 3148 3083 3249 τεθεράπευκε
3120 3148 3217 3247 μέν
3240 3148 3426 3230 τὸν-εκ
3458 3148 3717 3244 γεννητῆς

477 3259 657 3315 Jesum
687 3260 984 3319 Christum.
1018 3263 1293 3334 Siquidem
1322 3275 1513 3321 curato
1540 3280 1627 3330 eo,
1659 3268 1749 3336 qui
1792 3266 1861 3321 ab
1913 3276 2037 3321 ortu

477 3368 650 3407 caecus
675 3364 813 3421 erat,
834 3369 957 3410 cum
980 3371 1074 3425 per
1094 3365 1259 3412 totam
1281 3356 1581 3415 Jerusalem
1603 3360 1770 3415 divini
1794 3361 2038 3415 miraculi

486 3445 903 3514 magnitudinem
928 3449 1344 3516 admirarentur,
1360 3466 1591 3521 cumque
1616 3453 1659 3506 is
1681 3454 1773 3522 qui
1799 3468 1830 3507 a
1853 3455 2040 3509 morbo

478 3535 737 3592 liberatus
766 3547 872 3603 est,
901 3541 1169 3596 medicum
1198 3543 1536 3611 pradicaret,
1587 3543 1791 3599 diserte
1837 3545 2038 3598 clama-

480 3638 606 3684 runt
624 3628 944 3698 hi,quorum
972 3647 1170 3689 munus
1196 3645 1315 3689 erat
1341 3635 1407 3689 ad
1435 3636 1712 3691 veritatem
1734 3637 2035 3692 instruere:

484 3738 503 3770 ι
536 3722 606 3775 Da
634 3720 856 3789 gloriam
886 3723 1014 3786 Deo,
1050 3739 1146 3777 nos
1199 3725 1401 3781 scimus
1432 3726 1573 3783 hunc
1611 3729 1880 3784 hominem
1916 3743 2041 3797 pec-

478 3818 715 3863 catorem
744 3825 864 3864 esse
880 3811 947 3866 ⁷⁸.
985 3830 1004 3863 ι
1042 3812 1296 3868 Testatur
1326 3824 1585 3884 praeterea
1618 3818 1832 3885 quidam
1861 3834 1891 3873 e
1917 3835 2040 3874 san-

477 3901 583 3953 ctis
612 3901 958 3972 evangelistis
999 3901 1110 3970 jam
1152 3908 1469 3961 convenisse
1514 3906 1734 3963 Scribas
1767 3918 1821 3964 et
1852 3896 2039 3964 Phari-

474 4004 633 4053 Saeos,
687 3999 747 4045 ut
799 3992 887 4060 qui
928 3993 1075 4048 illum
1128 3995 1476 4052 conﬁteretur
1521 4014 1640 4054 esse
1698 4000 1971 4056 Christum
2009 4020 2036 4057 a

478 4084 853 4138 communione
880 4085 1138 4143 Ecclesia:
1180 4099 1575 4159 segregaretur.
1628 4092 1861 4159 Idcirco,
1909 4096 2036 4149 dum

480 4176 735 4242 pudorem
769 4192 832 4231 ac
854 4183 1236 4246 reverentiam,
1260 4197 1421 4249 quam
1455 4200 1581 4255 erga
1614 4202 1671 4241 se
1702 4185 1801 4255 ipsi
1833 4188 2035 4242 habue-

480 4276 643 4331 runt,
697 4268 857 4323 saluti
922 4284 1033 4325 suae
1094 4272 1588 4341 imprudentissime
1658 4279 2034 4346 anteferrent;

473 4362 696 4413 (ιιιιηίηο
727 4359 911 4429 glorise
958 4377 1077 4432 qua:
1108 4378 1136 4416 a
1169 4363 1277 4419 Deo
1326 4374 1411 4420 est
1458 4367 1644 4421 inanes
1684 4380 2040 4439 expertesque

2145 3272 2362 3341 τυφλὸν,
2412 3271 2506 3324 xui.
2544 3271 2921 3341 τεθαυμάκασι
2971 3270 3069 3338 μὲν
3118 3268 3343 3323 οἱκατὰ
3392 3268 3571 3320 πᾶσαν
3621 3265 3718 3334 τὴν

2156 3363 2513 3435 Ἰερουσαλὴμ
2534 3363 2632 3433 τῆς
2669 3362 2990 3433 θεοσημείας
3027 3361 3088 3413 τὸ
3115 3361 3362 3431 μέγεθος,
3394 3358 3719 3428 κηρύττοντι

2143 3457 2200 3509 δὲ
2221 3455 2312 3509 τὸν
2344 3454 2523 3525 ἰατρὸν
2549 3454 2628 3525 τῷ
2651 3453 2744 3507 τοῦ
2774 3453 2978 3517 πάθους
3002 3452 3406 3523 ἀπηλλαγμένῳ
3426 3450 3719 3520 διαρρήδην

2145 3546 2381 3616 ἔφασκον
2436 3547 2485 3599 οἰ
2546 3546 2913 3615 παιδαγωγεῖν
2971 3545 3275 3614 ὀφείλοντες
3325 3544 3401 3605 είς
3440 3542 3716 3611 ἀλήθειαν·

2150 3657 2169 3690 ι
2200 3638 2299 3702 Δὸς
2327 3637 2481 3702 δόξαν
2520 3636 2595 3705 τῷ
2626 3636 2765 3707 Θεῷ,
2796 3638 2954 3707 ἡμεῖς
2994 3636 3213 3707 οἴδαμεν
3262 3636 3341 3688 ὅτι
3372 3630 3524 3696 οὗτος
3564 3635 3591 3686 6
3623 3632 3719 3685 ἄνα

2145 3728 2360 3801 θρωπος
2376 3729 2700 3801 ἁμαρτωλός
2725 3728 2890 3781 ἐστιν.
2905 3747 2922 3779 ι
2943 3728 3406 3798 Ἐπιμαρτύρεται
3426 3726 3482 3778 δέ
3503 3743 3586 3785 τις
3609 3722 3720 3775 τῶν

2144 3820 2315 3890 ἁγίων
2353 3820 2783 3890 εὐαγγελιστῶν,
2818 3821 2899 3873 ὅτι
2934 3820 3033 3891 ἤδη
3068 3819 3431 3872 συνετέθειντο
3457 3819 3507 3870 oi.
3542 3818 3723 3887 Γραμ-

2147 3917 2335 3983 ματεῖς
2361 3913 2454 3967 xui.
2479 3915 2527 3966 οἱ
2548 3914 2849 3982 Φαρισαῖοι,
2883 3912 2969 3964 ἵνα
2991 3911 3085 3964 ὲάν
3113 3928 3195 3972 τις
3223 3909 3382 3961 αὐτὸν
3410 3908 3720 3979 ὁμολογήσῃ

2144 4006 2397 4078 Χριστὸν,
2430 4005 2854 4071 ἀποσυνάγωγος
2888 4003 3132 4074 γένηται.
3166 4001 3349 4072 Ταύτῃ
3382 4018 3461 4052 τοι
3498 4000 3590 4052 καὶ
3617 3998 3717 4069 τὴν

2144 4098 2222 4161 εἰς
2250 4096 2509 4168 ἀλλήλους
2536 4096 2666 4151 αἰδῶ
2700 4096 2802 4165 τῆς
2842 4094 3049 4148 ἑαυτῶν
3082 4094 3353 4165 σωτηρίας
3385 4091 3719 4145 ἀϐουλότατα

2144 4190 2628 4261 προτετιμηκότες,
2668 4188 2922 4259 ἀμέτοχοι
2958 4187 3238 4250 παντελῶς
3267 4187 3364 4256 τῆς
3399 4184 3547 4255 παρά
3578 4182 3715 4235 Θεοῦ

2148 4284 2486 4355 μεμενήκασι
2512 4281 2688 4351 δόξης.
2723 4283 2833 4336 Καὶ
2862 4280 3018 4334 τοῦτο
3044 4280 3228 4342 αὐτοῖς
3257 4278 3493 4346 ἔφασκεν
3537 4278 3564 4328 ὁ
3604 4276 3718 4326 Σω-

2143 4377 2265 4448 τήρ·
2309 4393 2327 4427 ι
2369 4375 2492 4438 Πῶς
2519 4373 2747 4428 δύνασθε
2783 4372 3057 4427 πιστεύειν
3099 4372 3255 4434 δόξαν
3304 4368 3433 4439 παρ’
3473 4367 3717 4436 ἀλλήλων

477 4475 494 4507 ι
513 4455 824 4509 xstiterunt.
852 4452 1005 4521 Quod
1032 4454 1140 4510 illis
1161 4457 1498 4512 denuntiavit
1524 4459 1814 4517 Servator:
1850 4480 1868 4514 ι
1895 4461 2039 4529 Quo-

2144 4465 2529 4537 λαμϐάνοντες,
2559 4464 2653 4517 καὶ
2678 4464 2776 4533 τὴν
2798 4463 2954 4529 δόξαν
2980 4462 3077 4532 τὴν
3105 4461 3251 4531 παρὰ
3274 4460 3368 4512 τοῦ
3398 4460 3554 4529 μόνου
3580 4453 3715 4507 Θεοῦ

480 4547 639 4601 modo
684 4547 912 4616 potestis
951 4550 1192 4613 credere,
1243 4549 1469 4621 gloriam
1522 4569 1551 4607 a
1593 4555 1745 4608 vobis
1807 4555 2036 4613 invicem

478 4638 862 4707 percipientes,
894 4646 948 4691 et
976 4640 1227 4708 gloriam,
1269 4656 1387 4709 qua:
1416 4657 1444 4695 a
1473 4642 1586 4697 solo
1617 4643 1728 4698 Deo
1773 4656 1875 4712 est,
1933 4664 2037 4703 non

476 4731 837 4799 quaerentes"
861 4730 884 4782 ?
908 4750 926 4781 ι
960 4731 1024 4785 Ει
1053 4732 1213 4786 etiam
1245 4732 1439 4788 alicubi
1467 4752 1480 4788 :
1518 4754 1536 4787 ι
1562 4736 1654 4790 Van
1684 4740 1855 4802 vobis,
1886 4740 2037 4796 Scri-

480 4822 560 4875 ba:
586 4831 643 4876 et
670 4819 924 4875 Pharismi
971 4824 1302 4893 hypocritae,
1339 4827 1591 4894 quoniam
1646 4830 1893 4884 clanditis
1955 4849 2038 4887 re-

478 4928 638 4980 gnum
683 4914 1027 4968 caelorum".
1067 4934 1085 4965 ι
1139 4913 1461 4971 Scandalum
1514 4920 1676 4989 igitur
1734 4920 1861 4975 lacti
1913 4933 2039 4977 sunt

478 5000 690 5067 populo,
727 5010 781 5055 et
827 5013 1012 5055 contra
1057 5003 1391 5072 majestatem
1419 5006 1620 5063 Christi
1652 5012 1913 5066 continue
1944 5029 2039 5081 pu-

476 5099 659 5156 gnant.
688 5091 800 5162 28
827 5090 964 5149 Hinc
999 5096 1179 5166 itaque
1209 5097 1341 5151 dicit
1371 5098 1435 5153 de
1467 5099 1573 5154 illis
1601 5119 1614 5153 :
1667 5120 1684 5152 ι
1723 5101 1813 5157 Vae
1856 5115 2041 5174 poten-

478 5180 776 5236 tibus.Non
810 5185 1043 5240 cessabit
1072 5187 1217 5242 enim
1247 5188 1399 5243 furor
1430 5205 1582 5244 meus
1617 5204 1803 5247 contra
1839 5197 2037 5261 hostes,

476 5283 524 5325 et
566 5272 829 5339 judicium
869 5276 935 5331 de
976 5277 1208 5332 inimicis
1248 5280 1380 5335 meis
1408 5284 1693 5337 exercebo.
1750 5303 1769 5336 ι
1805 5284 2041 5342 Videsne

475 5378 580 5431 quo
613 5373 769 5433 pacto
794 5367 1136 5423 adversarios
1173 5369 1315 5436 illos,
1344 5381 1399 5425 et
1438 5374 1656 5441 quidem
1705 5375 1891 5430 hostes
1938 5394 2034 5446 ap-

476 5455 677 5520 pellet?
704 5454 769 5508 Et
802 5456 855 5510 in
890 5457 1011 5513 illos
1053 5462 1288 5517 maxime
1324 5463 1560 5517 divinam
1611 5467 1745 5519 iram
1786 5468 2035 5522 incursur-

475 5560 588 5599 ram
631 5560 696 5600 ac
725 5549 1034 5604 savituram
1060 5553 1157 5606 ait.
1194 5554 1298 5608 Par
1324 5555 1469 5609 enim
1504 5557 1621 5622 luit,
1662 5574 1759 5625 par
1798 5558 1900 5612 fuit
1932 5561 2038 5628 ple-

476 5637 544 5689 cti
596 5638 812 5706 gravius
843 5654 955 5702 eos.
1000 5652 1053 5695 et
1092 5642 1357 5713 iudicanti
1411 5648 1649 5703 rationes
1699 5648 1923 5705 reddere
1970 5651 2036 5704 de

546 5789 587 5821 ⁸⁹
622 5790 788 5847 Exod.
813 5810 969 5860 χχιιι,
1006 5796 1059 5851 7.
1130 5798 1177 5835 το
1214 5795 1366 5852 Joan.
1397 5815 1473 5865 ιτ,
1508 5799 1592 5853 ll.
1670 5804 1709 5834 ⁷³
1739 5802 1893 5858 Joan.
1926 5821 1975 5865 v,
2030 5805 2115 5858 Η.

2142 4560 2203 4612 οὐ
2236 4561 2481 4629 (meite;
2520 4576 2538 4608 ι
2582 4559 2694 4610 Καὶ
2750 4556 2856 4626 μὴν
2911 4553 3006 4607 καὶ
3050 4552 3312 4626 ἑτέρωθι·
3352 4568 3371 4602 ι
3402 4549 3536 4603 Οὐαὶ
3588 4549 3717 4617 ὑμῖν

2144 4652 2495 4722 Γραμματείς
2518 4652 2610 4704 xui.
2638 4652 2914 4720 Φαρισαῖοι
2940 4646 3251 4717 ὑποκριταὶ,
3273 4645 3353 4698 ὅτι
3387 4643 3591 4697 κλείετε
3616 4643 3716 4711 τὴν

2147 4742 2421 4811 βασιλείαν
2459 4742 2565 4795 τῶν
2594 4740 2888 4812 οὐρανῶν.»
2926 4738 3225 4793 Σκάνδαλον
3255 4737 3430 4789 τοίνυν
3461 4734 3715 4803 γεγόνασι

2142 4836 2254 4896 τοῖς
2286 4832 2454 4895 λαοῖς,
2480 4833 2574 4885 καὶ
2606 4834 2669 4902 τῇ
2700 4831 2822 4902 δόξῃ
2851 4828 3088 4901 Χριστοῦ
3125 4828 3484 4899 πολεμοῦντες
3512 4826 3571 4878 οὐ
3602 4826 3716 4876 δια-

2144 4923 2523 4993 λιμπάνουσιν.
2554 4923 2735 4993 Ταύτῃ
2765 4939 2846 4974 τοι
2876 4921 3002 4991 περὶ
3024 4919 3203 4974 αὐτῶν
3232 4933 3425 4988 φησιν·
3462 4936 3481 4967 ‹
3505 4917 3640 4969 Οὐαὶ
3665 4918 3715 4968 οἱ

2142 5011 2433 5082 ἰσχύοντες.
2459 5012 2535 5064 O6
2558 5010 2825 5065 παύσεται
2854 5011 2960 5080 γάρ
2998 5027 3098 5080 μου
3130 5012 3158 5062 ὁ
3184 5008 3352 5078 θυμὸς
3386 5009 3450 5059 ἐκ
3475 5005 3582 5058 τῶν
3614 5007 3713 5058 ὑπο

2137 5103 2414 5166 εναντίων,
2453 5103 2545 5154 xui.
2581 5101 2757 5171 κρίσιν
2795 5103 2859 5153 ἐκ
2887 5099 2993 5153 τῶν
3027 5099 3237 5170 ἐχθρῶν
3283 5115 3383 5167 μου
3420 5098 3649 5165 ποιήσω.
3691 5114 3709 5147 ι

2150 5199 2309 5268 Ὁρᾷς
2334 5197 2479 5257 ὅπως
2504 5194 2778 5257 ἐναντίους
2802 5210 2859 5246 τε
2890 5193 3085 5255 αὐτοὺς
3113 5193 3206 5245 xui.
3232 5190 3336 5261 μὴν
3362 5189 3453 5243 καὶ
3486 5187 3714 5259 ἐχθροὺς

2136 5288 2426 5358 ὀνομάζει;
2478 5286 2587 5340 Καὶ
2624 5287 2709 5338 ἐπ’
2752 5285 2947 5348 αὐτοὺς
3001 5283 3063 5355 δὴ
3121 5283 3354 5353 μάλιστα
3404 5281 3473 5333 τά
3514 5282 3578 5333 ὲκ
3615 5280 3714 5347 τῆς

2145 5377 2292 5439 θείας
2318 5376 2486 5447 ὀργῆς
2510 5374 2832 5445 δραμεῖσθαί
2862 5372 3201 5441 φησιν.Ἔδει
3236 5371 3361 5442 γὰρ,
3397 5370 3502 5421 ἔδει
3531 5367 3713 5439 μειζὸ-

2144 5486 2247 5530 νως
2283 5467 2631 5531 κολάζεσθαι,
2680 5468 2772 5519 xui.
2807 5468 2933 5528 τοὺς
2960 5465 3097 5534 ὑπὲρ
3135 5463 3233 5533 τῆς
3260 5462 3366 5515 τῶν
3396 5461 3568 5515 ἄλλων
3604 5461 3709 5512 ἀπ-

2144 5560 2336 5621 ωλείας
2376 5560 2627 5628 ὑποσχεῖν
2673 5558 2750 5628 τῷ
2782 5558 3017 5628 κρίνοντι
3062 5556 3270 5624 λόγους.
3309 5554 3412 5619 Οὓς
3458 5551 3525 5625 ἦν
3566 5554 3713 5615 εἰκὸς

2143 5652 2394 5705 δύνασθαι
2422 5653 2511 5705 xui
2538 5649 2818 5714 διασώζειν
2853 5652 3067 5715 αὐτοὺς,
3100 5652 3256 5720 εἴπερ
3289 5649 3475 5721 ἤθελον
3498 5649 3632 5720 ὀρθά
3652 5666 3710 5701 τε

2197 5809 2234 5838 ’τ
2266 5805 2458 5861 Matth.
2489 5822 2642 5873 χχιιι,
2683 5806 2761 5858 15.
