4094 6366
326 433 400 486 57
1496 441 1562 496 1N
1602 443 1832 498 [sam-3t
1877 443 2005 500 Lm.
2050 447 2088 500 ι.
2133 447 2341 503 οιιΑτ.
2382 446 2424 503 l.
3517 440 3584 493 58

323 559 549 626 φρονεῖν
599 557 772 622 αὐτοὶ,
810 563 905 613 καὶ
935 561 1047 623 τοῖς
1076 560 1258 626 ἄλλοις
1288 563 1493 618 ἅπασιν
1525 567 1624 636 τὴν
1657 568 1736 630 εἰς
1760 567 1900 620 τοῦτ(

2020 567 2250 622 aliorum
2278 567 2521 629 interitu,
2553 578 2714 634 quam
2740 561 3025 632 prohibere
3053 573 3116 614 ac
3143 558 3460 629 propulsare
3489 575 3587 627 po-

325 650 749 718 διακομίζουσαν
793 651 1104 717 καταδεῖξαι
1142 654 1347 725 τρίϐον.
1395 656 1696 726 Ἐπεφὼνει
1743 660 1838 712 καὶ
1885 661 1913 713 ὁ

326 739 618 802 θεσπέσιος
653 739 909 813 Ἰωάννης
934 743 1118 807 αὐτοῖς
1148 746 1241 798 ἐπὶ
1260 745 1320 798 τὸ
1341 745 1443 816 τῆς
1464 747 1751 816 μετανοίας
1776 747 1913 802 ἰοῦσι

325 831 633 902 βάπτισμα⁹
670 853 690 885 ι
725 835 1044 907 Γεννήματα
1070 837 1314 908 ὲχιδνῶν,
1351 838 1433 904 τίς
1461 840 1740 906 ὑπέδειξεν
1763 843 1910 911 ὑμῖν,

327 926 525 992 φυγεῖν
571 926 680 979 ἀπδ
726 928 824 998 τῆς
873 929 1142 1002 μενούσης
1189 933 1397 1002 ὀργῆς;
1435 954 1453 986 ι
1499 934 1692 1000 Γέγονε
1732 935 1912 990 τοίνυν

327 1012 611 1083 ἐκδίκησις
638 1017 789 1087 παρὰ
818 1017 954 1072 Θεοῦ
987 1022 1129 1076 κατὰ
1164 1023 1272 1075 τῶν
1310 1025 1622 1094 ἰσχυόντων·
1657 1026 1909 1096 μάλιστα,

327 1104 477 1156 τοῦτ’
513 1105 628 1159 ἔστι
651 1146 665 1169 ,
691 1108 800 1161 τῶν
829 1112 958 1182 παρ’
983 1112 1166 1176 αὐτοῖς
1192 1113 1455 1180 δυνατῶν,
1486 1117 1654 1187 ἤγουν
1675 1119 1912 1188 ἡγουμέ-

329 1215 454 1258 νων,
492 1201 937 1274 καταδῃωθείσης
972 1205 1153 1258 αὐτῶν
1185 1207 1283 1276 τῆς
1335 1206 1520 1278 χώρας
1549 1210 1645 1262 καὶ
1670 1209 1911 1280 παραδο-

326 1289 517 1360 θείσης
567 1295 683 1356 τοῖς
728 1295 1013 1365 Ῥωμαίων
1064 1299 1467 1367 γενναιοτάτοις
1517 1301 1906 1373 στρατεύμασι.

321 1383 438 1435 Καὶ
473 1382 634 1436 τοῦτο
679 1386 862 1449 αὐτοῖς
905 1391 1330 1461 προμεμήνυκεν
1374 1392 1403 1444 ὁ
1439 1392 1652 1464 Σωτήρ·
1686 1413 1705 1445 ι
1744 1394 1910 1449 Ὅταν

324 1473 470 1527 ἴδετε
519 1475 894 1549 κυκλουμένην
939 1480 1044 1533 ὑπὸ
1089 1483 1467 1551 στρατοπέδων
1503 1482 1601 1552 τὴν
1642 1484 1912 1556 Ἰερουσα-

318 1564 458 1634 λὴμ,
476 1565 598 1618 τότε
626 1563 802 1638 ἐρεῖτε
830 1572 940 1632 τοῖς
968 1570 1140 1640 ὄρεσι,
1162 1572 1449 1643 Καλύψατε
1477 1577 1624 1646 ἡμᾶς
1642 1593 1655 1608 ⁶
1679 1577 1773 1630 καὶ
1796 1578 1909 1641 τοῖς

323 1657 558 1726 βουνοῖς,
587 1659 795 1714 Πέσατε
819 1662 904 1729 ἐφ’
942 1663 1108 1733 ἡμᾶς.
1138 1683 1157 1716 ι
1194 1666 1427 1737 Φοϐερὸν
1457 1664 1550 1722 οὖν
1579 1668 1690 1739 ἄρα
1713 1669 1774 1722 τδ
1804 1671 1906 1740 ὲμ-

320 1752 514 1802 πεσεῖν
541 1752 622 1815 είς
653 1754 842 1824 χεῖρας
877 1755 1008 1809 Θεοῦ
1056 1757 1278 1822 ζῶντοςο
1305 1759 1401 1829 οὐχ
1435 1761 1516 1814 ὄτι
1551 1762 1786 1834 σκληρὸς
1815 1766 1908 1818 καὶ

318 1841 670 1910 ἀμείλικτος·
712 1846 948 1916 χρηστὸς
978 1849 1088 1920 γὰρ
1133 1851 1334 1922 μᾶλλον
1377 1851 1471 1906 καὶ
1496 1853 1697 1922 ἀγαθός
1732 1857 1901 1909 ἐστιν·

316 1929 441 1982 ἀλλ’
474 1931 556 1986 ὅτι
614 1931 864 1990 λυπεῖται
914 1940 1446 2011 καταφρονούμενος,
1501 1943 1630 1997 ὅταν
1679 1946 1906 2009 ἑαυτοὺς

317 2022 562 2090 μάλιστα
603 2027 712 2080 τῶν
747 2030 879 2100 παρ’
898 2032 1063 2085 αὑτοῦ
1099 2035 1456 2104 χαρισμάτων
1491 2036 1906 2110 ἀποστεροῦμεν

313 2115 505 2184 ἡμεῖς.
538 2118 714 2172 καίτοι
742 2120 917 2190 παρὸν
943 2121 1082 2176 ἑλεῖν
1107 2141 1167 2177 τε
1193 2127 1485 2191 πλουσίως
1514 2129 1607 2182 καὶ
1633 2130 1906 2200 ἐντρυφᾷν

313 2208 505 2272 αὐτοῖς
526 2209 798 2281 ἑλομένοις
825 2215 938 2268 εἷκε
948 2233 994 2269 ιν
1017 2218 1131 2281 τοῖς
1158 2220 1290 2289 παρ’
1307 2220 1474 2274 αὐτοῦ
1498 2221 1702 2291 νόμοις.
1747 2224 1907 2277 Ἀπο-

314 2298 621 2368 σειομένοις
650 2320 710 2356 τε
738 2307 865 2370 τοὺς
893 2309 1162 2379 πονηροὺς
1191 2314 1284 2365 καὶ
1307 2313 1556 2378 ἀνοσίους
1578 2315 1687 2368 τῶν
1713 2317 1770 2368 έν
1798 2315 1906 2386 τῷ·

310 2389 372 2440 δε
406 2390 485 2461 τῷ
517 2392 616 2463 βίῳ
642 2393 1016 2463 διδασκάλους·
1050 2402 1100 2454 οῖ
1125 2404 1218 2456 καὶ
1245 2404 1344 2474 τῆς
1368 2403 1605 2470 πίστεως
1624 2407 1724 2478 τὴν
1751 2409 1905 2479 ὀρθό-

313 2500 460 2551 τητα
489 2489 602 2549 τοῖς
634 2488 842 2543 ἑαυτῶν
874 2494 1083 2564 ῥήμασι
1121 2497 1423 2567 παραλύειν
1444 2500 1775 2568 ἐπείγονται,
1808 2503 1902 2556 καὶ

311 2579 440 2639 ταῖς
477 2579 586 2631 τῶν
614 2581 1016 2656 ἀκεραιοτέρων
1055 2587 1257 2659 ψυχαῖς
1298 2590 1402 2662 τῆς
1431 2593 1642 2648 ἑαυτῶν
1675 2595 1900 2667 δυστρο-

316 2667 451 2732 πίας
492 2671 582 2724 τὸν
615 2671 690 2726 ἰὸν
723 2675 1022 2744 ἐκχέοντες,
1058 2682 1503 2754 παρατρέπουσιν
1533 2687 1703 2752 αὑτὰς
1729 2690 1809 2753 είς
1840 2691 1902 2743 τὸ

309 2757 429 2811 δεῖν
453 2760 672 2818 ἑλέσθαι
692 2765 761 2819 τὰ
785 2770 1013 2841 πονηρά.

385 2936 500 2989 Καὶ
525 2937 728 3004 ἐπάξω
762 2942 876 3010 τὴν
903 2945 1072 3016 χεῖρά
1097 2967 1219 3018 μου
1244 2950 1343 3005 ἐπὶ
1377 2953 1474 3019 σὲ,
1506 2956 1605 3009 καὶ
1642 2960 1899 3025 πυρώσω

306 3042 392 3080 σε
428 3031 518 3094 εὶς
545 3033 826 3101 καθαρὸν,
860 3035 1002 3116 τούς
1048 3037 1117 3090 δὲ
1154 3040 1552 3111 ἀπειθοῦντας
1591 3047 1894 3116 ἀπολέσω,

306 3120 417 3174 καὶ
462 3121 693 3189 πάντας
743 3128 1171 3198 ὑπερηφάνους
1216 3135 1581 3190 ταπεινώσειν
1623 3140 1723 3194 καὶ
1772 3142 1898 3196 ἐπι-

305 3211 528 3278 στήσω
580 3215 720 3282 τοὺς
775 3219 978 3286 κριτάς
1025 3236 1160 3289 σου,
1203 3225 1284 3290 ὡς
1321 3229 1387 3280 τὸ
1435 3231 1745 3299 πρότερον,
1795 3233 1893 3288 καὶ

305 3305 457 3372 τοὺς
494 3311 878 3378 συμϐούλους
905 3329 1024 3367 σου
1061 3316 1142 3381 ὠς
1179 3317 1245 3370 τὸ
1271 3318 1572 3390 ἁπαρχῆς.
1608 3324 1718 3378 Καὶ
1746 3325 1897 3393 μετὰ

304 3399 506 3452 ταῦτα
543 3403 828 3472 κληθήσῃ
868 3407 1046 3474 πόλις
1087 3409 1496 3481 δικαιοσύνης,
1527 3418 1898 3483 μητρόπολις

302 3490 505 3556 πιστὴ
541 3492 710 3548 Σιών.
763 3497 926 3550 Μετὰ
975 3500 1085 3567 γὰρ
1134 3503 1417 3569 κρίματος
1465 3506 1805 3573 σωθήσεται
1857 3511 1895 3578 ἠ

302 3582 696 3647 αἰχμαλωσίας
739 3585 951 3654 αὐτῆς,
983 3589 1083 3642 καὶ
1115 3593 1265 3658 μετὰ
1308 3594 1746 3666 ἑλεημοσύνης.
1783 3600 1895 3656 Kal

304 3673 823 3740 συντριϐήσονται
846 3681 902 3731 οι
939 3679 1150 3746 ἄνομοι
1189 3685 1287 3737 καὶ
1314 3687 1368 3738 οἱ
1389 3687 1722 3757 ἁμαρτωλοὶ
1752 3689 1893 3760 ἅμα,

305 3761 415 3814 καὶ
460 3765 518 3815 οἱ
548 3764 1081 3838 ἐγκαταλείποντες
1109 3773 1218 3828 τὸν
1243 3778 1464 3846 Κύριον
1487 3783 1897 3850 συντελεσθῆ-

305 3867 554 3908 σονται.

399 3943 627 4013 Ἐπάγει
670 3947 768 4018 τὴν
815 3950 970 4021 χεῖρα
1016 3951 1182 4007 αὑτοῦ
1221 3954 1371 4021 Θεὸς,
1420 3956 1496 4020 ὡς
1534 3957 1893 4028 πλήττουσαν·

305 4032 558 4086 τοιοῦτον
586 4034 695 4104 γάρ
721 4055 839 4100 πως
866 4039 952 4092 ἀεὶ
978 4041 1087 4095 τῶν
1109 4047 1420 4102 τυπτόντων
1451 4047 1511 4101 τὸ
1537 4049 1743 4120 σχῆμα.
1773 4050 1896 4105 Ὅτι

305 4127 416 4178 οὐκ
435 4127 692 4198 ἀνόνητος
715 4128 867 4183 ἔσται
890 4133 1166 4198 παντελῶς
1193 4138 1377 4201 αὐτοῖς
1401 4140 1434 4208 ὴ
1460 4141 1557 4211 τῆς
1589 4143 1768 4213 χειρὸς
1795 4144 1896 4195 ἐπ-

303 4218 531 4289 αγωγὴ,
558 4219 699 4274 τοῦτ’
733 4222 898 4288 ἔστιν,
935 4227 966 4297 ή
995 4228 1103 4280 τῶν
1131 4229 1321 4284 δεινῶν
1347 4230 1535 4300 έφοδὸς
1567 4251 1625 4286 τε
1655 4237 1749 4289 καὶ
1774 4239 1894 4289 πεῖ-

307 4329 408 4383 ρα,
436 4311 557 4365 οὔτε
589 4312 694 4384 μὴν
715 4315 1042 4389 ἀδιακρίτως
1071 4321 1242 4376 ἅπασι
1281 4325 1348 4378 τὰ
1386 4326 1444 4391 ἐξ
1477 4327 1645 4398 ὀργῆς
1687 4330 1897 4400 συμϐή-

307 4423 491 4468 σεται,
547 4411 824 4480 φροντίδος
864 4412 919 4465 δὲ
971 4417 1066 4468 καὶ
1111 4417 1324 4483 φειδοῦς
1375 4418 1596 4483 ἀξιώσει
1643 4424 1769 4486 τοὺς
1808 4441 1899 4477 πε-

311 4500 696 4566 πιστευκότας,
727 4504 820 4554 καὶ
845 4507 958 4567 τοῖς
984 4505 1225 4575 γνησίοις
1250 4510 1542 4580 ἀπονεμεῖν
1575 4511 1674 4583 τὴν
1698 4514 1792 4567 ἐπὶ
1819 4514 1898 4585 τῷ

2016 660 2182 713 tuisse
2215 659 2379 727 ipsos,
2416 653 2708 710 verisimile
2741 661 2859 717 est,
2891 650 2936 706 si
2967 659 3024 705 et
3057 649 3156 716 ipsi
3192 657 3340 703 recte
3373 663 3584 716 sapere,

2011 759 2065 804 et
2105 749 2316 804 cmteris
2362 747 2612 803 omnibus
2672 744 2860 799 callem
2892 759 2959 798 eo
2999 741 3383 811 perducentem
3430 755 3587 794 ruon-

2011 850 2189 896 slrare
2216 839 2534 893 voluissent.
2565 833 2900 890 Occlamavit
2929 842 2984 886 et
3010 831 3228 886 divinus
3257 829 3494 884 Joannes
3521 830 3586 884 ad

2011 931 2344 1001 poenitentiae
2413 929 2680 998 baptisma
2743 925 3180 981 accedentibus:
3237 940 3256 974 ι
3297 922 3590 990 Progenies

2009 1025 2346 1092 viperarum,
2388 1023 2508 1090 quis
2558 1019 2882 1075 monstravit
2937 1017 3093 1071 vobis
3155 1024 3215 1068 ut
3264 1013 3585 1083 fugeretisa

2010 1114 2187 1170 futura
2221 1115 2298 1169 ira
2321 1113 2409 1167 7'?
2437 1133 2454 1166 ι
2487 1112 2711 1181 Sumpta
2747 1120 2828 1165 est
2857 1125 2986 1180 ergo
3021 1109 3154 1163 ultio
3183 1126 3210 1162 a
3247 1108 3356 1161 Deo
3391 1108 3459 1161 de
3493 1120 3588 1174 po—

2011 1207 2247 1261 tentibus
2277 1206 2512 1259 maxime
2550 1201 2891 1273 praesidibus,
2922 1203 2973 1255 id
3010 1209 3115 1264 est,
3150 1199 3244 1269 qui
3291 1197 3430 1268 apud
3464 1197 3588 1252 illos

2009 1309 2165 1355 erant
2214 1307 2593 1368 prmpotentes,
2651 1293 2903 1348 videlicet
2933 1293 3252 1363 principes;
3294 1289 3473 1344 deleta
3506 1287 3584 1352 ip-

2009 1407 2190 1447 sorum
2218 1392 2456 1459 regione.
2481 1399 2532 1442 et
2561 1386 2996 1457 generosissimis
3016 1383 3387 1438 Romanorum
3417 1380 3586 1448 copiis

2007 1484 2276 1552 exposita.
2317 1481 2762 1548 Praesignificavit
2801 1479 2932 1533 item
2985 1476 3094 1531 illis
3142 1476 3244 1528 hoc
3279 1475 3582 1528 Servatur:

2012 1596 2032 1630 ι
2059 1578 2193 1632 Cum
2216 1576 2460 1630 videritis
2475 1572 2772 1628 Jerusalem
2802 1570 2866 1624 ab
2883 1568 3127 1624 exercitu
3147 1565 3582 1626 circumsessam,

2007 1681 2136 1728 tunc
2188 1670 2383 1725 dicetis
2416 1667 2687 1722 montibus
2721 1680 2736 1720 :
2772 1664 2992 1734 Operite
3023 1677 3156 1726 nos;
3209 1669 3264 1716 et
3301 1659 3531 1715 collibus
3567 1673 3582 1711 :

2007 1767 2253 1825 Corruite
2277 1768 2330 1819 in
2363 1780 2460 1819 nos
2479 1766 2579 1819 τι.»
2611 1763 2946 1818 llorrcndum
2975 1769 3058 1816 est
3088 1759 3251 1829 igitur
3271 1759 3508 1813 incidere
3533 1759 3584 1813 in

2009 1876 2224 1915 mamnn
2259 1858 2353 1912 Dei
2401 1857 2629 1910 viventis
2655 1854 2761 1922 7";
2793 1869 2899 1908 non
2928 1854 3052 1922 quia
3080 1853 3246 1906 durus
3280 1861 3448 1906 estet
3485 1851 3588 1906 im-

1939 1929 1981 1984 Β
2009 1951 2290 2020 placabilis
2319 1963 2336 2002 :
2374 1948 2640 2019 benignus
2664 1955 2747 2002 est
2772 1945 2914 2000 enim
2949 1945 3127 2014 potius
3157 1953 3210 1998 et
3243 1945 3418 1999 bonus
3444 1961 3459 1998 :
3491 1944 3584 1998 sed

2008 2041 2134 2110 quia
2181 2037 2484 2108 deSpicatui
2546 2052 2608 2091 ac
2653 2034 2988 2104 contemptui
3048 2031 3295 2098 habitus,
3360 2034 3586 2088 moleste

2006 2132 2133 2198 fert,
2169 2133 2406 2185 maxime
2469 2129 2686 2199 quando
2721 2127 2820 2196 ipsi
2854 2143 2953 2181 nos
2976 2127 3228 2197 gratuitis
3263 2127 3382 2196 ejus
3429 2127 3586 2181 donis

2007 2226 2281 2293 privamus
2315 2239 2330 2275 :
2363 2221 2529 2276 etiam
2588 2235 2710 2274 cum
2740 2219 2902 2275 liceat
2964 2218 3070 2274 illis
3122 2217 3326 2272 affatim
3379 2217 3506 2283 frui,
3532 2227 3587 2272 et

2006 2312 2413 2379 circumﬂuere,
2479 2310 2637 2364 modo
2673 2309 2881 2379 legibus
2931 2310 2999 2363 ab
3034 2307 3152 2377 ipso
3205 2307 3331 2362 latis
3372 2323 3582 2376 parere,

2007 2405 2284 2475 improbos
2331 2419 2397 2458 ac
2427 2401 2621 2471 impios
2655 2416 2837 2455 rerum
2883 2400 2949 2454 ad
2999 2400 3165 2454 vitam
3196 2399 3586 2468 pertinentium

2006 2511 2364 2568 prasceptores
2444 2509 2630 2550 arcere
2697 2494 2752 2549 in
2826 2494 3067 2548 animum
3146 2493 3580 2557 induceremus;

2003 2589 2095 2658 qui
2133 2599 2242 2641 tum
2293 2586 2414 2640 ﬁdei
2467 2585 2836 2640 sinceritatem
2899 2586 3012 2638 suis
3075 2585 3254 2638 verbis
3296 2597 3580 2643 enervare,

2003 2677 2268 2745 quasique
2299 2677 2488 2730 luxsre
2548 2677 2834 2729 nituntur:
2878 2683 2988 2728 tum
3047 2673 3438 2744 simpliciorum
3467 2672 3584 2724 ani-

2002 2767 2105 2822 mis
2131 2783 2244 2822 sua:
2297 2769 2672 2837 perversitatis
2705 2769 2856 2823 virus
2915 2768 3266 2825 infundentes
3303 2770 3356 2823 in
3393 2767 3578 2838 gravia

2003 2860 2143 2913 mala
2179 2861 2505 2929 detorquent
2535 2870 2589 2914 et
2615 2867 2889 2915 avertunt.

2070 2953 2235 3008 Vens.
2297 2951 2482 3007 25-28.
2523 2950 2595 3004 Et
2637 2950 2893 3005 inducam
2938 2967 3154 3005 manum
3206 2965 3377 3003 meum
3426 2965 3582 3019 super

1999 3055 2065 3110 te,
2101 3055 2147 3099 et
2189 3060 2477 3113 excoquam
2508 3053 2556 3096 te
2589 3043 2660 3094 ad
2700 3058 2891 3110 purum
2937 3057 2956 3096 :
3008 3041 3360 3095 inobedientes
3409 3052 3580 3094 autem

1997 3135 2237 3204 perdam,
2285 3145 2331 3189 et
2357 3150 2534 3187 omnes
2586 3133 2833 3201 superbos
2875 3133 3189 3198 deprimant.
3220 3133 3290 3184 Et
3318 3130 3580 3198 imponant

1990 3230 2198 3298 judices
2229 3236 2346 3280 tuos
2372 3235 2424 3278 ut
2446 3225 2617 3292 prius,
2641 3234 2687 3278 et
2714 3225 3048 3278 consiliarios
3067 3235 3182 3276 tuos
3216 3231 3271 3275 ut
3301 3223 3364 3274 ab
3391 3221 3567 3276 initio.

2000 3318 2069 3371 Et
2114 3327 2224 3386 post
2280 3319 2389 3370 liwc
2417 3314 2681 3368 vocaberis
2738 3314 2920 3366 civitas
2957 3313 3217 3382 justiliw,
3267 3311 3570 3379 metropolis

1997 3411 2169 3483 ﬁdelis
2201 3408 2354 3464 Sion.
2407 3407 2541 3461 Cum
2567 3405 2774 3474 judicio
2819 3408 2955 3457 enim
2983 3405 3278 3458 servabitur
3303 3405 3577 3472 captivitas

1998 3507 2183 3575 ipsius,
2207 3512 2257 3557 et
2283 3518 2400 3556 cum
2418 3498 2802 3553 misericordia.
2831 3496 2895 3550 Et
2919 3507 3284 3550 convertentur
3313 3498 3481 3564 iniqui
3514 3514 3576 3549 ac

1996 3605 2289 3664 peccatores
2356 3589 2554 3653 simul,
2605 3597 2651 3642 et
2693 3587 2782 3656 qui
2845 3587 3231 3658 dereliquerunt
3290 3586 3572 3640 Dominum

1997 3695 2394 3741 consumantur.

2067 3967 2277 4024 lnducit
2307 3980 2525 4020 manum
2581 3979 2734 4019 suam
2766 3963 2929 4030 Deus,
2963 3970 3151 4033 utpote
3193 3961 3500 4017 ferientem.
3529 3962 3577 4016 Is

1996 4063 2141 4117 enim
2167 4075 2385 4129 semper
2429 4067 2513 4113 est
2562 4068 2744 4129 gestus
2785 4055 2896 4126 29
2944 4055 3387 4126 percutientium.
3423 4055 3576 4121 Quod

1998 4164 2178 4209 autem
2212 4166 2434 4221 prorsus
2463 4164 2570 4204 non
2607 4151 2711 4203 erit
2746 4150 2865 4204 sine
2897 4148 3076 4202 fructu
3117 4147 3233 4201 haec
3287 4161 3479 4201 manus
3521 4147 3575 4199 in

1997 4262 2091 4302 eos
2122 4246 2382 4308 inductio,
2416 4245 2518 4298 hoc
2549 4253 2634 4297 est
2655 4282 2670 4308 ,
2735 4257 2915 4296 rerum
2949 4242 3302 4297 adversarum
3336 4241 3577 4296 incursio

2008 4345 2063 4391 et
2115 4336 2360 4397 tentatio.
2398 4348 2496 4388 nec
2545 4333 2857 4402 promiscue
2883 4331 3136 4385 omnibus
3169 4331 3286 4384 lucc
3313 4330 3574 4400 supplicia

2000 4428 2265 4490 accident,
2299 4426 2393 4479 sed
2437 4425 2581 4493 quod
2616 4422 2900 4478 credentes
2925 4437 3057 4476 cura
3105 4430 3162 4476 et
3200 4423 3573 4476 misericordia

1999 4519 2271 4589 dignetur,
2313 4525 2368 4571 et
2395 4516 2644 4585 genuinis
2698 4514 2824 4568 filiis
2856 4513 3209 4568 servatricem
3246 4513 3472 4583 gratiam
3504 4512 3577 4566 sit

307 4608 380 4657 γε
431 4591 541 4643 δεῖν
587 4592 945 4657 διασώζεσθαι
986 4598 1144 4668 χάριν
1191 4600 1430 4655 διδάσκει
1481 4605 1684 4672 σαφῶς.
1722 4607 1897 4662 Πάλαι

2002 4611 2312 4680 largiturus,
2351 4608 2497 4662 clare
2527 4608 2702 4661 docet.
2737 4607 2947 4660 Etenim
2969 4604 3272 4661 Jerusalem
3297 4606 3422 4659 olim
3460 4605 3570 4659 Deo

309 4683 416 4750 μὲν
437 4681 547 4754 γὰρ
566 4685 599 4752 ἡ
633 4685 894 4755 Θεομὰχος
927 4687 1280 4762 Ἰερουσαλὴμ
1306 4694 1710 4766 ἐκπεπόρνευκε
1733 4698 1896 4751 πολυ-

303 4775 530 4843 τρόπως
551 4776 640 4831 διὰ
659 4779 754 4831 τοῦ
781 4777 1070 4851 λατρεῦσαι
1099 4783 1240 4847 Θεοῖς
1267 4785 1496 4856 ἑτέροις,
1527 4790 1808 4861 ἐπήγαγεν
1837 4791 1894 4846 δὲ

308 4867 450 4935 αὐτῇ
487 4865 586 4936 τὴν
617 4869 776 4939 χεῖρα
811 4870 962 4934 Θεὸς,
994 4874 1086 4926 καὶ
1121 4873 1310 4944 ὥσπερ
1345 4878 1451 4929 τινὶ
1496 4881 1629 4950 πυρὶ
1670 4884 1791 4944 ταῖς
1828 4884 1894 4935 ἐκ

307 4956 405 5010 τοῦ
452 4958 695 5028 πολέμου
733 4963 1018 5032 παρεδίδου
1061 4969 1383 5037 συμφοραῖς.
1441 4971 1656 5043 Ἐπειδὴ
1699 4973 1755 5026 δὲ
1795 4973 1894 5026 πέ-

278 5067 532 5120 Ιτ-..ιομφεν
583 5051 642 5116 ἐξ
689 5054 915 5125 οὐρανοῦ
957 5057 1047 5109 τὸν
1093 5058 1220 5113 Υἱὺν
1257 5060 1286 5112 ὀ
1320 5061 1507 5134 Πατὴρ
1538 5063 1769 5134 Σωτῆρα
1799 5064 1894 5118 καὶ

307 5145 632 5217 Λυτρωτὴν,
682 5142 798 5200 εἶτα
836 5153 1235 5222 πεπαρῴνηκεν
1271 5156 1352 5216 εἰς
1383 5156 1565 5222 αὑτὸν,
1607 5157 1701 5211 καὶ
1739 5156 1806 5210 τὰ
1832 5155 1893 5221 ἐξ

307 5237 552 5306 ἀκράτου
599 5237 880 5310 πέπραχεν
914 5244 1192 5308 ἀπονοίας.
1229 5247 1304 5298 Οὐ
1348 5247 1648 5302 διαλέλοιπέ
1680 5267 1740 5302 τε
1771 5253 1892 5314 ταῖς

309 5329 618 5392 ἁπειθείαις
653 5331 862 5401 ἀγρίως
904 5336 1346 5406 περιυϐρίζουσα,
1380 5340 1553 5394 καίτοι
1579 5342 1890 5397 δικαιοῦντα

310 5419 401 5470 τὸν
433 5420 633 5492 ἀσεϐῆ,
669 5424 762 5475 καὶ
799 5424 904 5477 τῶν
935 5429 1177 5498 ἀρχαίων
1205 5430 1688 5503 πλημμελημάτων
1715 5437 1889 5492 ἁπαλ-

311 5511 574 5567 ὶάττοντα
625 5515 714 5568 διὰ
765 5521 862 5586 τῆς
906 5521 1158 5584 πίστεως.
1200 5523 1474 5594 Ἐπήγαγε
1514 5525 1570 5578 δὲ
1607 5527 1744 5599 αὐτῇ
1790 5528 1889 5598 τὴν

315 5608 467 5675 χεῖρα
496 5607 677 5671 πάλιν,
715 5611 810 5662 καὶ
836 5605 944 5664 οἷόν
968 5631 1048 5677 τις
1073 5616 1318 5686 τεχνίτης
1349 5616 1615 5688 διέκρινεν
1639 5619 1698 5671 ἐν
1735 5623 1888 5689 napi,

317 5700 406 5748 καὶ
437 5697 584 5753 ἅπαν
626 5703 726 5772 μὲν
771 5703 892 5757 ὅσον
937 5701 1000 5776 ἦν
1048 5708 1104 5759 ὲν
1132 5708 1266 5779 αὐτῇ
1303 5709 1672 5780 δοκιμώτατόν
1709 5730 1768 5765 τε
1799 5715 1892 5766 καὶ

1949 4731 1959 4739 -
2001 4714 2329 4769 repugnans,
2367 4715 2488 4752 cum
2519 4698 2726 4752 alienos
2752 4698 2882 4753 deos
2939 4698 3165 4752 colendo
3203 4697 3574 4764 multipliciter

2000 4801 2234 4849 scortata
2273 4793 2483 4855 fuisset,
2517 4805 2736 4843 manum
2774 4791 2824 4845 ei
2857 4793 2995 4845 Deus
3028 4791 3259 4854 induxit,
3288 4801 3344 4844 et
3378 4791 3430 4843 in
3449 4790 3573 4844 belli

2000 4885 2338 4941 calamitates
2379 4894 2633 4951 tauquam
2689 4882 2742 4936 in
2781 4883 2959 4952 ignem
2993 4883 3276 4951 quemdam
3318 4881 3569 4950 coniecit.

1956 5039 1962 5045 _
1998 4976 2241 5045 Cumque
2265 4974 2460 5029 deinde
2496 4973 2654 5026 Pater
2683 4973 2876 5027 Filium
2901 4988 2932 5027 e
2957 4973 3095 5026 caelo
3125 4972 3283 5027 nobis
3313 4973 3572 5038 misisset,

1999 5068 2345 5122 Servatorem
2414 5080 2478 5120 ac
2565 5065 3005 5135 Redemptorem,
3055 5073 3274 5133 tumque
3332 5066 3385 5118 in
3445 5081 3570 5119 eum

1997 5159 2257 5215 bacchata
2291 5167 2436 5213 esset
2477 5158 2705 5223 furiose,
2744 5173 2918 5225 eaque
2957 5170 3024 5210 ex
3056 5157 3340 5227 impotenti
3385 5169 3568 5228 patra-

1997 5260 2081 5305 ret
2113 5251 2371 5316 amentia,
2425 5266 2523 5304 nec
2577 5249 2854 5304 desineret
2882 5262 2978 5318 per
3009 5248 3430 5304 inobedientiam
3485 5253 3573 5305 iit--

1993 5343 2130 5412 signi
2155 5343 2477 5396 contumelia
2506 5341 2725 5397 afficere
2749 5358 2894 5410 eum,
2920 5343 3012 5412 qui
3043 5344 3260 5414 impium
3280 5344 3564 5413 justificat,

1995 5443 2051 5488 et
2081 5447 2113 5487 a
2147 5434 2424 5487 veteribus
2472 5431 2692 5502 flagitiis
2751 5449 2848 5502 per
2880 5436 3038 5489 fidem
3073 5435 3299 5500 liberat;
3354 5435 3567 5489 induxit

1995 5524 2044 5577 ei
2083 5538 2300 5577 inanum
2358 5524 2426 5578 de
2473 5525 2700 5593 integro,
2755 5535 2810 5579 et
2866 5527 3017 5580 velut
3059 5525 3253 5579 artifex
3297 5526 3566 5594 quispiam

1999 5622 2121 5690 igne
2174 5620 2432 5674 discrevit
2494 5638 2507 5673 :
2567 5632 2623 5675 et
2680 5621 3120 5688 probatissimum
3179 5634 3245 5674 ac
3309 5619 3566 5674 scleclttm

1999 5729 2167 5782 genus
2214 5713 2549 5770 credentium
2601 5713 2705 5770 sibi
2757 5713 3055 5771 reservavit
3119 5729 3134 5766 :
3201 5711 3570 5767 adulterinum

386 5878 433 5911 ⁷³
462 5877 651 5936 Matth.
693 5897 777 5950 nt,
807 5882 858 5934 7.
935 5883 978 5915 7"
1025 5883 1156 5939 Lur.
1191 5903 1302 5955 ut,
1353 5889 1618 5956 ‘20;xxnt,
1653 5891 1736 5945 50.
1819 5893 1882 5923 “‘

1999 5892 2074 5949 br.
2106 5909 2160 5959 x,
2197 5892 2284 5948 5i.
