4052 6372
460 388 527 449 59
1491 398 1547 453 S.
1590 394 1870 454 CYRILLI
1908 391 2375 450 ALEXANDRINI
2416 390 2735 447 ARClllEP.
3660 389 3728 442 00

460 530 588 568 vero
623 526 675 567 et
716 516 1039 585 l‘r‘jeclilitlllt
1076 518 1243 573 exitio
1301 519 1450 574 dedit
1486 535 1552 574 ac
1585 519 1805 575 delevit.
1838 520 2037 587 Quem-

2152 516 2440 569 ἰπόλεκτον
2464 516 2619 582 γένος
2656 513 2766 566 τῶν
2788 514 3232 565 πεπιστευκότων
3251 509 3408 565 τοῦτο
3431 513 3731 581 τετήρηκεν

462 607 754 662 admodum
814 609 978 678 igitur
1037 612 1126 679 qui
1186 611 1320 681 igni,
1364 611 1449 667 vel
1481 626 1579 675 ms,
1630 611 1715 665 vel
1749 621 2035 682 argentum

462 701 701 767 liquam,
750 713 1060 770 excoquunt
1103 705 1398 772 materias;
1447 705 1520 759 ita
1562 712 1619 760 et.
1661 719 1783 775 ego,
1839 704 2037 770 inquit,

461 807 682 845 exuram
712 804 762 846 te
783 793 849 847 ad
882 809 1099 862 purum.
1134 794 1408 864 Scriptum
1436 807 1522 851 est
1558 806 1739 851 autem
1772 815 1787 851 :
1831 814 1849 848 ι
1880 796 2041 850 Eluet

465 884 723 938 Dominus
760 884 950 939 sordes
981 885 1214 939 ﬁliorum
1242 895 1296 939 et
1351 886 1585 941 ﬁliarum
1642 886 1793 952 Sion,
1824 894 1880 942 et
1915 903 2039 941 san-

462 978 675 1045 guinem
701 992 731 1031 e
766 978 941 1033 medio
977 993 1162 1032 eorum
1190 979 1531 1047 expurgabit,
1566 978 1755 1045 spiritu
1777 976 1963 1046 judicii
1987 986 2042 1032 et

463 1069 673 1123 ardoris
700 1070 767 1124 ⁷⁸.
789 1089 808 1122 ι
862 1069 1075 1123 Dictum
1116 1080 1199 1124 est
1257 1070 1421 1123 etiam
1453 1086 1480 1123 a
1509 1070 1740 1140 quodam
1781 1085 1813 1126 θ
1841 1072 2043 1126 sanctis

464 1162 786 1230 prophetis:
825 1179 843 1213 ε
880 1160 1071 1215 Subito
1117 1161 1377 1215 venietin
1427 1161 1687 1230 templum
1737 1177 1893 1216 suum
1937 1161 2044 1217 Do-

466 1252 663 1318 minus,
699 1266 858 1319 quem
910 1266 1004 1304 vos
1035 1252 1297 1320 quarritis,
1331 1261 1385 1305 et
1437 1250 1673 1321 Angelus
1727 1254 2040 1307 testamenti

464 1357 623 1410 quem
664 1358 759 1397 vos
799 1343 981 1397 vultis.
1025 1344 1165 1398 Ecce
1223 1344 1390 1408 venit,
1439 1343 1571 1397 dicit
1621 1344 1879 1399 Dominus
1912 1364 1924 1399 :
1956 1359 2046 1399 ec-

466 1434 586 1500 quis
618 1433 905 1487 sustinebit
955 1436 1097 1487 diem
1130 1435 1391 1487 adventus
1420 1433 1577 1503 ejus?
1625 1433 1715 1489 Vel
1740 1436 1863 1505 quis
1912 1437 2043 1491 sub-

466 1523 621 1577 sistet
656 1524 706 1576 in
740 1534 1032 1594 conspectu
1080 1525 1237 1590 ejus?
1266 1524 1401 1591 Quia
1445 1525 1559 1592 ipse
1607 1528 1756 1580 venit
1785 1537 2042 1596 tanquam

465 1614 607 1684 ignis
641 1615 899 1683 fornacis,
929 1626 982 1671 et
1009 1625 1272 1685 tanquam
1312 1616 1479 1669 herba
1524 1616 1847 1685 lavantium,
1877 1628 1931 1672 et
1956 1632 2044 1675 se-

468 1707 617 1761 debit
662 1708 923 1772 ccttﬂans,
954 1710 1101 1763 velut
1124 1721 1404 1780 argentum
1428 1724 1482 1766 et
1506 1726 1695 1765 aurum
1718 1713 1787 1767 ".
1822 1730 1841 1763 ι
1872 1711 2050 1769 Aliter

468 1799 630 1851 etiam
691 1801 845 1853 nobis
900 1802 1191 1869 explicabit
1233 1803 1333 1858 ltoc
1357 1806 1574 1873 sapiens
1614 1803 1922 1867 Mattheus,
1963 1801 2044 1855 lo—

2143 612 2200 663 ὲν
2229 608 2505 679 ἑαυτῷ,τό
2527 624 2589 676 γε
2609 606 2714 677 μὴν
2741 605 2994 676 κίϐδηλον
3022 606 3116 658 καὶ
3135 605 3391 676 ἀδόκιμον
3418 624 3492 658 πα
3503 607 3729 677 ραδέδω-

2142 719 2236 755 κεν
2265 704 2343 765 εἰς
2383 702 2602 770 ὄλεθρον
2648 699 2742 752 καὶ
2771 699 3097 769 ἀφανισμόν.
3136 698 3350 766 Ὥσπερ
3389 694 3481 751 οὖν
3514 700 3563 751 οἱ
3597 700 3733 769 πυρὶ

2143 795 2561 864 κατατήκοντες,
2608 792 2641 863 ἢ
2678 792 2958 862 χαλκὸν,ἢ
3010 791 3270 862 ἄργυρον,
3316 790 3733 861 διακαθαίρουσι

2140 886 2238 949 τάς
2277 885 2440 949 ὔλας·
2470 884 2614 937 οὑτω
2651 882 2827 949 κάγὼ,
2860 882 3015 953 φησὶ,
3052 882 3294 951 πυρώσω
3346 883 3427 944 είς
3465 878 3751 951 καθαρόν.¹

2141 980 2455 1048 Γέγραπται
2476 977 2553 1039 δὲ,
2582 976 2665 1028 ὅτι
2698 993 2714 1025 ι
2754 975 3042 1028 Ἐκπλυνεῖ
3072 973 3277 1043 Κύριος
3303 973 3394 1026 τὸν
3428 973 3597 1043 ῥύπον
3627 973 3733 1024 τῶν

2143 1065 2278 1119 υἱῶν
2309 1065 2403 1118 καὶ
2429 1064 2536 1117 τῶν
2566 1063 2885 1134 θυγατέρων
2923 1062 3081 1127 Σιὼν,
3113 1064 3207 1116 καὶ
3241 1063 3301 1115 τὸ
3326 1058 3467 1132 αἷμα
3493 1038 3749 1115 ἐκκαθα-⁸

2146 1162 2252 1231 ριεῖ
2308 1159 2373 1211 ἐκ
2416 1158 2583 1229 μέσου
2616 1155 2814 1221 αὐτῶν,
2863 1159 2920 1209 ὲν
2963 1156 3235 1224 πνεύματι
3269 1154 3504 1226 κρίσεως
3544 1153 3639 1206 καὶ
3675 1155 3736 1205 ὲν

2144 1251 2414 1321 πνεύματι
2453 1249 2721 1312 καύσεως.
2767 1268 2785 1300 ι
2821 1249 3049 1319 Εἴρηται
3079 1247 3135 1299 δὲ
3164 1247 3259 1299 καὶ
3280 1245 3370 1298 διά
3400 1244 3585 1315 φωνῆς
3615 1244 3734 1303 ἑνὸς

2143 1345 2252 1397 τῶν
2290 1343 2461 1411 ἁγίων
2521 1343 2836 1414 προφητῶν,
2876 1342 2957 1395 ὃτι
2995 1359 3013 1391 ‹
3058 1338 3343 1409 Ἐξαίφνης
3375 1338 3495 1409 ἥξει
3534 1338 3613 1400 εἰς
3642 1336 3735 1389 τὸν

2144 1437 2269 1489 ναὸν
2302 1435 2466 1489 αὑτοῦ
2492 1434 2719 1505 Κύριος,
2763 1435 2822 1487 ὂν
2867 1436 3024 1504 ὑμεῖς
3065 1432 3299 1503 ζητεῖτε,
3328 1432 3422 1484 καὶ
3449 1432 3476 1483 ὁ
3504 1429 3735 1499 ἄγγελος

2144 1531 2244 1600 τῆς
2286 1528 2570 1599 διαθήκης,
2613 1527 2671 1579 ὃν
2717 1528 2874 1597 ὑμεῖς
2919 1526 3120 1579 θέλετε.
3154 1525 3286 1578 Ἰδοὺ
3314 1523 3553 1593 ἔρχεται,
3584 1522 3733 1591 λέγει

2145 1618 2370 1691 Κύριος,
2415 1618 2510 1672 καὶ
2544 1618 2628 1682 τίς
2666 1618 2931 1687 ὑπομενεῖ
2967 1615 3181 1687 ἡμέραν
3226 1613 3433 1667 εἰσόδου
3468 1612 3662 1677 αὐτοῦς
3694 1613 3729 1683 ἢ

2144 1710 2230 1774 τίς
2252 1711 2614 1780 ὑποστήσεται
2640 1711 2697 1763 ἐν
2725 1711 2791 1781 τῇ
2823 1708 3061 1779 ὀπτασίᾳ
3099 1705 3264 1761 αὑτοῦ
3282 1745 3296 1767 ,
3329 1706 3409 1758 ὅτι
3436 1704 3597 1767 αὑτὸς
3624 1705 3734 1757 εἰσ-

2148 1802 2482 1873 πεπόρευται
2516 1801 2591 1863 ὡς
2614 1799 2725 1872 πῦρ
2748 1798 3139 1871 χωνευτηρίου,
3170 1798 3262 1851 καὶ
3282 1798 3358 1860 ὼς
3385 1797 3491 1851 πόα
3512 1796 3736 1849 πλυνόν-

479 1902 651 1957 quens
675 1890 741 1942 de
772 1888 991 1943 Christo
1019 1908 1032 1944 :
1068 1909 1087 1941 (
1113 1891 1223 1959 Ego
1252 1893 1467 1959 baptizo
1484 1908 1579 1947 vos
1602 1892 1654 1945 in
1684 1907 1819 1961 aqua
1839 1891 1906 1947 ad
1931 1905 2046 1962 pte-

2152 1912 2279 1958 των,
2314 1895 2408 1947 καὶ
2438 1893 2708 1947 καθιεῖται
2754 1892 3028 1962 χωνεύων,
3066 1890 3139 1954 ὡς
3167 1889 3229 1942 τὸ
3254 1888 3517 1959 ἀργύριον
3553 1888 3645 1941 καὶ
3673 1888 3737 1941 τὸ

473 1982 754 2034 nitentiam
791 2001 804 2035 :
840 1992 895 2036 at
934 1984 1023 2051 qui
1069 1998 1153 2037 me
1208 1986 1485 2052 sequitur,
1525 1984 1719 2039 fortior
1779 1999 1868 2041 me
1920 1993 2037 2049 est,

471 2072 627 2140 cujus
677 2073 892 2127 calceos
938 2090 1040 2127 non
1090 2090 1208 2128 smn
1271 2076 1465 2146 dignus
1499 2086 1735 2145 portare.
1782 2076 1903 2144 ipse
1951 2088 2047 2129 vos

471 2162 763 2230 baptizabit
794 2165 843 2216 in
892 2164 1095 2233 Spiritu
1122 2176 1307 2220 sancto
1331 2178 1383 2221 et
1423 2168 1581 2237 igne;
1631 2167 1786 2235 cujus
1821 2167 2041 2222 ventila-

473 2255 629 2309 brum
686 2256 739 2310 in
794 2272 955 2311 manu
1006 2258 1146 2325 ejus,
1196 2270 1249 2313 et
1279 2262 1603 2330 expurgabit
1647 2276 1830 2315 arcam
1872 2276 2044 2321 suam,

470 2348 927 2419 congregabitque
972 2351 1209 2404 triticum
1234 2367 1389 2405 suum
1427 2353 1478 2405 in
1509 2353 1788 2415 horreum,
1838 2351 2046 2420 paleam

473 2450 653 2493 autem
677 2440 955 2495 comburet
997 2442 1119 2511 igne
1175 2442 1502 2496 inexstincto
1531 2444 1600 2497 "".
1628 2462 1646 2495 ι
1682 2443 1865 2513 Itaque
1916 2443 2051 2496 triti-

472 2543 599 2587 Cum
628 2531 681 2584 in
742 2531 1000 2587 horreum
1048 2532 1362 2602 colligitur:
1404 2532 1781 2600 infrugilernm
1809 2549 1960 2596 vero,
1997 2533 2049 2588 id

470 2633 556 2677 est
606 2623 851 2691 paleam,
911 2625 1050 2693 ignis
1106 2624 1223 2679 fore
1280 2641 1459 2679 escam
1495 2624 1606 2695 30
1638 2626 1787 2679 dicit.
1835 2625 2047 2679 Modum

474 2725 651 2768 autem
684 2717 725 2769 si
749 2718 869 2784 quis
906 2719 1048 2772 scire
1066 2720 1268 2786 cupiat,
1302 2719 1468 2773 verba
1492 2718 1769 2788 proposita
1808 2716 2051 2771 declara-

475 2808 623 2859 bunt.
678 2805 796 2861 Mox
838 2807 980 2861 enim
1039 2809 1248 2878 inquit:
1289 2826 1307 2860 ι
1361 2809 1741 2863 lnohcdientes
1804 2806 2048 2876 perdam,

473 2906 529 2949 et
573 2900 791 2966 perdam
844 2914 1034 2954 omnes
1084 2897 1309 2966 injustos
1338 2918 1365 2955 a
1402 2910 1476 2965 te,
1512 2915 1814 2967 omnesque
1862 2914 2051 2967 super-

476 2989 572 3039 bos
615 2988 935 3054 deprimam.
982 3009 1000 3041 ι
1050 2990 1502 3059 Pcriitsiquidem
1545 2990 1911 3045 lsraelitarum
1954 3005 2052 3042 an-

477 3080 620 3147 tiqua
644 3080 952 3147 nutltitudo,
981 3098 1101 3151 qua:
1126 3083 1176 3135 in
1205 3083 1482 3136 Citristum
1510 3083 1731 3138 admisit
1757 3081 2048 3152 piaculum,

474 3180 527 3223 et
562 3169 975 3239 Redemptorem
1020 3174 1252 3243 negavit.
1290 3174 1649 3227 Exterminati
1699 3173 1895 3243 quippe
1926 3182 2052 3227 sunt

472 3276 660 3315 omnes
703 3265 954 3330 superbi,
986 3275 1038 3318 et
1077 3266 1165 3331 qui
1205 3265 1387 3332 inique
1438 3265 1642 3329 vivunt,
1674 3264 1914 3320 Judaica:
1948 3267 2054 3319 sci-

478 3353 600 3406 licet
646 3354 941 3425 Synagogze
996 3356 1252 3424 praefecti,
1285 3368 1339 3411 et
1388 3357 1666 3427 principes
1711 3357 2052 3410 sacerdotum

474 3444 827 3498 etPhariszci.
853 3444 954 3510 Qui
984 3448 1126 3500 enim
1180 3447 1368 3515 injusti
1411 3463 1515 3499 non
1559 3456 1684 3501 sunt
1720 3456 1774 3502 et
1797 3463 2056 3517 arrogan-

480 3547 584 3600 tes,
617 3538 707 3606 qui
755 3537 888 3604 legis
924 3539 1278 3593 reverentiam
1310 3555 1373 3593 ne
1400 3541 1683 3593 minimum
1721 3541 1937 3609 quidem
1967 3556 2056 3595 cu-

478 3636 620 3691 rant,
672 3642 840 3682 cornu
886 3640 1065 3681 autem
1129 3630 1179 3681 in
1246 3629 1483 3684 sublime
1533 3630 1745 3696 tollunt,
1776 3640 1829 3685 et
1866 3640 2056 3685 contra

479 3718 643 3773 Deum
666 3719 979 3787 iujustitiam
1006 3722 1329 3791 loquuntur?
1350 3723 1764 3777 Dixeruntenim
1794 3742 1805 3777 :
1836 3741 1854 3774 ι
1881 3723 2052 3787 Tolle,

481 3812 627 3876 tolle,
684 3813 831 3866 cruci
866 3812 1026 3884 afﬁge
1069 3813 1216 3866 illiilli
1244 3812 1310 3866 ⁷⁸.
1348 3832 1367 3864 ι
1424 3812 1679 3867 Sublatus
1740 3822 1823 3867 est
1874 3821 2053 3867 autem

478 3903 561 3957 eis
608 3904 926 3973 papulorum
1000 3906 1358 3974 principatus,
1404 3906 1708 3974 designatis
1757 3906 1807 3959 in
1863 3920 2055 3960 eorum

480 3994 653 4049 locum
684 3997 884 4049 sanctis
917 3998 1197 4064 apostolis,
1234 3998 1300 4051 de
1332 3998 1528 4066 quibus
1572 3998 1703 4051 dicit
1734 4016 1746 4051 :
1786 4016 1805 4049 ι
1842 3997 2059 4051 Consti-

482 4098 626 4140 tuam
652 4085 859 4153 judices
896 4098 1013 4142 tuos
1058 4100 1114 4141 ut
1149 4090 1319 4157 prius,
1360 4100 1414 4144 et
1454 4090 1800 4144 consiliarios
1850 4099 1970 4145 tuos
2001 4097 2060 4142 ut

481 4180 551 4232 ab
599 4179 804 4233 initio.»
837 4179 1015 4235 Nihilo
1055 4190 1233 4235 autem
1276 4181 1559 4236 inferiores
1616 4181 1833 4235 fuerunt
1865 4182 2061 4251 priscis

482 4272 588 4326 illis
615 4273 818 4327 sanctis
874 4272 1039 4325 divini
1080 4272 1352 4338 discipuli,
1386 4288 1521 4341 quos
1552 4283 1607 4326 et
1627 4271 1837 4339 iudices
1877 4274 2060 4344 appel-

483 4362 579 4424 lat,
613 4371 668 4415 et
707 4362 1045 4416 consiliarios
1086 4364 1348 4417 nominat.
1392 4363 1698 4431 Utrumque
1748 4364 1893 4418 enim
1929 4382 2061 4435 pra:-

481 4456 760 4520 stiterunt,
796 4456 923 4508 dum
966 4464 1219 4524 tanquam
1257 4456 1468 4522 judices
1504 4458 1894 4524 redarguerem
1932 4470 2059 4525 pec-

481 4552 728 4612 catores,
782 4546 1022 4600 inﬁrmos
1092 4558 1271 4601 autem
1350 4551 1765 4603 cohortarentur
1820 4565 1939 4617 qua:
1992 4552 2057 4605 ad

484 4639 647 4691 robur
680 4639 963 4707 spirituale
991 4639 1097 4694 illis
1151 4641 1268 4693 usui
1300 4640 1495 4695 forent.
1546 4640 1811 4694 Nimirum
1842 4643 2061 4712 sapien-

485 4728 728 4781 tissimus
771 4727 968 4780 Paulns
992 4744 1113 4782 eum
1146 4731 1235 4797 qui
1272 4730 1415 4784 inter
1443 4729 1767 4785 Corinthios
1790 4741 2063 4787 scortatus

483 4829 589 4882 est,
630 4820 848 4873 tradidit
880 4822 1094 4887 quidem
1128 4820 1364 4883 Saturne,
1410 4824 1475 4875 ad
1543 4823 1820 4877 interitum
1856 4824 2060 4887 carnis,

485 4923 545 4963 ut
577 4913 802 4979 spiritus
850 4913 1034 4966 salvus
1086 4914 1241 4967 ﬁeret
1278 4932 1291 4967 :
1328 4914 1615 4968 consilium
1646 4931 1777 4969 vero
1829 4916 1922 4969 dat
1968 4917 2062 4970 bo-

485 5019 637 5068 num,
661 5014 715 5058 et
738 5005 910 5073 inquit
939 5024 951 5058 :
980 5023 1001 5055 ‹
1031 5006 1088 5059 Si
1117 5006 1240 5075 quis
1267 5006 1434 5061 frater
1457 5008 1783 5071 nominatus,
1812 5007 1893 5062 vel
1916 5024 2061 5062 scor-

488 5102 649 5157 tator,
687 5096 768 5151 vel
800 5112 1017 5164 avarus,
1079 5099 1161 5151 vel
1208 5098 1520 5164 idololatra,
1549 5098 1633 5153 vel
1664 5100 2053 5165 subsannator,

488 5189 572 5242 vel
603 5189 873 5252 ebriosus,
900 5191 983 5245 vel
1014 5206 1201 5259 rapax,
1253 5206 1373 5245 cum
1408 5191 1715 5260 huiusmodi
1746 5208 1850 5246 non
1880 5209 2064 5247 come-

490 5282 722 5335 dendum
745 5282 807 5335 ⁷⁸.
825 5301 843 5333 ι
874 5282 950 5335 De
968 5282 1238 5351 judicibus
1266 5295 1321 5339 et
1348 5288 1413 5340 de
1434 5286 1832 5341 consultoribus
1856 5287 1944 5355 qni
1975 5286 2064 5340 hic

491 5373 764 5435 dicuntur,
801 5376 991 5429 beatus
1020 5375 1183 5429 David
1218 5377 1283 5432 ad
1320 5379 1488 5447 ipsam
1522 5375 1816 5433 Jerusalem
1855 5381 1906 5432 in
1939 5380 2064 5447 Spi-

498 5466 599 5517 ritu
628 5476 815 5520 sancto
850 5468 1024 5522 dixit:
1060 5488 1078 5519 ι
1106 5467 1210 5523 Pro
1248 5470 1490 5538 patribus
1523 5472 1627 5526 tuis
1670 5472 1778 5525 nati
1819 5482 1946 5526 sunt
1976 5472 2066 5526 ﬁlii

496 5558 593 5610 tibi
619 5558 709 5624 η’,
740 5577 760 5609 ι
797 5561 895 5613 hoc
923 5570 1025 5622 est,
1054 5560 1170 5615 loco
1199 5574 1408 5631 patrum
1434 5562 1596 5632 geniti
1619 5573 1743 5617 sunt
1764 5564 1855 5618 tibi
1875 5563 2063 5618 liberi:

414 5726 415 5729 η
492 5650 691 5719 quippe
734 5653 823 5721 qui
862 5651 1030 5707 Judaei
1062 5662 1237 5719 erant,
1266 5664 1321 5708 et
1354 5670 1416 5709 ex
1447 5654 1667 5719 Judaais,
1697 5664 1751 5710 et
1792 5655 1885 5710 ﬁlii
1923 5656 2061 5719 eius,

410 5732 421 5753 δ

561 5789 609 5818 ⁷⁸
647 5788 749 5841 lsa.
784 5806 854 5852 tv,
894 5791 943 5843 ri.

1048 5790 1093 5821 ⁷⁸
1126 5790 1349 5846 Malacu.
1386 5803 1465 5857 ιιι,
1503 5792 1552 5855 l,
1598 5790 1650 5843 2.

489 5859 559 5890 "°
593 5859 734 5916 l’sal.
768 5878 911 5924 xuv,
946 5861 1026 5914 l7.

1757 5791 1802 5822 ⁷⁷
1842 5790 2025 5846 Matth.
2064 5807 2145 5856 ιιι,
2188 5793 2272 5857 ll,
2333 5792 2412 5847 l2.

2151 1985 2394 2057 χρυσίον.
2442 2004 2460 2037 ι
2507 1984 2911 2055 Ἐτεροτρόπως
2936 1982 2992 2036 δὲ
3021 1980 3180 2035 τοῦτο
3221 1979 3316 2034 καὶ⁸
3356 1982 3384 2032 ὁ
3414 1978 3575 2048 σοφὸς
3603 1980 3735 2049 ἡμῖν

2152 2078 2430 2141 Ματθαῖος
2463 2077 2720 2144 διασαφεῖ
2751 2075 2923 2143 λέγων
2957 2075 3085 2144 περὶ
3111 2071 3368 2144 Χριστοῦ·
3406 2091 3423 2123 ι
3463 2070 3603 2138 Ἐγὼ
3635 2070 3735 2140 μὲν

2148 2169 2257 2242 γὰρ
2284 2170 2430 2240 ὑμᾶς
2461 2168 2708 2239 βαπτίζω
2746 2169 2804 2219 ὲν
2835 2166 2988 2219 ὕδατι
3021 2166 3100 2245 εἰς
3134 2163 3443 2235 μετάνοιαν·
3482 2163 3510 2213 ὀ
3535 2162 3591 2213 δὲ
3614 2162 3738 2214 ὀπί-

2150 2281 2228 2316 σω
2281 2280 2381 2333 μου
2431 2260 2745 2331 ἐρχόμενος,
2790 2256 3137 2330 ἰσχυρότερός
3185 2273 3284 2326 μου
3326 2254 3495 2317 ἐστὶν,
3530 2248 3590 2307 οῦ
3634 2255 3737 2306 οὐκ

2148 2356 2264 2425 εἰμί
2292 2353 2475 2416 ἱκανὸς
2505 2353 2572 2405 τά
2604 2351 2929 2420 ὑποδήματα
2960 2349 3245 2419 βαστάσαι,
3273 2347 3436 2409 αὐτὸς
3458 2346 3603 2416 ὑμᾶς
3639 2345 3739 2413 βα-

2149 2448 2330 2500 πτίσει
2357 2448 2414 2498 ὲν
2438 2445 2718 2514 Πνεύματι
2748 2443 2887 2511 ἁγίῳ
2912 2443 3007 2495 καὶ
3036 2440 3187 2511 πυρί.
3214 2433 3288 2492 Οὗ
3311 2439 3371 2492 τὸ
3398 2438 3565 2491 πτύον
3586 2440 3642 2490 ἐν
3668 2440 3735 2506 τῆ

2150 2539 2292 2609 χειρὶ
2334 2537 2522 2603 αὑτοῦ,
2565 2536 2660 2589 καὶ
2692 2534 3169 2605 διακαθαριεῖτὴν
3209 2532 3394 2587 ἅλωνα
3417 2530 3602 2590 αὑτοῦ,
3639 2532 3739 2582 καὶ

2152 2627 2369 2692 συνάξει
2394 2628 2486 2681 τὸν
2519 2630 2661 2680 σῖτον
2688 2625 2853 2679 αὑτοῦ
2875 2627 2956 2690 εἰς
2980 2624 3077 2694 τὴν
3106 2624 3411 2693 ἀποθήκην,
3439 2622 3499 2675 τὸ
3528 2622 3583 2674 δὲ
3605 2622 3740 2692 ἀχυ-

2153 2738 2245 2791 ρον
2273 2718 2605 2773 κατακαύσει
2642 2718 2777 2788 πυρὶ
2804 2716 3075 2786 ἀσϐέστῳ.
3112 2734 3130 2767 ι
3162 2713 3372 2768 Οὐκοῦν
3420 2712 3738 2781 συλλέγεται

2150 2812 2179 2863 ὀ
2238 2810 2336 2881 μὲν
2396 2814 2541 2874 σῖτος
2589 2811 2669 2873 είς
2723 2809 3031 2879 ἀποθήκην,
3063 2807 3124 2860 τὸ
3168 2806 3224 2859 δὲ
3264 2806 3535 2878 ἄχρηστον
3568 2804 3736 2870 ἅπαν,

2150 2902 2295 2955 τοῦτ’
2330 2902 2464 2969 ἔστι,
2487 2904 2549 2955 τὸ
2576 2903 2779 2973 ἄχυρον
2818 2901 2988 2971 πυρὸς
3018 2899 3236 2969 εἴρηκεν
3266 2896 3483 2951 ἔσεσθαι
3507 2896 3736 2967 τροφήν.

2151 2997 2263 3050 Καὶ
2298 2996 2437 3059 πῶς,
2481 2995 2534 3048 εἴ
2572 3013 2655 3059 τις
2701 2995 2876 3047 ἕλοιτο
2914 2992 3125 3064 μαθεῖν,
3152 2994 3185 3062 ή
3218 2991 3325 3045 τῶν
3365 2987 3740 3060 προκειμένων

2152 3089 2407 3158 σαφηνιεῖ
2432 3085 2678 3163 δύναμις.
2714 3086 2857 3155 Ἔφη
2898 3083 3005 3154 γὰρ
3036 3080 3197 3145 εὑθύς
3225 3098 3239 3112 ο
3269 3099 3288 3132 ι
3326 3081 3464 3142 Τοὺς
3495 3079 3551 3132 δὲ
3585 3080 3741 3131 ἀπει-

2158 3180 2383 3244 θοῦντας
2417 3178 2689 3243 ἀπολέσω,
2736 3179 2829 3230 καὶ
2877 3175 3062 3244 ἀφελῶ
3104 3175 3314 3235 πάντας
3356 3171 3589 3242 ἀνόμους
3633 3168 3743 3223 ἀπὸ

2108 3266 2127 3288 ⁴
2161 3272 2275 3335 σοῦ,
2308 3272 2401 3324 καὶ
2426 3271 2632 3332 πάντας
2660 3268 3043 3340 ὑπερηφάνους
3072 3264 3412 3320 ταπεινώσω.
3458 3282 3477 3313 δ
3511 3260 3741 3315 Διάλωλε

2160 3364 2257 3434 μὲν
2309 3362 2417 3434 γὰρ
2467 3362 2574 3414 τῶν
2615 3362 2672 3428 ἐξ
2726 3361 2942 3432 Ἰσραὴλ
2990 3361 3024 3429 ἡ
3078 3358 3244 3411 πάλαι
3274 3355 3502 3426 πληθὺς,
3540 3353 3634 3407 καὶ
3662 3352 3743 3415 εἰς

2156 3454 2391 3524 Χριστὸν
2432 3453 2745 3524 ἁσεϐήσασα
2784 3454 2877 3505 καὶ
2910 3449 3264 3523 ἀρνησαμένη
3302 3448 3391 3499 τὸν
3435 3445 3741 3516 λυτρωτήν⁹

2154 3547 2447 3619 ἐξῄρηνται
2479 3547 2535 3598 δὲ
2565 3547 2762 3607 πάντες
2787 3546 2836 3598 οἰ
2862 3545 3200 3614 ὑπερήφανοι
3248 3540 3339 3594 καὶ
3387 3539 3586 3604 ζῶντες
3620 3535 3745 3590 ἀνό-

2160 3658 2296 3712 μως,
2334 3639 2476 3692 τοῦτ’
2504 3639 2670 3701 ἐστιν,
2707 3639 2755 3690 οἰ
2804 3636 2904 3706 τῆς
2948 3635 3216 3688 Ἰουδαίων
3256 3630 3584 3700 Συναγωγῆς
3615 3630 3743 3697 ήγε-

2162 3731 2405 3802 μονεύειν
2445 3731 2721 3800 λαχόντες,
2761 3729 2810 3781 οἰ
2843 3728 3118 3799 ἀρχιερεῖς
3144 3726 3236 3779 καὶ
3271 3724 3574 3793 Φαρισαῖοι.
3618 3718 3746 3778 Πῶς

2159 3822 2267 3892 γὰρ
2292 3823 2391 3875 οὑκ
2422 3821 2488 3875 ἂν
2516 3819 2704 3889 άνομοί
2734 3835 2791 3871 τε
2830 3818 2924 3870 καὶ
2962 3814 3241 3883 ἀλαζόνες,
3282 3815 3329 3867 οἰ
3367 3812 3503 3882 μήτε
3537 3809 3635 3880 τήν
3664 3810 3745 3871 εἰς

2158 3913 2249 3966 τὸν
2283 3913 2445 3982 νόμον
2468 3910 2599 3964 αἰδῶ
2620 3910 2723 3963 κᾶν
2743 3908 2873 3977 γοῦν
2898 3907 3053 3975 ὀλίγα
3080 3923 3139 3959 τε
3172 3904 3612 3975 πεφροντικότες,
3647 3901 3744 3951 επ-

2160 4006 2406 4075 αίροντες
2454 4003 2511 4056 δὲ
2569 4002 2663 4055 καὶ
2717 4002 2780 4055 τὸ
2825 4000 2993 4070 κέρας
3036 3999 3116 4062 είς
3151 3995 3305 4067 ὕψος,
3339 3996 3432 4049 καί
3463 3991 3747 4054 λαλοῦντες

2160 4098 2302 4151 κατά
2337 4094 2429 4148 τοῦ
2454 4094 2590 4147 Θεοῦ
2622 4094 2868 4155 ἀδικίαν;
2899 4092 3167 4162 Εἰρήκασι
3191 4088 3319 4159 γάρ,
3358 4105 3380 4141 ε
3415 4082 3565 4157 Αἶρε,
3598 4078 3744 4154 αἶρε,

2162 4187 2475 4257 σταύρωσον
2512 4185 2693 4239 αὑτόν.
2729 4204 2747 4235 ι
2797 4183 3118 4255 Ἐξῄρηνται
3163 4181 3220 4234 δὲ
3253 4179 3347 4233 τοῦ
3389 4176 3746 4249 καθηγεῖσθαι

2160 4278 2322 4338 λαῶν,
2371 4276 2834 4346 ἁναδεδειγμένων
2871 4275 2980 4328 τῶν
3030 4273 3197 4342 ἁγίων
3247 4270 3581 4333 ἀποστόλων,
3618 4271 3748 4338 περὶ

2161 4364 2235 4425 ὧν
2267 4387 2451 4439 φησιν,
2486 4390 2503 4420 (
2528 4368 2837 4437 Ἐπιστήσω
2868 4367 2994 4429 τοὺς
3024 4365 3215 4436 κριτάς
3244 4380 3335 4416 σου
3365 4363 3439 4425 ὡς
3464 4361 3522 4415 τὸ
3549 4361 3749 4431 πρότε-

2166 4477 2276 4531 ρον,
2304 4459 2544 4522 καὶτοὺς
2571 4456 2906 4528 συμϐούλους
2936 4473 3028 4509 σου
3052 4456 3128 4518 ὡς
3153 4454 3214 4507 τὸ
3242 4454 3518 4523 ἁπαρχῆς.
3536 4472 3552 4501 ι
3582 4452 3749 4519 Γεγό-

2092 4590 2136 4642 D
2161 4568 2283 4605 νασι
2314 4552 2372 4604 δὲ
2416 4552 2537 4603 κατ’
2564 4549 2716 4602 οὐδὲν
2744 4548 3001 4608 ἐλάττους
3028 4546 3137 4599 τῶν
3171 4545 3538 4618 ἀρχαιοτέρων
3577 4543 3747 4611 ἁγίων

2160 4646 2211 4697 οἰ
2243 4644 2519 4697 θεσπέσιοι
2551 4642 2811 4713 μαθηταὶ,
2855 4639 2947 4703 οὒς
2987 4640 3079 4693 καὶ
3116 4643 3310 4712 κριτὰς
3346 4637 3620 4709 ὀνομάζει,
3654 4639 3750 4690 καὶ

2163 4735 2496 4805 συμϐούλους
2529 4733 2811 4786 ἀποκαλεῖ.
2835 4732 3136 4802 Δεδράκασι
3167 4732 3275 4801 γάρ
3304 4731 3609 4800 ἀμφότερα,
3636 4732 3750 4792 τοῖς

2163 4828 2569 4899 ἁμαρτάνουσιν
2627 4825 3051 4893 ἐπιπλήττοντες
3105 4824 3180 4888 ὡς
3237 4824 3442 4894 κριταὶ,
3516 4823 3752 4891 συμϐου-

2161 4918 2408 4981 λεύοντες
2430 4918 2487 4970 δὲ
2512 4920 2625 4980 τοῖς
2644 4917 2973 4988 ήσθενηκόσι
2998 4916 3067 4970 τὰ
3092 4916 3227 4987 πρὸς
3247 4915 3548 4986 εὐρωστίαν
3568 4915 3752 4976 αὑτοῖς

2167 5011 2414 5079 χρήσιμα
2466 5008 2565 5080 τὴν
2610 5008 3009 5077 πνευματικήν.
3050 5007 3161 5061 Καὶ
3207 5006 3336 5074 γοῦν
3374 5008 3402 5059 ὀ
3444 5004 3753 5073 σοφώτατος

2167 5101 2378 5164 Παῦλος
2404 5102 2494 5153 τὸν
2525 5103 2581 5152 ἐν
2612 5100 2861 5171 Κορίνθῳ
2892 5099 3300 5171 πεπορνευκότα
3334 5098 3619 5169 παρεδίδου
3655 5098 3751 5165 μὲν

2168 5194 2245 5263 τῷ
2287 5195 2500 5263 Σατανᾷ
2544 5194 2623 5255 εἰς
2656 5192 2877 5263 ὀλεθρον
2914 5194 3013 5262 τῆς
3045 5192 3268 5264 σαρκὸς,
3311 5192 3400 5244 ἵνα
3431 5190 3492 5243 τὸ
3529 5190 3785 5257 Πνεῦμα,

2170 5286 2338 5355 σωθῇ·
2367 5285 2559 5354 βουλὰς
2580 5286 2636 5338 δὲ
2664 5285 2878 5338 δίδωσιν
2905 5285 3135 5352 ἀγαθὰς,
3164 5285 3256 5338 καί
3287 5302 3450 5355 φησιν
3471 5302 3483 5314 ’
3509 5303 3526 5335 ι
3552 5281 3676 5335 Ἐἀν
3695 5281 3751 5333 δέ

2170 5395 2253 5440 τις
2277 5376 2501 5444 ἁδελφὸς
2526 5375 2944 5445 ὀνομαζόμενος,
2974 5376 3006 5446 ἢ
3032 5376 3245 5445 πόρνος,
3272 5377 3304 5448 ἦ
3338 5376 3685 5440 πλεονέκτης,
3716 5371 3750 5441 ἢ

2178 5469 2589 5540 εἰδωλολάτρης,
2627 5469 2658 5537 ἢ
2690 5468 2946 5540 λοίδορος,
2991 5469 3024 5539 ἢ
3071 5468 3320 5539 μέθυσος,
3367 5471 3399 5541 ἢ
3439 5471 3641 5541 ἅρπαξ,
3676 5472 3753 5542 τῷ

2168 5560 2393 5633 τοιούτῳ
2414 5562 2548 5633 μηδὲ
2568 5562 2884 5615 συνεσθίειν.
2899 5582 2918 5614 ι
2948 5563 3084 5634 Περὶ
3108 5563 3217 5616 τῶν
3241 5564 3423 5617 ἐνθάδε
3445 5564 3754 5634 λεγομένων

2168 5653 2368 5725 κριτῶν
2419 5656 2537 5725 ἦτοι
2578 5654 2897 5724 συμϐούλων
2947 5655 3040 5708 καὶ
3090 5657 3117 5708 ὀ
3166 5656 3432 5725 μακάριος
3480 5654 3643 5724 Δαϐὶδ
3695 5659 3753 5708 ὲν

2524 5792 2566 5821 ⁷⁸
2598 5789 2752 5848 Joan.
2785 5805 2920 5855 xm,
2984 5788 3066 5843 l5.
3171 5789 3215 5819 7’
3248 5789 3265 5842 Ι
3306 5791 3428 5845 Cor.
3467 5806 3518 5856 v,
3574 5790 3627 5853 ὃ,
3661 5789 3746 5842 ll.
