4052 6372
313 451 377 507 Gl
1484 451 1552 506 lN
1596 453 1831 509 lSAlAM
1868 452 1995 510 LIB.
2039 454 2079 509 1.
2123 455 2328 513 ORAT.
2364 455 2404 510 1.
3498 447 3566 502 62

315 571 597 643 Πνεύματι
641 572 783 642 ἁγίῳ
829 571 963 640 πρὸς
1009 570 1176 641 αὐτὴν
1226 570 1328 642 ἔφη
1383 571 1482 643 τὴν
1524 572 1897 644 Ἰερουσαλὴμ,

1964 590 2125 643 ιηιιιε
2180 584 2292 629 tum
2357 575 2479 640 fuit,
2531 572 2851 645 Synagogaz,
2895 569 3063 626 divini
3096 566 3365 638 discipuli.
3412 566 3564 632 Quod

325 686 342 716 ι
368 668 514 718 Ἀντὶ
542 665 649 719 τῶν
690 664 943 734 πατέρων
972 680 1065 715 σου
1116 662 1453 734 ἐγενήθησαν
1484 666 1534 717 οἱ
1577 664 1681 718 υίοί
1725 682 1837 729 σου,
1871 684 1890 717 ι

1999 676 2178 721 autem
2247 667 2447 721 fuerint
2497 678 2682 737 patres
2742 665 3002 728 ﬁdelium,
3052 660 3275 715 Paulum
3328 658 3452 711 audi
3496 657 3570 709 lo-

316 758 462 811 τοῦτ⁹
483 758 648 818 ἐστιν,
665 756 754 807 Ἐν
778 755 926 818 τάξει
951 755 1202 827 πατέρων
1225 756 1478 823 γεγόνασί
1505 774 1588 810 σοι
1614 757 1681 811 τὰ
1699 758 1896 812 τέκνα·

1998 771 2250 828 quentem
2271 780 2284 815 :
2308 780 2326 813 ι
2351 762 2405 815 In
2434 761 2648 815 Christo
2674 759 2815 813 enim
2835 756 2961 811 Jesu
2983 770 3078 824 per
3101 750 3441 819 Evangelium
3468 762 3568 818 ego

316 851 413 903 καὶ
438 849 550 920 γὰρ
574 845 716 919 ἦσαν
744 848 1002 912 Ἰουδαῖοι,
1033 850 1127 901 καὶ
1148 849 1255 901 υἱοὶ
1280 849 1378 919 τῆς
1401 850 1461 902 τὸ
1486 850 1741 921 τηνικάδε
1764 852 1898 904 Συν-

1997 870 2093 910 vos
2125 854 2281 922 genui
2301 853 2399 905 κθ.»
2426 851 2491 905 Et
2522 854 2751 906 iterum:
2780 867 2798 900 ι
2824 846 3019 911 Filioli,
3044 860 3178 913 quos
3220 844 3413 896 iterum
3449 853 3568 907 par-

315 944 544 1013 αγωγῆς
567 945 615 995 οἱ
646 941 921 995 θεσπέσιοι
949 941 1207 1012 μαθηταί.
1244 943 1363 996 Ὀτι
1391 943 1447 996 δὲ
1472 943 1705 1015 πατέρες
1738 945 1900 1013 γεγό-

1999 945 2137 997 turio
2166 944 2335 997 donec
2358 940 2618 994 formetur
2639 938 2885 993 Christus
2917 936 2969 990 in
3006 933 3161 987 vobis
3176 932 3270 984 °°'.
3301 949 3320 981 ι
3358 928 3486 982 Dein
3512 934 3568 981 et

314 1053 442 1089 νασι
485 1035 598 1088 τῶν
644 1035 1103 1097 πεπιστευκότων,
1154 1034 1316 1088 ἄκουε
1370 1033 1584 1088 Παύλου
1623 1036 1895 1104 λέγοντος,

1999 1036 2137 1089 alius
2169 1050 2200 1088 e
2223 1034 2426 1088 sanctis
2451 1030 2747 1101 pr0phetis,
2779 1030 2843 1083 de
2865 1027 3154 1083 Servatore
3181 1022 3421 1078 omnimn
3471 1036 3566 1073 no—

321 1148 338 1179 ι
364 1131 455 1183 Ἐν
470 1128 579 1200 γὰρ
601 1127 820 1198 Χριστῷ
848 1126 1021 1195 Ἰησοῦ
1046 1126 1134 1179 διὰ
1156 1127 1249 1180 τοῦ
1267 1128 1598 1197 Εὐαγγελίου
1620 1127 1728 1196 ἐγὼ
1753 1130 1896 1199 ὑμᾶς

1999 1137 2168 1181 strnm
2218 1123 2459 1187 Christo,
2508 1131 2561 1176 et
2595 1131 2907 1174 sanctorum
2960 1118 3129 1186 ipsius
3178 1111 3561 1181 discipulorum

314 1221 641 1289 ἐγέννησα.»
671 1220 780 1273 Καὶ
814 1219 994 1272 πάλιν·
1034 1238 1053 1270 ι
1082 1219 1281 1272 Τεκνία
1312 1237 1434 1289 μου,
1466 1219 1560 1283 οὒς
1589 1221 1749 1273 πάλιν
1777 1221 1900 1274 ὡδί-

2000 1216 2454 1276 manil‘estatione,
2488 1212 2641 1267 nobis
2694 1213 2765 1265 ita
2799 1217 3209 1268 commemorat,
3258 1212 3312 1258 et
3344 1203 3519 1271 inquit
3549 1220 3562 1254 :

316 1330 413 1373 νω,
447 1313 611 1381 ἄχρις
634 1306 692 1365 οῦ
726 1311 988 1382 μορφωθῇ
1018 1312 1252 1382 Χριστὸς
1270 1312 1326 1364 ὲν
1349 1313 1495 1382 ὑμῖν.
1530 1331 1547 1363 ι
1584 1314 1896 1383 Διαμέμνη-

2004 1329 2022 1361 ι
2057 1309 2196 1363 Ecce
2227 1324 2319 1362 rex
2342 1307 2520 1375 justus
2550 1303 2815 1374 regnabit,
2847 1312 2899 1354 et
2928 1300 3200 1369 principes
3219 1312 3339 1351 cum
3362 1293 3565 1363 judicio

314 1421 409 1456 ται
445 1403 503 1456 δὲ
541 1404 635 1456 καὶ
662 1404 845 1473 ἕτερος
875 1406 1007 1472 ἡμῖν
1031 1403 1139 1456 τῶν
1174 1404 1343 1471 ἁγίων
1376 1404 1671 1473 προφητῶν
1708 1404 1894 1469 αὑτοῦ,

1997 1410 2267 1472 praeerunt
2306 1400 2373 1454 ⁸³.
2412 1414 2435 1449 ›
2490 1397 2624 1452 Nam
2708 1394 2945 1449 Iudaicae
3020 1392 3321 1463 Synagoga:
3379 1399 3563 1455 proce-

316 1496 450 1563 περὶ
491 1495 585 1548 τοῦ
629 1495 847 1547 πάντων
892 1498 923 1565 ἡ
936 1494 1052 1564 μῶν
1090 1496 1339 1566 Σωτῆρος
1377 1492 1634 1565 Χριστοῦ,
1667 1495 1760 1548 καὶ
1798 1495 1899 1565 τῆς

1997 1510 2105 1557 res,
2136 1505 2188 1547 et
2215 1494 2376 1545 vitam
2404 1490 2689 1544 coluerunt
2718 1503 2748 1540 a
2780 1486 2896 1555 lege
2935 1484 3038 1555 31
3073 1482 3479 1539 alienissimam.
3513 1487 3568 1531 et

316 1585 639 1650 ἀναδείξεως
669 1585 777 1639 τῶν
809 1585 979 1655 ἁγίων
1024 1585 1187 1639 αὐτοῦ
1247 1585 1523 1656 μαθητῶν,
1576 1585 1670 1639 καί
1711 1604 1893 1657 φησιν·

1996 1603 2117 1642 cum
2162 1585 2384 1654 judicio,
2432 1583 2484 1637 id
2514 1591 2595 1637 est
2634 1579 2863 1649 justitia,
2890 1588 3075 1647 regere
3110 1573 3248 1627 haud
3280 1576 3564 1625 noverunt.

325 1697 345 1729 ι
382 1678 512 1731 Ἰδοὺ
540 1676 601 1747 δὴ
633 1675 882 1748 βασιλεὺς
914 1676 1119 1738 δίκαιος
1152 1675 1477 1745 βασιλεύσει,
1518 1676 1612 1729 καὶ
1639 1677 1897 1747 ἄρχοντες

1996 1681 2259 1734 Cancrum
2300 1684 2559 1745 regnante
2611 1672 2665 1725 in
2726 1670 2886 1724 terris
2928 1668 3168 1729 Christo,
3226 1672 3282 1718 et
3329 1660 3460 1731 justi
3513 1670 3568 1713 et

322 1770 459 1837 μετὰ
503 1769 733 1839 κρίσεως
762 1766 1069 1838 ἄρξουσιν.)
1105 1764 1169 1819 Οἱ
1210 1764 1308 1835 μὲν
1345 1764 1456 1835 γὰρ
1490 1765 1589 1835 τῆς
1630 1765 1896 1820 Ἰουδαίων

1996 1771 2121 1825 boni
2152 1770 2369 1823 fuerunt
2399 1766 2565 1820 divini
2610 1762 2877 1833 discipuli,
2932 1774 3164 1829 cumque
3202 1756 3406 1828 judicio
3432 1768 3567 1823 pra:-

318 1862 648 1930 Συναγωγῆς
674 1858 984 1928 ἡγούμενοι,
1013 1859 1105 1910 καὶ
1130 1856 1273 1926 ζωῆς
1300 1858 1508 1927 εἴχοντο
1531 1858 1629 1928 τῆς
1654 1857 1897 1928 ἐκνομω-

1998 1866 2286 1919 sederunt:
2320 1860 2513 1929 quibus
2571 1856 2925 1925 inauguratis,
2958 1868 3144 1907 rursus
3186 1850 3376 1903 civitas
3406 1849 3568 1918 justi-

314 1953 503 2021 τάτης,
538 1954 634 2005 καὶ
659 1952 722 2004 τὸ
755 1950 893 2020 μετὰ
927 1950 1184 2020 κρίσεως,
1211 1948 1352 2001 τοῦτ’
1383 1949 1519 2013 ἔστι,
1548 1948 1894 2021 δικαιοσύνης

1967 1929 1969 1964 ζ
1997 1957 2103 2020 tiae,
2130 1962 2184 2007 et
2213 1951 2525 2021 metrOpolis
2561 1917 2751 2013 ﬁdelis,
2782 1917 2937 2008 Sion,
2968 1946 3019 2000 id
3077 1952 3162 1999 cst
3192 1917 3454 2004 Ecclesia,
3485 1947 3567 1993 est

313 2048 505 2118 ἄρχειν
554 2046 655 2099 οὐκ
696 2046 912 2115 ᾔδεσαν.
960 2044 1386 2108 Βασιλεύσαντος
1431 2045 1488 2097 δὲ
1519 2046 1756 2117 Χριστοῦ
1796 2050 1895 2118 τῆς

1998 2045 2284 2116 appellata.
2323 2042 2589 2109 Quoniam
2645 2052 2821 2094 autem
2859 2053 2966 2091 non
3011 2038 3145 2092 citra
3181 2034 3469 2099 delectum,
3511 2040 3568 2083 nt

315 2140 407 2191 ὑπ’
428 2138 678 2209 οὐρανὸν,
703 2137 901 2191 δίκαιοί
924 2155 985 2190 τε
1014 2137 1108 2191 καὶ
1136 2138 1350 2205 ἀγαθοὶ,
1382 2138 1475 2191 καί
1500 2139 1638 2209 μετὰ
1662 2141 1897 2212 κρίσεως

1997 2139 2131 2206 dixi,
2169 2138 2262 2193 sed
2321 2152 2442 2191 cum
2478 2133 2863 2194 sollicitudine,
2902 2139 2957 2186 et
2992 2130 3222 2191 ratione,
3264 2124 3563 2194 etjustitia,

312 2231 596 2301 ἄρχοντες,
631 2230 680 2281 οἱ
714 2227 987 2281 θεσπέσιοι
1016 2227 1270 2295 γεγόνασι
1302 2227 1564 2298 μαθηταί*
1601 2222 1675 2282 ὧν
1704 2230 1894 2284 ἀναδε-

1996 2232 2090 2287 Dei
2137 2230 2382 2285 excoctio
2431 2228 2545 2282 sive
2593 2224 2890 2295 exploratio
2947 2222 3199 2283 habetur,
3245 2234 3365 2288 qua:
3398 2231 3567 2287 genus

310 2318 633 2388 δειγμένων,
679 2316 939 2387 κέκληται
995 2315 1155 2368 πάλιν
1192 2315 1347 2379 πόλις
1382 2308 1748 2389 δικαιοσύνης,
1801 2321 1896 2373 καὶ

1995 2337 2092 2391 per
2125 2320 2282 2375 ﬁdem
2319 2317 2672 2388 approbatum
2725 2313 2985 2369 discernit
3034 2311 3296 2380 planeque
3336 2306 3560 2375 detegit,

316 2407 647 2479 μητρόπολις
691 2405 857 2477 πιστὴ
906 2406 1067 2470 Σιὼν,
1110 2406 1257 2459 τοῦτ’
1296 2406 1465 2470 ἔστιν,
1510 2410 1543 2478 ή
1577 2410 1892 2482 Ἐκκλησία.

1996 2428 2159 2484 porro
2202 2410 2369 2475 addit,
2405 2418 2461 2463 et
2498 2407 2629 2462 dicit
2662 2425 2676 2461 :
2723 2425 2742 2456 ι
2768 2405 2905 2470 Ouia
2940 2419 3061 2458 cum
3088 2400 3293 2469 judicio
3333 2397 3567 2453 servabi-

313 2502 437 2555 Ὀτι
469 2501 529 2553 δὲ
564 2502 663 2553 οὐκ
697 2499 1047 2569 ἀδιακρίτως,
1079 2499 1153 2563 ὡς
1186 2499 1342 2571 ἔφην,
1387 2500 1502 2554 ἀλλ’
1550 2503 1608 2555 ὲν
1655 2504 1895 2574 φροντίδι

1997 2514 2084 2558 tur
2108 2502 2393 2572 captivitas
2418 2499 2553 2567 ejus,
2589 2510 2644 2552 et
2673 2511 2795 2550 cum
2824 2492 3217 2555 misericordia,
3247 2500 3303 2544 et
3332 2498 3566 2542 atteren-

312 2595 407 2646 καὶ
430 2592 574 2662 λόγῳ
606 2592 683 2663 τῷ
716 2592 854 2663 μετὰ
880 2590 1224 2661 δικαιοσύνης
1273 2592 1305 2661 ἡ
1344 2591 1496 2661 παρὰ
1532 2592 1668 2647 Θεοῦ
1704 2594 1894 2662 γέγονε

1993 2607 2082 2651 tur
2110 2595 2277 2664 iniqui
2323 2603 2378 2646 et
2436 2599 2746 2661 peccatores
2796 2586 2978 2652 simul,
3026 2599 3089 2638 ac
3129 2582 3565 2649 derelinquentes

310 2683 576 2754 πύρωσις,
608 2682 725 2753 ἤτοι
754 2681 1066 2752 δοκιμασία,
1099 2681 1329 2752 φανερὸν
1371 2682 1660 2754 καθίστησι
1696 2684 1759 2738 τὸ
1799 2687 1893 2739 εύ-

1994 2687 2277 2743 Dominum
2305 2684 2672 2740 delebuntur.)
2715 2678 2969 2733 Discretis
2996 2676 3139 2732 enim
3169 2672 3479 2745 generibus,
3509 2680 3564 2725 ut

307 2772 610 2843 δοκιμῆσαν
638 2771 795 2840 γένος
817 2771 904 2823 διὰ
930 2771 1028 2841 τῆς
1055 2769 1310 2834 πίστεως
1340 2773 1677 2841 προσεπάγει
1698 2774 1891 2843 λέγων,

1994 2779 2265 2841 dicebam,
2317 2786 2373 2830 et
2420 2790 2485 2830 eo
2518 2774 2608 2843 qui
2660 2770 2889 2827 credidit
2931 2768 3246 2838 approbato,
3273 2765 3443 2819 altero
3466 2778 3567 2815 an-

316 2864 470 2916 ιὊτι
502 2863 637 2933 μετὰ
666 2863 931 2934 κρίματος
965 2862 1267 2933 σωθήσεται
1292 2866 1325 2934 ἡ
1355 2865 1699 2936 αίχμαλωσία
1722 2868 1892 2939 αὐτῆς

1993 2879 2100 2925 tem
2127 2870 2365 2941 graviter
2385 2868 2716 2937 impingente
2744 2881 2758 2918 :
2784 2864 3013 2918 electum
3048 2860 3264 2929 quidem
3293 2865 3563 2911 servatum

308 2957 407 3009 καὶ
444 2956 582 3026 μετὰ
604 2954 991 3025 ἐλεημοσύνης,
1021 2956 1116 3008 καὶ
1150 2956 1593 3027 συντριϐήσονται
1619 2959 1668 3011 oi
1701 2959 1892 3031 ἄνομοι

1991 2973 2105 3029 est;
2166 2963 2258 3017 sed
2307 2961 2466 3031 periit
2524 2957 2782 3029 quidquid
2842 2954 3133 3010 nefandum
3207 2966 3273 3005 ac
3319 2950 3563 3005 odiosum

308 3050 407 3103 καὶ
457 3052 505 3103 οἱ
536 3048 852 3119 ἁμαρτωλοὶ
899 3048 1034 3118 ἅμα,
1084 3049 1179 3101 καὶ
1208 3050 1258 3102 οἱ
1296 3050 1753 3118 ἐγκαταλιπόντες
1802 3053 1894 3108 τὸν

1994 3054 2119 3119 fuit,
2171 3063 2225 3108 et
2284 3053 2406 3106 vita:
2473 3048 2805 3104 dissolutiori
2891 3046 3249 3106 innutritum,
3304 3037 3565 3111 quidquid

308 3140 515 3211 Κύριον
546 3139 1110 3211 συντελεσθῆσονται.»
1146 3141 1590 3211 Διακεκριμένων
1644 3142 1753 3213 γὰρ
1792 3144 1890 3216 ήδη

1994 3148 2155 3217 impie
2189 3145 2346 3207 vixit,
2382 3152 2437 3198 et
2465 3142 2739 3198 Christum
2789 3139 2941 3193 nihili
2999 3138 3146 3201 fecit,
3204 3134 3299 3204 qui
3357 3131 3563 3187 salvum

306 3236 417 3289 τῶν
456 3235 661 3304 γενῶν,
704 3237 798 3288 καὶ
823 3234 916 3288 τοῦ
950 3235 1049 3305 μὲν
1093 3236 1519 3299 πεπιστευκότος
1550 3237 1899 3307 εὐδοκιμοῦν-

1965 3265 1968 3318 ;
2002 3238 2179 3292 facere
2217 3235 2399 3299 novit,
2448 3241 2502 3288 et
2540 3240 2759 3302 peccata
2792 3227 3038 3291 remittit,
3069 3241 3131 3280 ac
3155 3223 3328 3295 gratia
3361 3219 3565 3289 justum

306 3343 420 3394 τος,
457 3329 533 3392 ὡς
573 3329 727 3399 ἔφην,
770 3327 1017 3398 .θατέρου
1050 3344 1115 3396 γε
1164 3326 1272 3398 μὴν
1320 3328 1380 3380 οὐ
1432 3330 1670 3400 μετρίως
1727 3349 1896 3402 προσ-
2001 3330 2183 3384 eﬁicit.

306 3419 693 3490 κεκρουκότος,
729 3418 995 3471 σέσωσται
1042 3417 1142 3488 μὲν
1177 3417 1239 3470 τὸ
1275 3418 1595 3483 ἀπόλεκτον,
1628 3400 1929 3493 ώλόθρευτο
1983 3424 2038 3476 δὲ
2099 3423 2207 3473 πᾶν
2260 3418 2382 3470 ὅσον
2440 3411 2509 3486 ἦν
2561 3416 2619 3466 ὲν
2662 3413 2843 3475 αὐτοῖς
2891 3408 3140 3481 βδελυρὸν
3191 3409 3284 3459 καὶ
3323 3400 3571 3471 ἀπηχθη-

311 3510 493 3582 μένον,
545 3512 639 3564 καὶ
680 3510 936 3573 ἀπονοίας
986 3508 1305 3581 σύντροφον,
1350 3512 1445 3563 καὶ
1521 3491 1783 3581 βεϐιωκὸς
1826 3515 2075 3577 ἀνοσίως,
2141 3511 2236 3564 καὶ
2266 3505 2502 3581 Χριστοῦ
2542 3505 2618 3576 μὴ
2676 3501 3035 3575 πεφροντικὸς
3083 3497 3177 3551 τοῦ
3212 3494 3402 3558 σώζειν
3432 3491 3570 3545 είδὸ-

306 3621 420 3667 τος,
473 3604 567 3656 καὶ
627 3601 867 3661 ἀνιέντος
918 3602 1240 3672 ἐγκλήματα
1286 3604 1379 3655 καὶ
1426 3603 1761 3668 δικαιοῦντος
1823 3610 1889 3678 τῇ
1924 3609 2129 3679 χάριτι.

381 3699 538 3749 Διότι
608 3694 1243 3765 καταισχυνθήσονται
1294 3696 1394 3749 ἐπὶ
1451 3697 1577 3763 τοῖς
1623 3673 1889 3763 εἰδώλοις
1925 3673 1956 3678 Π

1999 3673 2010 3679 “
2071 3702 2231 3753 Vnus.
2262 3697 2354 3759 29,
2388 3695 2476 3749 '50.
2513 3693 2846 3761 Quapropter
2876 3682 3265 3752 confundantur
3306 3679 3358 3732 in
3412 3673 3570 3729 idolis

307 3788 534 3851 αὐτῶν,
564 3786 604 3841 ἁ
634 3787 803 3841 αὐτοὶ
858 3788 1209 3855 ἠϐούλοντο,
1257 3789 1355 3841 καὶ
1405 3790 1891 3858 ἐπῃσχύνθησαν

1994 3793 2126 3855 suis,
2157 3807 2273 3859 qua:
2306 3788 2405 3856 ipsi
2445 3783 2723 3839 nolebant:
2758 3790 2806 3833 et
2843 3776 3051 3844 confusi
3072 3783 3187 3827 sunt
3212 3786 3365 3839 super
3399 3768 3569 3820 hortis

307 3882 406 3934 ἐπὶ
436 3880 562 3946 τοῖς
590 3880 810 3948 κήποις
831 3879 1047 3945 αὐτῶν,
1073 3880 1112 3934 d
1155 3881 1562 3951 ἐπεθύμησαν.
1605 3884 1891 3938 Ἔσονται

1995 3888 2125 3949 suis,
2163 3900 2291 3956 quos
2331 3880 2753 3948 concupiverunt.
2800 3872 2969 3927 Erunt
3009 3867 3197 3922 etenim
3230 3863 3385 3917 veluti
3438 3872 3570 3914 tere-

308 3976 420 4043 γὰρ
448 3976 531 4041 ὠς
552 3973 905 4041 τερέϐινθος,
934 3973 1379 4040 ἀποϐεϐληκυῖα
1416 3972 1489 4026 τὰ
1534 3974 1760 4043 φύλλα,
1792 3976 1892 4029 καί

1999 3979 2205 4033 bim/ms
2249 3991 2365 4047 quw
2425 3972 2612 4042 abjecit
2638 3969 2788 4038 folia,
2827 3974 2876 4019 et
2916 3972 2971 4017 ut
3012 3961 3194 4013 hortus
3230 3970 3423 4026 aquam
3468 3968 3570 4006 non

307 4068 391 4131 ὠς
409 4064 772 4133 παράδεισος
798 4064 955 4133 ὕδωρ
978 4064 1064 4133 μὴ
1090 4064 1266 4132 ἔχων.

615 4078 772 4130 εισος
798 4064 955 4133 ὕδωρ
978 4064 1064 4133 μὴ
1090 4064 1266 4132 ἔχων.
1999 4071 2215 4123 habens.

386 4159 562 4227 Ἐφην
594 4158 676 4209 ὅτι
704 4157 888 4227 διττὴν
914 4160 972 4210 ὲν
988 4158 1199 4220 τούτοις
1226 4159 1254 4210 ὁ
1282 4155 1375 4210 τοῦ
1418 4160 1697 4229 προφήτου
1733 4158 1894 4227 λόγος

2073 4160 2191 4214 Dixi
2246 4155 2624 4227 propheticum
2674 4161 2978 4204 sermonem
3040 4141 3326 4214 genuinam
3375 4137 3429 4191 in
3482 4133 3568 4188 his

308 4251 547 4302 ποιεῖται
608 4249 707 4318 τὴν
754 4248 1026 4320 πρόφασιν
1086 4250 1184 4318 τῆς
1257 4227 1549 4303 Ἰουδαίων
1590 4227 1886 4319 ἀποϐολῆς.

1995 4253 2179 4306 verbis
2205 4264 2426 4304 causam
2484 4242 2679 4299 afferre
2711 4240 3017 4296 Judaeorum
3058 4233 3430 4289 incusationis.
3469 4227 3571 4282 Ge-

308 4340 474 4393 Διττά
492 4340 601 4411 γὰρ
629 4340 808 4393 αὐτῶν
832 4340 903 4393 τὰ
922 4341 1264 4411 ἐγκλήματα.
1284 4341 1457 4394 Πάλαι
1492 4342 1589 4411 μὲν
1618 4342 1726 4415 γὰρ
1752 4342 1887 4395 Θεὸν

1999 4347 2225 4398 nuiuum
2296 4341 2440 4396 enim
2508 4336 2611 4391 fuit
2670 4349 2855 4388 eorum
2929 4330 3157 4385 crimen.
3232 4325 3364 4379 Nam
3442 4322 3568 4377 olim

220 4449 237 4463 δ
309 4432 559 4499 ἀφέντες,
593 4432 685 4485 τὸν
738 4432 835 4485 ἕνα
888 4431 984 4485 καὶ
1026 4431 1205 4501 φύσει,
1260 4433 1351 4485 καὶ
1379 4413 1705 4505 λυτρωτὴν,
1732 4433 1820 4487 λελ

1994 4439 2187 4493 relicto
2240 4449 2349 4490 uno
2402 4442 2455 4486 et
2491 4429 2725 4483 naturali
2767 4426 2875 4479 Deo
2924 4439 2987 4476 ac
3024 4420 3408 4487 Redemptore,
3431 4413 3567 4467 idola

306 4522 603 4593 egetixaotv
634 4521 891 4587 εἰδώλοις,
925 4524 1019 4579 καί
1043 4522 1305 4577 τεθύκασι
1334 4523 1520 4587 θυσίας
1548 4528 1615 4595 τῇ
1662 4528 1889 4597 στρατιᾷ

1993 4531 2295 4591 coluerunt,
2353 4522 2622 4580 sacriﬁcia
2677 4518 2883 4573 militiae
2941 4514 3061 4569 caeli
3099 4511 3566 4569 sacriﬁcaverunt,

306 4615 403 4668 τοῦ
432 4615 685 4686 ούρανοῦ,
717 4616 813 4669 καὶ
855 4619 971 4679 τοῖς
1012 4616 1194 4684 ἔργοις
1244 4616 1353 4668 τῶν
1395 4616 1541 4670 ἰδίων
1596 4617 1793 4689 χειρῶν
1834 4618 1893 4671 τὸ

1988 4635 2042 4678 et
2067 4622 2322 4691 operibus
2349 4631 2604 4673 manuum
2633 4616 2852 4668 Suarum
2875 4608 3078 4663 cultum
3113 4604 3438 4662 deferentes,
3464 4613 3566 4650 non

311 4707 479 4769 σέϐας
542 4708 912 4772 ἀνάπτοντες,
984 4707 1442 4778 δεδυσσεϐήκασιν
1514 4708 1573 4761 οὐ
1634 4709 1888 4779 μετρίως.

1990 4713 2252 4772 mediocri
2297 4711 2575 4779 impietate
2620 4720 2678 4760 se
2699 4702 3132 4757 obstrinxerunt.
3180 4696 3350 4750 Porro
3380 4694 3566 4755 etiam,

323 4798 543 4869 Ἐπειδὴ
577 4797 634 4850 δὲ
662 4797 795 4860 Θεὸς
840 4796 1045 4867 Κύριος
1085 4797 1355 4865 ἐπέφανεν
1415 4798 1567 4867 ἡμῖν,
1623 4797 1893 4861 κατὰμτὰς

1991 4820 2110 4859 cum
2189 4803 2332 4856 Deus
2411 4798 2670 4853 Dominus
2737 4793 3079 4861 apparuisset
3144 4784 3320 4843 nobis.
3380 4792 3439 4834 ut
3488 4790 3571 4834 est

308 4891 349 4943 Γ
356 4890 554 4961 ραφὰς,
585 4891 892 4962 ἠρνήσαντο
931 4890 1025 4942 καὶ
1078 4890 1259 4956 αὑτὸν,
1288 4891 1384 4942 καὶ
1422 4891 1893 4961 πεπαρῳνήκασιν

1992 4894 2047 4947 in
2126 4890 2449 4960 Scripturis,
2509 4891 2775 4955 negarunt
2827 4889 2879 4934 et
2909 4881 3191 4947 ipsum,ac
3234 4873 3439 4927 nefarie
3514 4872 3565 4924 in

306 4981 371 5033 οὐ
394 4980 628 5051 μετρίως
653 4982 733 5044 είς
754 4980 844 5033 τὸν
869 4981 969 5050 τῆς
993 4981 1137 5051 ζωῆς
1162 4981 1424 5051 ἀρχηγόν.
1450 4982 1659 5035 Οὐκοῦν
1682 4982 1887 5051 ἀδελφὰ

1992 4983 2293 5053 principem
2349 4980 2473 5032 vita:
2526 4972 2846 5031 debacchati
2896 4976 3041 5023 sunt.
3098 4965 3287 5033 Itaque
3340 4970 3569 5031 cognata

305 5074 377 5126 τὰ
435 5073 785 5144 ἐγκλήματα,
836 5073 930 5125 καὶ
987 5074 1085 5143 τῆς
1138 5074 1397 5135 ἀπονοίας
1460 5075 1488 5125 ὁ
1536 5073 1739 5143 τρόπος
1788 5075 1888 5127 οὐκ

1992 5084 2047 5131 et
2075 5074 2225 5144 quasi
2267 5084 2523 5142 germana
2572 5066 2791 5120 filerunt
2815 5060 3155 5124 crimina;et
3186 5056 3345 5125 hujus
3382 5068 3569 5107 amen-

305 5163 580 5229 ἀπεοικὼς
605 5165 681 5235 τῷ
705 5164 925 5236 πρώτῳ,
948 5166 1146 5235 μᾶλλον
1164 5166 1220 5218 δὲ
1242 5168 1336 5218 καὶ
1359 5168 1417 5218 ὲν
1450 5166 1600 5237 αἰτία
1630 5166 1888 5230 ἀπονοίας

1995 5170 2081 5222 tite
2128 5167 2319 5221 modus
2374 5162 2541 5233 priori
2588 5159 2690 5214 fuit
2730 5174 2833 5212 non
2874 5153 3189 5211 absimilis:
3228 5152 3338 5204 imo
3391 5148 3570 5217 potius

308 5257 540 5325 μείζονι.
574 5256 683 5309 Καὶ
730 5254 1050 5320 ἐκολάζοντο
1084 5255 1184 5326 μὲν
1215 5257 1356 5309 κατά
1393 5272 1454 5323 γε
1503 5257 1629 5320 τοὺς
1656 5256 1761 5328 πρὸ
1782 5256 1886 5326 τῆς

1992 5258 2165 5326 major
2191 5273 2254 5311 ac
2288 5257 2507 5327 gravior
2534 5263 2617 5308 est
2652 5250 2942 5304 dementia.
2987 5247 3051 5301 Et
3073 5245 3287 5315 quidem
3314 5238 3570 5311 tempori-

304 5348 601 5418 ἐπιδημίας
623 5351 847 5421 καιροὺς
866 5352 985 5413 ταῖς
1009 5350 1117 5402 τῶν
1136 5349 1409 5420 πολεμίων
1426 5349 1658 5417 ἐφόδοις,
1677 5348 1885 5403 πόλεων

1991 5354 2093 5407 bus
2133 5366 2255 5421 qua:
2320 5351 2609 5404 adventum
2681 5348 3105 5413 praecesserunt,
3152 5336 3388 5390 hostium
3428 5334 3568 5385 irrue

305 5441 679 5510 ὲιιπρησμοῖς,
709 5443 873 5493 οἴκων
898 5443 1229 5512 ἁνατροπαίς
1308 5478 1311 5481 ν
1400 5483 1414 5497 .
1496 5482 1508 5495 .
1588 5482 1602 5496 .
1681 5481 1693 5494 .
1772 5481 1785 5495 .
1866 5480 1879 5493 .

1991 5442 2288 5511 ptioniltus,
2352 5437 2631 5491 civitatum
2689 5429 3225 5499 conﬁagrationihus,
3283 5426 3566 5476 domorum

302 5532 495 5585 Ταῦτα
530 5532 638 5603 γὰρ
692 5533 863 5605 ἔδρων
916 5534 1160 5602 ἐφιέντος
1204 5534 1370 5597 Θεοῦ,
1423 5536 1629 5605 Πέρσαι
1685 5551 1745 5587 τε
1790 5534 1885 5587 καὶ

1989 5530 2383 5595 eversionibus,
2411 5526 2728 5582 crudelitate
2756 5523 2939 5593 gladii,
2969 5532 3257 5589 puerorum
3279 5512 3567 5569 occisioni-

306 5624 499 5693 Μῆδοι,
527 5625 834 5689 Μωαϐῖται,
859 5627 953 5679 καὶ
971 5627 1275 5697 Ἰδουμαῖοι,
1299 5626 1392 5680 καὶ
1413 5626 1481 5679 τὰ
1502 5626 1754 5696 περίοικα
1774 5624 1882 5677 τῶν

1989 5626 2113 5690 bus,
2159 5632 2213 5679 et
2265 5621 2587 5676 feminarum
2627 5615 3031 5685 captivitatibus
3074 5608 3285 5664 multati
3332 5612 3458 5662 sunt
3510 5612 3567 5657 et

307 5714 499 5770 ἐθνῶν.
538 5717 753 5787 Ἐπειδὴ
771 5718 847 5783 δὲ,
869 5718 943 5780 ὡς
974 5696 1138 5789 ἔφην,
1174 5720 1268 5771 καὶ
1296 5720 1375 5780 εἰς
1412 5716 1574 5771 αὐτὸν
1609 5718 1883 5788 ἠσέϐησαν

1989 5716 2183 5787 puniti.
2244 5716 2353 5769 Deo
2413 5726 2646 5782 namque
2715 5708 3055 5768 immittente,
3119 5701 3322 5765 Persm,
3403 5696 3562 5761 Medi,

309 5812 402 5864 τὸν
423 5813 659 5881 Χριστὸν
686 5853 700 5876 ,
721 5812 821 5863 οὐκ
854 5811 912 5863 ὲν
959 5811 1137 5879 μείοσι
1162 5810 1271 5863 τῶν
1311 5810 1682 5881 ἀρχαιοτέρων
1710 5811 1870 5878 γεγό-

1986 5809 2250 5876 Moabitm,
2276 5806 2491 5865 ldumzei
2524 5812 2577 5860 et
2605 5801 2804 5860 accolae
2852 5809 3040 5871 gentes
3077 5796 3177 5852 ista
3223 5792 3561 5850 factitarunt.

381 5925 427 5955 ”
462 5923 635 5979 lCor.
673 5940 743 5987 Iv,
779 5924 861 5981 15.
940 5924 1007 5956 ⁸⁰⁶
1040 5923 1214 5981 Galat.
1254 5940 1327 5991 iv,
1374 5924 1454 5978 19.
1532 5925 1571 5956 ⁸¹
1608 5922 1711 5979 lsa.
1743 5921 1833 5990 32,
1876 5923 1922 5977 1.
