4094 6366
489 405 556 458 65
1516 406 1572 460 S.
1614 403 1889 460 CYRILLI
1931 403 2399 459 ALEXANDIHNI
2439 404 2762 461 ABCllll‘ZP.
3672 402 3742 457 6i-

492 523 757 577 C:uterum
805 525 917 591 ubi,
978 525 1425 593 quemadmodum
1467 524 1601 591 dixi,
1650 525 1813 579 etiam
1840 524 1947 594 32
2012 525 2065 577 in

2173 540 2291 575 νασι
2351 524 2558 577 κακῶν.
2617 519 3081 595 Περιπεπτώκασι
3126 518 3236 590 γὰρ
3282 521 3401 582 ταῖς
3460 520 3742 590 Ῥωμαίων

494 620 669 685 ipsum
694 612 966 670 Christqu
993 616 1139 685 impii
1166 614 1409 679 fuerunt,
1463 617 1516 667 in
1573 616 1730 670 malis
1768 616 2062 670 versaban-

495 717 601 772 tur,
654 722 759 761 non
802 708 1100 761 minoribus
1124 716 1217 760 aut
1271 708 1558 761 levioribus
1600 706 1726 770 illis,
1766 722 1885 777 qua:
1928 722 2068 777 pra:-

458 780 463 787 V
496 806 802 853 cesserunt.
855 799 1161 853 lnciderunt
1197 798 1340 852 enim
1374 799 1425 851 in
1468 799 1740 854 Romanos
1772 799 2063 864 exercitus,

494 890 586 958 qui
636 892 942 944 universam
988 888 1226 943 Judzeam
1282 888 1522 943 funditus
1553 888 1889 955 deleverunt,
1941 906 2064 944 cum

498 998 678 1047 nemo,
716 983 805 1053 qui
857 982 1069 1050 quidem
1120 991 1302 1050 posset
1348 981 1577 1045 eripere,
1612 992 1667 1035 et
1699 982 1765 1034 ab
1816 980 1904 1034 illa
1958 990 2065 1034 tam

495 1074 689 1128 acerba
748 1073 1054 1128 calamitate
1138 1072 1403 1137 liberare,
1475 1072 1804 1126 subveniret.
1860 1068 2065 1124 Idcirco

497 1166 665 1219 dicit:
720 1183 738 1215 ι
782 1163 1001 1219 Robore
1051 1162 1424 1217 suifundenmr
1479 1164 1531 1216 in
1575 1162 1729 1216 idolis
1773 1163 1904 1227 suis,
1948 1176 2067 1230 quae

496 1255 595 1321 ipsi
624 1255 944 1311 noluerunt:
974 1265 1029 1309 et
1053 1256 1387 1308 erubuerunt
1428 1254 1480 1307 in
1516 1254 1685 1307 hortis
1734 1255 1867 1319 suis,
1930 1268 2067 1321 quos

498 1347 905 1416 concupierunt.
946 1364 964 1398 ι
1030 1345 1259 1399 Nemora
1316 1344 1577 1414 siquidem
1638 1355 1966 1414 occupantes
2013 1354 2068 1400 et

496 1437 703 1502 colles,
755 1438 950 1491 deinde
1013 1437 1149 1491 idola
1203 1437 1354 1506 juxta
1422 1437 1761 1506 proceriores
1830 1437 2064 1492 arbores

497 1538 819 1592 statuentes,
842 1539 1003 1598 atque
1033 1544 1157 1581 aras
1185 1530 1475 1598 erigentes,
1510 1528 1645 1582 l‘also
1661 1530 2066 1599 cognominatos

498 1622 657 1685 deos,
708 1629 1014 1674 servatores
1042 1618 1403 1688 appellabant.
1435 1628 1491 1673 et
1550 1620 1602 1673 iu
1649 1620 1782 1688 ipsis
1809 1635 2065 1675 manuum

496 1726 715 1764 suarum
766 1711 1019 1780 operibus
1068 1725 1215 1778 spem
1264 1725 1476 1765 onmem
1534 1709 1830 1776 locabant;
1881 1725 2063 1779 posse,

498 1804 693 1871 inquit,
728 1820 787 1859 se
821 1804 1052 1857 inimicis
1095 1803 1405 1872 superiores
1432 1817 1553 1857 esse
1584 1811 1641 1857 et
1697 1803 2056 1858 adversantes

496 1896 654 1951 facile
695 1912 1026 1966 expugnare.
1066 1894 1197 1949 Cum
1242 1904 1420 1948 autem
1460 1894 1808 1950 advenissent
1856 1897 2065 1961 hostes,

495 2001 550 2042 et
580 1990 788 2045 hostilia
822 1989 1096 2051 fecissent,
1124 1997 1178 2041 et
1203 1989 1489 2043 destitutus
1510 2003 1541 2042 a
1561 1988 1666 2042 diis
1698 1990 1813 2043 suis
1829 1990 2068 2043 exstitis-

496 2092 579 2136 set
606 2081 790 2145 lsrael,
822 2082 875 2135 iu
916 2081 1073 2135 idolis
1111 2082 1223 2135 suis
1256 2080 1523 2150 pudefacti
1578 2089 1729 2134 sunt.
1763 2080 1883 2135 Illos
1921 2096 2069 2135 nam-

495 2191 602 2246 que
650 2184 775 2228 ante
823 2173 959 2227 alios
1006 2190 1108 2227 una
1172 2188 1295 2227 cum
1371 2174 1544 2228 hortis
1594 2174 1834 2243 lucisque
1874 2186 2068 2231 exutos

495 2275 915 2337 conspexerunt,
949 2276 1002 2319 et
1031 2281 1153 2320 cum
1210 2265 1451 2322 delubris
1510 2266 1642 2336 ipsis
1673 2274 1730 2320 et
1783 2267 2063 2323 altaribus.

497 2362 824 2414 Exciderunt
863 2359 1027 2429 igitur
1064 2373 1178 2427 spe,
1223 2361 1437 2427 quando
1463 2359 1591 2413 deos
1629 2375 1756 2413 suos
1803 2361 1909 2430 pati
1939 2376 2067 2416 con-

493 2455 854 2521 spicarentur,
916 2461 1025 2504 tum
1082 2451 1315 2519 denique
1369 2450 1459 2504 vix
1520 2451 1881 2521 intelligentes
1939 2454 2068 2508 illud

495 2560 627 2598 voce
655 2545 924 2613 prophetae
946 2543 1147 2596 dictum
1172 2558 1201 2595 a
1242 2542 1352 2597 Deo
1382 2560 1395 2597 :
1434 2561 1452 2593 ι
1485 2544 1546 2597 Et
1582 2544 1670 2595 ubi
1702 2554 1829 2599 sunt
1859 2546 1928 2598 dii
1968 2550 2065 2613 tui,

493 2653 632 2707 quos
658 2641 769 2705 ipse
802 2637 892 2691 tibi
913 2636 1116 2690 fecisti?
1144 2652 1269 2690 num
1294 2648 1513 2706 surgent
1539 2649 1592 2690 et
1622 2639 1912 2693 servabunt
1936 2649 1987 2694 te
2015 2641 2066 2694 iu

495 2742 736 2798 tempore
766 2726 1067 2782 alllictionis
1099 2738 1201 2781 tua:
1217 2727 1321 2780 'l'?
1348 2747 1367 2780 ι
1389 2726 1576 2783 Affecti
1601 2745 1729 2799 ergo
1754 2730 2067 2799 ignominia,

499 2826 552 2875 in
577 2822 683 2875 diis
719 2822 833 2875 suis
869 2835 1006 2888 quos
1034 2820 1429 2887 expetiverunt,
1463 2829 1517 2873 et
1574 2822 1626 2875 in
1661 2823 1855 2888 hortis,
1907 2835 2069 2879 erunt

497 2922 753 2981 tanquam
795 2911 1128 2964 terebinthus
1187 2911 1411 2979 abjectis
1471 2910 1633 2976 foliis,
1673 2924 1727 2967 et
1764 2924 1822 2968 ut
1884 2916 2070 2972 hortus

499 3020 693 3072 aquam
749 3019 853 3056 non
884 3002 1092 3056 habens
1128 3019 1144 3056 :
1183 3002 1235 3055 id
1271 3014 1352 3056 est
1387 3004 1512 3056 nudi
1555 3014 1608 3057 et
1654 3006 2067 3074 deSpectissimi,

496 3106 551 3148 et
580 3097 804 3147 multum
837 3093 1145 3147 laborantes
1190 3092 1496 3157 sterilitate,
1539 3094 1770 3163 spiritali
1818 3096 2070 3152 videlicet

2170 619 2469 688 στρατιαῖς,
2495 617 2542 668 οἳ
2567 618 2659 669 καὶ
2681 618 2860 669 πᾶσαν
2889 614 3057 685 ἄρδην
3083 613 3426 685 ώλόθρευσαν
3459 614 3739 679 Ἰουδαίαν,

2166 708 2538 778 ἐπαμύνοντος
2572 708 2820 772 οὐδενὸς,
2861 708 3030 776 ήγουν
3086 705 3363 770 ἐξελέσθαι
3419 705 3738 774 δυναμένου,

2166 801 2261 855 καὶ
2285 802 2384 870 τῆς
2413 800 2553 853 οὕτω
2586 802 2786 871 πικρᾶς
2808 797 3082 863 ἐξελέσθαι
3112 799 3413 866 συμφορᾶς.
3440 798 3622 869 ταύτῃ
3661 798 3743 857 τοί

2167 909 2354 963 φησιν,
2390 894 2471 945 ὃτι
2498 912 2513 942 ι
2544 891 3117 962 Καταισχυνθήσονται
3156 893 3215 943 ἐν
3241 892 3351 952 τοῖς
3377 888 3611 954 εἰδώλοις
3648 891 3745 942 αὑ-

2166 986 2295 1049 τῶν,
2332 986 2366 1037 ἃ.
2394 985 2547 1037 αὐτοὶ
2594 984 2905 1054 ἠϐούλοντο,
2954 983 3049 1036 καὶ
3080 982 3500 1053 ἐπῃσχύνθησαν
3545 983 3601 1034 ἐν
3632 986 3744 1043 τοῖς

2166 1079 2363 1147 κήποις
2390 1076 2590 1138 αὐτῶν,
2624 1076 2659 1129 ἃ
2697 1075 3064 1147 ἐπεθύμησαν.
3099 1094 3117 1126 ι
3161 1076 3331 1144 Ἀλση
3372 1074 3470 1143 μὲν
3514 1072 3622 1142 γὰρ
3649 1073 3744 1125 καὶ

2168 1169 2408 1240 δρυμοὺς
2451 1167 2980 1237 καταλαμϐάνοντες,
3024 1163 3141 1220 εἶτα
3183 1168 3294 1227 τοῖς
3323 1164 3746 1235 εὐμηκεστέροις

2165 1261 2273 1314 τῶν
2326 1261 2507 1329 φυτῶν
2559 1260 2753 1314 εἴδωλα
2810 1259 3286 1331 περιιδρύσαντες,
3344 1257 3647 1326 ἐγείροντές
3683 1274 3743 1309 τε

2170 1354 2415 1424 βωμοὺς,
2476 1354 2726 1424 σωτῆρας
2804 1353 3136 1414 ἐπεκάλουν,
3188 1352 3315 1412 τοὺς
3364 1347 3746 1417 ψευδωνύμως

2172 1445 2349 1507 θεοὺς,
2390 1443 2485 1498 καὶ
2514 1445 2600 1496 ἐπ’
2638 1444 2822 1506 αὐτοῖς
2873 1444 2983 1505 τοῖς
3023 1442 3203 1514 ἔργοις
3233 1440 3340 1493 τῶν
3375 1439 3519 1492 ἰδίων
3551 1439 3746 1511 χειρῶν

2169 1538 2349 1591 πᾶσαν
2382 1536 2567 1588 ἔθεντο
2588 1536 2687 1605 τὴν
2717 1534 2927 1600 ἐλπίδα,
2952 1534 3047 1605 τὴν
3067 1532 3163 1585 τοῦ
3184 1531 3441 1586 δύνασθαι
3476 1548 3747 1601 κατευμε-

2168 1630 2349 1699 γεθεῖν
2396 1628 2646 1700 ἐχθρῶν,
2695 1628 2789 1681 καὶ
2851 1624 3319 1695 καταγωνίζεσθαι
3371 1624 3568 1697 ῥαδίως
3622 1623 3745 1685 τοὺς

2170 1722 2595 1793 ἀνθεστηκότας.
2634 1719 2848 1790 Ἐπειδὴ
2885 1719 2943 1772 δέ
2974 1720 3021 1772 οἰ
3060 1717 3159 1787 μὲν
3198 1717 3445 1786 πολέμιοι
3474 1713 3744 1785 παρῆσαν,

2168 1814 2262 1867 καὶ
2289 1812 2580 1883 δεδράκασι
2605 1811 2674 1864 τὰ
2704 1808 2936 1881 ἐχθρῶν,
2975 1807 3360 1877 ἀπομεμένηκε
3382 1806 3437 1858 δὲ
3462 1804 3609 1874 παρὰ
3639 1804 3747 1856 τῶν

2173 1904 2318 1958 ἰδίων
2357 1901 2494 1955 θεῶν
2532 1903 2957 1973 ἀνεπικούρητος
3006 1897 3240 1969 Ἰσραὴλ,
3300 1895 3747 1969 κατῃσχύνθησαν

2170 1996 2263 2050 ἐπὶ
2296 1998 2411 2059 τοῖς
2434 1993 2677 2057 εἰδώλοις
2707 1993 2906 2047 αὐτῶν.
2957 1991 3253 2044 Τεθέανται
3301 1988 3409 2059 γὰρ
3432 1990 3627 2051 αὐτοὺς
3655 1989 3749 2043 καὶ

2170 2090 2278 2162 πρό
2304 2106 2367 2157 γε
2399 2088 2509 2141 τῶν
2538 2087 2713 2142 ἄλλων
2739 2084 3187 2157 ἐμπιπραμένους
3211 2083 3344 2154 ὁμοῦ
3376 2085 3484 2145 τοῖς
3516 2082 3745 2151 κήποις,

2170 2184 2339 2255 ἤγουν
2368 2184 2482 2244 τοῖς
2518 2180 2724 2244 ἄλσεσι,
2783 2179 2876 2231 καὶ
2905 2179 3085 2239 αὐτοῖς
3112 2176 3363 2246 τεμένεσι
3395 2175 3490 2227 καὶ
3523 2172 3744 2243 βωμοῖς.

2171 2274 2380 2330 Οὐκοῦν
2430 2272 2840 2344 διημαρτήκασι
2910 2272 3008 2336 τῆς
3055 2269 3302 2333 ἐλπίδος,
3345 2267 3433 2319 ὅτε
3478 2264 3749 2327 παθόντας

2170 2365 2453 2418 τεθέανται
2492 2363 2618 2425 τοὺς
2655 2360 2864 2415 ἑαυτῶν
2918 2360 3095 2423 θεοὺς,
3127 2359 3248 2412 τότε
3306 2355 3552 2417 συνέντες
3598 2354 3749 2424 μόλις

2169 2457 2230 2509 τὸ
2250 2456 2340 2509 διὰ
2366 2456 2463 2525 τῆς
2484 2454 2577 2507 τοῦ
2611 2453 2889 2525 προφήτου
2911 2452 3093 2520 φωνῆς
3123 2449 3408 2521 εἰρημένον
3426 2446 3573 2517 παρὰ
3589 2442 3744 2497 Θεοῦ

2175 2566 2195 2599 ι
2223 2547 2331 2600 Καὶ⁹
2357 2544 2460 2599 ποῦ
2494 2546 2631 2598 εἰσιν
2657 2547 2705 2597 οἱ
2734 2544 2844 2596 θεοί
2875 2560 2988 2606 σου,
3018 2541 3110 2604 οὓς
3140 2541 3398 2609 ἐποίησας
3430 2536 3669 2605 σεαυτῷς
3700 2537 3748 2587 εἰ

2170 2639 2563 2709 ἀναστήσονται
2594 2637 2688 2689 καὶ
2720 2635 2951 2688 σώσουσί
2982 2650 3041 2686 σε
3058 2634 3115 2686 ἐν
3135 2630 3309 2703 καιρῷ
3327 2630 3426 2698 τῆς
3455 2626 3748 2690 κακώσεώς

2172 2749 2264 2785 σου
2288 2749 2303 2797 ;
2334 2750 2353 2784 ι
2378 2730 2645 2793 [Ιαθόντες
2675 2729 2853 2782 τοίνυν
2882 2726 2979 2798 τὴν
3009 2726 3273 2795 ἐντροπὴν
3300 2723 3399 2793 τὴν
3424 2722 3514 2774 ἐπί
3546 2736 3608 2788 γε
3637 2720 3749 2781 τοῖς

2173 2825 2321 2887 ἰδίοις
2358 2824 2519 2886 θεοῖς,
2554 2821 2645 2885 οὒς
2676 2820 3023 2891 ἐπεθύμησαν
3053 2818 3226 2880 αὐτοὶ,
3270 2818 3364 2869 καὶ
3424 2816 3606 2886 μέντοι
3634 2815 3747 2872 τοῖς

2171 2918 2397 2988 κήποις,
2431 2915 2644 2968 ἔσονται
2680 2914 2755 2977 ώς
2793 2911 3099 2982 τερέϐινθος
3137 2908 3541 2976 ἀποϐεϐληκυῖα
3579 2904 3750 2972 αὐτῆς

2169 3011 2237 3063 τὰ
2265 3009 2461 3079 φύλλα,
2493 3007 2587 3061 καὶ
2620 3005 2696 3069 ὡς
2728 3005 3054 3075 παράδεισος
3109 3001 3250 3072 ὕδωρ
3289 3000 3361 3069 μὴ
3407 2999 3567 3069 έχωψ
3601 2995 3747 3048 τοῦτ’

2171 3101 2309 3164 ἐστι,
2338 3099 2534 3170 γυμνοί
2588 3114 2647 3150 τε
2681 3096 2773 3150 καὶ
2797 3096 3130 3164 ἀτιμότατοι,
3170 3094 3263 3146 καὶ
3297 3091 3429 3144 πολὺ
3468 3088 3747 3148 νοσοῦντες

494 3189 758 3241 bonarum
831 3188 1123 3239 actionum.
1202 3184 1562 3239 Terebinthus
1634 3188 1776 3239 enim
1850 3197 1903 3240 et
1966 3189 2069 3244 alia

2174 3193 2273 3261 τὴν
2299 3189 2601 3260 ἀκαρπίαν,
2628 3186 2789 3255 δῆλον
2820 3184 2879 3237 δέ
2904 3184 2984 3237 ὅτι
3004 3182 3099 3251 τὴν
3127 3179 3320 3249 νοητὴν
3350 3178 3447 3248 τὴν
3473 3178 3530 3229 ἐν
3558 3174 3751 3246 πράξε-

494 3282 704 3344 species
729 3292 1063 3345 quaecunque
1109 3275 1384 3338 arborum,
1418 3277 1654 3346 quandiu
1694 3280 1807 3333 suis
1846 3279 2070 3337 ﬂoribus

496 3372 661 3422 densa
698 3375 781 3421 est
813 3377 1096 3429 etornata,
1129 3367 1229 3421 sibi
1267 3367 1519 3421 decoram
1562 3367 1789 3436 gloriam
1827 3370 2067 3424 retinet:

498 3462 710 3514 amissis
742 3469 919 3513 autem
952 3458 1116 3524 foliis,
1151 3458 1254 3512 erit
1290 3458 1440 3512 arida
1482 3476 1544 3513 ac
1583 3477 1771 3529 parum
1810 3462 2070 3529 tortuosa,

496 3570 559 3607 ac
590 3554 740 3606 velut
808 3553 1145 3605 inhonorata.
1193 3550 1390 3605 Hortus
1413 3551 1560 3613 item,
1580 3552 1623 3604 si
1654 3552 1830 3608 fontes
1854 3556 2070 3622 habeat,

488 3649 693 3699 densus
722 3646 826 3699 erit
863 3644 1147 3697 arboribus
1178 3622 1554 3712 fruetuumque
1598 3645 1843 3700 ubertate
1890 3646 2073 3702 multi-

497 3738 686 3790 fariam
742 3736 1016 3788 luxuriat:
1068 3736 1247 3788 siccus
1296 3750 1426 3789 vero
1474 3745 1529 3789 et
1572 3737 1797 3791 humore
1857 3753 2071 3804 carens,

486 3831 717 3883 omnino
746 3829 1045 3882 sterilescet
1082 3826 1350 3880 fructuum
1387 3829 1587 3896 inopia,
1612 3829 1718 3883 imo
1746 3839 1801 3883 et
1836 3831 2073 3900 ipsarum

497 3935 710 3989 quoque
747 3922 1021 3974 arborum.
1078 3920 1433 3972 lnhonoratus
1473 3920 1636 3989 igitur
1669 3930 1724 3973 et
1762 3921 2069 3995 infructuo-

498 4028 591 4066 sus
617 4013 811 4065 mansit
841 4011 1025 4064 Israel.
1058 4011 1189 4076 Quis
1215 4009 1356 4063 enim
1397 4018 1478 4062 est
1516 4011 1731 4064 virtutis
1766 4011 1974 4068 fructus
2015 4015 2071 4068 in

497 4103 763 4156 idolorum
820 4100 1156 4154 cultoribus?
1204 4105 1311 4154 Aut
1355 4100 1539 4169 quidni
1572 4103 1641 4155 sit
1682 4103 1872 4171 plenus
1923 4106 2072 4159 omni

491 4195 760 4248 dedecore
788 4204 842 4247 et
866 4193 1281 4261 contemptione,
1306 4193 1396 4261 qui
1427 4194 1633 4247 deserit
1656 4212 1817 4249 unum
1841 4208 1894 4250 et
1915 4206 2073 4251 natu-

496 4302 558 4338 ra
590 4285 788 4339 Deum?
840 4304 857 4336 ι
901 4286 992 4354 qui
1029 4286 1160 4339 dicit
1213 4284 1353 4352 ligno
1386 4304 1400 4338 :
1455 4286 1616 4339 Pater
1647 4302 1796 4339 uicus
1826 4302 1884 4341 es
1916 4297 1995 4353 tu,
2018 4298 2074 4342 et

494 4377 657 4446 lapidi
685 4397 695 4432 :
729 4377 809 4431 Tu
851 4394 935 4431 me
972 4378 1201 4448 genuisti
1223 4377 1306 4430 εει
1339 4395 1359 4428 ι
1398 4376 1509 4431 Erit
1541 4390 1715 4432 autem
1745 4379 1850 4449 33
1884 4392 1939 4434 ct
1967 4382 2073 4436 alio

492 4468 659 4519 modo
727 4465 887 4521 Israel
980 4466 1128 4519 velut
1196 4466 1532 4521 terebinthus
1605 4466 1829 4532 objectis
1909 4470 2069 4525 foliis.

2179 3302 2261 3338 σιν
2290 3283 2540 3351 ἀγαθαῖς.
2585 3280 2652 3333 Ἦ
2694 3279 2792 3349 μὲν
2841 3280 2950 3347 γάρ
2993 3272 3330 3346 τερέϐινθος,
3364 3272 3531 3340 ήγουν
3568 3266 3749 3335 ἕτερόν

2175 3374 2365 3428 τιτῶν
2401 3371 2604 3442 φυτῶν,
2649 3371 2753 3433 ἓως
2804 3368 2902 3437 μὲν
2948 3369 3066 3428 ταῖς
3115 3364 3270 3425 ἰδίαις
3320 3361 3506 3422 avom;
3558 3360 3750 3427 ὁρᾶται.

2177 3466 2512 3534 κατάκομον,
2566 3462 2665 3531 τὴν
2718 3459 2868 3529 αὐτῷ
2916 3459 3231 3529 πρέπουσαν
3269 3451 3540 3514 ἀποσώζει
3571 3447 3746 3511 δόξαν

2178 3556 2550 3627 ἀποϐεϐληκὸς
2573 3555 2629 3607 δέ
2656 3553 2724 3606 τὰ
2745 3551 2938 3620 φύλλα,
2977 3548 3142 3619 ξηρὸν
3170 3546 3323 3599 ἐσται
3347 3545 3440 3598 καὶ
3483 3541 3714 3603 ἀκαλλὲς
3731 3583 3747 3605 ,

2178 3647 2406 3706 καὶοῖον
2451 3646 2843 3718 ὴτιμασμένον.
2884 3641 3215 3712 Παράδεισος
3240 3638 3295 3690 δέ
3332 3636 3512 3696 πάλιν,
3558 3635 3605 3686 εἰ
3654 3632 3752 3703 μὲν

2178 3739 2291 3811 ἔχοι
2327 3739 2530 3810 πηγὰς,
2565 3735 2973 3805 εύδενδρότατος
3028 3731 3179 3782 ἔσται
3227 3744 3330 3790 τις,
3376 3726 3468 3779 καί
3501 3726 3618 3786 ταῖς
3645 3722 3753 3777 τῶν

2178 3832 2405 3901 καρπῶν
2437 3828 2717 3900 ἀφθονίαις
2755 3823 3049 3887 πολυειδῶς
3083 3821 3457 3891 ἐναὸρύνεται.
3492 3816 3665 3888 Ξηρὸς
3691 3814 3747 3867 δέ

2178 3927 2273 3980 καὶ
2291 3924 2514 3994 ἄνυδρος
2530 3921 2627 3986 ῶν,
2654 3920 2803 3973 ἔσται
2832 3934 2934 3971 που
2951 3916 3168 3977 πάντως
3190 3914 3246 3967 ἐν
3266 3911 3532 3981 ἀκαρπίᾳ.
3555 3908 3749 3980 μᾶλλον

2178 4016 2234 4068 δέ
2281 4015 2374 4067 καὶ
2419 4012 2601 4067 αὐτῶν
2632 4012 2848 4082 νοσήσει
2876 4007 2977 4078 τὴν
3019 4005 3271 4077 ἐρημίαν.
3316 4003 3538 4071 Ἄτιμος
3571 3999 3749 4052 τοίνυν

2177 4106 2273 4160 καὶ
2308 4106 2555 4178 ἄκαρπος
2599 4100 3017 4172 ἀπομεμένηκεν
3075 4100 3103 4151 ὁ
3147 4096 3378 4168 Ἰσραήλ.
3432 4094 3589 4156 Ποῖος
3639 4091 3749 4161 γάρ

2179 4198 2293 4250 ἐστι
2316 4195 2525 4267 καρπὸς
2547 4195 2747 4265 ἀρετῆς
2763 4195 2819 4247 ἐν
2840 4195 2951 4255 τοῖς
2970 4190 3078 4244 τῶν
3104 4188 3334 4242 εἰδώλων
3358 4185 3715 4256 θεραπευταῖς
3733 4197 3751 4247 ;

2183 4292 2253 4343 Ἦ
2282 4289 2400 4352 πῶς
2429 4290 2526 4358 οὐχ
2559 4288 2777 4356 ἀπάσης
2809 4284 3030 4355 ἀτιμίας
3061 4281 3333 4352 ἔμπλεως,
3370 4280 3397 4332 ὁ
3436 4276 3567 4329 Θεὸν
3597 4273 3755 4343 ἀφεὶς

2178 4381 2269 4435 τὸν
2297 4381 2393 4433 ἕνα
2416 4381 2511 4433 καὶ
2534 4379 2711 4447 φύσει,
2748 4395 2767 4428 ι
2806 4376 2898 4430 καὶ
2928 4376 3098 4442 λέγων
3127 4372 3205 4442 τῷ
3231 4370 3393 4441 ξύλῳ,
3422 4369 3612 4437 Πατήρ
3650 4382 3749 4435 μου

2181 4469 2231 4525 εἷ
2271 4473 2333 4526 σύ
2360 4492 2374 4505 ³
2409 4474 2503 4527 καί
2540 4471 2617 4541 τῷ
2643 4469 2795 4538 λίθῳ,
2832 4469 2903 4520 Σὺ
2953 4464 3247 4535 ἐγέννησάς
3288 4477 3391 4533 με;
3426 4479 3443 4511 ›
3474 4460 3667 4513 Ἔσται
3696 4456 3755 4509 δὲ

500 4556 632 4610 Nam
669 4567 794 4609 ante
816 4555 1121 4609 Servatoris
1149 4556 1458 4617 adventum,
1490 4558 1616 4610 dum
1664 4558 1795 4626 legis
1818 4561 2063 4615 umbram

2173 4568 2265 4620 καὶ
2300 4566 2501 4636 ἑτέρως
2533 4563 2745 4634 Ἰσραὴλ
2782 4561 2859 4623 ώς
2884 4558 3214 4631 τερέϐινθος,
3248 4553 3653 4623 ἀποὸεὸληκυῖα
3686 4550 3758 4604 τὰ

494 4651 815 4715 retinerent,
868 4650 1042 4703 inStar
1082 4652 1333 4703 arborum
1401 4662 1578 4712 erant,
1643 4666 1764 4718 mue
1833 4652 2069 4706 fructum

501 4758 605 4795 nou
651 4743 869 4803 habent,
917 4740 1061 4796 l‘oliis
1118 4753 1295 4795 tamen
1351 4741 1605 4810 proiectis
1659 4753 1716 4796 et
1764 4748 2072 4812 prOpagatis

496 4832 713 4901 egregie
793 4830 1148 4886 elllorescunt.
1237 4833 1371 4885 Cum
1448 4833 1643 4887 deinde
1719 4833 2074 4889 olfendisseut

494 4922 797 4988 Christum,
882 4923 1050 4990 ipsam
1129 4924 1292 4976 etiam
1376 4925 1579 4979 umbrae
1637 4925 2073 4982 observationem

497 5016 869 5082 perdiderunt.
905 5015 1015 5070 Nec
1042 5017 1185 5069 enim
1221 5018 1357 5069 ultra
1382 5017 1675 5071 observant
1722 5019 1857 5088 legis
1907 5022 2077 5075 sacri-

500 5107 649 5169 ticia,
690 5122 790 5160 nec
819 5122 951 5162 sane
991 5108 1254 5176 legalibus
1300 5110 1638 5163 ornamentis
1672 5112 2074 5181 insigniuutur:

500 5197 596 5250 sed
626 5211 795 5264 pauca
854 5200 1142 5253 admodum
1182 5201 1377 5268 priscae
1442 5200 1617 5269 gentis
1670 5200 1915 5255 instituta
1959 5205 2081 5258 reti-

503 5299 695 5343 nentes
756 5290 809 5342 in
870 5290 1113 5356 urbibus,
1176 5290 1478 5361 iul'rugil'eri
1536 5301 1682 5357 sunt,
1746 5294 2075 5362 Spoliatique

501 5379 823 5443 honoribus,
852 5390 905 5433 et
927 5381 1050 5449 jure
1093 5382 1309 5450 quidem
1362 5382 1586 5449 optimo.
1627 5400 1647 5434 ι
1691 5383 2083 5439 lnterfeceruut

500 5472 649 5523 cnim
680 5472 976 5538 principem
1029 5471 1171 5536 vitze,
1208 5487 1365 5541 quem
1395 5473 1554 5536 Deus,
1579 5474 1767 5529 solutis
1808 5475 2082 5531 dolorilms

511 5564 702 5616 mortis
760 5562 1108 5629 gravissimis,
1176 5566 1433 5619 excitavit
1506 5582 1535 5619 e
1603 5566 1852 5630 mortuis,
1918 5584 2080 5635 quau-

504 5656 806 5722 doquidem
855 5656 1110 5725 possibile
1184 5673 1286 5711 non
1357 5666 1474 5711 erat
1536 5658 1683 5711 illum
1748 5660 1814 5711 ab
1870 5675 1933 5714 ea
2002 5671 2079 5716 tc-

504 5752 627 5804 mcri
657 5752 743 5802 ⁸³⁸.
779 5768 797 5802 ι

584 5866 648 5897 ⁸¹⁹
672 5864 778 5920 Jer.
810 5881 869 5930 ιι,
902 5864 988 5921 28.
1068 5870 1110 5901 ⁸³
1138 5868 1261 5923 ibid.
1297 5866 1386 5920 27.
1464 5867 1531 5899 ⁸²⁴
1566 5866 1685 5921 Act.
1717 5881 1798 5931 ιιι,
1829 5865 1909 5921 15.

2178 4658 2372 4726 φύλλα.
2408 4656 2520 4727 Πρὸ
2562 4656 2659 4724 μὲν
2713 4652 2822 4724 γὰρ
2848 4652 2945 4722 τῆς
2972 4650 3067 4704 τοῦ
3104 4650 3354 4717 Σωτῆρος
3385 4645 3542 4716 ἡμῶν
3571 4644 3758 4711 ἐπιδη-

2181 4750 2332 4819 μίας,
2370 4748 2468 4817 τὴν
2500 4747 2594 4799 τοῦ
2625 4745 2792 4816 νόμου
2819 4741 3115 4815 τηροῦντες
3152 4740 3329 4802 σκιὰν,
3356 4736 3752 4807 προσεοίκεσαν

2180 4841 2402 4909 φυτοῖς,
2451 4836 2665 4906 καρπὸν
2727 4835 2826 4905 μὲν
2883 4833 2982 4887 οὐκ
3041 4831 3244 4901 ἔχουσι,
3300 4827 3439 4898 πλὴν
3502 4821 3561 4879 εὖ
3612 4822 3758 4893 μάλα

2180 4930 2653 5001 περιηνθισμένοις
2687 4930 2807 4990 ταῖς
2838 4926 2946 4979 τῶν
2994 4923 3205 4993 φύλλων
3240 4920 3508 4982 ἐκϐολαῖς.
3533 4914 3758 4985 Ἐπειδὴ

2178 5024 2237 5076 δὲ
2271 5020 2747 5093 προσκεκρούκασι
2777 5017 2856 5087 τῷ
2884 5015 3124 5087 Χριστῷ,
3151 5013 3245 5066 καὶ
3273 5011 3437 5081 αὐτὴν
3460 5007 3761 5075 ἀποϐεὖλή-

2178 5131 2308 5168 κασι
2332 5113 2429 5184 τὴν
2459 5112 2555 5181 τῆς
2582 5112 2737 5173 σκιᾶς
2760 5111 3009 5180 τήρησιν.
3050 5104 3127 5161 Οὺ
3156 5104 3262 5174 γὰρ
3296 5104 3375 5155 ἔτι
3404 5099 3629 5171 τηροῦσι
3660 5098 3759 5159 τὰς

2179 5205 2319 5259 κατὰ
2344 5204 2507 5274 νόμον
2534 5203 2743 5265 θυσίας,
2772 5199 2896 5254 οὔτε
2930 5199 3035 5269 μὴν
3072 5200 3184 5259 τοῖς
3217 5196 3460 5264 νομικοῖς
3498 5190 3758 5260 αὐχήμαο

2181 5315 2265 5350 σιν
2291 5294 2741 5364 ἐπισεμνύνονταί
2782 5291 2964 5345 ποθεν·
3002 5288 3246 5355 ὀλίγιστα
3301 5286 3359 5337 δέ
3397 5281 3539 5336 κατά
3578 5280 3763 5341 πόλεις

2179 5390 2287 5442 τῶν
2319 5387 2562 5457 ἀρχαίων
2613 5385 2905 5456 τηροῦντες
2954 5381 3143 5440 ἐθνῶν,
3187 5375 3427 5447 ἄκαρποί
3480 5374 3615 5425 εἰσιν
3666 5372 3763 5424 καὶ⁸

2179 5479 2535 5548 ἠτιμωμένον
2564 5479 2656 5531 καὶ
2684 5476 2826 5547 μάλα
2864 5475 3106 5535 εἰκότως.
3142 5469 3498 5522 Ἀπεκτόνασι
3526 5466 3635 5534 γὰρ
3670 5463 3763 5515 τὸν

2179 5570 2419 5639 ἀρχηγὸν
2457 5572 2555 5638 τῆς
2602 5568 2782 5637 ζωῆς,
2825 5566 2885 5618 ὃν
2927 5566 2955 5616 ὁ
2996 5564 3129 5625 Θεὸς
3170 5563 3389 5631 ἤγειρεν
3434 5560 3497 5610 ἐκ
3550 5553 3762 5611 νεκρῶν

2180 5663 2348 5724 λύσας
2384 5662 2483 5725 τὰς
2521 5662 2715 5722 ὠδῖνας
2755 5659 2847 5712 τοῦ
2872 5658 3124 5715 θανάτου.
3160 5654 3281 5706 καθ’
3320 5654 3401 5707 ὅτι
3445 5649 3544 5703 οὐκ
3575 5642 3641 5716 ἦν
3667 5644 3763 5698 δυ-

2188 5754 2345 5807 νατὸν
2370 5752 2685 5823 κρατεῖσθαι
2715 5751 2877 5805 αὑτὸν
2909 5748 2999 5800 ὑπ’
3033 5745 3215 5801 αὑτοῦ.
