4094 6366
310 414 383 467 65
1481 421 1549 474 IN
1592 422 1825 478 ISAIAM
1865 425 1995 479 LIB.
2036 429 2079 477 L
2120 430 2327 485 OllAT.
2372 432 2432 484 ll.
3513 447 3584 501 66

384 530 489 584 Kal
522 530 691 583 ἔσται
711 530 748 596 ἡ
778 533 956 601 ἰσχὺς
981 534 1179 587 αὐτῶν
1198 536 1276 602 ὡς
1297 536 1535 607 καλάμη
1571 542 1879 595 στιππύου

2082 545 2243 599 Vens.
2274 548 2364 601 5i.
2427 548 2487 600 Et
2536 552 2633 602 erit
2662 551 2919 619 fortitudo
2969 572 3143 611 eorum
3195 562 3332 613 velut
3387 566 3583 633 stipula

307 622 409 673 καὶ
445 621 485 689 ἡ
520 621 769 690 ἐργασιά
798 623 999 677 αὐτῶν
1029 625 1110 689 ὡς
1158 627 1491 697 σπινθῆρες
1533 632 1749 699 πυρὸς,
1803 634 1903 687 καὶ

308 713 877 780 κατακαυθιξσονται
922 719 976 770 οἱ
1047 716 1259 787 ἄνομοι
1326 720 1425 773 καὶ
1470 724 1522 775 ol
1570 721 1903 792 ἁμαρτωλοὶ

307 806 451 873 ἅμα,
486 807 586 862 καὶ
614 810 723 860 οὐκ
744 809 918 861 ἔσται
946 811 979 862 ό
1014 810 1274 865 σϐἐσων.

395 902 455 954 ὐ
517 904 684 971 σοφὸς
768 903 991 975 εἴρηκεν
1050 906 1320 977 Σολομὼν,
1388 908 1470 960 ὅτι
1530 909 1745 980 Σειραῖς
1794 909 1903 964 τῶν

306 994 507 1049 ἑαυτοῦ
538 995 822 1068 ἁμαρτιῶν
866 998 1094 1059 ἕκαστος
1150 1000 1464 1068 σφίγγεται·
1495 1002 1591 1055 καὶ
1631 1002 1837 1073 ἀληθὴς
1874 1004 1903 1055 ὀ

304 1088 487 1156 λόγος.
527 1088 777 1159 Ἑκάστῳ
816 1088 925 1161 γὰρ
981 1090 1136 1160 ήμῶν
1163 1091 1233 1144 τὰ
1290 1092 1398 1145 ἴδια
1453 1093 1901 1165 πλημμελήματα

305 1182 563 1253 προξενεῖ
591 1182 681 1235 τὸν
707 1181 947 1252 ἥλεθρον,
965 1184 1058 1235 καὶ
1081 1183 1180 1244 τὰς
1207 1184 1271 1236 ἐκ
1291 1184 1439 1249 θείας
1461 1188 1631 1258 ὀργῆς
1650 1188 1900 1257 ἐπιφέρει

304 1274 481 1338 δίκας.
529 1275 742 1328 Ὀποῖόν
767 1293 819 1329 τι
849 1275 1183 1330 πεπόνθασιν
1212 1278 1261 1329 οἱ
1309 1278 1369 1343 ἐξ
1429 1280 1663 1351 Ἰσραήλ.
1700 1280 1900 1351 Εἰργά-

307 1384 473 1420 σαντο
510 1368 611 1436 μὲν
643 1367 751 1437 γάρ
782 1368 990 1430 ἑαυτοῖς
1013 1368 1139 1432 τοὺς
1178 1368 1561 1438 ψευδωνύμους
1597 1372 1770 1435 θεοὺς,
1804 1378 1898 1429 καὶ

304 1459 397 1510 ἐπ’
428 1459 614 1519 αὐτοῖς
638 1457 906 1528 ἐσχήκασι
934 1457 1032 1528 τὴν
1064 1460 1276 1521 ἐλπίδα,
1309 1458 1402 1513 τοῦ
1441 1461 1697 1516 δύνασθαι
1729 1481 1897 1516 κατα-

303 1552 531 1618 κρατεῖν
563 1548 795 1619 ἐχθρῶν.
840 1550 980 1602 Ἀλλ’
1015 1551 1149 1603 αὐτὸ
1169 1551 1233 1623 δὴ
1261 1552 1418 1606 τοῦτο
1446 1557 1669 1623 γέγονεν
1715 1559 1896 1621 αὐτοῖς

306 1642 596 1711 μονονουχὶ
630 1641 742 1712 πῦρ
779 1659 841 1694 τε
899 1644 991 1695 καὶ
1036 1644 1188 1707 ξύλα.
1247 1645 1347 1698 Διά
1391 1646 1499 1717 γὰρ
1546 1648 1752 1719 ταύτην
1797 1650 1897 1721 τὴν

302 1733 696 1803 πλημμέλειαν
745 1733 984 1786 δέδονται
1043 1736 1205 1804 πυρὶ,
1258 1737 1350 1788 καὶ
1402 1737 1559 1790 τοῦτο
1602 1739 1891 1809 ἀσϐέστῳ,

300 1826 449 1878 τοῦτ’
478 1824 616 1889 ἐστι,
645 1824 843 1887 δειναῖς
871 1841 929 1877 τε
987 1825 1080 1878 καὶ
1122 1825 1516 1897 ἀκαταλήκτοις
1562 1834 1887 1903 συμφοραῖς,

303 1917 680 1987 ἐπαμύνοντος
733 1917 965 1981 οὐδενός.
1009 1919 1119 1973 Καὶ
1169 1919 1328 1973 τοῦτο
1366 1922 1496 1991 ἡμῖν
1542 1922 1711 1992 σαφὲς
1760 1925 1889 1978 καθα

306 2011 510 2092 ίστησι,
536 2011 735 2079 λέγων·
762 2014 874 2065 Καὶ
899 2012 1051 2067 ἔσται
1095 2015 1129 2085 ἡ
1165 2015 1315 2085 ἰσχὺς
1355 2017 1533 2071 αὐτῶν
1566 2019 1642 2082 ὡς
1672 2020 1890 2092 καλάμη

303 2088 603 2164 στιππύου,
640 2103 735 2156 καὶ
765 2105 798 2174 ή
820 2104 1052 2175 ἐργασία
1078 2106 1256 2160 αὐτῶν
1280 2109 1356 2171 ὡς
1381 2111 1674 2182 σπινθῆρες
1700 2088 1889 2180 nupqu

314 2194 385 2244 Ἦ
414 2192 870 2263 προσδοκηθεῖσα,
919 2196 1105 2263 φησὶν,
1152 2195 1370 2250 ἔσεσθαι
1410 2198 1640 2270 δύναμις
1670 2201 1853 2264 αὐτοῖς
1876 2241 1891 2265 ,

304 2286 460 2337 ἔσται
497 2284 573 2347 ὡς
602 2284 821 2355 καλάμη
852 2286 1142 2353 στιππύου,
1185 2287 1332 2341 τοῦτ’
1359 2288 1496 2353 ἔστι,
1524 2292 1698 2363 τροφὴ
1723 2293 1893 2362 πυρὸς

304 2378 403 2430 καὶ
442 2378 800 2448 ὑπέκκαυμα,
830 2380 925 2431 καὶ
960 2380 1027 2433 τὰ
1059 2381 1196 2452 ἔργα
1221 2382 1329 2435 τῶν
1363 2382 1559 2454 χειρῶν
1583 2384 1783 2447 αὐτῶν,
1819 2384 1893 2449 ὡς

306 2471 480 2540 πυρὸς
505 2470 803 2541 σπινθῆρες
829 2472 1231 2543 ἀκοντιζόμενοι
1281 2478 1399 2528 κατ’
1440 2475 1639 2529 αὐτῶν.
1672 2476 1890 2546 Καυθήο

307 2578 495 2615 σονται
545 2556 639 2614 οὖν
690 2562 741 2613 οί
785 2562 977 2632 ἄνομοι
1028 2564 1121 2616 καὶ
1170 2566 1218 2616 oi
1270 2566 1581 2635 ἁμαρτωλοὶ
1614 2566 1746 2635 ἅμα.
1783 2569 1891 2618 Πα-

311 2655 605 2724 ραιιιητέον
638 2654 817 2709 τοίνυν
851 2656 910 2707 τὸ
960 2657 1323 2728 προσκρούειν
1362 2658 1498 2727 Θεῷ,
1538 2659 1631 2711 καὶ
1653 2658 1713 2710 τὸ
1761 2658 1892 2729 δρᾷν

307 2746 1887 2802 ὲκεῖνα...............

309 2875 326 2889 .
411 2874 425 2889 .
509 2875 523 2888 .
602 2875 618 2890 .
700 2875 714 2888 .
795 2875 810 2889 .
892 2877 905 2890 .
984 2875 999 2888 .
1074 2838 1214 2891 αῦτά
1272 2838 1380 2909 γὰρ
1421 2839 1889 2910 ήμῶντάἔργα,

304 2925 405 2977 καὶ
454 2924 569 2995 πῦρ
614 2926 750 2995 ήμῖν
797 2925 948 2979 ἔσται
1002 2928 1097 2980 καὶ
1160 2928 1335 2999 τροφὴ
1387 2930 1591 3001 πυρὸς,
1641 2932 1891 3001 καθάπερ

302 3017 502 3087 ἀμέλει
544 3017 636 3070 καὶ
680 3017 749 3069 τὰ
790 3018 855 3070 ὲκ
901 3018 1152 3088 πράξεων
1177 3020 1397 3089 ἀγαθῶν
1432 3021 1742 3093 αὐχήματα,
1797 3024 1891 3076 καὶ

303 3109 455 3177 ζωῆς
504 3110 597 3163 καὶ
644 3110 804 3181 δόξης
862 3111 1191 3182 ἐμποιητικά
1238 3116 1350 3178 τοῖς
1406 3113 1761 3186 κατορθοῦσιν
1803 3115 1892 3169 eo-

302 3203 579 3271 ρίσκεται.

936 3320 1155 3374 ΛΟΓΟΣ
1186 3321 1261 3374 Β’.

386 3446 441 3498 '0
481 3450 665 3520 λόγος
742 3454 777 3506 ό
843 3457 1169 3525 γενόμενος
1234 3456 1394 3524 παρὰ
1445 3458 1666 3525 Κυρίου
1730 3460 1881 3527 πρὸς

306 3539 587 3605 Ἶισαταν,
623 3543 757 3597 υἱὸν
798 3545 1005 3616 Ἀμὼς,
1022 3549 1154 3617 περὶ
1176 3550 1287 3619 τῆς
1317 3551 1600 3621 Ἰουδαίας
1622 3556 1719 3609 καί
1746 3554 1878 3623 περὶ

302 3634 724 3706 Ἰερουσαλήμ.

368 3743 615 3813 Συγγενῆ
648 3747 759 3809 τοῖς
791 3747 1026 3815 φθάσασι
1050 3750 1119 3804 τά
1146 3752 1504 3823 προκείμενα,
1537 3756 1630 3809 καὶ
1651 3757 1738 3813 διὰ
1763 3758 1874 3813 τῶν

292 3834 429 3885 ἰσων
459 3836 682 3889 ἐννοιῶν
710 3839 980 3908 ἐρχόμενα
1015 3841 1222 3895 κατίδοι
1254 3862 1339 3904 τις
1365 3845 1431 3898 ἂν
1475 3846 1636 3915 αὐτὰ,
1678 3848 1873 3903 λεπτὸν

285 3927 592 3997 ἐπιστήσας
644 3932 755 3991 τοῖς
804 3930 1119 4003 θεωρήμασι
1174 3933 1274 4005 τῆς
1320 3935 1558 4001 διανοίας
1604 3939 1695 3993 τὸν
1725 3941 1868 3995 νοῦν.

284 4016 551 4083 Γεγόνασι
598 4018 705 4088 γὰρ
755 4021 804 4071 οί
855 4022 1018 4075 πάλαι
1052 4025 1205 4095 παρά
1241 4026 1374 4080 Θεοῦ
1423 4028 1571 4097 λόγοι
1596 4032 1732 4102 πρὸς
1779 4034 1872 4085 τὸν

282 4107 582 4161 θεσπέσιον
614 4113 901 4183 προφήτην
926 4116 1054 4184 περὶ
1087 4119 1185 4187 τῆς
1220 4117 1475 4183 Ἰουδαίας
1501 4122 1595 4174 καὶ
1622 4125 1747 4192 περὶ
1769 4124 1868 4194 τῆς

295 4197 680 4269 Ἰερουσαλήμ.
708 4203 866 4253 Δοκεῖ
879 4202 935 4255 δέ
956 4221 1091 4269 πως,
1118 4206 1289 4278 μέσην
1311 4208 1433 4263 τι.νά
1463 4211 1638 4264 καὶού
1664 4213 1867 4283 σφόδρα

280 4290 439 4359 σαφῆ
492 4292 590 4361 τῆς
639 4292 885 4362 ὁράσεως
937 4295 1034 4365 τὴν
1068 4298 1323 4353 ἀπόδοσιν
1373 4300 1516 4371 ἔχειν
1564 4304 1657 4357 τοῦ
1701 4307 1865 4374 φάναι

280 4382 417 4450 περὶ
444 4382 547 4452 τῆς
594 4384 851 4450 Ἰουδαίας
887 4389 980 4441 καὶ
1026 4391 1156 4462 περὶ
1192 4391 1568 4465 Ἰερουσαλήμ.
1600 4397 1744 4468 Πλὴν
1790 4398 1865 4461 ὡς

277 4473 367 4523 ενι
422 4474 793 4545 σαφηνιοῦμεν
831 4478 999 4546 αὐτὴν
1054 4480 1152 4551 τὴν
1181 4482 1277 4552 τῆς
1328 4484 1569 4555 ὁράσεως
1613 4488 1859 4557 δύναμιν,

2008 645 2232 704 διιιρρίιη,
2260 649 2305 691 et
2336 657 2464 707 opus
2504 658 2683 694 eorum
2712 644 2848 696 velut
2875 648 3121 702 scintilla:
3161 653 3321 719 ignis,
3352 666 3399 707 et
3443 673 3584 709 com-

2008 730 2262 782 burentur
2315 732 2500 801 iniqui,
2537 743 2585 786 et
2632 745 2933 798 peccatores
2980 740 3154 805 simul,
3199 758 3293 795 nec
3341 747 3442 797 erit
3493 748 3582 815 qui

2004 823 2316 889 exstinguat.

2076 907 2359 975 Sapienter
2401 911 2541 965 dixit
2580 914 2830 968 Salomon
2879 934 2891 969 :
2934 918 3176 986 Quisque
3232 935 3579 992 peccatorum

2004 1015 2226 1051 suorum
2285 1005 2636 1071 Compedibus
2695 1009 3022 1078 stringitur;
3073 1027 3121 1066 et
3163 1016 3379 1082 quidem
3448 1033 3576 1070 vera

2002 1093 2225 1147 esthu-c
2265 1096 2461 1149 oratio.
2512 1094 2618 1149 Sua
2653 1100 2794 1151 enim
2843 1102 3039 1169 cuique
3097 1117 3337 1160 nostrum
3384 1110 3580 1164 delicta

2002 1183 2295 1250 perniciem
2321 1194 2531 1250 creant,
2556 1198 2608 1242 et
2634 1204 2695 1242 ex
2725 1192 2802 1243 ira
2817 1191 2997 1246 divina
3025 1211 3212 1263 poenas
3246 1199 3575 1257 conﬂabuut.

2001 1274 2151 1341 Quod
2187 1279 2403 1345 quidem
2466 1284 2609 1348 passi
2654 1290 2780 1336 sunt
2838 1282 3116 1341 Israelitze.
3161 1289 3578 1348 Commentitios

2000 1370 2221 1424 enimet
2257 1373 2392 1427 falso
2422 1389 2762 1444 nuncupatos
2817 1380 2945 1433 deos
2996 1382 3098 1434 sibi
3146 1382 3574 1453 fabricaverunt,

1999 1473 2162 1529 atque
2220 1467 2270 1518 in
2324 1469 2427 1521 illis
2491 1480 2779 1537 sperarunt
2851 1488 2910 1527 se
2969 1474 3151 1527 hostes
3200 1488 3573 1543 superaturos.

1997 1552 2259 1608 Caeterum
2281 1558 2381 1611 hoc
2406 1560 2576 1627 ipsum
2608 1564 2807 1617 factum
2831 1572 2913 1618 est
2940 1563 3048 1620 illis
3076 1574 3283 1620 tantmn
3316 1583 3418 1622 non
3437 1571 3577 1638 ignis

1995 1657 2047 1699 et
2082 1648 2242 1716 ligna.
2272 1649 2497 1721 Propter
2528 1654 2664 1707 hanc
2694 1656 2839 1708 enim
2877 1660 3220 1725 pravitatem,
3265 1660 3372 1729 igni
3396 1662 3576 1717 traditi

1994 1752 2143 1807 smn,
2173 1750 2227 1793 et
2255 1742 2466 1809 quidem
2506 1747 2613 1814 igni
2659 1746 3110 1818 inexstinguibili,
3148 1752 3403 1819 gravibus
3434 1755 3579 1809 scili-

1996 1842 2083 1883 cet
2123 1835 2472 1887 etcontinuis
2498 1835 2928 1903 ealamitatibus,
2962 1842 3108 1895 nullo
3143 1842 3349 1898 ferente
3381 1861 3573 1914 suppe-

2000 1922 2119 1976 tias.
2172 1922 2227 1977 ld
2283 1928 2425 1994 quod
2478 1927 2632 1981 nobis
2678 1930 3019 1998 perspicuum
3073 1932 3230 1998 facit,
3273 1935 3573 2005 inquiens:

1998 2011 2061 2065 Et
2086 2015 2191 2068 erit
2239 2016 2495 2073 fortitudo
2538 2035 2746 2087 eorum,
2782 2032 3042 2091 tauquam
3083 2025 3294 2081 culmus
3345 2037 3571 2098 stuppae,

1996 2116 2053 2162 et
2079 2123 2264 2161 eorum
2285 2123 2443 2177 opera
2464 2109 2871 2166 velutscintilla:
2903 2114 3069 2182 ignis.
3098 2116 3251 2184 Quod
3282 2125 3574 2187 sperabant

1995 2202 2096 2255 sibi
2127 2199 2242 2255 fore
2293 2202 2601 2269 praesidium
2634 2213 2688 2256 et
2744 2204 3165 2273 ﬁrmamentum,
3227 2212 3418 2280 inquit,
3468 2215 3574 2266 erit

1996 2301 2249 2359 tanquam
2300 2292 2549 2345 cumulus
2592 2301 2823 2363 stuppm,
2868 2297 2916 2349 id
2946 2306 3047 2363 est,
3084 2299 3400 2355 alimentum
3432 2304 3572 2372 ignis

1994 2392 2047 2436 et
2071 2382 2239 2437 fomes
2299 2382 2565 2435 incendii:
2606 2395 2769 2453 atque
2791 2401 2956 2455 Opera
3004 2405 3257 2442 manuum
3322 2407 3567 2457 suarum,

1993 2475 2145 2543 quasi
2177 2474 2320 2543 ignis
2344 2474 2593 2528 scintillae
2641 2476 2696 2528 in
2728 2478 2870 2544 ipsos
2892 2478 3171 2546 coniectas.
3229 2483 3571 2553 Quapropter

1996 2567 2162 2635 iniqui
2198 2568 2606 2633 comburentur,
2644 2579 2697 2621 et
2728 2580 3040 2636 peccatores
3080 2574 3301 2639 pariter.
3340 2574 3579 2645 Ideoque-

1993 2659 2439 2712 committendum
2472 2674 2575 2712 non
2609 2668 2712 2723 est,
2756 2661 2999 2716 utDeum
3040 2666 3265 2734 posthac
3325 2666 3570 2722 oﬂ'enda-

1994 2764 2134 2814 tuus,
2156 2763 2290 2803 cave
2326 2750 2671 2820 designemus
2700 2751 3091 2821 imprudenter,
3124 2774 3241 2826 qua:
3292 2777 3571 2829 prOpemo-

1992 2842 2118 2894 dum
2175 2841 2404 2895 invitum
2458 2845 2756 2897 accendent
2800 2847 2850 2900 iu
2889 2861 2985 2899 nos
3046 2863 3189 2911 eum,
3247 2853 3335 2919 qui
3392 2863 3570 2921 potest

1990 2935 2193 2987 omnia.
2253 2933 2378 2990 Iliae
2401 2938 2601 2989 etenim
2660 2952 2821 3007 Opera
2882 2952 3089 3006 nostra,
3142 2953 3193 2997 et
3233 2945 3369 3013 ignis
3406 2958 3569 3000 erunt

1994 3026 2167 3089 nobis,
2198 3038 2253 3080 et
2281 3026 2575 3081 fomentum
2602 3031 2740 3099 ignis
2768 3049 2780 3085 :
2816 3035 3269 3102 quemadmodum
3324 3037 3577 3104 profecto

1993 3127 2139 3173 recte
2169 3133 2231 3172 ac
2252 3118 2507 3187 praeclare
2546 3119 2711 3185 faeta,
2743 3121 2979 3190 laudem,
3022 3126 3187 3180 vitam
3222 3137 3278 3181 et
3313 3129 3564 3197 gloriam,

1915 3225 1958 3283 (ς
1993 3219 2137 3265 recte
2161 3209 2463 3265 viventibus
2493 3212 2782 3269 conciliare
2807 3215 3071 3272 videmus.

2535 3325 2646 3398 34
2679 3327 2937 3385 onmo
2963 3329 3027 3385 η.

2056 3454 2184 3510 CAP.
2226 3457 2284 3511 ll.
2323 3457 2485 3513 Vens.
2538 3460 2590 3513 1.
2655 3459 2874 3514 Verbum
2919 3481 2951 3515 a
2987 3463 3209 3521 Domino
3255 3468 3453 3536 factum
3494 3471 3573 3525 ad

1987 3544 2211 3613 Isaiam,
2236 3548 2406 3614 ﬁlium
2444 3551 2626 3615 Amos,
2667 3553 2730 3605 de
2753 3551 2945 3607 Judwa
2976 3566 3021 3608 et
3049 3557 3112 3611 de
3132 3556 3448 3616 Jerusalem.

2056 3750 2270 3805 Similia
2311 3753 2687 3820 superioribus
2713 3765 2839 3809 sunt
2869 3756 2985 3812 haec
3012 3773 3130 3826 qua!
3164 3776 3567 3831 praponumur,

1980 3849 2034 3897 et
2061 3842 2175 3911 pari
2211 3843 2610 3912 quodammodo
2633 3848 3024 3901 sententiarum
3054 3860 3239 3903 tenore
3258 3856 3555 3920 procedere

1980 3934 2209 4001 videbit,
2273 3938 2518 4006 quisquis
2587 3939 2653 3991 ad
2708 3939 2844 3993 hanc
2900 3957 3010 3995 rem
3066 3943 3464 4014 intelligendam
3504 3960 3561 4003 et

1977 4028 2426 4081 considerandam
2475 4029 2747 4096 paululum
2806 4034 2966 4087 modo
2992 4035 3230 4088 animum
3291 4050 3565 4093 mentem-

1975 4132 2081 4186 que
2143 4119 2416 4173 adhibeat.
2446 4119 2612 4174 Facta
2645 4131 2773 4174 sunt
2798 4124 2941 4176 enim
3002 4124 3128 4177 olim
3169 4140 3200 4179 a
3246 4128 3354 4180 Deo
3386 4132 3554 4183 verba

1975 4211 2038 4261 ad
2072 4210 2309 4263 divinum
2370 4211 2680 4281 prophetam
2715 4214 2783 4267 de
2819 4213 2999 4267 Judaza
3033 4226 3087 4270 et
3114 4217 3179 4272 de
3228 4216 3555 4275 Jerusalem.

1979 4303 2198 4357 Videtur
2261 4315 2441 4359 autem
2486 4309 2715 4361 mediam
2778 4310 3067 4376 quamdam
3102 4327 3200 4366 nec
3262 4314 3553 4368 admodum

1972 4392 2262 4447 dilucidam
2339 4397 2564 4451 visionis
2656 4399 3072 4467 eXplicationem
3132 4403 3330 4457 habere
3407 4408 3554 4474 quod

1973 4489 2182 4541 dicatur
2235 4491 2299 4543 de
2347 4489 2530 4543 Jndzea
2611 4503 2665 4545 et
2710 4495 2775 4546 de
2839 4492 3163 4549 Jerusalem.
3219 4497 3326 4552 Nos
3395 4517 3552 4567 vero,

278 4561 448 4613 οἱονεί
486 4580 604 4626 πως
621 4565 679 4617 ὲν
706 4565 899 4636 βραχεῖ
926 4572 1340 4638 συνενεγκόντες
1367 4576 1445 4638 εἰς
1472 4576 1616 4631 νοῦν.
1649 4578 1867 4651 Ἐπειδὴ

1983 4582 2145 4647 quoad
2175 4582 2289 4647 ejus
2318 4584 2428 4635 lieri
2471 4594 2664 4651 potest,
2707 4586 2876 4654 ipsam
2914 4589 3135 4642 visionis
3166 4592 3271 4643 vim
3304 4594 3541 4646 breviter

275 4654 394 4721 γὰρ
416 4653 516 4723 τῆς
551 4656 651 4726 μὲν
681 4658 944 4730 αἰσθητῆς
974 4661 1230 4726 Ἰουδαίας
1262 4666 1357 4719 καὶ
1387 4670 1485 4738 τῆς
1515 4669 1865 4744 Ἰερουσαλὴμ

275 4744 383 4811 τὴν
405 4743 607 4813 δῄωσιν
634 4751 887 4819 πειρᾶται
935 4751 1135 4820 λέγειν,
1170 4756 1270 4825 τῆς
1299 4773 1361 4824 γε
1400 4759 1506 4830 μὴν
1535 4762 1595 4814 ὲν
1643 4743 1864 4835 Χριστῷ

278 4836 377 4886 καὶ
412 4837 612 4907 νοητῆς
637 4839 735 4911 τὴν
760 4841 1050 4907 ἀνάδειξιν,
1066 4847 1160 4899 καὶ
1190 4849 1289 4917 τὴν
1313 4851 1371 4901 ὲν
1396 4850 1529 4920 τῷδε
1556 4852 1635 4923 τῷ
1674 4857 1863 4927 κόσμῳ

279 4927 589 4996 φανέρωσιν
612 4945 624 4956 ·
664 4931 869 5001 ταύτης
920 4934 1081 4988 ἕνεκα
1110 4938 1207 5007 τῆς
1243 4939 1458 5005 αἰτίας,
1490 4943 1587 5013 οὐχ
1617 4944 1756 5015 ὑπέρ
1799 4963 1859 5013 γε

284 5016 380 5084 τῆς
425 5018 706 5084 Ἰουδαίας,
734 5022 857 5076 οὔτε
894 5026 1000 5096 μὴν
1046 5028 1185 5082 κατά
1213 5030 1310 5101 τῆς
1357 5030 1727 5106 Ἰερουσαλήμ,
1763 5038 1862 5090 ἁλ-

284 5106 349 5158 ὶά
370 5110 498 5178 περὶ
521 5112 620 5180 τῆς
656 5113 927 5179 Ἰουδαίας,
958 5119 1052 5170 καὶ
1088 5121 1216 5190 περὶ
1250 5120 1348 5186 τῆς
1386 5122 1738 5198 Ἰερουσαλὴμ
1772 5146 1861 5181 τε-

285 5196 509 5253 Ιεᾶσθαί
557 5219 691 5273 φησι
736 5207 833 5274 τὴν
880 5209 1089 5278 ὅρασιν.
1131 5212 1405 5285 Αἰσθητὴν
1444 5216 1501 5269 δέ
1547 5196 1727 5289 φαμεν
1758 5222 1856 5293 τὴν

288 5291 570 5359 Ἰουδαίαν,
600 5295 694 5348 καὶ
750 5300 929 5368 μέντοι
980 5303 1071 5355 καὶ
1132 5304 1504 5379 Ἰερουσαλὴμ,
1549 5311 1716 5381 αὐτὴν
1760 5291 1860 5381 μέν

282 5383 374 5449 τὴν
400 5383 589 5456 χώραν
638 5390 697 5440 ὲν
806 5394 1127 5464 κατῴκηκεν
1157 5399 1185 5448 ὁ
1224 5398 1467 5470 Ἰσραὴλ,
1511 5403 1606 5455 καὶ
1639 5404 1771 5457 αὐτὸ
1798 5405 1859 5458 τὸ

274 5474 536 5545 σύστημα
566 5478 665 5548 τῆς
704 5482 973 5537 Ἰουδαίων
1005 5490 1349 5560 συναγωγῆς.
1376 5492 1592 5563 Νοητὴν
1612 5494 1668 5547 δὲ
1693 5497 1855 5550 πάλιν

283 5565 664 5640 Ἰερουσαλὴμ,
686 5573 856 5642 ήγουν
887 5576 1167 5642 Ἰουδαίαν,
1224 5582 1321 5652 τὴν
1364 5583 1692 5655 Ἐκκλησίαν
1716 5584 1855 5642 εἶναι

272 5659 590 5731 νομιοῦμεν,
626 5664 745 5733 ήτοι
776 5665 876 5737 τὴν
904 5669 962 5721 ὲν
1002 5670 1274 5741 πνεύματι
1330 5678 1663 5748 περιτομὴν,
1707 5678 1854 5732 τοῦτ’

274 5750 408 5819 ἔστι,
448 5755 574 5818 τοὺς
597 5758 654 5809 ἐν
686 5759 908 5829 Χριστῷ
947 5762 1045 5831 τὴν
1094 5764 1506 5835 ἀχειροποίητον
1554 5773 1855 5842 περιτομὴν

275 5844 356 5907 εἰς
387 5845 511 5901 νοῦν
533 5847 755 5918 ἔχοντας
804 5855 898 5907 καὶ
929 5854 1178 5926 καρδίαν.
1236 5859 1344 5912 Καὶ
1385 5858 1515 5927 γοῦν
1579 5862 1855 5929 Ἰουδαίοις

1965 4672 2147 4725 animo
2233 4676 2682 4741 comprehensam
2764 4678 3177 4745 erplicabimus.
3273 4685 3541 4747 QuOniam

1963 4763 2424 4826 euimfsensibilis
2479 4764 2680 4822 Judaaae
2735 4777 2790 4822 et
2830 4770 3131 4826 Jerusalem
3181 4778 3547 4832 vastationem

1964 4853 2144 4908 dicere
2167 4866 2413 4920 conatur,
2444 4859 2561 4928 ejus
2593 4877 2710 4929 quae
2734 4862 2784 4915 in
2818 4862 3037 4918 Christo
3093 4877 3176 4917 est
3202 4877 3257 4919 et
3285 4866 3541 4938 intelligi-

1961 4947 2087 5002 bilis
2140 4950 2655 5007 demonstrationem
2721 4965 2773 5008 et
2843 4957 3260 5022 patefactionetn
3319 4960 3375 5014 in
3437 4963 3541 5017 hoc

1964 5041 2196 5095 mundo:
2233 5043 2333 5096 hac
2350 5045 2414 5097 de
2439 5060 2623 5110 causa,
2659 5061 2762 5099 non
2787 5062 2951 5115 super
2974 5048 3178 5113 Judaea,
3218 5067 3317 5107 nee
3351 5066 3543 5110 contra

1959 5129 2280 5195 Jerusalem,
2305 5137 2396 5187 sed
2417 5136 2480 5188 de
2516 5134 2721 5201 iud-.ea,
2756 5148 2809 5191 et
2833 5140 2897 5191 de
2918 5138 3218 5196 Jerusalem
3247 5160 3307 5197 se
3337 5147 3539 5201 vidisse

1961 5224 2090 5277 dicit
2127 5225 2407 5281 visionem.
2435 5228 2761 5283 Sensibilem
2819 5247 2946 5287 vero
2969 5233 3211 5290 Judaeam
3240 5247 3295 5291 et
3315 5238 3536 5295 Jerusa-

1962 5314 2063 5368 lem
2119 5317 2370 5383 dicimus,
2428 5323 2700 5389 regionem
2752 5324 2921 5392 ipsam
2976 5329 3027 5381 in
3100 5345 3204 5397 qua
3272 5333 3535 5388 habitavit

1959 5408 2146 5473 Israel,
2208 5421 2261 5464 et
2311 5413 2479 5479 ipsum
2551 5416 2785 5470 Judaicte
2850 5418 3145 5492 Syuagogaz
3192 5440 3528 5483 consessum.

1958 5499 2351 5570 lntelligibilem
2400 5520 2585 5558 rursus
2632 5505 2931 5563 Jerusalem
2975 5513 3089 5567 sive
3134 5513 3394 5581 Judaeum,
3421 5528 3532 5571 sta-

1960 5602 2171 5649 tuemus
2200 5610 2319 5650 esse
2355 5596 2679 5664 Ecclesium,
2702 5616 2795 5655 seu
2831 5617 2950 5657 eam
2978 5621 3098 5674 quae
3145 5608 3195 5659 in
3225 5610 3416 5677 spiritu
3440 5621 3527 5664 est

1956 5688 2443 5755 circumcisionem,
2494 5692 2686 5756 idest,
2719 5710 2815 5750 eos
2856 5699 2945 5767 qui
3013 5701 3067 5752 in
3133 5699 3351 5757 Christo
3413 5720 3530 5759 non

1959 5781 2207 5835 manibus
2237 5781 2458 5847 factam,
2485 5786 2577 5839 sed
2603 5788 2765 5841 animi
2820 5805 2882 5844 ac
2928 5792 3108 5846 cordis
3156 5793 3527 5850 circumcisio-

1957 5884 2077 5926 nem
2132 5873 2350 5931 habent.
2398 5873 2609 5948 Quippe
2662 5878 2879 5951 _.luda:is
2930 5883 3183 5939 clamavit
3230 5900 3261 5941 e
3320 5886 3526 5944 sanctis
