4094 6366
513 349 583 409 67
1543 348 1600 403 S.
1641 345 1916 401 CYlilLLl
1957 343 2079 399 ALE

2193 343 2425 399 Nlilthl
2469 346 2779 402 ARCIIIEP.
3708 349 3775 403 (ἶ8

523 472 804 542 prophetis
832 486 1005 526 unus:
1040 468 1515 527 Circumcidamini
1548 468 1673 531 Deo,
1702 477 1757 521 et
1807 466 2079 521 circumci-

2196 466 2513 537 ἐπεφώνησέ
2563 486 2645 530 τις
2683 468 2789 520 τῶν
2828 469 2997 535 ἁγίων
3034 469 3355 539 προφητῶν·
3390 467 3773 540 Περιτμήθητε

519 562 658 618 detis
684 562 864 617 cordis
880 562 1043 617 vestri
1069 561 1511 623 obstinationem,
1531 559 1629 612 viri
1654 556 1823 611 Judaei
1851 564 1905 611 et
1937 557 2091 610 babi-

516 662 694 707 tautes
745 651 1063 709 Jerusalem.
1089 652 1317 721 Agnovit
1345 651 1502 705 etiam
1546 650 1606 703 Ι).
1627 648 1824 702 Paulus
1848 646 2091 701 Judmum

522 747 773 808 alterum,
858 759 962 799 non
1028 759 1091 797 ex
1143 758 1328 807 carne,
1381 741 1475 796 sed
1547 744 1723 811 potius
1773 741 1825 794 in
1874 740 2087 809 spiritu.

520 836 611 889 Sic
660 837 801 889 enim
849 837 1040 890 scribit
1076 854 1089 889 :
1125 855 1142 887 ι
1183 834 1299 888 Non
1362 834 1502 887 enim
1554 832 1645 903 qui
1701 832 1755 885 in
1808 831 2092 885 manifesto

519 925 738 981 Judaeus
798 938 902 991 est,
936 944 1111 996 neque
1160 942 1280 996 qua
1343 926 1396 979 in
1450 924 1756 991 manifesto,
1788 928 1840 979 in
1902 939 2090 989 carne,

517 1020 861 1073 circumcisio
902 1029 1017 1072 est:
1062 1020 1154 1071 sed
1195 1018 1283 1086 qui
1317 1019 1368 1071 in
1397 1016 1608 1071 occulto
1639 1015 1855 1071 Judaeus
1889 1025 1989 1081 est,
2036 1025 2093 1070 et

517 1108 860 1162 circumcisio
925 1108 1103 1161 cordis
1180 1107 1233 1161 in
1290 1108 1516 1177 spiritu,
1580 1122 1684 1161 non
1739 1107 1791 1162 in
1856 1107 2087 1162 littera:

519 1198 669 1264 cujus
706 1199 821 1252 laus
854 1214 958 1252 non
1010 1213 1076 1252 ex
1113 1198 1438 1261 hominibus,
1478 1199 1572 1253 sed
1609 1213 1674 1251 ex
1721 1199 1829 1252 Deo
1854 1197 2024 1251 est”.
2064 1215 2083 1248 ι

517 1291 809 1358 Diligenter
866 1291 1046 1357 itaque
1088 1290 1479 1343 observandum
1542 1298 1643 1354 est,
1689 1292 1905 1357 quando
1960 1304 2087 1357 pro-

516 1382 673 1448 pheta
737 1388 925 1434 contra
992 1379 1299 1433 sensibilem
1343 1376 1663 1440 Jerusalem,
1713 1378 1795 1433 vel
1848 1378 2087 1432 Judzeam

516 1473 678 1526 verba
730 1470 894 1537 facit;
944 1470 1155 1538 quando
1209 1469 1335 1522 item
1386 1471 1452 1522 de
1500 1484 1564 1522 ea
1614 1484 1735 1537 qua:
1782 1470 1832 1522 in
1873 1468 2089 1524 Christo

516 1569 601 1614 est
664 1569 718 1613 et
776 1558 1118 1628 intelligibili,
1182 1573 1300 1625 qua:
1332 1558 1493 1611 etiam
1530 1556 1636 1627 35
1674 1573 1796 1611 vere
1846 1559 2086 1626 perfecta

514 1660 596 1705 est
626 1659 681 1703 et
742 1650 1078 1703 iutaminata.
1110 1648 1227 1702 Jam
1285 1663 1416 1701 vero
1479 1649 1607 1716 quid
1643 1648 1810 1700 dicit?

588 1744 749 1797 Vens.
783 1742 839 1806 9.,
892 1744 944 1796 5.
1012 1742 1148 1807 Quia
1172 1741 1266 1794 erit
1300 1742 1353 1791 in
1392 1740 1681 1793 novissimis
1712 1739 1892 1793 diebus
1915 1738 2087 1791 mani-

2199 558 2276 629 τῷ
2309 558 2449 628 Θεῷ,
2479 562 2570 612 καὶ
2596 560 2974 630 περιτεμεῖσθε
3005 560 3102 631 τὴν
3136 560 3570 632 σκληροκαρδίαν
3594 559 3772 629 ἡμῶν,
3800 632 3801 635 η

2200 650 2391 721 ἄνδρες
2418 651 2683 714 Ἰουδαῖοι,
2732 652 2825 704 καὶ
2881 652 2931 703 οἱ
2981 651 3361 716 κατοικοῦντες
3395 646 3806 723 Ίερουσαλήμ.’

2199 738 2355 794 Οἶδεν
2394 742 2449 794 δὲ
2477 744 2504 794 ὁ
2530 741 2813 804 θεσπέσιος
2846 741 3056 804 Παῦλος
3079 742 3330 795 Ἰουδαῖον
3358 743 3563 813 ἕτερον,
3598 742 3659 793 οὑ
3684 742 3773 794 τὸν

2199 832 2341 885 κατά
2367 833 2546 903 σάρκα
2578 832 2799 903 μᾶλλον,
2856 833 2991 885 ἀλλὰ
3024 833 3114 886 τὸν
3147 836 3203 887 ἐν
3237 834 3527 905 πνεύματι.
3567 834 3605 885 Γ
3611 821 3803 903 ράφει’

2197 924 2305 994 γὰρ
2332 923 2504 987 οὕτως
2521 942 2534 954 ·
2570 944 2587 973 ι
2615 925 2686 977 Ού
2718 925 2825 995 γὰρ
2851 926 2878 977 ὁ
2902 927 2957 976 ὲν
2983 924 3060 995 τῷ
3087 926 3304 997 φανερῷ
3330 925 3578 987 Ἰουδαῖός
3602 928 3769 983 ἐστιν,

2198 1015 2319 1067 οὐδὲ
2353 1016 2388 1084 ἡ
2417 1017 2475 1067 ὲν
2504 1015 2581 1086 τῷ
2629 1016 2848 1087 φανερῷ
2903 1017 2960 1069 ὲν
3002 1018 3163 1087 σαρκὶ
3199 1017 3489 1087 περιτομὴ,
3524 1016 3637 1069 ἀλλ’
3665 1019 3691 1068 ό
3715 1016 3772 1066 ἐν

2196 1105 2274 1176 τῷ
2296 1107 2525 1179 κρυπτῷ
2588 1107 2857 1171 Ἰουδαῖος,
2915 1110 3010 1161 καὶ
3070 1109 3341 1181 περιτομὴ
3407 1109 3650 1178 καρδίας,
3713 1109 3770 1160 ὲν

2197 1198 2486 1267 πνεύματι,
2510 1198 2569 1252 ού
2599 1198 2905 1269 γράμματι,
2938 1193 2999 1252 οῦ
3041 1202 3069 1253 ό
3110 1200 3327 1263 ἔπαινος
3350 1202 3448 1253 οὐκ
3478 1200 3536 1266 ἐξ
3558 1198 3767 1269 ἀνθρώ-

2196 1308 2334 1352 πων,
2356 1288 2470 1342 ὰλλ’
2488 1291 2553 1341 ὲκ
2580 1289 2671 1341 τοῦ
2698 1290 2853 1343 Θεοῦ.
2868 1309 2885 1339 ι
2908 1292 2951 1343 Χ
2961 1290 3029 1361 ρὴ
3048 1290 3337 1362 τοιγαροῦν
3358 1290 3629 1359 νηφαλίως
3652 1293 3770 1341 ἐπι-

2193 1384 2401 1452 τηρεῖν,
2426 1382 2630 1450 πηνίκα
2667 1382 2812 1451 μὲνὸ
2842 1384 3125 1452 προφήτης
3164 1384 3307 1435 κατά
3358 1383 3454 1451 τῆς
3502 1381 3766 1449 Ἰερουσαο

2194 1474 2325 1544 λὴμ,
2364 1475 2531 1545 ἡγουν
2594 1473 2888 1538 Ἰουδαίας,
2940 1477 3173 1525 ποιεῖται
3220 1473 3431 1541 λόγους,
3479 1472 3680 1541 πηνίκα
3711 1470 3768 1523 δὲ

2194 1569 2322 1638 περὶ
2350 1567 2449 1637 τῆς
2480 1569 2536 1621 ἐν
2569 1568 2787 1637 Χριστῷ
2812 1568 2905 1620 καὶ
2939 1568 3155 1638 νοητῆς,
3194 1568 3228 1638 ἣ
3259 1568 3352 1620 καὶ
3401 1566 3615 1638 ἀληθῶς
3651 1567 3766 1618 ἐστι

2193 1656 2373 1709 τελεία
2407 1659 2500 1709 καὶ
2528 1656 2773 1727 ἄμωμος.
2813 1658 2877 1709 Τί
2906 1658 3083 1710 τοίνυν
3115 1659 3307 1728 φησίνς

2267 1745 2394 1796 Ὅτι
2442 1745 2609 1799 ἐσται
2640 1745 2709 1797 ἐν
2737 1745 2860 1809 ταῖς
2895 1745 3179 1813 ἐσχάταις
3210 1745 3454 1813 ἡμέραις
3502 1745 3765 1813 ἐμφανὲς

513 1834 675 1903 festus
722 1850 869 1887 mons
915 1832 1147 1895 Domini,
1208 1842 1255 1884 et
1309 1832 1494 1884 domus
1542 1830 1636 1883 Dei
1681 1832 1735 1883 in
1807 1830 2079 1884 verticibus

2184 1833 2247 1887 τὸ
2282 1835 2417 1903 ὅρος
2453 1837 2694 1902 Κυρίου,
2727 1837 2823 1887 καὶ.
2854 1840 2886 1889 ό
2913 1833 3075 1902 οἶκος
3110 1836 3215 1889 τοῦ
3258 1836 3404 1889 Θεοῦ
3435 1836 3527 1889 ἐπ’
3558 1834 3763 1901 ἄκρων

512 1928 787 1988 montium,
815 1936 861 1977 et
888 1924 1165 1977 extolletur
1212 1940 1370 1990 supra
1434 1923 1612 1985 colles,
1668 1930 1717 1974 et
1769 1922 1965 1974 venient
2011 1921 2080 1973 ad

510 2016 662 2069 illum
696 2030 871 2067 omnes
897 2022 1091 2082 gentes.
1132 2010 1197 2063 Et
1228 2012 1369 2064 ibunt
1406 2024 1578 2081 gentes
1605 2011 1785 2062 multa
1812 2018 1859 2062 et
1886 2011 2081 2061 dicent:

519 2107 722 2171 Venite,
748 2106 1091 2159 ascendamus
1113 2108 1164 2156 in
1192 2116 1412 2157 montem
1444 2102 1678 2163 Domini,
1709 2110 1757 2153 et
1783 2103 1837 2153 in
1868 2103 2081 2153 domum

511 2199 607 2252 Dei
671 2198 855 2262 Iacob,
904 2209 951 2249 et
1010 2196 1340 2249 annuntiabit
1404 2195 1548 2246 nobis
1617 2194 1751 2246 viam
1800 2209 1968 2255 suam,
2029 2204 2078 2245 et

508 2289 886 2343 nmbulabimus
925 2291 977 2340 in
1004 2303 1087 2341 ea.
1142 2284 1225 2338 Ea:
1261 2284 1387 2340 Sion
1416 2286 1551 2337 enim
1619 2285 1915 2353 egredietur
1972 2286 2075 2347 lex,

507 2393 555 2436 et
598 2383 807 2436 verbum
847 2380 1060 2434 Domini
1098 2379 1161 2431 de
1189 2376 1504 2433 Jerusalem.

575 2535 886 2589 Terminata
908 2543 990 2589 est
1007 2533 1268 2601 siquidem
1295 2542 1349 2586 et
1369 2532 1609 2586 absoluta
1627 2533 1760 2585 visio
1787 2533 2077 2601 prophetae.

508 2627 574 2682 Et
603 2626 958 2697 praecedentis
1006 2624 1369 2695 pradictionis
1414 2624 1599 2676 ultima
1632 2624 1870 2677 clausula
1938 2634 2076 2677 erat.

508 2720 851 2790 Quapropter
888 2720 1093 2787 pudore
1144 2714 1453 2771 afficientur
1502 2731 1663 2785 super
1724 2718 1899 2782 idolis,
1959 2731 2081 2785 qua:

507 2811 609 2880 ipsi
664 2810 991 2863 voluerunt:
1030 2817 1086 2861 et
1116 2808 1447 2862 erubuerunt
1482 2823 1644 2877 super
1697 2808 1869 2863 hortis
1939 2809 2075 2871 suis,

506 2917 640 2969 quos
653 2901 1051 2970 appetiverunt.
1070 2898 1527 2965 Quemadmodum
1543 2914 1671 2952 vero
1687 2901 1888 2969 pudore
1902 2897 2079 2953 allecti

506 2991 707 3048 fuerint
780 2991 1031 3046 Israelita:
1081 2993 1132 3045 in
1180 2991 1334 3045 idolis
1376 2992 1510 3053 suis,
1561 2992 1769 3045 abunde
1822 2992 2077 3049 diximus.

504 3080 639 3135 Cum
694 3090 871 3136 autem
913 3083 1208 3151 prOphelim
1237 3082 1300 3136 de
1343 3081 1445 3134 illis
1493 3082 1694 3133 mentio
1762 3079 1907 3135 facta
1976 3084 2065 3149 sit,

506 3170 772 3240 incipiens
822 3172 1081 3241 prOpheta
1135 3171 1368 3224 vicinam
1417 3172 1607 3225 ordine
1645 3181 1699 3225 et
1767 3172 2063 3226 secundam
2102 3158 2144 3217 C

505 3262 791 3328 visionem,
842 3272 1053 3332 tempus
1107 3262 1374 3332 designat,
1431 3276 1557 3331 quo,
1612 3277 1716 3315 non
1774 3263 1825 3316 in
1899 3264 2077 3332 aliqua

505 3364 660 3426 parte
700 3356 848 3411 orbis
873 3366 1160 3419 terrarum,
1214 3371 1320 3410 non
1371 3355 1423 3409 in
1458 3372 1560 3408 una
1618 3358 1838 3425 regione
1903 3367 1958 3410 et
2003 3357 2083 3410 ci-

505 3447 695 3511 vitate,
778 3447 973 3502 diaboli
1080 3448 1362 3515 imperium
1442 3447 1707 3511 concidet,
1769 3449 1820 3500 in
1900 3454 2070 3501 totum

504 3539 702 3593 evulso
748 3538 892 3591 cultu
952 3548 1005 3591 et
1046 3539 1275 3607 profano
1320 3548 1578 3607 apparatu
1628 3538 1890 3592 idolorum
1938 3539 2081 3593 :sed

504 3645 571 3685 ex
610 3631 761 3684 omni
808 3629 925 3684 loco
977 3632 1075 3684 sub
1102 3631 1239 3684 caelo
1263 3630 1351 3684 ille
1405 3631 1622 3685 morbus
1666 3641 1720 3683 et
1775 3631 2079 3685 immundo-

507 3738 626 3776 rum
669 3723 967 3776 daamonum
1036 3722 1287 3793 tyrannis
1339 3722 1723 3779 climinabitur.
1767 3723 2075 3778 Perfectum

506 3811 647 3865 istud
700 3824 828 3863 vero
882 3818 964 3863 est
1009 3810 1325 3863 mortalibus
1418 3812 1468 3864 in
1521 3812 1780 3867 extremis
1848 3815 2077 3875 diebus,

505 3901 559 3955 id
601 3910 686 3955 est
735 3900 938 3954 ultimis
999 3901 1157 3970 hujus
1224 3902 1403 3955 saaculi
1460 3905 1813 3971 temporibus,
1883 3907 2079 3973 quibus

504 3990 838 4056 unigenitum
894 3989 985 4042 Dei
1028 3988 1264 4044 Verbum
1309 3990 1508 4044 factum
1558 4007 1709 4058 caro,
1768 4004 1950 4048 natum
2010 4010 2077 4049 ex

504 4082 753 4145 muliere,
787 4082 1068 4151 apparuit:
1111 4097 1231 4135 cum
1267 4082 1655 4153 intelligibilem
1700 4083 1940 4140 Iuda-am
1991 4086 2078 4141 vel

502 4173 828 4239 Jerusalem,
889 4175 989 4228 hoc
1044 4184 1127 4228 est
1171 4174 1503 4242 Ecclesium,
1558 4176 1658 4230 sibi
1708 4179 1820 4247 ipse
1878 4194 2079 4248 reprae-

505 4272 743 4318 sentaret
770 4277 833 4316 ac
882 4262 1120 4326 sisteret,
1165 4263 1427 4333 virginem
1476 4273 1699 4333 castam,
1734 4281 1839 4322 non
1882 4284 2069 4338 rugam

505 4366 598 4409 aut
665 4354 929 4424 ejusmodi
1000 4353 1275 4423 quidpiam
1364 4356 1675 4422 habentem,
1736 4360 1831 4412 sed
1899 4361 2078 4427 potius

2183 1921 2302 1975 τῶν
2346 1922 2547 1989 ὀρέων.
2585 1923 2691 1976 Kal
2723 1924 3106 1992 ὑψωθήσεται
3138 1924 3411 1991 ὑπεράνω
3455 1922 3575 1976 τῶν
3612 1924 3762 1988 ﬁev-

2182 2012 2323 2076 νῶν,
2360 2011 2457 2063 καὶ
2494 2011 2754 2079 ἥξουσιν
2796 2014 2889 2066 ἐπ’
2927 2016 3071 2067 αὐτὸ
3105 2013 3304 2066 πάντα
3338 2012 3408 2066 τὰ
3438 2014 3602 2081 ἔθνη.
3652 2013 3761 2066 Καὶ

2182 2104 2580 2169 πορεύσονται
2604 2104 2746 2171 ἔθνη
2772 2106 2990 2169 πολλὰ,
3011 2104 3103 2158 καὶ
3131 2103 3377 2172 ἐροῦσιν
3393 2121 3406 2133 ·
3430 2104 3606 2157 Δεῦτε
3620 2104 3762 2158 ἀνα-

2182 2191 2373 2261 δῶμεν
2393 2196 2477 2258 εις
2496 2194 2559 2245 τὸ
2582 2193 2719 2260 ὄρος
2738 2194 2844 2247 τοῦ
2861 2195 3099 2262 Κυρίου,
3121 2195 3217 2248 καὶ
3234 2197 3320 2259 είς
3338 2194 3442 2247 τὸν
3466 2190 3632 2248 οἶκον
3653 2196 3758 2249 τοῦ

2184 2284 2330 2336 Θεοῦ
2361 2284 2582 2344 Ἰακὼϐ,
2608 2284 2704 2336 καὶ
2748 2285 3068 2355 ἀναγγελεῖ
3088 2286 3229 2355 ἡμῖν
3247 2286 3361 2355 τὴν
3381 2288 3527 2341 ὁδὸν
3550 2289 3756 2355 αὐτοῦ,

2182 2377 2278 2428 καὶ
2320 2377 2732 2444 πορευσόμεθα
2764 2377 2833 2429 ἐν
2859 2376 3034 2445 αὐτῇ.
3076 2379 3174 2431 Ἐκ
3199 2378 3309 2447 γὰρ
3340 2380 3492 2431 Σιὼν
3519 2379 3760 2443 ἐξελεύ-

2181 2481 2351 2517 σεται
2393 2466 2596 2532 νόμος,
2633 2465 2732 2517 καὶ
2763 2465 2941 2535 λόγος
2981 2468 3199 2535 Kvpt'ov
3228 2468 3296 2531 ἐξ
3341 2468 3753 2537 Ἰερουσαλήμ.

2252 2555 2531 2621 Κατέληξε
2586 2557 2682 2625 μὲν
2728 2556 2897 2627 γὰρὴ
2937 2558 3126 2628 ὅρασις
3158 2558 3325 2627 αὐτῷ.
3373 2560 3483 2612 Καὶ
3527 2560 3625 2630 τῆς
3656 2561 3757 2631 ἥδη

2184 2645 2469 2717 φθασὰσης
2503 2649 2955 2717 προαγορεύσεως
2981 2649 3044 2700 τὸ
3084 2651 3232 2713 τέλος
3260 2646 3350 2721 ἦν.
3396 2652 3537 2704 Διότι
3566 2669 3758 2705 καται-

2185 2738 2571 2808 σχυνθήσονται
2641 2740 2733 2790 ἐπὶ
2794 2742 2907 2803 τοῖς
2968 2739 3207 2803 είδὼλοις
3262 2743 3440 2795 αὐτῶν
3500 2743 3535 2797 ἃ
3602 2745 3759 2803 αὐτοὶ

2182 2829 2498 2898 ἠϐούλοντο,
2541 2831 2633 2883 καὶ
2678 2830 3094 2901 ἐπῃσχύνθησαν
3124 2832 3214 2886 ἐπὶ
3260 2837 3372 2897 τοῖς
3418 2836 3615 2905 κήποις
3646 2837 3761 2889 αὐ-

2181 2919 2309 2985 τῶν,
2362 2914 2437 2973 ὧν
2484 2921 2636 2973 αὐτοὶ
2680 2920 3051 2991 ἐπεθύμησαν.
3106 2924 3217 2976 Καὶ
3252 2923 3373 2976 τίνα
3423 2924 3519 2993 μὲν
3560 2926 3758 2994 τρόπον

2182 3012 2634 3082 κατῃσχύνθησαν
2679 3013 2727 3063 oi
2777 3012 2836 3076 ἐξ
2880 3012 3094 3084 Ἰσραὴλ
3126 3013 3219 3065 ἐπὶ
3249 3016 3362 3076 τοῖς
3393 3014 3625 3076 εἰδώλοις
3659 3015 3757 3067 αὑ-

2181 3105 2310 3167 τῶν,
2345 3104 2581 3176 διαρκῶς
2626 3105 2946 3175 εἰρήκαμεν.
2977 3106 3192 3177 Ἐπειδὴ
3236 3105 3292 3158 δὲ
3329 3107 3514 3177 μνήμη
3565 3107 3759 3175 γέγονα

2181 3198 2279 3268 τῆς
2314 3196 2400 3248 ἐπ’
2433 3196 2615 3259 αὐτοῖς
2664 3197 3030 3266 προφητείας,
3066 3198 3366 3269 ἀρχόμενος
3392 3201 3420 3252 ὁ
3471 3199 3757 3269 προφήτης

2182 3289 2425 3357 γείτονος
2481 3287 2677 3358 ἐφεξῆς
2738 3287 2827 3340 καὶ
2884 3286 3142 3358 δευτέρας
3186 3290 3460 3359 ὁράσεως,
3516 3306 3755 3359 καταση-

2184 3380 2360 3449 μαίνει
2408 3379 2498 3431 τὸν
2545 3378 2756 3449 χρόνον,
2807 3376 2927 3429 καθ’
2968 3378 3025 3429 ὃν
3072 3378 3171 3430 οὐκ
3221 3379 3299 3440 εἰς
3341 3379 3502 3450 μέρος
3554 3397 3605 3431 τι
3654 3380 3757 3448 τῆς

2180 3474 2316 3542 γῆς.
2362 3472 2480 3525 οὖδὲ
2525 3474 2582 3525 ὲν
2634 3472 2732 3542 μιᾷ
2778 3471 2931 3542 χώρᾳ
2961 3488 3018 3524 τε
3071 3472 3164 3523 καὶ
3221 3471 3373 3523 πόλει
3400 3471 3461 3523 τὸ
3498 3471 3589 3524 τοῦ
3635 3472 3753 3524 δια-

2180 3562 2337 3615 ϐόλου
2413 3565 2658 3615 πεσεῖται
2727 3564 2963 3632 κράτος,
3026 3561 3413 3632 καθῃρημένης
3476 3565 3553 3624 εἰς
3609 3562 3755 3616 ἆπαν

2178 3650 2278 3719 τῆς
2306 3649 2414 3701 τῶν
2444 3648 2676 3701 εἰδώλων
2701 3648 2954 3719 λατρείας
3003 3651 3097 3703 καὶ
3127 3650 3354 3720 βεϐήλου
3387 3652 3749 3720 κατασκευῆς,

2179 3741 2292 3793 ἀλλ’
2342 3741 2399 3807 ἐξ
2450 3741 2662 3809 ἀπάσης
2716 3739 3052 3811 ληφθήσεται
3106 3744 3206 3811 τῆς
3272 3741 3363 3794 ὑπ’
3422 3742 3647 3811 οὐρανὸν
3717 3745 3753 3815 ή

2178 3833 2354 3885 τοιάδε
2403 3831 2577 3893 νόσος,
2626 3832 2718 3883 καὶ
2755 3833 2863 3883 τῶν
2894 3832 3216 3902 ἀκαθάρτων
3248 3832 3536 3902 δαιμονίων
3583 3835 3615 3903 ή
3659 3851 3755 3886 τυ-

2181 3923 2384 3989 ραννίς.
2416 3922 2787 3993 Κατώρθωται
2822 3924 2877 3976 δὲ
2911 3924 3003 3976 καὶ
3044 3924 3202 3977 τοῦτο
3234 3927 3346 3988 τοῖς
3391 3926 3485 3977 ἐπὶ
3525 3925 3621 3995 τῆς
3649 3926 3755 3996 γῆς

2180 4016 2237 4066 ἐν
2263 4015 2516 4084 ἐσχάταις
2556 4014 2809 4082 ἡμέραις,
2840 4013 2982 4066 τοῦτ’
3013 4012 3181 4077 ἔστιν,
3209 4015 3267 4065 ὲν
3300 4014 3626 4076 τελευταίοις
3656 4014 3752 4066 τοῦ

2180 4106 2443 4177 παρόντος
2491 4105 2681 4167 αἰῶνος
2713 4108 2941 4175 καιροῖς,
2976 4104 3098 4157 καθ’
3132 4104 3225 4167 οὒς
3250 4104 3560 4173 ἐπέλαμψεν
3595 4106 3624 4156 ὁ
3656 4120 3755 4173 μο-

2180 4199 2402 4266 νογενὴς
2438 4196 2531 4250 τοῦ
2575 4196 2709 4248 Θεοῦ
2755 4197 2957 4265 Λόγος,
3014 4198 3301 4266 γενόμενος
3368 4199 3433 4250 ἐκ
3474 4196 3750 4264 γυναικός.

2182 4290 2311 4341 Ὀτε
2344 4288 2436 4340 καὶ
2462 4287 2623 4350 αὐτὸς
2676 4286 2852 4357 ἐαυτῷ
2886 4288 3195 4357 παρέστησε
3239 4287 3339 4357 τὴν
3380 4286 3575 4357 νοητὴν
3616 4285 3751 4339 Ἰουο›

2178 4379 2356 4442 δαίαν,
2391 4379 2557 4448 ἤγουν
2601 4377 2973 4448 Ἰερουσαλὴμ,
3004 4377 3146 4429 τοῦτ’
3188 4376 3352 4442 ἔστιν,
3383 4378 3481 4447 τὴν
3524 4374 3754 4445 Ἐκκλη-

504 4455 746 4500 sanctam
787 4454 843 4499 et
874 4445 1295 4513 immaculatam,
1334 4448 1410 4501 uti
1465 4449 1724 4517 scriptum
1746 4460 1851 4504 est.
1896 4452 1969 4505 De
2010 4468 2070 4505 ea

2184 4470 2301 4521 σίαν
2347 4445 2612 4539 παρθένον
2644 4445 2834 4538 ἁγνὴν,
2874 4445 2947 4537 μῆ
2983 4467 3209 4537 ἔχουσαν
3242 4445 3448 4531 σπῖλον,
3475 4467 3509 4538 ἢ
3541 4466 3751 4537 ῥυτίδα,

504 4554 636 4593 vero
665 4538 816 4605 dicit,
852 4555 872 4589 ι
906 4538 1038 4603 Quia
1072 4541 1237 4599 eritin
1265 4542 1725 4597 extremisdiebus
1758 4546 2073 4613 spectabilis

505 4645 659 4685 mons
722 4631 953 4699 Domini,
991 4640 1044 4685 et
1079 4632 1270 4686 domus
1314 4634 1405 4687 Dei
1444 4632 1611 4689 Jacob
1689 4650 1852 4704 super
1912 4639 2073 4693 editis

506 4722 805 4778 montibus.
847 4741 866 4775 ι
911 4722 1129 4792 Legitur
1155 4724 1370 4791 quidem
1435 4725 1562 4780 Sion
1634 4728 1720 4780 illa
1768 4728 2073 4783 Judzeoruni

508 4812 560 4864 in
586 4823 766 4866 monte
788 4814 890 4867 sita
916 4824 970 4867 et
996 4812 1289 4879 aedificata;
1321 4816 1545 4882 intelligi
1581 4828 1756 4871 tamen
1789 4828 1965 4886 potest
1988 4820 2074 4873 hic

510 4916 613 4955 non
646 4917 831 4957 crasse
859 4912 954 4955 aut
974 4904 1322 4969 sensibiliter,
1341 4915 1395 4956 at
1429 4907 1781 4973 spiritualiter
1811 4909 2072 4973 Ecclesia,

506 5009 626 5061 quae
664 4994 826 5048 etiam
876 4995 1044 5047 monti
1088 5006 1450 5064 comparatur.
1506 4996 1862 5053 Etenimvere
1882 5011 2073 5054 estex-

506 5084 651 5139 celsa
674 5094 729 5139 et
753 5086 996 5149 illustris,
1022 5096 1076 5140 et
1093 5087 1342 5141 omnibus
1360 5089 1556 5157 ubique
1586 5091 1886 5145 notissima.
1905 5091 2076 5145 Aliter

506 5174 672 5227 etiam
712 5174 922 5228 excelsa
951 5184 1055 5240 est,
1084 5179 1343 5243 quoniam
1395 5180 1593 5233 terreni
1650 5180 1780 5233 nihil
1810 5182 1971 5249 sapit,
2021 5191 2077 5234 at

506 5270 669 5331 supra
707 5279 798 5321 res
827 5277 1067 5319 terrenas
1111 5278 1213 5330 est,
1249 5278 1303 5323 et
1344 5269 1569 5339 gloriam
1630 5271 1743 5337 Dei,
1808 5283 2074 5341 quatenus

507 5354 653 5419 licet,
700 5357 864 5409 animi
914 5359 1087 5413 oculis
1136 5361 1389 5425 intuetur,
1422 5372 1473 5415 et
1520 5363 1840 5418 sublimibus
1896 5366 2077 5419 admo-

506 5448 632 5501 dum
669 5448 735 5502 de
766 5448 876 5502 Deo
902 5452 1246 5519 opinionibus
1271 5454 1549 5521 gloriatur.
1600 5454 1908 5512 Graecorum
1927 5459 2070 5512 enim

506 5539 723 5604 eruditi,
754 5539 863 5610 36
899 5543 1109 5596 etiamsi
1138 5545 1415 5614 sapientia:
1451 5548 1667 5601 nomine
1703 5547 1857 5602 valde
1877 5564 2070 5618 super-

505 5630 689 5684 cilium
745 5632 997 5688 tollerent
1054 5653 1069 5691 :
1136 5649 1398 5692 creatura:
1474 5648 1650 5693 tamen
1735 5640 2069 5696 divinitatem

510 5720 794 5790 alﬁngunt,
818 5726 1121 5796 mundique
1161 5728 1441 5788 elementis
1473 5732 1877 5789 venerationem
1902 5734 2065 5790 attri-

582 5832 631 5866 ⁸³
660 5834 820 5895 Rom.
851 5853 924 5905 ιι,
958 5838 1049 5905 28,
1082 5838 1173 5893 29.

2180 4560 2213 4629 ἦ
2248 4577 2300 4612 τι
2331 4559 2436 4611 τῶν
2462 4558 2739 4621 τοιούτων,
2788 4557 2926 4610 κατὰ
2957 4558 3017 4610 τὸ
3055 4558 3466 4629 γεγραμμένον
3500 4557 3660 4625 ἁγίαν
3690 4557 3752 4609 δὲ

2181 4652 2378 4721 μᾶλλον
2428 4650 2519 4705 καὶ
2564 4649 2812 4720 ἄμωμον.
2865 4650 2976 4704 Καὶ
3031 4651 3157 4720 περὶ
3209 4648 3378 4717 αὐτῆς
3422 4665 3621 4718 φησιν,
3667 4649 3752 4702 ὅτι

2177 4744 2328 4796 ἔσται
2358 4746 2414 4797 ἐν
2442 4745 2561 4805 ταῖς
2592 4742 2845 4812 ἐσχάταις
2867 4743 3101 4813 ἡμέραις
3126 4742 3368 4811 ἐμφανὲς
3389 4741 3449 4793 τὸ
3475 4741 3599 4811 ὅρος
3632 4743 3753 4795 Κυ-

2180 4836 2317 4906 ρίου,
2360 4836 2453 4887 καὶ
2487 4836 2514 4885 ὁ
2556 4829 2701 4896 οἶκος
2738 4833 2832 4887 τοῦ
2883 4833 3019 4887 Θεοῦ
3067 4832 3260 4886 Ἰακὼὸ
3295 4832 3379 4884 ἐπ’
3414 4832 3596 4902 ἄκρων
3640 4832 3753 4886 τῶν

2177 4927 2364 4997 ὀρέων.
2400 4925 2509 4977 Καὶ
2542 4927 2671 4994 ἡμῖν
2703 4925 2801 4994 μὲν
2843 4925 2979 4977 Σιὼν
3014 4927 3047 4994 η
3075 4925 3217 4978 κατά
3246 4941 3311 4992 γε
3340 4924 3437 4993 τὴν
3472 4924 3750 4989 Ἰουδαίαν,

2179 5017 2237 5067 ὲν
2266 5015 2381 5086 ὄρει
2414 5016 2621 5067 κεῖσθαί
2652 5033 2707 5067 τε
2750 5017 2843 5067 καὶ
2884 5017 3283 5085 οἰκοδομεῖσθαι
3330 5014 3572 5081 λέγεται.
3608 5015 3768 5099 Νοη-1

2179 5106 2294 5175 θείη
2322 5106 2365 5157 δ’
2404 5106 2468 5158 ἂν
2502 5107 2600 5159 ούκ
2629 5106 2898 5176 αἰσθητῶς
2927 5106 3147 5175 μᾶλλον,
3190 5105 3327 5158 ἀλλὰ
3366 5106 3751 5173 πνευματικῶς

2179 5199 2237 5251 ὲν
2270 5198 2477 5260 τούτοις
2523 5201 2555 5267 ὴ
2603 5198 2916 5268 Ἐκκλησία,
2964 5198 2998 5267 ἢ
3050 5198 3144 5250 καὶ
3185 5198 3301 5268 ὄρει
3333 5197 3749 5268 παρεικάςεται.

2177 5288 2288 5340 Καὶ
2329 5288 2437 5358 γὰρ
2486 5287 2631 5339 ἔστιν
2660 5287 2874 5357 ἀληθῶς
2921 5287 3096 5357 ὑψηλὴ
3150 5288 3247 5340 καὶ
3292 5288 3605 5357 περίοπτος,
3654 5288 3750 5341 καὶ

2178 5379 2572 5450 γνωριμωτάτη
2618 5382 2727 5442 τοῖς
2773 5378 3106 5449 ἁπανταχοῦ.
3153 5378 3361 5449 Ὑψηλὴ
3413 5377 3471 5430 δὲ
3514 5379 3607 5431 καὶ
3637 5359 3777 5430 ιὲτέἐ

2181 5484 2325 5541 ρως·
2364 5471 2577 5538 φρονεῖν
2624 5471 2731 5541 γὰρ
2779 5470 2884 5523 τῶν
2932 5467 3191 5536 ἐπιγείων
3239 5468 3391 5521 οὐδὲν
3425 5467 3561 5533 ἀλλ’,
3607 5466 3746 5535 ὑψοῦ

2176 5559 2283 5612 τῶν
2316 5560 2571 5627 ἐπιγείων
2608 5563 2774 5623 ἐστιν,
2810 5560 2903 5611 καὶ
2938 5560 3035 5629 τὴν
3057 5557 3150 5611 τοῦ
3173 5558 3308 5611 Θεοῦ
3337 5558 3512 5624 δόξαν,
3545 5555 3619 5620 ὡς
3640 5557 3745 5621 ἔνι,
3774 5536 3783 5556 ⁸

2178 5648 2463 5720 περιαθρεῖ
2509 5650 2621 5712 τοῖς
2667 5649 2764 5717 τῆς
2806 5647 3044 5710 διανοίας
3083 5647 3331 5717 ὄμμασι,
3376 5647 3469 5700 καὶ
3520 5645 3747 5715 ὑψηλοῖς

2178 5743 2316 5809 ἄγαν
2362 5742 2471 5803 τοῖς
2517 5739 2641 5807 περὶ
2683 5738 2845 5793 αὑτοῦ
2876 5739 3141 5810 δόγμασιν
3181 5739 3428 5808 ὲπαυχεῖ.
3474 5735 3745 5805 Ἐλλήνων
