4094 6366
340 400 407 452 69
1508 410 1576 464 ΙΝ
1616 410 1850 467 ISAIAM
1888 414 1903 468 I

2004 456 2015 468 .
2056 414 2095 468 Ι.
2138 414 2346 471 ORA'I‘.
2389 418 2457 472 ΙΙ.
3528 432 3595 489 70

340 523 441 590 μὲν
467 520 576 592 γάρ
608 523 657 575 οί
690 524 935 593 λογάδες,
980 528 1155 583 καίτοι
1204 532 1446 602 μεγάλην
1484 533 1579 586 ἐπὶ
1614 535 1775 607 σοφίᾳ
1816 536 1903 609 τὴι

2025 536 2212 593 buunt.
2277 540 2573 597 Terrenam
2625 544 2891 614 siquidem
2957 547 3158 603 habent
3215 566 3473 619 mentem,
3541 564 3597 609 et

295 649 307 709 γ
335 609 511 679 ὀφρῦν
544 612 916 680 ἀνασπῶντες.
951 618 1256 676 θεοποιοῦσι
1292 624 1390 694 τὴν
1415 627 1610 690 κτίσιν,
1660 630 1755 681 καὶ
1803 632 1917 693 τοῖς

299 700 309 771 ξ
332 700 431 753 τοῦ
458 702 661 774 κόσμου
687 710 970 778 στοιχείοις
999 712 1061 765 τὸ
1092 714 1255 779 σέϐας
1279 717 1597 775 ἀνάπτουσι.
1622 722 1917 792 Χθαμαλὸν

332 792 447 863 γὰρ
474 793 657 864 ἔχουσι
687 797 777 851 τὸν
806 802 952 868 νοῦν,
981 804 1076 856 καὶ
1104 811 1416 880 χαμαιριφῆ
1463 813 1530 865 τὰ
1560 811 1913 884 θεωρήματα,

334 882 432 935 καὶ
494 887 593 954 τὴν
660 889 887 959 καρδίαν
939 894 1364 969 ὲσκοτισμένηψ
1422 882 1733 969 φάσκοντες
1775 901 1916 959 εἶναι

335 976 493 1042 σοφοὶ
517 980 933 1050 ἐμωράνθησαν,
962 986 1104 1039 κατὰ
1144 988 1204 1040 τὸ
1230 993 1635 1062 γεγραμμένον.
1675 995 1740 1048 Ἠ
1766 995 1823 1049 δέ
1850 1012 1914 1063 γε

332 1067 502 1136 νοητὴ
556 1068 714 1134 Σιὼν,
768 1073 915 1127 τοῦτ’
949 1075 1117 1142 ἔστιν,
1154 1081 1187 1150 ἡ
1248 1081 1563 1153 Ἐκκλησία,
1596 1089 1774 1141 πᾶσαν
1817 1089 1914 1158 μὲν

333 1157 705 1229 ὑπερίπταται
723 1166 900 1220 κτίσιν
925 1171 1127 1240 ὀρατήν
1150 1188 1210 1224 τε
1234 1175 1325 1226 καὶ
1341 1175 1590 1246 ἀόρατον,
1606 1157 1914 1248 ἀφικνείται

330 1243 391 1297 δὲ
435 1254 573 1322 πρὸς
612 1254 781 1324 αὐτὴν
815 1256 914 1326 τὴν
938 1259 1044 1312 τῶν
1068 1259 1206 1314 ὅλων
1234 1243 1490 1318 ἐπέκεινα
1525 1243 1704 1335 φύσιν.
1732 1270 1913 1336 Φωτὸς

336 1346 449 1417 γὰρ
473 1345 567 1399 τοῦ
594 1346 738 1399 θείου
763 1349 1134 1418 μεμέστωται,
1167 1354 1261 1407 καὶ
1286 1356 1452 1427 αὐτὴν
1478 1359 1913 1426 ὲπιγινώσκουσα

333 1440 431 1490 καὶ
484 1438 813 1509 δημιουργὸν
862 1443 957 1495 καὶ
999 1444 1254 1517 τεχνίτην
1313 1448 1422 1502 τῶν
1478 1451 1615 1503 ὅλων
1662 1453 1798 1523 αὐτῇ
1850 1472 1910 1507 τε

332 1530 429 1582 καὶ
463 1531 595 1600 μόνῃ
627 1531 689 1583 τὸ
720 1533 861 1585 κατά
894 1535 1111 1590 πάντων
1140 1539 1401 1610 ἀπονέμει
1426 1543 1643 1613 κράτος.
1689 1545 1798 1598 Καὶ
1840 1549 1908 1618 τῇ

329 1620 512 1690 τοιᾷδε
543 1619 668 1690 δόξῃ
707 1628 964 1692 στεφανοῖ
986 1626 1078 1680 τὸν
1107 1628 1216 1682 τῶν
1244 1631 1381 1685 ὅλων
1425 1634 1774 1704 παμϐασιλέα
1816 1637 1912 1690 καὶ

328 1712 465 1767 Θεὸν
512 1714 607 1767 καὶ
648 1714 872 1786 Κύριον.
928 1719 1092 1790 Ὄρος
1143 1723 1433 1793 τοιγαροῦν
1481 1727 1672 1796 νοητὸν
1708 1728 1736 1779 ὁ
1764 1724 1911 1792 οἶκος

326 1807 423 1859 τοῦ
452 1806 587 1861 Θεοῦ
612 1808 835 1873 δικαίως
865 1810 931 1863 ἂν
956 1809 1185 1880 λέγοιτο.
1218 1815 1327 1868 Καὶ
1360 1816 1474 1871 ἔστι
1514 1819 1799 1892 διαφανὴς,
1834 1821 1911 1885 ὼς

2022 630 2253 686 humiles
2278 636 2654 702 cegitationes,
2700 647 2757 691 et
2785 653 2880 693 cur
2937 640 3353 698 obtenebratum
3404 664 3417 698 :
3468 660 3591 701 cmn

2017 733 2076 773 se
2127 721 2371 777 dicerent
2400 739 2523 780 esse
2561 728 2859 796 sapientes,
2922 732 3168 788 infatuati
3237 746 3382 807 sunt,
3436 738 3596 794 sicuti

2017 809 2280 879 scripturn
2338 823 2422 869 est
2471 816 2537 871 ⁸³.
2592 819 2663 870 At
2722 819 2853 873 Sion
2909 822 3297 892 intelligibilis,
3354 828 3594 884 Ecclesia

2015 901 2245 966 scilicet,
2279 918 2442 974 supra
2491 923 2705 963 omnem
2753 924 3058 968 creaturam
3103 926 3156 970 et
3208 921 3592 986 aspectabilem

2014 1002 2070 1044 et
2160 993 2601 1064 inaspectabilem
2655 1003 2852 1067 evolat,
2908 1016 2963 1059 et
3022 1008 3159 1063 ultra
3210 1010 3380 1079 ipsam
3459 1016 3596 1069 adeo

2015 1083 2386 1141 universitatis
2459 1102 2710 1145 naturam
2740 1097 3014 1167 pertingit,
3084 1099 3364 1156 luceenim
3413 1105 3591 1161 divina

2014 1174 2168 1244 plena
2197 1186 2300 1244 est,
2345 1178 2598 1251 illamque
2644 1189 2886 1254 agnoscit
2938 1189 3183 1258 opiﬁcem
3218 1194 3592 1264 artiﬁcemque

2014 1268 2416 1336 universorum,
2443 1272 2517 1327 illi
2582 1284 2745 1344 atque
2820 1280 2953 1333 adeo
2998 1281 3095 1334 soli
3166 1287 3460 1353 potentiam
3534 1288 3588 1341 in

2012 1361 2193 1414 omnia
2250 1362 2468 1429 tribuit,
2558 1377 2612 1420 et
2666 1368 2930 1435 ejusmodi
2988 1372 3157 1440 gloria
3214 1376 3587 1431 universorum

2013 1451 2213 1521 Regem
2240 1466 2630 1524 priepotentem
2665 1474 2729 1513 ac
2786 1459 3072 1515 Dominum
3122 1474 3369 1518 coronat.
3446 1468 3588 1524 Hinc

2013 1543 2173 1613 igitur
2203 1560 2358 1599 mons
2401 1547 2756 1619 intelligibilis
2802 1553 2994 1608 domus
3026 1554 3115 1607 Dei
3149 1554 3271 1621 jure
3300 1557 3404 1611 dici
3464 1572 3589 1626 pos-

2012 1634 2104 1689 sit.
2144 1632 2210 1687 Et
2248 1644 2330 1689 est
2362 1636 2604 1703 illustris,
2638 1649 2822 1709 utpote
2857 1656 3020 1711 supra
3053 1642 3216 1698 colles
3250 1644 3481 1699 elevata.
3514 1649 3588 1701 De

2012 1725 2097 1777 illa
2141 1741 2270 1779 vero
2306 1726 2446 1782 istud
2501 1732 2689 1784 merito
2732 1734 2853 1802 quis
2916 1735 3135 1799 dixerit,
3170 1738 3311 1804 quod
3363 1738 3588 1795 illustris

2011 1817 2240 1885 exempli
2276 1816 2392 1871 loco
2450 1818 2754 1878 Servatoris
2807 1840 2940 1880 voce
2988 1827 3187 1880 dictum
3258 1840 3387 1886 est:
3432 1831 3583 1887 «Non

325 1899 421 1952 ἐπὶ
467 1898 672 1969 βουνῶν
715 1902 975 1972 ἠρμένος.
1013 1904 1148 1976 Φαίη
1185 1906 1229 1958 δ’
1262 1907 1328 1961 ἄν
1370 1926 1454 1972 τις
1487 1910 1573 1963 ἐπ’
1597 1912 1762 1966 αὐτοῦ
1812 1915 1903 1967 καὶ

2010 1914 2186 1973 potest
2210 1907 2402 1962 civitas
2441 1912 2695 1967 abscondi
2724 1930 2886 1983 supra
2953 1929 3188 1973 montem
3237 1922 3412 1990 posita
3445 1924 3511 1979 “.
3558 1944 3577 1977 ι

328 1990 477 2059 μάλα
503 1992 730 2055 είκότως
756 1993 817 2045 τὸ
844 1994 934 2047 διὰ
969 1995 1068 2065 τῆς
1097 1996 1191 2048 τοῦ
1226 1998 1482 2070 Σωτῆρος
1512 2002 1715 2073 φωνῆς,
1741 2003 1816 2067 ὡς
1842 2005 1909 2058 ὲκ

324 2084 772 2153 παραδείγματος
800 2084 1065 2154 ἐναργοῦς
1119 2089 1443 2158 εἰρημένονο
1502 2109 1521 2142 ι
1570 2093 1645 2145 Οὐ
1687 2094 1907 2148 δύναται

322 2173 482 2237 πόλις
506 2174 779 2244 κρυϐῆναι
804 2177 988 2230 ἐπάνω
1017 2177 1177 2248 ὅρους
1199 2180 1446 2252 κειμένη.
1488 2200 1507 2233 ›
1543 2182 1654 2236 Καὶ
1681 2183 1907 2238 πλεῖστα

326 2262 429 2331 μὲν
469 2263 536 2316 ἀν
580 2279 667 2326 τις
709 2263 1041 2331 συλλέξαιτο,
1074 2268 1170 2320 καὶ
1201 2268 1345 2337 μάλα
1385 2270 1582 2340 ῥᾳδίως
1629 2273 1697 2327 τὰ
1736 2260 1801 2327 δι’
1830 2267 1904 2328 ὧν

323 2352 474 2406 ἔστιν
506 2354 635 2406 ἰδεῖν
667 2356 816 2418 παρὰ
836 2357 956 2419 ταίς
988 2357 1367 2423 θεοπνεύστοις
1409 2361 1675 2431 Γραφαῖς,
1698 2365 1780 2418 ὅτι
1810 2366 1905 2420 καὶ

324 2442 558 2511 βουνοῖς,
595 2445 691 2496 ml.
730 2445 883 2515 ὄρεσι
912 2448 1307 2517 παρεικάζεται
1334 2450 1438 2522 τῆς
1469 2456 1665 2525 νοητῆς
1709 2456 1906 2528 Ἱερου·

322 2537 506 2607 σαλὴμ
565 2538 627 2591 τὸ
685 2540 996 2610 ἀνάστημα,
1048 2542 1192 2595 τοῦτ’
1246 2542 1382 2608 ἔστι,
1416 2546 1517 2615 τῆς
1579 2548 1904 2620 Ἐκκλησίας

317 2626 383 2678 τὸ
425 2627 580 2695 ὕψος.
616 2629 955 2699 Βαδιούμεθα
993 2630 1049 2683 δὲ
1084 2632 1219 2703 πρὸς
1248 2633 1317 2687 τὰ
1364 2635 1448 2705 ἐφ’
1481 2635 1630 2707 ἑξῆς,
1661 2641 1773 2699 τοῖς
1811 2657 1903 2708 φι-

320 2719 617 2788 λομαθέσιν
640 2723 867 2790 ἀφέντες
897 2722 967 2775 τὰ
991 2724 1166 2777 τοιάδε
1198 2726 1493 2797 συλλέγειν,
1521 2731 1676 2802 εἴπερ
1701 2731 1903 2787 ἕλοιντο

321 2809 481 2862 τοῦτο
512 2810 667 2881 δρᾷν.
708 2812 933 2883 Ἴδωμεν
966 2814 1023 2868 δὲ
1061 2815 1113 2867 τί
1144 2816 1205 2869 τὸ
1237 2818 1425 2872 τελοῦν
1454 2823 1533 2883 είς
1562 2821 1745 2892 ὄνησιν
1792 2826 1903 2887 τοῖς

319 2902 413 2953 ἐπὶ
442 2902 543 2972 τῆς
574 2904 699 2974 γῆς.
747 2904 880 2957 Ἀπό
910 2923 975 2973 γε
1009 2907 1103 2960 τοῦ
1139 2908 1230 2962 τὸν
1253 2905 1400 2964 οἷκον
1427 2911 1523 2964 τοῦ
1557 2913 1691 2967 Θεοῦ
1719 2915 1903 2986 περίο-

321 3008 460 3044 πτον
500 2993 642 3046 οὕτω
668 2994 922 3062 γενέσθαι
950 2999 1064 3061 τοῖς
1108 3000 1445 3070 ἁπανταχοῦ,
1485 3002 1560 3065 ὼς
1592 3004 1768 3058 δοκεῖν
1800 3007 1900 3078 ἤδη

322 3099 441 3143 πως
479 3082 747 3151 ὑψοῦσθαί
774 3102 834 3138 τε
878 3087 969 3139 ἐπὶ
1017 3087 1260 3157 βουνοὺς,
1301 3091 1396 3143 καὶ
1437 3094 1523 3145 ἐπ’
1563 3094 1747 3166 ἄκρων
1790 3101 1902 3150 κεῖ-

322 3174 447 3227 σθαι
476 3174 586 3227 τῶν
632 3175 822 3247 ὀρέων.
863 3179 1072 3233 Οὐκοῦν
1105 3181 1507 3254 πληροφορήσει
1543 3184 1715 3255 λέγων
1740 3188 1901 3253 εὐθὺς
1928 3232 1969 3289 C

322 3263 667 3289 ;______A___
735 3286 747 3289 _
786 3268 888 3289 VM,
927 3267 1105 3289 πη,
1136 3288 1139 3289 ,
1170 3271 1185 3289 ι
1239 3274 1252 3289 .
1326 3274 1338 3289 .
1386 3272 1400 3289 ε
1497 3274 1509 3289 ρ
1692 3276 1703 3289 ι
1738 3277 1789 3289 η

318 3263 686 3335 ἀπροφήτης.
730 3286 747 3317 ι
786 3268 895 3320 Καὶ
924 3267 1142 3338 ἥξουσιν
1166 3271 1252 3323 ἐπ’
1279 3272 1412 3325 αὐτὸ
1439 3274 1618 3329 πάντα
1648 3276 1716 3329 τὰ
1735 3277 1861 3350 ἔθνη
1883 3295 1897 3308 ’

319 3357 415 3408 καὶ
469 3358 827 3425 πορεύσονται
882 3361 1010 3434 ἔθνη
1052 3363 1222 3417 πολλὰ
1263 3366 1358 3419 καὶ
1410 3366 1657 3438 ἐροῦσινο
1712 3369 1897 3436 Δεῦτε,

319 3445 617 3515 ἁναϐῶμεν
644 3450 721 3510 εἰς
746 3448 807 3501 τὸ
835 3450 959 3520 ὅρος
992 3452 1085 3505 τοῦ
1118 3455 1345 3525 Κυρίου,
1378 3457 1472 3509 καὶ
1503 3460 1581 3521 εἰς
1622 3457 1713 3512 τὸν
1751 3456 1900 3513 οἷκον

316 3537 413 3589 τοῦ
447 3537 585 3591 Θεοῦ
631 3538 845 3595 Ἰακώϐ.
882 3544 991 3597 Καὶ
1027 3547 1320 3615 ἀναγγελεῖ
1347 3549 1479 3620 ἡμῖν
1509 3551 1607 3620 τὴν
1651 3551 1768 3604 ὁδὸν
1799 3553 1897 3607 αὐ-

314 3632 436 3696 τοῦ,
469 3632 564 3685 καὶ
596 3636 977 3706 πορευσόμεθα
1022 3640 1079 3691 ἐν
1105 3640 1263 3712 αὐτῇ.
1298 3660 1316 3693 ι
1346 3642 1467 3696 Ὅτι
1520 3644 1618 3715 μὲν
1641 3642 1733 3698 οῦν
1776 3663 1899 3699 συν-

312 3723 584 3793 ηθροίσθη
613 3726 792 3781 πάντα
806 3728 873 3780 τὰ
898 3728 1044 3799 ἔθνη,
1064 3732 1155 3784 καὶ
1188 3733 1654 3806 συνδεδραμήκασι
1681 3738 1768 3792 διὰ
1799 3738 1898 3808 τῆς

314 3816 556 3880 πίστεως
585 3818 665 3882 είς
697 3820 794 3889 τὴν
846 3821 1192 3893 Ἐκκλησίαν,
1224 3825 1284 3877 οὐ
1310 3827 1537 3898 μακρῶν
1558 3831 1689 3899 ἡμῖν
1715 3829 1897 3901 δεήσει

314 3908 454 3980 πρὸς
486 3910 759 3975 ἀπόδειξιν
792 3910 985 3980 λόγων.
1036 3915 1182 3987 Αὐτὴ
1233 3916 1290 3969 δὲ
1336 3917 1443 3969 τῶν
1491 3921 1827 3990 πραγμάτων
1861 3923 1895 3993 ἡ

310 3996 543 4061 ἔκϐασις
574 4000 923 4072 αὐτόμαρτυς
972 4002 1124 4057 ἔσται
1159 4008 1253 4059 καὶ
1283 4007 1509 4078 ἀληθής.
1543 4010 1689 4081 Πλὴν
1721 4012 1897 4066 ἐκεῖνο

312 4084 766 4157 καταθαυμάζειν
814 4090 983 4155 ἄξιον.
1035 4092 1313 4163 Κέκληται
1362 4096 1467 4167 γὰρ
1496 4096 1603 4150 τῶν
1646 4099 1814 4152 ἐθνῶν
1861 4102 1893 4172 ή

314 4175 550 4246 πληθὺς,
581 4178 642 4229 οὐ
680 4178 768 4231 διὰ
796 4179 898 4250 τῆς
941 4181 1033 4234 τοῦ
1065 4185 1229 4253 νόμου
1264 4186 1669 4255 παιδαγωγίας,
1702 4192 1763 4242 οὐ
1806 4190 1896 4244 διὰ

316 4268 613 4337 προφητῶν
668 4270 871 4339 ἁγίων·
904 4272 1115 4344 ἀγείρει
1147 4274 1202 4327 δὲ
1234 4276 1435 4346 μᾶλλον
1476 4279 1614 4335 αὐτὰ
1646 4272 1764 4332 θεία
1809 4298 1895 4345 τις
1940 4350 1941 4355 η

313 4361 410 4410 καὶ
438 4360 751 4433 ἀπόρρητος
799 4364 961 4435 χάρις
1003 4366 1208 4435 νοητῶς
1248 4367 1616 4441 ὲλλάμπουσα,
1666 4373 1759 4425 καὶ
1795 4373 1895 4441 τῆς

312 4450 406 4503 διὰ
456 4451 694 4521 Χριστοῦ
742 4457 1017 4527 σωτηρίας
1059 4458 1330 4513 ὲντιθεῖσα
1375 4462 1474 4532 τὴν
1531 4463 1735 4532 ἔφεσιν.
1784 4464 1892 4518 Θέα

2011 1995 2148 2051 Sunt
2195 2014 2321 2054 vero
2347 2002 2496 2069 plura
2530 2003 2633 2057 alia
2661 2021 2781 2076 qum
2822 2007 3086 2065 facillime
3111 2011 3289 2081 colligi
3336 2029 3574 2086 possent,

2009 2092 2150 2144 unde
2193 2092 2381 2147 videre
2410 2104 2491 2148 est
2523 2095 2575 2149 in
2623 2096 2917 2167 Scripturis
2978 2102 3235 2159 divinitus
3281 2106 3580 2175 inspiratis,

2005 2176 2302 2234 Jerusalem
2355 2182 2707 2253 intelligibilis
2789 2189 3023 2256 apicem,
3077 2193 3127 2246 id
3176 2204 3280 2258 est,
3330 2195 3583 2255 Ecclesiae

2007 2271 2402 2342 celsitudinem,
2428 2275 2652 2332 collibus
2689 2289 2743 2333 et
2767 2283 3039 2337 montibus
3067 2290 3393 2355 comparari.
3458 2292 3578 2347 (Ia:-

2009 2371 2180 2417 terum
2209 2366 2273 2419 ad
2302 2369 2580 2436 sequentia
2614 2371 2911 2437 veniemus,
2945 2374 3058 2429 haec
3086 2378 3339 2433 studiosis
3361 2395 3583 2437 concer-

2006 2455 2180 2509 vanda
2218 2455 2601 2525 relinquentes,
2639 2461 2684 2514 si
2720 2464 2932 2529 quidem
2970 2466 3020 2519 id
3056 2466 3231 2522 facere
3265 2472 3535 2526 voluerint
3564 2495 3576 2528 :

2008 2546 2284 2600 videamus
2314 2562 2444 2601 vero
2508 2551 2636 2618 quid
2693 2552 2938 2608 utilitatis
2989 2560 3303 2615 mortalibus
3366 2564 3577 2631 afferat,

2006 2636 2222 2690 domum
2255 2638 2344 2692 Dei
2378 2640 2515 2694 hanc
2546 2646 2899 2712 conspicuam
2944 2663 3064 2703 esse
3101 2666 3166 2703 ac
3227 2657 3579 2720 spectabilem

2007 2726 2227 2782 ubilibet
2252 2730 2522 2799 omnibus,
2588 2732 2662 2786 ita
2692 2745 2748 2787 ut
2773 2735 2884 2802 jam
2938 2741 3333 2807 quodammodo
3395 2758 3579 2801 evecta

2007 2828 2167 2883 supra
2208 2815 2421 2881 collem,
2468 2828 2521 2872 et
2549 2819 2601 2874 in
2652 2822 2815 2877 editis
2864 2828 3139 2885 montibus
3198 2832 3460 2889 collocata
3509 2840 3581 2891 vi-

2005 2905 2216 2960 deatur.
2267 2906 2322 2961 Id
2362 2924 2488 2964 vero
2513 2927 2636 2967 mox
2680 2916 2940 2984 propheta
2987 2921 3200 2975 abunde
3261 2926 3576 2993 declarabit,

2005 2997 2189 3052 dicens
2217 3016 2229 3052 :
2266 3017 2285 3049 ι
2321 3000 2386 3053 Et
2410 3004 2624 3057 venient
2650 3006 2715 3058 ad
2745 3020 2867 3060 eum
2911 3023 3099 3065 omnes
3130 3025 3337 3081 gentes,
3364 3028 3417 3071 et
3460 3035 3576 3073 ain-

2008 3086 2263 3142 bnlabunt
2288 3101 2475 3159 gentes
2506 3094 2705 3159 multae,
2755 3111 2819 3151 ac
2844 3099 3026 3154 dicent
3056 3120 3070 3157 :
3098 3105 3316 3170 Adeste,
3380 3124 3574 3165 ascen-

2006 3180 2194 3235 damus
2227 3181 2277 3234 in
2309 3192 2543 3237 montem
2598 3185 2807 3241 Domini
2841 3198 2893 3243 et
2921 3190 2972 3243 in
3000 3193 3215 3247 domum
3257 3196 3349 3250 Dei
3381 3196 3570 3255 Jacob.

2006 3267 2069 3320 Et
2101 3270 2444 3324 annuntiabit
2479 3272 2638 3326 nobis
2670 3273 2809 3327 viam
2839 3290 3014 3343 suam,
3068 3288 3123 3333 et
3185 3283 3578 3339 ambulabimus

2004 3360 2054 3412 in
2094 3376 2178 3415 ea.
2212 3380 2232 3413 ›
2278 3361 2441 3432 Atqui
2470 3378 2658 3417 omnes
2687 3374 2877 3433 gentes
2924 3377 3142 3425 coactas
3174 3370 3366 3438 fuisse,
3395 3382 3445 3427 et
3478 3391 3577 3444 per

2003 3452 2157 3505 iidem
2201 3452 2256 3506 in
2292 3454 2589 3509 Ecclesiam
2636 3456 2983 3525 conﬂuxisse,
3023 3460 3254 3530 longiori
3288 3452 3585 3520 verborum-

2000 3545 2226 3598 circuitu
2275 3544 2326 3599 id
2352 3548 2728 3601 demonstrare
2757 3564 2860 3603 non
2917 3563 3020 3605 erit
3055 3567 3192 3619 opus
3226 3573 3239 3608 :
3284 3555 3412 3624 quin
3464 3558 3577 3625 ipse

2000 3652 2178 3689 rerum
2211 3646 2433 3691 eventus
2465 3639 2768 3707 ipsissimus
2794 3643 2896 3696 erit
2942 3659 3005 3698 ac
3049 3660 3210 3700 verus
3240 3650 3412 3703 testis.
3440 3649 3575 3705 Illud

2000 3736 2179 3779 autem
2212 3728 2468 3781 admirari
2520 3744 2698 3798 Operae
2738 3734 2967 3799 pretium
3022 3733 3204 3791 fuerit.
3258 3735 3459 3795 Vocata
3492 3751 3577 3796 est

1997 3819 2139 3871 enim
2196 3819 2434 3889 gentium
2478 3820 2799 3886 multitudo,
2832 3839 2937 3877 non
2990 3841 3083 3895 per
3132 3828 3262 3899 legis
3320 3833 3573 3903 paedago-

1998 3908 2163 3977 giam,
2196 3922 2299 3962 non
2326 3924 2421 3977 per
2447 3919 2666 3964 sanctos
2693 3914 3020 3983 prophetas;
3051 3917 3145 3971 sed
3183 3921 3363 3974 divina
3394 3924 3572 3992 potius

1996 4008 2050 4053 et
2081 4013 2274 4052 arcana
2312 4001 2555 4069 quredam
2604 4004 2801 4071 gratia,
2857 4007 3221 4072 intelligenter
3277 4014 3569 4082 irradians,

1996 4096 2049 4140 et
2079 4086 2266 4143 salutis
2296 4103 2395 4157 per
2438 4090 2713 4145 Christum
2751 4095 3074 4149 desiderium
3133 4100 3418 4168 instillatis,
3474 4121 3570 4159 eas

1995 4180 2366 4248 congregavit.
2394 4178 2586 4250 Specta
2609 4184 2750 4236 enim
2775 4192 3043 4252 quomodo
3074 4190 3220 4244 nullo
3246 4197 3572 4260 prwdieante

1994 4271 2096 4325 sibi
2126 4273 2356 4326 invicem
2407 4273 2706 4327 aeclamant
2737 4294 2753 4331 :
2781 4295 2799 4327 ι
2834 4279 3033 4334 Adeste
3057 4290 3111 4335 et
3136 4288 3492 4343 ascendamus
3516 4292 3568 4344 in

1993 4362 2099 4433 37
2143 4373 2376 4417 montem
2419 4364 2652 4431 Domini,
2688 4376 2742 4420 et
2793 4369 2845 4422 in
2887 4371 3103 4425 domum
3140 4373 3231 4427 Dei
3280 4375 3466 4433 Jacob.
3503 4380 3572 4435 Et

1994 4455 2339 4511 annuntiahit
2396 4456 2551 4511 nobis
2583 4459 2724 4511 viain
2776 4475 2954 4525 suam,
2990 4472 3043 4517 et
3091 4465 3484 4525 ambulabimus
3515 4474 3567 4527 in

313 4540 426 4609 τὰρ
479 4540 625 4604 ὅπως
678 4542 1105 4615 διακηρύξαντος
1151 4549 1333 4613 αὐτοῖς
1378 4552 1591 4615 οὐδενὸς
1645 4553 1890 4623 ἀλλήλοις

2004 4563 2076 4601 ea.
2103 4566 2122 4599 ι
2160 4548 2394 4602 Primum
2442 4553 2761 4617 ascendunt,
2790 4552 2911 4606 dein
2958 4556 3037 4609 sic
3065 4570 3330 4627 quaerunt,
3362 4572 3418 4615 ut
3451 4578 3567 4618 ver-

314 4631 620 4700 ἐπιφωνεῖο
674 4653 693 4684 ι
731 4634 893 4688 Δεῦτε
938 4640 1033 4690 καὶ
1078 4640 1369 4710 ἀναδῶμεν
1415 4645 1494 4707 εἰς
1536 4645 1597 4696 τὸ
1631 4644 1755 4715 ὅρος
1798 4647 1891 4699 τοῦ

314 4722 549 4792 Κυρίου,
603 4724 698 4777 καί¹
744 4728 823 4789 είς
870 4727 963 4779 τὸν
1012 4723 1159 4782 οἷκον
1213 4729 1308 4783 τοῦ
1356 4731 1491 4786 Θεοῦ
1554 4734 1766 4798 Ἰακὼϐ,
1800 4738 1893 4789 καὶ

315 4814 613 4881 ἀναγγελεῖ
634 4818 767 4885 ἡμῖν
805 4817 904 4887 τὴν
932 4818 1049 4871 ὁδὸν
1074 4819 1262 4885 αὐτοῦ,
1293 4822 1386 4875 καὶ
1416 4825 1793 4895 πορευσόμεθα
1836 4829 1892 4879 ἐν

316 4903 478 4975 αὐτῇ.
537 4923 557 4956 ι
614 4906 837 4975 Πρῶτον
887 4907 1287 4974 ἀναϐαίνουσιν,
1319 4906 1419 4963 εἷθ’
1450 4911 1592 4965 οὕτω
1641 4912 1894 4982 ζητοῦσιν

317 4993 744 5061 ἐπαγγέλλεσθαι
788 5013 847 5048 τε
882 4997 971 5049 τὸν
996 4995 1092 5049 τοῦ
1133 4998 1267 5052 Θεοῦ
1312 5000 1468 5067 λόγον
1505 5001 1705 5064 αὐτοῖς.
1761 5002 1895 5055 Ὑπ-

317 5083 628 5154 ισχνοῦνται
665 5087 723 5139 δὲ
752 5088 845 5140 καὶ
881 5087 1116 5157 βαδίζειν
1150 5090 1248 5162 τὴν
1277 5090 1392 5144 ὁδὸν
1430 5090 1524 5144 τοῦ
1552 5092 1775 5163 Κυρίου,
1802 5093 1894 5164 δῆ-

314 5178 407 5229 λον
457 5177 515 5231 δὲ
557 5179 639 5231 ὅτι
676 5180 776 5249 τὴν
829 5180 1211 5254 εὐαγγελικὴν,
1263 5184 1618 5257 προεισϐολὴν
1665 5186 1892 5258 ἔχουσαν

315 5268 415 5338 τὴν
466 5269 553 5323 διὰ
614 5270 851 5334 πίστεως
899 5272 1183 5343 κάθαρσιν.
1257 5274 1493 5327 Ἐοίκασι
1535 5275 1591 5328 δὲ
1630 5277 1727 5348 τὴν
1774 5278 1892 5333 ὁδὸν

294 5347 524 5430 ²Κυρίου
560 5360 848 5431 ζητοῦντες
895 5363 1101 5433 μαθεῖν,
1132 5364 1231 5435 τῆς
1263 5366 1496 5436 ἀρχαίας
1536 5367 1751 5439 ἐκείνης
1798 5371 1892 5423 καὶ

316 5448 548 5520 βεϐήλου
603 5452 812 5523 πλάνης
874 5454 1319 5525 προεισδέξασθαι
1374 5458 1472 5528 τὴν
1527 5461 1887 5529 κατάγνωσιν.

290 5541 514 5651 ’Ἔσται
552 5543 660 5613 γὰρ
692 5543 813 5613 οὐχὶ
854 5546 1056 5616 ἑτέρως
1107 5549 1165 5599 ὲν
1211 5548 1341 5618 ἡμῖν
1369 5548 1475 5601 τῶν
1522 5548 1802 5619 βελτιόνων
1855 5555 1888 5624 ἡ

315 5628 525 5699 ἔφεσις,
560 5632 637 5705 μὴ
675 5635 797 5705 οὐχὶ
839 5635 905 5707 δὴ
955 5636 1171 5709 πρῶτον
1216 5644 1749 5711 προκατεγνωκότων
1782 5647 1890 5700 τῶν

388 5808 431 5839 ⁸³
473 5807 631 5865 Rom.
673 5826 713 5877 t,
743 5810 834 5865 ξιξ.
911 5813 957 5845 ⁸⁸
992 5813 1183 5872 Matth.
1214 5834 1268 5884 Χ,
1298 5817 1385 5873 14.

1994 4636 2121 4690 bum
2164 4639 2372 4692 Domini
2412 4639 2513 4692 sibi
2554 4644 2925 4707 annuntietur,
2974 4656 3024 4699 et
3072 4650 3338 4719 recipiunt
3375 4668 3433 4709 se
3468 4657 3571 4709 itu-

1992 4743 2081 4782 ros
2114 4729 2251 4781 viam
2284 4728 2522 4796 Domini,
2576 4734 2826 4788 nimirum
2861 4738 3253 4807 evangelicam,
3295 4745 3447 4813 cujus
3475 4749 3571 4801 ad-

1994 4818 2099 4871 itus
2125 4830 2206 4871 est
2233 4821 2480 4887 purgatio
2511 4836 2607 4889 per
2632 4823 2812 4878 tidem.
2842 4825 2944 4892 Qui
2974 4837 3153 4884 autem
3188 4833 3324 4887 viam
3359 4834 3569 4894 Domini

1992 4913 2213 4980 cupiunt
2250 4913 2479 4978 discere,
2518 4915 2801 4970 inveterati
2837 4917 2982 4973 illius
3019 4929 3073 4975 et
3114 4923 3325 4993 profani
3366 4934 3572 4986 erroris

1998 5005 2500 5060 condemnationem
2544 5006 2794 5061 videntur
2837 5020 2961 5065 ante
3004 5017 3302 5085 suscipere.
3360 5023 3571 5092 Alioqui

2002 5108 2105 5147 non
2154 5094 2259 5148 erit
2319 5096 2371 5149 in
2430 5096 2588 5150 nobis
2641 5097 2728 5151 illa
2788 5102 3071 5157 meliorum
3126 5111 3404 5179 expetitio,
3463 5118 3567 5170 nisi

2000 5187 2149 5255 prius
2172 5197 2351 5253 vetera
2380 5190 2551 5257 prima
2586 5192 2987 5249 damnantibus.
3014 5198 3145 5263 Quis
3168 5214 3297 5271 ergo
3324 5206 3427 5261 illis
3454 5219 3571 5263 erat

1999 5279 2385 5348 mystagogus?
2423 5280 2555 5347 Quis
2591 5283 2812 5338 deduxit
2841 5289 2904 5339 ad
2933 5291 3265 5358 agnitionem
3300 5299 3568 5362 veritatis,

1999 5379 2054 5422 et
2100 5369 2364 5438 persuasit
2410 5371 2511 5438 eis,
2565 5382 2620 5425 ut
2668 5376 2841 5441 prima
2889 5382 3270 5439 existimarent
3319 5389 3565 5456 ridicula,

1998 5473 2053 5516 et
2073 5464 2138 5517 ad
2155 5463 2457 5532 posteriora
2486 5479 2834 5521 accurrerent
2850 5468 2877 5522 ?
2894 5471 3085 5527 Annon
3128 5478 3371 5535 videlicet
3396 5482 3572 5537 Deus?

2000 5555 2113 5623 qui,
2144 5565 2201 5607 ut
2235 5555 2364 5622 dixi,
2398 5555 2608 5610 illorum
2637 5560 2904 5619 mentibus
2938 5576 2993 5620 et
3041 5574 3191 5626 cordi
3243 5573 3435 5642 illuxit,
3468 5578 3564 5633 ad-

1998 5648 2257 5719 duxitque
2284 5660 2342 5706 ut
2372 5650 2614 5710 dicerent
2647 5656 2804 5711 simul
2834 5670 2883 5715 et
2912 5664 3178 5721 sentirent
3210 5685 3221 5721 :
3265 5685 3285 5719 ι
3324 5669 3401 5723 Ex
3436 5668 3568 5726 Sion
