4094 6366
511 356 573 415 7i
1534 362 1591 412 5.
1632 357 1907 411 ρῖιιιιιι
1945 357 2411 414 ΑιεχΑΝυιιιΝι
2454 360 2774 415 ΑΒΟΗΙΕΡ.
3694 362 3763 415 ’72

509 477 817 547 egredietur
850 476 957 540 lex,
991 484 1047 531 et
1090 477 1312 530 verbum
1347 474 1559 529 Domini
1590 476 1657 528 de
1703 474 2027 530 Jerusalem.

2166 477 2383 539 πάλαι.
2423 479 2518 541 Τίς
2550 476 2642 531 οὖν
2685 479 2793 548 ἄρα
2835 478 3052 546 γέγονεν
3087 478 3266 540 αὐτοῖς
3301 481 3329 532 6
3370 480 3761 548 μυσταγωγός;

504 572 658 634 Quod
706 570 975 637 geminum
1016 583 1233 623 sensum
1280 566 1460 620 habet.
1504 567 1611 620 Aut
1654 567 1798 621 enim
1832 567 1962 621 illud
1999 569 2088 622 di-

502 677 656 727 cunt,
686 664 795 718 Nos
820 665 1040 718 verbum
1090 678 1120 716 a
1148 663 1309 718 domo
1345 662 1441 718 Dei
1481 663 1841 731 accipiemus;
1874 674 1929 720 et
1963 680 2087 721 cum

501 758 572 809 ibi
620 757 881 810 fuerimus
922 757 1141 809 verbum
1186 756 1278 809 Dei
1329 770 1739 825 cognoscemus.
1788 758 1898 812 Aut
1941 759 2085 829 quod

500 848 587 899 lex
634 848 1039 915 reliquitSion,
1084 858 1140 902 et
1186 863 1250 901 ex
1285 862 1347 902 ea
1406 847 1565 900 veluti
1617 849 1896 915 migravit,
1930 861 1985 905 et
2017 853 2087 909 ab

496 937 799 993 Jerusalem
834 938 922 992 Dei
960 938 1194 993 Verbum
1226 940 1479 993 excessit.
1524 938 1821 1008 Postquam
1849 943 1991 995 enim
2030 945 2083 998 in

498 1029 771 1083 Christum
794 1032 1110 1085 debacchati
1139 1042 1285 1099 sunt,
1314 1043 1369 1087 et
1397 1047 1623 1101 regnum
1652 1034 1769 1102 ejus
1799 1044 2082 1105 negarunt,

497 1139 593 1177 eos
622 1125 839 1192 reliquit
884 1127 1157 1195 orphanos
1184 1137 1238 1180 et
1266 1130 1460 1193 orbos;
1495 1126 1737 1195 illudque
1770 1130 1970 1185 dictum
1999 1140 2085 1187 est

496 1231 593 1285 per
625 1217 939 1286 prophetam
976 1240 989 1273 :
1030 1238 1049 1270 ‹
1086 1218 1150 1271 Ει
1185 1220 1296 1273 dixi
1331 1239 1344 1274 :
1376 1218 1493 1273 Non
1544 1234 1759 1289 pascam
1800 1238 1919 1287 vos,
1967 1240 2085 1278 mo-

498 1309 643 1361 riens
674 1314 953 1373 moriatur,
983 1320 1039 1365 et
1071 1311 1330 1367 deﬁciens
1354 1312 1674 1377 deliciat,§et
1704 1317 1931 1385 posthac
1956 1316 2084 1373 edat

494 1400 722 1469 quisque
752 1403 987 1470 proximi
1041 1405 1120 1457 sui
1154 1419 1349 1460 carnes
1379 1406 1445 1461 ⁸⁸.
1485 1427 1503 1459 ι
1530 1408 1716 1478 Itaque
1740 1408 1824 1461 lex
1866 1423 2081 1477 egressa

492 1501 574 1546 est
604 1508 668 1545 ex
720 1495 873 1560 Sion,
907 1504 961 1548 et
990 1497 1209 1550 verbum
1250 1497 1460 1552 Domini
1497 1501 1565 1554 de
1597 1499 1922 1555 Jerusalem.
1954 1499 2083 1555 Post

494 1584 801 1639 Servatoris
839 1587 982 1639 enim
1019 1603 1233 1641 crucem
1277 1591 1559 1659 obsignata
1590 1601 1673 1645 est
1706 1593 1842 1646 visio
1871 1602 1924 1647 et
1956 1606 2082 1661 pro-

493 1681 713 1745 phetia:
753 1696 852 1733 nec
879 1680 1109 1749 amplius
1136 1682 1274 1749 apud
1309 1682 1456 1750 ipsos
1499 1683 1589 1737 Dei
1631 1683 1715 1737 lex
1761 1694 1815 1738 et
1855 1686 2079 1737 verbum

492 1768 613 1821 fuit.
648 1768 879 1838 Ideoque
910 1771 1125 1838 divinus
1154 1770 1354 1827 Paulus
1386 1782 1591 1826 tantum
1618 1790 1724 1828 non
1755 1774 2074 1844 desperans,

2191 568 2286 631 Τίς
2318 570 2345 621 ὁ
2394 568 2683 638 ἀναφέρων
2722 569 2800 629 εἰς
2845 567 3137 633 ἐπίγνωσιν
3184 565 3462 634 ἀληθείας,
3499 566 3592 618 καὶ
3635 567 3789 651 ἀνυσ-1

2189 660 2390 715 πείθων
2411 660 2609 721 αὐτοὺς
2640 659 3021 727 καταγέλαστα
3052 658 3152 727 μὲν
3179 658 3428 730 ἡγεῖσθαι
3454 658 3523 711 τά
3547 656 3758 726 πρῶτα,

2188 753 2542 822 προστρέχειν
2570 753 2625 805 δὲ
2670 754 2783 815 τοῖς
2812 752 3120 822 δευτέροις;
3154 751 3187 823 ἢ
3230 750 3472 821 δηλονότι
3522 750 3686 815 Θεὸς;
3732 753 3761 803 6

2188 845 2281 897 καὶ
2302 844 2580 914 ἐλλάμψας
2608 845 2811 909 αὐτοῖς,
2835 843 2909 907 ὡς
2941 844 3094 915 ἔφην,
3126 844 3205 906 εἰς
3236 843 3359 896 νοῦν
3394 843 3484 897 καὶ
3511 842 3758 914 καρδίαν,

2187 937 2279 988 καὶ
2317 937 2618 999 ἀναπείσας
2656 938 2830 989 εἰπεῖν
2855 953 2915 987 τε
2944 935 3060 1005 ἅμα
3096 936 3188 988 καὶ
3218 938 3456 1007 φρονεῖν,
3483 936 3564 988 ὅτι
3603 954 3621 986 ι
3660 935 3757 988 Ἐκ

2187 1028 2327 1082 Σιὼν
2355 1028 2691 1095 ἐξελεύσεται
2723 1029 2905 1099 νόμος,
2934 1029 3028 1082 καὶ
3053 1027 3207 1096 λόγος
3236 1028 3439 1097 Κυρίου
3465 1028 3522 1093 ἐξ
3559 1028 3760 1099 Ἰερου-

2187 1121 2388 1191 σαλήμ.
2428 1139 2447 1173 ι
2494 1120 2685 1173 Ὠδίνει
2713 1121 2769 1173 δὲ
2796 1120 2954 1173 τοῦτο
2990 1119 3183 1192 διπλῆν
3208 1121 3292 1189 ἐφ’
3335 1120 3512 1189 ἐαυτῷ
3541 1120 3639 1188 τὴν
3669 1120 3758 1173 ἐν·

2184 1232 2354 1270 νοιαν.
2391 1216 2462 1267 Ἥ
2504 1213 2613 1284 γάρ
2644 1214 2817 1267 ἐκεῖνό
2846 1231 3029 1282 φασιν,
3059 1214 3139 1266 ὃτι
3179 1211 3479 1282 Ληψόμεθα
3508 1212 3663 1279 λόγον
3694 1213 3759 1265 ἐκ

2181 1309 2277 1363 τοῦ
2307 1307 2455 1362 οἴκου
2484 1307 2576 1360 τοῦ
2609 1306 2765 1371 Θεοῦ,
2798 1307 2893 1360 καὶ
2920 1306 3008 1359 τὸν
3032 1305 3123 1359 τοῦ
3155 1304 3289 1357 Θεοῦ
3333 1304 3488 1372 λόγον
3516 1305 3634 1356 ἐκεῖ
3668 1321 3758 1372 γε-

2184 1403 2401 1468 γονότες
2428 1398 2685 1468 εἰσόμεθα
2705 1416 2718 1428 ·
2751 1399 2785 1470 ἢ
2817 1399 2898 1451 ὅτι
2952 1397 3305 1451 καταλέλοιπε
3333 1397 3430 1466 τὴν
3475 1395 3635 1459 Σιὼν,
3667 1396 3759 1449 καὶ

2180 1489 2293 1546 οἷον
2326 1492 2626 1562 ἐκϐέϐηκεν
2659 1491 2753 1543 ἀπ’
2782 1488 2952 1558 αὐτῆς
2979 1491 3006 1542 6
3034 1489 3216 1559 νόμος,
3251 1486 3341 1540 καὶ
3373 1485 3481 1539 ἀπὸ
3520 1486 3619 1555 τῆς
3662 1486 3755 1537 Ἱε-

2182 1587 2467 1659 ρουσαλὴμ
2495 1586 2933 1654 ἀποπεφοίτηκεν
2961 1585 2988 1635 6
3008 1581 3101 1635 τοῦ
3124 1580 3259 1634 Θεοῦ
3297 1581 3487 1648 Λόγος.
3539 1578 3755 1650 Ἐπειδὴ

2180 1679 2288 1750 γὰρ
2315 1679 2778 1748 πεπαρῳνήκασιν
2822 1678 2901 1738 εἰς
2941 1673 3196 1745 Χριστὸν,
3228 1672 3536 1744 ἡρνήσαντό
3569 1690 3626 1724 τε
3656 1673 3755 1741 τὴν

2182 1766 2457 1836 βασιλείαν
2504 1766 2692 1834 αὑτοῦ,
2732 1765 3122 1820 καταλέλοιπεν
3164 1765 3376 1829 αὐτοὺς,
3408 1764 3501 1817 καὶ
3541 1762 3755 1832 ἀφῆκεν

491 1868 544 1913 et
583 1862 1031 1916 inemendabilem
1080 1861 1386 1917 Iudaeorum
1423 1866 1629 1919 turbam
1677 1868 2063 1935 conspicatus:

2176 1859 2468 1931 ὀρφανούς.
2517 1861 2625 1913 Καὶ
2666 1860 2825 1913 τοῦτο
2849 1855 2917 1930 ἦν
2945 1861 3005 1913 τὸ
3033 1858 3120 1912 se
3153 1856 3248 1910 τοῦ
3284 1857 3563 1928 προφήτου
3598 1854 3755 1922 λεγό-

496 1971 514 2002 t
572 1953 762 2017 Vobis,
817 1973 836 2006 ι
895 1956 1086 2024 inquit,
1140 1974 1158 2007 ι
1216 1971 1438 2011 necesse
1490 1968 1607 2011 erat
1660 1959 1803 2028 loqui
1846 1961 2070 2014 verbum

491 2045 703 2099 Domini
738 2064 749 2098 :
780 2056 1065 2115 postquam
1101 2056 1276 2102 autem
1329 2048 1598 2117 repulistis
1646 2050 1800 2112 illud,
1839 2060 1894 2104 et
1929 2052 2070 2105 indi-

487 2153 620 2205 gnos
654 2152 746 2191 vos
793 2138 968 2193 facitis
1007 2150 1207 2193 zelerna
1245 2140 1383 2206 vita,
1431 2155 1558 2195 ecce
1594 2142 1962 2195 convertimur
2002 2142 2070 2196 ad

488 2241 694 2296 gentes.
757 2229 847 2284 Sic
906 2232 1049 2286 enim
1107 2233 1363 2301 praacepit
1420 2234 1577 2287 nobis
1636 2233 1892 2288 Dominus
1929 2234 1998 2287 ⁸⁸.
2043 2252 2064 2285 ι

488 2320 643 2375 Disce
675 2322 833 2391 igitur
887 2338 995 2393 quo
1030 2336 1185 2393 pacto
1218 2327 1267 2379 in
1303 2329 1473 2394 gratia
1512 2326 1603 2380 Dei
1634 2325 1903 2381 exsultent
1939 2341 2069 2396 gen-

489 2423 588 2465 tes.
622 2412 753 2465 Nam
788 2428 853 2467 ex
890 2415 1019 2469 Sion
1072 2428 1126 2470 et
1172 2414 1474 2471 Jerusalem
1513 2418 1678 2486 legem
1733 2428 1789 2472 et
1843 2418 2066 2472 verbum

484 2502 698 2557 Domini
744 2508 1033 2561 recessisse
1060 2510 1265 2572 dicunt,
1318 2510 1646 2578 omninoque
1697 2515 1761 2561 ad
1796 2524 1853 2562 se
1892 2511 2064 2562 demi-

482 2612 691 2664 grasse.
764 2597 1001 2651 Transiit
1055 2600 1197 2652 enim
1253 2601 1424 2667 gratia
1472 2602 1537 2655 ab
1588 2602 1699 2664 his,
1754 2602 1844 2669 qui
1907 2601 2064 2655 Iidem

486 2690 769 2743 \Oillel'lllll
823 2693 1084 2758 rejicere,
1135 2691 1202 2744 ad
1255 2707 1352 2746 eos
1397 2694 1487 2762 qui
1539 2707 1636 2761 per
1685 2693 1841 2747 iidem
1891 2692 2066 2748 vocati

482 2790 630 2834 Sunt.

2180 1971 2342 2024 μενον
2363 1972 2377 1986 α
2414 1972 2433 2005 ι
2468 1954 2578 2006 Καὶ
2608 1951 2758 2017 εἶπα,
2785 1954 2843 2005 οὐ
2889 1951 2964 2023 μὴ
3008 1948 3258 2018 ποιμανῶ
3289 1949 3466 2019 ὑμᾶς’
3511 1946 3573 1999 τὸ
3615 1947 3752 1999 ἀπο⁴

2175 2045 2409 2116 θνῆσκον
2450 2045 2861 2115 ἀποθνησκέτω.
2901 2044 2997 2097 καὶ
3038 2043 3099 2095 τὸ
3128 2042 3378 2094 ἐκλεῖπον
3428 2039 3747 2101 ἐκλειπέτω,

2174 2139 2270 2192 καὶ
2305 2139 2374 2191 τά
2423 2138 2727 2192 κατάλοιπα
2780 2137 3007 2190 ἐσθιέτω
3042 2135 3327 2207 ἅνθρωπος
3374 2133 3601 2196 ἕκαστος
3646 2132 3749 2195 τάς

2176 2235 2384 2305 σάρκας
2411 2231 2507 2285 τοῦ
2536 2232 2762 2301 πλησίον
2788 2229 2973 2285 αὑτοῦ.
3015 2249 3033 2281 ι
3080 2228 3334 2297 Ἐξῆλθεν
3376 2227 3553 2280 τοίνυν
3587 2226 3749 2295 νόμος

2174 2325 2240 2376 ἐκ
2299 2327 2396 2394 τῆς
2443 2322 2600 2384 Σιὼν,
2655 2321 2750 2374 καὶ
2795 2320 2951 2388 λόγος
3008 2320 3214 2391 Κυρίου
3269 2316 3328 2382 ἐξ
3369 2316 3742 2388 Ἰερουσαλήμ.

2188 2414 2558 2486 Ἐσςρραγίσθη
2598 2413 2707 2484 γάρ
2748 2413 2935 2483 ὅρασις
2982 2412 3077 2465 καὶ
3125 2410 3429 2482 προφητεία
3463 2407 3598 2478 μετά
3646 2408 3745 2473 τὴν

2173 2508 2265 2561 τοῦ
2302 2508 2550 2578 Σωτῆρος
2584 2507 2836 2577 σταυρόν.
2867 2507 2975 2558 Καὶ
3012 2504 3193 2556 οὐκέτι
3221 2503 3349 2573 παρ’
3378 2503 3561 2564 αὐτοῖς
3598 2501 3625 2552 6
3650 2498 3745 2552 τοῦ

2173 2600 2308 2653 Θεοῦ
2336 2602 2496 2672 νόμος
2523 2618 2580 2652 τε
2613 2601 2705 2652 καὶ
2733 2600 2907 2668 λόγος.
2944 2599 3052 2651 Καὶ
3073 2597 3201 2666 γοῦν
3227 2599 3255 2650 6
3283 2595 3569 2657 θεσπέσιος
3598 2593 3747 2647 Παῦ-

2172 2691 2263 2755 λος
2292 2692 2574 2762 μονονουχὶ
2600 2692 2695 2744 κα“ι
2723 2688 3057 2759 ἀπειρηκὼς,
3106 2689 3198 2742 καὶ
3226 2688 3580 2758 ἀνουθέτητον
3626 2685 3746 2755 βλέ-

2164 2802 2279 2837 πων
2303 2784 2404 2853 τὴν
2431 2783 2538 2835 τῶν
2580 2782 2846 2835 Ἰουδαίων
2867 2780 3097 2851 πληθὺν,
3133 2798 3150 2831 ‹
3174 2781 3354 2851 Ὑμῖν,
3381 2801 3397 2831 ι
3426 2781 3641 2848 φησὶν,›
3674 2772 3743 2848 ἦν

482 2875 779 2940 ἀναγκαῖον
828 2872 1120 2944 λαληθῆναι
1148 2875 1239 2928 τὸν
1288 2875 1446 2945 λόγον
1493 2877 1588 2930 τοῦ
1619 2879 1827 2950 Κυρίου
1849 2878 2079 2950 ’ἐπειδὴ
2117 2877 2172 2931 δέ
2209 2875 2514 2930 ἀπωθεῖσθε
2555 2875 2737 2938 αὐτὸν,
2800 2872 2894 2926 καὶ
2921 2874 3019 2925 οὐκ
3059 2872 3239 2936 ἀξίους
3269 2873 3484 2942 κρίνετε
3518 2874 3744 2936 ἑαυτοὺς

479 2967 580 3034 τῆς
621 2967 838 3018 αἰωνίου
891 2967 1055 3037 ζωῆς,
1110 2969 1218 3023 ἰδοὺ
1264 2973 1609 3043 στρεφόμεθα
1649 2978 1728 3036 εἰς
1778 2975 1848 3028 τὰ
1899 2975 2060 3046 ἔθνη·
2138 2974 2279 3028 οὕτω
2352 2973 2460 3043 γὰρ
2507 2971 2823 3024 ἐντέταλκεν
2874 2971 3005 3039 ἡμῖν
3047 2970 3075 3020 6
3118 2967 3341 3038 Κύριος.
3395 2986 3414 3020 ι
3457 2968 3621 3031 Σύνες
3648 2964 3743 3020 οὖν

478 3060 625 3122 ὅπως
679 3060 781 3141 ἐπὶ.
812 3063 877 3131 τῇ
925 3062 1019 3113 τοῦ
1074 3064 1310 3132 Χριστοῦ
1368 3066 1551 3138 χάριτι
1594 3068 2059 3139 μεγαλαυχοῦνται
2133 3069 2201 3121 τά
2247 3066 2395 3137 ἔθνη.
2453 3065 2585 3117 Ἀπὸ
2618 3064 2727 3132 γὰρ
2782 3062 2879 3132 τῆς
2946 3061 3083 3115 Σιὼν
3123 3064 3348 3135 καὶτῆς
3390 3062 3744 3133 Ἰερουσαλὴμ

477 3156 836 3225 ἐκϐεϐηκέναι
883 3158 1016 3226 φασὶ
1056 3159 1217 3228 νόμον
1250 3178 1310 3213 τε
1356 3165 1451 3216 καὶ
1481 3163 1635 3232 λόγον
1666 3165 1758 3217 τοῦ
1806 3167 2012 3237 Κυρίου
2037 3208 2052 3234 ,
2108 3166 2503 3237 μεταφοιτῆσαι
2540 3165 2597 3217 δὲ
2662 3163 2878 3225 πάντως
2912 3163 2992 3214 εἰς
3046 3161 3204 3215 αῦτά.
3233 3161 3594 3231 Μεταϐέϐηκε
3633 3162 3742 3232 γὰρ

477 3253 510 3320 ἡ
537 3252 695 3320 χάρις
718 3253 781 3304 ἐκ
804 3251 913 3304 τῶν
950 3254 1196 3307 ἀπειθεῖν
1223 3256 1492 3327 ἑλομένων
1529 3262 1608 3323 εἰς
1654 3261 1780 3323 τοὺς
1809 3261 1896 3313 διὰ
1939 3262 2037 3331 τῆς
2066 3261 2301 3323 πίστεως
2334 3259 2727 3328 κεκλημένους.

547 3347 659 3418 38
698 3347 864 3403 Vens.
895 3350 950 3403 4.
994 3350 1060 3403 Et
1093 3351 1354 3420 judicabit
1384 3356 1522 3408 inter
1559 3366 1753 3425 gentes,
1785 3367 1832 3410 et
1873 3369 2053 3427 arguet

2230 3355 2341 3410 Kal
2388 3354 2581 3425 κρινεῖ
2619 3355 2930 3423 ἀναμέσων
2968 3351 3087 3406 τῶν
3118 3351 3330 3416 ἐθνῶν,
3380 3352 3479 3405 καὶ
3506 3349 3738 3419 ἐλέγξει

474 3444 720 3508 populum
749 3443 992 3510 multum,
1028 3454 1076 3497 et
1113 3449 1431 3501 conlaudent
1462 3448 1667 3517 gladios
1690 3468 1811 3504 suos
1838 3452 1891 3505 in
1932 3469 2060 3504 ara-

473 3542 577 3598 tra,
620 3544 667 3586 et
705 3534 914 3588 lanceas
950 3552 1071 3590 suas
1112 3538 1166 3591 in
1206 3538 1391 3608 falces,
1423 3552 1469 3594 et
1501 3558 1606 3595 non
1634 3554 1800 3596 sumet
1844 3560 1966 3613 gens
2006 3547 2061 3598 in

473 3633 675 3693 gentem
706 3624 975 3693 gladium,
1033 3645 1193 3698 neque
1239 3630 1438 3685 discent
1474 3632 1698 3701 amplius
1745 3632 1936 3687 bellant
1970 3652 2058 3705 ge-

476 3732 528 3770 re
536 3733 609 3770 re.

544 3806 675 3861 Cum
707 3809 1017 3878 praedixerit
1051 3812 1348 3879 potentiam
1398 3812 1594 3867 diaboli
1626 3830 1874 3870 casuram
1917 3824 1973 3871 et
2004 3817 2057 3870 in

474 3899 698 3953 nihilum
750 3901 1055 3967 abituram,
1107 3904 1482 3977 idolornmque
1533 3908 1799 3963 ﬁctionem
1850 3910 2056 3963 irritam

474 4006 798 4060 eaasamque
836 3993 1097 4057 futnram,
1130 3997 1511 4055 exhortatione
1539 4010 1719 4054 mutua
1750 4000 1855 4055 sibi
1883 4002 2058 4054 accla-

474 4083 747 4137 mantibus
800 4085 1051 4152 gentibus
1094 4105 1107 4139 :
1149 4104 1167 4137 ι
1220 4089 1420 4143 Adeste
1475 4101 1530 4144 et
1581 4093 1942 4148 ascendamus
2004 4094 2056 4148 in

474 4184 713 4227 montem
756 4174 1006 4238 Domini,
1041 4188 1095 4230 et
1141 4179 1193 4232 in
1246 4181 1463 4235 domum
1516 4182 1607 4236 Dei
1641 4182 1829 4247 Jacoh,
1875 4194 1929 4239 et
1960 4200 2057 4239 an-

473 4268 743 4322 nuntiabit
772 4269 927 4323 nobis
956 4272 1096 4324 viam
1124 4289 1298 4336 suam,
1318 4283 1373 4327 et
1409 4276 1805 4331 ambulabimus
1832 4279 1884 4332 in
1919 4294 2002 4345 ea,
2030 4298 2050 4331 υ

470 4361 684 4423 tempus
710 4358 777 4410 ob
806 4359 994 4413 oculos
1026 4364 1327 4417 auditormn
1360 4367 1635 4419 constituit
1662 4386 1673 4421 :
1707 4382 1814 4437 quo
1841 4383 1901 4422 ea
1935 4386 2055 4438 quin

469 4459 891 4502 eouuuemorata
949 4458 1074 4504 ante
1139 4462 1267 4505 sunt
1308 4455 1373 4506 ad
1410 4457 1569 4508 linem
1614 4458 1959 4525 pervenient,
2002 4466 2055 4513 et

465 4552 535 4589 ex
567 4538 680 4607 ipsa
714 4554 892 4599 rerum
919 4543 1229 4598 conditione
1272 4547 1400 4600 facit
1431 4549 1814 4604 clarissimum.
1842 4551 2051 4606 Etenim

465 4630 592 4683 olim
626 4647 751 4685 eum
788 4642 929 4687 terra
959 4650 1064 4690 non
1098 4647 1243 4693 esset
1278 4642 1366 4694 uni
1393 4642 1524 4711 jugo
1554 4644 1789 4710 subdita,
1822 4647 1914 4701 sed
1956 4662 2051 4715 per

466 4722 712 4778 civitates
772 4734 827 4780 et
890 4728 1135 4797 regiones
1197 4732 1656 4802 distinguerentur
1704 4712 2047 4808 gentem—et
2080 4712 2124 4766 Β

464 4828 694 4883 quaeque
727 4817 1002 4886 sigillatim
1035 4837 1192 4875 suum
1225 4823 1453 4879 haberet
1481 4828 1670 4881 ducem
1698 4869 1712 4893 ,
1761 4830 2043 4885 dissidium

442 4912 602 4969 verat,
638 4914 693 4959 et
730 4906 872 4960 nulla
908 4910 1187 4964 hominum
1234 4914 1515 4981 permistio
1559 4923 1653 4970 aut
1686 4920 2041 4984 consociatio,

465 4995 558 5047 sed
591 5012 779 5065 pugnae
806 5010 859 5051 et
889 5001 1025 5053 bella
1052 5002 1225 5058 ubivis
1256 5005 1497 5071 gentium
1535 5009 1885 5077 perdentibus
1920 5028 2043 5068 sese

464 5094 651 5139 mutuo
689 5098 845 5139 terrm
898 5091 1320 5158 habitatoribus,
1359 5105 1412 5149 et
1461 5111 1677 5168 semper
1714 5099 1918 5154 alienas
1955 5116 2043 5157 res

464 5175 855 5243 tliripientibus,
882 5192 930 5232 et
975 5183 1224 5250 rapinam
1257 5201 1319 5239 ac
1349 5185 1638 5253 feritatem,
1672 5201 1860 5245 contra
1895 5208 2030 5261 quos

462 5268 694 5335 quisque
731 5279 961 5338 poterat,
996 5275 1221 5343 gloriam
1259 5294 1523 5333 summam
1568 5295 1688 5335 esse
1713 5283 2032 5338 existiman-

462 5359 627 5414 tibus.
688 5359 797 5415 Nec
854 5365 1015 5433 igitur
1052 5376 1221 5423 tutam
1265 5372 1649 5428 habitationem
1708 5376 2031 5442 habuerunt,

460 5466 675 5519 semper
718 5460 1011 5523 migrantes
1042 5461 1106 5513 ad
1139 5463 1387 5526 alteram,
1420 5474 1471 5515 et
1502 5464 1567 5517 ab
1593 5481 1653 5517 ea
1685 5481 1845 5534 quam
1872 5482 2034 5520 occu-

458 5554 653 5612 parant
705 5546 971 5603 deturbati
1027 5566 1056 5604 a
1114 5555 1528 5620 potentioribus.
1590 5556 1854 5611 Caeterum
1908 5573 2029 5611 cum

460 5635 835 5692 universorum
913 5642 1053 5696 Deus
1117 5644 1483 5700 Romanorum
1550 5651 1778 5717 sceptris
1843 5650 2028 5704 orbem

526 5825 571 5856 ⁸⁵
599 5823 761 5880 Ζειυίι.
801 5842 873 5894 st,
909 5827 960 5883 9.
1037 5828 1079 5858 ⁸⁵
1113 5830 1230 5882 Act.
1270 5846 1386 5893 xm,
1426 5829 1509 5882 «16.

2161 3448 2314 3502 λαὸν
2346 3450 2545 3503 πολύν
2570 3466 2582 3478 ·
2618 3448 2715 3500 καὶ
2752 3448 3139 3516 συγκόψουσι
3177 3446 3282 3511 τὰς
3305 3446 3602 3514 μαχαίρας
3627 3446 3736 3497 αὐ·
3830 3454 3833 3461 '

2162 3540 2279 3594 τῶν
2321 3544 2407 3606 εἰς
2457 3541 2694 3609 ἄροτρα,
2737 3540 2836 3594 καὶ
2877 3540 2983 3605 τὰς
3028 3538 3263 3603 ζὶϐὐνας
3299 3538 3496 3591 αὐτῶν
3532 3538 3618 3601 εἰς
3666 3536 3736 3587 τὰ

2160 3634 2443 3701 δρέπανα.
2487 3635 2594 3688 Καὶ
2634 3636 2706 3687 οὐ
2748 3634 3007 3702 λήψεται
3054 3634 3230 3699 ἔθνος
3273 3631 3370 3685 ἐπὶ
3423 3631 3596 3697 ἔθνος
3630 3630 3739 3700 μά-

2160 3743 2396 3796 χαιραν,
2433 3727 2530 3780 καὶ
2562 3728 2634 3779 οὐ
2664 3728 2749 3795 μὴ
2779 3724 3051 3794 μάθωσιν
3094 3726 3181 3779 ἔτι
3212 3722 3519 3793 πολεμεῖν.

2231 3819 2581 3891 Προειρηκὼς
2605 3821 2685 3872 ὅτι
2719 3820 2967 3875 πεσεῖταί
2994 3836 3051 3872 τε
3078 3820 3174 3874 καὶ
3202 3821 3482 3890 οἰχήσεται
3513 3817 3642 3889 πρὸς
3671 3816 3734 3869 τὸ

2162 3912 2329 3982 μηδὲν
2357 3913 2418 3965 τὸ
2444 3912 2538 3965 τοῦ
2562 3912 2805 3965 διαϐόλου
2837 3915 3068 3982 κράτος·
3099 3913 3329 3983 ἀργήσει
3358 3912 3415 3964 δὲ
3441 3911 3535 3964 καὶ
3559 3913 3590 3981 ὴ
3624 3910 3734 3965 τῶν

2160 4001 2393 4054 εἰδώλων
2411 4003 2627 4071 ποίησις
2650 4003 3030 4073 προτροπάδην
3051 4002 3296 4073 ἀλλήλων
3316 4000 3735 4070 ἐπιφωνούντων

2159 4094 2349 4146 ἐθνῶνο
2377 4112 2395 4144 ‹
2420 4092 2601 4151 Δεῦτε.
2627 4093 2914 4162 ἀναϐὡμεν
2936 4096 3014 4156 εἰς
3042 4092 3102 4145 τὸ
3131 4092 3255 4162 ὅρος
3269 4091 3363 4145 τοῦ
3387 4092 3613 4161 Κυρίου,
3634 4091 3732 4145 καὶ

2158 4187 2237 4244 εἰς
2260 4185 2351 4236 τὸν
2371 4179 2519 4236 οἶκον
2546 4183 2639 4237 τοῦ
2668 4182 2801 4236 Θεοῦ
2832 4182 3043 4246 Ἰακὼϐ,
3061 4185 3155 4235 καὶ
3176 4182 3463 4251 ἀναγγελεῖ
3484 4184 3612 4252 ἡμῖν
3630 4181 3731 4251 τὴν

2156 4276 2274 4329 ὁδὸν
2290 4276 2476 4340 αὑτοῦ,
2498 4276 2590 4329 καὶ
2606 4275 2983 4346 πορευσόμεθα
3005 4277 3061 4329 ἐν
3085 4277 3243 4347 αὐτῇ·
3273 4295 3291 4327 ι
3312 4275 3601 4347 καθίστησι
3617 4279 3731 4339 τοῖς

2156 4368 2526 4438 ἀκροωμένοις
2553 4368 2755 4439 ἐναργῆ
2773 4368 2861 4420 τὸν
2879 4367 3088 4436 καιρὸν,
3117 4369 3236 4420 καθ’
3250 4368 3308 4421 ὃν
3325 4369 3404 4433 εἰς
3422 4370 3592 4439 πέρας
3607 4367 3730 4438 ἥξει

2155 4462 2224 4514 τὰ
2267 4462 2643 4531 προειρημένα
2662 4502 2676 4524 ,
2714 4462 2806 4515 καὶ
2834 4461 2892 4525 ἐξ
2918 4463 3085 4530 αὐτῆς
3113 4463 3212 4532 τῆς
3250 4462 3358 4514 τῶν
3385 4463 3729 4534 πραγμάτων

2157 4554 2541 4612 καταστάσεως
2563 4556 2790 4605 ποιεῖται
2816 4552 3257 4623 γνωριμώτατον.
3280 4553 3453 4606 Πάλαι
3477 4553 3574 4623 μὲν
3592 4555 3727 4624 γὰρ,

2154 4643 2254 4696 οὐκ
2281 4643 2449 4714 οὔσης
2476 4645 2573 4714 τῆς
2605 4645 2709 4713 γῆς
2753 4645 2858 4697 ὑπὸ
2901 4643 3062 4713 ζυγὸν
3096 4645 3211 4707 ἕνα,
3261 4644 3629 4716 διωρισμένων
3669 4646 3729 4698 δὲ

2153 4739 2296 4792 κατά
2334 4755 2393 4790 τε
2434 4738 2617 4809 χώρας
2650 4741 2743 4791 καὶ
2784 4739 2968 4802 πόλεις
3010 4739 3119 4792 τῶν
3163 4740 3349 4802 ἐθνῶν,
3408 4740 3502 4793 καὶ
3542 4739 3728 4802 ίδικῶς

2151 4831 2392 4902 ἑκάστης
2440 4831 2671 4902 ἐχούσης
2714 4833 2805 4885 τὸν
2849 4833 3165 4903 ἡγούμενον,
3200 4831 3393 4902 ἀμιξία
3432 4849 3493 4884 τε
3522 4826 3590 4902 ἦν
3629 4831 3726 4886 καὶ

2153 4924 2323 4994 μάχαι
2352 4926 2445 4978 καὶ
2478 4925 2725 4994 πόλεμοι,
2762 4927 3010 4994 πανταχῆ
3041 4924 3449 4995 καταδῃούντων
3480 4923 3725 4993 ἀλλήλων

2149 5014 2255 5067 τῶν
2286 5017 2379 5069 ἐπὶ
2419 5017 2519 5084 τῆς
2546 5018 2671 5086 γῆς,
2695 5019 2787 5069 καὶ
2832 5018 3236 5089 διαρπαζόντων
3268 5018 3354 5072 ἀεὶ
3392 5018 3459 5071 τά
3495 5017 3719 5088 ἐτέρων,

2149 5106 2243 5159 καὶ
2274 5108 2370 5176 τὴν
2419 5108 2539 5160 καθ’
2589 5103 2661 5160 ὧν
2705 5108 2771 5160 ἂν
2814 5109 3058 5162 δύναιντο
3129 5109 3348 5161 ἕκαστοι
3408 5107 3721 5171 πλεονεξίαν

2140 5199 2236 5250 καὶ
2303 5198 2639 5269 ἀγριότητα,
2692 5198 2847 5262 δόξαν
2909 5200 3200 5269 ἡγούμενοι
3278 5198 3376 5268 τὴν
3434 5197 3719 5249 ἀνωτάτω.

2137 5288 2343 5341 Οὐκοῦν
2373 5290 2492 5341 οὐδὲ
2518 5290 2733 5358 ἀσφαλῆ
2768 5292 2865 5360 τὴν
2898 5291 3109 5360 οἴκησιν
3147 5286 3311 5360 εἶχον,
3340 5290 3424 5342 ἀεὶ
3461 5288 3719 5359 μεθιστά-

2136 5395 2287 5446 μενοι
2331 5380 2465 5451 πρὸς
2503 5381 2716 5451 ἐτέραν,
2753 5384 2847 5434 καὶ
2886 5382 2990 5435 ὑπὸ
3039 5383 3144 5436 τῶν
3193 5382 3577 5452 δυνατωτέρων
3616 5381 3720 5450 τῆς

2137 5470 2473 5542 εἰλημμένης
2513 5473 2891 5543 ἐξωθούμενοι.
2955 5472 3174 5543 Ἐπειδὴ
3221 5474 3279 5526 δὲ
3335 5473 3363 5523 6
3415 5473 3522 5524 τῶν
3578 5471 3717 5524 ὅλων

2139 5560 2270 5624 Θεὸς
2315 5567 2427 5626 τοῖς
2496 5566 2783 5636 Ῥωμαίων
2826 5566 3126 5635 σκήπτροις
3169 5565 3421 5635 ὑπήγαγε
3470 5564 3569 5633 τὴν
3621 5564 3718 5614 ὑπ’

2137 5652 2386 5721 οὐρανὸν.
2420 5655 2516 5724 μία
2558 5673 2616 5707 τε
2656 5656 2839 5710 λοιπὸν
2878 5658 2911 5726 ἡ
2958 5655 3100 5708 κατά
3148 5654 3387 5722 πάντων,
3427 5653 3720 5708 ἐκτέταται
