4094 6366
304 426 376 480 73
1479 424 1544 480 ΙΝ
1584 425 1816 482 ιεΑιΑιι
1857 426 2067 483 LIB..l.
2108 424 2314 483 ORAT.
2356 426 2422 481 ll.
3504 424 3572 479 ἠ

300 542 578 613 βασιλεία,
623 540 924 612 κατέληξαν
978 543 1079 611 μὲν
1126 544 1175 595 οἱ
1218 542 1465 613 πόλεμοι,
1507 545 1781 600 πέπαυται
1827 546 1874 599 δὶ

1990 557 2255 602 terrarum
2289 544 2659 613 submisisset,
2693 554 2749 602 et
2781 560 2951 601 unum
2986 543 3241 614 deinceps
3273 542 3472 613 ubique
3494 559 3576 599 re-

303 636 454 705 μάχη
503 636 599 687 καὶ
644 634 912 704 διχόνοια,
965 635 1062 688 καὶ
1110 637 1452 706 κεκράτηκεν
1480 638 1513 706 ἡ
1546 638 1883 707 δικαιοσύνη,

298 727 397 779 καὶ
428 727 529 796 τῆς
576 728 836 797 εὐνομίας
862 726 925 780 τὸ
957 727 1222 797 ἀσφαλὲς,
1264 729 1477 793 οὐδενὸς
1512 729 1847 800 ἁρπάζοντος
1870 747 1883 759 ·

295 822 363 873 οὔ
404 820 805 892 καταδῃοὖντος
849 821 965 884 ἔτι,
1008 823 1101 875 καὶ
1157 824 1368 878 πόλεων
1410 826 1444 897 ἢ
1483 826 1676 897 χωρῶν
1722 843 1887 879 κατα-

296 914 614 984 τρέχοντος·
641 912 741 966 οὐκ
773 914 1173 984 ἀνεπίπληκτον
1199 916 1413 985 ἔχοντος
1433 917 1493 970 τὸ
1518 918 1881 971 πλεονεκτεῖν.

297 1002 411 1055 Καὶ
445 1003 567 1073 οὐχὶ
611 1003 769 1056 τοῦτο
812 1004 996 1073 μόνον,
1039 1006 1176 1058 ἀλλά
1220 1005 1276 1059 δὲ
1313 1007 1514 1060 δίδοται
1567 1008 1665 1079 μέν
1708 1011 1741 1079 ὴ
1778 1008 1884 1061 τῶν

295 1091 481 1143 ὃπλων
530 1093 688 1161 χρεία
747 1094 930 1163 μόνοις
989 1098 1104 1158 τοῖς
1149 1099 1580 1167 μαχιμωτάτοις,
1634 1100 1726 1151 καὶ
1783 1101 1883 1170 τὴν

296 1182 698 1253 στρατεύσιμον
748 1184 930 1255 έχουσι
984 1188 1159 1253 τάξιν,
1198 1188 1302 1240 ὑπὸ
1336 1190 1494 1258 χεῖρά
1524 1206 1583 1241 τε
1624 1186 1743 1244 οὖσι
1782 1193 1882 1263 τὴν

294 1272 590 1341 βασιλέως.
638 1276 1011 1346 Ἡλέγχθησαν
1044 1277 1101 1330 δὲ
1127 1278 1223 1331 καὶ
1251 1278 1449 1350 ἀσθενῆ
1482 1280 1549 1334 τά
1572 1280 1743 1336 πολλά
1775 1284 1881 1335 τῶν

294 1364 488 1429 ἐθνῶν,
528 1368 627 1420 ὅσα
666 1369 768 1438 τῆς
808 1370 1098 1441 Ῥωμαίων
1132 1372 1308 1443 ἀρχῆς
1348 1373 1760 1445 ἀποσεισάμενα
1788 1375 1879 1427 τὸν

292 1454 484 1525 ζυγὸν,
516 1460 705 1513 πόλεσί
742 1478 802 1514 τε
830 1462 925 1515 καὶ
970 1462 1177 1535 χώραις
1224 1465 1428 1534 ἀγρίως
1475 1467 1752 1537 ἐπιφοιτᾷ.
1776 1466 1877 1522 Ὀὐ

290 1550 405 1621 γὰρ
444 1550 592 1605 ἐστιν
644 1554 828 1616 αὐτοῖς
872 1554 1191 1626 ἐλευθέρως,
1231 1557 1306 1619 ὡς
1336 1558 1403 1611 ἂν
1445 1558 1738 1629 βούλοιντο,
1780 1577 1881 1613 κα-

290 1642 602 1711 τατρέχειν.
648 1644 1087 1699 ’Λντανεστανται
1132 1648 1240 1718 γὰρ
1282 1648 1350 1701 τὰ
1388 1650 1671 1721 Ῥωμαίων
1713 1651 1873 1717 ὅπλα,

291 1733 392 1785 καὶ
420 1735 649 1804 ἠρεμεῖν
682 1736 1073 1803 ἀναγκάζουσι,
1109 1739 1203 1792 καὶ
1230 1740 1632 1795 καταπτοοῦσιν
1672 1742 1750 1805 ὡς
1790 1742 1878 1814 θῆ-

292 1843 432 1895 ρας,
482 1828 572 1879 καὶ
628 1831 750 1891 ταῖς
805 1830 957 1900 παρὰ
995 1830 1145 1898 σφῶν
1195 1832 1532 1897 εὐσθενείαις
1581 1835 1878 1907 ἀνάνδρους

1990 655 2157 709 gnum
2204 638 2555 693 constitutum
2588 644 2765 702 esset,
2800 635 2939 690 bella
2971 642 3280 697 cessarunt,
3309 647 3489 703 pugna
3520 641 3575 687 et

1988 730 2253 785 dissensio
2270 729 2717 798 conquieverunt,
2732 727 2944 797 justitia
2960 726 3209 789 obtinuit,
3227 734 3388 795 atque
3408 724 3575 794 aequi-

1990 821 2115 875 tatis
2144 820 2443 877 securitas:
2466 835 2587 874 cum
2616 832 2772 873 nemo
2791 827 3026 888 raperet,
3046 830 3202 872 nemo
3213 814 3323 884 jam
3351 814 3575 885 popula—

1988 924 2159 977 retur;
2180 928 2302 968 cum
2333 928 2437 967 non
2469 912 2523 966 in
2556 914 2802 968 civitates
2827 920 2920 965 aut
2947 909 3197 981 regiones
3237 908 3573 963 incursiones

1987 1001 2247 1067 facerent,
2281 1017 2382 1058 nec
2412 1000 2737 1057 inﬂammari
2775 1001 3068 1071 cupiditate
3092 999 3398 1054 divitiarum
3430 1010 3572 1068 prae-

1984 1093 2190 1148 clarum
2221 1094 2502 1149 ducerent.
2536 1090 2648 1147 Nec
2688 1093 2739 1146 id
2792 1094 2974 1159 modo,
3014 1091 3112 1146 sed
3161 1100 3217 1146 et
3271 1104 3402 1144 usus
3434 1091 3571 1143 adeo

1986 1200 2261 1240 armorum
2287 1187 2515 1240 traditus
2547 1193 2631 1240 est
2667 1184 2799 1239 solis
2829 1183 3178 1239 bellatoribus
3216 1181 3485 1245 maximis,
3515 1190 3572 1233 et

1985 1276 2278 1330 militarem
2304 1276 2551 1331 ordinem
2584 1276 2915 1340 tenentibus,
2952 1288 3016 1329 ae
3036 1274 3181 1345 regis
3203 1272 3353 1343 quasi
3384 1272 3568 1326 manui

1983 1377 2147 1438 atque
2193 1368 2446 1437 potestati
2495 1366 2772 1436 subjectis.
2829 1367 3234 1437 Deprehensum
3273 1373 3359 1419 est
3403 1363 3569 1418 etiam

1982 1460 2181 1516 multas
2221 1469 2409 1531 gentes
2455 1460 2699 1514 inﬁrmas
2742 1474 2893 1525 esse,
2956 1471 3290 1530 quascunque
3338 1452 3567 1510 Romani

1983 1553 2190 1623 imperii
2208 1552 2340 1623 jugo
2362 1567 2611 1619 excusso,
2631 1552 2881 1608 civitates
2915 1561 2970 1607 et
2999 1551 3248 1623 regiones
3275 1548 3569 1604 crudeliter

1980 1647 2263 1701 invadunt.
2344 1644 2460 1700 Non
2529 1646 2675 1701 enim
2749 1643 2878 1700 licet
2956 1643 3064 1699 illis
3138 1657 3237 1713 pro
3301 1640 3567 1696 arbitratu

1980 1740 2151 1794 libere
2228 1737 2467 1807 grassari
2538 1755 2552 1792 :
2626 1736 2901 1791 obsistunt
2971 1734 3115 1789 enim
3194 1731 3565 1788 Romanorum

1979 1845 2155 1894 arma,
2193 1838 2248 1882 et
2286 1830 2566 1897 quiescere
2605 1836 2804 1899 cogunt
2832 1841 2895 1882 ac
2930 1825 3098 1882 instar
3125 1825 3363 1880 ferarum
3398 1833 3567 1878 terre-

287 1920 455 1982 6ντας
499 1919 835 1990 ἐλέγχουσιν.
886 1923 1155 1994 Ὀρίξεται
1202 1926 1385 1980 τοίνυν
1417 1927 1510 1980 τὸν
1548 1934 1762 1996 καιρὸν,
1803 1930 1874 1992 ὡς

1983 1921 2220 1985 faciunt,
2260 1932 2313 1974 et
2351 1920 2467 1974 suis
2506 1919 2709 1974 viribus
2772 1918 2988 1975 illorum
3049 1917 3416 1973 inﬁrmitatem
3472 1928 3566 1968 ar-

289 2009 454 2080 ἐφην,
498 2013 527 2064 ὀ
571 2014 840 2082 μακάριος
887 2016 1176 2087 προφήτης
1222 2018 1325 2088 τῆς
1361 2018 1469 2072 τῶν
1523 2019 1695 2074 ἐθνῶν
1750 2024 1882 2094 κλή-

290 2120 429 2165 σεως
470 2105 563 2157 καὶ
592 2106 950 2180 ἐπιστροφῆς.
992 2110 1103 2163 Καὶ
1135 2111 1285 2175 ποῖός
1325 2114 1470 2166 ἐστιν
1500 2105 1689 2181 οὗτος
1730 2115 1881 2179 "Ore,

286 2196 480 2264 φησὶν,
531 2198 559 2250 ό
613 2198 721 2251 τῶν
766 2199 906 2253 ὅλων
955 2200 1108 2266 Θεὸς,
1169 2202 1265 2255 καὶ
1318 2203 1724 2274 παμϐασιλεὺς,
1788 2208 1884 2259 καὶ

286 2286 500 2358 Κύριος
531 2293 709 2360 κρινεῖ
746 2292 848 2345 ἁνά
888 2292 1054 2361 μέσον
1079 2292 1189 2346 τῶν
1227 2293 1421 2360 ἐθνῶν,
1464 2295 1609 2348 τοῦτ’
1634 2295 1773 2361 ἔστι,
1811 2297 1885 2351 δι-

287 2379 590 2452 καιοσύνην
633 2384 728 2436 καὶ
762 2384 946 2455 κρίσιν
995 2388 1074 2448 εἰς
1118 2386 1297 2440 πάντα
1331 2390 1564 2443 ποιεῖται
1610 2390 1679 2445 τά
1728 2391 1879 2463 ἔθνη.

300 2472 633 2543 Κεκράτηκε
669 2476 766 2545 μὲν
791 2476 899 2547 γὰρ
921 2478 955 2544 ή
981 2477 1183 2541 ἀδικία,
1218 2478 1469 2550 καθάπερ
1497 2481 1635 2551 ἔφην
1655 2483 1880 2554 ἀρτίως,

284 2564 706 2635 διαρπαζόντων
738 2568 945 2638 ἄλληλα
972 2570 1081 2622 τῶν
1124 2570 1315 2633 ἐθνῶν,
1345 2574 1438 2625 καὶ
1477 2575 1655 2629 πάντα
1681 2577 1883 2647 τρόπον

285 2655 667 2726 ἐπιφερόντων
706 2658 1032 2731 ἀγριότητος
1064 2661 1159 2714 καὶ
1201 2661 1531 2730 πλεονεξίας.
1577 2667 1794 2739 Ἐπειδὴ
1823 2668 1881 2723 δὲ

286 2744 462 2798 ταῦτα
524 2747 746 2814 γέγονεν
797 2750 862 2802 ἐκ
931 2751 1122 2820 μέσου,
1186 2751 1500 2825 δικαιοσύνη
1548 2755 1644 2808 καὶ
1699 2758 1881 2828 κρίσις

286 2834 496 2889 δέδοται
536 2839 691 2911 παρὰ
735 2839 894 2906 Θεοῦ,
923 2844 1018 2895 καὶ
1054 2842 1421 2914 ἠλέγχθησάν,
1450 2845 1525 2909 ὡς
1550 2847 1709 2918 ἔφην,
1750 2848 1878 2920 ἔθνη

287 2928 465 2981 πολλά
528 2934 644 2993 τοῖς
693 2932 981 3002 Ῥωμαίων
1048 2934 1236 2998 ὅπλοις
1302 2938 1655 3008 νενικημένα.
1715 2939 1879 3014 Ὥστε

284 3019 415 3081 τοὺς
462 3018 567 3072 ὑπὸ
615 3023 775 3092 χεῖρα
816 3022 917 3092 τὴν
966 3022 1236 3093 βασιλέως
1289 3024 1519 3079 δεδιέναι
1559 3029 1658 3097 μὲν
1691 3029 1880 3083 οὐκέτι

283 3111 388 3172 τάς
430 3128 593 3165 τινων
639 3114 882 3182 ἐφόδους,
917 3117 999 3180 εἰς
1042 3115 1201 3170 τοῦτο
1237 3117 1294 3171 δὲ
1330 3118 1429 3189 ἤδη
1485 3121 1767 3190 προελθεῖν
1811 3123 1878 3177 τὰ

285 3203 594 3273 πράγματα
640 3208 823 3272 αὐτοῖς
870 3209 1093 3280 εἰρήνης
1131 3228 1192 3263 τε
1238 3212 1373 3283 ὁμοῦ
1416 3216 1509 3268 καὶ
1549 3217 1874 3288 εὐημερίας,

285 3295 367 3357 ὡς
407 3298 604 3366 μηκέτι
653 3298 862 3353 δεῖσθαι
902 3302 1002 3373 τῆς
1050 3304 1108 3354 ἐν
1148 3301 1227 3373 τῷ
1257 3304 1512 3376 πολεμεῖν
1558 3309 1871 3380 ἐμπειρίας,

282 3387 608 3444 ἀνθελέσθαι
656 3392 712 3446 δέ
750 3394 949 3464 μᾶλλον
979 3396 1073 3475 καὶ
1116 3397 1237 3453 λίαν
1280 3400 1531 3471 ἀσμένως
1558 3405 1669 3465 τοῖς
1717 3402 1871 3473 εἰρή-

288 3499 389 3550 νης
437 3482 619 3552 ἔργοις
660 3486 890 3556 ὁμιλεῖν,
939 3490 1034 3542 καὶ
1068 3489 1178 3543 τῶν
1215 3492 1313 3561 τῆς
1352 3494 1657 3561 γεωπονίας
1708 3512 1875 3565 μετα-

286 3575 565 3629 ¹ποιεῖσθαι
593 3578 789 3643 πόνων,
809 3581 905 3633 καὶ
934 3584 1191 3652 φροντίδα
1210 3585 1457 3639 τίθεσθαι
1483 3587 1553 3641 τά
1574 3590 1631 3641 ἐν
1661 3589 1869 3659 ἀγροῖς

286 3667 729 3736 μταπλάττουσι
759 3670 867 3744 γὰρ
901 3674 982 3736 εἰς
1010 3673 1168 3728 τοῦτο
1191 3675 1285 3729 τοῦ
1319 3677 1554 3747 πολέμου
1580 3679 1650 3733 τὰ
1677 3680 1870 3752 σκεύη,

281 3758 430 3813 ὥστε
476 3763 569 3815 καὶ
600 3765 877 3833 ρομιξαίαν
906 3768 986 3830 εἰς
1014 3768 1246 3841 ἀρότρου
1274 3769 1463 3841 χρείαν
1500 3772 1870 3843 ἐπιλαμϐάνε-

286 3852 437 3906 σθαι·
480 3855 573 3907 καὶ
608 3857 719 3927 μὴν
754 3858 849 3910 καὶ
894 3858 1120 3930 ζιόύνην
1158 3861 1538 3918 ἀποτελεῖσθαι
1566 3864 1867 3937 δρεπάνην,

282 3944 595 4014 ἀπομαθεῖν
620 3947 678 4000 δὲ
721 3949 998 4014 παντελῶς
1027 3950 1120 4006 τὸν
1163 3952 1422 4024 πόλεμον,
1467 3957 1563 4011 καὶ
1594 3957 1694 4029 τὴν
1733 3958 1871 4030 πρὸς

282 4036 492 4106 ἄλληλα
534 4041 916 4110 παραιτεῖσθαι
968 4042 1171 4115 μάχην.
1233 4046 1449 4120 Ἐπειδὴ
1481 4050 1591 4122 γὰρ
1641 4050 1867 4120 βεϐασί-

280 4130 448 4181 λευκε
473 4130 582 4183 τῶν
607 4133 776 4186 ἐθνῶν
807 4136 836 4187 ό
857 4136 1112 4208 Χριστὸς,
1140 4138 1199 4202 ὃς
1230 4140 1380 4193 ἐστιν
1400 4142 1612 4213 εἰρήνη,
1645 4143 1869 4210 γέγονεν

281 4222 353 4272 ἐκ
388 4222 552 4291 μέσου
584 4226 733 4279 πᾶσά
758 4242 816 4279 τε
855 4228 1092 4299 διχόνοια
1117 4230 1213 4284 καὶ
1244 4230 1384 4303 ἔρις,
1418 4235 1513 4287 καὶ
1552 4234 1745 4305 μάχαι,
1773 4235 1868 4289 καὶ

281 4313 397 4364 πᾶν
447 4309 587 4379 εἶδος
628 4316 963 4383 πλεονεξίας⁹
1009 4320 1275 4393 ἐξῄρηται
1322 4323 1380 4377 δέ
1421 4325 1516 4377 καὶ
1563 4324 1633 4379 τὰ
1670 4327 1735 4379 ἐκ
1770 4325 1865 4380 τοῦ

1985 2023 2171 2083 guunt.
2233 2011 2476 2068 Prteﬂnit
2536 2013 2721 2082 itaque
2796 2023 3036 2083 tempus,
3090 2012 3166 2066 uti
3192 2010 3334 2073 dixi,
3373 2009 3566 2064 beatus

1985 2107 2284 2175 propheta,
2347 2111 2587 2173 gentium
2667 2102 2967 2158 vocationis
3040 2111 3095 2158 et
3171 2100 3563 2157 conversionis.

1983 2197 2233 2264 Quando,
2276 2196 2474 2267 inquit,
2510 2196 2885 2251 universitatis
2928 2196 3068 2251 Deus
3107 2202 3164 2250 et
3216 2200 3473 2264 regnator
3500 2206 3566 2246 ac

1985 2291 2243 2346 Dominus
2285 2291 2424 2345 inter
2472 2298 2658 2360 gentes
2688 2288 2985 2357 judicabit,
3026 2288 3131 2342 hoc
3179 2295 3264 2341 est
3290 2285 3565 2356 justitiam

1982 2385 2093 2456 39
2114 2399 2179 2440 ac
2193 2383 2454 2453 judicium
2467 2398 2593 2454 erga
2612 2397 2804 2437 omnes
2817 2390 3006 2452 gentes
3022 2378 3316 2435 exercebit.
3347 2376 3564 2431 Praeva-

1982 2477 2083 2530 luit
2106 2476 2272 2542 enim,
2330 2484 2389 2530 ut
2410 2475 2521 2545 jam
2544 2474 2677 2541 dixi,
2711 2472 2993 2544 injustitia,
3021 2470 3271 2543 gentibus
3296 2485 3356 2527 se
3378 2477 3564 2525 mutuo

1983 2567 2381 2637 diripientibus,
2433 2576 2487 2622 et
2528 2580 2691 2620 omne
2723 2578 2896 2636 genus
2955 2562 3306 2618 immanitatis
3353 2571 3408 2616 et
3437 2560 3561 2616 libi-

1981 2659 2124 2715 dinis
2150 2658 2545 2713 invelientihus.
2581 2657 2678 2713 llis
2715 2672 2843 2712 vero
2894 2670 2926 2711 e
2970 2654 3145 2710 medio
3173 2654 3421 2717 sublatis,
3442 2651 3564 2722 jus-

1984 2754 2099 2807 titia
2151 2762 2204 2807 et
2228 2751 2491 2820 judicium
2516 2766 2545 2804 a
2577 2750 2687 2805 Deo
2711 2758 2838 2804 sunt
2871 2748 2997 2803 data
3029 2767 3043 2802 :
3076 2756 3132 2802 et
3160 2746 3553 2817 arguebantur,

1982 2854 2039 2899 ut
2066 2845 2201 2909 dixi,
2225 2856 2414 2915 gentes
2436 2843 2617 2898 multa:
2653 2840 2915 2897 Romanis
2939 2840 3107 2895 armis
3131 2840 3354 2894 devictae
3385 2858 3399 2893 :
3427 2843 3563 2894 adeo

1982 2948 2041 2991 ut
2076 2934 2389 3005 imperatori
2418 2932 2648 2988 subdita:
2666 2932 2844 2987 nullos
2868 2930 3100 3001 amplius
3128 2932 3361 2999 impetus
3386 2928 3565 2984 refor-

1982 3029 2270 3084 inid-arent.
2334 3028 2411 3082 Eo
2452 3026 2685 3096 denique
2724 3024 3132 3095 tranquillitatis
3174 3032 3229 3078 et
3256 3023 3418 3078 simul
3442 3022 3564 3077 feli-

1979 3124 2158 3179 citatis
2212 3139 2301 3177 res
2351 3137 2539 3177 eorum
2592 3129 2884 3186 venerunt,
2925 3129 3117 3173 utnon
3172 3117 3286 3187 jam
3331 3117 3563 3187 amplius

1983 3216 2192 3272 bellicae
2242 3215 2318 3271 rei
2366 3215 2629 3271 facultate
2684 3224 2739 3269 et
2797 3212 3191 3268 exercitatione
3232 3198 3559 3282 indigere-nt,

1904 3290 1946 3347 ο
1979 3308 2075 3363 sed
2115 3310 2296 3362 munia
2353 3308 2505 3378 pacis
2559 3306 2717 3377 longe
2774 3306 3047 3361 lubentius
3077 3304 3560 3376 amplecterentur,

1978 3410 2036 3455 et
2075 3399 2286 3455 labores
2305 3399 2538 3454 rusticos
2569 3399 2833 3462 colerent,
2874 3399 3063 3467 reique
3105 3398 3335 3469 agraria:
3371 3414 3561 3453 curam

1978 3492 2337 3560 susciperent.
2368 3490 2423 3543 In
2453 3491 2559 3545 hoc
2594 3492 2738 3545 enim
2762 3490 2890 3545 belli
2922 3499 3138 3544 mutant
3174 3490 3559 3556 instrumenta,

1979 3594 2037 3640 ut
2070 3583 2279 3655 gladius
2309 3586 2377 3637 ad
2402 3582 2573 3637 aratri
2598 3596 2753 3636 usutn
2788 3591 3121 3646 assumatur,
3150 3581 3337 3636 lancea
3368 3580 3563 3637 efﬁcia-

1978 3686 2067 3731 tur
2116 3675 2248 3739 falx,
2280 3674 2610 3739 omninoque
2639 3671 2836 3727 bellum
2871 3672 3172 3738 dediscant,
3212 3682 3269 3727 et
3310 3670 3558 3742 proeliari

1974 3769 2115 3823 inter
2160 3783 2220 3824 se
2274 3767 2685 3837 supersedeant.
2754 3763 3023 3821 Gentibus
3061 3765 3204 3820 enim
3255 3767 3559 3836 imperante

1973 3860 2211 3927 Christo,
2270 3860 2362 3931 qui
2404 3869 2489 3915 est
2522 3874 2647 3928 pax,
2679 3874 2711 3914 e
2738 3858 2920 3915 medio
2976 3860 3225 3915 submota
3257 3869 3342 3917 est
3377 3861 3558 3917 omnis

1972 3954 2265 4018 dissensio,
2286 3962 2341 4009 et
2363 3954 2662 4019 contentio,
2691 3964 2747 4007 et
2778 3968 2989 4031 pugnae,
3013 3962 3068 4009 et
3085 3968 3246 4009 omne
3269 3969 3441 4026 genus
3462 3971 3558 4011 cu-

1971 4048 2257 4118 piditatis:
2311 4058 2368 4101 et
2415 4046 2630 4101 sublata
2674 4054 2803 4101 sunt
2861 4059 2985 4115 qua
3027 4060 3096 4100 ex
3127 4047 3267 4101 bello
3303 4048 3556 4102 oriuntur

1973 4138 2340 4204 incommoda,
2383 4148 2436 4193 et
2459 4149 2656 4203 metus,
2704 4138 2796 4207 qui
2838 4137 2963 4194 inde
3009 4139 3286 4206 nascitur;
3317 4138 3557 4195 obtinuit

1974 4242 2155 4288 autem
2208 4232 2326 4302 ejus
2378 4230 2651 4294 voluntas,
2717 4230 2808 4299 qui
2875 4230 3031 4287 nobis
3080 4231 3217 4286 dicit
3251 4249 3266 4287 :
3298 4248 3318 4283 ι
3354 4230 3552 4287 Pacem

1972 4339 2148 4380 meam
2181 4324 2252 4379 do
2304 4322 2481 4386 vobis,
2537 4337 2723 4393 pacem
2754 4337 2929 4378 meam
2963 4323 3209 4393 relinquo
3238 4324 3389 4379 vobis
3417 4323 3484 4379 ⁸⁷.
3526 4342 3546 4377 ι

282 4406 525 4477 πολέμου
612 4410 807 4482 βλάϐη,
857 4414 954 4465 καὶ
1026 4415 1097 4467 τὰ
1142 4416 1394 4469 ἐντεῦθεν
1464 4416 1695 4488 δείματα
1720 4433 1733 4446 ·
1777 4417 2090 4487 κεκράτηκε
2139 4415 2197 4467 δὲ
2238 4413 2298 4467 τὸ
2344 4412 2508 4465 αὑτοῦ
2582 4412 2792 4485 θέλημα
2836 4412 3085 4482 λέγοντος
3136 4413 3273 4485 πρὸς
3318 4414 3548 4482 αὐτούς’

289 4520 308 4550 ι
357 4502 596 4572 Εἰρήνην
628 4504 725 4576 τὴν
751 4506 909 4577 ἐμὴν,
929 4506 1121 4580 δίδωμι
1164 4511 1315 4581 ὑμῖν,
1338 4511 1561 4583 εἰρήνην
1588 4512 1687 4583 τὴν
1726 4512 1865 4584 ἐμὴν
1903 4511 2107 4580 ἀφίημι
2143 4509 2292 4578 ὑμῖν.
2328 4526 2347 4558 ι

353 4590 466 4654 Καὶ
500 4600 636 4665 νῦν,
671 4604 703 4655 ό
728 4600 894 4670 οἶκος
914 4605 1020 4659 τοῦ
1062 4607 1287 4673 Ἰακὼϐ,
1318 4606 1512 4667 δεῦτε.
1545 4608 1643 4662 καί
1666 4624 1850 4675 πορευ

2046 4604 2212 4660 Vm.
2248 4604 2303 4669 5,
2334 4603 2388 4658 6.
2417 4602 2482 4656 Et
2511 4618 2669 4668 nunc,
2691 4603 2878 4656 domus
2906 4601 3095 4667 Iacob,
3120 4601 3308 4667 venite,
3342 4612 3391 4657 et
3425 4618 3549 4657 am-

280 4688 480 4759 θῶμεν
519 4689 599 4755 τῷ
626 4693 771 4760 φωτί
811 4695 1056 4763 Κυρίου.
1108 4698 1360 4766 ’Δγ-ἧκεν
1402 4699 1513 4769 γὰρ
1560 4699 1670 4753 τὸν
1716 4700 1870 4754 λαὸν

279 4780 474 4835 αὑτοῦ
514 4783 622 4835 τὸν
648 4780 816 4837 οἶκον
833 4786 943 4840 τοῦ
983 4788 1249 4857 Ἰσραήλ.
1596 4818 1602 4824 -

356 4875 763 4945 Καταπτοήσας
789 4878 1103 4950 ἀρκούντως
1127 4882 1248 4944 ταῖς
1280 4884 1725 4955 προαναῤῥήσεσι
1758 4884 1868 4938 τῶν

279 4967 495 5032 δεινῶν,
555 4969 657 5021 οὐκ
708 4970 775 5041 ἐᾷ
822 4973 942 5035 ταῖς
979 4972 1355 5039 ἀπογνώσεσιν
1395 4975 1693 5029 ἀπολέσθαι
1738 4976 1866 5041 τοὺς

283 5061 801 5132 προσκεκρουκότας
825 5077 843 5093 ⁸
905 5063 1238 5134 ὐπεμφαίνει
1315 5065 1372 5119 δὲ
1444 5067 1529 5120 ὅτι
1583 5070 1867 5137 μετανοεῖν

284 5149 568 5219 ἑλομένοις
598 5151 757 5215 ῐλεως
799 5152 954 5207 ἔσται
1013 5153 1166 5218 Θεόςο
1213 5156 1307 5209 καὶ
1356 5158 1690 5227 μεταμαθεῖν
1751 5158 1867 5211 ἐθέ-

281 5241 436 5293 λουσι
492 5242 563 5296 τά
622 5243 838 5314 αἰσχίω,
905 5246 1001 5299 καὶ
1045 5248 1155 5299 τῶν
1227 5248 1530 5317 ἀμεινόνων
1590 5249 1861 5317 ἐφίεσθαι,

283 5338 613 5406 κατευρυνεῖ
684 5336 847 5391 πάλιν
897 5338 998 5409 τῆς
1067 5341 1341 5413 σωτηρίας
1391 5341 1490 5413 τὴν
1537 5340 1690 5405 ὁδὸν,
1766 5342 1863 5397 καὶ

282 5428 681 5498 ἀμνησικάκως
726 5429 1096 5501 προσδέξεται,
1158 5434 1351 5503 καίτοι]
1384 5433 1615 5490 πλεῖστά
1659 5450 1720 5487 τε
1765 5435 1867 5489 ὅσα

283 5520 378 5571 καὶ
408 5519 509 5572 οὐκ
548 5520 706 5575 οἱστά
728 5521 1283 5595 πεπλημμεληκότας.
1330 5525 1517 5599 Ταύτῃ
1540 5542 1644 5589 τοι,
1675 5526 1864 5598 φησιν,

285 5610 606 5663 ἀναπλέκων
624 5613 893 5682 εὐτέχνως
929 5617 1041 5677 τοῖς
1061 5615 1304 5685 ἐλέγχοις
1329 5616 1419 5670 τὸν
1440 5616 1864 5688 παρακαλοῦντα

284 5701 463 5769 λόγον·
518 5720 539 5753 ι
600 5703 713 5755 Καὶ
768 5702 889 5769 νῦν,
924 5706 953 5757 ὁ
983 5700 1129 5769 οἶκος
1152 5705 1248 5760 τοῦ
1298 5707 1512 5776 Ἰακὼϐ,
1548 5706 1727 5772 δεῦτε,
1764 5708 1862 5762 καὶ

363 5859 403 5889 ’τ
425 5859 583 5916 Joan.
612 5877 724 5926 xw,
754 5862 845 5917 Ξῖ.

567 5976 841 6038 Ριτιιοι..
880 5977 999 6037 (in.
1048 5977 1239 6039 LXX.

1974 4699 2210 4754 bulemus
2256 4698 2314 4750 in
2359 4696 2475 4750 luce
2533 4694 2770 4749 Domini.
2831 4694 3049 4749 Dimisit
3109 4695 3247 4749 enim
3296 4695 3549 4764 populum

1971 4804 2126 4841 suum
2147 4788 2361 4841 domum
2397 4784 2590 4840 Israel.

2043 4879 2363 4933 Graviorum
2418 4876 2682 4932 malorum
2752 4875 3022 4931 vaticiniis
3072 4876 3285 4932 abunde
3339 4889 3548 4948 perter-

1973 4970 2229 5037 refactos,
2256 4984 2365 5025 non
2390 4969 2519 5027 sinit
2550 4969 2927 5038 desperatione
2953 4983 3051 5023 eos
3078 4969 3171 5039 qui
3200 4966 3545 5025 offenderunt

1976 5064 2273 5131 perire;at
2300 5062 2609 5118 volentibus
2659 5060 2991 5132 resipiscere
3044 5062 3320 5117 subinnuit
3373 5063 3545 5119 Deum

1969 5156 2087 5211 fore
2136 5157 2465 5226 prOpitittm;
2517 5168 2573 5210 et
2610 5155 2700 5227 qui
2722 5156 2851 5210 vitia
2884 5156 3151 5226 deponere
3173 5165 3229 5211 et
3253 5157 3319 5211 ad
3352 5157 3544 5212 melio-

1968 5262 2081 5301 rem
2124 5246 2330 5317 frugem
2386 5248 2565 5303 redire
2603 5248 2913 5313 voluerint,
2957 5263 3148 5304 rursus
3181 5248 3371 5305 salutis
3401 5250 3543 5304 viam

1969 5338 2361 5407 patefacturum
2386 5356 2402 5405 ;
2455 5353 2555 5395 nec
2581 5340 2722 5394 mala
2751 5354 2811 5394 se
2846 5341 3249 5406 refricaturum,
3278 5341 3371 5396 sed
3400 5341 3544 5410 ipsos

1972 5440 2314 5499 recepturum
2344 5431 2411 5485 ad
2441 5446 2523 5497 se,
2567 5431 2782 5485 etiamsi
2815 5432 3048 5503 plurima
3092 5440 3148 5485 et
3182 5447 3288 5487 non
3319 5432 3541 5488 ferenda

1970 5520 2361 5576 commiserint.
2400 5520 2618 5577 Alfabre
2662 5522 2806 5575 enitn
2844 5522 3357 5591 reprehensionibus
3392 5522 3545 5577 inne-

1969 5624 2123 5669 ctens
2141 5612 2586 5678 consolationem,
2607 5612 2817 5682 dicit”
2853 5604 2916 5669 Et
2948 5630 3112 5678 nunc,
3142 5614 3332 5669 domus
3352 5610 3538 5680 Jacob,

1971 5708 2169 5772 venite,
2202 5716 2258 5762 et
2282 5704 2622 5763 ambulemus
2652 5707 2705 5762 in
2730 5705 2935 5763 lumine
2966 5707 3199 5764 Domini.
3233 5728 3253 5761 ι
3295 5707 3543 5764 Arbitror

3232 5976 3270 6039 3
