  <div class='ocr_page' id='page_1' title='image "/cluster/home/n/w/nwhite01/storage/ocr_20150623/70/nnc1.0046980253/055.png"; bbox 0 0 4094 6366; ppageno 0'>
   <div class='ocr_carea' id='block_1_1' title="bbox 518 364 2079 448">
    <p class='ocr_par' dir='ltr' id='par_1_1' title="bbox 518 381 2079 448">
     <span class='ocr_line' id='line_1_1' title="bbox 518 381 2079 448; baseline -0.004 -4"><span class='ocrx_word' id='word_1_1' title='bbox 518 391 590 448; x_wconf 83' lang='lat'><strong>75</strong></span> <span class='ocrx_word' id='word_1_2' title='bbox 1541 385 1597 441; x_wconf 89' lang='lat' dir='ltr'><strong>S.</strong></span> <span class='ocrx_word' id='word_1_3' title='bbox 1639 381 1916 440; x_wconf 71' lang='lat' dir='ltr'><strong>CYItILLI</strong></span> <span class='ocrx_word' id='word_1_4' title='bbox 1954 382 2079 438; x_wconf 83' lang='lat' dir='ltr'><strong>ALE</strong></span> 
     </span>
    </p>
   </div>
   <div class='ocr_carea' id='block_1_2' title="bbox 2182 364 2773 448">
    <p class='ocr_par' dir='ltr' id='par_1_2' title="bbox 2182 364 2773 440">
     <span class='ocr_line' id='line_1_2' title="bbox 2182 364 2773 440; baseline 0.005 -3"><span class='ocrx_word' id='word_1_5' title='bbox 2182 381 2421 438; x_wconf 68' lang='lat' dir='ltr'><strong>unum</strong></span> <span class='ocrx_word' id='word_1_6' title='bbox 2463 364 2773 440; x_wconf 76' lang='grc' dir='ltr'>Αιιοιιιερ.</span> 
     </span>
    </p>
   </div>
   <div class='ocr_carea' id='block_1_3' title="bbox 3684 373 3763 431">
    <p class='ocr_par' dir='ltr' id='par_1_3' title="bbox 3684 373 3763 431">
     <span class='ocr_line' id='line_1_3' title="bbox 3684 373 3763 431; baseline 0.038 -3"><span class='ocrx_word' id='word_1_7' title='bbox 3684 373 3763 431; x_wconf 73' lang='grc' dir='ltr'><strong>Ἶϐ</strong></span> 
     </span>
    </p>
   </div>
   <div class='ocr_carea' id='block_1_4' title="bbox 517 487 2079 577">
    <p class='ocr_par' dir='ltr' id='par_1_4' title="bbox 517 503 2076 577">
     <span class='ocr_line' id='line_1_4' title="bbox 517 503 2076 577; baseline -0.005 -13"><span class='ocrx_word' id='word_1_8' title='bbox 517 523 647 563; x_wconf 86' lang='lat' dir='ltr'><strong>vero</strong></span> <span class='ocrx_word' id='word_1_9' title='bbox 679 505 993 577; x_wconf 75' lang='lat' dir='ltr'><strong>prophetam</strong></span> <span class='ocrx_word' id='word_1_10' title='bbox 1039 503 1090 559; x_wconf 89' lang='lat' dir='ltr'><strong>in</strong></span> <span class='ocrx_word' id='word_1_11' title='bbox 1122 504 1222 560; x_wconf 91' lang='lat' dir='ltr'><strong>hac</strong></span> <span class='ocrx_word' id='word_1_12' title='bbox 1245 504 1612 559; x_wconf 73' lang='lat' dir='ltr'><strong>exhortatoria</strong></span> <span class='ocrx_word' id='word_1_13' title='bbox 1637 506 1882 559; x_wconf 88' lang='lat' dir='ltr'><strong>oratione</strong></span> <span class='ocrx_word' id='word_1_14' title='bbox 1916 520 2076 573; x_wconf 87' lang='lat' dir='ltr'><strong>quam</strong></span> 
     </span>
    </p>
   </div>
   <div class='ocr_carea' id='block_1_5' title="bbox 2182 487 3760 577">
    <p class='ocr_par' dir='ltr' id='par_1_5' title="bbox 2182 487 3760 574">
     <span class='ocr_line' id='line_1_5' title="bbox 2182 487 3760 574; baseline -0.007 -19"><span class='ocrx_word' id='word_1_15' title='bbox 2182 503 2538 574; x_wconf 84' lang='grc' dir='ltr'>πορευθῶμεν</span> <span class='ocrx_word' id='word_1_16' title='bbox 2565 502 2641 573; x_wconf 81' lang='grc' dir='ltr'><strong>τῷ</strong></span> <span class='ocrx_word' id='word_1_17' title='bbox 2666 500 2806 573; x_wconf 61' lang='grc' dir='ltr'><strong>φωτί⁸</strong></span> <span class='ocrx_word' id='word_1_18' title='bbox 2834 500 3062 572; x_wconf 80' lang='grc' dir='ltr'><strong>Κυρίου.</strong></span> <span class='ocrx_word' id='word_1_19' title='bbox 3099 518 3117 550; x_wconf 76' lang='grc' dir='ltr'><strong>ι</strong></span> <span class='ocrx_word' id='word_1_20' title='bbox 3153 496 3393 570; x_wconf 82' lang='grc' dir='ltr'>Πρέπειν</span> <span class='ocrx_word' id='word_1_21' title='bbox 3417 495 3474 550; x_wconf 80' lang='grc' dir='ltr'>δὲ</span> <span class='ocrx_word' id='word_1_22' title='bbox 3507 487 3660 565; x_wconf 73' lang='grc' dir='ltr'>οἶμαι</span> <span class='ocrx_word' id='word_1_23' title='bbox 3680 492 3760 562; x_wconf 86' lang='grc' dir='ltr'>τῷ</span> 
     </span>
    </p>
   </div>
   <div class='ocr_carea' id='block_1_6' title="bbox 517 594 2081 663">
    <p class='ocr_par' dir='ltr' id='par_1_6' title="bbox 517 594 2081 663">
     <span class='ocr_line' id='line_1_6' title="bbox 517 594 2081 663; baseline -0.003 -9"><span class='ocrx_word' id='word_1_24' title='bbox 517 596 1008 663; x_wconf 84' lang='lat' dir='ltr'><strong>adhibet,&#39;hortari</strong></span> <span class='ocrx_word' id='word_1_25' title='bbox 1049 596 1340 661; x_wconf 84' lang='lat' dir='ltr'><strong>Israelitas,</strong></span> <span class='ocrx_word' id='word_1_26' title='bbox 1377 606 1434 650; x_wconf 90' lang='lat' dir='ltr'><strong>ut</strong></span> <span class='ocrx_word' id='word_1_27' title='bbox 1478 595 1676 650; x_wconf 83' lang='lat' dir='ltr'><strong>dicenti</strong></span> <span class='ocrx_word' id='word_1_28' title='bbox 1735 594 1952 650; x_wconf 89' lang='lat' dir='ltr'><strong>Christo</strong></span> <span class='ocrx_word' id='word_1_29' title='bbox 1987 609 2081 649; x_wconf 86' lang='lat' dir='ltr'><strong>au-</strong></span> 
     </span>
    </p>
   </div>
   <div class='ocr_carea' id='block_1_7' title="bbox 520 687 2081 754">
    <p class='ocr_par' dir='ltr' id='par_1_7' title="bbox 520 687 2081 754">
     <span class='ocr_line' id='line_1_7' title="bbox 520 687 2081 754; baseline -0.005 -7"><span class='ocrx_word' id='word_1_30' title='bbox 520 690 798 747; x_wconf 73' lang='lat' dir='ltr'><strong>scultant:</strong></span> <span class='ocrx_word' id='word_1_31' title='bbox 836 707 855 739; x_wconf 85' lang='grc' dir='ltr'><strong>ι</strong></span> <span class='ocrx_word' id='word_1_32' title='bbox 887 687 1136 754; x_wconf 89' lang='lat' dir='ltr'><strong>Quandiu</strong></span> <span class='ocrx_word' id='word_1_33' title='bbox 1191 687 1360 741; x_wconf 86' lang='lat' dir='ltr'><strong>lucem</strong></span> <span class='ocrx_word' id='word_1_34' title='bbox 1414 687 1643 751; x_wconf 84' lang='lat' dir='ltr'><strong>habetis,</strong></span> <span class='ocrx_word' id='word_1_35' title='bbox 1703 687 1975 741; x_wconf 82' lang='lat' dir='ltr'><strong>ambulate</strong></span> <span class='ocrx_word' id='word_1_36' title='bbox 2028 687 2081 739; x_wconf 91' lang='lat' dir='ltr'><strong>in</strong></span> 
     </span>
    </p>
   </div>
   <div class='ocr_carea' id='block_1_8' title="bbox 519 777 2083 848">
    <p class='ocr_par' dir='ltr' id='par_1_8' title="bbox 519 777 2083 848">
     <span class='ocr_line' id='line_1_8' title="bbox 519 777 2083 848; baseline -0.003 -14"><span class='ocrx_word' id='word_1_37' title='bbox 519 781 659 846; x_wconf 87' lang='lat' dir='ltr'><strong>luce,</strong></span> <span class='ocrx_word' id='word_1_38' title='bbox 698 794 765 834; x_wconf 88' lang='lat' dir='ltr'><strong>ne</strong></span> <span class='ocrx_word' id='word_1_39' title='bbox 807 786 1040 835; x_wconf 66' lang='lat' dir='ltr'><strong>tenebrae</strong></span> <span class='ocrx_word' id='word_1_40' title='bbox 1086 794 1179 832; x_wconf 77' lang='lat' dir='ltr'><strong>vos</strong></span> <span class='ocrx_word' id='word_1_41' title='bbox 1221 779 1681 846; x_wconf 84' lang='lat' dir='ltr'><strong>cmnprehendant</strong></span> <span class='ocrx_word' id='word_1_42' title='bbox 1716 778 1781 831; x_wconf 82' lang='grc'><strong>⁸⁸.</strong></span> <span class='ocrx_word' id='word_1_43' title='bbox 1811 797 1828 830; x_wconf 75' lang='grc' dir='ltr'><strong>ι</strong></span> <span class='ocrx_word' id='word_1_44' title='bbox 1862 777 1980 848; x_wconf 91' lang='lat' dir='ltr'><strong>Ipse</strong></span> <span class='ocrx_word' id='word_1_45' title='bbox 2008 779 2083 832; x_wconf 88' lang='lat' dir='ltr'><strong>si-</strong></span> 
     </span>
    </p>
   </div>
   <div class='ocr_carea' id='block_1_9' title="bbox 519 868 2083 940">
    <p class='ocr_par' dir='ltr' id='par_1_9' title="bbox 519 868 2083 940">
     <span class='ocr_line' id='line_1_9' title="bbox 519 868 2083 940; baseline 0 -15"><span class='ocrx_word' id='word_1_46' title='bbox 519 873 735 940; x_wconf 84' lang='lat' dir='ltr'><strong>quidem</strong></span> <span class='ocrx_word' id='word_1_47' title='bbox 778 880 863 925; x_wconf 91' lang='lat' dir='ltr'><strong>est</strong></span> <span class='ocrx_word' id='word_1_48' title='bbox 894 870 1002 922; x_wconf 72' lang='lat' dir='ltr'><strong>lus.</strong></span> <span class='ocrx_word' id='word_1_49' title='bbox 1026 868 1185 938; x_wconf 90' lang='lat' dir='ltr'><strong>quue</strong></span> <span class='ocrx_word' id='word_1_50' title='bbox 1210 871 1342 923; x_wconf 88' lang='lat' dir='ltr'><strong>dixit</strong></span> <span class='ocrx_word' id='word_1_51' title='bbox 1379 880 1603 938; x_wconf 87' lang='lat' dir='ltr'><strong>aperte:</strong></span> <span class='ocrx_word' id='word_1_52' title='bbox 1650 888 1668 921; x_wconf 79' lang='grc' dir='ltr'><strong>ι</strong></span> <span class='ocrx_word' id='word_1_53' title='bbox 1694 869 1802 940; x_wconf 83' lang='lat' dir='ltr'><strong>Ego</strong></span> <span class='ocrx_word' id='word_1_54' title='bbox 1836 886 1954 923; x_wconf 89' lang='lat' dir='ltr'><strong>sum</strong></span> <span class='ocrx_word' id='word_1_55' title='bbox 1994 870 2083 925; x_wconf 81' lang='lat' dir='ltr'><strong>lux</strong></span> 
     </span>
    </p>
   </div>
   <div class='ocr_carea' id='block_1_10' title="bbox 519 961 2082 1030">
    <p class='ocr_par' dir='ltr' id='par_1_10' title="bbox 519 961 2082 1030">
     <span class='ocr_line' id='line_1_10' title="bbox 519 961 2082 1030; baseline 0 -14"><span class='ocrx_word' id='word_1_56' title='bbox 519 963 724 1019; x_wconf 87' lang='lat' dir='ltr'><strong>mundi.</strong></span> <span class='ocrx_word' id='word_1_57' title='bbox 774 961 885 1028; x_wconf 88' lang='lat' dir='ltr'><strong>Qui</strong></span> <span class='ocrx_word' id='word_1_58' title='bbox 918 962 1159 1030; x_wconf 85' lang='lat' dir='ltr'><strong>sequitur</strong></span> <span class='ocrx_word' id='word_1_59' title='bbox 1185 977 1291 1026; x_wconf 91' lang='lat' dir='ltr'><strong>me,</strong></span> <span class='ocrx_word' id='word_1_60' title='bbox 1312 976 1415 1015; x_wconf 93' lang='lat' dir='ltr'><strong>non</strong></span> <span class='ocrx_word' id='word_1_61' title='bbox 1434 962 1729 1017; x_wconf 74' lang='lat' dir='ltr'><strong>ambulabit</strong></span> <span class='ocrx_word' id='word_1_62' title='bbox 1747 964 1799 1017; x_wconf 90' lang='lat' dir='ltr'><strong>in</strong></span> <span class='ocrx_word' id='word_1_63' title='bbox 1826 964 2082 1027; x_wconf 83' lang='lat' dir='ltr'><strong>tenebris,</strong></span> 
     </span>
    </p>
   </div>
   <div class='ocr_carea' id='block_1_11' title="bbox 518 1050 2085 1122">
    <p class='ocr_par' dir='ltr' id='par_1_11' title="bbox 518 1050 2085 1122">
     <span class='ocr_line' id='line_1_11' title="bbox 518 1050 2085 1122; baseline 0.001 -15"><span class='ocrx_word' id='word_1_64' title='bbox 518 1053 613 1107; x_wconf 90' lang='lat' dir='ltr'><strong>sed</strong></span> <span class='ocrx_word' id='word_1_65' title='bbox 636 1050 971 1122; x_wconf 60' lang='lat' dir='ltr'><strong>habebit“</strong></span> <span class='ocrx_word' id='word_1_66' title='bbox 993 1052 1160 1105; x_wconf 83' lang='lat' dir='ltr'><strong>lucem</strong></span> <span class='ocrx_word' id='word_1_67' title='bbox 1184 1052 1303 1105; x_wconf 59' lang='lat' dir='ltr'><strong>vita)</strong></span> <span class='ocrx_word' id='word_1_68' title='bbox 1329 1051 1394 1104; x_wconf 78' lang='grc'><strong>⁸³.</strong></span> <span class='ocrx_word' id='word_1_69' title='bbox 1422 1071 1439 1102; x_wconf 79' lang='grc' dir='ltr'><strong>ι</strong></span> <span class='ocrx_word' id='word_1_70' title='bbox 1457 1051 1570 1106; x_wconf 79' lang='lat' dir='ltr'><strong>Lux</strong></span> <span class='ocrx_word' id='word_1_71' title='bbox 1587 1062 1762 1107; x_wconf 87' lang='lat' dir='ltr'><strong>autem</strong></span> <span class='ocrx_word' id='word_1_72' title='bbox 1789 1055 2085 1118; x_wconf 88' lang='lat' dir='ltr'><strong>Domini,et</strong></span> 
     </span>
    </p>
   </div>
   <div class='ocr_carea' id='block_1_12' title="bbox 515 1146 2082 1215">
    <p class='ocr_par' dir='ltr' id='par_1_12' title="bbox 515 1146 2082 1215">
     <span class='ocr_line' id='line_1_12' title="bbox 515 1146 2082 1215; baseline 0.001 -15"><span class='ocrx_word' id='word_1_73' title='bbox 515 1146 633 1213; x_wconf 77' lang='lat' dir='ltr'><strong>iure</strong></span> <span class='ocrx_word' id='word_1_74' title='bbox 661 1148 974 1215; x_wconf 91' lang='lat' dir='ltr'><strong>optimodici</strong></span> <span class='ocrx_word' id='word_1_75' title='bbox 1001 1157 1173 1214; x_wconf 86' lang='lat' dir='ltr'><strong>potest</strong></span> <span class='ocrx_word' id='word_1_76' title='bbox 1194 1148 1359 1215; x_wconf 87' lang='lat' dir='ltr'><strong>ipsius</strong></span> <span class='ocrx_word' id='word_1_77' title='bbox 1393 1148 1784 1215; x_wconf 77' lang='lat' dir='ltr'><strong>przedicatio,id</strong></span> <span class='ocrx_word' id='word_1_78' title='bbox 1802 1159 2082 1215; x_wconf 89' lang='lat' dir='ltr'><strong>est,evan-</strong></span> 
     </span>
    </p>
   </div>
   <div class='ocr_carea' id='block_1_13' title="bbox 515 1234 2085 1307">
    <p class='ocr_par' dir='ltr' id='par_1_13' title="bbox 515 1234 2085 1307">
     <span class='ocr_line' id='line_1_13' title="bbox 515 1234 2085 1307; baseline 0.001 -17"><span class='ocrx_word' id='word_1_79' title='bbox 515 1237 708 1306; x_wconf 86' lang='lat' dir='ltr'><strong>gelica.</strong></span> <span class='ocrx_word' id='word_1_80' title='bbox 734 1234 965 1292; x_wconf 87' lang='lat' dir='ltr'><strong>Perinde</strong></span> <span class='ocrx_word' id='word_1_81' title='bbox 986 1246 1067 1290; x_wconf 90' lang='lat' dir='ltr'><strong>est</strong></span> <span class='ocrx_word' id='word_1_82' title='bbox 1100 1251 1163 1291; x_wconf 91' lang='lat' dir='ltr'><strong>ac</strong></span> <span class='ocrx_word' id='word_1_83' title='bbox 1191 1237 1234 1289; x_wconf 88' lang='lat' dir='ltr'><strong>si</strong></span> <span class='ocrx_word' id='word_1_84' title='bbox 1260 1234 1423 1299; x_wconf 83' lang='lat' dir='ltr'><strong>dicat,</strong></span> <span class='ocrx_word' id='word_1_85' title='bbox 1444 1234 1699 1290; x_wconf 80' lang='lat' dir='ltr'><strong>Vivamus</strong></span> <span class='ocrx_word' id='word_1_86' title='bbox 1729 1240 1833 1305; x_wconf 88' lang='lat' dir='ltr'><strong>pie,</strong></span> <span class='ocrx_word' id='word_1_87' title='bbox 1856 1252 2085 1307; x_wconf 82' lang='lat' dir='ltr'><strong>evange-</strong></span> 
     </span>
    </p>
   </div>
   <div class='ocr_carea' id='block_1_14' title="bbox 516 1322 2086 1394">
    <p class='ocr_par' dir='ltr' id='par_1_14' title="bbox 516 1322 2086 1394">
     <span class='ocr_line' id='line_1_14' title="bbox 516 1322 2086 1394; baseline -0.003 -15"><span class='ocrx_word' id='word_1_88' title='bbox 516 1325 636 1381; x_wconf 68' lang='lat' dir='ltr'><strong>licae</strong></span> <span class='ocrx_word' id='word_1_89' title='bbox 649 1326 771 1379; x_wconf 72' lang='lat' dir='ltr'><strong>vita:</strong></span> <span class='ocrx_word' id='word_1_90' title='bbox 784 1323 1117 1394; x_wconf 89' lang='lat' dir='ltr'><strong>splendorem</strong></span> <span class='ocrx_word' id='word_1_91' title='bbox 1132 1322 1392 1385; x_wconf 90' lang='lat' dir='ltr'><strong>colamus,</strong></span> <span class='ocrx_word' id='word_1_92' title='bbox 1408 1324 1569 1376; x_wconf 86' lang='lat' dir='ltr'><strong>tinem</strong></span> <span class='ocrx_word' id='word_1_93' title='bbox 1595 1323 1787 1393; x_wconf 87' lang='lat' dir='ltr'><strong>typicis</strong></span> <span class='ocrx_word' id='word_1_94' title='bbox 1808 1325 1966 1377; x_wconf 86' lang='lat' dir='ltr'><strong>rebus</strong></span> <span class='ocrx_word' id='word_1_95' title='bbox 1992 1324 2086 1376; x_wconf 90' lang='lat' dir='ltr'><strong>im-</strong></span> 
     </span>
    </p>
   </div>
   <div class='ocr_carea' id='block_1_15' title="bbox 516 1414 2083 1487">
    <p class='ocr_par' dir='ltr' id='par_1_15' title="bbox 516 1414 2083 1487">
     <span class='ocr_line' id='line_1_15' title="bbox 516 1414 2083 1487; baseline -0.003 -15"><span class='ocrx_word' id='word_1_96' title='bbox 516 1431 803 1487; x_wconf 88' lang='lat' dir='ltr'><strong>ponamus,</strong></span> <span class='ocrx_word' id='word_1_97' title='bbox 825 1416 1071 1469; x_wconf 76' lang='lat' dir='ltr'><strong>umbi-am</strong></span> <span class='ocrx_word' id='word_1_98' title='bbox 1098 1414 1488 1484; x_wconf 89' lang='lat' dir='ltr'><strong>relinquamus,</strong></span> <span class='ocrx_word' id='word_1_99' title='bbox 1512 1414 1771 1468; x_wconf 83' lang='lat' dir='ltr'><strong>Mosaicas</strong></span> <span class='ocrx_word' id='word_1_100' title='bbox 1794 1415 2000 1468; x_wconf 78' lang='lat' dir='ltr'><strong>litteras</strong></span> <span class='ocrx_word' id='word_1_101' title='bbox 2017 1414 2083 1468; x_wconf 91' lang='lat' dir='ltr'><strong>ad</strong></span> 
     </span>
    </p>
   </div>
   <div class='ocr_carea' id='block_1_16' title="bbox 515 1505 2081 1573">
    <p class='ocr_par' dir='ltr' id='par_1_16' title="bbox 515 1505 2081 1573">
     <span class='ocr_line' id='line_1_16' title="bbox 515 1505 2081 1573; baseline -0.003 -10"><span class='ocrx_word' id='word_1_102' title='bbox 515 1510 798 1564; x_wconf 78' lang='lat' dir='ltr'><strong>veritatem</strong></span> <span class='ocrx_word' id='word_1_103' title='bbox 818 1505 1229 1569; x_wconf 83' lang='lat' dir='ltr'><strong>transferamus,</strong></span> <span class='ocrx_word' id='word_1_104' title='bbox 1246 1506 1414 1560; x_wconf 90' lang='lat' dir='ltr'><strong>saluta</strong></span> <span class='ocrx_word' id='word_1_105' title='bbox 1426 1520 1534 1560; x_wconf 88' lang='lat' dir='ltr'><strong>rem</strong></span> <span class='ocrx_word' id='word_1_106' title='bbox 1552 1507 1720 1558; x_wconf 87' lang='lat' dir='ltr'><strong>lucem</strong></span> <span class='ocrx_word' id='word_1_107' title='bbox 1737 1505 2081 1573; x_wconf 85' lang='lat' dir='ltr'><strong>recipiamus.</strong></span> 
     </span>
    </p>
   </div>
   <div class='ocr_carea' id='block_1_17' title="bbox 514 1595 2084 1666">
    <p class='ocr_par' dir='ltr' id='par_1_17' title="bbox 514 1595 2084 1666">
     <span class='ocr_line' id='line_1_17' title="bbox 514 1595 2084 1666; baseline -0.005 -11"><span class='ocrx_word' id='word_1_108' title='bbox 514 1603 585 1654; x_wconf 82' lang='lat' dir='ltr'><strong>At</strong></span> <span class='ocrx_word' id='word_1_109' title='bbox 611 1615 729 1655; x_wconf 91' lang='lat' dir='ltr'><strong>cum</strong></span> <span class='ocrx_word' id='word_1_110' title='bbox 746 1597 914 1654; x_wconf 73' lang='lat' dir='ltr'><strong>Judtci</strong></span> <span class='ocrx_word' id='word_1_111' title='bbox 929 1597 1173 1666; x_wconf 91' lang='lat' dir='ltr'><strong>patribus</strong></span> <span class='ocrx_word' id='word_1_112' title='bbox 1190 1596 1499 1650; x_wconf 85' lang='lat' dir='ltr'><strong>carnalibus</strong></span> <span class='ocrx_word' id='word_1_113' title='bbox 1517 1596 1829 1664; x_wconf 74' lang='lat' dir='ltr'><strong>gloriantes,</strong></span> <span class='ocrx_word' id='word_1_114' title='bbox 1850 1595 2084 1663; x_wconf 85' lang='lat' dir='ltr'><strong>superci-</strong></span> 
     </span>
    </p>
   </div>
   <div class='ocr_carea' id='block_1_18' title="bbox 515 1685 2081 1759">
    <p class='ocr_par' dir='ltr' id='par_1_18' title="bbox 515 1685 2081 1759">
     <span class='ocr_line' id='line_1_18' title="bbox 515 1685 2081 1759; baseline -0.004 -15"><span class='ocrx_word' id='word_1_115' title='bbox 515 1689 647 1744; x_wconf 91' lang='lat' dir='ltr'><strong>lium</strong></span> <span class='ocrx_word' id='word_1_116' title='bbox 667 1689 960 1759; x_wconf 76' lang='lat' dir='ltr'><strong>erigerent,</strong></span> <span class='ocrx_word' id='word_1_117' title='bbox 981 1695 1234 1756; x_wconf 89' lang='lat' dir='ltr'><strong>tanquam</strong></span> <span class='ocrx_word' id='word_1_118' title='bbox 1251 1695 1467 1756; x_wconf 88' lang='lat' dir='ltr'><strong>propter</strong></span> <span class='ocrx_word' id='word_1_119' title='bbox 1484 1686 1629 1755; x_wconf 86' lang='lat' dir='ltr'><strong>ipsos</strong></span> <span class='ocrx_word' id='word_1_120' title='bbox 1644 1685 1846 1751; x_wconf 88' lang='lat' dir='ltr'><strong>dilecti,</strong></span> <span class='ocrx_word' id='word_1_121' title='bbox 1862 1696 1916 1738; x_wconf 90' lang='lat' dir='ltr'><strong>et</strong></span> <span class='ocrx_word' id='word_1_122' title='bbox 1934 1700 2081 1753; x_wconf 89' lang='lat' dir='ltr'><strong>pars,</strong></span> 
     </span>
    </p>
   </div>
   <div class='ocr_carea' id='block_1_19' title="bbox 515 1777 2080 1849">
    <p class='ocr_par' dir='ltr' id='par_1_19' title="bbox 515 1777 2080 1849">
     <span class='ocr_line' id='line_1_19' title="bbox 515 1777 2080 1849; baseline -0.006 -10"><span class='ocrx_word' id='word_1_123' title='bbox 515 1794 571 1840; x_wconf 88' lang='lat' dir='ltr'><strong>et</strong></span> <span class='ocrx_word' id='word_1_124' title='bbox 597 1798 717 1838; x_wconf 90' lang='lat' dir='ltr'><strong>sors</strong></span> <span class='ocrx_word' id='word_1_125' title='bbox 738 1782 829 1836; x_wconf 89' lang='lat' dir='ltr'><strong>Dei</strong></span> <span class='ocrx_word' id='word_1_126' title='bbox 850 1780 1001 1846; x_wconf 86' lang='lat' dir='ltr'><strong>dicti,</strong></span> <span class='ocrx_word' id='word_1_127' title='bbox 1027 1790 1080 1835; x_wconf 90' lang='lat' dir='ltr'><strong>et</strong></span> <span class='ocrx_word' id='word_1_128' title='bbox 1104 1778 1329 1849; x_wconf 91' lang='lat' dir='ltr'><strong>populus</strong></span> <span class='ocrx_word' id='word_1_129' title='bbox 1352 1788 1568 1833; x_wconf 89' lang='lat' dir='ltr'><strong>sanctus</strong></span> <span class='ocrx_word' id='word_1_130' title='bbox 1590 1788 1638 1833; x_wconf 91' lang='lat' dir='ltr'><strong>et</strong></span> <span class='ocrx_word' id='word_1_131' title='bbox 1664 1778 1931 1843; x_wconf 90' lang='lat' dir='ltr'><strong>selectus;</strong></span> <span class='ocrx_word' id='word_1_132' title='bbox 1958 1777 2080 1831; x_wconf 89' lang='lat' dir='ltr'><strong>dein</strong></span> 
     </span>
    </p>
   </div>
   <div class='ocr_carea' id='block_1_20' title="bbox 2188 586 3760 670">
    <p class='ocr_par' dir='ltr' id='par_1_20' title="bbox 2188 586 3760 670">
     <span class='ocr_line' id='line_1_20' title="bbox 2188 586 3760 670; baseline -0.01 -19"><span class='ocrx_word' id='word_1_133' title='bbox 2188 600 2442 670; x_wconf 78' lang='grc' dir='ltr'><strong>προφήτῃ</strong></span> <span class='ocrx_word' id='word_1_134' title='bbox 2503 596 2739 666; x_wconf 87' lang='grc' dir='ltr'>μάλιστα</span> <span class='ocrx_word' id='word_1_135' title='bbox 2783 593 2875 649; x_wconf 67' lang='grc' dir='ltr'>τὸν</span> <span class='ocrx_word' id='word_1_136' title='bbox 2919 594 3011 647; x_wconf 76' lang='grc' dir='ltr'><strong>ἐπὶ</strong></span> <span class='ocrx_word' id='word_1_137' title='bbox 3052 593 3185 665; x_wconf 86' lang='grc' dir='ltr'>τῷδε</span> <span class='ocrx_word' id='word_1_138' title='bbox 3230 592 3385 660; x_wconf 86' lang='grc' dir='ltr'>λόγον</span> <span class='ocrx_word' id='word_1_139' title='bbox 3430 586 3760 660; x_wconf 84' lang='grc' dir='ltr'><strong>προτρέπειν</strong></span> 
     </span>
    </p>
   </div>
   <div class='ocr_carea' id='block_1_21' title="bbox 2187 675 3756 759">
    <p class='ocr_par' dir='ltr' id='par_1_21' title="bbox 2187 675 3756 759">
     <span class='ocr_line' id='line_1_21' title="bbox 2187 675 3756 759; baseline -0.01 -15"><span class='ocrx_word' id='word_1_140' title='bbox 2187 692 2312 754; x_wconf 75' lang='grc' dir='ltr'>τοὺς</span> <span class='ocrx_word' id='word_1_141' title='bbox 2367 690 2425 756; x_wconf 77' lang='grc' dir='ltr'><strong>ἐξ</strong></span> <span class='ocrx_word' id='word_1_142' title='bbox 2493 687 2710 759; x_wconf 79' lang='grc' dir='ltr'>Ἰσραὴλ</span> <span class='ocrx_word' id='word_1_143' title='bbox 2753 684 3046 740; x_wconf 70' lang='grc' dir='ltr'>ὑπακούειν</span> <span class='ocrx_word' id='word_1_144' title='bbox 3108 684 3320 753; x_wconf 84' lang='grc' dir='ltr'>λέγοντι</span> <span class='ocrx_word' id='word_1_145' title='bbox 3374 680 3452 752; x_wconf 80' lang='grc' dir='ltr'>τῷ</span> <span class='ocrx_word' id='word_1_146' title='bbox 3495 675 3756 750; x_wconf 75' lang='grc' dir='ltr'>Χριστῷ·</span> 
     </span>
    </p>
   </div>
   <div class='ocr_carea' id='block_1_22' title="bbox 2194 771 3765 849">
    <p class='ocr_par' dir='ltr' id='par_1_22' title="bbox 2194 771 3765 849">
     <span class='ocr_line' id='line_1_22' title="bbox 2194 771 3765 849; baseline -0.006 -17"><span class='ocrx_word' id='word_1_147' title='bbox 2194 800 2212 832; x_wconf 81' lang='grc' dir='ltr'><strong>ι</strong></span> <span class='ocrx_word' id='word_1_148' title='bbox 2254 781 2398 843; x_wconf 84' lang='grc' dir='ltr'><strong>Ἕως</strong></span> <span class='ocrx_word' id='word_1_149' title='bbox 2425 780 2484 832; x_wconf 82' lang='grc' dir='ltr'>τὸ</span> <span class='ocrx_word' id='word_1_150' title='bbox 2511 780 2625 847; x_wconf 82' lang='grc' dir='ltr'>φῶς</span> <span class='ocrx_word' id='word_1_151' title='bbox 2646 779 2818 849; x_wconf 74' lang='grc' dir='ltr'>ἔχετε,</span> <span class='ocrx_word' id='word_1_152' title='bbox 2852 779 3205 849; x_wconf 83' lang='grc' dir='ltr'><strong>περιπατεῖτε</strong></span> <span class='ocrx_word' id='word_1_153' title='bbox 3260 777 3317 828; x_wconf 82' lang='grc' dir='ltr'>ἐν</span> <span class='ocrx_word' id='word_1_154' title='bbox 3358 772 3436 844; x_wconf 82' lang='grc' dir='ltr'>τῷ</span> <span class='ocrx_word' id='word_1_155' title='bbox 3478 771 3638 842; x_wconf 75' lang='grc' dir='ltr'>φωτὶ,</span> <span class='ocrx_word' id='word_1_156' title='bbox 3674 771 3765 824; x_wconf 81' lang='grc' dir='ltr'>ἵνα</span> 
     </span>
    </p>
   </div>
   <div class='ocr_carea' id='block_1_23' title="bbox 2192 862 3765 943">
    <p class='ocr_par' dir='ltr' id='par_1_23' title="bbox 2192 862 3765 943">
     <span class='ocr_line' id='line_1_23' title="bbox 2192 862 3765 943; baseline -0.009 -16"><span class='ocrx_word' id='word_1_157' title='bbox 2192 874 2266 943; x_wconf 84' lang='grc' dir='ltr'>μὴ</span> <span class='ocrx_word' id='word_1_158' title='bbox 2294 874 2327 942; x_wconf 84' lang='grc' dir='ltr'>ἡ</span> <span class='ocrx_word' id='word_1_159' title='bbox 2376 871 2560 924; x_wconf 85' lang='grc' dir='ltr'>σκοτία</span> <span class='ocrx_word' id='word_1_160' title='bbox 2609 872 2752 941; x_wconf 74' lang='grc' dir='ltr'>ὑμᾶς</span> <span class='ocrx_word' id='word_1_161' title='bbox 2801 869 3103 940; x_wconf 78' lang='grc' dir='ltr'>καταλάϐῃ.</span> <span class='ocrx_word' id='word_1_162' title='bbox 3142 886 3160 919; x_wconf 74' lang='grc' dir='ltr'><strong>ι</strong></span> <span class='ocrx_word' id='word_1_163' title='bbox 3208 866 3380 929; x_wconf 80' lang='grc' dir='ltr'>Αὐτὸς</span> <span class='ocrx_word' id='word_1_164' title='bbox 3422 863 3480 918; x_wconf 88' lang='grc' dir='ltr'><strong>δέ</strong></span> <span class='ocrx_word' id='word_1_165' title='bbox 3535 862 3653 916; x_wconf 65' lang='grc' dir='ltr'>ἐστι</span> <span class='ocrx_word' id='word_1_166' title='bbox 3700 863 3765 914; x_wconf 69' lang='grc' dir='ltr'>τὸ</span> 
     </span>
    </p>
   </div>
   <div class='ocr_carea' id='block_1_24' title="bbox 2189 954 3759 1032">
    <p class='ocr_par' dir='ltr' id='par_1_24' title="bbox 2189 954 3759 1032">
     <span class='ocr_line' id='line_1_24' title="bbox 2189 954 3759 1032; baseline -0.006 -17"><span class='ocrx_word' id='word_1_167' title='bbox 2189 963 2323 1032; x_wconf 84' lang='grc' dir='ltr'>φῶς.</span> <span class='ocrx_word' id='word_1_168' title='bbox 2357 963 2467 1016; x_wconf 76' lang='grc' dir='ltr'>Καὶ</span> <span class='ocrx_word' id='word_1_169' title='bbox 2497 961 2629 1031; x_wconf 84' lang='grc' dir='ltr'>γοῦν</span> <span class='ocrx_word' id='word_1_170' title='bbox 2667 963 2903 1032; x_wconf 77' lang='grc' dir='ltr'>ἔφασκεν</span> <span class='ocrx_word' id='word_1_171' title='bbox 2957 959 3233 1031; x_wconf 77' lang='grc' dir='ltr'>ἐναργῶςο</span> <span class='ocrx_word' id='word_1_172' title='bbox 3279 977 3297 1009; x_wconf 75' lang='grc' dir='ltr'><strong>ι</strong></span> <span class='ocrx_word' id='word_1_173' title='bbox 3343 955 3485 1025; x_wconf 84' lang='grc' dir='ltr'><strong>Ἐγώ</strong></span> <span class='ocrx_word' id='word_1_174' title='bbox 3537 956 3655 1025; x_wconf 79' lang='grc' dir='ltr'>ειμι</span> <span class='ocrx_word' id='word_1_175' title='bbox 3698 954 3759 1005; x_wconf 71' lang='grc' dir='ltr'><strong>τὺ</strong></span> 
     </span>
    </p>
   </div>
   <div class='ocr_carea' id='block_1_25' title="bbox 2190 1047 3762 1124">
    <p class='ocr_par' dir='ltr' id='par_1_25' title="bbox 2190 1047 3762 1124">
     <span class='ocr_line' id='line_1_25' title="bbox 2190 1047 3762 1124; baseline -0.006 -17"><span class='ocrx_word' id='word_1_176' title='bbox 2190 1054 2305 1124; x_wconf 84' lang='grc' dir='ltr'><strong>φῶς</strong></span> <span class='ocrx_word' id='word_1_177' title='bbox 2326 1054 2421 1107; x_wconf 90' lang='grc' dir='ltr'><strong>τοῦ</strong></span> <span class='ocrx_word' id='word_1_178' title='bbox 2458 1056 2686 1124; x_wconf 86' lang='grc' dir='ltr'>κόσμου.</span> <span class='ocrx_word' id='word_1_179' title='bbox 2734 1054 2795 1105; x_wconf 81' lang='lat' dir='ltr'><strong>&#39;(l</strong></span> <span class='ocrx_word' id='word_1_180' title='bbox 2846 1052 3155 1106; x_wconf 83' lang='grc' dir='ltr'>ἀκολουθῶν</span> <span class='ocrx_word' id='word_1_181' title='bbox 3198 1050 3342 1121; x_wconf 73' lang='grc' dir='ltr'>ἐμοὶ,</span> <span class='ocrx_word' id='word_1_182' title='bbox 3380 1049 3443 1102; x_wconf 83' lang='grc' dir='ltr'>οὐ</span> <span class='ocrx_word' id='word_1_183' title='bbox 3490 1047 3565 1119; x_wconf 77' lang='grc' dir='ltr'>μὴ</span> <span class='ocrx_word' id='word_1_184' title='bbox 3603 1047 3762 1117; x_wconf 78' lang='grc' dir='ltr'>μείνῃ</span> 
     </span>
    </p>
   </div>
   <div class='ocr_carea' id='block_1_26' title="bbox 2190 1138 3762 1217">
    <p class='ocr_par' dir='ltr' id='par_1_26' title="bbox 2190 1138 3762 1217">
     <span class='ocr_line' id='line_1_26' title="bbox 2190 1138 3762 1217; baseline 0 -19"><span class='ocrx_word' id='word_1_185' title='bbox 2190 1148 2246 1198; x_wconf 81' lang='grc' dir='ltr'>ὲν</span> <span class='ocrx_word' id='word_1_186' title='bbox 2273 1149 2338 1217; x_wconf 80' lang='grc' dir='ltr'><strong>τῇ</strong></span> <span class='ocrx_word' id='word_1_187' title='bbox 2379 1147 2588 1216; x_wconf 72' lang='grc' dir='ltr'>σκοτίᾳ,</span> <span class='ocrx_word' id='word_1_188' title='bbox 2638 1144 2751 1198; x_wconf 82' lang='grc' dir='ltr'>ἀλλ’</span> <span class='ocrx_word' id='word_1_189' title='bbox 2802 1144 2913 1210; x_wconf 74' lang='grc' dir='ltr'>ἕξει</span> <span class='ocrx_word' id='word_1_190' title='bbox 2953 1143 3012 1197; x_wconf 80' lang='grc' dir='ltr'><strong>τδ</strong></span> <span class='ocrx_word' id='word_1_191' title='bbox 3061 1143 3173 1211; x_wconf 84' lang='grc' dir='ltr'>φῶς</span> <span class='ocrx_word' id='word_1_192' title='bbox 3220 1142 3321 1210; x_wconf 83' lang='grc' dir='ltr'>τῆς</span> <span class='ocrx_word' id='word_1_193' title='bbox 3364 1140 3531 1209; x_wconf 85' lang='grc' dir='ltr'>ζωῆς.</span> <span class='ocrx_word' id='word_1_194' title='bbox 3579 1157 3598 1190; x_wconf 77' lang='lat' dir='ltr'><strong>t</strong></span> <span class='ocrx_word' id='word_1_195' title='bbox 3642 1138 3762 1198; x_wconf 79' lang='grc' dir='ltr'><strong>Φῶς</strong></span> 
     </span>
    </p>
   </div>
   <div class='ocr_carea' id='block_1_27' title="bbox 2187 1227 3761 1309">
    <p class='ocr_par' dir='ltr' id='par_1_27' title="bbox 2187 1227 3761 1309">
     <span class='ocr_line' id='line_1_27' title="bbox 2187 1227 3761 1309; baseline -0.007 -18"><span class='ocrx_word' id='word_1_196' title='bbox 2187 1239 2232 1292; x_wconf 79' lang='grc' dir='ltr'>δ’</span> <span class='ocrx_word' id='word_1_197' title='bbox 2276 1239 2342 1291; x_wconf 88' lang='grc' dir='ltr'>ἂν</span> <span class='ocrx_word' id='word_1_198' title='bbox 2375 1238 2583 1307; x_wconf 82' lang='grc' dir='ltr'>λέγοιτο</span> <span class='ocrx_word' id='word_1_199' title='bbox 2639 1237 2864 1309; x_wconf 90' lang='grc' dir='ltr'>Κυρίου,</span> <span class='ocrx_word' id='word_1_200' title='bbox 2898 1236 2993 1290; x_wconf 76' lang='grc' dir='ltr'><strong>καὶ</strong></span> <span class='ocrx_word' id='word_1_201' title='bbox 3029 1234 3173 1304; x_wconf 84' lang='grc' dir='ltr'>μάλα</span> <span class='ocrx_word' id='word_1_202' title='bbox 3220 1234 3445 1295; x_wconf 83' lang='grc' dir='ltr'><strong>εἰκότως</strong></span> <span class='ocrx_word' id='word_1_203' title='bbox 3480 1231 3542 1283; x_wconf 85' lang='grc' dir='ltr'>τὸ</span> <span class='ocrx_word' id='word_1_204' title='bbox 3594 1227 3761 1283; x_wconf 81' lang='grc' dir='ltr'>αὐτοῦ</span> 
     </span>
    </p>
   </div>
   <div class='ocr_carea' id='block_1_28' title="bbox 2188 1317 3761 1403">
    <p class='ocr_par' dir='ltr' id='par_1_28' title="bbox 2188 1317 3761 1403">
     <span class='ocr_line' id='line_1_28' title="bbox 2188 1317 3761 1403; baseline -0.008 -18"><span class='ocrx_word' id='word_1_205' title='bbox 2188 1333 2467 1403; x_wconf 84' lang='grc' dir='ltr'>κήρυγμα,</span> <span class='ocrx_word' id='word_1_206' title='bbox 2512 1328 2657 1383; x_wconf 85' lang='grc' dir='ltr'>τοῦτ’</span> <span class='ocrx_word' id='word_1_207' title='bbox 2702 1330 2838 1395; x_wconf 77' lang='grc' dir='ltr'>ἔστι,</span> <span class='ocrx_word' id='word_1_208' title='bbox 2879 1330 2938 1383; x_wconf 79' lang='grc' dir='ltr'>τὸ</span> <span class='ocrx_word' id='word_1_209' title='bbox 2979 1326 3350 1396; x_wconf 80' lang='grc' dir='ltr'>εὐαγγελικόν.</span> <span class='ocrx_word' id='word_1_210' title='bbox 3390 1325 3618 1395; x_wconf 85' lang='grc' dir='ltr'>Ὅμοιον</span> <span class='ocrx_word' id='word_1_211' title='bbox 3666 1317 3761 1374; x_wconf 86' lang='grc' dir='ltr'><strong>οῦν</strong></span> 
     </span>
    </p>
   </div>
   <div class='ocr_carea' id='block_1_29' title="bbox 2188 1412 3760 1493">
    <p class='ocr_par' dir='ltr' id='par_1_29' title="bbox 2188 1412 3760 1493">
     <span class='ocr_line' id='line_1_29' title="bbox 2188 1412 3760 1493; baseline -0.006 -17"><span class='ocrx_word' id='word_1_212' title='bbox 2188 1424 2319 1477; x_wconf 79' lang='grc' dir='ltr'>ὡσεὶ</span> <span class='ocrx_word' id='word_1_213' title='bbox 2367 1423 2535 1491; x_wconf 82' lang='grc' dir='ltr'>λέγοι,</span> <span class='ocrx_word' id='word_1_214' title='bbox 2587 1422 2941 1493; x_wconf 74' lang='grc' dir='ltr'>Διαξήσωμεν</span> <span class='ocrx_word' id='word_1_215' title='bbox 2990 1418 3247 1482; x_wconf 73' lang='grc' dir='ltr'>εὐσεϐῶς,</span> <span class='ocrx_word' id='word_1_216' title='bbox 3298 1416 3620 1488; x_wconf 82' lang='grc' dir='ltr'>τιμήσωμεν</span> <span class='ocrx_word' id='word_1_217' title='bbox 3659 1412 3760 1481; x_wconf 84' lang='grc' dir='ltr'>τῆς</span> 
     </span>
    </p>
   </div>
   <div class='ocr_carea' id='block_1_30' title="bbox 2188 1504 3760 1586">
    <p class='ocr_par' dir='ltr' id='par_1_30' title="bbox 2188 1504 3760 1586">
     <span class='ocr_line' id='line_1_30' title="bbox 2188 1504 3760 1586; baseline -0.008 -17"><span class='ocrx_word' id='word_1_218' title='bbox 2188 1516 2548 1586; x_wconf 83' lang='grc' dir='ltr'>εὐαγγελικῆς</span> <span class='ocrx_word' id='word_1_219' title='bbox 2590 1515 2867 1578; x_wconf 79' lang='grc' dir='ltr'>πολιτείας</span> <span class='ocrx_word' id='word_1_220' title='bbox 2927 1514 2990 1566; x_wconf 82' lang='grc' dir='ltr'>τὸ</span> <span class='ocrx_word' id='word_1_221' title='bbox 3055 1509 3374 1584; x_wconf 87' lang='grc' dir='ltr'>περιφανὲς,</span> <span class='ocrx_word' id='word_1_222' title='bbox 3419 1504 3760 1578; x_wconf 81' lang='grc' dir='ltr'>παυσώμεθα</span> 
     </span>
    </p>
   </div>
   <div class='ocr_carea' id='block_1_31' title="bbox 2188 1597 3762 1676">
    <p class='ocr_par' dir='ltr' id='par_1_31' title="bbox 2188 1597 3762 1676">
     <span class='ocr_line' id='line_1_31' title="bbox 2188 1597 3762 1676; baseline -0.007 -16"><span class='ocrx_word' id='word_1_223' title='bbox 2188 1608 2297 1661; x_wconf 86' lang='grc' dir='ltr'><strong>τῶν</strong></span> <span class='ocrx_word' id='word_1_224' title='bbox 2328 1610 2385 1661; x_wconf 82' lang='grc' dir='ltr'>ὲν</span> <span class='ocrx_word' id='word_1_225' title='bbox 2414 1607 2624 1671; x_wconf 85' lang='grc' dir='ltr'>τύποις,</span> <span class='ocrx_word' id='word_1_226' title='bbox 2654 1605 3045 1676; x_wconf 78' lang='grc' dir='ltr'>καταλήξωμεν</span> <span class='ocrx_word' id='word_1_227' title='bbox 3090 1603 3188 1673; x_wconf 85' lang='grc' dir='ltr'>τῆς</span> <span class='ocrx_word' id='word_1_228' title='bbox 3225 1602 3404 1663; x_wconf 82' lang='grc' dir='ltr'>σκιᾶς.</span> <span class='ocrx_word' id='word_1_229' title='bbox 3436 1597 3762 1653; x_wconf 86' lang='grc' dir='ltr'>Μεταπλάτ-</span> 
     </span>
    </p>
   </div>
   <div class='ocr_carea' id='block_1_32' title="bbox 2188 1686 3761 1770">
    <p class='ocr_par' dir='ltr' id='par_1_32' title="bbox 2188 1686 3761 1770">
     <span class='ocr_line' id='line_1_32' title="bbox 2188 1686 3761 1770; baseline -0.01 -18"><span class='ocrx_word' id='word_1_230' title='bbox 2188 1716 2369 1770; x_wconf 87' lang='grc' dir='ltr'>τωμεν</span> <span class='ocrx_word' id='word_1_231' title='bbox 2397 1698 2465 1752; x_wconf 84' lang='grc' dir='ltr'>τὰ</span> <span class='ocrx_word' id='word_1_232' title='bbox 2494 1698 2737 1761; x_wconf 87' lang='grc' dir='ltr'>Μωσέως</span> <span class='ocrx_word' id='word_1_233' title='bbox 2758 1696 3062 1768; x_wconf 82' lang='grc' dir='ltr'>γράμματα</span> <span class='ocrx_word' id='word_1_234' title='bbox 3100 1692 3236 1763; x_wconf 85' lang='grc' dir='ltr'>πρὸς</span> <span class='ocrx_word' id='word_1_235' title='bbox 3280 1688 3560 1760; x_wconf 83' lang='grc' dir='ltr'>ἀλήθειαν,</span> <span class='ocrx_word' id='word_1_236' title='bbox 3591 1686 3761 1739; x_wconf 78' lang='grc' dir='ltr'>εἰσδε-</span> 
     </span>
    </p>
   </div>
   <div class='ocr_carea' id='block_1_33' title="bbox 2191 1777 3761 1863">
    <p class='ocr_par' dir='ltr' id='par_1_33' title="bbox 2191 1777 3761 1863">
     <span class='ocr_line' id='line_1_33' title="bbox 2191 1777 3761 1863; baseline -0.01 -18"><span class='ocrx_word' id='word_1_237' title='bbox 2191 1793 2407 1863; x_wconf 80' lang='grc' dir='ltr'>ξώμεθα</span> <span class='ocrx_word' id='word_1_238' title='bbox 2458 1792 2519 1844; x_wconf 83' lang='grc' dir='ltr'>τὸ</span> <span class='ocrx_word' id='word_1_239' title='bbox 2573 1791 2841 1863; x_wconf 84' lang='grc' dir='ltr'>σωτήριον</span> <span class='ocrx_word' id='word_1_240' title='bbox 2899 1788 3033 1858; x_wconf 84' lang='grc' dir='ltr'>φῶς.</span> <span class='ocrx_word' id='word_1_241' title='bbox 3078 1783 3295 1854; x_wconf 82' lang='grc' dir='ltr'>Ἐπειδὴ</span> <span class='ocrx_word' id='word_1_242' title='bbox 3353 1782 3410 1835; x_wconf 81' lang='grc' dir='ltr'>δὲ</span> <span class='ocrx_word' id='word_1_243' title='bbox 3453 1782 3566 1843; x_wconf 88' lang='grc' dir='ltr'>τοῖς</span> <span class='ocrx_word' id='word_1_244' title='bbox 3618 1777 3761 1832; x_wconf 80' lang='grc' dir='ltr'>κατὰ</span> 
     </span>
    </p>
   </div>
   <div class='ocr_carea' id='block_1_34' title="bbox 513 1868 2079 1954">
    <p class='ocr_par' dir='ltr' id='par_1_34' title="bbox 513 1868 2079 1945">
     <span class='ocr_line' id='line_1_34' title="bbox 513 1868 2079 1945; baseline -0.006 -16"><span class='ocrx_word' id='word_1_245' title='bbox 513 1882 844 1945; x_wconf 80' lang='lat' dir='ltr'><strong>uagarentur</strong></span> <span class='ocrx_word' id='word_1_246' title='bbox 861 1886 924 1925; x_wconf 92' lang='lat' dir='ltr'><strong>ac</strong></span> <span class='ocrx_word' id='word_1_247' title='bbox 948 1886 1169 1941; x_wconf 89' lang='lat' dir='ltr'><strong>prorsus</strong></span> <span class='ocrx_word' id='word_1_248' title='bbox 1187 1870 1505 1939; x_wconf 86' lang='lat' dir='ltr'><strong>penitusque</strong></span> <span class='ocrx_word' id='word_1_249' title='bbox 1526 1883 1583 1923; x_wconf 90' lang='lat' dir='ltr'><strong>se</strong></span> <span class='ocrx_word' id='word_1_250' title='bbox 1612 1868 1790 1922; x_wconf 87' lang='lat' dir='ltr'><strong>curari</strong></span> <span class='ocrx_word' id='word_1_251' title='bbox 1811 1882 1874 1922; x_wconf 88' lang='lat' dir='ltr'><strong>ac</strong></span> <span class='ocrx_word' id='word_1_252' title='bbox 1889 1869 2033 1938; x_wconf 80' lang='lat' dir='ltr'><strong>diligi</strong></span> <span class='ocrx_word' id='word_1_253' title='bbox 2056 1883 2079 1920; x_wconf 88' lang='lat' dir='ltr'><strong>a</strong></span> 
     </span>
    </p>
   </div>
   <div class='ocr_carea' id='block_1_35' title="bbox 2182 1868 3759 1954">
    <p class='ocr_par' dir='ltr' id='par_1_35' title="bbox 2194 1868 3759 1954">
     <span class='ocr_line' id='line_1_35' title="bbox 2194 1868 3759 1954; baseline -0.01 -19"><span class='ocrx_word' id='word_1_254' title='bbox 2194 1884 2371 1954; x_wconf 85' lang='grc' dir='ltr'>σάρκα</span> <span class='ocrx_word' id='word_1_255' title='bbox 2392 1882 2662 1954; x_wconf 80' lang='grc' dir='ltr'>πατράσιν</span> <span class='ocrx_word' id='word_1_256' title='bbox 2704 1878 3068 1950; x_wconf 83' lang='grc' dir='ltr'>ὲπαυχοῦντες</span> <span class='ocrx_word' id='word_1_257' title='bbox 3105 1875 3365 1939; x_wconf 89' lang='grc' dir='ltr'>Ἰουδαῖοι,</span> <span class='ocrx_word' id='word_1_258' title='bbox 3404 1870 3643 1942; x_wconf 83' lang='grc' dir='ltr'><strong>μεγάλην</strong></span> <span class='ocrx_word' id='word_1_259' title='bbox 3672 1868 3759 1921; x_wconf 77' lang='grc' dir='ltr'>ἀεὶ</span> 
     </span>
    </p>
   </div>
   <div class='ocr_carea' id='block_1_36' title="bbox 513 1950 2091 2030">
    <p class='ocr_par' dir='ltr' id='par_1_36' title="bbox 513 1950 2091 2030">
     <span class='ocr_line' id='line_1_36' title="bbox 513 1950 2091 2030; baseline -0.005 -11"><span class='ocrx_word' id='word_1_260' title='bbox 513 1966 625 2022; x_wconf 90' lang='lat' dir='ltr'><strong>Deo</strong></span> <span class='ocrx_word' id='word_1_261' title='bbox 657 1966 959 2027; x_wconf 88' lang='lat' dir='ltr'><strong>crederent,</strong></span> <span class='ocrx_word' id='word_1_262' title='bbox 998 1962 1342 2030; x_wconf 86' lang='lat' dir='ltr'><strong>quantumvis</strong></span> <span class='ocrx_word' id='word_1_263' title='bbox 1367 1950 1623 2015; x_wconf 45' lang='lat' dir='ltr'><strong>mult’ailli</strong></span> <span class='ocrx_word' id='word_1_264' title='bbox 1663 1960 1834 2013; x_wconf 84' lang='lat' dir='ltr'><strong>invisa</strong></span> <span class='ocrx_word' id='word_1_265' title='bbox 1880 1958 2091 2013; x_wconf 83' lang='lat' dir='ltr'><strong>factita-</strong></span> 
     </span>
    </p>
   </div>
   <div class='ocr_carea' id='block_1_37' title="bbox 514 2050 2091 2126">
    <p class='ocr_par' dir='ltr' id='par_1_37' title="bbox 514 2050 2091 2126">
     <span class='ocr_line' id='line_1_37' title="bbox 514 2050 2091 2126; baseline -0.005 -15"><span class='ocrx_word' id='word_1_266' title='bbox 514 2067 657 2123; x_wconf 88' lang='lat' dir='ltr'><strong>rent,</strong></span> <span class='ocrx_word' id='word_1_267' title='bbox 700 2053 1044 2126; x_wconf 88' lang='lat' dir='ltr'><strong>quantumvis</strong></span> <span class='ocrx_word' id='word_1_268' title='bbox 1067 2052 1219 2106; x_wconf 88' lang='lat' dir='ltr'><strong>nihili</strong></span> <span class='ocrx_word' id='word_1_269' title='bbox 1256 2062 1509 2122; x_wconf 86' lang='lat' dir='ltr'><strong>putarent</strong></span> <span class='ocrx_word' id='word_1_270' title='bbox 1531 2053 1722 2121; x_wconf 83' lang='lat' dir='ltr'><strong>legem,</strong></span> <span class='ocrx_word' id='word_1_271' title='bbox 1747 2050 2091 2119; x_wconf 83' lang='lat' dir='ltr'><strong>quantumvis</strong></span> 
     </span>
    </p>
   </div>
   <div class='ocr_carea' id='block_1_38' title="bbox 513 2142 2094 2213">
    <p class='ocr_par' dir='ltr' id='par_1_38' title="bbox 513 2142 2094 2213">
     <span class='ocr_line' id='line_1_38' title="bbox 513 2142 2094 2213; baseline -0.006 -9"><span class='ocrx_word' id='word_1_272' title='bbox 513 2151 675 2204; x_wconf 81' lang='lat' dir='ltr'><strong>etiain</strong></span> <span class='ocrx_word' id='word_1_273' title='bbox 698 2164 814 2203; x_wconf 88' lang='lat' dir='ltr'><strong>eam</strong></span> <span class='ocrx_word' id='word_1_274' title='bbox 842 2145 1090 2201; x_wconf 90' lang='lat' dir='ltr'><strong>dedecori</strong></span> <span class='ocrx_word' id='word_1_275' title='bbox 1122 2144 1562 2213; x_wconf 89' lang='lat' dir='ltr'><strong>contemptuique</strong></span> <span class='ocrx_word' id='word_1_276' title='bbox 1587 2143 1865 2208; x_wconf 86' lang='lat' dir='ltr'><strong>haberent,</strong></span> <span class='ocrx_word' id='word_1_277' title='bbox 1889 2152 1942 2197; x_wconf 95' lang='lat' dir='ltr'><strong>et</strong></span> <span class='ocrx_word' id='word_1_278' title='bbox 1966 2142 2094 2196; x_wconf 88' lang='lat' dir='ltr'><strong>Ser-</strong></span> 
     </span>
    </p>
   </div>
   <div class='ocr_carea' id='block_1_39' title="bbox 513 2235 2087 2308">
    <p class='ocr_par' dir='ltr' id='par_1_39' title="bbox 513 2235 2087 2308">
     <span class='ocr_line' id='line_1_39' title="bbox 513 2235 2087 2308; baseline -0.006 -11"><span class='ocrx_word' id='word_1_279' title='bbox 513 2242 717 2307; x_wconf 84' lang='lat' dir='ltr'><strong>vatoris</strong></span> <span class='ocrx_word' id='word_1_280' title='bbox 732 2241 1043 2302; x_wconf 88' lang='lat' dir='ltr'><strong>adventum,</strong></span> <span class='ocrx_word' id='word_1_281' title='bbox 1062 2237 1291 2308; x_wconf 76' lang='lat' dir='ltr'><strong>gratiam</strong></span> <span class='ocrx_word' id='word_1_282' title='bbox 1312 2236 1521 2290; x_wconf 88' lang='lat' dir='ltr'><strong>scilicet</strong></span> <span class='ocrx_word' id='word_1_283' title='bbox 1541 2235 1802 2289; x_wconf 89' lang='lat' dir='ltr'><strong>adventus</strong></span> <span class='ocrx_word' id='word_1_284' title='bbox 1821 2235 1874 2289; x_wconf 92' lang='lat' dir='ltr'><strong>in</strong></span> <span class='ocrx_word' id='word_1_285' title='bbox 1899 2250 2087 2297; x_wconf 87' lang='lat' dir='ltr'><strong>carne,</strong></span> 
     </span>
    </p>
   </div>
   <div class='ocr_carea' id='block_1_40' title="bbox 518 2326 2090 2402">
    <p class='ocr_par' dir='ltr' id='par_1_40' title="bbox 518 2326 2090 2402">
     <span class='ocr_line' id='line_1_40' title="bbox 518 2326 2090 2402; baseline -0.008 -11"><span class='ocrx_word' id='word_1_286' title='bbox 518 2351 624 2392; x_wconf 87' lang='lat' dir='ltr'><strong>non</strong></span> <span class='ocrx_word' id='word_1_287' title='bbox 658 2334 962 2402; x_wconf 74' lang='lat' dir='ltr'><strong>reciperent</strong></span> <span class='ocrx_word' id='word_1_288' title='bbox 1001 2349 1015 2384; x_wconf 90' lang='lat'><strong>:</strong></span> <span class='ocrx_word' id='word_1_289' title='bbox 1072 2329 1377 2383; x_wconf 86' lang='lat' dir='ltr'><strong>necessario</strong></span> <span class='ocrx_word' id='word_1_290' title='bbox 1397 2327 1651 2397; x_wconf 89' lang='lat' dir='ltr'><strong>propheta</strong></span> <span class='ocrx_word' id='word_1_291' title='bbox 1676 2327 1896 2381; x_wconf 88' lang='lat' dir='ltr'><strong>minime</strong></span> <span class='ocrx_word' id='word_1_292' title='bbox 1910 2328 1988 2381; x_wconf 91' lang='lat' dir='ltr'><strong>sic</strong></span> <span class='ocrx_word' id='word_1_293' title='bbox 2013 2326 2090 2379; x_wconf 78' lang='lat' dir='ltr'><strong>al-</strong></span> 
     </span>
    </p>
   </div>
   <div class='ocr_carea' id='block_1_41' title="bbox 464 2419 2086 2488">
    <p class='ocr_par' dir='ltr' id='par_1_41' title="bbox 464 2419 2086 2488">
     <span class='ocr_line' id='line_1_41' title="bbox 464 2419 2086 2488; baseline -0.003 -10"><span class='ocrx_word' id='word_1_294' title='bbox 464 2466 491 2475; x_wconf 65' lang='lat'><strong>-.</strong></span> <span class='ocrx_word' id='word_1_295' title='bbox 514 2426 709 2481; x_wconf 82' lang='lat' dir='ltr'><strong>fectum</strong></span> <span class='ocrx_word' id='word_1_296' title='bbox 728 2439 847 2479; x_wconf 88' lang='lat' dir='ltr'><strong>esse</strong></span> <span class='ocrx_word' id='word_1_297' title='bbox 867 2422 1238 2477; x_wconf 88' lang='lat' dir='ltr'><strong>universorum</strong></span> <span class='ocrx_word' id='word_1_298' title='bbox 1260 2421 1425 2473; x_wconf 87' lang='lat' dir='ltr'><strong>Deum</strong></span> <span class='ocrx_word' id='word_1_299' title='bbox 1448 2421 1798 2483; x_wconf 87' lang='lat' dir='ltr'><strong>demonstrat,</strong></span> <span class='ocrx_word' id='word_1_300' title='bbox 1815 2419 2086 2488; x_wconf 88' lang='lat' dir='ltr'><strong>inquiens:</strong></span> 
     </span>
    </p>
   </div>
   <div class='ocr_carea' id='block_1_42' title="bbox 516 2511 2091 2584">
    <p class='ocr_par' dir='ltr' id='par_1_42' title="bbox 516 2511 2091 2584">
     <span class='ocr_line' id='line_1_42' title="bbox 516 2511 2091 2584; baseline -0.004 -12"><span class='ocrx_word' id='word_1_301' title='bbox 516 2540 535 2572; x_wconf 76' lang='grc' dir='ltr'><strong>ι</strong></span> <span class='ocrx_word' id='word_1_302' title='bbox 564 2518 775 2572; x_wconf 84' lang='lat' dir='ltr'><strong>Dimisit</strong></span> <span class='ocrx_word' id='word_1_303' title='bbox 808 2516 951 2570; x_wconf 90' lang='lat' dir='ltr'><strong>enim</strong></span> <span class='ocrx_word' id='word_1_304' title='bbox 985 2513 1235 2584; x_wconf 91' lang='lat' dir='ltr'><strong>populum</strong></span> <span class='ocrx_word' id='word_1_305' title='bbox 1259 2526 1439 2575; x_wconf 86' lang='lat' dir='ltr'><strong>suum,</strong></span> <span class='ocrx_word' id='word_1_306' title='bbox 1462 2513 1677 2567; x_wconf 91' lang='lat' dir='ltr'><strong>domum</strong></span> <span class='ocrx_word' id='word_1_307' title='bbox 1703 2512 1885 2566; x_wconf 89' lang='lat' dir='ltr'><strong>Israel.</strong></span> <span class='ocrx_word' id='word_1_308' title='bbox 1907 2530 1926 2562; x_wconf 74' lang='grc' dir='ltr'><strong>ι</strong></span> <span class='ocrx_word' id='word_1_309' title='bbox 1962 2511 2091 2567; x_wconf 86' lang='lat' dir='ltr'><strong>Tale</strong></span> 
     </span>
    </p>
   </div>
   <div class='ocr_carea' id='block_1_43' title="bbox 512 2604 2086 2679">
    <p class='ocr_par' dir='ltr' id='par_1_43' title="bbox 512 2604 2086 2679">
     <span class='ocr_line' id='line_1_43' title="bbox 512 2604 2086 2679; baseline -0.003 -17"><span class='ocrx_word' id='word_1_310' title='bbox 512 2613 636 2679; x_wconf 90' lang='lat' dir='ltr'><strong>quid</strong></span> <span class='ocrx_word' id='word_1_311' title='bbox 668 2625 760 2678; x_wconf 89' lang='lat' dir='ltr'><strong>per</strong></span> <span class='ocrx_word' id='word_1_312' title='bbox 792 2609 1019 2662; x_wconf 87' lang='lat' dir='ltr'><strong>alterum</strong></span> <span class='ocrx_word' id='word_1_313' title='bbox 1051 2620 1265 2674; x_wconf 90' lang='lat' dir='ltr'><strong>quoque</strong></span> <span class='ocrx_word' id='word_1_314' title='bbox 1286 2606 1605 2674; x_wconf 83' lang='lat' dir='ltr'><strong>prOphetain</strong></span> <span class='ocrx_word' id='word_1_315' title='bbox 1641 2604 1773 2658; x_wconf 87' lang='lat' dir='ltr'><strong>dicit</strong></span> <span class='ocrx_word' id='word_1_316' title='bbox 1803 2604 2086 2658; x_wconf 86' lang='lat' dir='ltr'><strong>universo-</strong></span> 
     </span>
    </p>
   </div>
   <div class='ocr_carea' id='block_1_44' title="bbox 513 2696 2091 2767">
    <p class='ocr_par' dir='ltr' id='par_1_44' title="bbox 513 2696 2091 2767">
     <span class='ocr_line' id='line_1_44' title="bbox 513 2696 2091 2767; baseline -0.003 -13"><span class='ocrx_word' id='word_1_317' title='bbox 513 2718 630 2755; x_wconf 91' lang='lat' dir='ltr'><strong>rum</strong></span> <span class='ocrx_word' id='word_1_318' title='bbox 653 2703 807 2767; x_wconf 86' lang='lat' dir='ltr'><strong>Deus,</strong></span> <span class='ocrx_word' id='word_1_319' title='bbox 826 2699 1128 2752; x_wconf 72' lang='lat' dir='ltr'><strong>Jndzeorum</strong></span> <span class='ocrx_word' id='word_1_320' title='bbox 1148 2696 1488 2765; x_wconf 91' lang='lat' dir='ltr'><strong>supercilium</strong></span> <span class='ocrx_word' id='word_1_321' title='bbox 1511 2696 1833 2764; x_wconf 87' lang='lat' dir='ltr'><strong>deprimens,</strong></span> <span class='ocrx_word' id='word_1_322' title='bbox 1852 2705 1905 2750; x_wconf 91' lang='lat' dir='ltr'><strong>et</strong></span> <span class='ocrx_word' id='word_1_323' title='bbox 1923 2696 2091 2750; x_wconf 88' lang='lat' dir='ltr'><strong>insul-</strong></span> 
     </span>
    </p>
   </div>
   <div class='ocr_carea' id='block_1_45' title="bbox 511 2789 2088 2858">
    <p class='ocr_par' dir='ltr' id='par_1_45' title="bbox 511 2789 2088 2858">
     <span class='ocr_line' id='line_1_45' title="bbox 511 2789 2088 2858; baseline -0.002 -11"><span class='ocrx_word' id='word_1_324' title='bbox 511 2808 603 2847; x_wconf 91' lang='lat' dir='ltr'><strong>sos</strong></span> <span class='ocrx_word' id='word_1_325' title='bbox 628 2791 744 2845; x_wconf 90' lang='lat' dir='ltr'><strong>illos</strong></span> <span class='ocrx_word' id='word_1_326' title='bbox 785 2806 903 2845; x_wconf 85' lang='lat' dir='ltr'><strong>esse</strong></span> <span class='ocrx_word' id='word_1_327' title='bbox 944 2804 1260 2857; x_wconf 83' lang='lat' dir='ltr'><strong>coargucns.</strong></span> <span class='ocrx_word' id='word_1_328' title='bbox 1304 2789 1537 2853; x_wconf 89' lang='lat' dir='ltr'><strong>Etenim,</strong></span> <span class='ocrx_word' id='word_1_329' title='bbox 1578 2790 1772 2858; x_wconf 87' lang='lat' dir='ltr'><strong>inquit,</strong></span> <span class='ocrx_word' id='word_1_330' title='bbox 1802 2792 2088 2858; x_wconf 81' lang='lat' dir='ltr'><strong>concupie—</strong></span> 
     </span>
    </p>
   </div>
   <div class='ocr_carea' id='block_1_46' title="bbox 514 2880 2089 2953">
    <p class='ocr_par' dir='ltr' id='par_1_46' title="bbox 514 2880 2089 2953">
     <span class='ocr_line' id='line_1_46' title="bbox 514 2880 2089 2953; baseline -0.003 -15"><span class='ocrx_word' id='word_1_331' title='bbox 514 2893 639 2939; x_wconf 86' lang='lat' dir='ltr'><strong>runt</strong></span> <span class='ocrx_word' id='word_1_332' title='bbox 668 2898 849 2953; x_wconf 81' lang='lat' dir='ltr'><strong>agros,</strong></span> <span class='ocrx_word' id='word_1_333' title='bbox 881 2891 933 2935; x_wconf 91' lang='lat' dir='ltr'><strong>et</strong></span> <span class='ocrx_word' id='word_1_334' title='bbox 966 2890 1257 2949; x_wconf 90' lang='lat' dir='ltr'><strong>rapuerunt</strong></span> <span class='ocrx_word' id='word_1_335' title='bbox 1288 2880 1537 2949; x_wconf 89' lang='lat' dir='ltr'><strong>pupillos.</strong></span> <span class='ocrx_word' id='word_1_336' title='bbox 1566 2889 1618 2935; x_wconf 92' lang='lat' dir='ltr'><strong>et</strong></span> <span class='ocrx_word' id='word_1_337' title='bbox 1642 2882 1826 2935; x_wconf 90' lang='lat' dir='ltr'><strong>domos</strong></span> <span class='ocrx_word' id='word_1_338' title='bbox 1855 2881 1903 2934; x_wconf 91' lang='lat' dir='ltr'><strong>vi</strong></span> <span class='ocrx_word' id='word_1_339' title='bbox 1934 2896 2089 2934; x_wconf 90' lang='lat' dir='ltr'><strong>occu-</strong></span> 
     </span>
    </p>
   </div>
   <div class='ocr_carea' id='block_1_47' title="bbox 512 2972 2081 3046">
    <p class='ocr_par' dir='ltr' id='par_1_47' title="bbox 512 2972 2081 3046">
     <span class='ocr_line' id='line_1_47' title="bbox 512 2972 2081 3046; baseline -0.001 -16"><span class='ocrx_word' id='word_1_340' title='bbox 512 2986 724 3046; x_wconf 88' lang='lat' dir='ltr'><strong>parunt,</strong></span> <span class='ocrx_word' id='word_1_341' title='bbox 770 2986 824 3028; x_wconf 88' lang='lat' dir='ltr'><strong>et</strong></span> <span class='ocrx_word' id='word_1_342' title='bbox 862 2978 914 3028; x_wconf 90' lang='lat' dir='ltr'><strong>in</strong></span> <span class='ocrx_word' id='word_1_343' title='bbox 952 2972 1233 3026; x_wconf 89' lang='lat' dir='ltr'><strong>Dominum</strong></span> <span class='ocrx_word' id='word_1_344' title='bbox 1280 2987 1339 3025; x_wconf 87' lang='lat' dir='ltr'><strong>se</strong></span> <span class='ocrx_word' id='word_1_345' title='bbox 1412 2972 1742 3037; x_wconf 83' lang='lat' dir='ltr'><strong>extulerunt,</strong></span> <span class='ocrx_word' id='word_1_346' title='bbox 1806 2974 2081 3028; x_wconf 88' lang='lat' dir='ltr'><strong>dicentes:</strong></span> 
     </span>
    </p>
   </div>
   <div class='ocr_carea' id='block_1_48' title="bbox 516 3063 2083 3121">
    <p class='ocr_par' dir='ltr' id='par_1_48' title="bbox 516 3063 2083 3121">
     <span class='ocr_line' id='line_1_48' title="bbox 516 3063 2083 3121; baseline -0.001 0"><span class='ocrx_word' id='word_1_347' title='bbox 516 3088 535 3121; x_wconf 84' lang='grc'><strong>(</strong></span> <span class='ocrx_word' id='word_1_348' title='bbox 576 3068 763 3121; x_wconf 85' lang='lat' dir='ltr'><strong>Nonne</strong></span> <span class='ocrx_word' id='word_1_349' title='bbox 792 3066 1053 3120; x_wconf 92' lang='lat' dir='ltr'><strong>Dominus</strong></span> <span class='ocrx_word' id='word_1_350' title='bbox 1082 3065 1132 3117; x_wconf 94' lang='lat' dir='ltr'><strong>in</strong></span> <span class='ocrx_word' id='word_1_351' title='bbox 1176 3063 1328 3117; x_wconf 91' lang='lat' dir='ltr'><strong>nobis</strong></span> <span class='ocrx_word' id='word_1_352' title='bbox 1373 3064 1497 3118; x_wconf 82' lang='lat' dir='ltr'><strong>est?</strong></span> <span class='ocrx_word' id='word_1_353' title='bbox 1549 3078 1654 3117; x_wconf 91' lang='lat' dir='ltr'><strong>non</strong></span> <span class='ocrx_word' id='word_1_354' title='bbox 1689 3064 1939 3117; x_wconf 88' lang='lat' dir='ltr'><strong>invadent</strong></span> <span class='ocrx_word' id='word_1_355' title='bbox 1985 3078 2083 3119; x_wconf 90' lang='lat' dir='ltr'><strong>nos</strong></span> 
     </span>
    </p>
   </div>
   <div class='ocr_carea' id='block_1_49' title="bbox 511 3153 2073 3223">
    <p class='ocr_par' dir='ltr' id='par_1_49' title="bbox 511 3153 2073 3223">
     <span class='ocr_line' id='line_1_49' title="bbox 511 3153 2073 3223; baseline -0.003 -12"><span class='ocrx_word' id='word_1_356' title='bbox 511 3158 674 3211; x_wconf 83' lang='lat' dir='ltr'><strong>mala.</strong></span> <span class='ocrx_word' id='word_1_357' title='bbox 727 3156 955 3219; x_wconf 89' lang='lat' dir='ltr'><strong>Idcirco,</strong></span> <span class='ocrx_word' id='word_1_358' title='bbox 981 3163 1201 3223; x_wconf 89' lang='lat' dir='ltr'><strong>propter</strong></span> <span class='ocrx_word' id='word_1_359' title='bbox 1236 3169 1355 3221; x_wconf 91' lang='lat' dir='ltr'><strong>nos,</strong></span> <span class='ocrx_word' id='word_1_360' title='bbox 1404 3153 1533 3207; x_wconf 78' lang='lat' dir='ltr'><strong>Sion</strong></span> <span class='ocrx_word' id='word_1_361' title='bbox 1574 3161 1633 3207; x_wconf 92' lang='lat' dir='ltr'><strong>ut</strong></span> <span class='ocrx_word' id='word_1_362' title='bbox 1664 3168 1794 3223; x_wconf 88' lang='lat' dir='ltr'><strong>ager</strong></span> <span class='ocrx_word' id='word_1_363' title='bbox 1816 3154 2073 3219; x_wconf 89' lang='lat' dir='ltr'><strong>arabitur,</strong></span> 
     </span>
    </p>
   </div>
   <div class='ocr_carea' id='block_1_50' title="bbox 509 3244 2077 3314">
    <p class='ocr_par' dir='ltr' id='par_1_50' title="bbox 509 3244 2077 3314">
     <span class='ocr_line' id='line_1_50' title="bbox 509 3244 2077 3314; baseline -0.001 -14"><span class='ocrx_word' id='word_1_364' title='bbox 509 3258 564 3301; x_wconf 92' lang='lat' dir='ltr'><strong>et</strong></span> <span class='ocrx_word' id='word_1_365' title='bbox 610 3245 911 3300; x_wconf 83' lang='lat' dir='ltr'><strong>Jerusalem</strong></span> <span class='ocrx_word' id='word_1_366' title='bbox 942 3253 999 3298; x_wconf 92' lang='lat' dir='ltr'><strong>ut</strong></span> <span class='ocrx_word' id='word_1_367' title='bbox 1033 3258 1316 3314; x_wconf 89' lang='lat' dir='ltr'><strong>pomorum</strong></span> <span class='ocrx_word' id='word_1_368' title='bbox 1367 3244 1612 3298; x_wconf 88' lang='lat' dir='ltr'><strong>custodia</strong></span> <span class='ocrx_word' id='word_1_369' title='bbox 1648 3247 1771 3308; x_wconf 85' lang='lat' dir='ltr'><strong>erit,</strong></span> <span class='ocrx_word' id='word_1_370' title='bbox 1816 3254 1871 3298; x_wconf 91' lang='lat' dir='ltr'><strong>et</strong></span> <span class='ocrx_word' id='word_1_371' title='bbox 1923 3260 2077 3301; x_wconf 91' lang='lat' dir='ltr'><strong>mons</strong></span> 
     </span>
    </p>
   </div>
   <div class='ocr_carea' id='block_1_51' title="bbox 510 3333 2079 3405">
    <p class='ocr_par' dir='ltr' id='par_1_51' title="bbox 510 3333 2079 3405">
     <span class='ocr_line' id='line_1_51' title="bbox 510 3333 2079 3405; baseline -0.001 -13"><span class='ocrx_word' id='word_1_372' title='bbox 510 3338 718 3392; x_wconf 84' lang='lat' dir='ltr'><strong>Domini</strong></span> <span class='ocrx_word' id='word_1_373' title='bbox 740 3344 993 3405; x_wconf 88' lang='lat' dir='ltr'><strong>tanquam</strong></span> <span class='ocrx_word' id='word_1_374' title='bbox 1032 3334 1199 3389; x_wconf 88' lang='lat' dir='ltr'><strong>saltus</strong></span> <span class='ocrx_word' id='word_1_375' title='bbox 1225 3334 1371 3389; x_wconf 65' lang='lat' dir='ltr'><strong>silvae</strong></span> <span class='ocrx_word' id='word_1_376' title='bbox 1400 3333 1466 3388; x_wconf 83' lang='lat'><strong>’°.</strong></span> <span class='ocrx_word' id='word_1_377' title='bbox 1496 3352 1514 3385; x_wconf 72' lang='grc' dir='ltr'><strong>ι</strong></span> <span class='ocrx_word' id='word_1_378' title='bbox 1553 3334 1608 3389; x_wconf 86' lang='lat' dir='ltr'><strong>Si</strong></span> <span class='ocrx_word' id='word_1_379' title='bbox 1645 3349 1750 3389; x_wconf 90' lang='lat' dir='ltr'><strong>non</strong></span> <span class='ocrx_word' id='word_1_380' title='bbox 1787 3334 1969 3404; x_wconf 84' lang='lat' dir='ltr'><strong>igitur,</strong></span> <span class='ocrx_word' id='word_1_381' title='bbox 1999 3339 2079 3391; x_wconf 90' lang='lat' dir='ltr'><strong>in-</strong></span> 
     </span>
    </p>
   </div>
   <div class='ocr_carea' id='block_1_52' title="bbox 508 3426 2076 3500">
    <p class='ocr_par' dir='ltr' id='par_1_52' title="bbox 508 3426 2076 3500">
     <span class='ocr_line' id='line_1_52' title="bbox 508 3426 2076 3500; baseline 0.001 -19"><span class='ocrx_word' id='word_1_382' title='bbox 508 3431 666 3500; x_wconf 85' lang='lat' dir='ltr'><strong>quit,</strong></span> <span class='ocrx_word' id='word_1_383' title='bbox 731 3444 836 3482; x_wconf 91' lang='lat' dir='ltr'><strong>una</strong></span> <span class='ocrx_word' id='word_1_384' title='bbox 896 3428 1175 3482; x_wconf 88' lang='lat' dir='ltr'><strong>nobiscum</strong></span> <span class='ocrx_word' id='word_1_385' title='bbox 1228 3426 1547 3482; x_wconf 86' lang='lat' dir='ltr'><strong>desideratis</strong></span> <span class='ocrx_word' id='word_1_386' title='bbox 1601 3428 1653 3480; x_wconf 91' lang='lat' dir='ltr'><strong>in</strong></span> <span class='ocrx_word' id='word_1_387' title='bbox 1704 3426 1823 3481; x_wconf 90' lang='lat' dir='ltr'><strong>luce</strong></span> <span class='ocrx_word' id='word_1_388' title='bbox 1868 3428 2076 3483; x_wconf 91' lang='lat' dir='ltr'><strong>Domini</strong></span> 
     </span>
    </p>
   </div>
   <div class='ocr_carea' id='block_1_53' title="bbox 507 3518 2074 3589">
    <p class='ocr_par' dir='ltr' id='par_1_53' title="bbox 507 3518 2074 3589">
     <span class='ocr_line' id='line_1_53' title="bbox 507 3518 2074 3589; baseline -0.002 -13"><span class='ocrx_word' id='word_1_389' title='bbox 507 3521 809 3585; x_wconf 86' lang='lat' dir='ltr'><strong>ambulare,</strong></span> <span class='ocrx_word' id='word_1_390' title='bbox 866 3519 919 3574; x_wconf 89' lang='lat' dir='ltr'><strong>id</strong></span> <span class='ocrx_word' id='word_1_391' title='bbox 982 3531 1086 3586; x_wconf 88' lang='lat' dir='ltr'><strong>est,</strong></span> <span class='ocrx_word' id='word_1_392' title='bbox 1126 3519 1171 3573; x_wconf 92' lang='lat' dir='ltr'><strong>si</strong></span> <span class='ocrx_word' id='word_1_393' title='bbox 1208 3534 1303 3589; x_wconf 90' lang='lat' dir='ltr'><strong>per</strong></span> <span class='ocrx_word' id='word_1_394' title='bbox 1327 3518 1598 3574; x_wconf 79' lang='lat' dir='ltr'><strong>Christum</strong></span> <span class='ocrx_word' id='word_1_395' title='bbox 1636 3519 2074 3587; x_wconf 64' lang='lat' dir='ltr'><strong>prmdicatiouem</strong></span> 
     </span>
    </p>
   </div>
   <div class='ocr_carea' id='block_1_54' title="bbox 507 3610 2075 3684">
    <p class='ocr_par' dir='ltr' id='par_1_54' title="bbox 507 3610 2075 3684">
     <span class='ocr_line' id='line_1_54' title="bbox 507 3610 2075 3684; baseline -0.003 -15"><span class='ocrx_word' id='word_1_396' title='bbox 507 3613 753 3684; x_wconf 69' lang='lat' dir='ltr'><strong>t-ejicilis.</strong></span> <span class='ocrx_word' id='word_1_397' title='bbox 793 3621 851 3667; x_wconf 90' lang='lat' dir='ltr'><strong>et</strong></span> <span class='ocrx_word' id='word_1_398' title='bbox 886 3610 1298 3666; x_wconf 89' lang='lat' dir='ltr'><strong>illustrationem</strong></span> <span class='ocrx_word' id='word_1_399' title='bbox 1328 3610 1498 3679; x_wconf 88' lang='lat' dir='ltr'><strong>ipsius</strong></span> <span class='ocrx_word' id='word_1_400' title='bbox 1530 3610 1855 3666; x_wconf 86' lang='lat' dir='ltr'><strong>aversamini</strong></span> <span class='ocrx_word' id='word_1_401' title='bbox 1880 3629 1893 3664; x_wconf 91' lang='lat'><strong>:</strong></span> <span class='ocrx_word' id='word_1_402' title='bbox 1923 3627 2075 3680; x_wconf 88' lang='lat' dir='ltr'><strong>pror-</strong></span> 
     </span>
    </p>
   </div>
   <div class='ocr_carea' id='block_1_55' title="bbox 505 3701 2077 3774">
    <p class='ocr_par' dir='ltr' id='par_1_55' title="bbox 505 3701 2077 3774">
     <span class='ocr_line' id='line_1_55' title="bbox 505 3701 2077 3774; baseline -0.002 -14"><span class='ocrx_word' id='word_1_403' title='bbox 505 3720 601 3760; x_wconf 83' lang='lat' dir='ltr'><strong>sus</strong></span> <span class='ocrx_word' id='word_1_404' title='bbox 629 3703 949 3774; x_wconf 89' lang='lat' dir='ltr'><strong>penitusque</strong></span> <span class='ocrx_word' id='word_1_405' title='bbox 992 3710 1046 3757; x_wconf 89' lang='lat' dir='ltr'><strong>et</strong></span> <span class='ocrx_word' id='word_1_406' title='bbox 1071 3702 1186 3771; x_wconf 91' lang='lat' dir='ltr'><strong>ipse</strong></span> <span class='ocrx_word' id='word_1_407' title='bbox 1223 3716 1379 3755; x_wconf 92' lang='lat' dir='ltr'><strong>suum</strong></span> <span class='ocrx_word' id='word_1_408' title='bbox 1430 3701 1687 3770; x_wconf 91' lang='lat' dir='ltr'><strong>populum</strong></span> <span class='ocrx_word' id='word_1_409' title='bbox 1726 3701 1978 3757; x_wconf 88' lang='lat' dir='ltr'><strong>dimittet.</strong></span> <span class='ocrx_word' id='word_1_410' title='bbox 2011 3701 2077 3756; x_wconf 86' lang='lat' dir='ltr'><strong>Et</strong></span> 
     </span>
    </p>
   </div>
   <div class='ocr_carea' id='block_1_56' title="bbox 504 3791 2077 3861">
    <p class='ocr_par' dir='ltr' id='par_1_56' title="bbox 504 3791 2077 3861">
     <span class='ocr_line' id='line_1_56' title="bbox 504 3791 2077 3861; baseline -0.001 -11"><span class='ocrx_word' id='word_1_411' title='bbox 504 3795 612 3850; x_wconf 84' lang='lat' dir='ltr'><strong>hoc</strong></span> <span class='ocrx_word' id='word_1_412' title='bbox 659 3804 745 3849; x_wconf 89' lang='lat' dir='ltr'><strong>est</strong></span> <span class='ocrx_word' id='word_1_413' title='bbox 786 3794 988 3848; x_wconf 87' lang='lat' dir='ltr'><strong>diserte</strong></span> <span class='ocrx_word' id='word_1_414' title='bbox 1046 3792 1189 3861; x_wconf 90' lang='lat' dir='ltr'><strong>quod</strong></span> <span class='ocrx_word' id='word_1_415' title='bbox 1247 3791 1380 3846; x_wconf 78' lang='lat' dir='ltr'><strong>dixit</strong></span> <span class='ocrx_word' id='word_1_416' title='bbox 1443 3792 1547 3847; x_wconf 87' lang='lat' dir='ltr'><strong>illis</strong></span> <span class='ocrx_word' id='word_1_417' title='bbox 1577 3792 1835 3847; x_wconf 90' lang='lat' dir='ltr'><strong>Dominus</strong></span> <span class='ocrx_word' id='word_1_418' title='bbox 1893 3804 2077 3849; x_wconf 89' lang='lat' dir='ltr'><strong>noster</strong></span> 
     </span>
    </p>
   </div>
   <div class='ocr_carea' id='block_1_57' title="bbox 505 3882 2077 3955">
    <p class='ocr_par' dir='ltr' id='par_1_57' title="bbox 505 3882 2077 3955">
     <span class='ocr_line' id='line_1_57' title="bbox 505 3882 2077 3955; baseline 0 -13"><span class='ocrx_word' id='word_1_419' title='bbox 505 3888 664 3942; x_wconf 89' lang='lat' dir='ltr'><strong>Jesus</strong></span> <span class='ocrx_word' id='word_1_420' title='bbox 686 3886 936 3942; x_wconf 86' lang='lat' dir='ltr'><strong>Christus</strong></span> <span class='ocrx_word' id='word_1_421' title='bbox 972 3902 987 3939; x_wconf 89' lang='lat'><strong>:</strong></span> <span class='ocrx_word' id='word_1_422' title='bbox 1025 3902 1043 3936; x_wconf 81' lang='grc' dir='ltr'><strong>ι</strong></span> <span class='ocrx_word' id='word_1_423' title='bbox 1080 3883 1400 3947; x_wconf 81' lang='lat' dir='ltr'><strong>Jerusalem,</strong></span> <span class='ocrx_word' id='word_1_424' title='bbox 1446 3882 1765 3950; x_wconf 86' lang='lat' dir='ltr'><strong>Jerusalem,</strong></span> <span class='ocrx_word' id='word_1_425' title='bbox 1814 3901 1933 3955; x_wconf 72' lang='lat' dir='ltr'><strong>quae</strong></span> <span class='ocrx_word' id='word_1_426' title='bbox 1983 3902 2077 3943; x_wconf 84' lang='lat' dir='ltr'><strong>oc-</strong></span> 
     </span>
    </p>
   </div>
   <div class='ocr_carea' id='block_1_58' title="bbox 507 3977 2076 4052">
    <p class='ocr_par' dir='ltr' id='par_1_58' title="bbox 507 3977 2076 4052">
     <span class='ocr_line' id='line_1_58' title="bbox 507 3977 2076 4052; baseline -0.003 -16"><span class='ocrx_word' id='word_1_427' title='bbox 507 3983 643 4037; x_wconf 92' lang='lat' dir='ltr'><strong>cidis</strong></span> <span class='ocrx_word' id='word_1_428' title='bbox 674 3979 986 4052; x_wconf 85' lang='lat' dir='ltr'><strong>prophetas,</strong></span> <span class='ocrx_word' id='word_1_429' title='bbox 1034 3988 1089 4032; x_wconf 89' lang='lat' dir='ltr'><strong>et</strong></span> <span class='ocrx_word' id='word_1_430' title='bbox 1137 3977 1343 4046; x_wconf 86' lang='lat' dir='ltr'><strong>lapidas</strong></span> <span class='ocrx_word' id='word_1_431' title='bbox 1392 3978 1586 4031; x_wconf 89' lang='lat' dir='ltr'><strong>missos</strong></span> <span class='ocrx_word' id='word_1_432' title='bbox 1626 3977 1700 4029; x_wconf 83' lang='lat' dir='ltr'><strong>ad-</strong></span> <span class='ocrx_word' id='word_1_433' title='bbox 1732 3985 1822 4043; x_wconf 92' lang='lat' dir='ltr'><strong>te;</strong></span> <span class='ocrx_word' id='word_1_434' title='bbox 1865 3980 2076 4047; x_wconf 88' lang='lat' dir='ltr'><strong>quoties</strong></span> 
     </span>
    </p>
   </div>
   <div class='ocr_carea' id='block_1_59' title="bbox 2191 1961 3761 2047">
    <p class='ocr_par' dir='ltr' id='par_1_59' title="bbox 2191 1961 3761 2047">
     <span class='ocr_line' id='line_1_59' title="bbox 2191 1961 3761 2047; baseline -0.012 -17"><span class='ocrx_word' id='word_1_435' title='bbox 2191 1976 2289 2047; x_wconf 86' lang='grc' dir='ltr'>τὴν</span> <span class='ocrx_word' id='word_1_436' title='bbox 2336 1976 2506 2046; x_wconf 82' lang='grc' dir='ltr'>ὀφρὺν</span> <span class='ocrx_word' id='word_1_437' title='bbox 2551 1974 2800 2045; x_wconf 85' lang='grc' dir='ltr'>ἀνασπᾷν</span> <span class='ocrx_word' id='word_1_438' title='bbox 2840 1970 3131 2042; x_wconf 79' lang='grc' dir='ltr'>ἐμελέτων,</span> <span class='ocrx_word' id='word_1_439' title='bbox 3171 1967 3247 2030; x_wconf 84' lang='grc' dir='ltr'>ὡς</span> <span class='ocrx_word' id='word_1_440' title='bbox 3300 1963 3588 2024; x_wconf 80' lang='grc' dir='ltr'>διἀὑτοὺς</span> <span class='ocrx_word' id='word_1_441' title='bbox 3623 1961 3761 2029; x_wconf 86' lang='grc' dir='ltr'>ἀγα-</span> 
     </span>
    </p>
   </div>
   <div class='ocr_carea' id='block_1_60' title="bbox 2192 2048 3757 2137">
    <p class='ocr_par' dir='ltr' id='par_1_60' title="bbox 2192 2048 3757 2137">
     <span class='ocr_line' id='line_1_60' title="bbox 2192 2048 3757 2137; baseline -0.013 -18"><span class='ocrx_word' id='word_1_442' title='bbox 2192 2068 2455 2137; x_wconf 83' lang='grc' dir='ltr'>πώμενοι,</span> <span class='ocrx_word' id='word_1_443' title='bbox 2504 2064 2663 2136; x_wconf 85' lang='grc' dir='ltr'>μερίς</span> <span class='ocrx_word' id='word_1_444' title='bbox 2689 2080 2751 2117; x_wconf 88' lang='grc' dir='ltr'><strong>τε</strong></span> <span class='ocrx_word' id='word_1_445' title='bbox 2789 2063 2884 2115; x_wconf 77' lang='grc' dir='ltr'>καὶ</span> <span class='ocrx_word' id='word_1_446' title='bbox 2938 2059 3139 2130; x_wconf 86' lang='grc' dir='ltr'>κλῆρος</span> <span class='ocrx_word' id='word_1_447' title='bbox 3186 2051 3612 2127; x_wconf 77' lang='grc' dir='ltr'>χρηματίζοντες</span> <span class='ocrx_word' id='word_1_448' title='bbox 3663 2048 3757 2100; x_wconf 88' lang='grc' dir='ltr'><strong>τοῦ</strong></span> 
     </span>
    </p>
   </div>
   <div class='ocr_carea' id='block_1_61' title="bbox 2190 2137 3758 2227">
    <p class='ocr_par' dir='ltr' id='par_1_61' title="bbox 2190 2137 3758 2227">
     <span class='ocr_line' id='line_1_61' title="bbox 2190 2137 3758 2227; baseline -0.015 -14"><span class='ocrx_word' id='word_1_449' title='bbox 2190 2159 2346 2227; x_wconf 85' lang='grc' dir='ltr'>Θεοῦ,</span> <span class='ocrx_word' id='word_1_450' title='bbox 2378 2159 2474 2211; x_wconf 70' lang='grc' dir='ltr'>καὶ</span> <span class='ocrx_word' id='word_1_451' title='bbox 2514 2157 2642 2220; x_wconf 85' lang='grc' dir='ltr'>λαὸς</span> <span class='ocrx_word' id='word_1_452' title='bbox 2685 2156 2840 2224; x_wconf 75' lang='grc' dir='ltr'>ἅγιος</span> <span class='ocrx_word' id='word_1_453' title='bbox 2892 2153 2987 2206; x_wconf 66' lang='grc' dir='ltr'>καὶ</span> <span class='ocrx_word' id='word_1_454' title='bbox 3021 2150 3337 2210; x_wconf 85' lang='grc' dir='ltr'>ἀπόλεκτος·</span> <span class='ocrx_word' id='word_1_455' title='bbox 3372 2140 3492 2198; x_wconf 76' lang='grc' dir='ltr'>εἶτα</span> <span class='ocrx_word' id='word_1_456' title='bbox 3532 2137 3758 2213; x_wconf 87' lang='grc' dir='ltr'>ληροῦν-</span> 
     </span>
    </p>
   </div>
   <div class='ocr_carea' id='block_1_62' title="bbox 2189 2228 3759 2321">
    <p class='ocr_par' dir='ltr' id='par_1_62' title="bbox 2189 2228 3759 2321">
     <span class='ocr_line' id='line_1_62' title="bbox 2189 2228 3759 2321; baseline -0.015 -17"><span class='ocrx_word' id='word_1_457' title='bbox 2189 2268 2280 2315; x_wconf 89' lang='grc' dir='ltr'><strong>τες</strong></span> <span class='ocrx_word' id='word_1_458' title='bbox 2328 2249 2496 2321; x_wconf 80' lang='grc' dir='ltr'>ᾡοντο</span> <span class='ocrx_word' id='word_1_459' title='bbox 2550 2247 2725 2317; x_wconf 86' lang='grc' dir='ltr'>πάντη</span> <span class='ocrx_word' id='word_1_460' title='bbox 2768 2262 2828 2297; x_wconf 87' lang='grc' dir='ltr'><strong>τε</strong></span> <span class='ocrx_word' id='word_1_461' title='bbox 2886 2244 2980 2297; x_wconf 74' lang='grc' dir='ltr'>καὶ</span> <span class='ocrx_word' id='word_1_462' title='bbox 3027 2242 3244 2303; x_wconf 85' lang='grc' dir='ltr'>πάντως</span> <span class='ocrx_word' id='word_1_463' title='bbox 3287 2241 3344 2290; x_wconf 81' lang='grc' dir='ltr'>ὲν</span> <span class='ocrx_word' id='word_1_464' title='bbox 3388 2231 3627 2305; x_wconf 79' lang='grc' dir='ltr'>φροντίδι</span> <span class='ocrx_word' id='word_1_465' title='bbox 3664 2228 3759 2282; x_wconf 74' lang='grc' dir='ltr'>καὶ</span> 
     </span>
    </p>
   </div>
   <div class='ocr_carea' id='block_1_63' title="bbox 2190 2322 3757 2416">
    <p class='ocr_par' dir='ltr' id='par_1_63' title="bbox 2190 2322 3757 2416">
     <span class='ocr_line' id='line_1_63' title="bbox 2190 2322 3757 2416; baseline -0.015 -19"><span class='ocrx_word' id='word_1_466' title='bbox 2190 2345 2379 2416; x_wconf 79' lang='grc' dir='ltr'>ἀγάπῃ</span> <span class='ocrx_word' id='word_1_467' title='bbox 2409 2340 2620 2395; x_wconf 86' lang='grc' dir='ltr'>κεῖσθαι</span> <span class='ocrx_word' id='word_1_468' title='bbox 2666 2340 2731 2409; x_wconf 78' lang='grc' dir='ltr'>τῇ</span> <span class='ocrx_word' id='word_1_469' title='bbox 2772 2336 2923 2407; x_wconf 88' lang='grc' dir='ltr'><strong>παρά</strong></span> <span class='ocrx_word' id='word_1_470' title='bbox 2958 2335 3106 2406; x_wconf 66' lang='grc' dir='ltr'>Θεᾷγ</span> <span class='ocrx_word' id='word_1_471' title='bbox 3143 2333 3247 2387; x_wconf 80' lang='grc' dir='ltr'>κᾶν</span> <span class='ocrx_word' id='word_1_472' title='bbox 3286 2331 3334 2383; x_wconf 81' lang='grc' dir='ltr'>εἱ</span> <span class='ocrx_word' id='word_1_473' title='bbox 3375 2327 3544 2382; x_wconf 89' lang='grc' dir='ltr'>πολλά</span> <span class='ocrx_word' id='word_1_474' title='bbox 3587 2322 3757 2416; x_wconf 80' lang='grc' dir='ltr'>δρῷεν</span> 
     </span>
    </p>
   </div>
   <div class='ocr_carea' id='block_1_64' title="bbox 2189 2414 3758 2503">
    <p class='ocr_par' dir='ltr' id='par_1_64' title="bbox 2189 2414 3758 2503">
     <span class='ocr_line' id='line_1_64' title="bbox 2189 2414 3758 2503; baseline -0.015 -15"><span class='ocrx_word' id='word_1_475' title='bbox 2189 2435 2259 2488; x_wconf 77' lang='grc' dir='ltr'><strong>τά</strong></span> <span class='ocrx_word' id='word_1_476' title='bbox 2310 2414 2674 2503; x_wconf 80' lang='grc' dir='ltr'>ἀπηχθημένα</span> <span class='ocrx_word' id='word_1_477' title='bbox 2716 2427 2900 2499; x_wconf 75' lang='grc' dir='ltr'>αὐτῷ’</span> <span class='ocrx_word' id='word_1_478' title='bbox 2956 2428 3060 2481; x_wconf 78' lang='grc' dir='ltr'>κᾶν</span> <span class='ocrx_word' id='word_1_479' title='bbox 3112 2427 3161 2478; x_wconf 79' lang='grc' dir='ltr'>εἰ</span> <span class='ocrx_word' id='word_1_480' title='bbox 3201 2423 3367 2495; x_wconf 83' lang='grc' dir='ltr'>μηδὲν</span> <span class='ocrx_word' id='word_1_481' title='bbox 3410 2420 3623 2490; x_wconf 81' lang='grc' dir='ltr'>ἡγοῖντο</span> <span class='ocrx_word' id='word_1_482' title='bbox 3664 2414 3758 2468; x_wconf 84' lang='grc' dir='ltr'>τὸν</span> 
     </span>
    </p>
   </div>
   <div class='ocr_carea' id='block_1_65' title="bbox 2188 2507 3757 2591">
    <p class='ocr_par' dir='ltr' id='par_1_65' title="bbox 2188 2507 3757 2591">
     <span class='ocr_line' id='line_1_65' title="bbox 2188 2507 3757 2591; baseline -0.011 -17"><span class='ocrx_word' id='word_1_483' title='bbox 2188 2520 2384 2591; x_wconf 87' lang='grc' dir='ltr'>νόμον·</span> <span class='ocrx_word' id='word_1_484' title='bbox 2422 2520 2526 2573; x_wconf 83' lang='grc' dir='ltr'>κᾶν</span> <span class='ocrx_word' id='word_1_485' title='bbox 2566 2520 2616 2571; x_wconf 87' lang='grc' dir='ltr'><strong>εί</strong></span> <span class='ocrx_word' id='word_1_486' title='bbox 2654 2516 2823 2585; x_wconf 80' lang='grc' dir='ltr'>αὐτὴν</span> <span class='ocrx_word' id='word_1_487' title='bbox 2858 2515 3174 2586; x_wconf 79' lang='grc' dir='ltr'>άτιμάζοειν</span> <span class='ocrx_word' id='word_1_488' title='bbox 3238 2513 3332 2566; x_wconf 70' lang='grc' dir='ltr'>καὶ</span> <span class='ocrx_word' id='word_1_489' title='bbox 3381 2507 3757 2581; x_wconf 89' lang='grc' dir='ltr'>ἀπαράδεκτον</span> 
     </span>
    </p>
   </div>
   <div class='ocr_carea' id='block_1_66' title="bbox 2191 2598 3753 2681">
    <p class='ocr_par' dir='ltr' id='par_1_66' title="bbox 2191 2598 3753 2681">
     <span class='ocr_line' id='line_1_66' title="bbox 2191 2598 3753 2681; baseline -0.009 -15"><span class='ocrx_word' id='word_1_490' title='bbox 2191 2614 2425 2667; x_wconf 86' lang='grc' dir='ltr'>ποιοῖντο</span> <span class='ocrx_word' id='word_1_491' title='bbox 2469 2610 2566 2681; x_wconf 81' lang='grc' dir='ltr'>τὴν</span> <span class='ocrx_word' id='word_1_492' title='bbox 2605 2608 2699 2663; x_wconf 89' lang='grc' dir='ltr'><strong>τοῦ</strong></span> <span class='ocrx_word' id='word_1_493' title='bbox 2760 2609 3008 2679; x_wconf 78' lang='grc' dir='ltr'>Σωτῆρος</span> <span class='ocrx_word' id='word_1_494' title='bbox 3072 2606 3389 2676; x_wconf 78' lang='grc' dir='ltr'>ἐπιδημίαν,</span> <span class='ocrx_word' id='word_1_495' title='bbox 3438 2603 3604 2674; x_wconf 76' lang='grc' dir='ltr'>ἡγουν</span> <span class='ocrx_word' id='word_1_496' title='bbox 3653 2598 3753 2667; x_wconf 79' lang='grc' dir='ltr'>τῆς</span> 
     </span>
    </p>
   </div>
   <div class='ocr_carea' id='block_1_67' title="bbox 2191 2692 3771 2777">
    <p class='ocr_par' dir='ltr' id='par_1_67' title="bbox 2191 2692 3771 2777">
     <span class='ocr_line' id='line_1_67' title="bbox 2191 2692 3771 2777; baseline -0.008 -19"><span class='ocrx_word' id='word_1_497' title='bbox 2191 2705 2330 2777; x_wconf 86' lang='grc' dir='ltr'>μετὰ</span> <span class='ocrx_word' id='word_1_498' title='bbox 2380 2704 2581 2776; x_wconf 83' lang='grc' dir='ltr'>σαρκὸς</span> <span class='ocrx_word' id='word_1_499' title='bbox 2635 2702 2946 2772; x_wconf 80' lang='grc' dir='ltr'>οἰκονομίας</span> <span class='ocrx_word' id='word_1_500' title='bbox 3004 2699 3101 2770; x_wconf 84' lang='grc' dir='ltr'>τὴν</span> <span class='ocrx_word' id='word_1_501' title='bbox 3150 2699 3327 2769; x_wconf 80' lang='grc' dir='ltr'>χάριν·</span> <span class='ocrx_word' id='word_1_502' title='bbox 3381 2692 3693 2762; x_wconf 82' lang='grc' dir='ltr'>ἀναγκαίως</span> <span class='ocrx_word' id='word_1_503' title='bbox 3726 2692 3771 2745; x_wconf 87' lang='lat'><em>6.</em></span> 
     </span>
    </p>
   </div>
   <div class='ocr_carea' id='block_1_68' title="bbox 2186 2784 3755 2867">
    <p class='ocr_par' dir='ltr' id='par_1_68' title="bbox 2186 2784 3755 2867">
     <span class='ocr_line' id='line_1_68' title="bbox 2186 2784 3755 2867; baseline -0.01 -17"><span class='ocrx_word' id='word_1_504' title='bbox 2186 2798 2472 2867; x_wconf 80' lang='grc' dir='ltr'>προφήτης</span> <span class='ocrx_word' id='word_1_505' title='bbox 2509 2796 2606 2865; x_wconf 83' lang='grc' dir='ltr'>οὐχ</span> <span class='ocrx_word' id='word_1_506' title='bbox 2650 2788 2752 2848; x_wconf 83' lang='grc' dir='ltr'>ὦδε</span> <span class='ocrx_word' id='word_1_507' title='bbox 2784 2793 2974 2863; x_wconf 79' lang='grc' dir='ltr'>ἔχοντα</span> <span class='ocrx_word' id='word_1_508' title='bbox 3005 2791 3095 2844; x_wconf 81' lang='grc' dir='ltr'>τὸν</span> <span class='ocrx_word' id='word_1_509' title='bbox 3124 2790 3228 2843; x_wconf 83' lang='grc' dir='ltr'>τῶν</span> <span class='ocrx_word' id='word_1_510' title='bbox 3260 2789 3394 2842; x_wconf 83' lang='grc' dir='ltr'>ὅλων</span> <span class='ocrx_word' id='word_1_511' title='bbox 3429 2784 3559 2839; x_wconf 83' lang='grc' dir='ltr'>Θεὸν</span> <span class='ocrx_word' id='word_1_512' title='bbox 3587 2800 3755 2836; x_wconf 59' lang='grc' dir='ltr'>κατα»</span> 
     </span>
    </p>
   </div>
   <div class='ocr_carea' id='block_1_69' title="bbox 2185 2875 3753 2954">
    <p class='ocr_par' dir='ltr' id='par_1_69' title="bbox 2185 2875 3753 2954">
     <span class='ocr_line' id='line_1_69' title="bbox 2185 2875 3753 2954; baseline -0.011 -12"><span class='ocrx_word' id='word_1_513' title='bbox 2185 2888 2436 2953; x_wconf 83' lang='grc' dir='ltr'>δεικνύει,</span> <span class='ocrx_word' id='word_1_514' title='bbox 2468 2888 2676 2954; x_wconf 79' lang='grc' dir='ltr'>λέγων’</span> <span class='ocrx_word' id='word_1_515' title='bbox 2714 2904 2733 2937; x_wconf 77' lang='grc' dir='ltr'><strong>ι</strong></span> <span class='ocrx_word' id='word_1_516' title='bbox 2783 2884 2979 2953; x_wconf 82' lang='grc' dir='ltr'>Ἀνῆκε</span> <span class='ocrx_word' id='word_1_517' title='bbox 3020 2882 3129 2953; x_wconf 83' lang='grc' dir='ltr'>γὰρ</span> <span class='ocrx_word' id='word_1_518' title='bbox 3160 2881 3250 2934; x_wconf 82' lang='grc' dir='ltr'>τὸν</span> <span class='ocrx_word' id='word_1_519' title='bbox 3282 2880 3408 2933; x_wconf 83' lang='grc' dir='ltr'>λαὸν</span> <span class='ocrx_word' id='word_1_520' title='bbox 3448 2876 3634 2940; x_wconf 82' lang='grc' dir='ltr'>αὑτοῦ,</span> <span class='ocrx_word' id='word_1_521' title='bbox 3662 2875 3753 2927; x_wconf 80' lang='grc' dir='ltr'>τὸν</span> 
     </span>
    </p>
   </div>
   <div class='ocr_carea' id='block_1_70' title="bbox 2185 2971 3755 3049">
    <p class='ocr_par' dir='ltr' id='par_1_70' title="bbox 2185 2971 3755 3049">
     <span class='ocr_line' id='line_1_70' title="bbox 2185 2971 3755 3049; baseline -0.009 -16"><span class='ocrx_word' id='word_1_522' title='bbox 2185 2975 2330 3032; x_wconf 76' lang='grc' dir='ltr'>οἶκον</span> <span class='ocrx_word' id='word_1_523' title='bbox 2362 2978 2456 3032; x_wconf 89' lang='grc' dir='ltr'><strong>τοῦ</strong></span> <span class='ocrx_word' id='word_1_524' title='bbox 2499 2977 2737 3049; x_wconf 86' lang='grc' dir='ltr'>Ἰσραήλ.</span> <span class='ocrx_word' id='word_1_525' title='bbox 2784 2994 2802 3027; x_wconf 76' lang='grc' dir='ltr'><strong>ι</strong></span> <span class='ocrx_word' id='word_1_526' title='bbox 2853 2974 3104 3027; x_wconf 85' lang='grc' dir='ltr'>Τοιοῦτόν</span> <span class='ocrx_word' id='word_1_527' title='bbox 3124 2991 3176 3026; x_wconf 90' lang='grc' dir='ltr'><strong>τι</strong></span> <span class='ocrx_word' id='word_1_528' title='bbox 3200 2972 3378 3025; x_wconf 70' lang='grc' dir='ltr'>καὶδι*</span> <span class='ocrx_word' id='word_1_529' title='bbox 3417 2971 3603 3041; x_wconf 82' lang='grc' dir='ltr'>ἐτέρου</span> <span class='ocrx_word' id='word_1_530' title='bbox 3628 2984 3755 3037; x_wconf 48' lang='grc' dir='ltr'>προ.</span> 
     </span>
    </p>
   </div>
   <div class='ocr_carea' id='block_1_71' title="bbox 2185 3057 3753 3139">
    <p class='ocr_par' dir='ltr' id='par_1_71' title="bbox 2185 3057 3753 3139">
     <span class='ocr_line' id='line_1_71' title="bbox 2185 3057 3753 3139; baseline -0.009 -17"><span class='ocrx_word' id='word_1_531' title='bbox 2185 3070 2355 3139; x_wconf 83' lang='grc' dir='ltr'>φήτου</span> <span class='ocrx_word' id='word_1_532' title='bbox 2414 3068 2577 3136; x_wconf 69' lang='grc' dir='ltr'>φησὶν</span> <span class='ocrx_word' id='word_1_533' title='bbox 2607 3068 2635 3117; x_wconf 97' lang='lat'><strong>6</strong></span> <span class='ocrx_word' id='word_1_534' title='bbox 2680 3064 2787 3117; x_wconf 79' lang='grc' dir='ltr'>τῶν</span> <span class='ocrx_word' id='word_1_535' title='bbox 2833 3063 2967 3116; x_wconf 83' lang='grc' dir='ltr'>ὅλων</span> <span class='ocrx_word' id='word_1_536' title='bbox 3000 3061 3150 3125; x_wconf 84' lang='grc' dir='ltr'>Θεὸς,</span> <span class='ocrx_word' id='word_1_537' title='bbox 3185 3061 3281 3130; x_wconf 82' lang='grc' dir='ltr'>τὴν</span> <span class='ocrx_word' id='word_1_538' title='bbox 3332 3059 3439 3112; x_wconf 83' lang='grc' dir='ltr'><strong>τῶν</strong></span> <span class='ocrx_word' id='word_1_539' title='bbox 3486 3057 3753 3111; x_wconf 82' lang='grc' dir='ltr'>Ἰουδαίων</span> 
     </span>
    </p>
   </div>
   <div class='ocr_carea' id='block_1_72' title="bbox 2183 3148 3751 3233">
    <p class='ocr_par' dir='ltr' id='par_1_72' title="bbox 2183 3148 3751 3233">
     <span class='ocr_line' id='line_1_72' title="bbox 2183 3148 3751 3233; baseline -0.009 -19"><span class='ocrx_word' id='word_1_540' title='bbox 2183 3161 2353 3233; x_wconf 79' lang='grc' dir='ltr'>ὀφρὺν</span> <span class='ocrx_word' id='word_1_541' title='bbox 2402 3159 2810 3226; x_wconf 73' lang='grc' dir='ltr'>καταστρέφων,</span> <span class='ocrx_word' id='word_1_542' title='bbox 2841 3156 2934 3207; x_wconf 80' lang='grc' dir='ltr'>καὶ</span> <span class='ocrx_word' id='word_1_543' title='bbox 2988 3154 3278 3218; x_wconf 85' lang='grc' dir='ltr'>ἀσυνέτους</span> <span class='ocrx_word' id='word_1_544' title='bbox 3316 3151 3473 3214; x_wconf 76' lang='grc' dir='ltr'>ὄντας</span> <span class='ocrx_word' id='word_1_545' title='bbox 3516 3148 3751 3219; x_wconf 73' lang='grc' dir='ltr'>ἐλέγχων</span> 
     </span>
    </p>
   </div>
   <div class='ocr_carea' id='block_1_73' title="bbox 2178 3246 3750 3321">
    <p class='ocr_par' dir='ltr' id='par_1_73' title="bbox 2178 3246 3750 3321">
     <span class='ocr_line' id='line_1_73' title="bbox 2178 3246 3750 3321; baseline -0.007 -14"><span class='ocrx_word' id='word_1_546' title='bbox 2178 3254 2391 3316; x_wconf 83' lang='grc' dir='ltr'>αὐτούς.</span> <span class='ocrx_word' id='word_1_547' title='bbox 2450 3254 2560 3305; x_wconf 79' lang='grc' dir='ltr'>Καὶ</span> <span class='ocrx_word' id='word_1_548' title='bbox 2618 3251 2924 3321; x_wconf 82' lang='grc' dir='ltr'>ἐπεθύμουν</span> <span class='ocrx_word' id='word_1_549' title='bbox 2962 3250 3092 3321; x_wconf 86' lang='grc' dir='ltr'>γὰρ,</span> <span class='ocrx_word' id='word_1_550' title='bbox 3142 3247 3327 3319; x_wconf 76' lang='grc' dir='ltr'>φησὶν,</span> <span class='ocrx_word' id='word_1_551' title='bbox 3378 3247 3603 3316; x_wconf 80' lang='grc' dir='ltr'>ἀγροὺς,</span> <span class='ocrx_word' id='word_1_552' title='bbox 3658 3246 3750 3297; x_wconf 82' lang='grc' dir='ltr'>καὶ</span> 
     </span>
    </p>
   </div>
   <div class='ocr_carea' id='block_1_74' title="bbox 2172 3338 3751 3416">
    <p class='ocr_par' dir='ltr' id='par_1_74' title="bbox 2172 3338 3751 3416">
     <span class='ocr_line' id='line_1_74' title="bbox 2172 3338 3751 3416; baseline -0.006 -18"><span class='ocrx_word' id='word_1_553' title='bbox 2172 3344 2464 3416; x_wconf 71' lang='grc' dir='ltr'>διήρπαζον</span> <span class='ocrx_word' id='word_1_554' title='bbox 2492 3343 2788 3413; x_wconf 83' lang='grc' dir='ltr'>ὀρφανοὺς,</span> <span class='ocrx_word' id='word_1_555' title='bbox 2815 3343 2908 3396; x_wconf 73' lang='grc' dir='ltr'><strong>καὶ</strong></span> <span class='ocrx_word' id='word_1_556' title='bbox 2930 3342 3110 3404; x_wconf 80' lang='grc' dir='ltr'>οἴκους</span> <span class='ocrx_word' id='word_1_557' title='bbox 3148 3339 3625 3397; x_wconf 87' lang='grc' dir='ltr'>κατεδυνάστευον,</span> <span class='ocrx_word' id='word_1_558' title='bbox 3656 3338 3751 3389; x_wconf 73' lang='grc' dir='ltr'>καὶ</span> 
     </span>
    </p>
   </div>
   <div class='ocr_carea' id='block_1_75' title="bbox 2171 3426 3751 3506">
    <p class='ocr_par' dir='ltr' id='par_1_75' title="bbox 2171 3426 3751 3506">
     <span class='ocr_line' id='line_1_75' title="bbox 2171 3426 3751 3506; baseline -0.007 -17"><span class='ocrx_word' id='word_1_559' title='bbox 2171 3437 2264 3489; x_wconf 75' lang='grc' dir='ltr'><strong>ἐπὶ</strong></span> <span class='ocrx_word' id='word_1_560' title='bbox 2297 3437 2387 3489; x_wconf 86' lang='grc' dir='ltr'>τὸν</span> <span class='ocrx_word' id='word_1_561' title='bbox 2423 3434 2624 3506; x_wconf 84' lang='grc' dir='ltr'>Κύριον</span> <span class='ocrx_word' id='word_1_562' title='bbox 2658 3433 3073 3505; x_wconf 76' lang='grc' dir='ltr'>ἐμεγαλύνοντο,</span> <span class='ocrx_word' id='word_1_563' title='bbox 3107 3431 3359 3499; x_wconf 85' lang='grc' dir='ltr'>λέγοντες</span> <span class='ocrx_word' id='word_1_564' title='bbox 3384 3447 3397 3461; x_wconf 88' lang='grc'><strong>·</strong></span> <span class='ocrx_word' id='word_1_565' title='bbox 3432 3447 3450 3480; x_wconf 79' lang='grc' dir='ltr'><strong>ι</strong></span> <span class='ocrx_word' id='word_1_566' title='bbox 3480 3428 3614 3499; x_wconf 77' lang='grc' dir='ltr'><strong>Οὐχὶ</strong></span> <span class='ocrx_word' id='word_1_567' title='bbox 3637 3426 3751 3479; x_wconf 81' lang='grc' dir='ltr'>Κύ-</span> 
     </span>
    </p>
   </div>
   <div class='ocr_carea' id='block_1_76' title="bbox 2175 3512 3745 3598">
    <p class='ocr_par' dir='ltr' id='par_1_76' title="bbox 2175 3512 3745 3598">
     <span class='ocr_line' id='line_1_76' title="bbox 2175 3512 3745 3598; baseline -0.005 -18"><span class='ocrx_word' id='word_1_568' title='bbox 2175 3544 2285 3598; x_wconf 86' lang='grc' dir='ltr'>ριος</span> <span class='ocrx_word' id='word_1_569' title='bbox 2319 3529 2377 3580; x_wconf 83' lang='grc' dir='ltr'><strong>έν</strong></span> <span class='ocrx_word' id='word_1_570' title='bbox 2432 3512 2562 3596; x_wconf 82' lang='grc' dir='ltr'>ἡμῖν</span> <span class='ocrx_word' id='word_1_571' title='bbox 2594 3529 2777 3589; x_wconf 61' lang='lat' dir='ltr'><strong>estw;</strong></span> <span class='ocrx_word' id='word_1_572' title='bbox 2819 3526 2879 3578; x_wconf 86' lang='grc' dir='ltr'><strong>ού</strong></span> <span class='ocrx_word' id='word_1_573' title='bbox 2921 3524 2996 3595; x_wconf 86' lang='grc' dir='ltr'>μὴ</span> <span class='ocrx_word' id='word_1_574' title='bbox 3048 3522 3249 3593; x_wconf 78' lang='grc' dir='ltr'>ἐπέλθῃ</span> <span class='ocrx_word' id='word_1_575' title='bbox 3274 3522 3360 3591; x_wconf 77' lang='grc' dir='ltr'><strong>ἐφ’</strong></span> <span class='ocrx_word' id='word_1_576' title='bbox 3393 3523 3540 3591; x_wconf 80' lang='grc' dir='ltr'>ἡμᾶς</span> <span class='ocrx_word' id='word_1_577' title='bbox 3578 3520 3745 3573; x_wconf 83' lang='grc' dir='ltr'>κακά.</span> 
     </span>
    </p>
   </div>
   <div class='ocr_carea' id='block_1_77' title="bbox 2179 3612 3746 3688">
    <p class='ocr_par' dir='ltr' id='par_1_77' title="bbox 2179 3612 3746 3688">
     <span class='ocr_line' id='line_1_77' title="bbox 2179 3612 3746 3688; baseline -0.006 -16"><span class='ocrx_word' id='word_1_578' title='bbox 2179 3619 2278 3672; x_wconf 88' lang='grc' dir='ltr'>Διά</span> <span class='ocrx_word' id='word_1_579' title='bbox 2300 3618 2475 3681; x_wconf 87' lang='grc' dir='ltr'>τοῦτο,</span> <span class='ocrx_word' id='word_1_580' title='bbox 2501 3617 2568 3670; x_wconf 80' lang='grc' dir='ltr'>δι’</span> <span class='ocrx_word' id='word_1_581' title='bbox 2585 3618 2754 3688; x_wconf 82' lang='grc' dir='ltr'>ἡμᾶς,</span> <span class='ocrx_word' id='word_1_582' title='bbox 2777 3617 2914 3669; x_wconf 89' lang='grc' dir='ltr'>Σιὼν</span> <span class='ocrx_word' id='word_1_583' title='bbox 2949 3616 3025 3678; x_wconf 83' lang='grc' dir='ltr'><strong>ὡς</strong></span> <span class='ocrx_word' id='word_1_584' title='bbox 3065 3615 3231 3686; x_wconf 79' lang='grc' dir='ltr'>ἀγρὸς</span> <span class='ocrx_word' id='word_1_585' title='bbox 3260 3612 3746 3685; x_wconf 85' lang='grc' dir='ltr'>ἀροτριωθὴσεται,</span> 
     </span>
    </p>
   </div>
   <div class='ocr_carea' id='block_1_78' title="bbox 2179 3702 3747 3781">
    <p class='ocr_par' dir='ltr' id='par_1_78' title="bbox 2179 3702 3747 3781">
     <span class='ocr_line' id='line_1_78' title="bbox 2179 3702 3747 3781; baseline -0.005 -18"><span class='ocrx_word' id='word_1_586' title='bbox 2179 3711 2273 3763; x_wconf 62' lang='grc' dir='ltr'><strong>καλ⁸</strong></span> <span class='ocrx_word' id='word_1_587' title='bbox 2306 3708 2655 3781; x_wconf 83' lang='grc' dir='ltr'>Ἰερουσαλὴμ</span> <span class='ocrx_word' id='word_1_588' title='bbox 2683 3708 2758 3771; x_wconf 86' lang='grc' dir='ltr'>ὼς</span> <span class='ocrx_word' id='word_1_589' title='bbox 2793 3707 3237 3779; x_wconf 82' lang='grc' dir='ltr'>όπωροφυλάκιον</span> <span class='ocrx_word' id='word_1_590' title='bbox 3265 3705 3443 3770; x_wconf 78' lang='grc' dir='ltr'>ἔσται,</span> <span class='ocrx_word' id='word_1_591' title='bbox 3482 3704 3577 3757; x_wconf 81' lang='grc' dir='ltr'>καὶ</span> <span class='ocrx_word' id='word_1_592' title='bbox 3622 3702 3747 3773; x_wconf 77' lang='grc' dir='ltr'>ὅρος</span> 
     </span>
    </p>
   </div>
   <div class='ocr_carea' id='block_1_79' title="bbox 2176 3796 3744 3870">
    <p class='ocr_par' dir='ltr' id='par_1_79' title="bbox 2176 3796 3744 3870">
     <span class='ocr_line' id='line_1_79' title="bbox 2176 3796 3744 3870; baseline -0.005 -16"><span class='ocrx_word' id='word_1_593' title='bbox 2176 3801 2272 3854; x_wconf 89' lang='grc' dir='ltr'><strong>τοῦ</strong></span> <span class='ocrx_word' id='word_1_594' title='bbox 2306 3800 2477 3863; x_wconf 77' lang='grc' dir='ltr'>οἴκου,</span> <span class='ocrx_word' id='word_1_595' title='bbox 2503 3800 2579 3863; x_wconf 83' lang='grc' dir='ltr'>ὡς</span> <span class='ocrx_word' id='word_1_596' title='bbox 2615 3799 2773 3863; x_wconf 85' lang='grc' dir='ltr'>ἄλσος</span> <span class='ocrx_word' id='word_1_597' title='bbox 2794 3798 3021 3870; x_wconf 85' lang='grc' dir='ltr'>δρυμοῦ.</span> <span class='ocrx_word' id='word_1_598' title='bbox 3054 3818 3073 3854; x_wconf 76' lang='grc' dir='ltr'><strong>ι</strong></span> <span class='ocrx_word' id='word_1_599' title='bbox 3108 3799 3172 3851; x_wconf 77' lang='lat' dir='ltr'><strong>El</strong></span> <span class='ocrx_word' id='word_1_600' title='bbox 3198 3798 3272 3868; x_wconf 81' lang='grc' dir='ltr'><strong>μὴ</strong></span> <span class='ocrx_word' id='word_1_601' title='bbox 3309 3797 3486 3851; x_wconf 89' lang='grc' dir='ltr'>τοίνυν</span> <span class='ocrx_word' id='word_1_602' title='bbox 3516 3796 3744 3859; x_wconf 77' lang='grc' dir='ltr'>ἕλοισθε,</span> 
     </span>
    </p>
   </div>
   <div class='ocr_carea' id='block_1_80' title="bbox 2180 3887 3743 3963">
    <p class='ocr_par' dir='ltr' id='par_1_80' title="bbox 2180 3887 3743 3963">
     <span class='ocr_line' id='line_1_80' title="bbox 2180 3887 3743 3963; baseline -0.004 -18"><span class='ocrx_word' id='word_1_603' title='bbox 2180 3894 2333 3963; x_wconf 64' lang='grc' dir='ltr'>φησι,</span> <span class='ocrx_word' id='word_1_604' title='bbox 2369 3891 2695 3962; x_wconf 89' lang='grc' dir='ltr'>πορεύεσθαι</span> <span class='ocrx_word' id='word_1_605' title='bbox 2741 3892 2859 3962; x_wconf 86' lang='grc' dir='ltr'>μεθ’</span> <span class='ocrx_word' id='word_1_606' title='bbox 2879 3891 3037 3961; x_wconf 82' lang='grc' dir='ltr'>ἡμῶν</span> <span class='ocrx_word' id='word_1_607' title='bbox 3062 3890 3139 3961; x_wconf 82' lang='grc' dir='ltr'>τῷ</span> <span class='ocrx_word' id='word_1_608' title='bbox 3161 3890 3299 3958; x_wconf 78' lang='grc' dir='ltr'>φωτὶ</span> <span class='ocrx_word' id='word_1_609' title='bbox 3328 3890 3555 3960; x_wconf 87' lang='grc' dir='ltr'>Κυρίου,</span> <span class='ocrx_word' id='word_1_610' title='bbox 3599 3887 3743 3940; x_wconf 85' lang='grc' dir='ltr'>τοῦτ’</span> 
     </span>
    </p>
   </div>
   <div class='ocr_carea' id='block_1_81' title="bbox 2179 3981 3746 4056">
    <p class='ocr_par' dir='ltr' id='par_1_81' title="bbox 2179 3981 3746 4056">
     <span class='ocr_line' id='line_1_81' title="bbox 2179 3981 3746 4056; baseline -0.003 -19"><span class='ocrx_word' id='word_1_611' title='bbox 2179 3984 2345 4050; x_wconf 81' lang='grc' dir='ltr'>ἔστιν,</span> <span class='ocrx_word' id='word_1_612' title='bbox 2375 3987 2422 4037; x_wconf 80' lang='grc' dir='ltr'>εἰ</span> <span class='ocrx_word' id='word_1_613' title='bbox 2459 3984 2831 4056; x_wconf 85' lang='grc' dir='ltr'>ἀπαρὰδεκτον</span> <span class='ocrx_word' id='word_1_614' title='bbox 2882 3983 3120 4036; x_wconf 86' lang='grc' dir='ltr'>ποιεῖσθε</span> <span class='ocrx_word' id='word_1_615' title='bbox 3164 3983 3224 4035; x_wconf 81' lang='grc' dir='ltr'>τὸ</span> <span class='ocrx_word' id='word_1_616' title='bbox 3262 3983 3520 4053; x_wconf 83' lang='grc' dir='ltr'>κήρυγμα</span> <span class='ocrx_word' id='word_1_617' title='bbox 3557 3981 3618 4033; x_wconf 84' lang='grc' dir='ltr'>τὸ</span> <span class='ocrx_word' id='word_1_618' title='bbox 3661 3981 3746 4033; x_wconf 78' lang='grc' dir='ltr'>διὰ</span> 
     </span>
    </p>
   </div>
   <div class='ocr_carea' id='block_1_82' title="bbox 507 4067 2079 4147">
    <p class='ocr_par' dir='ltr' id='par_1_82' title="bbox 507 4067 2079 4140">
     <span class='ocr_line' id='line_1_82' title="bbox 507 4067 2079 4140; baseline 0.001 -14"><span class='ocrx_word' id='word_1_619' title='bbox 507 4072 651 4127; x_wconf 87' lang='lat' dir='ltr'><strong>volui</strong></span> <span class='ocrx_word' id='word_1_620' title='bbox 681 4084 1012 4140; x_wconf 87' lang='lat' dir='ltr'><strong>congregare</strong></span> <span class='ocrx_word' id='word_1_621' title='bbox 1042 4067 1183 4123; x_wconf 85' lang='lat' dir='ltr'><strong>ﬁlios</strong></span> <span class='ocrx_word' id='word_1_622' title='bbox 1218 4079 1358 4131; x_wconf 90' lang='lat' dir='ltr'><strong>tuos,</strong></span> <span class='ocrx_word' id='word_1_623' title='bbox 1406 4068 1854 4137; x_wconf 67' lang='lat' dir='ltr'><strong>quemadmodum</strong></span> <span class='ocrx_word' id='word_1_624' title='bbox 1885 4072 2079 4139; x_wconf 83' lang='lat' dir='ltr'><strong>gallina</strong></span> 
     </span>
    </p>
   </div>
   <div class='ocr_carea' id='block_1_83' title="bbox 2182 4067 3746 4147">
    <p class='ocr_par' dir='ltr' id='par_1_83' title="bbox 2182 4073 3746 4147">
     <span class='ocr_line' id='line_1_83' title="bbox 2182 4073 3746 4147; baseline -0.003 -18"><span class='ocrx_word' id='word_1_625' title='bbox 2182 4076 2435 4147; x_wconf 84' lang='grc' dir='ltr'>Χριστοῦ,</span> <span class='ocrx_word' id='word_1_626' title='bbox 2482 4077 2575 4129; x_wconf 75' lang='grc' dir='ltr'>καὶ</span> <span class='ocrx_word' id='word_1_627' title='bbox 2616 4076 2706 4129; x_wconf 81' lang='grc' dir='ltr'>τὸν</span> <span class='ocrx_word' id='word_1_628' title='bbox 2739 4077 2868 4147; x_wconf 88' lang='grc' dir='ltr'>παρ’</span> <span class='ocrx_word' id='word_1_629' title='bbox 2896 4076 3071 4130; x_wconf 62' lang='grc' dir='ltr'>αὐτοῦ</span> <span class='ocrx_word' id='word_1_630' title='bbox 3094 4073 3370 4145; x_wconf 79' lang='grc' dir='ltr'>φωτισμὸν</span> <span class='ocrx_word' id='word_1_631' title='bbox 3416 4073 3746 4145; x_wconf 86' lang='grc' dir='ltr'>ἀποστρέφε-</span> 
     </span>
    </p>
   </div>
   <div class='ocr_carea' id='block_1_84' title="bbox 508 4160 2079 4238">
    <p class='ocr_par' dir='ltr' id='par_1_84' title="bbox 508 4160 2079 4234">
     <span class='ocr_line' id='line_1_84' title="bbox 508 4160 2079 4234; baseline 0.001 -14"><span class='ocrx_word' id='word_1_632' title='bbox 508 4174 801 4234; x_wconf 79' lang='lat' dir='ltr'><strong>congregat</strong></span> <span class='ocrx_word' id='word_1_633' title='bbox 860 4162 1032 4232; x_wconf 90' lang='lat' dir='ltr'><strong>pullos</strong></span> <span class='ocrx_word' id='word_1_634' title='bbox 1081 4176 1207 4215; x_wconf 90' lang='lat' dir='ltr'><strong>suos</strong></span> <span class='ocrx_word' id='word_1_635' title='bbox 1277 4162 1378 4215; x_wconf 90' lang='lat' dir='ltr'><strong>sub</strong></span> <span class='ocrx_word' id='word_1_636' title='bbox 1416 4160 1515 4214; x_wconf 88' lang='lat' dir='ltr'><strong>alis</strong></span> <span class='ocrx_word' id='word_1_637' title='bbox 1541 4162 1673 4225; x_wconf 90' lang='lat' dir='ltr'><strong>suis,</strong></span> <span class='ocrx_word' id='word_1_638' title='bbox 1701 4170 1754 4216; x_wconf 89' lang='lat' dir='ltr'><strong>et</strong></span> <span class='ocrx_word' id='word_1_639' title='bbox 1790 4163 2079 4221; x_wconf 90' lang='lat' dir='ltr'><strong>noluistisl</strong></span> 
     </span>
    </p>
   </div>
   <div class='ocr_carea' id='block_1_85' title="bbox 2182 4160 3746 4238">
    <p class='ocr_par' dir='ltr' id='par_1_85' title="bbox 2182 4166 3746 4238">
     <span class='ocr_line' id='line_1_85' title="bbox 2182 4166 3746 4238; baseline -0.003 -17"><span class='ocrx_word' id='word_1_640' title='bbox 2182 4169 2293 4230; x_wconf 83' lang='grc' dir='ltr'>σοε,</span> <span class='ocrx_word' id='word_1_641' title='bbox 2321 4169 2499 4238; x_wconf 86' lang='grc' dir='ltr'>πάντη</span> <span class='ocrx_word' id='word_1_642' title='bbox 2521 4184 2582 4220; x_wconf 88' lang='grc' dir='ltr'><strong>τε</strong></span> <span class='ocrx_word' id='word_1_643' title='bbox 2606 4170 2700 4222; x_wconf 79' lang='grc' dir='ltr'>καὶ</span> <span class='ocrx_word' id='word_1_644' title='bbox 2720 4168 2937 4231; x_wconf 87' lang='grc' dir='ltr'>πάντως</span> <span class='ocrx_word' id='word_1_645' title='bbox 2965 4168 3153 4238; x_wconf 79' lang='grc' dir='ltr'>ἀνήσει</span> <span class='ocrx_word' id='word_1_646' title='bbox 3185 4166 3280 4219; x_wconf 75' lang='grc' dir='ltr'>καὶ</span> <span class='ocrx_word' id='word_1_647' title='bbox 3311 4166 3473 4230; x_wconf 86' lang='grc' dir='ltr'>αὐτὸς</span> <span class='ocrx_word' id='word_1_648' title='bbox 3499 4166 3588 4220; x_wconf 83' lang='grc' dir='ltr'>τὸν</span> <span class='ocrx_word' id='word_1_649' title='bbox 3623 4167 3746 4218; x_wconf 80' lang='grc' dir='ltr'>ἑαυ-</span> 
     </span>
    </p>
   </div>
   <div class='ocr_carea' id='block_1_86' title="bbox 506 4252 2079 4331">
    <p class='ocr_par' dir='ltr' id='par_1_86' title="bbox 506 4252 2075 4324">
     <span class='ocr_line' id='line_1_86' title="bbox 506 4252 2075 4324; baseline -0.005 -11"><span class='ocrx_word' id='word_1_650' title='bbox 506 4259 645 4313; x_wconf 82' lang='lat' dir='ltr'><strong>Ecce</strong></span> <span class='ocrx_word' id='word_1_651' title='bbox 678 4256 1007 4324; x_wconf 88' lang='lat' dir='ltr'><strong>relinquitur</strong></span> <span class='ocrx_word' id='word_1_652' title='bbox 1060 4252 1211 4307; x_wconf 88' lang='lat' dir='ltr'><strong>vobis</strong></span> <span class='ocrx_word' id='word_1_653' title='bbox 1253 4253 1443 4306; x_wconf 88' lang='lat' dir='ltr'><strong>domus</strong></span> <span class='ocrx_word' id='word_1_654' title='bbox 1474 4259 1651 4305; x_wconf 88' lang='lat' dir='ltr'><strong>vestra</strong></span> <span class='ocrx_word' id='word_1_655' title='bbox 1701 4253 1912 4309; x_wconf 83' lang='lat' dir='ltr'><strong>deserta</strong></span> <span class='ocrx_word' id='word_1_656' title='bbox 1959 4257 2027 4312; x_wconf 72' lang='grc'><strong>⁸³.</strong></span> <span class='ocrx_word' id='word_1_657' title='bbox 2055 4275 2075 4310; x_wconf 75' lang='grc' dir='ltr'><strong>ι</strong></span> 
     </span>
    </p>
   </div>
   <div class='ocr_carea' id='block_1_87' title="bbox 2182 4252 3743 4331">
    <p class='ocr_par' dir='ltr' id='par_1_87' title="bbox 2182 4257 3743 4331">
     <span class='ocr_line' id='line_1_87' title="bbox 2182 4257 3743 4331; baseline 0.001 -22"><span class='ocrx_word' id='word_1_658' title='bbox 2182 4257 2269 4310; x_wconf 88' lang='grc' dir='ltr'><strong>τοῦ</strong></span> <span class='ocrx_word' id='word_1_659' title='bbox 2297 4258 2450 4313; x_wconf 82' lang='grc' dir='ltr'>λαόν.</span> <span class='ocrx_word' id='word_1_660' title='bbox 2484 4261 2590 4312; x_wconf 81' lang='grc' dir='ltr'>Καὶ</span> <span class='ocrx_word' id='word_1_661' title='bbox 2628 4259 2785 4312; x_wconf 89' lang='grc' dir='ltr'>τοῦτό</span> <span class='ocrx_word' id='word_1_662' title='bbox 2812 4262 2960 4313; x_wconf 84' lang='grc' dir='ltr'>ἐστιν</span> <span class='ocrx_word' id='word_1_663' title='bbox 2986 4259 3234 4331; x_wconf 78' lang='grc' dir='ltr'>ἐναργῶς</span> <span class='ocrx_word' id='word_1_664' title='bbox 3262 4261 3400 4330; x_wconf 85' lang='grc' dir='ltr'>ὅπερ</span> <span class='ocrx_word' id='word_1_665' title='bbox 3445 4258 3549 4329; x_wconf 84' lang='grc' dir='ltr'>ἔφη</span> <span class='ocrx_word' id='word_1_666' title='bbox 3607 4257 3743 4329; x_wconf 83' lang='grc' dir='ltr'>πρὸς</span> 
     </span>
    </p>
   </div>
   <div class='ocr_carea' id='block_1_88' title="bbox 505 4344 2079 4423">
    <p class='ocr_par' dir='ltr' id='par_1_88' title="bbox 505 4344 2078 4417">
     <span class='ocr_line' id='line_1_88' title="bbox 505 4344 2078 4417; baseline -0.003 -13"><span class='ocrx_word' id='word_1_667' title='bbox 505 4350 646 4417; x_wconf 84' lang='lat' dir='ltr'><strong>Quin</strong></span> <span class='ocrx_word' id='word_1_668' title='bbox 689 4361 744 4404; x_wconf 92' lang='lat' dir='ltr'><strong>et</strong></span> <span class='ocrx_word' id='word_1_669' title='bbox 796 4346 1043 4401; x_wconf 75' lang='lat' dir='ltr'><strong>Jeretnia:</strong></span> <span class='ocrx_word' id='word_1_670' title='bbox 1077 4358 1210 4399; x_wconf 82' lang='lat' dir='ltr'><strong>voce</strong></span> <span class='ocrx_word' id='word_1_671' title='bbox 1254 4344 1448 4412; x_wconf 86' lang='lat' dir='ltr'><strong>inquit,</strong></span> <span class='ocrx_word' id='word_1_672' title='bbox 1496 4362 1515 4393; x_wconf 74' lang='grc' dir='ltr'><strong>ι</strong></span> <span class='ocrx_word' id='word_1_673' title='bbox 1555 4344 1823 4415; x_wconf 88' lang='lat' dir='ltr'><strong>Dereliqui</strong></span> <span class='ocrx_word' id='word_1_674' title='bbox 1860 4347 2078 4402; x_wconf 89' lang='lat' dir='ltr'><strong>domum</strong></span> 
     </span>
    </p>
   </div>
   <div class='ocr_carea' id='block_1_89' title="bbox 2182 4344 3743 4423">
    <p class='ocr_par' dir='ltr' id='par_1_89' title="bbox 2182 4350 3743 4423">
     <span class='ocr_line' id='line_1_89' title="bbox 2182 4350 3743 4423; baseline -0.001 -20"><span class='ocrx_word' id='word_1_675' title='bbox 2182 4351 2371 4413; x_wconf 76' lang='grc' dir='ltr'>αὐτοὺς</span> <span class='ocrx_word' id='word_1_676' title='bbox 2395 4353 2423 4403; x_wconf 91' lang='lat'><strong>6</strong></span> <span class='ocrx_word' id='word_1_677' title='bbox 2469 4351 2671 4420; x_wconf 86' lang='grc' dir='ltr'>Κύριος</span> <span class='ocrx_word' id='word_1_678' title='bbox 2695 4351 2849 4421; x_wconf 86' lang='grc' dir='ltr'>ἡμῶν</span> <span class='ocrx_word' id='word_1_679' title='bbox 2892 4351 3093 4422; x_wconf 82' lang='grc' dir='ltr'>Ἰησοῦς</span> <span class='ocrx_word' id='word_1_680' title='bbox 3122 4354 3149 4404; x_wconf 91' lang='lat'><strong>6</strong></span> <span class='ocrx_word' id='word_1_681' title='bbox 3174 4351 3429 4423; x_wconf 84' lang='grc' dir='ltr'>Χριστός·</span> <span class='ocrx_word' id='word_1_682' title='bbox 3471 4370 3490 4401; x_wconf 78' lang='grc' dir='ltr'><strong>ι</strong></span> <span class='ocrx_word' id='word_1_683' title='bbox 3547 4350 3743 4420; x_wconf 82' lang='grc' dir='ltr'>Ἰερου-</span> 
     </span>
    </p>
   </div>
   <div class='ocr_carea' id='block_1_90' title="bbox 504 4435 2079 4512">
    <p class='ocr_par' dir='ltr' id='par_1_90' title="bbox 504 4435 1707 4506">
     <span class='ocr_line' id='line_1_90' title="bbox 504 4435 1707 4506; baseline -0.007 -11"><span class='ocrx_word' id='word_1_684' title='bbox 504 4456 702 4506; x_wconf 84' lang='lat' dir='ltr'><strong>meam,</strong></span> <span class='ocrx_word' id='word_1_685' title='bbox 743 4438 922 4494; x_wconf 85' lang='lat' dir='ltr'><strong>dimisi</strong></span> <span class='ocrx_word' id='word_1_686' title='bbox 956 4436 1321 4490; x_wconf 55' lang='lat' dir='ltr'><strong>haereditatem</strong></span> <span class='ocrx_word' id='word_1_687' title='bbox 1352 4448 1524 4489; x_wconf 89' lang='lat' dir='ltr'><strong>meam</strong></span> <span class='ocrx_word' id='word_1_688' title='bbox 1556 4435 1623 4488; x_wconf 81' lang='lat'><strong>&quot;.</strong></span> <span class='ocrx_word' id='word_1_689' title='bbox 1649 4453 1669 4487; x_wconf 75' lang='grc' dir='ltr'><strong>ι</strong></span> <span class='ocrx_word' id='word_1_690' title='bbox 1702 4460 1707 4467; x_wconf 96' lang='grc'><strong><em>-</em></strong></span> 
     </span>
    </p>
   </div>
   <div class='ocr_carea' id='block_1_91' title="bbox 2182 4435 3741 4512">
    <p class='ocr_par' dir='ltr' id='par_1_91' title="bbox 2182 4439 3741 4512">
     <span class='ocr_line' id='line_1_91' title="bbox 2182 4439 3741 4512; baseline 0 -21"><span class='ocrx_word' id='word_1_691' title='bbox 2182 4439 2373 4511; x_wconf 84' lang='grc' dir='ltr'>σαλὴμ,</span> <span class='ocrx_word' id='word_1_692' title='bbox 2414 4441 2793 4511; x_wconf 83' lang='grc' dir='ltr'>Ἰερουσαλὴμ,</span> <span class='ocrx_word' id='word_1_693' title='bbox 2821 4443 2855 4512; x_wconf 83' lang='grc' dir='ltr'><strong>ή</strong></span> <span class='ocrx_word' id='word_1_694' title='bbox 2886 4440 3264 4495; x_wconf 86' lang='grc' dir='ltr'>ἀποκτενοῦσα</span> <span class='ocrx_word' id='word_1_695' title='bbox 3288 4444 3414 4503; x_wconf 76' lang='grc' dir='ltr'>τοὺς</span> <span class='ocrx_word' id='word_1_696' title='bbox 3438 4444 3741 4511; x_wconf 77' lang='grc' dir='ltr'>προφήτας,</span> 
     </span>
    </p>
   </div>
   <div class='ocr_carea' id='block_1_92' title="bbox 496 4528 3743 4605">
    <p class='ocr_par' dir='ltr' id='par_1_92' title="bbox 496 4528 3743 4605">
     <span class='ocr_line' id='line_1_92' title="bbox 496 4528 3743 4605; baseline -0.002 -14"><span class='ocrx_word' id='word_1_697' title='bbox 496 4531 599 4591; x_wconf 68' lang='grc' dir='ltr'>’καὶ</span> <span class='ocrx_word' id='word_1_698' title='bbox 632 4533 981 4588; x_wconf 78' lang='grc' dir='ltr'>λιθοϐολοῦσα</span> <span class='ocrx_word' id='word_1_699' title='bbox 1016 4532 1142 4595; x_wconf 83' lang='grc' dir='ltr'>τοὺς</span> <span class='ocrx_word' id='word_1_700' title='bbox 1177 4528 1618 4598; x_wconf 83' lang='grc' dir='ltr'>ἀπεσταλμένους</span> <span class='ocrx_word' id='word_1_701' title='bbox 1643 4530 1779 4603; x_wconf 80' lang='grc' dir='ltr'>πρὸς</span> <span class='ocrx_word' id='word_1_702' title='bbox 1810 4533 1996 4605; x_wconf 77' lang='grc' dir='ltr'>αὐτὴν,</span> <span class='ocrx_word' id='word_1_703' title='bbox 2040 4535 2270 4598; x_wconf 86' lang='grc' dir='ltr'>ποσάκις</span> <span class='ocrx_word' id='word_1_704' title='bbox 2295 4534 2535 4605; x_wconf 76' lang='grc' dir='ltr'>ἠθέλησα</span> <span class='ocrx_word' id='word_1_705' title='bbox 2579 4538 2997 4605; x_wconf 76' lang='grc' dir='ltr'>ἐπισυναγαγεῖν</span> <span class='ocrx_word' id='word_1_706' title='bbox 3042 4537 3112 4589; x_wconf 78' lang='grc' dir='ltr'><strong>τά</strong></span> <span class='ocrx_word' id='word_1_707' title='bbox 3133 4536 3299 4590; x_wconf 85' lang='grc' dir='ltr'>τέκνα</span> <span class='ocrx_word' id='word_1_708' title='bbox 3326 4535 3515 4597; x_wconf 82' lang='grc' dir='ltr'>σου,ὃν</span> <span class='ocrx_word' id='word_1_709' title='bbox 3546 4535 3743 4604; x_wconf 80' lang='grc' dir='ltr'>τρόπον</span> 
     </span>
    </p>
   </div>
   <div class='ocr_carea' id='block_1_93' title="bbox 503 4620 3737 4703">
    <p class='ocr_par' dir='ltr' id='par_1_93' title="bbox 503 4620 3737 4703">
     <span class='ocr_line' id='line_1_93' title="bbox 503 4620 3737 4703; baseline -0.002 -20"><span class='ocrx_word' id='word_1_710' title='bbox 503 4634 649 4703; x_wconf 72' lang='grc' dir='ltr'>ὅρνις</span> <span class='ocrx_word' id='word_1_711' title='bbox 672 4626 991 4694; x_wconf 74' lang='grc' dir='ltr'>ἐπισυνάγει</span> <span class='ocrx_word' id='word_1_712' title='bbox 1020 4622 1088 4676; x_wconf 81' lang='grc' dir='ltr'>τὰ</span> <span class='ocrx_word' id='word_1_713' title='bbox 1117 4622 1306 4676; x_wconf 89' lang='grc' dir='ltr'>νοσσία</span> <span class='ocrx_word' id='word_1_714' title='bbox 1327 4622 1493 4691; x_wconf 80' lang='grc' dir='ltr'>αὐτῆς</span> <span class='ocrx_word' id='word_1_715' title='bbox 1514 4621 1618 4673; x_wconf 80' lang='grc' dir='ltr'><strong>ὑπὸ</strong></span> <span class='ocrx_word' id='word_1_716' title='bbox 1634 4622 1731 4685; x_wconf 81' lang='grc' dir='ltr'>τὰς</span> <span class='ocrx_word' id='word_1_717' title='bbox 1765 4622 2061 4694; x_wconf 88' lang='grc' dir='ltr'>πτέρυγας,</span> <span class='ocrx_word' id='word_1_718' title='bbox 2094 4626 2186 4678; x_wconf 79' lang='grc' dir='ltr'>καὶ</span> <span class='ocrx_word' id='word_1_719' title='bbox 2208 4626 2306 4677; x_wconf 80' lang='grc' dir='ltr'>οὐκ</span> <span class='ocrx_word' id='word_1_720' title='bbox 2341 4625 2673 4695; x_wconf 80' lang='grc' dir='ltr'>ἠθελήσατει</span> <span class='ocrx_word' id='word_1_721' title='bbox 2720 4626 2849 4678; x_wconf 83' lang='grc' dir='ltr'>Ἰδοὺ</span> <span class='ocrx_word' id='word_1_722' title='bbox 2875 4627 3089 4694; x_wconf 88' lang='grc' dir='ltr'>ἀφίεται</span> <span class='ocrx_word' id='word_1_723' title='bbox 3118 4627 3245 4695; x_wconf 79' lang='grc' dir='ltr'>ὑμῖν</span> <span class='ocrx_word' id='word_1_724' title='bbox 3270 4628 3297 4679; x_wconf 87' lang='grc' dir='ltr'>ὁ</span> <span class='ocrx_word' id='word_1_725' title='bbox 3326 4620 3472 4688; x_wconf 73' lang='grc' dir='ltr'>οἶκος</span> <span class='ocrx_word' id='word_1_726' title='bbox 3503 4627 3676 4698; x_wconf 84' lang='grc' dir='ltr'>ὑμῶν.</span> <span class='ocrx_word' id='word_1_727' title='bbox 3717 4646 3737 4678; x_wconf 75' lang='grc' dir='ltr'><strong>ι</strong></span> 
     </span>
    </p>
   </div>
   <div class='ocr_carea' id='block_1_94' title="bbox 506 4712 3737 4795">
    <p class='ocr_par' dir='ltr' id='par_1_94' title="bbox 506 4712 3737 4795">
     <span class='ocr_line' id='line_1_94' title="bbox 506 4712 3737 4795; baseline 0.002 -23"><span class='ocrx_word' id='word_1_728' title='bbox 506 4728 620 4782; x_wconf 74' lang='grc' dir='ltr'>Καὶ</span> <span class='ocrx_word' id='word_1_729' title='bbox 650 4722 752 4794; x_wconf 72' lang='grc' dir='ltr'>μὴν</span> <span class='ocrx_word' id='word_1_730' title='bbox 780 4721 873 4773; x_wconf 73' lang='grc' dir='ltr'>καὶ</span> <span class='ocrx_word' id='word_1_731' title='bbox 893 4717 1098 4787; x_wconf 78' lang='grc' dir='ltr'>διὰῖτῆς</span> <span class='ocrx_word' id='word_1_732' title='bbox 1133 4715 1395 4786; x_wconf 83' lang='grc' dir='ltr'>Ἱερεμίου</span> <span class='ocrx_word' id='word_1_733' title='bbox 1420 4713 1621 4783; x_wconf 85' lang='grc' dir='ltr'>φωνῆς,</span> <span class='ocrx_word' id='word_1_734' title='bbox 1658 4732 1676 4764; x_wconf 79' lang='grc' dir='ltr'><strong>ι</strong></span> <span class='ocrx_word' id='word_1_735' title='bbox 1717 4713 2179 4782; x_wconf 86' lang='grc' dir='ltr'>Ἐγκαταλέλοιπα</span> <span class='ocrx_word' id='word_1_736' title='bbox 2208 4717 2298 4769; x_wconf 85' lang='grc' dir='ltr'>τὸν</span> <span class='ocrx_word' id='word_1_737' title='bbox 2323 4712 2469 4769; x_wconf 78' lang='grc' dir='ltr'>οἶκόν</span> <span class='ocrx_word' id='word_1_738' title='bbox 2491 4733 2614 4786; x_wconf 90' lang='grc' dir='ltr'>μου,</span> <span class='ocrx_word' id='word_1_739' title='bbox 2637 4716 2825 4786; x_wconf 83' lang='grc' dir='ltr'>ἀφῆκα</span> <span class='ocrx_word' id='word_1_740' title='bbox 2843 4717 2941 4787; x_wconf 83' lang='grc' dir='ltr'>τὴν</span> <span class='ocrx_word' id='word_1_741' title='bbox 2969 4717 3330 4789; x_wconf 85' lang='grc' dir='ltr'>κληρονομίαν</span> <span class='ocrx_word' id='word_1_742' title='bbox 3358 4736 3477 4788; x_wconf 92' lang='grc' dir='ltr'>μου,</span> <span class='ocrx_word' id='word_1_743' title='bbox 3501 4741 3519 4773; x_wconf 75' lang='grc' dir='ltr'><strong>ι</strong></span> <span class='ocrx_word' id='word_1_744' title='bbox 3554 4728 3737 4795; x_wconf 87' lang='grc' dir='ltr'>φησίν.</span> 
     </span>
    </p>
   </div>
   <div class='ocr_carea' id='block_1_95' title="bbox 579 4808 2079 4882">
    <p class='ocr_par' dir='ltr' id='par_1_95' title="bbox 579 4808 2069 4881">
     <span class='ocr_line' id='line_1_95' title="bbox 579 4808 2069 4881; baseline -0.008 -8"><span class='ocrx_word' id='word_1_745' title='bbox 579 4819 707 4873; x_wconf 79' lang='lat' dir='ltr'><strong>Ibid.</strong></span> <span class='ocrx_word' id='word_1_746' title='bbox 743 4816 1005 4881; x_wconf 83' lang='lat' dir='ltr'><strong>Quoniam</strong></span> <span class='ocrx_word' id='word_1_747' title='bbox 1040 4810 1235 4878; x_wconf 78' lang='lat' dir='ltr'><strong>repleta</strong></span> <span class='ocrx_word' id='word_1_748' title='bbox 1271 4819 1425 4862; x_wconf 80' lang='lat' dir='ltr'><strong>estut</strong></span> <span class='ocrx_word' id='word_1_749' title='bbox 1476 4808 1540 4860; x_wconf 85' lang='lat' dir='ltr'><strong>ab</strong></span> <span class='ocrx_word' id='word_1_750' title='bbox 1598 4809 1747 4860; x_wconf 70' lang='lat' dir='ltr'><strong>initio</strong></span> <span class='ocrx_word' id='word_1_751' title='bbox 1782 4812 1920 4877; x_wconf 85' lang='lat' dir='ltr'><strong>regio</strong></span> <span class='ocrx_word' id='word_1_752' title='bbox 1950 4809 2069 4862; x_wconf 79' lang='lat' dir='ltr'><strong>illo-</strong></span> 
     </span>
    </p>
   </div>
   <div class='ocr_carea' id='block_1_96' title="bbox 2182 4808 3743 4882">
    <p class='ocr_par' dir='ltr' id='par_1_96' title="bbox 2244 4808 3743 4882">
     <span class='ocr_line' id='line_1_96' title="bbox 2244 4808 3743 4882; baseline 0.007 -22"><span class='ocrx_word' id='word_1_753' title='bbox 2244 4809 2373 4861; x_wconf 77' lang='grc' dir='ltr'>Ὅτι</span> <span class='ocrx_word' id='word_1_754' title='bbox 2413 4808 2761 4876; x_wconf 75' lang='grc' dir='ltr'>ἐνεπλήσθη</span> <span class='ocrx_word' id='word_1_755' title='bbox 2788 4810 2867 4874; x_wconf 87' lang='grc' dir='ltr'>ὡς</span> <span class='ocrx_word' id='word_1_756' title='bbox 2893 4810 2957 4861; x_wconf 77' lang='grc' dir='ltr'>τὸ</span> <span class='ocrx_word' id='word_1_757' title='bbox 2984 4809 3261 4879; x_wconf 82' lang='grc' dir='ltr'>ἀπαρχ-ῆς</span> <span class='ocrx_word' id='word_1_758' title='bbox 3289 4813 3328 4879; x_wconf 75' lang='grc' dir='ltr'><em>ἠ</em></span> <span class='ocrx_word' id='word_1_759' title='bbox 3353 4811 3513 4882; x_wconf 84' lang='grc' dir='ltr'>χώρα</span> <span class='ocrx_word' id='word_1_760' title='bbox 3542 4816 3743 4871; x_wconf 76' lang='grc' dir='ltr'>αὐτῶν</span> 
     </span>
    </p>
   </div>
   <div class='ocr_carea' id='block_1_97' title="bbox 506 4900 2071 4979">
    <p class='ocr_par' dir='ltr' id='par_1_97' title="bbox 506 4900 2071 4979">
     <span class='ocr_line' id='line_1_97' title="bbox 506 4900 2071 4979; baseline -0.007 -12"><span class='ocrx_word' id='word_1_761' title='bbox 506 4930 624 4968; x_wconf 85' lang='lat' dir='ltr'><strong>rum</strong></span> <span class='ocrx_word' id='word_1_762' title='bbox 669 4910 926 4979; x_wconf 81' lang='lat' dir='ltr'><strong>auguriis,</strong></span> <span class='ocrx_word' id='word_1_763' title='bbox 960 4917 1016 4958; x_wconf 85' lang='lat' dir='ltr'><strong>ut</strong></span> <span class='ocrx_word' id='word_1_764' title='bbox 1053 4915 1191 4957; x_wconf 82' lang='lat' dir='ltr'><strong>terra</strong></span> <span class='ocrx_word' id='word_1_765' title='bbox 1220 4903 1657 4972; x_wconf 79' lang='lat' dir='ltr'><strong>alienigenarum,</strong></span> <span class='ocrx_word' id='word_1_766' title='bbox 1693 4910 1740 4953; x_wconf 83' lang='lat' dir='ltr'><strong>et</strong></span> <span class='ocrx_word' id='word_1_767' title='bbox 1763 4900 1863 4969; x_wconf 78' lang='lat' dir='ltr'><strong>ﬁlii</strong></span> <span class='ocrx_word' id='word_1_768' title='bbox 1891 4902 2071 4956; x_wconf 82' lang='lat' dir='ltr'><strong>alieni-</strong></span> 
     </span>
    </p>
   </div>
   <div class='ocr_carea' id='block_1_98' title="bbox 504 4996 1278 5073">
    <p class='ocr_par' dir='ltr' id='par_1_98' title="bbox 504 4996 1278 5073">
     <span class='ocr_line' id='line_1_98' title="bbox 504 4996 1278 5073; baseline -0.014 -15"><span class='ocrx_word' id='word_1_769' title='bbox 504 5019 646 5073; x_wconf 72' lang='lat' dir='ltr'><strong>gemv</strong></span> <span class='ocrx_word' id='word_1_770' title='bbox 660 5001 786 5069; x_wconf 77' lang='lat' dir='ltr'><strong>facti</strong></span> <span class='ocrx_word' id='word_1_771' title='bbox 805 5009 923 5052; x_wconf 78' lang='lat' dir='ltr'><strong>sunt</strong></span> <span class='ocrx_word' id='word_1_772' title='bbox 950 4999 1080 5051; x_wconf 83' lang='lat' dir='ltr'><strong>inter</strong></span> <span class='ocrx_word' id='word_1_773' title='bbox 1119 4996 1278 5061; x_wconf 78' lang='lat' dir='ltr'><strong>ipsos.</strong></span> 
     </span>
    </p>
   </div>
   <div class='ocr_carea' id='block_1_99' title="bbox 574 5086 2067 5163">
    <p class='ocr_par' dir='ltr' id='par_1_99' title="bbox 574 5086 2067 5163">
     <span class='ocr_line' id='line_1_99' title="bbox 574 5086 2067 5163; baseline -0.003 -19"><span class='ocrx_word' id='word_1_774' title='bbox 574 5092 675 5163; x_wconf 56' lang='grc' dir='ltr'><strong>δι</strong></span> <span class='ocrx_word' id='word_1_775' title='bbox 712 5090 1021 5158; x_wconf 81' lang='lat' dir='ltr'><strong>Apologiam</strong></span> <span class='ocrx_word' id='word_1_776' title='bbox 1067 5086 1467 5155; x_wconf 88' lang='lat' dir='ltr'><strong>quodammodo</strong></span> <span class='ocrx_word' id='word_1_777' title='bbox 1511 5096 1565 5138; x_wconf 92' lang='lat' dir='ltr'><strong>et</strong></span> <span class='ocrx_word' id='word_1_778' title='bbox 1617 5102 1759 5140; x_wconf 91' lang='lat' dir='ltr'><strong>nunc</strong></span> <span class='ocrx_word' id='word_1_779' title='bbox 1810 5086 2067 5156; x_wconf 88' lang='lat' dir='ltr'><strong>propheta</strong></span> 
     </span>
    </p>
   </div>
   <div class='ocr_carea' id='block_1_100' title="bbox 503 5179 2065 5247">
    <p class='ocr_par' dir='ltr' id='par_1_100' title="bbox 503 5179 2065 5247">
     <span class='ocr_line' id='line_1_100' title="bbox 503 5179 2065 5247; baseline -0.005 -10"><span class='ocrx_word' id='word_1_780' title='bbox 503 5187 570 5239; x_wconf 91' lang='lat' dir='ltr'><strong>de</strong></span> <span class='ocrx_word' id='word_1_781' title='bbox 601 5184 690 5237; x_wconf 88' lang='lat' dir='ltr'><strong>Dei</strong></span> <span class='ocrx_word' id='word_1_782' title='bbox 725 5180 940 5247; x_wconf 76' lang='lat' dir='ltr'><strong>iudiciis</strong></span> <span class='ocrx_word' id='word_1_783' title='bbox 995 5179 1249 5242; x_wconf 86' lang='lat' dir='ltr'><strong>instituit,</strong></span> <span class='ocrx_word' id='word_1_784' title='bbox 1312 5191 1611 5244; x_wconf 85' lang='lat' dir='ltr'><strong>causasque</strong></span> <span class='ocrx_word' id='word_1_785' title='bbox 1670 5179 1840 5231; x_wconf 87' lang='lat' dir='ltr'><strong>reddit</strong></span> <span class='ocrx_word' id='word_1_786' title='bbox 1907 5191 2065 5231; x_wconf 89' lang='lat' dir='ltr'><strong>cura</strong></span> 
     </span>
    </p>
   </div>
   <div class='ocr_carea' id='block_1_101' title="bbox 503 5268 2063 5338">
    <p class='ocr_par' dir='ltr' id='par_1_101' title="bbox 503 5268 2063 5338">
     <span class='ocr_line' id='line_1_101' title="bbox 503 5268 2063 5338; baseline -0.004 -9"><span class='ocrx_word' id='word_1_787' title='bbox 503 5276 614 5329; x_wconf 86' lang='lat' dir='ltr'><strong>Deo</strong></span> <span class='ocrx_word' id='word_1_788' title='bbox 659 5272 847 5326; x_wconf 90' lang='lat' dir='ltr'><strong>domus</strong></span> <span class='ocrx_word' id='word_1_789' title='bbox 890 5269 1084 5334; x_wconf 85' lang='lat' dir='ltr'><strong>Israel,</strong></span> <span class='ocrx_word' id='word_1_790' title='bbox 1144 5270 1257 5323; x_wconf 88' lang='lat' dir='ltr'><strong>sive</strong></span> <span class='ocrx_word' id='word_1_791' title='bbox 1287 5268 1510 5337; x_wconf 89' lang='lat' dir='ltr'><strong>populus</strong></span> <span class='ocrx_word' id='word_1_792' title='bbox 1564 5269 1733 5337; x_wconf 88' lang='lat' dir='ltr'><strong>ipsius</strong></span> <span class='ocrx_word' id='word_1_793' title='bbox 1762 5269 1893 5323; x_wconf 88' lang='lat' dir='ltr'><strong>adeo</strong></span> <span class='ocrx_word' id='word_1_794' title='bbox 1918 5269 2063 5338; x_wconf 86' lang='lat' dir='ltr'><strong>juste</strong></span> 
     </span>
    </p>
   </div>
   <div class='ocr_carea' id='block_1_102' title="bbox 502 5358 2058 5427">
    <p class='ocr_par' dir='ltr' id='par_1_102' title="bbox 502 5358 2058 5427">
     <span class='ocr_line' id='line_1_102' title="bbox 502 5358 2058 5427; baseline -0.005 -10"><span class='ocrx_word' id='word_1_795' title='bbox 502 5364 811 5417; x_wconf 79' lang='lat' dir='ltr'><strong>deseratur:</strong></span> <span class='ocrx_word' id='word_1_796' title='bbox 836 5368 891 5414; x_wconf 88' lang='lat' dir='ltr'><strong>et</strong></span> <span class='ocrx_word' id='word_1_797' title='bbox 914 5359 1226 5413; x_wconf 88' lang='lat' dir='ltr'><strong>delictorum</strong></span> <span class='ocrx_word' id='word_1_798' title='bbox 1252 5358 1466 5412; x_wconf 81' lang='lat' dir='ltr'><strong>lsraelis</strong></span> <span class='ocrx_word' id='word_1_799' title='bbox 1495 5366 1603 5411; x_wconf 89' lang='lat' dir='ltr'><strong>tam</strong></span> <span class='ocrx_word' id='word_1_800' title='bbox 1629 5369 1869 5412; x_wconf 88' lang='lat' dir='ltr'><strong>veterum</strong></span> <span class='ocrx_word' id='word_1_801' title='bbox 1897 5372 2058 5427; x_wconf 88' lang='lat' dir='ltr'><strong>quam</strong></span> 
     </span>
    </p>
   </div>
   <div class='ocr_carea' id='block_1_103' title="bbox 503 5448 2057 5519">
    <p class='ocr_par' dir='ltr' id='par_1_103' title="bbox 503 5448 2057 5519">
     <span class='ocr_line' id='line_1_103' title="bbox 503 5448 2057 5519; baseline -0.004 -10"><span class='ocrx_word' id='word_1_802' title='bbox 503 5454 822 5519; x_wconf 87' lang='lat' dir='ltr'><strong>recentium,</strong></span> <span class='ocrx_word' id='word_1_803' title='bbox 853 5459 912 5505; x_wconf 91' lang='lat' dir='ltr'><strong>ut</strong></span> <span class='ocrx_word' id='word_1_804' title='bbox 938 5450 1068 5514; x_wconf 75' lang='lat' dir='ltr'><strong>dixi,</strong></span> <span class='ocrx_word' id='word_1_805' title='bbox 1116 5450 1379 5515; x_wconf 89' lang='lat' dir='ltr'><strong>meminit,</strong></span> <span class='ocrx_word' id='word_1_806' title='bbox 1426 5464 1626 5518; x_wconf 88' lang='lat' dir='ltr'><strong>eosque</strong></span> <span class='ocrx_word' id='word_1_807' title='bbox 1669 5450 1915 5503; x_wconf 84' lang='lat' dir='ltr'><strong>inimicos</strong></span> <span class='ocrx_word' id='word_1_808' title='bbox 1962 5448 2057 5503; x_wconf 87' lang='lat' dir='ltr'><strong>Dei</strong></span> 
     </span>
    </p>
   </div>
   <div class='ocr_carea' id='block_1_104' title="bbox 502 5541 2061 5607">
    <p class='ocr_par' dir='ltr' id='par_1_104' title="bbox 502 5541 2061 5607">
     <span class='ocr_line' id='line_1_104' title="bbox 502 5541 2061 5607; baseline -0.003 -7"><span class='ocrx_word' id='word_1_809' title='bbox 502 5561 620 5601; x_wconf 85' lang='lat' dir='ltr'><strong>esse</strong></span> <span class='ocrx_word' id='word_1_810' title='bbox 647 5542 903 5607; x_wconf 86' lang='lat' dir='ltr'><strong>ostendit,</strong></span> <span class='ocrx_word' id='word_1_811' title='bbox 943 5550 999 5595; x_wconf 90' lang='lat' dir='ltr'><strong>et</strong></span> <span class='ocrx_word' id='word_1_812' title='bbox 1030 5542 1186 5595; x_wconf 81' lang='lat' dir='ltr'><strong>valde</strong></span> <span class='ocrx_word' id='word_1_813' title='bbox 1211 5542 1452 5595; x_wconf 83' lang='lat' dir='ltr'><strong>crudeles</strong></span> <span class='ocrx_word' id='word_1_814' title='bbox 1478 5552 1531 5594; x_wconf 93' lang='lat' dir='ltr'><strong>et</strong></span> <span class='ocrx_word' id='word_1_815' title='bbox 1555 5541 1789 5595; x_wconf 88' lang='lat' dir='ltr'><strong>immites</strong></span> <span class='ocrx_word' id='word_1_816' title='bbox 1832 5557 1971 5604; x_wconf 77' lang='lat' dir='ltr'><strong>esse,</strong></span> <span class='ocrx_word' id='word_1_817' title='bbox 2006 5551 2061 5596; x_wconf 88' lang='lat' dir='ltr'><strong>et</strong></span> 
     </span>
    </p>
   </div>
   <div class='ocr_carea' id='block_1_105' title="bbox 499 5632 2055 5702">
    <p class='ocr_par' dir='ltr' id='par_1_105' title="bbox 499 5632 2055 5702">
     <span class='ocr_line' id='line_1_105' title="bbox 499 5632 2055 5702; baseline -0.003 -13"><span class='ocrx_word' id='word_1_818' title='bbox 499 5635 762 5691; x_wconf 66' lang='lat' dir='ltr'><strong>effrenato</strong></span> <span class='ocrx_word' id='word_1_819' title='bbox 801 5633 1002 5702; x_wconf 88' lang='lat' dir='ltr'><strong>impetu</strong></span> <span class='ocrx_word' id='word_1_820' title='bbox 1033 5633 1248 5686; x_wconf 90' lang='lat' dir='ltr'><strong>tendere</strong></span> <span class='ocrx_word' id='word_1_821' title='bbox 1287 5634 1353 5684; x_wconf 79' lang='lat' dir='ltr'><strong>ad</strong></span> <span class='ocrx_word' id='word_1_822' title='bbox 1399 5632 1578 5685; x_wconf 86' lang='lat' dir='ltr'><strong>omnia</strong></span> <span class='ocrx_word' id='word_1_823' title='bbox 1628 5647 1959 5702; x_wconf 74' lang='lat' dir='ltr'><strong>quaecunque</strong></span> <span class='ocrx_word' id='word_1_824' title='bbox 2005 5634 2055 5684; x_wconf 89' lang='lat' dir='ltr'><strong>in</strong></span> 
     </span>
    </p>
   </div>
   <div class='ocr_carea' id='block_1_106' title="bbox 2168 4897 3743 4969">
    <p class='ocr_par' dir='ltr' id='par_1_106' title="bbox 2168 4897 3743 4969">
     <span class='ocr_line' id='line_1_106' title="bbox 2168 4897 3743 4969; baseline 0.007 -18"><span class='ocrx_word' id='word_1_825' title='bbox 2168 4897 2614 4967; x_wconf 78' lang='grc' dir='ltr'>κληδανισμῶν,</span> <span class='ocrx_word' id='word_1_826' title='bbox 2638 4899 2778 4967; x_wconf 73' lang='grc' dir='ltr'><strong>ὠςή</strong></span> <span class='ocrx_word' id='word_1_827' title='bbox 2821 4898 2940 4951; x_wconf 73' lang='grc' dir='ltr'><strong>τῶν</strong></span> <span class='ocrx_word' id='word_1_828' title='bbox 2974 4901 3363 4969; x_wconf 62' lang='grc' dir='ltr'>ἀλλοφύλων,</span> <span class='ocrx_word' id='word_1_829' title='bbox 3410 4906 3509 4959; x_wconf 78' lang='grc' dir='ltr'>καὶ</span> <span class='ocrx_word' id='word_1_830' title='bbox 3560 4907 3743 4962; x_wconf 81' lang='grc' dir='ltr'>τέκνα</span> 
     </span>
    </p>
   </div>
   <div class='ocr_carea' id='block_1_107' title="bbox 2162 4989 3227 5059">
    <p class='ocr_par' dir='ltr' id='par_1_107' title="bbox 2162 4989 3227 5059">
     <span class='ocr_line' id='line_1_107' title="bbox 2162 4989 3227 5059; baseline 0.002 -15"><span class='ocrx_word' id='word_1_831' title='bbox 2162 4989 2487 5057; x_wconf 71' lang='grc' dir='ltr'>ἀλλόφυλα</span> <span class='ocrx_word' id='word_1_832' title='bbox 2513 4990 2895 5059; x_wconf 73' lang='grc' dir='ltr'>ἐγενήθησαν</span> <span class='ocrx_word' id='word_1_833' title='bbox 2911 4990 2980 5044; x_wconf 81' lang='grc' dir='ltr'><strong>ἐν</strong></span> <span class='ocrx_word' id='word_1_834' title='bbox 3004 4993 3227 5059; x_wconf 83' lang='grc' dir='ltr'>αὐτοῖς.</span> 
     </span>
    </p>
   </div>
   <div class='ocr_carea' id='block_1_108' title="bbox 2246 5080 3740 5163">
    <p class='ocr_par' dir='ltr' id='par_1_108' title="bbox 2246 5080 3740 5163">
     <span class='ocr_line' id='line_1_108' title="bbox 2246 5080 3740 5163; baseline 0.009 -32"><span class='ocrx_word' id='word_1_835' title='bbox 2246 5080 2613 5149; x_wconf 80' lang='grc' dir='ltr'>Ἀπολογείται</span> <span class='ocrx_word' id='word_1_836' title='bbox 2631 5083 2827 5153; x_wconf 82' lang='grc' dir='ltr'>τρόπον</span> <span class='ocrx_word' id='word_1_837' title='bbox 2852 5082 2974 5136; x_wconf 83' lang='grc' dir='ltr'>τινὰ</span> <span class='ocrx_word' id='word_1_838' title='bbox 3004 5084 3098 5136; x_wconf 75' lang='grc' dir='ltr'>καὶ</span> <span class='ocrx_word' id='word_1_839' title='bbox 3119 5084 3213 5139; x_wconf 91' lang='grc' dir='ltr'><strong>νῦν</strong></span> <span class='ocrx_word' id='word_1_840' title='bbox 3238 5087 3266 5139; x_wconf 89' lang='grc' dir='ltr'>ὁ</span> <span class='ocrx_word' id='word_1_841' title='bbox 3293 5089 3576 5161; x_wconf 83' lang='grc' dir='ltr'>προφήτης</span> <span class='ocrx_word' id='word_1_842' title='bbox 3598 5090 3740 5163; x_wconf 80' lang='grc' dir='ltr'>ὑπὲρ</span> 
     </span>
    </p>
   </div>
   <div class='ocr_carea' id='block_1_109' title="bbox 2162 5170 3738 5248">
    <p class='ocr_par' dir='ltr' id='par_1_109' title="bbox 2162 5170 3738 5248">
     <span class='ocr_line' id='line_1_109' title="bbox 2162 5170 3738 5248; baseline 0.008 -24"><span class='ocrx_word' id='word_1_843' title='bbox 2162 5170 2268 5225; x_wconf 84' lang='grc' dir='ltr'><strong>τῶν</strong></span> <span class='ocrx_word' id='word_1_844' title='bbox 2307 5171 2404 5225; x_wconf 87' lang='grc' dir='ltr'><strong>τοῦ</strong></span> <span class='ocrx_word' id='word_1_845' title='bbox 2435 5173 2570 5226; x_wconf 90' lang='grc' dir='ltr'>Θεοῦ</span> <span class='ocrx_word' id='word_1_846' title='bbox 2601 5174 2909 5245; x_wconf 87' lang='grc' dir='ltr'>κριμάτων,</span> <span class='ocrx_word' id='word_1_847' title='bbox 2941 5176 3036 5229; x_wconf 76' lang='grc' dir='ltr'>καὶ</span> <span class='ocrx_word' id='word_1_848' title='bbox 3079 5177 3368 5233; x_wconf 83' lang='grc' dir='ltr'>ἀποδίδωσι</span> <span class='ocrx_word' id='word_1_849' title='bbox 3412 5181 3511 5245; x_wconf 74' lang='grc' dir='ltr'>τὰς</span> <span class='ocrx_word' id='word_1_850' title='bbox 3558 5184 3738 5248; x_wconf 80' lang='grc' dir='ltr'>αίτίας</span> 
     </span>
    </p>
   </div>
   <div class='ocr_carea' id='block_1_110' title="bbox 2164 5263 3739 5342">
    <p class='ocr_par' dir='ltr' id='par_1_110' title="bbox 2164 5263 3739 5342">
     <span class='ocr_line' id='line_1_110' title="bbox 2164 5263 3739 5342; baseline 0.011 -27"><span class='ocrx_word' id='word_1_851' title='bbox 2164 5263 2259 5316; x_wconf 77' lang='grc' dir='ltr'><strong>τοῦ</strong></span> <span class='ocrx_word' id='word_1_852' title='bbox 2287 5264 2380 5317; x_wconf 79' lang='grc' dir='ltr'>καὶ</span> <span class='ocrx_word' id='word_1_853' title='bbox 2405 5265 2611 5337; x_wconf 88' lang='grc' dir='ltr'>σφόδρα</span> <span class='ocrx_word' id='word_1_854' title='bbox 2629 5266 2851 5330; x_wconf 87' lang='grc' dir='ltr'>δικαίως</span> <span class='ocrx_word' id='word_1_855' title='bbox 2870 5269 3107 5322; x_wconf 85' lang='grc' dir='ltr'>ἀνεῖσθαι</span> <span class='ocrx_word' id='word_1_856' title='bbox 3140 5272 3290 5342; x_wconf 86' lang='grc' dir='ltr'><strong>παρά</strong></span> <span class='ocrx_word' id='word_1_857' title='bbox 3317 5272 3451 5326; x_wconf 86' lang='grc' dir='ltr'>Θεοῦ</span> <span class='ocrx_word' id='word_1_858' title='bbox 3469 5274 3559 5329; x_wconf 85' lang='grc' dir='ltr'>τὸν</span> <span class='ocrx_word' id='word_1_859' title='bbox 3592 5272 3739 5334; x_wconf 80' lang='grc' dir='ltr'>οἶκον</span> 
     </span>
    </p>
   </div>
   <div class='ocr_carea' id='block_1_111' title="bbox 2165 5355 3735 5436">
    <p class='ocr_par' dir='ltr' id='par_1_111' title="bbox 2165 5355 3735 5436">
     <span class='ocr_line' id='line_1_111' title="bbox 2165 5355 3735 5436; baseline 0.01 -29"><span class='ocrx_word' id='word_1_860' title='bbox 2165 5355 2257 5408; x_wconf 83' lang='grc' dir='ltr'><strong>τοῦ</strong></span> <span class='ocrx_word' id='word_1_861' title='bbox 2300 5357 2531 5429; x_wconf 84' lang='grc' dir='ltr'>Ἰσραὴλ,</span> <span class='ocrx_word' id='word_1_862' title='bbox 2563 5361 2682 5429; x_wconf 70' lang='grc' dir='ltr'>ἦτοι</span> <span class='ocrx_word' id='word_1_863' title='bbox 2728 5359 2819 5415; x_wconf 81' lang='grc' dir='ltr'>τὸν</span> <span class='ocrx_word' id='word_1_864' title='bbox 2862 5360 2988 5413; x_wconf 84' lang='grc' dir='ltr'>λαὸν</span> <span class='ocrx_word' id='word_1_865' title='bbox 3043 5362 3226 5418; x_wconf 82' lang='grc' dir='ltr'>αὑτοῦ.</span> <span class='ocrx_word' id='word_1_866' title='bbox 3261 5364 3635 5436; x_wconf 82' lang='grc' dir='ltr'>Διαμέμνηται</span> <span class='ocrx_word' id='word_1_867' title='bbox 3655 5369 3735 5435; x_wconf 87' lang='grc' dir='ltr'>δὲ,</span> 
     </span>
    </p>
   </div>
   <div class='ocr_carea' id='block_1_112' title="bbox 2166 5448 3739 5529">
    <p class='ocr_par' dir='ltr' id='par_1_112' title="bbox 2166 5448 3739 5529">
     <span class='ocr_line' id='line_1_112' title="bbox 2166 5448 3739 5529; baseline 0.01 -29"><span class='ocrx_word' id='word_1_868' title='bbox 2166 5448 2243 5513; x_wconf 84' lang='grc' dir='ltr'>ὡς</span> <span class='ocrx_word' id='word_1_869' title='bbox 2273 5448 2427 5522; x_wconf 82' lang='grc' dir='ltr'>έφην,</span> <span class='ocrx_word' id='word_1_870' title='bbox 2457 5450 2699 5505; x_wconf 83' lang='grc' dir='ltr'>παλαιῶν</span> <span class='ocrx_word' id='word_1_871' title='bbox 2734 5469 2793 5504; x_wconf 84' lang='grc' dir='ltr'><strong>τε</strong></span> <span class='ocrx_word' id='word_1_872' title='bbox 2819 5453 2912 5506; x_wconf 77' lang='grc' dir='ltr'>καὶ</span> <span class='ocrx_word' id='word_1_873' title='bbox 2949 5454 3082 5506; x_wconf 86' lang='grc' dir='ltr'>νέων</span> <span class='ocrx_word' id='word_1_874' title='bbox 3118 5454 3605 5529; x_wconf 81' lang='grc' dir='ltr'>πλημμελημάτων</span> <span class='ocrx_word' id='word_1_875' title='bbox 3640 5465 3739 5517; x_wconf 80' lang='grc' dir='ltr'><strong>τοῦ</strong></span> 
     </span>
    </p>
   </div>
   <div class='ocr_carea' id='block_1_113' title="bbox 2179 5539 3739 5623">
    <p class='ocr_par' dir='ltr' id='par_1_113' title="bbox 2179 5539 3739 5623">
     <span class='ocr_line' id='line_1_113' title="bbox 2179 5539 3739 5623; baseline 0.01 -31"><span class='ocrx_word' id='word_1_876' title='bbox 2179 5539 2410 5611; x_wconf 83' lang='grc' dir='ltr'>Ἰσραὴλ,</span> <span class='ocrx_word' id='word_1_877' title='bbox 2443 5541 2758 5610; x_wconf 84' lang='grc' dir='ltr'>ἀφιλοθέους</span> <span class='ocrx_word' id='word_1_878' title='bbox 2808 5543 2968 5607; x_wconf 73' lang='grc' dir='ltr'>ὄντας</span> <span class='ocrx_word' id='word_1_879' title='bbox 3011 5545 3269 5618; x_wconf 76' lang='grc' dir='ltr'>ἐλέγχων,</span> <span class='ocrx_word' id='word_1_880' title='bbox 3320 5552 3413 5603; x_wconf 76' lang='grc' dir='ltr'><strong>καὶ</strong></span> <span class='ocrx_word' id='word_1_881' title='bbox 3444 5551 3579 5604; x_wconf 81' lang='grc' dir='ltr'>πολὺ</span> <span class='ocrx_word' id='word_1_882' title='bbox 3621 5551 3739 5623; x_wconf 83' lang='grc' dir='ltr'>βλέ-</span> 
     </span>
    </p>
   </div>
   <div class='ocr_carea' id='block_1_114' title="bbox 2164 5635 3741 5717">
    <p class='ocr_par' dir='ltr' id='par_1_114' title="bbox 2164 5635 3741 5717">
     <span class='ocr_line' id='line_1_114' title="bbox 2164 5635 3741 5717; baseline 0.01 -32"><span class='ocrx_word' id='word_1_883' title='bbox 2164 5649 2364 5698; x_wconf 87' lang='grc' dir='ltr'>ποντας</span> <span class='ocrx_word' id='word_1_884' title='bbox 2409 5637 2489 5698; x_wconf 86' lang='grc' dir='ltr'><strong>είς</strong></span> <span class='ocrx_word' id='word_1_885' title='bbox 2528 5635 2587 5687; x_wconf 82' lang='grc' dir='ltr'>τὸ</span> <span class='ocrx_word' id='word_1_886' title='bbox 2614 5636 2846 5706; x_wconf 82' lang='grc' dir='ltr'>ἀπηνὲς,</span> <span class='ocrx_word' id='word_1_887' title='bbox 2894 5638 2989 5690; x_wconf 80' lang='grc' dir='ltr'>καὶ</span> <span class='ocrx_word' id='word_1_888' title='bbox 3033 5639 3299 5709; x_wconf 82' lang='grc' dir='ltr'>ἀχαλίνως</span> <span class='ocrx_word' id='word_1_889' title='bbox 3352 5643 3547 5709; x_wconf 72' lang='grc' dir='ltr'>ἰόντας,</span> <span class='ocrx_word' id='word_1_890' title='bbox 3598 5646 3741 5717; x_wconf 82' lang='grc' dir='ltr'>πρὸς</span> 
     </span>
    </p>
   </div>
   <div class='ocr_carea' id='block_1_115' title="bbox 573 5782 2079 5869">
    <p class='ocr_par' dir='ltr' id='par_1_115' title="bbox 573 5782 2062 5860">
     <span class='ocr_line' id='line_1_115' title="bbox 573 5782 2062 5860; baseline -0.001 -16"><span class='ocrx_word' id='word_1_891' title='bbox 573 5788 619 5821; x_wconf 83' lang='grc'>⁸⁸</span> <span class='ocrx_word' id='word_1_892' title='bbox 682 5786 833 5844; x_wconf 86' lang='lat' dir='ltr'><strong>Joau.</strong></span> <span class='ocrx_word' id='word_1_893' title='bbox 870 5801 965 5851; x_wconf 81' lang='lat' dir='ltr'><strong>xu,</strong></span> <span class='ocrx_word' id='word_1_894' title='bbox 1003 5784 1090 5840; x_wconf 81' lang='lat'><strong>‘55.</strong></span> <span class='ocrx_word' id='word_1_895' title='bbox 1165 5782 1527 5851; x_wconf 73' lang='lat' dir='ltr'><strong>&quot;Joan.vnt,</strong></span> <span class='ocrx_word' id='word_1_896' title='bbox 1567 5785 1651 5841; x_wconf 71' lang='grc'><strong>12.</strong></span> <span class='ocrx_word' id='word_1_897' title='bbox 1708 5786 1770 5860; x_wconf 81' lang='lat'><strong>_&#39;°</strong></span> <span class='ocrx_word' id='word_1_898' title='bbox 1795 5786 1952 5843; x_wconf 79' lang='lat' dir='ltr'><strong>Mich.</strong></span> <span class='ocrx_word' id='word_1_899' title='bbox 1979 5803 2062 5855; x_wconf 88' lang='grc' dir='ltr'>ιιι,</span> 
     </span>
    </p>
   </div>
   <div class='ocr_carea' id='block_1_116' title="bbox 2182 5782 3625 5869">
    <p class='ocr_par' dir='ltr' id='par_1_116' title="bbox 2200 5789 3625 5869">
     <span class='ocr_line' id='line_1_116' title="bbox 2200 5789 3625 5869; baseline 0.008 -25"><span class='ocrx_word' id='word_1_900' title='bbox 2200 5789 2284 5844; x_wconf 74' lang='grc'><strong>12.</strong></span> <span class='ocrx_word' id='word_1_901' title='bbox 2357 5792 2401 5823; x_wconf 76' lang='grc'>’³</span> <span class='ocrx_word' id='word_1_902' title='bbox 2436 5789 2623 5850; x_wconf 73' lang='lat' dir='ltr'><strong>Matth.</strong></span> <span class='ocrx_word' id='word_1_903' title='bbox 2657 5807 2812 5859; x_wconf 68' lang='grc' dir='ltr'>χχιιι,</span> <span class='ocrx_word' id='word_1_904' title='bbox 2839 5793 2929 5862; x_wconf 79' lang='lat'><strong>57,</strong></span> <span class='ocrx_word' id='word_1_905' title='bbox 2955 5794 3042 5850; x_wconf 81' lang='grc'><strong>38.</strong></span> <span class='ocrx_word' id='word_1_906' title='bbox 3121 5795 3167 5829; x_wconf 77' lang='grc'><strong>’⁸</strong></span> <span class='ocrx_word' id='word_1_907' title='bbox 3197 5797 3402 5856; x_wconf 85' lang='lat' dir='ltr'><strong>Jerem.</strong></span> <span class='ocrx_word' id='word_1_908' title='bbox 3433 5814 3536 5869; x_wconf 80' lang='lat' dir='ltr'><strong>xu,</strong></span> <span class='ocrx_word' id='word_1_909' title='bbox 3568 5801 3625 5855; x_wconf 82' lang='lat'><strong>7.</strong></span> 
     </span>
    </p>
   </div>
  </div>
