4094 6366
266 526 334 580 ’ῐῖ
1435 522 1505 575 ΙΝ
1545 518 1781 576 ίδΜΔΜ
1823 518 1907 573 Lll

2010 518 2038 573 Ι.
2077 516 2293 574 ORAT.
2335 518 2400 571 ll.
3467 507 3537 563 ’τε
3595 558 3602 563 .

270 645 381 697 πᾶν
410 643 588 698 ὁτιοῦν
619 642 729 697 τῶν
772 642 1218 713 κατεψεγμένων,
1266 644 1359 696 καὶ
1388 643 1591 714 πολλὴν
1635 644 1859 714 ἔχοντας
1889 652 1907 706 ,Α

2010 641 2095 695 ilio
2127 651 2276 707 sunt,
2306 651 2359 694 et
2386 642 2613 694 multum
2648 652 2712 693 ex
2744 636 2861 706 lege
2891 633 3065 706 argui.
3090 634 3223 689 Nam
3250 638 3378 688 ante
3410 629 3541 687 Ser-

271 734 338 784 ὲκ
378 734 547 804 νόμου
576 735 675 805 τὴν
709 732 1006 802 καταϐοήν.
1038 732 1153 804 Πρὸ
1194 732 1294 803 μὲν
1331 733 1441 803 γὰρ
1462 734 1561 804 τῆς
1622 734 1717 786 τοῦ
1748 734 1862 786 Σω-

268 826 440 895 τῆρος
478 824 635 895 ἡμῶν
659 823 957 894 ἐπιδημίας
996 823 1152 891 ὀλίγα
1199 824 1622 895 πεφροντικότες
1650 824 1749 895 τῆς
1783 826 1863 887 εἰς

269 916 411 968 Θεὸν
448 916 647 979 αἰδοῦς,
683 918 777 968 καὶ
830 916 927 985 τῆς
984 915 1230 985 δοθείσης
1268 917 1453 979 αὐτοῖς
1500 916 1587 970 διὰ
1622 917 1866 979 Μωσέως

274 1008 501 1078 ἐντολῆς
526 1008 890 1078 ἀλογήσαντες
907 1048 920 1071 ,
955 1007 1311 1078 πολυτρόπως
1337 1008 1621 1079 ἡλίσκοντο
1641 1026 1655 1040 ·
1681 1010 1869 1081 δεδρά-

275 1118 430 1167 κασι,
454 1102 510 1154 δὲ
530 1101 615 1169 {ﬁt
640 1101 856 1154 πάντων
902 1102 1151 1173 χείριστα
1187 1102 1281 1154 καὶ
1321 1103 1402 1165 εἰς
1448 1103 1609 1155 αὐτὸν
1641 1102 1731 1155 τὸν
1760 1103 1869 1153 τῶν

279 1194 427 1249 ὅλων
470 1193 697 1263 Σωτῆρα
739 1194 993 1263 Χριστόν.
1050 1196 1356 1265 Ἐξηγεῖται
1411 1194 1701 1265 τοιγαροῦν
1741 1196 1871 1247 ποτὲ

282 1286 391 1357 μὲν
429 1285 526 1355 τῆς
555 1286 636 1349 είς
664 1286 755 1339 τὸν
795 1286 957 1354 νόμον
1017 1286 1277 1357 ἀπονοίας
1332 1286 1514 1340 αὐτῶν
1557 1287 1627 1340 τὰ
1669 1288 1870 1357 ἐγκλή-

287 1395 461 1447 ματα,
512 1378 605 1430 καὶ
649 1378 750 1441 τὰς
784 1378 875 1429 ἐπὶ
921 1377 1095 1447 τούτῳ
1150 1356 1323 1444 δίκας,
1372 1378 1436 1440 ἃς
1474 1378 1761 1449 ὲξῄτηνται
1797 1378 1875 1430 δι-

286 1471 483 1534 καίως,
516 1470 897 1540 πολεμούντων
927 1471 1112 1532 αὐτοῖς
1140 1469 1199 1521 τὸ
1236 1470 1489 1539 τηνικάδε
1525 1469 1748 1540 Περσῶν
1782 1470 1875 1522 καὶ

286 1560 667 1622 Βαϐυλωνίων,
734 1560 1065 1630 Ἰδουμαίων,
1144 1560 1481 1630 Ἑλαμιτῶν,
1534 1562 1628 1613 καὶ
1674 1560 1875 1631 ἐτέρων

290 1655 484 1707 ἐθνῶν·
542 1654 670 1707 ποτὲ
708 1653 765 1705 δὲ
803 1656 902 1724 τῆς
934 1652 1076 1707 κατὰ
1122 1651 1360 1724 Χριστοῦ
1413 1652 1611 1723 μανίας
1657 1652 1880 1719 ἐγκαλεῖ

290 1750 420 1811 τους
453 1748 708 1817 τρόπους,
742 1746 836 1799 καὶ
864 1748 966 1799 ὅσα
990 1745 1307 1816 συμϐέϐηκε
1339 1744 1543 1814 ταύτης
1582 1744 1744 1797 ἕνεκα
1779 1743 1879 1813 τῆς

290 1836 474 1897 αἰτίας
511 1833 702 1887 παθεῖν
742 1833 959 1895 αὐτοὺς,
1015 1834 1568 1903 καταστρατευόντων
1610 1830 1713 1901 τῆς
1758 1831 1882 1884 ’1ου-

291 1926 452 1988 Eafa;
485 1926 705 1993 ἁπάσης
731 1925 833 1994 τὴν
864 1924 968 1976 ὑπὸ
1003 1926 1162 1994 χεῖρα
1214 1922 1425 1993 πληθὺν
1473 1918 1880 1977 Οὐεσπασιανοῦ

1968 736 2173 787 vatoris
2214 732 2383 787 nostri
2447 731 2760 795 adventum,
2811 726 3136 784 verecundia
3195 740 3323 796 erga
3370 725 3541 779 Deum

1966 826 2196 895 abiecta,
2234 834 2288 878 et
2315 823 2551 879 mandati
2582 837 2677 893 per
2707 821 2925 895 Moysen
2954 822 3060 876 illis
3088 818 3199 875 dati
3252 817 3396 872 nulla
3451 832 3544 871 ra-

1970 920 2116 973 tione
2148 919 2353 985 habita,
2408 918 2591 972 multis
2642 916 2948 971 nominibus
2992 915 3070 969 rei
3119 911 3542 983 peragebantur,

1972 1022 2135 1080 atque
2162 1011 2215 1065 in
2248 1012 2625 1066 universorum
2660 1006 3007 1064 Servatorem
3053 1006 3327 1062 Christum
3370 1004 3548 1073 ipsum

1972 1104 2203 1171 pessima
2236 1116 2463 1171 quaeque
2507 1101 2773 1155 fecerunt.
2814 1098 3211 1165 Nonnunquam
3252 1095 3417 1166 igitur
3452 1107 3551 1149 eo-

1976 1208 2091 1245 rum
2124 1207 2250 1261 erga
2288 1192 2458 1260 legem
2494 1189 2719 1260 ﬂagitia,
2748 1198 2800 1242 et
2828 1189 2897 1241 ob
2934 1187 2984 1241 id
3016 1185 3301 1255 supplicia,
3336 1198 3457 1254 qua:
3480 1184 3549 1237 de

1977 1283 2083 1337 illis
2106 1282 2230 1350 jure
2255 1292 2469 1351 sumpta
2523 1289 2667 1344 sunt,
2703 1279 2926 1348 exponit
2971 1299 2985 1333 :
3049 1278 3248 1333 bellum
3294 1292 3417 1333 cum
3445 1275 3552 1331 illis

1980 1386 2107 1430 tunc
2139 1375 2452 1445 gerentibus
2473 1374 2676 1438 Persis,
2694 1383 2750 1427 et
2777 1371 3106 1443 Babyloniis,
3130 1371 3401 1435 ldumaeis,
3425 1369 3555 1424 Ela-

1980 1467 2127 1521 mitis
2148 1466 2376 1536 aliisque
2407 1466 2682 1535 gentibus.
2718 1464 2867 1518 Alias
2908 1478 3040 1518 vero
3078 1462 3316 1517 furorem
3362 1473 3555 1517 contra

1980 1560 2254 1614 Christum
2311 1559 2537 1628 objicit,
2570 1567 2625 1609 et
2671 1570 3007 1625 quaecunque
3043 1570 3162 1609 eam
3216 1554 3286 1609 ob
3336 1569 3555 1609 causam

1982 1651 2090 1720 pati
2127 1665 2222 1705 eos
2254 1651 2577 1719 contigerat,
2610 1648 2944 1717 Vespasiano
2975 1655 3030 1700 et
3070 1646 3194 1701 Tito
3246 1646 3556 1701 universam

1980 1743 2222 1799 Iudaeam
2257 1741 2688 1811 subjugantibus.
2733 1740 2963 1794 Proinde
2999 1740 3053 1793 in
3085 1738 3376 1808 praesentia
3407 1754 3564 1793 com-

1984 1844 2251 1889 memorat
2282 1833 2441 1889 nobis
2470 1835 2557 1887 hic
2585 1847 2763 1887 sermo
2790 1847 2910 1901 quae
2950 1830 3168 1885 fuerunt
3196 1841 3322 1886 ante
3361 1832 3561 1888 Christi

1986 1927 2276 1982 adventum
2306 1924 2546 1979 Judaica:
2566 1923 2861 1994 Synaguga:
2883 1921 3100 1987 delicta,
3119 1937 3292 1992 eaque
3318 1923 3386 1978 de
3403 1938 3566 1978 causa

293 2034 356 2069 τε
416 2016 513 2068 καὶ
549 2016 733 2067 Τίτου.
777 2013 1082 2083 Ἑξηγεῖται
1129 2013 1309 2066 τοίνυν
1348 2012 1409 2065 τὸ
1450 2012 1622 2083 παρὸν
1659 2013 1688 2064 6
1729 2012 1883 2080 λόγος

2010 2021 2233 2074 eliciam
2265 2019 2418 2082 dicit,
2452 2018 2503 2072 id
2533 2027 2651 2083 est,
2682 2032 2709 2068 a
2744 2015 2854 2070 Deo
2884 2015 3142 2085 populum
3194 2032 3351 2073 suum
3391 2016 3565 2072 hosti-

296 2110 433 2178 ἡμῖν
471 2106 542 2158 τὰ
571 2107 677 2176 πρὸ
711 2108 812 2175 τῆς
844 2104 1159 2175 ἐπιδημίας,
1189 2107 1288 2176 τῆς
1324 2104 1593 2157 Ἰουδαίων
1634 2103 1889 2171 Συναγω-

295 2201 403 2269 γῆς
438 2199 883 2270 πλημμελήματα
903 2213 915 2225 ·
958 2196 1164 2268 ταύτης
1206 2196 1371 2251 ἓνεκα
1405 2197 1505 2268 τῆς
1536 2196 1715 2260 αίτίας
1743 2196 1890 2250 ἀνεῖ-

301 2292 430 2345 σθαί
463 2307 616 2361 φησι,
638 2289 783 2343 τοῦτ’
804 2288 939 2355 ἔστι,
970 2288 1215 2341 δεδόσθαι
1234 2290 1346 2352 τοῖς
1364 2287 1577 2359 ἐχθροῖς
1591 2285 1743 2356 παρὰ
1756 2284 1892 2340 Θεοῦ

299 2388 396 2437 τὸν
429 2385 556 2437 λαὸν
590 2382 779 2449 αὑτοῦ,
808 2381 899 2435 διά
915 2399 997 2434 τοι
1016 2381 1077 2434 τὸ
1104 2383 1268 2436 πάλιν
1295 2381 1511 2435 ἑλέσθαι
1537 2382 1712 2433 νοσεῖν
1745 2378 1813 2432 τὰ
1837 2380 1897 2432 ὲν

301 2480 523 2547 ἀρχαῖς,
550 2476 643 2528 καὶ
659 2476 1094 2546 παλινδρομῆσαι
1120 2475 1255 2545 πρὸς
1278 2474 1601 2543 ἀνοσιότητα
1628 2472 1727 2543 τὴν
1751 2469 1900 2543 πρώ-

304 2586 427 2639 την.
468 2568 877 2639 Λελατρεύκασι
918 2568 1017 2638 μὲν
1042 2567 1151 2638 γὰρ
1180 2570 1237 2619 ὲν
1258 2566 1522 2637 Αἰγύπτῳ
1552 2568 1663 2628 τοῖς
1697 2566 1900 2635 ἐπιχω-

308 2660 451 2729 ρίοις
488 2658 629 2721 θεοῖς
658 2660 778 2729 ἦτοι
799 2658 1048 2728 δαίμοσιν
1069 2674 1083 2687 ’
1116 2654 1239 2711 εἶτα
1284 2656 1650 2729 λελύτρωνται
1670 2655 1759 2708 διὰ
1773 2656 1902 2708 Μω-

310 2751 452 2815 σέως
507 2750 640 2804 Θεοῦ
677 2751 1165 2822 κατοικτείροντος,
1224 2748 1631 2820 ἀπηλλάττοντό
1666 2764 1727 2800 τε
1766 2745 1901 2818 ὁμοῦ

309 2845 550 2915 ψυχικῆς
576 2862 635 2897 τε
660 2845 776 2916 ἅμα
805 2845 902 2898 καὶ
933 2844 1202 2915 σαρκικῆς
1236 2844 1505 2908 δουλείας.
1549 2844 1761 2910 Ὥσπερ
1796 2840 1905 2911 γὰρ

311 2937 680 2989 ἁπεσείσαντο
710 2935 811 3006 τῆς
848 2934 1165 3003 Αἰγυπτίων
1207 2933 1525 3001 πλεονεξίας
1554 2936 1647 2989 τὸν
1695 2936 1858 3003 ζυγόν
1887 2948 1901 2964 ⁸

313 3030 465 3083 οὕτω
498 3030 595 3081 καὶ
634 3028 734 3098 τῆς
790 3028 901 3079 τῶν
948 3024 1220 3096 δαιμόνων
1262 3026 1583 3095 σκαιότητος
1629 3018 1958 3096 ἀπηλλάτ-ο’⁹

315 3134 499 3184 τοντο,
548 3114 905 3186 λατρεύοντες
972 3115 1071 3184 μὲν
1119 3113 1305 3167 οὐκέτι
1356 3116 1470 3178 τοῖς
1536 3115 1909 3187 ψευδωνύμως

321 3210 490 3275 θεοῖς,
523 3209 673 3280 νόμῳ
707 3208 765 3261 δὲ
796 3207 996 3278 μᾶλλον
1023 3206 1101 3277 τῷ
1121 3206 1210 3260 διὰ
1242 3206 1487 3270 Μωσέως
1527 3208 1910 3277 παιδαγωγού-

325 3320 481 3375 μενοι
514 3303 649 3374 πρὸς
679 3300 738 3354 τὸ
765 3299 983 3371 ἀληθὲς,
1016 3298 1112 3352 ἕνα
1138 3315 1199 3351 τε
1240 3299 1333 3351 καὶ
1373 3298 1533 3369 φύσει
1570 3300 1663 3352 καὶ
1695 3298 1911 3370 ἀληθῶς

323 3396 787 3466 ἰπιγινώσκοντες
819 3392 975 3447 Θεόν.
1014 3393 1251 3446 Ἤκουον
1276 3393 1385 3463 γὰρ
1416 3392 1832 3462 νομοθετοῦντός
1850 3410 1910 3447 τε

321 3491 423 3544 καὶ
464 3488 717 3555 λέγοντος
752 3486 809 3539 ἐν
840 3484 1066 3557 Χωρήϐ·
1106 3503 1124 3536 ι
1156 3483 1233 3539 Οὐ
1266 3485 1512 3556 ποιήσεις
1547 3484 1730 3555 σαυτῷ
1758 3486 1916 3539 εἴδω-

322 3582 441 3645 ὶον,
468 3580 592 3633 οὐδὲ
619 3579 823 3641 παντὸς
859 3578 1135 3649 ὁμοίωμα,
1171 3577 1273 3630 ὅσα
1306 3578 1364 3630 ὲν
1397 3573 1476 3648 τῷ
1507 3576 1722 3649 οὐρανῷ
1779 3577 1914 3644 ἄνω,

325 3674 427 3727 καὶ
452 3673 557 3725 ὅσα
587 3674 645 3724 ὲν
668 3673 736 3741 τῇ
765 3672 836 3739 γῇ
872 3669 1043 3732 κάτω,
1074 3668 1170 3722 καὶ
1194 3668 1295 3721 ὅσα
1326 3669 1386 3720 ὲν
1414 3670 1527 3731 τοῖς
1562 3667 1749 3722 ὕδασιν
1780 3668 1915 3722 ὑπο-

326 3767 486 3818 κάτω
516 3765 617 3835 τῆς
654 3766 777 3833 γῆς.
827 3762 901 3815 Οὐ
950 3762 1350 3831 προσκυνήσεις
1383 3761 1567 3824 αὐτοῖς
1591 3778 1604 3792 ·
1642 3761 1754 3830 ἐγὼ
1808 3762 1918 3833 γάρ

328 3861 449 3929 εἰμι
504 3857 709 3927 Κύριος
737 3857 765 3908 6
790 3853 924 3917 Θεὸς
955 3869 1070 3908 σου.
1105 3872 1124 3905 ι
1159 3852 1473 3923 Γέγραπται
1518 3852 1575 3906 δὲ
1616 3854 1711 3907 καὶ
1752 3855 1811 3906 ὲν
1840 3853 1921 3925 τῷ

329 3949 740 4020 Δευτερονομίῳ
768 3963 780 3977 ·
819 3966 839 3998 ι
882 3946 1007 3999 Ἐὰν
1048 3946 1106 4001 δὲ
1159 3945 1406 4019 εἰσέλθῃς
1430 3947 1511 4009 εἰς
1537 3945 1636 4017 τήν
1682 3946 1805 4017 γῆν,
1855 3947 1923 4018 ἣν

331 4044 542 4115 Κύριος
571 4045 600 4095 6
623 4040 757 4103 Θεός
788 4056 880 4092 σου
900 4038 1080 4092 δίδωσί
1106 4054 1207 4104 σοι,
1238 4039 1299 4090 οὐ
1332 4038 1551 4109 μαθήσῃ
1576 4042 1748 4091 ποιεῖν
1781 4039 1925 4091 κατὰ

332 4137 406 4189 τὰ
432 4132 777 4205 βδελύγματα
803 4130 913 4184 τῶν
948 4130 1115 4183 ἐθνῶν
1142 4128 1385 4182 ἐκείνων.
1421 4130 1534 4200 Οὐχ
1566 4128 1923 4201 εὑρεθήσεται

335 4229 398 4280 ἓν
426 4228 510 4278 σοὶ
536 4222 944 4295 περικαθαίρων
975 4220 1066 4274 τὸν
1096 4221 1210 4275 υἱὸν
1231 4220 1418 4288 αὑτοῦ,
1456 4222 1489 4292 ἢ
1523 4221 1623 4293 τὴν
1647 4221 1925 4294 θυγατέρα

335 4319 508 4374 αὑτοῦ
543 4320 600 4371 ὲν
652 4317 809 4387 πυρί.
844 4314 1259 4384 Μαντευόμενος
1292 4313 1570 4384 μαντείαν,
1603 4315 1697 4369 καὶ
1732 4313 1925 4383 κληδο-

338 4404 646 4474 νιζόμενος,
695 4402 791 4454 καὶ
834 4400 1234 4470 οἰωνιζόμενος,
1294 4397 1606 4469 φαρμακὸς,
1657 4398 1925 4461 ὲπαοιδὸς,

339 4494 809 4565 ἐγγαστρίμυθος,
859 4492 955 4545 καὶ
1022 4490 1439 4560 τερατοσκόπος,
1498 4492 1592 4542 καὶ
1633 4487 1928 4561 ἐπερωτῶν

339 4590 469 4651 τοὺς
496 4585 743 4656 νεκρούς.
784 4583 941 4635 Ἐστι
985 4581 1091 4653 γὰρ
1144 4580 1422 4651 βδέλυγμα
1464 4579 1655 4650 Κυρίῳ
1699 4578 1778 4648 τῷ
1809 4578 1929 4649 Θεῷ

1989 2115 2091 2169 bus
2121 2114 2403 2174 traditum,
2434 2119 2715 2181 propterea
2741 2108 2885 2177 quod
2912 2107 3186 2177 prioribus
3211 2108 3359 2163 vitiis
3388 2108 3567 2163 denuo

2000 2201 2253 2259 laborare
2286 2202 2574 2265 maluerat,
2600 2198 2863 2254 et‘flenuo
2888 2200 2954 2253 ad
2980 2198 3208 2267 primam
3237 2200 3570 2268 impietatem

1995 2309 2299 2353 recurrere.
2334 2294 2547 2349 Etenim
2584 2292 2636 2347 in
2658 2291 2897 2363 Egypto
2928 2291 3195 2360 indigenis
3218 2300 3271 2345 et
3293 2292 3574 2362 gentilitiis

1996 2388 2102 2444 diis
2147 2401 2243 2443 seu
2278 2386 2611 2442 daemonibus
2659 2384 2986 2449 servierunt,
3036 2384 3161 2438 dein
3209 2398 3306 2451 per
3354 2383 3573 2456 Moysen

1999 2480 2110 2535 Deo
2134 2478 2556 2535 commiserante
2582 2475 2846 2545 redempti
2874 2482 3022 2543 sunt,
3050 2484 3105 2529 et
3126 2474 3293 2529 animi
3324 2474 3475 2544 juxta
3511 2492 3577 2532 ac

2000 2573 2184 2628 carnis
2211 2571 2475 2627 servitute
2525 2568 2761 2624 liberati.
2803 2566 3269 2634 Quemadmodum
3308 2567 3453 2623 enim
3484 2584 3581 2624 ex-

2000 2672 2291 2723 cusserant
2338 2661 2682 2732 Egyptiaca:
2731 2658 3037 2731 tyrannidis
3068 2660 3287 2730 jugum,
3339 2660 3418 2714 sic
3465 2671 3520 2716 et
3548 2675 3580 2715 a

2010 2757 2316 2811 (latronum
2354 2753 2517 2821 impia
2558 2751 2765 2805 saevitia
2802 2750 3324 2814 eximebantur,nec
3351 2751 3584 2823 amplius

2009 2848 2148 2903 falso
2179 2845 2472 2902 nominatis
2496 2845 2601 2899 diis
2633 2842 2959 2909 servierunt,
2993 2843 3089 2899 sed
3134 2841 3251 2914 lege
3280 2843 3459 2913 potius
3486 2860 3584 2915 per

2009 2940 2227 3012 Moysen
2267 2938 2333 2992 ad
2384 2939 2665 2993 veritatem
2714 2933 2978 2999 instituti,
3011 2950 3175 2989 unum
3204 2942 3259 2990 et
3306 2947 3500 2993 natura
3530 2944 3589 2993 et

2010 3045 2139 3086 vere
2165 3029 2333 3084 Deum
2368 3038 2726 3099 agnoverunt.
2772 3024 3040 3092 Quoniam
3069 3025 3392 3083 audiverunt
3437 3043 3584 3093 eum,

2010 3133 2066 3177 et
2092 3122 2262 3192 legem
2294 3119 2553 3175 ferentem
2584 3130 2641 3173 et
2681 3119 2953 3174 dicentem
2982 3118 3036 3172 in
3066 3117 3280 3174 Choreb
3327 3132 3344 3172 :
3391 3138 3409 3171 ι
3464 3117 3587 3174 Non

2015 3214 2186 3270 facies
2220 3213 2315 3269 tibi
2349 3213 2571 3276 idolum,
2606 3226 2707 3265 nec
2743 3212 2985 3265 omnium
3018 3210 3430 3266 similitudinem
3468 3227 3592 3282 quae

2016 3307 2071 3362 in
2100 3306 2238 3363 caelo
2258 3319 2496 3367 sursum,
2529 3314 2584 3359 et
2617 3318 2740 3372 quae
2793 3303 2847 3357 in
2889 3313 3030 3357 terra
3071 3303 3348 3370 deorsum,
3379 3315 3436 3359 et
3471 3320 3593 3373 quae

2015 3400 2068 3455 in
2099 3398 2255 3469 aquis
2280 3397 2381 3451 sub
2411 3405 2555 3450 terra
2585 3414 2599 3450 :
2641 3410 2746 3448 non
2776 3395 3032 3447 adorabis
3048 3409 3110 3449 ea
3151 3413 3163 3448 :
3216 3394 3328 3465 Ego
3357 3411 3594 3467 namque

2015 3506 2136 3548 sum
2168 3490 2425 3544 Dominus
2451 3488 2593 3542 Deus
2626 3496 2749 3540 tuus
2778 3484 2845 3540 ".
2885 3504 2904 3536 ›
2934 3484 3073 3551 Quin
3128 3496 3184 3541 et
3211 3487 3472 3557 scriptum
3508 3498 3595 3545 est

2022 3585 2077 3639 in
2134 3580 2601 3637 Deuteronomio:
2644 3598 2663 3630 ι
2698 3578 2755 3633 Si
2792 3593 2919 3632 vero
2974 3578 3262 3633 intraveris
3290 3580 3342 3634 in
3389 3589 3595 3636 terram

2017 3688 2181 3745 quam
2210 3672 2469 3727 Dominus
2501 3669 2646 3725 Deus
2675 3669 2767 3723 dat
2802 3670 2918 3733 tibi,
2939 3668 3049 3741 42
3074 3685 3177 3723 non
3198 3670 3373 3727 disces
3406 3672 3589 3731 facere

2018 3766 2174 3835 juxta
2204 3762 2635 3819 abominationes
2667 3762 2905 3831 gentium
2937 3763 3171 3826 illarum,
3200 3778 3304 3817 non
3359 3768 3600 3836 reperie-

2022 3859 2181 3913 turin
2211 3864 2264 3910 te
2288 3854 2452 3909 filiqu
2492 3868 2648 3908 suum
2681 3861 2773 3905 aut
2800 3852 2962 3907 ﬁliam
2994 3869 3146 3908 suam
3177 3854 3411 3911 lustrans
3453 3858 3599 3927 igne.

2023 3950 2324 4004 vaticinans
2362 3945 2635 4008 vaticinia,
2670 3952 2725 3998 et
2755 3944 3021 4010 divinans,
3064 3956 3119 4000 et
3153 3962 3380 4017 auspex,
3419 3959 3476 4004 et
3502 3965 3600 4007 ve-

2025 4044 2255 4108 neficus,
2286 4052 2342 4096 et
2361 4041 2695 4107 incantatur,
2720 4040 3113 4111 ventriloquus,
3132 4052 3186 4097 et
3216 4044 3600 4115 praestigiator,

2026 4145 2082 4189 et
2113 4134 2688 4189 sciscitans'mortuos.
2709 4133 2807 4186 Est
2834 4132 2978 4187 enim
3011 4133 3341 4188 abominatio
3374 4136 3605 4191 Domino

2029 4226 2141 4281 Deo
2157 4236 2247 4280 tuo
2269 4224 2516 4294 quisquis
2532 4225 2692 4280 faciet
2712 4225 2843 4278 haec.
2866 4224 3145 4280 Perfectus
3162 4226 3272 4281 eris
3303 4243 3483 4283 coram
3503 4231 3607 4285 Do-

2029 4314 2301 4372 minoDeo
2322 4324 2432 4369 tuo.
2450 4314 2653 4369 Gentes
2677 4316 2820 4369 enim
2836 4314 3209 4385 illanquarum
3231 4316 3603 4373 haereditatem

2031 4408 2287 4477 accipies,
2313 4407 2676 4460 divinationes
2701 4416 2755 4459 et
2788 4405 3200 4461 vaticinationes
3216 4407 3462 4463 audient.
3483 4406 3607 4463 Tibi

2031 4509 2212 4555 autem
2238 4514 2347 4553 non
2366 4497 2449 4553 sic
2472 4497 2622 4552 dedit
2637 4496 2903 4551 Dominus
2920 4498 3061 4553 Deus
3083 4498 3280 4553 tuus".
3295 4517 3314 4550 υ
3339 4496 3464 4554 Haec
3483 4500 3606 4570 qui.

2033 4592 2152 4646 dem
2173 4589 2280 4644 lex.
2296 4589 2429 4655 Quia
2448 4604 2573 4642 vero
2593 4589 2664 4641 illi
2682 4588 2825 4642 leves
2846 4598 2899 4642 et
2921 4589 3149 4644 mobiles
3173 4597 3350 4655 erant,
3375 4600 3432 4646 et
3455 4592 3610 4646 valde

345 4696 440 4732 σου
470 4680 580 4741 πᾶς
614 4675 783 4728 ποιῶν
821 4673 1010 4728 ταῦτα.
1042 4668 1258 4734 Τέλειος
1301 4670 1399 4743 ἔσῃ
1443 4670 1682 4723 ἐναντίον
1720 4669 1907 4740 Κυρίοι

2036 4683 2100 4736 ad
2119 4683 2497 4747 defectionem,
2516 4681 2722 4735 scilicet
2754 4696 2782 4732 ιι
2806 4683 2939 4743 Deo,
2964 4681 3255 4749 proclives,
3278 4681 3420 4737 aliud
3448 4697 3611 4753 porro

346 4791 463 4827 σου.
497 4774 579 4826 Τὰ
620 4772 728 4842 γὰρ
763 4770 891 4839 ἔθνη
939 4768 1129 4833 ταῦτα,
1180 4766 1273 4830 οὓς
1321 4768 1385 4820 σὺ
1428 4767 1930 4837 κατακληρονομεῖς

345 4868 568 4929 αὐτοὺς,
591 4859 738 4917 οῦτοι
757 4860 1128 4934 κληδονισμῶν
1156 4859 1251 4914 καὶ
1291 4858 1557 4929 μαντειῶν
1586 4858 1929 4912 ἀκούσονται.

348 4959 460 5011 Καὶ
488 4960 572 5010 σοὶ
593 4957 692 5026 οὐχ
721 4954 896 5017 οὕτως
936 4954 1100 5006 ἔδωκε
1135 4951 1337 5022 Κύριος
1365 4953 1393 5004 6
1435 4950 1567 5015 Θεός
1616 4967 1731 5004 σου.
1773 4969 1791 5002 ι
1822 4950 1933 5003 Καὶ

347 5051 525 5103 ταῦτα
566 5050 665 5118 μὲν
704 5050 734 5100 6
756 5047 941 5117 νόμος·
971 5044 1156 5116 ἐπειδὴ
1192 5046 1249 5098 δὲ
1278 5040 1419 5116 ἦσαν
1465 5044 1936 5115 εὐπαρακόμιστοι

348 5144 447 5197 καὶ
487 5140 622 5193 πολὺ
655 5138 718 5211 δὴ
745 5137 866 5191 λίαν
896 5137 1103 5206 ἕτοιμοι
1137 5136 1273 5207 πρὸς
1326 5133 1649 5199 ἀπόστασιν,
1682 5133 1840 5202 δῆλον
1881 5131 1939 5184 δὲ

350 5238 434 5290 ὃτι
466 5234 569 5305 τὴν
601 5231 710 5287 ἀπὸ
732 5229 891 5295 Θεοῦ,
918 5226 1364 5298 προσενομοθέτει
1394 5226 1568 5295 λέγων
1592 5243 1606 5257 ο
1652 5245 1670 5277 ι
1723 5224 1848 5279 Ἐὰν
1878 5224 1937 5277 δὲ

350 5328 627 5400 εἰσαγάγῃ
659 5344 719 5381 σε
759 5327 789 5379 6
830 5324 1033 5396 Κύριος
1062 5327 1090 5377 6
1115 5323 1248 5385 Θεὸς
1289 5323 1368 5384 εἰς
1418 5322 1516 5390 τὴν
1570 5319 1695 5388 γῆν,
1753 5320 1832 5380 εἰς
1870 5318 1937 5387 ἢν

353 5424 605 5497 πορεύσῃ
644 5422 761 5474 ἐκεῖ
804 5417 1230 5488 κληρονομῆσαι,
1270 5414 1363 5466 καὶ
1400 5411 1612 5482 ὲξαρεῖς
1659 5410 1787 5482 ἔθνη
1842 5426 1937 5480 με-

352 5518 521 5586 γάλα,
562 5514 660 5567 καὶ
705 5511 875 5565 πολλὰ
933 5510 1028 5563 καὶ
1080 5507 1277 5579 ισχυρὰ
1329 5504 1436 5576 πρὸ
1487 5502 1779 5575 προσώπου
1843 5518 1937 5555 σου

355 5610 467 5678 (τὸν
496 5608 651 5661 δεῖνα
681 5605 835 5674 φησι,
864 5602 958 5656 καὶ
994 5600 1085 5655 τὸν
1127 5600 1320 5670 δεῖνα),
1365 5599 1459 5652 καὶ
1486 5596 1715 5667 παραδῷ
1745 5597 1940 5658 αὐτοὺς

357 5702 561 5772 Κύριος
590 5702 620 5754 6
644 5698 774 5761 Θεός
810 5713 904 5749 σου
941 5696 1020 5758 εἰς
1048 5694 1237 5766 χεῖράς
1269 5710 1384 5757 σου,
1420 5691 1515 5745 καὶ
1560 5688 1820 5754 πατάξεις
1848 5689 1943 5742 αύ-

360 5795 505 5858 τούς.
550 5788 872 5862 ’Δφανισμῷ
913 5790 1159 5858 ἀφανιεῖς
1188 5786 1408 5849 αὐτοὺς,
1450 5784 1509 5837 οὺ
1556 5782 1790 5855 διαθήσῃ
1848 5782 1945 5835 αὑ-

2035 4774 2301 4845 ρτιιιοίρίι,
2344 4774 2570 4828 dicens:
2601 4793 2619 4825 ι
2663 4773 2718 4827 Si
2748 4787 2875 4827 vero
2919 4774 3223 4828 introducat
3257 4783 3309 4829 te
3352 4774 3612 4833 Dominus

2040 4872 2182 4924 Deus
2212 4868 2267 4922 in
2309 4874 2536 4930 terram,
2557 4867 2622 4920 ad
2651 4881 2811 4934 quam
2844 4866 3235 4935 proﬁcisceris,
3285 4876 3345 4921 ut
3390 4868 3465 4923 ibi
3498 4883 3613 4924 sor-

2040 4970 2147 5016 tem
2179 4958 2440 5027 aceipias,
2462 4968 2518 5012 et
2551 4958 2781 5028 ejeeeris
2804 4966 2996 5027 gentes
3024 4972 3250 5027 magnas
3274 4968 3332 5014 et
3363 4962 3614 5017 robustas

2041 5059 2170 5105 ante
2205 5049 2401 5104 faciem
2442 5058 2586 5104 tuam
2623 5048 2824 5120 (aliam
2882 5057 3048 5116 atque
3096 5048 3256 5103 aliam
3298 5050 3613 5120 nominat),

2038 5152 2095 5198 et
2140 5140 2429 5196 tradiderit
2481 5153 2574 5194 eas
2639 5139 2899 5194 Dominus
2951 5137 3093 5193 Deus
3145 5148 3268 5193 tuus
3311 5140 3365 5194 in
3422 5157 3614 5196 manus

2034 5243 2190 5298 .tuas,
2221 5245 2429 5300 easque
2456 5231 2793 5299 percusseris
2819 5247 2835 5284 :
2872 5226 3099 5284 delendo
3122 5229 3326 5286 delebis
3355 5246 3470 5295 eas,
3506 5246 3615 5287 non

2043 5325 2209 5379 feries
2241 5338 2362 5378 cum
2418 5322 2500 5377 eis
2537 5322 2736 5388 fmdus,
2793 5335 2969 5390 neque
3009 5322 3356 5377 misereberis
3404 5338 3615 5387 earum,

2044 5430 2218 5487 neque
2240 5412 2559 5469 affinitatem
2589 5414 2879 5468 contrahes
2906 5428 3026 5467 eum
3059 5413 3164 5469 illis
3191 5430 3205 5479 ;
3252 5414 3416 5469 filiam
3468 5424 3615 5469 tuam

2047 5524 2154 5564 non
2185 5508 2344 5563 dabis
2374 5506 2486 5561 filio
2520 5504 2660 5576 ejus,
2690 5521 2792 5561 nee
2820 5505 2984 5560 filiam
3014 5506 3129 5575 ejus
3151 5506 3335 5576 capies
3359 5506 3470 5563 filio
3493 5517 3613 5563 tuo:

2046 5607 2259 5655 avertet
2288 5598 2434 5654 enim
2472 5597 2645 5653 filium
2679 5606 2829 5652 tuum
2859 5613 2887 5651 a
2914 5612 3016 5661 me,
3038 5606 3093 5652 et
3120 5598 3323 5655 serviet
3358 5599 3462 5654 diis
3491 5598 3623 5654 alie-

2046 5692 2152 5757 nis,
2185 5703 2242 5746 et
2270 5692 2538 5748 irascetur
2582 5690 2768 5746 furore
2798 5688 3059 5746 Dominus
3089 5691 3141 5746 in
3186 5705 3304 5758 vos,
3338 5706 3402 5745 ac
3434 5691 3625 5761 perdet

2050 5791 2101 5837 te
2129 5781 2237 5837 cito
2263 5781 2330 5838 ".
2371 5801 2389 5834 ι
2439 5780 2706 5837 Omnibus
2726 5780 2886 5851 ;enim
2922 5780 3091 5838 modis
3139 5780 3243 5836 illis
3283 5782 3426 5837 cavit
3458 5780 3621 5852 Deus,

432 5949 480 5981 "
506 5948 659 6005 Dent.
714 5964 767 6013 ν,
806 5949 861 6009 8,
889 5945 942 5999 9.
1022 5944 1065 5976 “
1093 5944 1242 5998 Dent.
1272 5955 1421 6007 xviii,
1464 5938 1603 5994 9-l'5.
1685 5939 1732 5971 "
1766 5936 1918 5993 Deut.
1956 5953 2050 6004 Vll,
2100 5938 2209 5992 1-4.
