4094 6366
475 500 539 553 79
1494 487 1551 541 S.
1593 484 1870 541 CYRILLI
1910 482 2380 539 ALEXANDRINI
2419 482 2728 574 ARCHIEEP
3659 474 3731 533 80

477 628 566 677 ac,
602 620 661 665 ut
686 622 843 664 sacra
875 605 1153 675 Scriptura
1181 604 1376 674 inquit,
1418 604 1612 676 Legem
1646 606 1711 659 ad
1741 603 2042 659 subsidium

2167 608 2258 668 τοῖς
2318 602 2606 673 διαθήκην,
2662 600 2787 656 οὔτε
2844 603 2920 672 μὴ
2960 598 3199 670 ὲλεήσεις
3252 596 3467 660 αὖτοὺς.
3516 596 3624 649 οὐδ’
3666 595 3728 649 ού

473 702 642 758 dedit.
693 700 772 754 llli
813 712 943 753 vero
972 698 1390 767 praceptionnm
1438 699 1574 751 adeo
1604 695 2036 749 venerandarum

475 808 606 848 cura
639 790 870 858 abiecta,
902 789 1308 844 inconsiderate
1336 786 1586 842 conversi
1610 796 1734 840 sunt
1763 786 1828 839 ad
1859 784 2040 839 omnia

476 882 762 954 praeceptis
784 882 1089 937 contraria.
1126 868 1499 950 Applicabant'
1534 878 1678 932 enim
1729 892 1787 932 se
1829 877 2041 931 divina-

481 972 718 1028 tionibus
740 981 793 1025 et
824 969 973 1025 falsis
1002 969 1295 1033 vaticiniis,
1326 976 1382 1023 et
1409 968 1475 1022 ab
1511 967 1595 1021 his
1626 966 1717 1035 qui
1750 965 1906 1020 idolis
1946 965 2043 1018 ad-

480 1063 606 1117 dicti
630 1073 786 1119 erant
820 1077 886 1117 ac
926 1061 1139 1127 devoti,
1187 1058 1489 1115 futurorum
1546 1059 1790 1112 notitiam
1830 1070 2042 1125 quaare-

483 1156 617 1210 bant
651 1173 663 1208 :
698 1163 754 1208 et
803 1166 934 1207 sane
967 1151 1262 1221 prophetas
1311 1158 1530 1204 sanctos
1583 1146 1959 1216 increpabant,
1988 1160 2050 1199 ac

479 1243 733 1299 dicebant
778 1261 791 1296 :
844 1261 863 1294 ι
908 1241 1028 1295 Alia
1088 1240 1247 1294 nobis
1303 1237 1585 1308 loquimini
1632 1247 1688 1291 et
1735 1236 2051 1290 annuntiate

479 1334 638 1391 nobis
697 1333 857 1388 alium
905 1344 1146 1388 errorem
1174 1331 1242 1385 ".
1274 1350 1294 1383 ι
1340 1328 1466 1384 Fuit
1504 1344 1719 1399 quoque
1764 1329 1868 1383 illis
1927 1343 2050 1383 cum

481 1425 697 1479 ﬁliabus
734 1422 1037 1478 vicinarum
1083 1421 1324 1490 gentium
1374 1420 1786 1485 commercium,
1833 1418 2049 1474 etiamsi

482 1518 568 1571 lex
599 1520 700 1572 hoc
738 1514 1133 1576 interdixisset,
1160 1520 1217 1568 et
1241 1526 1361 1567 cum
1392 1510 1707 1566 mulieribus
1741 1511 1898 1564 malis
1918 1524 2056 1578 quas

487 1610 630 1664 Deus
661 1607 785 1663 odio
813 1605 1022 1670 habuit,
1052 1614 1108 1659 et
1134 1618 1256 1673 quae
1287 1602 1634 1658 idololatricis
1676 1601 1869 1655 ritibus
1900 1602 2057 1654 innu-

2146 697 2221 768 μὴ
2253 696 2673 767 γαμὸρεύσηται
2705 692 2844 765 πρὸς
2893 691 3120 755 αὐτούς’
3171 690 3269 761 τὴν
3309 688 3581 758 θυγατέρα
3635 704 3731 741 σου

2142 789 2203 841 οὑ
2229 786 2420 850 δώσεις
2452 785 2528 855 τῷ
2562 784 2663 855 υίῷ
2695 782 2884 848 αὑτοῦ,
2921 781 3012 835 καὶ
3040 781 3139 851 τὴν
3165 778 3444 848 θυγατέρα
3470 774 3635 829 αὐτοῦ
3668 774 3733 829 οὐ

2143 880 2288 951 λήψῃ
2322 878 2399 949 τῷ
2440 877 2542 947 υίῷ
2583 894 2675 930 σου
2696 892 2711 907 ·
2769 873 3069 943 ἀποστήσει
3114 872 3221 943 γὰρ
3254 871 3346 924 τὸν
3374 868 3490 922 υίόν
3511 884 3603 920 σου
3636 864 3734 920 ἀπ’

2148 972 2307 1043 ἐμοῦ,
2333 971 2429 1024 καὶ
2455 970 2740 1039 λατρεύσει
2762 967 2903 1029 Θεοῖς
2937 964 3143 1034 ἑτέροις
3163 979 3176 993 ’
3213 962 3307 1015 καὶ
3343 957 3734 1030 ὀργισθήσεται

2147 1063 2305 1135 θυμῷ
2338 1061 2541 1131 Κύριος
2574 1061 2654 1122 εἰς
2691 1059 2857 1129 ὑμᾶς,
2902 1056 2995 1109 καὶ
3031 1052 3399 1124 ὲξολοθρεύσει
3438 1067 3498 1102 σε
3536 1048 3597 1100 τὸ
3634 1047 3732 1102 τά·

2150 1171 2263 1224 χος.
2303 1173 2321 1206 ι
2362 1153 2544 1207 Πάντα
2568 1150 2677 1221 γὰρ
2714 1148 2916 1219 τρόπον
2949 1144 3249 1215 ἀσφαλείας
3292 1143 3478 1204 αὐτοῖς
3521 1138 3737 1194 ἐπενόει

2150 1246 2304 1308 Θεὸς,
2331 1245 2426 1298 καὶ
2458 1242 2602 1298 καθά
2631 1257 2763 1313 φησι
2804 1239 2866 1293 τὸ
2892 1237 3133 1309 Γράμμα
3164 1237 3223 1289 τὸ
3258 1234 3420 1305 ἱερὸν,
3443 1230 3623 1303 Νόμον
3653 1232 3737 1295 είς

2154 1337 2409 1409 βοήθειαν
2450 1335 2669 1388 ἔδωκεν.
2699 1333 2763 1385 Ol.
2792 1332 2849 1385 δὲ
2870 1331 2977 1384 τ’ῶν
3004 1329 3147 1382 οὕτω
3203 1325 3416 1380 σεπτῶν
3461 1322 3733 1392 ὲνταλμά-

2153 1447 2261 1484 των
2292 1426 2669 1498 ὴφειδηκότες,
2697 1424 2993 1496 ἐτράποντο
3021 1419 3342 1490 παραλόγως
3370 1417 3448 1480 εἰς
3493 1418 3602 1469 πᾶν
3628 1413 3738 1470 τῶν

2155 1521 2557 1593 ἐντεταλμένων
2586 1520 2648 1573 τὸ
2679 1516 2941 1573 ἐναντίον.
2971 1513 3331 1587 Προσέκειντο
3355 1510 3465 1582 γὰρ
3490 1510 3737 1580 κληδονι-

2159 1618 2336 1686 σμοῖς,
2370 1615 2465 1668 καὶ
2488 1609 2936 1683 ψευδομάντείαις
2970 1606 3064 1660 καὶ
3097 1604 3249 1675 παρὰ
3292 1605 3406 1666 τοῖς
3435 1602 3543 1654 τῶν
3582 1600 3741 1654 εἰδώ-

504 1701 647 1754 tritae
674 1704 851 1762 erant,
882 1706 1079 1768 praeter
1108 1696 1281 1766 legem
1326 1693 1729 1757 cohabitarunt,
1765 1692 2055 1748 liberorum

2167 1710 2265 1761 λων
2301 1704 2712 1781 προσιζηκότων
2753 1700 2938 1772 ζητεῖν
2963 1694 3291 1759 ἐσπούδαζον
3313 1694 3422 1781 τῶν
3465 1691 3741 1781 ἐσομένων

490 1792 793 1844 alienarunt
835 1789 1165 1844 exstiterunt
1198 1795 1399 1857 patres,
1424 1784 1515 1855 qui
1560 1794 1795 1839 matrum
1843 1796 2059 1854 quoque

2167 1796 2261 1867 τὴν
2301 1778 2524 1863 γνῶσιν,
2572 1791 2752 1845 καίτοι
2800 1788 3109 1859 προφήταις
3157 1782 3333 1852 ἁγίοις
3382 1778 3743 1849 ὲπιτιμῶντές

490 1897 642 1939 more
671 1883 1025 1951 institutoque
1047 1879 1286 1945 educati,
1316 1877 1487 1949 legem
1511 1875 1841 1943 Mosaicam,
1873 1886 1932 1930 ut
1981 1877 2057 1930 ita

2167 1903 2223 1938 τε
2256 1886 2352 1938 καὶ
2371 1884 2619 1951 λέγοντες
2645 1896 2657 1910 ·
2697 1898 2716 1931 ι
2759 1876 2921 1932 Ἀλλά
2942 1878 3073 1946 ἡμῖν
3098 1873 3331 1938 λαλεῖτε,
3352 1870 3447 1925 καὶ
3479 1867 3748 1938 ἀναγγέλ-

488 1976 684 2038 dicam,
733 1972 948 2028 nescire
983 1970 1219 2041 .quidem
1259 1969 1435 2024 videri
1498 1967 1803 2023 voluerunt.
1874 1964 2061 2034 Itaque

2167 1978 2284 2031 λετε
2318 1977 2451 2047 ἡμῖν
2483 1975 2677 2043 ἑτέραν
2714 1970 2998 2040 πλάνησιν.
3058 1986 3075 2017 ι
3128 1966 3373 2035 Συνῆσαν
3405 1963 3463 2015 δὲ
3505 1962 3599 2015 καὶ
3626 1961 3745 2024 ταῖς

488 2064 706 2132 impleta
733 2071 838 2127 est,
871 2061 1066 2131 inquit,
1100 2069 1160 2114 ut
1196 2060 1263 2114 ab
1296 2058 1475 2122 initio,
1505 2058 1656 2127 regio
1698 2071 1886 2112 eorum
1921 2054 2058 2111 divi-

2167 2070 2268 2124 τῶν
2294 2068 2507 2140 ὁμόρων
2532 2064 2698 2119 ἐθνῶν
2725 2060 3084 2134 θυγατράσιν,
3123 2056 3485 2129 ἀπειρηκότος
3522 2052 3615 2107 τοῦ
3652 2051 3745 2107 νό-

490 2154 804 2208 nationibus
831 2162 890 2206 ut
929 2164 1073 2208 terra
1109 2150 1560 2220 alienigenarum,
1592 2158 1648 2205 et
1680 2148 1776 2204 ﬁlii
1804 2147 2059 2217 alienige-

2167 2179 2267 2233 μου
2297 2160 2358 2213 τὸ
2400 2159 2605 2230 χρῆμα.
2634 2154 2843 2213 roma
2872 2170 2931 2207 τε
2976 2148 3189 2221 πονηρά
3229 2149 3323 2201 καὶ
3369 2146 3617 2217 θεομισῆ,
3651 2140 3752 2198 καὶ

491 2258 574 2296 nae
606 2240 718 2295 nati
768 2248 894 2295 sunt
933 2239 1060 2294 illis.
1102 2238 1234 2293 Erat
1270 2247 1448 2293 autem
1503 2238 1951 2293 absurdissimum
2008 2241 2065 2290 et

2167 2256 2273 2315 τοῖς
2302 2252 2400 2323 τῆς
2422 2247 2869 2318 εἰδωλολατρείας
2903 2244 3083 2298 ἔθεσιν
3130 2239 3540 2313 ὲντεθραμμένα
3564 2253 3735 2307 παραυ

491 2333 885 2402 turpissimurn,
902 2330 1009 2403 43
1029 2346 1096 2386 ex
1118 2330 1434 2402 alienigenis
1450 2332 1710 2386 uxoribus
1729 2340 1880 2385 natos
1900 2328 2059 2394 ﬁlios,

498 2426 591 2495 qui
640 2435 882 2480 sanctam
934 2424 1208 2479 civitatem
1266 2423 1661 2485 inhabitarant,
1710 2424 1764 2477 in
1822 2422 2061 2492 gentium

490 2517 732 2573 moribus
779 2516 987 2572 versari
1023 2530 1087 2572 ac
1138 2519 1322 2571 vivere
1372 2527 1528 2571 extra
1575 2514 1770 2584 legem.
1819 2513 1886 2568 Et
1939 2527 2061 2568 cum

493 2604 869 2674 Deusjuberct
918 2619 1136 2659 omnem
1176 2604 1477 2660 masculum
1528 2614 1655 2659 octo
1689 2604 1899 2658 dierum
1948 2603 2061 2658 cir-

492 2695 925 2759 cumcidendum,
942 2702 996 2748 et
1009 2701 1195 2763 aperto
1212 2692 1451 2748 diceret:
1472 2709 1491 2744 ι
1504 2692 1699 2747 Tribus
1714 2690 1792 2763 [et
1807 2687 2064 2762 quatuor]

498 2786 832 2854 temporibus
862 2785 991 2839 anni
1023 2784 1310 2853 apparebit
1341 2798 1503 2839 omne
1541 2785 1842 2839 masculum
1880 2797 2063 2838 coram

494 2891 581 2930 me
602 2876 695 2942 ⁹⁶·;
738 2894 757 2927 ι
795 2875 868 2929 illi
897 2886 1077 2929 tamen
1104 2875 1241 2930 istuc
1261 2890 1369 2931 non
1396 2875 1688 2940 faciebant,
1720 2876 1815 2929 sed
1848 2890 1942 2930 eos
1971 2875 2062 2945 qui

500 2969 612 3023 nati
641 2978 768 3023 sunt
798 2966 1101 3023 oﬂ‘erebant
1130 2968 1485 3041 daemonibus,
1531 2980 1585 3024 ct
1617 2970 1671 3024 in
1712 2970 1853 3025 fanis
1902 2970 2067 3025 idolo-

498 3076 617 3114 rum
651 3061 864 3115 illorum
892 3078 1057 3117 causa
1088 3061 1490 3117 sacriﬁcabant.
1517 3063 1678 3119 Vides
1715 3078 1811 3119 eos
1844 3064 2066 3119 omnino

496 3152 667 3223 legem
699 3153 1071 3216 conculcaSSe.
1102 3162 1172 3212 At
1197 3158 1288 3228 qui
1315 3166 1732 3213 consentaneum
1766 3166 1904 3227 erat,
1944 3170 2064 3221 eos,

496 3245 589 3322 qui
617 3261 681 3305 eo
710 3252 1004 3321 impietatis
1030 3262 1418 3324 pervenerant,
1448 3260 1505 3303 ut
1539 3264 1606 3304 ne
1649 3247 2065 3318 Redemptoretn

2160 2344 2344 2413 νόμως
2387 2340 2839 2410 εἰσοικισάμενοι,
2886 2334 3093 2389 παίδων
3146 2331 3441 2402 ἀλλοτρίων
3485 2329 3746 2399 γεγόνασι

2166 2434 2423 2506 πατέρες,
2485 2432 2534 2485 οἳ
2596 2433 2691 2484 καὶ
2738 2427 3099 2500 ἁνετρέφοντο
3156 2426 3270 2488 τοῖς
3328 2421 3438 2475 τῶν
3493 2420 3753 2493 μητέρων

2162 2526 2332 2592 ἔθεσι,
2361 2524 2452 2578 τὸν
2479 2522 2568 2577 διὰ
2599 2522 2844 2583 Μωσέως
2884 2520 3070 2589 νόμον,
3103 2516 3210 2571 οὐδ’
3241 2516 3364 2570 ὅσον
3390 2514 3587 2579 εἰπεῖν,
3612 2511 3752 2565 εἰδέ-

2164 2633 2253 2671 ναι
2276 2612 2755 2688 προσποιούμενοι.
2782 2609 2967 2681 Ταύτῃ
2993 2609 3077 2661 τοί
3103 2624 3291 2679 φησιν,
3323 2607 3406 2659 ὅτι
3439 2602 3748 2675 ἐνεπλήσθη

2162 2706 2241 2769 ὡς
2262 2704 2323 2758 τὸ
2344 2702 2600 2774 άπαρχῆς
2624 2705 2658 2772 ἡ
2693 2700 2846 2772 χώρα
2880 2698 3059 2753 αὐτῶν
3086 2694 3460 2767 κληδονισμῶν
3482 2693 3611 2747 ὡσεὶ
3640 2692 3751 2746 τῶν

2164 2793 2500 2864 ἀλλοφύλων,
2523 2793 2616 2847 καὶ
2641 2791 2805 2845 τέκνα
2832 2787 3106 2860 ἀλλόφυλα
3126 2786 3513 2860 ὲγε[ν]ήθησαν
3541 2786 3752 2848 αὐτοῖς.

2163 2880 2274 2938 Ἦν
2304 2884 2360 2937 δὲ
2392 2883 2595 2954 σφόδρα
2619 2882 2727 2935 τῶν
2752 2882 2988 2947 ἀτόπων,
3014 2880 3111 2934 καὶ
3140 2880 3477 2949 πάναισχρον
3508 2875 3751 2947 ἀληθῶς,

2163 2977 2264 3049 τὴν
2295 2975 2457 3045 άγίαν
2506 2975 2660 3028 πόλιν
2707 2976 3120 3045 κατῳκηκότας,
3166 2973 3292 3035 τοὺς
3337 2969 3399 3035 ἐξ
3432 2968 3755 3038 ἀλλοφύλων

2165 3067 2443 3138 γυναικῶν
2466 3066 2756 3135 γεγονότας
2790 3066 2973 3128 αὐτοῖς
3016 3067 3173 3130 υἱεῖς,
3202 3063 3379 3117 ἔθεσιν
3417 3061 3757 3132 Ἑλληνικοῖς

2168 3158 2545 3213 πολιτεύεσθαι
2599 3157 2696 3211 καί⁹
2754 3157 2855 3228 ζῇν
2909 3156 3013 3223 ἔξω
3066 3155 3256 3226 νόμου.
3286 3154 3422 3219 ‘Kal.
3471 3152 3568 3207 τοῦ
3615 3149 3757 3205 Θεοῦ

2170 3253 2598 3322 προστάττοντος
2631 3252 2739 3304 πᾶν
2777 3249 2987 3303 παιδίον
3012 3249 3177 3320 ἄρσεν
3207 3249 3548 3318 όκταήμερον
3592 3262 3756 3317 περιι-

498 3343 712 3411 quidcm
760 3358 1095 3415 cognoscere
1134 3344 1357 3409 vellent,
1410 3342 1577 3412 ipsius
1610 3340 1789 3411 populi
1847 3342 2065 3397 nomine

2170 3342 2482 3414 τέμνεσθαιΨ
2521 3342 2773 3411 λέγοντός
2816 3359 2875 3395 τε
2913 3342 3118 3410 σαφῶς.
3156 3359 3180 3392 s
3208 3342 3371 3410 Τρεῖς
3399 3339 3625 3410 καιροὺς
3660 3336 3758 3391 τοῦ

497 3435 753 3491 censeri?
779 3436 1038 3493 Sanctum
1073 3446 1161 3493 est
1208 3438 1374 3507 igitur
1411 3436 1462 3489 in
1502 3450 1595 3490 eos
1628 3437 1733 3490 hoc
1777 3434 2062 3504 judicium,

498 3537 552 3582 et
581 3529 878 3585 aversionis
900 3545 1004 3586 non
1028 3529 1244 3584 inﬁrma
1267 3530 1422 3583 ratio.
1455 3548 1472 3579 ι
1500 3526 1616 3582 Νοιι
1640 3528 1782 3582 enim
1812 3543 2069 3598 persona-

498 3637 615 3674 rum
648 3631 957 3691 acceptator
984 3631 1067 3677 est
1092 3622 1469 3676 universorum
1494 3620 1657 3690 judex
1680 3620 1745 3674 θ’.
1787 3640 1805 3672 ι

2170 3436 2419 3490 ἐνιαυτοῦ
2442 3432 2739 3506 ὀφθήσεται
2761 3435 2868 3489 πᾶν
2892 3432 3178 3507 ἀρσενικόν
3206 3449 3297 3487 σου
3322 3430 3552 3487 ἐνώπιόν
3580 3447 3705 3503 μου·
3732 3448 3753 3483 ι

2172 3530 2223 3582 οἱ
2254 3529 2312 3581 δὲ
2339 3527 2497 3581 τοῦτο
2528 3528 2626 3599 μὲν
2659 3529 2758 3581 οὐκ
2788 3528 2975 3599 ἔδρων,
3007 3526 3407 3596 ἀπεκομίζοντο
3434 3524 3491 3577 δὲ
3507 3527 3617 3588 τοῖς
3639 3524 3759 3577 δαί-

2179 3637 2308 3689 μοσι
2334 3620 2401 3673 τά
2435 3619 2769 3689 γεννώμενα,
2801 3620 2896 3673 καὶ
2930 3621 2987 3672 ὲν
3010 3622 3124 3681 τοῖς
3166 3620 3275 3672 τῶν
3309 3619 3544 3674 εἰδώλων
3591 3619 3760 3690 τεμέ-

498 3727 610 3765 νεσι
637 3710 732 3774 τὰς
756 3710 841 3763 ἐπ’
878 3711 1060 3774 αὐτοῖς
1092 3710 1304 3763 ἐτέλουν
1344 3710 1554 3773 θυσίας.
1602 3711 1762 3782 Ὁρᾷς,
1823 3712 2069 3782 πανταχῆ
2115 3712 2503 3782 πεπατηκὸτας
2534 3712 2627 3764 τὸν
2684 3712 2865 3781 νόμον.
2901 3707 3037 3765 Εἶτα
3066 3710 3182 3775 πῶς
3219 3705 3287 3783 ἦν
3317 3711 3607 3766 ἀκόλουθον
3631 3711 3762 3776 τοὺς

499 3811 578 3869 εἰς
607 3805 761 3860 τοῦτο
785 3806 970 3860 λοιπὸν
996 3807 1230 3876 ἥκοντας
1267 3806 1541 3872 ἀσεϐείας,
1582 3807 1657 3871 ὡς
1705 3809 1843 3879 μήτε
1878 3808 2073 3862 εἰδέναι
2110 3808 2397 3879 βούλεσθαι
2463 3812 2555 3861 τὸν
2622 3809 2926 3879 λυτρωτὴν,
2972 3808 3134 3861 αὑτοῦ
3178 3809 3306 3863 λαὸν
3355 3808 3763 3880 ὀνομάζεσθαι;

501 3896 708 3950 Οὐκοῦν
761 3897 881 3951 ὁσία
929 3896 1108 3968 ψῆφος
1148 3899 1181 3968 ἡ
1228 3898 1315 3951 ἐπ’
1354 3899 1559 3966 αὐτοῖς,
1608 3898 1701 3953 καὶ
1765 3899 1865 3969 τῆς
1913 3902 2262 3972 ἀποστροφῆς
2308 3903 2409 3955 οὐκ
2454 3902 2684 3972 ἀγεννὴς
2739 3903 2772 3972 ἡ
2818 3901 3109 3971 πρόφασις.
3157 3920 3175 3953 ι
3227 3902 3761 3974 Ἀπροσωπόληπτος

501 3993 608 4062 γάρ
628 3992 657 4043 ό
679 3990 786 4043 τῶν
811 3992 947 4044 ὅλων
976 3992 1189 4062 κριτής.
1236 4010 1259 4044 ι

580 4082 741 4136 Vsus.
770 4082 823 4146 Ἰ,
852 4082 906 4136 8.
933 4081 1162 4151 lmpleta
1186 4094 1261 4137 est
1294 4086 1430 4138 enim
1468 4086 1608 4156 regio
1648 4101 1826 4139 eorum
1854 4097 2073 4156 argento

504 4185 549 4226 et
579 4188 733 4236 auro,
771 4188 862 4225 nec
892 4184 1002 4226 erat
1035 4190 1281 4228 nunterus
1314 4179 1681 4229 thesaurorum
1716 4178 1943 4245 ipsorum
1966 4194 1984 4231 :
2024 4189 2073 4231 et

505 4259 701 4329 repleta
730 4270 807 4315 est
835 4272 974 4314 terra
996 4262 1165 4331 equis,
1196 4274 1245 4317 et
1286 4279 1388 4318 non
1407 4274 1518 4318 erat
1565 4280 1810 4321 numerus
1852 4268 2075 4336 quadri-

505 4367 697 4423 garum
724 4368 981 4420 aptorum.

586 4440 703 4496 Duo
733 4444 930 4497 iterum
957 4442 1085 4497 vitia
1113 4442 1409 4501 {tedis-sima
1439 4447 1548 4503 illis
1577 4447 1755 4504 inesse
1775 4449 1869 4515 ait,
1899 4452 2077 4506 avari-

504 4535 633 4590 tiam
651 4543 703 4589 et
722 4534 1053 4605 superbiam.
1074 4535 1377 4593 Avaritiam
1393 4542 1633 4595 omnium
1652 4541 1914 4596 malorum
1936 4542 2079 4597 radi-

505 4641 623 4681 cem
641 4640 759 4680 esse
781 4626 1209 4697 sapientissimus
1235 4627 1434 4685 Paulus
1451 4639 1682 4686 testatur
1710 4632 2073 4702 perspicue”.

505 4717 883 4787 Arrogantiam
898 4727 1075 4774 autem
1094 4733 1204 4774 rem
1223 4719 1330 4775 Deo
1345 4720 1589 4777 odiosam
1604 4733 1658 4778 et
1687 4722 1939 4779 infestam
1962 4739 2083 4780 esse

508 4815 719 4861 constat
741 4808 1008 4863 oninibus.
1052 4810 1319 4879 Scriptum
1346 4822 1427 4866 est
1447 4812 1590 4867 enim
1622 4831 1637 4868 :
1667 4833 1687 4866 ι
1715 4815 1972 4871 Dominus
1992 4831 2083 4871 su-

511 4900 690 4967 perbis
711 4900 936 4963 resistit,
954 4901 1245 4956 humilibus
1265 4918 1392 4957 vero
1414 4906 1507 4957 dat
1527 4907 1755 4974 gratiam
1772 4907 1839 4959 θ’.
1868 4926 1887 4957 ι
1918 4906 2028 4961 Ιιιιο
2051 4924 2080 4961 a

512 5004 617 5056 quo
661 4993 875 5044 tandem
912 4994 1167 5061 nequitia:
1214 5008 1413 5061 genere
1459 5010 1577 5061 eos,
1624 4998 1712 5065 qui
1768 4997 2072 5051 divitiarum

512 5078 686 5131 studio
733 5090 1004 5145 tenentur,
1058 5084 1247 5138 abesse
1300 5086 1521 5139 videas?
1573 5086 1879 5141 Corradunt
1933 5089 2076 5142 enim

513 5168 818 5237 hujnsmodi
850 5172 1099 5227 homines
1145 5186 1440 5241 quaestum,
1474 5190 1867 5248 corrogantque
1919 5196 2082 5249 pecu—

513 5258 650 5322 nias,
694 5272 758 5312 ex
806 5261 995 5329 usuris,
1045 5262 1346 5329 fenoribns,
1398 5280 1464 5319 ex
1514 5268 1805 5336 cupiditate
1849 5279 1903 5324 et
1950 5270 2084 5337 inju-

515 5350 681 5412 sdtia,
711 5364 778 5404 ex
807 5352 992 5420 rapina
1024 5365 1075 5407 et
1117 5355 1410 5412 calumnia.
1449 5357 1615 5414 Adest
1656 5372 1711 5414 et
1754 5361 1955 5415 divitiis
2001 5363 2085 5416 in-

518 5438 767 5505 solentia,
807 5449 862 5496 et
909 5442 977 5496 ad
1007 5456 1301 5511 proventus
1356 5448 1685 5504 nefariarum
1735 5462 1792 5506 et
1841 5468 2088 5507 exsecra-

517 5532 852 5586 tissiinarum
876 5533 1213 5603 voluptatum
1244 5553 1440 5609 magna
1473 5541 1807 5609 proclivitas.
1834 5541 1968 5597 Nam
1995 5543 2084 5597 ubi

516 5622 742 5688 delicias,
777 5624 889 5681 illic
931 5627 1155 5705 omnino
1186 5632 1609 5688 comessationes
1634 5640 1803 5700 'sunt,
1850 5635 2083 5691 ebrieta-

520 5721 624 5773 tes,
659 5714 858 5782 lustra,
892 5717 1171 5786 libidines,
1221 5736 1489 5791 omneque
1516 5740 1682 5794 genus
1714 5727 2079 5796 intemperan-

2260 4085 2633 4153 Ἐνεπλήσθη
2670 4084 2779 4153 γὰρ
2823 4084 2862 4152 ἡ
2905 4082 3065 4152 χώρα
3104 4082 3299 4137 αὐτῶν
3329 4086 3614 4155 ἀρητῬίου
3662 4084 3762 4139 καί

2176 4176 2433 4247 χρυσοῦ,
2478 4176 2575 4229 καὶ
2603 4178 2713 4230 οὐκ
2746 4171 2825 4245 ἦν
2864 4174 3110 4244 ἀριθμὸς
3147 4174 3266 4229 τῶν
3292 4177 3614 4245 θησαυρῶν
3651 4181 3756 4231 αὺ-

2177 4267 2331 4321 τῶν·
2369 4267 2465 4321 καὶ
2519 4265 2868 4333 ἐνεπλήσθη
2910 4264 2949 4331 ὴ
3002 4264 3077 4334 γῆ
3131 4266 3349 4331 ἵππων,
3404 4267 3503 4320 καὶ
3533 4270 3644 4321 οὐκ
3683 4264 3769 4337 ἦν

2176 4360 2423 4430 ἀριθμὸς
2451 4358 2569 4413 τῶν
2603 4359 2878 4428 ἁρμάτων
2901 4356 3119 4411 αὐτῶν.

2251 4454 2355 4506 Δύο
2410 4454 2473 4524 δὴ
2529 4453 2692 4506 πάλιν
2742 4454 2926 4518 αὐτοῖς
2976 4454 3043 4508 τὰ
3103 4456 3322 4510 πάντων
3366 4458 3602 4528 μάλιστα
3655 4457 3763 4511 τῶν

2182 4543 2366 4598 κακῶν
2393 4545 2640 4615 αἰσχίονα
2673 4546 2951 4616 προσεῖναί
2974 4562 3134 4617 φησι,
3160 4546 3521 4619 φιλαργυρίαν
3550 4566 3609 4601 τε
3627 4550 3763 4619 ὁμοῦ

2182 4638 2277 4690 καὶ
2304 4638 2624 4707 ὑπεροψίαν.
2660 4639 2772 4692 Καὶ
2808 4639 2933 4710 ῥίζα
2981 4640 3079 4709 μὲν
3114 4641 3198 4693 ὅτι
3245 4642 3462 4695 πάντων
3496 4643 3613 4695 ἐστὶ
3656 4643 3764 4695 τῶν

2183 4726 2367 4778 κακῶν
2397 4728 2431 4794 ἡ
2481 4725 2835 4796 φιλαργυρία,
2886 4728 3309 4799 μεμαρτύρηκεν
3338 4730 3587 4802 ἐναργῶς
3615 4734 3643 4785 ό
3675 4748 3763 4784 σο-

2134 4870 2153 4881 Δ
2184 4811 2428 4887 φώτατός
2443 4817 2675 4882 Παῦλος.
2692 4817 2933 4888 Ἀπηχθη
2942 4819 3103 4889 μένον
3115 4820 3265 4882 δὲ.⁸‹’5τι
3279 4821 3376 4891 τῆς
3394 4821 3766 4894 ἀλαζον[ε]ίας

2181 4914 2244 4961 τὸ
2272 4909 2460 4979 χρῆμα
2498 4909 2648 4979 παρὰ
2694 4909 2834 4979 Θεῷ,
2877 4911 3040 4963 παντί
3085 4929 3168 4982 τῳ
3216 4912 3411 4981 σαφές.
3445 4914 3774 4984 Γέγραπται

2183 4999 2312 5070 γὰρ,
2340 5001 2421 5052 ὅτι
2449 5019 2467 5051 ¢
2501 5001 2704 5070 Κύριος
2739 5001 3107 5072 ὑπερηφάνοις
3139 5005 3543 5070 ἀντιτάσσεται,
3572 5023 3765 5058 ταπει-

2186 5094 2295 5154 νοῖς
2322 5092 2378 5143 δὲ
2407 5092 2586 5144 δίδωσι
2610 5093 2787 5163 χάριν.
2816 5112 2833 5145 ι
2862 5095 3196 5165 Φαυλότητος
3211 5096 3334 5151 τίνα
3359 5098 3561 5167 τρόπον
3576 5099 3677 5151 ούκ
3702 5099 3769 5153 ἄν

2187 5197 2269 5242 τις
2292 5182 2479 5233 ἐνόντα
2529 5182 2716 5251 βλέποι
2750 5184 2902 5254 παρά
2928 5201 2993 5252 γε
3035 5189 3149 5247 τοῖς
3177 5186 3422 5240 ἐθέλουσι
3471 5188 3770 5253 πλουτείν;

2192 5273 2428 5323 ποιοῖντο
2461 5272 2568 5342 γάρ
2613 5273 2663 5324 οἱ
2711 5274 2901 5326 τοιοίδε
2928 5273 3029 5343 τὴν
3077 5274 3187 5326 τῶν
3232 5275 3533 5346 χρημάτων
3568 5292 3771 5345 συγκοο

2194 5362 2349 5432 μιδὴν
2392 5364 2455 5416 ἐκ
2501 5380 2562 5417 τε
2606 5363 2781 5417 τόκων
2813 5366 2904 5417 καὶ
2943 5365 3321 5437 πλεονασμῶν,
3348 5368 3413 5420 ὲκ
3456 5368 3775 5441 πλεονεξίας

2190 5455 2281 5506 καὶ
2313 5454 2544 5522 ἀδικίας,
2574 5455 2634 5520 ἐξ
2674 5455 2929 5526 ἁρπαγῆς
2966 5457 3061 5509 καὶ
3084 5460 3468 5527 συκοφαντίας.
3497 5461 3774 5531 Πρόσεστι

2186 5545 2243 5599 δὲ
2267 5547 2344 5617 τῷ
2371 5547 2587 5619 πλούτῳ
2618 5550 2710 5602 καὶ
2739 5548 2800 5601 τὸ
2841 5549 3140 5619 ἀγέρωχον,
3177 5551 3272 5604 καὶ
3297 5552 3359 5605 τὸ
3398 5552 3520 5605 λίαν
3547 5553 3772 5623 ἕτοιμον

2186 5640 2265 5702 εἰς
2296 5642 2575 5711 ἀποφορὰν
2611 5642 2719 5695 τῶν
2749 5643 2995 5697 ἐκτόπων
3027 5643 3121 5694 καὶ
3168 5642 3588 5716 βδελυρωτάτων
3630 5646 3764 5716 ἡδο-

2184 5730 2309 5785 νῶν.
2340 5733 2511 5786 Ὅπου
2541 5734 2648 5804 γὰρ
2674 5734 2734 5787 τὸ
2761 5738 2992 5808 τρυφᾷν,
3023 5738 3139 5791 ἐκεῖ
3192 5754 3294 5790 που
3324 5738 3542 5799 πάντως
3580 5737 3766 5806 κῶμοι

586 5830 631 5916 ’.⁸
663 5830 777 5916 lsa.
801 5845 926 5916 χλιι,
964 5832 1048 5885 10.
1127 5833 1194 5866 ³⁸·
1233 5832 1406 5890 Exod.
1442 5851 1597 5903 χχιιι,
1635 5838 1722 5905 Π,
1763 5854 1952 5904 xxxrv,
1995 5838 2065 5894 25

2167 5841 2317 5896 Deut.
2348 5860 2455 5904 xvi,
2494 5844 2577 5898 16.
2657 5846 2699 5876 ⁹⁷
2727 5845 2886 5904 Rom.
2920 5863 2983 5916 ιι,
3019 5849 3113 5907 ll.
3188 5850 3539 5909 ³⁸1Ϊὶηιοιίι.
3581 5867 3657 5914 vx.
3686 5854 3782 5910 10.

520 5898 566 5932 ¹⁹
594 5896 706 5954 Jac.
731 5915 800 5965 IV,
826 5900 877 5953 ti.
