4052 6372
421 341 495 401 85

1446 340 1505 396 S.
1546 337 1822 397 CYRILLI
1860 331 2326 391 ALEXANDRINI
2368 332 2690 391 ARCHIEP.

3610 329 3678 387 84

422 469 643 540 ptilibus
665 468 707 532 ⁵,
738 480 823 533 ac,
850 464 1233 535 utprOphetica
1270 463 1431 518 habet
1472 463 1667 529 oratio,
1697 463 1985 517 «adorave-

2101 458 2416 526 λελάτρευκε
2465 456 2715 527 γὰρποίς
2756 454 3034 523 γλυπτοίςο
3077 453 3198 515 καὶ,
3238 451 3313 515 ώς
3344 453 3678 522 προφητικός

422 569 552 615 runt
590 573 651 614 ea
674 571 795 626 qua;
827 554 1072 611 fecerunt
1093 554 1242 622 digiti
1270 553 1565 624 ipsorum.»
1594 553 1660 607 Et
1680 554 1993 608 incurvatus

423 660 509 704 est
541 648 720 711 homo,
752 656 808 701 et
843 644 1161 699 humiliatus
1198 652 1281 697 est
1316 643 1419 697 vir.
1454 642 1585 709 Quae
1630 643 1824 711 injuria
1852 652 1906 697 et
1940 642 1995 695 in

424 738 592 793 Deum
614 738 790 806 ipsum
814 735 1101 801 redundat,
1132 744 1188 789 et
1217 734 1268 788 in
1295 734 1530 788 hominis
1556 744 1825 788 naturam.
1858 732 1993 786 Cum

425 829 572 885 enim
596 843 663 884 ex
687 827 1090 899 pulchritudine
1114 835 1485 879 creaturarum
1511 838 1700 878 earum
1732 823 1994 877 artiﬁcem

422 919 771 991 proportione
789 917 1015 987 quadam
1031 915 1338 985 perspicere
1355 915 1687 984 potuissent:
1718 932 1735 965 ι
1756 912 1997 967 Invisibi-

427 1012 497 1065 lia
516 1012 658 1067 enim
682 1009 797 1079 ejus
813 1025 844 1064 a
866 1007 1140 1064 creatione
1156 1006 1365 1072 mundi,
1382 1021 1475 1077 per
1492 1021 1556 1062 ea
1578 1020 1698 1075 quae
1715 1005 1855 1059 facta
1873 1012 1998 1058 sunt

426 1102 698 1158 intellecta
766 1100 1185 1170 perspiciuntur,
1230 1105 1428 1151 aeterna
1474 1114 1497 1148 ι
1559 1096 1765 1151 scilicet
1821 1113 1840 1145 ‹
1881 1092 1997 1161 ejus

428 1191 662 1262 potentia
685 1199 741 1247 et
760 1189 1010 1246 divinitas
1031 1190 1075 1254 5;
1099 1208 1116 1239 ι
1144 1189 1281 1243 istuc
1298 1186 1439 1241 haud
1463 1187 1725 1249 fecerunt,
1749 1184 1841 1237 sed
1859 1184 1996 1251 lapi—

434 1283 594 1338 dibus
611 1281 814 1338 cultum
830 1280 1157 1345 deferentes,
1184 1289 1238 1333 et
1255 1278 1457 1348 lignum
1478 1278 1767 1332 adorantes
1786 1274 1992 1339 miseri,

433 1376 721 1432 Dominum
771 1390 836 1431 ac
891 1375 1061 1429 Deum
1110 1379 1325 1435 natura,
1385 1385 1569 1425 rerum
1619 1369 1995 1424 universarum

429 1468 786 1523 architectum
819 1464 1180 1530 olienderunt,
1212 1477 1313 1517 nec
1344 1461 1726 1517 intellexerunt
1755 1475 1814 1515 se
1845 1473 1995 1513 suam

429 1573 645 1630 quoque
683 1567 957 1621 naturam,
1004 1565 1063 1610 ut
1105 1556 1339 1619 videtur,
1381 1555 1575 1625 injuria
1620 1552 1882 1607 allicere:
1922 1551 1996 1606 si-

428 1649 646 1716 quidem
678 1649 843 1704 homo
874 1659 959 1702 est
1000 1646 1181 1717 lignis-
1212 1662 1275 1701 ac
1319 1646 1588 1715 lapidibus
1626 1644 1993 1716 praestantior.

430 1736 565 1792 Hinc
596 1737 791 1792 merito
822 1736 1132 1807 indignatus
1150 1738 1390 1792 omnium
1418 1735 1607 1805 Opifex
1633 1736 1743 1789 ait:
1768 1753 1785 1786 ι
1814 1733 1997 1787 Incur-

431 1839 584 1886 vatus
617 1840 702 1887 est
746 1830 929 1893 homo.
965 1840 1021 1884 et
1059 1829 1397 1884 humilitatus
1430 1837 1512 1884 est
1534 1830 1637 1891 vir,
1686 1837 1739 1881 et
1792 1840 1998 1895 nequa-

427 1939 589 1994 quam
621 1925 741 1981 illos
771 1925 1061 1980 dimittam.
1088 1942 1108 1978 ι
1153 1923 1301 1978 Unde
1350 1900 1846 1977 immutabilitatem
1906 1921 2000 1972 ira:

426 2017 686 2079 ostendit,
728 2025 784 2071 et
808 2015 1011 2085 duplici
1052 2017 1155 2072 hoc
1186 2015 1432 2082 nomine,
1479 2018 1554 2069 ita
1609 2015 1685 2067 uti
1738 2028 1836 2081 par
1900 2011 2002 2066 fuit

428 2114 620 2160 eontra
641 2105 762 2162 illos
795 2105 875 2161 ira
900 2115 1204 2162 commotus
1248 2113 1375 2161 est:
1415 2118 1525 2159 tum
1568 2105 1711 2174 quod
1761 2104 2000 2158 divinam

428 2196 772 2266 maiestatem
818 2196 1169 2263 offenderint,
1218 2208 1331 2251 tum
1381 2196 1525 2266 quod
1576 2210 1732 2250 suam
1785 2208 2002 2264 quoque

429 2298 678 2345 naturam
718 2289 1035 2345 vilissimam
1072 2288 1426 2361 reddiderint.
1458 2287 1675 2358 lmpleri
1700 2286 1835 2341 dicit
1865 2285 2000 2339 abo-

430 2383 817 2438 minationibus
867 2391 1071 2438 terram
1124 2382 1363 2452 ipsorum
1425 2397 1437 2433 :
1489 2381 1829 2434 suhinnuens
1893 2392 1998 2430 non

431 2486 632 2542 paucos
664 2485 806 2539 esse,
830 2471 923 2527 sed
944 2471 1387 2535 innumerabiles,
1441 2470 1533 2539 qui
1564 2469 1691 2524 huic
1716 2466 2000 2537 apostasia:

428 2564 561 2619 vitio
587 2562 803 2618 fuerant
825 2563 1045 2618 obnoxii
1079 2580 1094 2617 ;
1124 2577 1221 2617 nec
1252 2561 1452 2617 cultum
1471 2576 1655 2615 eorum
1689 2558 1998 2614 uniusmodi

429 2656 621 2723 fuisse,
660 2665 717 2711 at
748 2671 779 2710 a
811 2655 1044 2727 singulis
1067 2670 1165 2727 pro
1192 2670 1290 2711 suo
1323 2652 1584 2723 cujusque
1621 2652 1821 2724 placito
1861 2654 1998 2708 ado-

429 2746 566 2812 rari,
598 2755 653 2801 et
682 2747 851 2801 multa
879 2746 1145 2803 idolorum
1178 2745 1432 2802 examina
1456 2755 1627 2800 totam
1660 2761 1848 2801 eorum
1887 2756 1991 2800 ter-

432 2852 549 2891 ram
576 2836 949 2908 complevisse.
983 2838 1199 2893 Dictum
1226 2845 1309 2892 est
1334 2838 1501 2908 igitur
1529 2851 1660 2893 voce
1703 2836 1951 2893 Jeremiae
1979 2856 1993 2892 :

438 2948 458 2983 ι
501 2927 809 2985 Secundum
831 2945 1118 2984 numerum
1155 2930 1433 2985 civitatum
1473 2938 1688 2984 tuarum
1720 2940 1875 2985 erant
1926 2930 2001 2984 dii

432 3021 533 3084 tui,
562 3031 617 3076 et
646 3023 941 3076 secundum
988 3036 1275 3076 numerum
1331 3022 1653 3076 transituum
1698 3018 2001 3077 Jerusalem

2095 549 2197 621 ἔφη
2232 550 2409 618 λόγος,
2445 568 2462 600 ι
2492 547 2910 620 Προσεκύνησαν
2945 541 3027 609 οἷς
3064 546 3324 615 ἐποίησαν
3348 546 3396 598 oi
3427 545 3678 598 δάκτυλοι

2094 641 2440 695 αὐτῶνδΚαὶ
2471 639 2670 709 ἔκυψεν
2691 638 2995 709 ἄνθρωπος.
3028 638 3121 690 καὶ
3147 634 3486 705 ἐταπεινώθη
3514 636 3673 706 ἀνήρ.

2098 732 2295 804 ’Υὸρις
2320 731 2376 784 δὲ
2404 730 2561 784 τοῦτο
2605 730 2699 782 καὶ
2733 730 2813 791 είς
2845 728 2977 780 Θεὸν
3004 726 3183 790 αὐτὸν,
3220 726 3313 778 καὶ
3344 727 3425 786 εἰς
3450 724 3548 795 τὴν
3584 725 3678 778 ἀν-

2097 825 2315 895 θρώπου
2348 824 2528 894 φύσιν.
2560 823 2752 876 Καίτοι
2786 822 2894 891 γὰρ
2928 819 3046 871 ἐνὸν
3080 819 3187 872 ἀπὸ
3249 818 3511 887 καλλονῆς
3555 834 3675 870 κτι-

2100 920 2320 988 σμάτων
2344 917 2621 984 ἀναλόγως
2650 914 2774 968 ἰδεῖν
2799 914 2888 966 τὸν
2914 911 3116 966 τούτων
3145 909 3539 981 τεχνίτην³ιΤά
3569 908 3679 980 γάρ

2097 1010 2305 1079 ἀόρατα
2343 1007 2508 1060 αὐτοῦ
2558 1006 2665 1059 ἀπὸ
2707 1003 2936 1065 κτίσεως
2979 1002 3187 1071 κόσμου
3240 1004 3352 1063 τοῖς
3408 1000 3677 1069 ποιήμασι

2096 1101 2360 1170 νοούμενα
2401 1099 2731 1169 καθορᾶται,
2761 1118 2777 1148 ι
2821 1099 2855 1168 ἢ
2885 1114 2944 1149 τε
2984 1113 3003 1146 t
3042 1098 3210 1157 ἀΐδιος
3247 1092 3410 1147 αὐτοῦ
3448 1092 3676 1161 δύναμις

2098 1194 2191 1246 καὶ
2229 1190 2459 1261 θειότης*
2489 1209 2508 1242 ›
2548 1188 2706 1242 τοῦτο
2739 1189 2838 1259 μὲν
2882 1183 2981 1240 οὖν
3015 1187 3073 1238 οὐ
3113 1185 3458 1255 πεπράκασιν
3490 1198 3503 1211 ο
3538 1183 3674 1234 ἀπο-

2098 1286 2351 1356 νέμοντες
2394 1283 2449 1336 δὲ
2480 1284 2593 1345 τοῖς
2636 1280 2802 1343 λίθοις
2830 1279 2889 1332 τὸ
2919 1278 3104 1341 σέϐας,
3131 1276 3225 1329 καί⁹
3251 1274 3328 1345 τῷ
3353 1274 3483 1343 λίθῳ
3507 1289 3674 1343 προσ-

2098 1378 2387 1440 κυνοῦντες
2425 1377 2474 1428 οἰ
2510 1374 2749 1438 δείλαιοι,
2793 1368 3268 1443 προσκεκρούκασι
3293 1367 3391 1437 μὲν
3419 1364 3495 1435 τῷ
3516 1363 3675 1434 φύσει

2098 1470 2346 1544 Δεσπότῃ
2371 1470 2465 1522 καὶ
2484 1467 2602 1538 Θεῷ
2629 1468 2723 1520 καὶ
2748 1465 2856 1518 τῶν
2880 1463 3014 1518 ὅλων
3042 1459 3379 1531 δημιουργῷ.
3405 1456 3676 1524 Λελήθασι

2098 1565 2177 1625 δὲ,
2198 1563 2338 1618 κατά
2364 1562 2424 1615 τὸ
2452 1560 2618 1622 εἰκός,
2646 1558 2741 1612 καὶ
2765 1558 2864 1629 τὴν
2892 1555 3028 1610 ἰδίαν
3055 1553 3210 1607 αὐτοὶ
3232 1547 3676 1622 περιυϐρίζοντες

2100 1657 2279 1726 φύσιν,
2318 1654 2475 1723 εἴπερ
2502 1652 2617 1705 ἐστί
2652 1650 2824 1717 ξύλων
2850 1665 2908 1702 τε
2937 1647 3031 1700 καὶ
3062 1646 3224 1700 λίθων
3258 1643 3498 1714 ἀμείνων
3526 1643 3558 1693 ὸ
3583 1639 3672 1693 ἀν-

2102 1751 2336 1821 θρωπος.
2363 1746 2549 1816 Ταύτῃ
2564 1762 2644 1796 τοι
2670 1742 2893 1803 δικαίως
2918 1736 3239 1808 ἀγανακτῶν
3267 1738 3296 1789 ὁ
3326 1736 3542 1789 πάντων
3578 1734 3674 1804 δη-

2106 1837 2358 1911 μιουργός
2395 1852 2575 1906 φησιν·
2608 1854 2625 1886 ι
2642 1832 2877 1901 ’Έκυψεν
2903 1830 3207 1899 ἄνθρωπος,
3230 1827 3325 1880 καὶ
3340 1823 3672 1904 ἐταπεινώθη

2102 1930 2261 2000 ἀνὴρ,
2314 1928 2408 1980 καί
2436 1926 2496 1978 οὑ
2532 1924 2606 1992 μὴ
2652 1923 2837 1992 ἀνήσω
2879 1918 3092 1982 αὐτούς.
3130 1937 3148 1971 ι
3195 1914 3562 1987 Ἐμφαίνειδὲ
3587 1912 3677 1967 διὰ

2101 2018 2287 2071 τούτου
2315 2017 2373 2070 τὸ
2401 2013 2821 2085 ἀπαράτρεπτον
2851 2009 2952 2079 τῆς
2976 2008 3169 2078 ὀργῆς,
3195 2007 3243 2059 εἰ
3270 2006 3365 2058 καὶ
3392 2004 3455 2057 δι’
3484 2005 3672 2073 ἄμφω,

2100 2108 2241 2163 κατὰ
2267 2108 2327 2160 τὸ
2357 2106 2521 2170 εἰκὸς,
2566 2102 2883 2156 σεσάλευται
2915 2100 3033 2153 κατ’
3066 2097 3263 2151 αὐτῶν.
3296 2096 3417 2147 Ὅτι
3448 2093 3540 2145 καὶ
3570 2093 3674 2163 τὴν

2102 2203 2251 2256 θείαν
2298 2199 2637 2269 λελυπήκασι
2684 2194 2863 2258 δόξαν,
2908 2190 3243 2263 ἀτιμοτάτην
3281 2187 3337 2241 δὲ
3380 2187 3473 2239 καί.
3504 2185 3676 2255 αὐτὴν

2099 2292 2197 2363 τὴν
2232 2289 2367 2345 ἰδίαν
2396 2276 2677 2356 ἀπέφηναν
2710 2284 2889 2355 φύσιν.
2936 2277 3350 2351 Ἐμπεπλῆσθαι
3378 2276 3434 2329 δὲ
3463 2275 3677 2346 βδελυγ-

2104 2385 2287 2456 μάτων
2316 2382 2414 2452 τὴν
2442 2381 2544 2451 γῆν
2573 2379 2769 2443 αὐτῶν,
2815 2376 2916 2429 οὑκ
2946 2374 3158 2444 ὀλίγους
3199 2372 3378 2435 ὄντας,
3410 2368 3530 2424 οὔτε
3569 2367 3675 2438 μὴν

2100 2477 2502 2550 εὐαριθμήτους
2545 2472 2857 2542 ἀποφαίνων
2894 2471 3021 2533 τοὺς
3062 2471 3175 2531 τοῖς
3214 2467 3312 2537 τῆς
3339 2462 3674 2525 ἀποστασίας

2102 2571 2387 2635 ἐναλόντας
2407 2570 2571 2640 ὲγκλή
2581 2584 2732 2639 μασι,
2762 2566 2853 2619 καί
2878 2566 2957 2617 ὅτι
2981 2564 3042 2616 τὸ
3067 2562 3231 2624 σέϐας
3256 2560 3437 2620 αὐτοῖς
3460 2557 3556 2627 οὐχ
3586 2556 3675 2621 ἓν,

2101 2664 2543 2734 προσκεκύνηται
2574 2660 2630 2714 δὲ
2654 2658 2783 2729 παρ’
2819 2657 3050 2711 ἑκάστου
3083 2654 3143 2707 τὸ
3169 2651 3315 2723 αὐτῷ
3337 2649 3545 2714 δοκοῦν,
3580 2648 3674 2701 καὶΙ

2109 2754 2392 2825 πολυειδὴς
2426 2752 2656 2806 εἰδώλων
2696 2749 2863 2820 ἐσμὸς
2896 2748 3023 2819 ὅλην
3055 2744 3233 2800 αὐτῶν
3269 2744 3530 2813 ἐνέπλησε
3574 2740 3673 2811 τὴν

2100 2851 2220 2920 γῆν.
2286 2848 2395 2900 Καὶ
2448 2846 2579 2915 γοῦν
2633 2844 2848 2917 εἴρηται
2890 2840 2978 2895 διὰ
3036 2838 3218 2909 φωνῆς
3255 2835 3536 2907 Ἱερεμίου,
3590 2833 3672 2885 ὃτι

2105 2963 2124 2995 t
2145 2943 2301 2995 Κατὰ
2327 2939 2552 3012 ἀριθμὸν
2586 2936 2788 2991 πόλεών
2804 2952 2895 2987 σου
2911 2931 3050 3005 ἦσαν
3077 2931 3188 2985 θεοί
3216 2946 3331 2993 σου,
3348 2927 3534 2982 Ἰούδα.
3564 2927 3673 2979 Καὶ

2102 3035 2242 3088 κατά
2270 3032 2501 3105 ἀριθμὸν
2531 3030 2716 3082 διόδων
2758 3027 2856 3096 τῆς
2897 3021 3249 3095 Ἰερουσαλὴμ
3290 3021 3513 3083 ἐτάξατε
3566 3018 3672 3088 βω-

432 3113 797 3169 constituistis
822 3113 1014 3168 altaria
1052 3112 1117 3168 ad
1144 3112 1561 3168 sacriﬁcandum
1597 3112 1730 3167 Baal
1761 3113 1802 3166 °.
1851 3131 1872 3165 ι
1903 3113 1999 3167 Est

2107 3126 2259 3196 μοὺς,
2282 3124 2375 3177 τοῦ
2424 3123 2622 3193 θυμιᾷν
2662 3120 2741 3190 τῷ
2774 3118 2938 3172 Βαάλ.
2967 3136 2986 3169 ι
3022 3115 3262 3186 Πονηρὸν
3306 3109 3397 3167 οὖν
3427 3113 3535 3181 ἄρα
3580 3110 3675 3165 καὶ

435 3201 599 3271 igitur
640 3199 964 3271 ﬂagitiosum
1022 3211 1079 3257 et
1122 3203 1233 3258 Deo
1282 3201 1681 3258 intolerandum
1731 3202 2000 3257 idolorum

433 3294 770 3364 ﬁgmentum,
797 3310 1008 3364 eorum,
1062 3295 1305 3367 inquam,
1362 3312 1481 3366 qua:
1517 3298 1767 3352 sensibus
1794 3304 2004 3367 patent,

434 3392 489 3438 et
514 3382 728 3440 illorum
760 3384 924 3440 etiam
960 3400 1079 3454 quae
1112 3387 1167 3440 in
1216 3397 1451 3441 mentem
1477 3402 1543 3443 ac
1594 3388 2003 3459 intelligentiam

435 3475 657 3531 cadunt.
702 3477 1052 3547 Depraedatur
1081 3479 1279 3533 etenim
1323 3480 1552 3535 Satanas
1577 3480 1856 3535 hominum
1888 3480 2006 3534 ani-

434 3583 574 3635 mas,
598 3571 839 3639 graviter
862 3585 927 3626 ac
956 3569 1349 3641 multipliciter,
1382 3572 1729 3642 imaginibus,
1770 3588 1906 3643 quas
1942 3574 1997 3627 in

436 3660 680 3715 animum
717 3670 774 3716 et
797 3676 894 3718 cor
931 3662 1202 3728 immittit,
1225 3662 1512 3731 aliquando
1537 3664 1701 3718 etiam
1737 3665 2002 3721 idolorum

434 3750 706 3820 ﬁgmentis
739 3753 792 3807 in
832 3762 1054 3818 peccata
1088 3752 1397 3822 impellens,
1440 3763 1603 3824 atque
1648 3756 1704 3810 in
1735 3754 1907 3812 ftedas
1938 3772 2004 3812 ac

434 3843 770 3913 prodigiosas
803 3845 1104 3915 voluptates
1135 3846 1415 3903 inducens.

505 3934 671 3993 Vens.
709 3937 797 4005 10,
833 3937 921 3993 11.
955 3937 1024 3992 Et
1055 3955 1193 3994 nunc
1230 3942 1423 3995 intrate
1452 3941 1505 3994 in
1530 3950 1724 4011 petras,
1777 3951 1823 3994 et
1854 3941 2006 3994 abdi-

433 4028 566 4083 mini
601 4029 656 4082 in
679 4039 873 4084 terram
905 4046 938 4084 a
991 4030 1127 4101 facie
1154 4033 1356 4086 timoris
1387 4033 1625 4098 Domini,
1671 4043 1721 4087 et
1761 4052 1791 4086 a
1833 4034 2004 4103 gloria

435 4121 762 4190 fortitudinis
787 4123 925 4192 ejus,
953 4124 1165 4192 quando
1202 4132 1489 4179 surrexerit
1521 4127 1589 4179 ad
1641 4128 2001 4194 quassandam

436 4225 651 4269 terram.
684 4214 839 4270 Oculi
878 4217 1019 4271 enim
1069 4216 1283 4271 Domini
1319 4219 1590 4283 sublimes,
1635 4221 1788 4274 homo
1827 4230 2003 4273 autem

433 4306 668 4361 humilis.
702 4306 772 4360 Et
824 4308 1191 4364 humiliabitur
1241 4310 1466 4366 altitudo
1489 4313 1753 4366 hominum
1777 4352 1793 4380 ,
1822 4311 1931 4387 46
1954 4322 2002 4367 et

434 4396 715 4452 extolletur
743 4397 998 4455 Dominus
1037 4402 1181 4456 solus
1211 4404 1295 4457 die
1321 4403 1439 4458 illa.

494 4576 820 4633 ldololatriae
834 4578 1013 4633 dedita
1033 4576 1329 4636 Jerusalem
1342 4622 1356 4646 ,
1374 4584 1480 4636 imo
1497 4590 1604 4637 tota
1618 4582 1802 4638 Iudaea
1815 4598 2002 4639 errore

435 4668 681 4734 seducta,
714 4677 768 4724 et
798 4670 852 4725 in
887 4683 950 4724 ea
976 4671 1157 4724 omnia
1198 4686 1316 4740 quae
1353 4671 1485 4736 Deo,
1516 4674 1735 4728 virtutis
1766 4676 1994 4743 amanti,

436 4762 613 4816 invisa
675 4770 845 4827 sunt,
891 4761 1153 4817 eﬂ'renate
1207 4763 1540 4832 prolabente,
1589 4765 2003 4837 Babyloniorum

436 4853 633 4907 bellum
664 4854 972 4909 universam
1001 4856 1400 4924 quodammodo
1423 4856 1664 4912 Judzeam
1689 4861 2001 4928 occupavit;

437 4946 528 5014 qui
562 4959 683 5000 cum
724 4936 843 4999 eam
869 4953 1035 5001 totam
1070 4948 1361 5015 depraedati
1394 4958 1617 5016 essent,
1657 4961 1842 5022 captos
1888 4962 2005 5007 tru-

438 5036 692 5090 cidarunt
725 5036 1069 5092 mulierculas
1111 5046 1165 5091 et
1195 5039 1390 5094 liberos
1431 5040 1484 5094 in
1517 5056 1670 5095 suam
1728 5045 2002 5112 regionem

438 5126 803 5197 abduxerunt,
864 5128 982 5184 loco
1019 5130 1354 5200 captivorum
1405 5132 1564 5202 longo
1617 5144 1858 5204 tempore
1904 5138 2005 5191 lia-

438 5220 694 5276 huerunt.
723 5220 1073 5291 Expeditione
1099 5233 1277 5277 autem
1314 5224 1417 5279 hac
1451 5226 1787 5295 denuntiata,
1843 5244 2003 5283 cum-

441 5326 549 5381 que
568 5310 683 5381 jam
716 5312 1045 5382 immineret,
1087 5324 1270 5372 tantus
1299 5315 1515 5373 Judmos
1553 5318 1753 5374 invasit
1802 5330 2004 5386 metus.

439 5413 496 5458 et
531 5418 598 5459 eo
640 5406 1093 5460 consternationis
1125 5419 1412 5476 venerunt,
1447 5418 1507 5463 ut
1544 5409 1597 5464 in
1636 5411 1908 5481 speluncis
1946 5424 2002 5469 et

442 5496 701 5551 montium
720 5494 930 5552 llssuris
966 5498 1445 5568 absconderentur,
1482 5501 1734 5571 locosque
1766 5505 2007 5563 inacces-

440 5599 535 5645 sos
582 5599 953 5659 capesserent;
1009 5590 1207 5663 quippe
1231 5607 1353 5647 cum
1388 5594 1567 5651 omnis
1595 5608 1782 5652 eorum
1816 5616 2006 5661 manus

510 5752 536 5802 ἑ
564 5750 708 5811 Psal.
733 5768 817 5822 εν,
841 5753 931 5814 36.
1006 5756 1027 5789 ⁸
1057 5755 1211 5813 Rom.
1234 5771 1271 5825 ι,
1291 5754 1381 5813 20.
1453 5756 1472 5788 ⁸
1491 5752 1693 5813 Jercm.
1719 5772 1796 5828 xi,
1818 5760 1901 5817 i5.

2105 3220 2378 3272 δύσοιστον
2402 3214 2479 3286 τῷ
2513 3213 2630 3284 Θεῴ
2661 3211 2767 3267 τῶν
2800 3210 3030 3263 εἰδώλων
3060 3211 3094 3279 ἡ
3122 3207 3363 3277 ποίησις,
3405 3202 3674 3272 αἰσθητῶν

2104 3311 2163 3362 τέ
2204 3326 2345 3379 φημι
2390 3308 2484 3361 καὶ
2528 3305 2637 3359 τῶν
2668 3304 2810 3358 κατὰ
2855 3302 3001 3357 νοῦν.
3053 3297 3458 3368 Καταληῖζεται
3502 3294 3612 3366 γὰρ
3644 3296 3674 3347 ὁ

2106 3401 2349 3463 Σατανᾶς
2395 3398 2493 3461 τὰς
2528 3396 2637 3449 τῶν
2685 3394 2985 3467 ἀνθρώπων
3022 3392 3219 3463 ψυχὰς,
3266 3389 3455 3449 δεινῶς
3484 3405 3542 3440 τε
3582 3387 3674 3440 καὶ

2106 3493 2479 3564 πολυτρόπως,
2524 3492 2642 3553 ταῖς
2679 3491 2757 3553 εἰς
2790 3488 2911 3543 νοῦν
2950 3486 3045 3540 καὶ
3074 3485 3301 3556 καρδίαν
3328 3480 3672 3551 φαντασίαις,

2106 3583 2215 3636 ἐσθ’
2244 3583 2332 3635 ὅτε
2362 3582 2453 3634 καὶ
2483 3578 2715 3632 εἰδώλων
2755 3577 3134 3647 ἀναπλασμοῖς
3168 3571 3549 3642 κατακομίζων
3593 3571 3674 3632 εἰς

2106 3674 2400 3746 ἁμαρτίας,
2435 3673 2529 3726 καὶ
2559 3673 2640 3735 εἰς
2688 3671 2917 3741 αἰσχρὰς
2960 3670 3055 3723 καὶ
3095 3669 3355 3730 ἐκτύπους
3385 3664 3675 3735 ἀποφέρων

2106 3767 2318 3839 ἡδονάς.

2176 3946 2286 3998 Καὶ
2337 3945 2454 3999 νῦν
2482 3943 2779 3999 εἰσέλθετε
2810 3945 2898 4008 εἰς
2939 3942 3045 4008 τὰς
3080 3940 3318 4008 πέτρας,
3376 3937 3476 3991 καί
3531 3935 3674 4002 κρύ-

2105 4039 2323 4090 πτεσθε
2372 4038 2459 4101 εἰς
2510 4034 2625 4101 τὴν
2652 4034 2768 4103 γῆν
2812 4032 2931 4087 ἀπὸ
2982 4029 3306 4099 προσώπου
3337 4028 3443 4081 τοῦ
3486 4028 3676 4094 φόϐου

2080 4118 2326 4195 ’Κυρίου
2354 4145 2367 4156 ·
2403 4128 2501 4181 καὶ
2532 4125 2648 4180 ἀπὸ
2699 4124 2810 4193 τῆς
2844 4122 3031 4191 δόξης
3075 4121 3188 4190 τῆς
3224 4121 3439 4190 ἰσχύος
3466 4116 3673 4180 αὐτοῦ,

2105 4219 2250 4272 ὅταν
2270 4217 2507 4286 ἀναστῇ
2539 4217 2794 4285 θραῦσαι
2826 4214 2941 4282 τὴν
2969 4213 3105 4285 γῆν.
3136 4216 3201 4266 Ol
3224 4212 3336 4280 γὰρ
3381 4208 3677 4279 ὀφθαλμοί

2068 4316 2071 4321 ’
2102 4311 2323 4379 Κυρίου
2357 4309 2601 4379 ὑψηλοὶ,
2633 4312 2666 4362 ό
2693 4309 2760 4362 δὲ
2783 4309 3095 4375 ἄνθρωπος
3122 4306 3422 4368 ταπεινὸς,
3457 4301 3555 4356 καί
3577 4318 3679 4357 τα-

2105 4403 2535 4471 πεινωθήσεται
2559 4403 2626 4457 τὸ
2656 4403 2813 4472 ὕψος
2841 4402 2959 4456 τῶν
2992 4400 3338 4467 ἀνθρώπων,
3391 4399 3487 4451 καί
3514 4400 3677 4466 ὑψωο

2034 4485 2082 4542 Ῑ)
2108 4495 2353 4563 θήσεται
2382 4498 2595 4564 Κύριος
2617 4497 2804 4564 μόνος
2830 4495 2899 4548 ἐν
2927 4493 3002 4563 τῇ
3032 4494 3221 4564 ἡμέρᾳ
3249 4493 3476 4561 ἐκείνῃ.

2178 4588 2681 4660 Εἰδωλολατρούσης
2732 4588 2831 4657 τῆς
2896 4588 3269 4660 Ἰερουσαλὴμ,
3348 4590 3548 4660 μᾶλλον
3620 4590 3678 4643 δὲ

2108 4685 2325 4757 ἀπάσης
2356 4682 2773 4754 πεπλανημένης
2792 4685 2891 4753 τῆς
2930 4682 3212 4747 Ἰουδαίας,
3257 4683 3353 4737 καὶ
3382 4685 3678 4740 ἀπονευού-

2108 4794 2208 4847 σης
2242 4774 2511 4845 ἀχαλίνως
2549 4772 2684 4843 πρὸς
2731 4775 2839 4825 πᾶν
2887 4773 3064 4826 ὁτιοῦν
3120 4773 3229 4827 τῶν
3274 4776 3678 4847 ἀπηχθημένων

2104 4867 2182 4939 τῷ
2208 4866 2477 4938 φιλαρέτῳ
2505 4864 2644 4935 Θεῷ·
2698 4867 2976 4933 κατεχεῖτο
2997 4864 3199 4935 τρόπον
3239 4867 3360 4919 τινά
3406 4869 3504 4938 τῆς
3544 4870 3677 4923 Ἰου-

2104 4959 2258 5022 δαίας
2280 4958 2493 5028 ἀπάσης
2525 4958 2553 5009 ὁ
2578 4954 2931 5008 Βαϐυλωνίων
2974 4956 3229 5026 πόλεμος,
3269 4958 3318 5009 οἳ
3350 4960 3526 5013 πᾶσαν
3574 4978 3675 5014 κα-

2104 5048 2498 5120 ταδῃώσαντες,
2532 5045 2860 5100 ἀπεκτόνασι
2894 5048 2991 5118 μὲν
3014 5048 3141 5109 τοὺς
3183 5048 3675 5119 κατειλημμένους,

2106 5141 2300 5211 γύναια
2323 5140 2378 5192 δὲ
2403 5141 2495 5193 καί
2528 5139 2721 5201 παῖδας
2744 5138 3085 5207 ἀπεκόμισαν
3106 5141 3185 5202 εἰς
3201 5138 3298 5212 τὴν
3325 5140 3549 5193 ἑαυτῶν·
3583 5142 3679 5195 καὶ

2108 5233 2166 5286 ὲν
2210 5234 2276 5302 τῇ
2320 5229 2429 5284 τῶν
2460 5230 2802 5301 δορυκτήτων
2835 5231 2982 5294 ὅντες
3015 5230 3190 5298 τάξει,
3234 5233 3678 5302 μακροὺςδιατε-

2109 5321 2362 5376 τελέκασι
2386 5322 2628 5393 χρόνους.
2662 5321 2809 5390 Πλὴν
2842 5322 2939 5393 τῆς
2984 5322 3179 5390 ἐφόδου
3219 5323 3678 5393 προαπηγγελμέ·

2107 5432 2223 5485 νης,
2257 5414 2349 5489 καὶ
2378 5414 2673 5486 μελλούσης
2702 5414 2940 5479 ἔσεσθαι,
2970 5415 3223 5470 τοσοῦτον
3244 5418 3357 5477 τοῖς
3408 5415 3679 5478 Ἰουδαίοις

2110 5504 2298 5574 γέγονε
2332 5504 2511 5573 δεῖμα,
2545 5504 2637 5558 καὶ
2658 5504 2894 5573 ἀγωνίας
2925 5505 3003 5568 εἰς
3030 5504 3185 5558 τοῦτο
3207 5504 3575 5567 πεπτώκασιν,
3600 5503 3678 5566 ὡς

2114 5605 2172 5661 ἐν
2202 5623 2260 5661 τε
2307 5605 2589 5678 σπηλαίοις
2635 5604 2725 5660 καὶ
2756 5607 2867 5669 τοῖς
2892 5605 3002 5660 τῶν
3043 5604 3185 5677 ὁρῶν
3236 5606 3474 5678 ῥωγμαῖς
3504 5619 3676 5659 κατα-
