4094 6366
363 397 441 455 35
816 416 827 429 .
1530 387 1596 444 1N
1631 386 1868 443 lSAIAM
1907 385 2035 440 un.
2073 385 2112 439 1.
2152 385 2357 442 ()RAT.
2395 384 2457 442 IL
3542 383 3609 439 86

368 507 736 579 κρύπτεσθαι,
812 508 875 561 τὸ
924 508 1122 571 τόπους
1188 506 1420 567 ἀϐάτους
1490 501 1945 572 καταλαμϐάνειν,

2052 500 2429 569 propulsandis
2448 499 2532 556 his
2553 499 2646 570 qui
2664 498 3012 569 irruptionem
3034 497 3271 554 fecerant
3292 512 3389 568 par
3410 513 3511 552 non
3533 513 3612 552 es-

369 602 594 672 ἀπάσης
626 598 804 654 αὑτῶν
831 599 1121 669 ἀτονούσης
1152 598 1332 669 χειρὸς
1362 596 1498 667 πρὸς
1523 598 1619 665 τὴν
1638 594 1747 648 τῶν
1771 594 1947 647 ἐπιόν-

370 708 481 743 των
508 692 840 744 ἀντίστασιν.
877 690 1085 742 Οὐκοῦν
1118 689 1192 751 ὡς
1235 689 1356 739 ὅσον
1400 687 1609 739 οὐδέπω
1638 684 1948 756 παρεσομέ-

371 798 483 833 νων
514 780 721 843 δεινῶν,
775 779 975 850 μᾶλλον
1018 778 1073 830 δὲ
1106 778 1207 847 ἤδη
1240 774 1418 846 θυρῶν
1452 792 1511 827 τε
1555 774 1685 827 εἴσω
1723 789 1950 842 γεγενη-

376 871 577 939 μένων,
609 872 703 924 καὶ
727 871 813 923 ἐπ’
840 869 1006 939 αὐτῆς
1043 868 1210 921 ὄντων
1249 866 1347 935 τῆς
1379 864 1580 935 χώρας,
1613 862 1948 933 κρύπτεσθαι

374 959 612 1020 κελεύει.
641 960 736 1013 καὶ
766 959 1045 1030 μονονουχὶ
1092 954 1516 1027 κατορύττεσθαι
1546 955 1612 1023 τῇ
1641 956 1711 1023 γῇ
1743 952 1949 1017 ζῶντας

371 1049 480 1115 ἔτι,
509 1050 617 1103 ἀπὸ
643 1048 736 1102 τοῦ
766 1049 935 1119 φόσου
955 1046 1175 1118 Κυρίου,
1198 1044 1290 1098 καὶ
1315 1045 1422 1098 ἀπὸ
1445 1042 1730 1113 τῆςξδόξης
1769 1042 1949 1114 ίσχύος

372 1141 565 1205 αὑτοῦ,
615 1142 743 1195 ὅταν
797 1141 1001 1210 ἀναστῇ
1054 1139 1284 1211 θραῦσαι
1334 1138 1433 1208 τὴν
1464 1137 1590 1207 γῆν,
1638 1136 1782 1189 τοῦτ’
1811 1136 1946 1203 ἔστι,

377 1230 667 1300 συντρῖψαι
689 1229 792 1299 τὴν
820 1230 943 1299 γῆν.
989 1229 1107 1281 Ὅτι
1134 1228 1190 1282 δὲ
1215 1228 1415 1299 ὑψηλαὶ
1459 1227 1552 1280 καὶ
1579 1226 1719 1295 ὑπὲρ
1744 1225 1950 1289 πάντας

373 1321 697 1395 ἀνθρώπους
720 1323 775 1374 αί
807 1320 946 1374 θεῖαι
967 1320 1149 1391 βουλαί
1172 1337 1231 1373 τε
1257 1323 1349 1374 καὶ
1379 1320 1617 1391 σκέψεις,
1645 1319 1745 1374 οὑκ
1772 1321 1836 1374 ἀν
1866 1336 1951 1383 τις

375 1416 571 1476 αὑταῖς
615 1414 1040 1483 ἀντιμαχήσεται
1066 1412 1172 1467 τῶν
1201 1413 1295 1464 ἐπὶ
1322 1415 1421 1483 τῆς
1464 1412 1587 1484 γῆς,
1619 1412 1784 1479 σαφὲς
1812 1410 1949 1464 καθ-

379 1509 560 1577 ίστησι
609 1506 802 1575 λέγων*
845 1524 863 1557 ι
902 1505 964 1558 Οί
1004 1504 1110 1576 γάρ
1141 1502 1405 1575 ὀφθαλμοὶ
1438 1504 1639 1575 Κυρίου
1676 1504 1889 1575 ὑψηλοί.
1923 1523 1942 1555 ι

390 1597 731 1668 Ὀφθαλμοὺς
761 1598 868 1668 γὰρ
900 1596 1103 1667 Κυρίου
1130 1596 1190 1649 ἐν
1218 1596 1426 1659 τούτοις
1457 1598 1641 1665 φησιν,
1669 1596 1767 1659 τὰς
1790 1596 1950 1648 οἱονεὶ

376 1689 811 1761 προανασλέψεις
861 1705 921 1741 τε
968 1688 1060 1743 καὶ
1119 1687 1314 1758 βουλάς
1356 1688 1539 1755 αὑτοῦ,
1591 1688 1683 1742 καὶ
1728 1688 1826 1751 τάς
1858 1690 1943 1757 ἐφ’

378 1782 596 1852 ἑκάστῳ
644 1780 929 1851 πράγματι
970 1778 1197 1851 κρίσεις.
1238 1778 1546 1851 Ἄνθρωποι
1578 1780 1675 1850 μὲν
1702 1779 1810 1851 γὰρ
1858 1797 1946 1849 μι-

378 1874 504 1943 κροὶ
538 1842 814 1944 μετά
841 1842 1181 1941 φύσινὺντες
1208 1873 1300 1925 καὶ
1326 1842 1418 1925 τόν
1458 1842 1601 1938 νοίἷν⁹
1643 1842 1815 1944 μικρά
1852 1842 1948 1926 καὶ
1977 1842 2020 1904 Β

379 1964 747 2034 βουλεύονται,
789 1964 885 2018 καὶ
940 1961 1242 2032 λογίζονται
1293 1964 1542 2019 ταπεινά.
1591 1964 1824 2034 ’Υψηλὸς
1893 1964 1951 2017 δὲ

378 2056 643 2129 ὑπάρχων
668 2060 699 2110 6
729 2055 837 2111 τῶν
869 2055 1004 2110 ὅλων
1033 2056 1183 2122 Θεὸς,
1211 2057 1307 2109 καὶ
1343 2059 1400 2110 ὲν
1425 2055 1757 2127 ἀπορρήτοις
1785 2056 1951 2127 ὑπερ-

378 2152 531 2218 οχαῖς
556 2151 676 2212 ταῖς
709 2148 850 2203 κατά
882 2150 1098 2204 πάντων
1125 2149 1432 2217 νοούμενος,
1467 2149 1677 2218 ἄμαχον
1706 2147 1817 2218 ἔχει
1852 2147 1949 2218 τὴν

381 2240 595 2311 σκέψιν.
625 2242 701 2295 Οὐ
727 2241 834 2312 γάρ
866 2241 930 2295 ἂν
960 2240 1175 2294 δύναιτό
1201 2258 1283 2303 τις
1304 2239 1741 2306 ἀνθυπενεγκεῖν,
1766 2239 1799 2308 ἢ
1829 2237 1950 2309 βου-

378 2330 559 2400 λὴν,ῆ
592 2330 915 2401 ἐπικουρίαν
966 2327 1441 2395 ἀποσκευάσασθαι
1494 2325 1797 2397 δυναμένην
1850 2324 1949 2390 τάς

379 2422 445 2472 ἐκ
472 2421 581 2473 τῶν
608 2420 768 2474 θείων
801 2419 1131 2490 σκεμμάτων
1164 2419 1478 2487 ὲπαγωγάς.
1506 2416 1862 2487 Μαθήσεσθαι
1892 2417 1950 2470 δὲ

379 2511 534 2566 τοῦτό
554 2528 710 2583 φησι,
743 2512 916 2564 καίτοι
946 2511 1113 2565 πάλαι
1137 2509 1209 2582 μὴ
1238 2510 1445 2571 εἰδότας
1472 2509 1599 2570 τοὺς
1640 2507 1945 2571 Ἰουδαίους,

378 2607 507 2659 ὅταν
534 2604 715 2658 αὑτῶν
756 2606 785 2657 6
819 2603 990 2667 δεινὸς
1030 2601 1354 2673 κατασκήψῃ
1383 2600 1638 2670 πόλεμος,
1685 2600 1778 2652 καὶ
1805 2600 1949 2651 πᾶσα

386 2696 483 2765 μὲν
509 2698 543 2767 ἡ
576 2694 933 2765 ὲπαμύνουσα
961 2694 1080 2765 χεὶρ
1110 2695 1366 2766 ἀτονήσῃ,
1400 2693 1725 2763 ἀπρακτήσῃ
1755 2691 1811 2744 δὲ
1857 2692 1951 2744 καὶ

383 2787 595 2857 σκέψις,
638 2787 733 2840 καὶ
779 2786 1124 2856 ἀνθρωπίνης
1174 2784 1372 2854 βουλῆς
1417 2784 1723 2854 εὑρήματα,
1785 2782 1850 2835 δι’
1875 2776 1951 2835 ὧν

380 2879 639 2949 ἐνόμισαν
674 2878 815 2948 τάχα
858 2894 961 2931 που
1001 2877 1094 2930 καὶ
1119 2876 1430 2946 διαφεύγειν
1469 2874 1727 2929 δύνασθαι
1761 2875 1856 2938 τὰς
1884 2875 1950 2928 ὲκ

379 2970 474 3023 τοῦ
526 2970 764 3041 πολέμου
820 2970 1122 3040 συμφοράς.
1189 2967 1395 3022 Οὐκοῦν
1448 2969 1481 3038 ἡ
1533 2969 1695 3039 πεῖρα
1746 2967 1943 3033 δείξει,

381 3060 567 3129 φησὶν,
595 3061 677 3113 ὅτι
700 3061 953 3124 ταπεινὸς
981 3063 1008 3113 6
1034 3061 1336 3130 ἄνθρωπος,
1368 3060 1460 3113 καὶ
1484 3060 1949 3131 ταπεινωθήσεται

2050 602 2151 646 set.
2174 592 2427 657 Proinde,
2459 606 2565 647 non
2594 592 2747 662 quasi
2773 588 3118 653 instantibus,
3144 589 3235 643 sed
3267 588 3444 659 potius
3470 589 3612 643 velut

2049 686 2401 755 praesentibus
2434 685 2612 751 malis,
2648 687 2836 752 etiam
2877 684 3019 737 intra
3056 691 3239 750 portas
3284 689 3339 736 et
3389 681 3442 735 in
3493 682 3608 750 ipsa

2052 779 2268 848 regione
2315 778 2694 842 versantibus,
2737 775 2995 831 abscondi
3041 774 3213 844 jubet,
3268 787 3470 843 eosque
3517 773 3608 841 qui

2048 871 2222 925 adhuc
2244 871 2487 925 viverent
2515 878 2721 924 tantum
2742 883 2850 923 non
2875 866 2996 921 abdi
3032 868 3085 920 in
3123 875 3349 932 terram,
3371 879 3401 919 a
3418 865 3609 918 timore

2049 962 2260 1018 Domini
2316 973 2422 1018 eta
2462 962 2630 1031 gloria
2680 960 3012 1015 fortitudinis
3062 958 3178 1029 ejus
3229 958 3493 1027 :quando
3542 957 3608 1010 ad

2051 1068 2248 1109 terram
2289 1054 2695 1122 percutiendum
2734 1095 2749 1119 ,
2806 1053 2856 1108 id
2884 1062 2968 1105 est
3004 1090 3020 1115 ,
3073 1049 3454 1103 conterendam
3483 1062 3606 1102 sur-

2048 1149 2267 1202 rexerit.
2292 1148 2451 1213 Atqui
2483 1146 2693 1200 excelsa
2729 1160 2869 1209 esse,
2904 1155 2961 1200 et
2988 1160 3149 1213 supra
3181 1156 3370 1195 omnes
3432 1138 3607 1193 homi-

2048 1255 2145 1295 nes
2176 1239 2418 1295 eminere
2441 1238 2621 1292 divina
2648 1238 2871 1291 consilia
2908 1246 2962 1291 et
2994 1236 3257 1305 cogitata,
3316 1231 3609 1286 neminem-

2047 1344 2152 1399 que
2178 1329 2481 1384 mortalium
2513 1328 2619 1383 illis
2658 1330 2914 1383 resistere
2941 1343 3121 1398 posse,
3160 1327 3377 1397 planum
3435 1334 3602 1392 atque

2046 1421 2385 1492 perspicuum
2414 1421 2558 1484 facit,
2593 1435 2719 1475 cum
2740 1420 2815 1473 ait
2847 1437 2860 1473 :
2897 1438 2915 1470 ι
2954 1420 3094 1474 oculi
3127 1418 3267 1472 enim
3312 1415 3407 1469 Dei
3434 1414 3606 1469 subli-

2048 1528 2190 1567 mes:
2226 1532 2245 1565 ι
2289 1512 2473 1567 oculos
2518 1511 2661 1565 enim
2694 1510 2902 1564 Domini
2931 1510 3081 1565 hisce
3107 1506 3282 1561 verbis
3305 1514 3460 1560 vocat
3491 1505 3610 1575 ejus

2047 1603 2191 1659 velut
2210 1602 2612 1674 prospicientias
2637 1611 2692 1656 et
2719 1601 2965 1663 consilia,
2995 1609 3050 1655 et
3078 1600 3130 1653 in
3156 1614 3366 1668 quaque
3387 1612 3446 1652 re
3465 1596 3608 1665 judi-

2047 1695 2148 1750 cia.
2174 1692 2427 1748 Homines
2443 1693 2647 1748 scilicet
2665 1691 2839 1762 pusilli
2861 1701 3051 1745 natura
3072 1699 3125 1745 et
3140 1702 3319 1744 meme
3335 1703 3455 1742 cum
3475 1688 3605 1754 sint,

2048 1787 2237 1857 pusilla
2269 1787 2614 1851 consultant,
2655 1795 2709 1841 et
2756 1784 2974 1839 humilia
3001 1783 3262 1855 cogitant.
3318 1781 3426 1837 Sed
3466 1781 3608 1837 allus

2051 1887 2241 1934 natura
2293 1878 2434 1934 Deus
2476 1882 2867 1942 universorum,
2919 1884 2974 1931 et
3006 1876 3058 1929 in
3095 1876 3242 1930 omni
3291 1889 3349 1929 re
3405 1889 3606 1927 arcana

2048 1970 2278 2039 quadam
2303 1968 2612 2039 praestantia
2657 1968 2879 2022 elucens
2909 1976 2964 2022 et
2987 1981 3275 2035 apparens,
3312 1965 3605 2020 consilium

2050 2059 2213 2113 habet
2249 2059 2680 2130 inexpugnabile.
2744 2058 2861 2113 Non
2897 2059 3043 2112 enim
3096 2058 3379 2127 quisquam
3428 2054 3609 2110 consi-

2050 2150 2177 2204 lium
2203 2150 2396 2206 ali‘erre
2425 2162 2602 2221 posset
2631 2150 2713 2206 vel
2740 2150 3045 2205 subsidium
3086 2150 3220 2204 satis
3252 2150 3491 2211 lirmum,
3541 2146 3609 2200 ad

2050 2244 2352 2299 divinorum
2375 2243 2716 2297 consiliorum
2742 2241 3019 2296 machinas
3042 2240 3453 2295 subvertendas.
3490 2237 3604 2292 Hoc

2050 2336 2361 2406 cognituros
2404 2336 2478 2388 ait
2506 2331 2749 2398 Iudaeos,
2792 2333 2893 2387 etsi
2925 2332 3053 2387 olim
3099 2340 3215 2386 non'
3260 2332 3610 2399 agnoverint,

2049 2425 2262 2496 quando
2286 2438 2445 2495 grave
2498 2421 2912 2492 Babyloniorum
2975 2421 3174 2475 bellum
3209 2436 3302 2475 eos
3358 2420 3607 2491 impetet,

2050 2519 2265 2589 quando
2291 2516 2471 2569 omnis
2493 2530 2683 2569 manus
2721 2514 3043 2569 subsidiaria
3094 2513 3380 2570 imbecillis
3421 2515 3525 2567 erit
3555 2522 3613 2569 et

2049 2607 2301 2671 imbellis,
2341 2622 2462 2661 cum
2507 2605 2830 2661 consultatio
2877 2605 3207 2676 humanique
3256 2604 3471 2660 consilii
3527 2604 3609 2658 in-

2048 2711 2207 2757 venta
2244 2700 2378 2755 nihil
2427 2698 2712 2770 proﬁcient
2753 2699 2996 2768 :quibus
3044 2699 3119 2753 illi
3148 2698 3287 2753 forte
3335 2698 3436 2752 rati
3481 2705 3609 2752 sunt

2049 2794 2388 2850 calamitates
2419 2794 2641 2849 bellicas
2669 2806 2829 2862 posse
2854 2791 3110 2860 effugere.
3149 2792 3333 2863 itaque
3372 2790 3610 2858 docebit,

2048 2884 2244 2955 inquit,
2270 2885 2623 2955 experientia,
2649 2883 2903 2939 humilem
2929 2897 3048 2939 esse
3078 2884 3349 2939 hominem
3402 2893 3458 2938 et
3514 2883 3612 2938 de-

2043 2978 2247 3048 jectum
2298 2999 2310 3032 :
2358 2985 2415 3031 et
2470 2978 2782 3048 depressum
2822 2978 2888 3032 iri
2947 2977 3248 3031 celsitatem
3310 2974 3609 3039 hominum,

2048 3068 2412 3123 extollendum
2443 3083 2575 3124 vero
2603 3067 2888 3123 Dominum
2915 3066 3083 3122 solum
3117 3068 3175 3121 in
3205 3067 3289 3122 die
3319 3066 3429 3120 illa.
3455 3066 3610 3133 Nam,

378 3154 440 3207 τὸ
463 3154 598 3222 ὖψος
620 3154 731 3207 τῶν
758 3152 1076 3224 ἀνθρώπων,
1109 3153 1450 3223 ὑψωθήσεται
1482 3154 1538 3206 δὲ
1558 3152 1761 3225 Κύριος
1793 3153 1950 3222 μόνος

2052 3169 2111 3213 ut
2144 3159 2303 3214 modo
2348 3159 2481 3224 dixi,
2525 3174 2649 3214 cum
2688 3174 2873 3213 eorum
2904 3157 3068 3213 robur
3119 3173 3278 3212 omne
3321 3158 3465 3212 velut
3512 3157 3613 3211 im-

381 3244 439 3295 ὲν
470 3246 539 3314 τῇ
562 3244 749 3314 ἡμέρᾳ
778 3243 976 3315 ἐκείνῃ.
1006 3244 1217 3315 Ὠσπερ
1246 3244 1381 3313 ἔφην
1404 3243 1625 3313 ἀρτίως,
1660 3242 1952 3313 ἐλεγχομέ-

382 3351 480 3404 νης
524 3335 706 3389 αὑτῶν
759 3334 938 3406 ἰσχύος
969 3334 1185 3404 ἁπάσης
1232 3336 1308 3398 ὠς
1338 3334 1623 3407 ἀδρανοῦς,
1656 3334 1756 3403 τῆς
1804 3334 1953 3397 θείας

382 3426 668 3497 δυνάμεως
704 3429 738 3497 ἡ
774 3426 1014 3499 ὑπεροχὴ
1062 3427 1458 3498 γνωριμωτάτη
1512 3429 1624 3489 τοῖς
1672 3426 1952 3479 πεποιθόσι

383 3520 696 3589 γενήσεται.
740 3519 1024 3574 Πάνδεινον
1062 3514 1154 3572 οὖν
1200 3518 1306 3589 ἄρα
1335 3518 1395 3571 τὸ
1422 3516 1778 3590 προσκρούειν
1810 3515 1948 3586 Θεῷ,

387 3613 485 3665 καὶ
531 3611 751 3681 ἀπάσης
800 3612 931 3681 ἡμῖν
998 3611 1283 3681 παραίτιον
1337 3610 1621 3679 συμφορᾶς
1669 3607 1729 3660 τὸ
1764 3608 1954 3678 χρῆμα

385 3705 619 3770 γίνεται.
646 3706 739 3757 Δεῖ
759 3704 816 3757 δὲ
838 3704 985 3774 ἡμᾶς
1017 3704 1089 3774 μὴ
1112 3702 1403 3773 δυνάμεσιν
1431 3700 1585 3764 ἰδίαις
1615 3698 1951 3770 ὲπιθαρσεῖν,

390 3796 688 3866 ἀπονέμειν
742 3795 800 3849 δὲ
851 3795 1050 3866 μᾶλλον
1077 3795 1138 3848 τὸ
1163 3794 1339 3848 πάντα
1368 3792 1624 3845 δύνασθαι
1677 3791 1815 3860 Θεῷ,
1863 3790 1957 3843 καὶ

386 3887 547 3940 αὑτὸν
588 3886 876 3957 ἐπίκουρον
916 3885 1184 3939 ποιεῖσθαι
1229 3886 1421 3954 φιλεῖν,
1458 3884 1583 3938 ὅταν
1620 3900 1673 3934 τι
1713 3881 1818 3935 τῶν
1845 3882 1955 3934 δει-

385 3978 491 4033 νῶν
515 3979 845 4049 ἐπιφέρηται
874 3977 1338 4049 προσκεκρουκόσι
1360 3977 1427 4030 δι’
1451 3975 1743 4048 ἁμαρτίας.
1774 3994 1779 3997 ·

470 4067 679 4138 Ἡμέρα
698 4069 808 4137 γὰρ
827 4069 1045 4137 Κυρίου
1065 4068 1304 4122 Σαϐαὼθ
1314 4067 1414 4121 ἐπὶ
1446 4067 1652 4138 «circa;
1666 4066 1957 4135 ὑϐριστὴν

387 4161 487 4213 καὶ
538 4159 967 4228 ὑπερήφανον,
1010 4160 1111 4212 καί
1165 4159 1265 4212 ἐπὶ
1316 4158 1513 4212 πάντα
1554 4159 1799 4227 ὑψηλὸν
1856 4158 1955 4211 καί

380 4250 699 4321 μετέωρονο
737 4250 836 4304 καὶ
882 4249 1443 4319 ταπεινωθήσονται.
1475 4249 1585 4303 Καὶ
1622 4248 1721 4303 ἐπὶ
1749 4248 1957 4304 πᾶσαν

388 4345 605 4413 κέδρον
638 4344 745 4399 τοῦ
765 4344 1041 4407 Αιῦἁνου,
1072 4343 1191 4397 τῶν
1221 4342 1479 4412 ὑψηλῶν
1507 4343 1603 4397 καὶ
1623 4344 1953 4413 μετεώρων,

387 4438 489 4490 καὶ
516 4437 616 4491 ἐπὶ
667 4434 792 4491 πᾶν
833 4434 1083 4503 δένδρον
1114 4435 1393 4499 ,βαλάνου
1435 4434 1644 4489 Βασάν
1667 4450 1681 4465 ·
1723 4435 1820 4488 καί
1857 4435 1957 4488 ἐπὶ

2050 3251 2303 3306 becilium
2336 3251 2667 3321 apparuerit,
2692 3251 2883 3305 divinae
2907 3250 3014 3322 47
3038 3251 3287 3319 potentiae
3337 3251 3611 3306 excellen-

2054 3344 2125 3397 tia
2168 3352 2222 3398 et
2250 3342 2502 3413 splendor
2545 3344 2598 3397 in
2646 3343 2753 3398 illis
2785 3343 2875 3411 qui
2934 3343 3076 3411 passi
3124 3351 3250 3397 sunt
3307 3352 3362 3398 et
3405 3342 3610 3407 alliicti,

2058 3436 2291 3490 maxime
2324 3435 2666 3491 inclarescet.
2699 3434 3086 3489 Gravissimum
3121 3435 3300 3504 itaque
3333 3445 3417 3489 est
3446 3435 3614 3489 Deum

2052 3526 2342 3594 oﬂendere,
2368 3538 2422 3582 et
2448 3543 2613 3583 causa
2635 3528 2871 3581 omnium
2912 3527 3276 3581 calamitatum
3309 3542 3430 3596 quae
3456 3527 3615 3583 nobis

2054 3621 2304 3677 accidunt
2339 3620 2477 3676 istud
2522 3629 2624 3674 est.
2652 3617 2764 3673 Nec
2807 3632 2934 3673 vero
2977 3618 3177 3673 nostris
3210 3618 3416 3672 viribus
3439 3618 3615 3673 niten-

2054 3714 2180 3769 dum
2206 3721 2307 3780 est,
2336 3712 2438 3767 sed
2467 3711 2855 3778 omnipotentia
2884 3711 2996 3766 Deo
3023 3710 3305 3765 tribuenda
3338 3726 3353 3763 :
3390 3718 3446 3765 et
3472 3709 3615 3764 illius

2054 3806 2207 3861 nobis
2234 3805 2490 3860 auxilium
2516 3804 2808 3860 conciliare
2830 3803 3107 3870 debemus,
3146 3802 3362 3872 quando
3398 3801 3616 3872 aliquod

2054 3912 2217 3968 grave
2244 3895 2442 3951 malum
2471 3895 2625 3951 nobis
2664 3911 2760 3965 per
2795 3903 3075 3965 peccatum
3104 3893 3498 3949 oﬂ‘endentibus
3529 3894 3616 3950 in-

2055 3987 2246 4043 fertur.

2135 4080 2299 4134 Vens.
2325 4078 2506 4132 12-17.
2544 4077 2665 4133 Dies
2714 4077 2853 4131 enim
2916 4076 3129 4131 Domini
3186 4076 3423 4132 Sabaoth
3464 4089 3620 4144 super

2056 4185 2254 4223 omnem
2282 4167 2729 4232 contumeliosum,
2794 4175 2842 4220 et
2871 4165 3167 4235 superbum,
3194 4173 3244 4217 et
3305 4179 3458 4232 super
3506 4179 3621 4217 om-

2058 4276 2172 4314 nem
2207 4261 2420 4325 elatum,
2444 4268 2495 4314 et
2532 4260 2785 4312 tumidum
2808 4272 2828 4321 ;
2857 4256 3357 4310 ethumitiabuntur.
3384 4259 3619 4323 Etsuper

2058 4368 2257 4405 omnem
2282 4354 2491 4406 cedrum
2517 4349 2698 4403 Libani
2724 4347 2999 4418 praealtam
3025 4358 3071 4400 et
3098 4360 3344 4409 erectam,
3378 4356 3427 4402 et
3465 4363 3621 4417 super

2059 4458 2260 4497 omnem
2304 4442 2539 4495 arborem
2594 4440 2799 4510 glandis
2855 4438 3037 4492 Basan
3070 4449 3160 4492 :et
3214 4454 3369 4506 super
3415 4453 3618 4491 omnem

387 4528 511 4585 πᾶν
543 4529 683 4597 ὅρος
701 4528 963 4598 ὑψηλὸν,
990 4527 1087 4582 καὶ
1117 4527 1212 4581 ἐπὶ
1231 4525 1428 4580 πάντα
1440 4525 1676 4591 ,ϐουνὸν
1692 4528 1952 4596 ὑψηλὸν,

2059 4544 2285 4590 montem
2314 4535 2531 4597 editum,
2572 4544 2619 4586 et
2646 4548 2801 4601 super
2839 4547 3040 4585 omnem
3076 4530 3261 4585 coltem
3319 4528 3536 4596 celsum,
3568 4537 3618 4583 et

389 4622 489 4676 καὶ
529 4622 630 4676 ἐπὶ
682 4620 878 4675 πάντα
923 4621 1153 4689 πύργον
1193 4621 1461 4688 ὑψηλὸν,
1515 4618 1615 4673 καί
1674 4620 1773 4674 ἐπὶ
1832 4619 1955 4675 πᾶν

387 4716 588 4785 τεῖχος
630 4712 896 4782 ὑψηλὸν,
929 4713 1028 4767 καὶ
1070 4712 1168 4766 ἐπὶ
1202 4710 1326 4767 πᾶν
1365 4711 1581 4767 πλοῖον
1612 4711 1953 4779 θαλάσσης,

388 4808 489 4860 καὶ
528 4806 627 4859 ἐπὶ
674 4804 880 4860 πᾶσαν
921 4804 1064 4861 θέαν
1093 4804 1322 4858 πλοίων
1372 4802 1675 4869 sedat/love"
1717 4806 1816 4858 καὶ
1860 4821 1957 4858 τα-

388 4898 839 4966 πεινωθήσεται,
858 4898 957 4952 καί
996 4897 1263 4951 πεσεῖται
1294 4896 1362 4950 τὸ
1390 4897 1546 4965 ὕψος
1582 4895 1700 4949 τῶν
1726 4895 1949 4964 ἀνθρώ-

389 5008 540 5055 πων,
567 4988 666 5043 καὶ
695 4987 1077 5057 ὑψωθήσεται
1105 4988 1317 5057 Κύριος
1337 4989 1525 5057 μόνος
1560 4987 1629 5040 ἐν
1659 4986 1733 5056 τῇ
1763 4988 1953 5058 ἡμέρᾳ

386 5083 613 5151 ἐκείνῃ.

460 5174 563 5227 Τὸν
594 5171 688 5226 τοῦ
714 5171 948 5243 πολέμου
976 5168 1189 5241 καιρὸν,
1214 5170 1308 5223 καὶ
1333 5170 1432 5242 τῆς
1457 5170 1543 5222 ἐπ’
1572 5169 1751 5232 αὐτοῖς
1780 5170 1948 5240 ὀργῆς

386 5266 488 5337 τὴν
522 5265 870 5335 ἐκπλήρωσιν
894 5264 1105 5333 ἡμέραν
1123 5262 1375 5332 ὀνομάζει
1402 5262 1629 5334 Κυρίου.
1649 5260 1818 5315 Τοῦτο
1842 5260 1951 5330 γὰρ

390 5357 511 5418 έθος
542 5358 608 5426 τῇ
638 5354 981 5426 θεοπνεύστῳ
1014 5356 1224 5427 Γραφῇ.
1258 5354 1369 5408 Καὶ
1392 5354 1522 5422 γοῦν
1553 5354 1646 5407 καὶ
1675 5352 1834 5405 αὑτὸν
1855 5352 1955 5422 τῆς

388 5446 485 5500 τοῦ
524 5447 777 5518 Σωτῆρος
818 5446 978 5518 ἡμῶν
1025 5446 1317 5519 ἐπιδημίας
1361 5445 1453 5501 τὸν
1510 5446 1698 5517 καιρὸν
1736 5445 1814 5515 τῷ
1856 5444 1956 5515 τῆς

390 5539 606 5609 ἡμέρας
632 5538 857 5609 ὀνόματι
908 5540 1301 5609 κατεσήμαινεν
1327 5538 1357 5590 6
1387 5536 1548 5591 Δαὸὶδ
1578 5537 1719 5590 οὑτω
1746 5536 1920 5605 λέγων
1939 5551 1955 5567 ·

398 5650 417 5684 ι
446 5630 595 5703 Δὺτη
619 5632 653 5702 ἡ
676 5631 861 5703 ἡμέρα
886 5631 952 5702 ἢν
986 5632 1206 5703 ἐποίησε
1236 5630 1435 5702 Κύριος
1457 5672 1471 5700 ,
1500 5627 1953 5702 ἀγαλλιασώμεθα

466 5791 487 5822 ⁷
517 5789 661 5847 Psal.
694 5804 861 5859 cxvn,
896 5790 984 5847 24.

2059 4644 2215 4697 super
2257 4642 2458 4680 omnem
2509 4624 2699 4677 turrim
2766 4622 3042 4687 excelsam,
3097 4632 3145 4676 et
3188 4638 3342 4689 super
3417 4637 3621 4675 omnem

2060 4732 2269 4772 murum
2304 4714 2628 4784 prazcelsum,
2668 4722 2716 4767 et
2741 4727 2897 4781 super
2944 4726 3144 4766 omnem
3202 4711 3373 4763 navim
3435 4709 3617 4773 maris,

2060 4819 2110 4862 et
2150 4820 2302 4875 super
2330 4821 2531 4859 omnem
2590 4803 2863 4871 pulchrum
2932 4802 3259 4871 navigiorum
3320 4809 3617 4869 aspectum;

2056 4909 2106 4953 et
2140 4896 2525 4958 humiliabitur,
2572 4903 2618 4948 et
2647 4895 2795 4947 cadet
2838 4893 3063 4946 altitudo
3089 4893 3381 4956 hominum,
3429 4900 3477 4944 et
3498 4906 3616 4945 eve-

2058 4991 2207 5044 hetur
2237 4988 2487 5041 Dominus
2526 4986 2667 5039 solus
2714 4984 2771 5039 in
2800 4984 2882 5037 die
2922 4983 3038 5036 illa.
3276 4970 3279 4973 ’

2135 5164 2268 5219 Belli
2311 5164 2483 5232 ipsum
2515 5171 2743 5230 tempus,
2773 5169 2827 5213 et
2864 5158 2958 5212 irae
2986 5155 3340 5226 expletionem
3371 5157 3424 5211 in
3480 5154 3622 5221 illos,

2071 5261 2214 5319 diem
2263 5252 2493 5323 appellat
2517 5249 2759 5314 Domini;
2790 5254 2874 5303 est
2904 5247 3048 5302 enim
3076 5246 3179 5301 hoc
3206 5245 3446 5302 solemne
3484 5244 3627 5300 divi-

2063 5352 2208 5408 nitus
2228 5344 2499 5415 inspirata:
2538 5341 2847 5410 Scriptum.
2897 5337 3103 5410 Quippe
3150 5345 3206 5393 et
3263 5338 3436 5408 ipsum
3496 5336 3627 5393 ser-

2062 5442 2266 5498 vatoris
2322 5439 2491 5492 nostri
2531 5436 2793 5490 adventus
2843 5441 3086 5500 tempus,
3140 5429 3242 5484 diei
3275 5427 3629 5499 appellatione

2063 5537 2310 5607 designat
2339 5529 2529 5596 David,
2554 5528 2738 5584 dicens
2770 5542 2784 5579 :
2829 5545 2847 5576 ι
2884 5522 3008 5578 Haec
3034 5523 3150 5578 dies
3171 5536 3329 5591 quam
3353 5520 3482 5576 fecit
3520 5516 3631 5607 Do-

2060 5606 2259 5696 minus,
2304 5621 2634 5682 exsultemus
2681 5625 2737 5675 et
2799 5616 3043 5675 laetemur
3116 5615 3171 5672 in
3230 5628 3293 5671 ea
3326 5612 3370 5668 ⁷.
3408 5629 3432 5665 s
3488 5606 3638 5667 Fore

3300 5755 3306 5791 l
