4094 6366
486 381 558 440 87

1522 376 1583 432 s.
1622 371 1900 429 CYRILLI
1939 370 2405 429 ALEXANDRINI
2444 357 2766 432 menter.

3677 381 3747 437 88

487 502 609 558 ideo
633 500 765 557 dicit
803 510 1013 567 tempus
1062 499 1153 554 ira:
1191 504 1382 551 contra
1432 509 1652 549 onmem
1710 490 2055 549 contumelio-

2170 493 2264 545 καὶ
2308 494 2700 566 εὐφρανθῶμεν
2744 496 2804 549 ἐν
2844 494 3001 564 αὑτῇ.
3038 512 3056 546 ι
3095 492 3353 553 Ἔσεσθαηι
3385 496 3561 549 τοίνυν
3609 500 3742 568 φησὶ

486 608 605 647 sum
634 599 683 647 et
708 590 1019 659 superbum.
1057 587 1121 641 Et
1144 583 1571 642 contumeliosos
1608 580 1827 650 quidem
1851 579 2064 632 videtur

485 686 689 747 dicere,
738 683 829 753 qui
876 682 1115 736 divinam
1183 677 1523 746 maiestatem
1578 675 1951 733 dedecorant,
1999 686 2065 725 eo

487 777 630 845 quod
667 792 771 830 non
836 774 1142 830 sustineant
1173 787 1292 826 eam
1321 771 1574 832 adorare,
1604 766 1701 822 sed
1743 767 1847 821 illis
1876 765 2057 835 potius

483 870 588 923 diis
611 868 918 938 alligantur,
963 880 1097 936 quos
1143 864 1244 934 ipsi
1275 860 1566 917 commenti
1605 868 1733 915 sunt
1763 877 1775 912 :
1803 858 2064 926 superbos

482 976 632 1027 vero,
652 961 740 1030 qui
756 956 1574 1027 divinamlegenfcontemnunt,
1593 962 1647 1007 et
1669 967 1788 1021 qua:
1808 951 2065 1006 divinitus

482 1050 655 1103 edicta
686 1058 810 1103 sunt
842 1063 938 1117 pro
977 1046 1145 1101 nihilo
1185 1046 1425 1111 ducunt;
1480 1042 1746 1113 siquidem
1780 1050 1834 1096 et
1876 1042 2063 1095 beatus

484 1142 649 1196 David
681 1143 752 1195 ait
780 1158 794 1194 :
830 1158 849 1192 ι
898 1138 1128 1207 Superbi
1157 1138 1330 1207 legem
1369 1135 1708 1207 praevaricati
1742 1144 1865 1189 sunt
1895 1134 2059 1188 vehe-

480 1245 690 1290 menter
716 1235 758 1287 ⁸.
810 1252 829 1285 ι
878 1232 1141 1300 Quoniam
1182 1243 1359 1284 autem
1409 1229 1717 1299 cumplures
1751 1234 1936 1283 essent
1967 1241 2062 1295 per

478 1325 717 1383 Judznam
779 1335 833 1382 et
889 1324 1196 1381 Jerusalem
1253 1322 1455 1377 divitiis
1526 1321 1783 1377 curnnlati
1834 1320 2057 1386 affatim,

478 1428 534 1474 et
562 1434 721 1488 opum
750 1419 903 1487 copia
934 1417 1077 1473 haud
1113 1414 1459 1471 mediocriter
1476 1412 1932 1478 circumﬂuerent,
1958 1428 2062 1467 ca:-

480 1510 613 1565 teris
642 1508 1029 1580 praecellerent,
1065 1517 1118 1562 et
1163 1507 1397 1575 potentia
1441 1505 1575 1573 septi
1639 1518 1703 1558 ac
1736 1504 1928 1558 muniti
1976 1518 2062 1557 es-

477 1611 618 1669 sent,
667 1601 865 1670 illaque
900 1614 1013 1656 sua:
1044 1598 1341 1653 nobilitatis
1393 1597 1534 1652 haud
1590 1597 1782 1667 exigua
1841 1611 2060 1650 mensu-

480 1712 539 1751 ra
594 1696 952 1757 exsultarent,
997 1693 1305 1762 sublatique
1335 1693 1386 1745 in
1447 1691 1637 1752 altum,
1683 1689 1845 1744 veluti
1918 1690 2061 1743 intu-

479 1797 802 1853 mescerenl,
880 1788 1001 1842 ideo
1050 1787 1103 1841 in
1166 1802 1259 1842 eos
1327 1786 1562 1840 maxime
1614 1785 1753 1839 hanc
1820 1784 2057 1837 divinam

479 1882 616 1935 iram
643 1881 773 1936 dicit
840 1880 1228 1943 incursuram;
1313 1888 1514 1932 statum
1584 1876 1848 1947 cujusque
1898 1886 2060 1945 atque

480 1977 705 2044 gradum
756 1973 1093 2042 aenigmatice
1126 1970 1529 2026 subinsinuans.
1584 1969 1810 2025 Confert
1856 1970 2058 2025 etenim

482 2066 601 2120 illos
633 2076 836 2120 etcum
877 2063 1067 2118 Libani
1109 2063 1328 2119 cedris:
1387 2081 1406 2114 ι
1446 2060 1569 2116 Vidi
1602 2062 1771 2128 enim,
1807 2082 1826 2114 ι
1858 2062 2055 2132 inquit,

485 2176 503 2209 ι
535 2158 755 2229 impium
786 2167 1025 2212 erectum
1046 2165 1099 2211 et
1132 2156 1332 2210 elatum
1367 2154 1510 2210 velut
1537 2155 1730 2209 cedros
1755 2153 1942 2209 Libani
1967 2157 2044 2221 9;»

480 2251 608 2321 quin
661 2260 715 2305 et
750 2265 870 2304 cum
915 2248 1204 2303 arboribus
1240 2247 1353 2320 48
1399 2262 1631 2317 quercus
1657 2244 1854 2311 Basan,
1892 2247 1943 2301 id
1976 2254 2058 2301 est

476 2341 784 2412 quercubus
839 2356 960 2410 quae
1001 2341 1208 2395 suntin
1248 2339 1559 2394 Basanitide
1608 2347 1749 2393 terra
1790 2357 1803 2393 ι
1848 2349 1930 2393 est
1958 2355 2056 2393 au-

478 2445 584 2489 tem
624 2436 669 2488 is
693 2433 845 2489 locus
876 2434 927 2487 in
964 2431 1172 2497 Judzea,
1200 2431 1294 2500 qui
1336 2446 1476 2484 nunc
1514 2428 1766 2483 Basantea
1797 2441 2050 2495 vocatur,

477 2527 787 2596 plantarum
847 2526 1031 2579 nutrix
1059 2524 1287 2593 optima,
1310 2523 1512 2593 spissas
1554 2531 1610 2576 et
1634 2523 1769 2577 bene
1800 2538 2055 2591 proceras

480 2619 685 2673 habens
734 2618 946 2673 cedros.
973 2615 1197 2671 Confert
1246 2614 1410 2670 etiam
1460 2628 1556 2669 eos
1623 2613 1877 2668 similiter
1929 2627 2051 2666 cum

478 2708 706 2763 collibus
756 2718 810 2765 et
858 2707 1154 2769 montibus,
1192 2717 1247 2761 et
1304 2720 1425 2759 cum
1482 2705 1720 2760 turribus
1766 2714 1820 2759 et
1885 2706 2055 2760 muris

476 2801 730 2872 praraltis.
798 2800 964 2854 Addit
1030 2798 1223 2853 deinde
1251 2811 1343 2851 eos
1387 2796 1833 2851 cumulandarum
1889 2811 2052 2864 Opum

474 2895 794 2950 occasiones
847 2893 900 2945 in
954 2889 1671 2959 regionem,importavisse,
1720 2903 1842 2943 cum
1884 2888 2049 2943 dicit:

483 3008 502 3040 ι
538 2988 603 3042 Ει
630 3001 793 3056 super
820 3000 1034 3041 omnem
1065 2984 1240 3038 navim
1319 2983 1507 3049 maris,
1557 2991 1613 3038 et
1648 2996 1811 3052 super
1834 2995 2050 3035 onmem

478 3089 749 3149 aspectum
800 3076 1083 3147 pulchrum
1132 3075 1495 3147 navigiorum.
1544 3094 1565 3128 ι
1631 3074 1926 3143 Dupliciter
1964 3090 2055 3128 au-

481 3185 585 3229 tem
611 3175 712 3229 hoc
738 3170 1069 3239 intelligitur.
1102 3168 1233 3225 Cum
1266 3168 1412 3222 enim
1454 3168 1870 3221 denuntiaretur
1896 3168 2053 3222 undi-

477 3280 585 3335 que
643 3264 866 3329 bellum,
918 3272 973 3318 et
1024 3260 1349 3332 Babylonios
1414 3260 1708 3314 adventare
1758 3260 2057 3327 diceretur,

479 3376 631 3431 spem
660 3361 714 3416 in
755 3359 922 3415 Deum
964 3357 1126 3425 [igere
1142 3353 1762 3420 destiteruntlsraelitae,
1797 3363 1850 3409 et
1892 3353 2059 3424 Egy-

479 3458 623 3525 ptios
674 3454 727 3509 in
776 3451 1087 3524 praesidium
1157 3449 1503 3511 asciverunt,’
1535 3445 1699 3517 Tyro,
1752 3455 1807 3500 et
1857 3446 2057 3500 accolis

478 3548 727 3619 gentibus
785 3544 1037 3601 mercede
1098 3542 1401 3598 conductis.
1450 3539 1656 3596 Omnes
1711 3540 1854 3593 enim
1909 3536 2053 3609 Tyrii

478 3639 736 3696 maritimi
775 3645 950 3701 erant,
982 3647 1036 3691 et
1079 3637 1155 3691 rei
1196 3634 1535 3689 mercatoria:
1586 3633 1764 3700 periti,
1801 3642 1853 3685 et
1894 3646 2058 3686 naves

480 3730 752 3785 habebant
801 3727 1087 3798 magniﬁce
1140 3735 1468 3780 exstructas.
1526 3722 1818 3793 Postquam
1875 3734 2056 3776 autem

480 3823 701 3876 advenit
740 3820 1088 3890 Babylonius,
1144 3828 1433 3886 antequam
1490 3826 1690 3873 terram
1747 3814 2056 3869 Iudaeorum

478 3922 740 3978 vastaret,
770 3912 1110 3982 depraedatus
1134 3919 1216 3965 est
1239 3908 1452 3979 Tyrios.
1488 3907 1656 3977 Igitur
1687 3911 1837 3962 hisce
1873 3908 2055 3962 verbis

478 4008 563 4062 vel
598 4008 701 4061 hoc
750 4005 880 4060 dicit
911 4003 1257 4075 prapheticus
1292 4001 1449 4056 nobis
1508 4015 1734 4066 sermo;
1791 4000 1874 4054 vel
1928 4000 2056 4054 illud

483 4099 778 4155 fortassis:
838 4096 1060 4151 Plurimi
1096 4110 1250 4164 reges
1298 4092 1461 4149 lsrael
1519 4108 1685 4147 causa
1742 4092 2053 4164 negotiandi

482 4206 650 4248 naves
709 4190 1013 4255 habebant,
1053 4204 1171 4259 qua:
1208 4204 1276 4245 ex
1332 4186 1638 4242 Judaaornm
1700 4188 1920 4253 regione
1993 4201 2058 4240 ac

484 4294 629 4338 terra
680 4297 890 4336 merces
929 4288 1303 4348 exportarent,
1341 4278 1449 4332 illis
1506 4293 1692 4333 rursus
1736 4293 1803 4332 ex
1868 4277 2057 4333 alienis

481 4375 791 4445 regionibus
846 4389 911 4429 ac
945 4372 1256 4428 civitatibus
1294 4372 1648 4437 adveherent;
1703 4386 1765 4424 ex
1824 4387 1931 4439 quo
1980 4372 2057 4424 fa-

481 4477 627 4522 ctum
650 4476 734 4523 est
762 4477 819 4520 ut
851 4466 1093 4537 ingentes
1136 4478 1267 4533 opes
1289 4462 1393 4519 illis
1417 4463 1773 4529 arcreverint;
1805 4463 2056 4517 elatiores

2084 3211 2127 3269 C

2166 586 2266 655 τῆς
2313 586 2482 658 ὀργῆς
2531 588 2620 641 τὸν
2666 588 2855 658 καιρὸν
2899 588 3039 642 κατά
3090 588 3291 650 παντὸς
3333 587 3590 659 ὑϐριστοῦ
3644 593 3741 644 καὶ

2167 677 2538 749 ὑπερηφάνου.
2597 681 2708 733 Καὶ
2753 678 3014 751 ὑϐριστὰς
3068 680 3169 750 μὲν
3222 680 3395 734 ἔοικεν
3456 680 3743 734 ἀνακαλεῖν

2165 770 2327 835 τοὺς,
2364 772 2479 840 οἵγε
2509 771 2607 842 τὴν
2641 772 2792 826 Θείαν
2844 772 3169 843 ἀτιμάζουσι
3201 772 3381 838 δόξαν,
3412 773 3500 826 διὰ
3539 774 3632 827 τοῦ
3670 774 3745 848 μὴ

2165 865 2459 935 ἀνέχεσθαι
2489 868 2967 939 προσκυνεῖναὺτῇ
2986 908 3001 933 ,
3049 868 3404 940 προσκεῖσθαι
3431 867 3488 920 δὲ
3520 870 3742 940 μᾶλλον,

2164 952 2246 1021 οἷς
2286 959 2353 1011 ἂν
2396 959 2549 1013 αὑτοὶ
2580 960 3016 1031 διατεκτήναιντο
3064 960 3228 1025 θεοῖς’
3266 962 3646 1033 ὑπερηφάνους
3689 964 3745 1017 δέ

2164 1050 2292 1112 τοὺς
2324 1049 2433 1101 τῶν
2462 1049 2619 1104 θείων
2651 1051 3037 1121 ὑπερορῶντας
3069 1052 3267 1121 νόμων,
3299 1055 3393 1107 καί
3430 1056 3562 1127 παρ’
3593 1055 3745 1108 οὐδὲν

2164 1142 2434 1195 ποιεῖσθαι
2464 1142 2903 1214 μεμελετηκότας
2931 1142 3000 1197 τὰ
3023 1143 3448 1215 τεθεσπισμένα.
3484 1148 3592 1200 Καὶ
3615 1147 3747 1215 γοῦν

2161 1234 2190 1285 6
2225 1235 2491 1305 μακάριος
2530 1235 2635 1305 ἐφη
2677 1235 2872 1289 Δαϐίδο
2922 1255 2939 1287 t
2986 1237 3356 1308 ’Υπερήφανοι
3402 1218 3743 1310 παρενόμουν

2176 1325 2282 1388 ἓως
2315 1328 2540 1399 σφόδρα.
2581 1346 2599 1379 ι
2642 1328 2862 1399 Ἐπειδὴ
2897 1329 2953 1382 δὲ
2994 1328 3232 1383 πλεῖστοί
3264 1348 3407 1394 τινες
3434 1327 3573 1402 ἦσαν
3603 1332 3745 1385 κατὰ

2161 1418 2259 1491 τὴν
2303 1412 2561 1475 Ἰουδαίαν
2594 1422 2688 1475 καὶ
2724 1423 2908 1492 μέντοι
2952 1423 3050 1495 τὴν
3087 1423 3443 1496 Ἰερουσαλὴμ
3467 1466 3481 1489 ,
3527 1426 3743 1495 πλούτῳ

2161 1529 2224 1565 τε
2270 1513 2552 1584 κομῶντες
2594 1515 2947 1586 ἀμφιλαφῶς,
2988 1516 3082 1569 καὶ
3119 1519 3240 1581 ταῖς
3281 1516 3388 1571 τῶν
3439 1518 3740 1589 χρημάτων

2154 1608 2508 1677 περιουσίαις
2545 1608 2606 1661 οὑ
2659 1609 2897 1680 μετρίως
2948 1610 3355 1681 περιεχόμενοι,
3412 1610 3743 1683 προύχοντές

2164 1717 2223 1752 τε
2256 1701 2365 1754 τῶν
2402 1700 2576 1754 ἄλλων
2616 1702 2713 1754 καὶ
2738 1702 3076 1765 δυναστείαις
3108 1703 3483 1775 ώχυρωμένοι,
3524 1706 3616 1759 καὶ
3644 1707 3741 1773 τῆς

2164 1796 2292 1864 παρ’
2312 1794 2496 1859 αὑτοῖς
2526 1793 2776 1859 εὐκλείας
2800 1795 2901 1849 οὑκ
2923 1797 3003 1860 είς
3034 1796 3204 1867 βραχὺ
3236 1796 3436 1869 μέτρον
3464 1798 3742 1870 ἀναπηδή-

2170 1900 2384 1947 σαντες.
2424 1884 2651 1956 ἠρμένοι
2677 1902 2736 1937 τε
2772 1884 2931 1954 ὑψοῦ,
2965 1887 3061 1939 καὶ
3091 1886 3373 1950 οἱονείπως
3413 1886 3739 1958 ἐξογκούμε-

2167 1994 2268 2030 νοι·
2302 1975 2477 2049 ταύτῃ
2505 1995 2587 2030 τοι
2637 1978 2754 2031 κατ’
2786 1978 2965 2030 αὑτῶν
3008 1978 3090 2031 ὅτι
3142 1978 3377 2049 μάλιστα
3416 1978 3485 2031 τά
3532 1980 3594 2031 ἐκ
3640 1979 3740 2049 τῆς

2168 2066 2321 2131 Θείας
2345 2070 2514 2139 ὀργῆς
2539 2068 2865 2139 δραμεῖσθαί
2885 2086 3017 2140 φησι
3052 2070 3150 2137 τὴν
3175 2069 3403 2122 ἑκάστου
3425 2068 3596 2133 τάξιν,
3622 2069 3739 2140 ῆτοι

2169 2159 2366 2229 μέτρον
2410 2159 2825 2228 αἰνιγματωδῶς
2856 2160 3235 2231 ὑπεμφαίνων.
3268 2160 3603 2232 Παρεικάζει
3632 2161 3740 2233 γάρ

2165 2251 2363 2314 αὑτοὺς
2410 2252 2506 2304 καὶ
2537 2255 2660 2315 ταῖς
2704 2251 2799 2305 τοῦ
2844 2252 3077 2307 Λιϐάνου
3110 2252 3357 2323 κέδροις·
3399 2272 3418 2304 ι
3466 2252 3600 2305 ’Ἰδον
3629 2254 3739 2325 γάρ

2164 2344 2369 2413 ἀσεϐῆ,
2410 2363 2428 2395 ι
2468 2343 2651 2413 φησὶν,
2698 2362 2716 2394 ι
2751 2344 3215 2417 ὑπερυψούμενον,
3244 2348 3339 2399 καὶ
3368 2346 3735 2416 ἐπαιρόμενον

2163 2437 2238 2501 ώς
2286 2437 2388 2499 τάς
2436 2437 2662 2508 κέδρους
2693 2437 2788 2490 τοῦ
2822 2437 3055 2491 Λιϐάνου
3081 2455 3096 2470 ο
3130 2457 3147 2489 ι
3193 2438 3285 2491 καὶ
3340 2438 3446 2509 μὴν
3488 2439 3576 2491 καὶ
3626 2439 3739 2501 τοῖς

2162 2530 2405 2601 δένδρεσι
2434 2530 2534 2601 τῆς
2562 2530 2793 2601 βαλάνου
2832 2531 3036 2594 Βασὰν,
3072 2530 3213 2585 τοῦτ’
3247 2530 3362 2584 ἔστι
3385 2573 3407 2605 ,ι
3430 2531 3588 2602 δρυσὶ
3617 2533 3737 2594 ταῖς

2162 2623 2220 2676 ἐν
2242 2625 2308 2694 τῇ
2338 2623 2649 2675 Βασανίτιδι
2668 2638 2682 2653 ⁸
2708 2621 2860 2692 χώρα
2891 2622 2947 2675 δέ
2979 2622 3115 2694 αὓτη
3150 2622 3293 2675 κατά
3316 2623 3416 2694 τὴν
3456 2622 3736 2684 Ἰουδαίαν,

2160 2716 2195 2787 ἢ
2238 2714 2333 2768 νῦν
2376 2714 2618 2769 καλεῖται
2674 2715 2973 2778 Βασαναία,
3026 2715 3208 2784 φυτῶν
3259 2715 3458 2786 ἀρίστη
3515 2715 3734 2784 τροφὸς,

2162 2808 2396 2879 παχείας
2449 2824 2507 2861 τε
2542 2808 2636 2860 καὶ
2680 2807 3095 2878 εὑμηκεστάτας
3124 2806 3322 2878 ἔχουσα
3352 2809 3449 2871 τάς
3484 2807 3732 2878 κέδρους.

2162 2900 2493 2969 Παρεικάξει
2525 2899 2581 2952 δὲ
2610 2899 2809 2962 αὑτοὺς
2840 2901 3041 2969 ὁμοίως
3070 2900 3276 2971 βουνοῖς
3305 2903 3399 2955 καὶ
3430 2901 3612 2972 ὄρεσι,
3641 2901 3737 2955 καὶ

2162 2992 2384 3063 προσέτι
2431 2993 2660 3064 πύργοις
2708 2993 2801 3045 καὶ
2840 2994 3076 3063 τείχεσιν
3109 2994 3354 3063 ὑψηλοῖς.
3399 2995 3520 3047 Ὅτι
3554 2994 3611 3047 δὲ
3641 2994 3737 3047 καὶ

2159 3085 2258 3149 τὰς
2287 3085 2380 3139 τοῦ
2416 3086 2663 3138 πλουτεῖν
2692 3085 2948 3157 ἀφορμάς
2989 3086 3426 3139 συναποϐαλοῦσι
3465 3089 3530 3157 τῇ
3560 3088 3733 3157 χώρᾳ,

2161 3176 2523 3246 προσεπάγει,
2555 3175 2726 3244 λέγων
2749 3193 2761 3205 ·
2786 3195 2803 3226 ι
2824 3176 2933 3228 Καὶ
2963 3177 3055 3229 ἐπὶ
3086 3178 3192 3229 πᾶν
3220 3176 3404 3229 πλοῖον
3432 3175 3731 3245 θαλάσσης,

2161 3269 2255 3323 καὶ¹
2287 3269 2378 3322 ἐπὶ
2401 3269 2581 3321 πᾶσαν
2608 3268 2736 3322 θέαν
2766 3268 2966 3321 πλοίων
2992 3269 3241 3333 κάλλους.
3284 3289 3302 3321 ι
3336 3270 3467 3341 Διχῆ
3500 3270 3555 3323 δὲ
3580 3269 3737 3322 τοῦτο

2159 3365 2375 3415 νοεῖται.
2408 3360 2907 3431 Περιαγγελθέντος
2938 3362 3046 3433 γὰρ
3092 3362 3190 3434 ἥδη
3225 3361 3319 3416 τοῦ
3351 3362 3612 3435 πολέμου,
3640 3360 3736 3414 καὶ

2159 3456 2624 3527 προσδοκωμένων
2673 3453 3006 3526 παρέσεσθαι
3051 3454 3161 3508 τῶν
3210 3453 3588 3518 Βαϐυλωνίων,
3637 3453 3735 3524 τῆς

2160 3550 2240 3612 είς
2271 3548 2404 3601 Θεὸν
2433 3547 2648 3610 ἐλπίδος
2685 3546 2785 3616 τὴν
2829 3546 3071 3600 διάνοιαν
3119 3546 3533 3616 ἀποστήσαντες
3574 3548 3621 3598 oi
3674 3545 3734 3611 ἐξ

2172 3641 2408 3713 Ἰσραὴλ,
2433 3639 2761 3709 Αἰγυπτίους
2786 3638 3010 3693 ἐκάλουν
3032 3641 3111 3702 εἰς
3134 3638 3476 3710 ἐπικουρίαν,
3504 3654 3734 3706 κατεμι-

2160 3731 2381 3785 σθοῦντό
2406 3748 2465 3783 τε
2495 3730 2595 3801 τὴν
2625 3729 2820 3801 Τύρον,
2852 3728 2946 3781 καὶ
2999 3727 3067 3780 τά
3112 3728 3366 3799 περίοικα
3405 3728 3512 3780 τῶν
3540 3726 3728 3781 ἐθνῶν.

2158 3825 2570 3895 Θαλασσουργοὶ
2601 3822 2656 3875 δὲ
2685 3823 2886 3885 πάντες
2933 3822 2984 3874 οἱ
3027 3820 3236 3892 Τύριοι,
3272 3821 3364 3873 καὶ
3414 3820 3733 3892 ἐμπορικῶν

2159 3916 2605 3988 ἐπιτηδευμάτων
2625 3915 3008 3985 ἐπιστήμονες,
3034 3914 3129 3966 καὶ
3161 3913 3460 3983 φιλοτίμως
3480 3913 3578 3976 τὰς
3600 3913 3733 3976 ναῦς

2158 4007 2677 4080 κατεσκευασμένοι.
2744 4006 2962 4078 Ἐπειδὴ
3005 4006 3061 4059 δὲ
3114 4000 3249 4077 ἧκεν
3292 4007 3320 4057 ὁ
3368 4005 3731 4069 Βαϐυλώνιος,

2159 4101 2265 4172 πρὸ
2303 4102 2404 4172 τῆς
2460 4100 2730 4154 Ἰουδαίων
2778 4101 2902 4170 γῆς,
2951 4096 3050 4169 τὴν
3098 4098 3310 4169 Τυρίων
3358 4097 3728 4168 κατεληῖζετο.

2159 4193 2368 4247 Οὑκοῦν
2402 4193 2436 4265 ἢ
2462 4192 2618 4247 τοῦτό
2643 4209 2806 4264 φησιν
2831 4193 2859 4245 ὁ
2889 4190 3228 4263 προφητικὺς
3252 4193 3387 4261 ἡμῖν
3419 4193 3477 4244 ἐν
3515 4191 3725 4255 τούτοις

2158 4286 2335 4355 λόγος,
2364 4285 2398 4357 ἢ
2430 4285 2607 4340 ἐκεῖνό
2640 4302 2743 4339 που
2768 4285 2932 4354 τάχα.
2979 4283 3227 4337 Πλεῖστοι
3274 4283 3382 4353 γὰρ
3409 4282 3518 4336 τῶν
3565 4282 3731 4354 βεϐα-

2159 4377 2480 4432 σιλευκότων
2515 4376 2609 4430 τοῦ
2646 4374 3029 4447 Ἰσραὴλ,“ναῦς
3057 4370 3201 4446 εἶχον
3231 4376 3559 4447 ἐμπορικὰς,
3582 4373 3729 4447 τά[ς]

2158 4474 2222 4525 ἐκ
2255 4473 2352 4543 τῆς
2381 4470 2555 4525 Ἰνδῶν
2578 4469 2762 4540 χώρας
2785 4486 2844 4522 τε
2876 4468 2970 4521 καὶ
2994 4466 3098 4539 γῆς
3118 4467 3499 4541 ἀποφερούσας
3522 4469 3728 4533 αὑτοῖς,

481 4562 609 4617 facti
646 4569 772 4619 sunt
798 4560 997 4624 cedris,
1025 4558 1351 4628 quercubus,
1395 4556 1667 4611 montibus
1724 4569 1780 4611 et
1810 4557 2048 4611 turribus

2161 4565 2249 4618 καὶ
2280 4561 2426 4635 τάὶς]
2453 4562 2510 4628 ἐξ
2540 4561 2741 4632 ἐτέρων
2772 4559 2966 4631 χωρῶν
2996 4561 3091 4613 καὶ
3119 4560 3356 4613 πόλεων·
3394 4560 3515 4613 ὅθεν
3548 4561 3731 4623 αὐτοῖς

482 4668 587 4708 non
618 4652 930 4707 dissimiles.
960 4650 1112 4719 Quod
1145 4664 1272 4705 vero
1302 4648 1708 4704 conﬂandarum
1748 4664 1908 4718 opum
1958 4664 2052 4703 oc-

481 4744 654 4807 casio,
692 4744 868 4809 idest,
902 4743 1046 4797 lucra
1086 4758 1206 4814 quae
1264 4755 1330 4796 ex
1356 4741 1721 4812 negatiatione
1776 4753 1831 4795 et
1898 4756 2053 4797 com-

483 4839 782 4892 tnntatione
821 4835 1067 4901 inﬂuunt,
1145 4835 1306 4889 simul
1367 4850 1487 4888 cum
1520 4834 1768 4902 superbis
1815 4836 2051 4903 peritura

481 4930 615 4994 sint,
637 4930 935 4983 luculenter
950 4930 1187 4983 denotat.
1214 4926 1365 4993 Quod
1390 4928 1554 4980 etiam
1574 4927 1830 4981 lsraelita:
1857 4926 2054 4980 lltllllOS

485 5021 538 5073 in
570 5020 869 5074 subsidium
919 5020 1306 5083 conducerent,
1331 5033 1437 5071 non
1466 5020 1755 5072 obscurum
1789 5027 1895 5081 est,
1926 5034 2047 5071 cum

485 5112 626 5168 Deus
653 5111 719 5166 de
752 5110 856 5164 illis
895 5126 990 5179 per
1038 5111 1266 5165 alterum
1322 5111 1636 5180 prophetam
1696 5111 1883 5165 dicat:
1920 5130 1938 5161 ε
1988 5111 2055 5164 Et

481 5210 602 5257 erat
644 5200 899 5270 Ephraim
940 5201 1188 5256 columba
1255 5213 1462 5263 amens,
1519 5214 1623 5253 non
1673 5198 1879 5253 habens
1934 5212 2049 5265 cor,

485 5292 777 5363 Egyptum
836 5291 1124 5355 invocavit,
1175 5298 1229 5345 et
1275 5292 1343 5345 ad
1369 5290 1619 5360 Assyrios
1653 5289 1803 5344 abiit.
1833 5288 1898 5345 Et
1927 5303 2049 5343 cum

484 5385 737 5448 abierint,
782 5382 1022 5452 injiciant
1088 5382 1193 5437 illis
1247 5391 1359 5436 rete
1431 5370 1631 5443 meum,
1703 5379 1865 5434 veluti
1926 5380 2049 5434 caeli

485 5478 730 5533 volucres
772 5475 1031 5531 deducam
1090 5489 1207 5539 eos,
1270 5486 1491 5528 rumore
1575 5470 1881 5527 alllictionis
1939 5486 2053 5527 sum

482 5568 724 5629 erudiam
757 5581 852 5622 eos
880 5567 944 5622 ¹⁰.
981 5586 1001 5619 ι
1035 5566 1347 5623 inevitabile
1368 5572 1453 5620 est
1490 5564 1649 5635 igitur
1674 5565 1767 5618 Dei
1790 5565 2051 5634 judicium

482 5669 671 5719 contra
702 5674 838 5733 quos
864 5659 942 5714 iit.
970 5660 1158 5715 Nonne
1187 5672 1316 5714 vero
1337 5658 1501 5727 impia
1526 5664 1611 5711 est
1640 5656 1927 5727 imperitia,
1956 5669 2052 5725 spe

2160 4654 2254 4708 καὶ
2291 4655 2319 4707 ὁ
2356 4650 2523 4714 πολὺς
2558 4649 2933 4720 συναγήγερτο
2981 4647 3241 4710 πλοῦτος’
3278 4646 3338 4712 ἐξ
3377 4640 3436 4701 οὗ
3473 4646 3730 4715 γεγόνασι

2161 4743 2374 4816 ὑψηλοὶ,
2419 4741 2631 4813 κέδροις
2661 4758 2720 4795 τε
2751 4740 2846 4793 καὶ
2883 4739 3069 4811 δρυσὶν
3112 4742 3170 4794 ἐν
3205 4740 3325 4809 ἴσῳ,
3360 4738 3511 4809 δρεσί
3547 4756 3605 4791 τε
3639 4738 3731 4791 καὶ

2165 4836 2415 4907 πύργοις.
2441 4832 2649 4887 Οὑκοῦν
2675 4833 2756 4885 ὅτι
2780 4831 2875 4884 καὶ
2905 4830 3287 4884 συναπολεῖται
3310 4832 3421 4892 τοῖς
3443 4829 3732 4898 ὑπερηφά-

2155 4946 2267 4992 νοις
2290 4928 2383 4981 κα¹ι
2434 4927 2467 4998 ἡ
2507 4923 2602 4977 τοῦ
2643 4923 2873 4977 πλούτου
2915 4923 3160 4994 ἀφορμὴ,
3191 4921 3336 4975 τοῦτ’
3367 4921 3504 4985 ἐστι,
3548 4922 3619 4974 τὰ
3665 4924 3731 4974 ἐκ

2153 5021 2253 5089 τῆς
2297 5015 2571 5087 ἐμπορίας
2626 5016 2721 5067 καὶ
2776 5012 3077 5084 μεταϐολῆς
3126 5015 3205 5077 εἰς
3248 5012 3512 5084 τρέχοντα
3556 5012 3724 5083 κέρδη

2156 5109 2555 5180 κατασημαίνει
2618 5105 2903 5178 λαμπρῶς.
2976 5106 3098 5158 Ὅτι
3172 5104 3231 5157 δέ
3301 5104 3731 5175 κατεμισθοῦντο

2156 5203 2385 5267 πολλοὺς
2431 5201 2565 5272 πρὸς
2598 5199 2917 5271 ἐπικουρίαν
2960 5198 3009 5251 οἱ
3042 5196 3101 5264 ἐξ
3143 5196 3358 5268 Ἰσραὴλ
3409 5197 3509 5250 οὑκ
3554 5198 3731 5266 ἀσυμ-

2161 5289 2345 5360 φανές,
2378 5290 2471 5344 καὶ
2488 5289 2569 5343 δι’
2598 5288 2785 5360 ἐτέρου
2824 5288 3105 5359 προφήτου
3160 5286 3410 5355 λέγοντος
3435 5287 3569 5340 Θεοῦ
3603 5289 3732 5358 περὶ

2160 5383 2373 5437 αὑτῶν
2426 5402 2446 5435 ι
2480 5381 2590 5435 Καὶ
2641 5376 2710 5453 ἦν
2752 5378 2989 5450 Ἐφραίμ
3034 5378 3339 5450 περιστερά
3384 5379 3577 5443 άνους,
3629 5380 3731 5431 οὑκ

2160 5478 2356 5545 ἔχουσα
2421 5474 2691 5544 καρδίαν,
2758 5473 3033 5542 Αἴγυπτον
3081 5471 3440 5537 ἐπεκαλεῖτο,
3502 5473 3598 5524 καὶ
3648 5472 3729 5535 είς

2170 5567 2489 5638 Ἀσσυρίους
2522 5565 2832 5635 ἐπορεύετο.
2865 5563 3063 5628 Καθὼς
3090 5563 3446 5635 πορεύονται,
3481 5561 3729 5617 ἐπιϐαλῶ

2159 5660 2246 5711 ἐπ’
2294 5659 2489 5721 αὑτοὺς
2527 5656 2587 5711 τὸ
2615 5656 2832 5709 δίκτυόν
2862 5672 2986 5726 μου,
3038 5653 3221 5719 καθὼς
3266 5656 3334 5709 τά
3372 5654 3592 5710 πετεινὰ
3631 5653 3728 5707 τοῦ

544 5818 567 5852 ⁸
589 5818 730 5879 Psal.
755 5836 943 5891 cxvut,
970 5822 1057 5878 5|.
1126 5821 1146 5854 ’
1171 5816 1314 5874 Psal.
1336 5831 1524 5883 xxxvi,
1556 5814 1643 5869 '55.
1722 5815 1764 5846 ¹⁰
1797 5814 1933 5871 Osce
1974 5829 2068 5884 vn,
2097 5812 2183 5883 ll,
2218 5812 2301 5866 l2.
