4094 6366
353 395 425 451 sa
1514 398 1583 454 1N
1621 366 1857 455 ISAIAM
1894 398 1967 453 ιι]

2070 401 2105 457 Ι.
2146 399 2355 456 ORAT.
2397 398 2459 454 ll.

3547 384 3622 441 90

358 510 589 582 οὐρανοῦ
642 512 863 578 κατάξω
920 515 1136 581 αὐτούς.
1186 517 1468 572 Παιδεύσω
1514 520 1713 582 αὐτοὺς
1765 522 1823 572 ἰν
1870 523 1937 590 τῇ

2070 539 2098 575 n
2136 521 2302 576 Deum
2329 520 2501 574 fracta
2521 532 2585 573 ac
2614 515 2917 574 debilitata.
2945 511 3098 567 vanis
3117 519 3174 565 et
3204 506 3627 563 inconsideratis

360 603 499 673 ἀκοῇ
528 606 625 674 τῆς
649 604 883 674 θλίψεως
920 608 1116 663 αὐτῶν.
1150 627 1168 660 ι
1203 610 1608 679 Δυσδιάφυκτον
1638 607 1731 663 οῦν
1760 612 1819 664 τὸ
1845 610 1941 663 τοῦ

364 694 500 747 Θεοῦ
546 698 740 766 κρῖμα,
789 699 912 750 καθ’
946 692 1021 753 ὧν
1069 700 1134 753 ἂν
1173 701 1411 769 γένοιτο·
1450 703 1543 753 καὶ
1586 701 1796 771 ἀμαθὲς
1845 701 1941 754 καὶ

365 788 577 840 ἀνόσιον
619 789 693 859 μὴ
718 789 839 860 οὐχὶ
888 791 951 861 δὴ
987 792 1186 861 μᾶλλον
1216 794 1489 865 ἠρτῆσθαι
1522 794 1694 863 φιλεῖν
1726 795 1827 863 τῆς
1862 794 1941 856 εἰς

365 881 531 933 αὐτὸν
561 880 794 946 ἐλπίδος,
820 887 998 947 κενοῖς
1023 884 1080 938 δὲ
1110 887 1204 940 καὶ
1243 888 1523 950 ἁσυνέτοις
1556 884 1939 950 διαπαίζεσθαι

364 972 648 1043 λογισμοῖς
678 976 960 1045 οἰομένους
985 1018 1000 1042 ,
1034 977 1117 1029 ὅτι
1162 978 1265 1031 κᾶν
1305 980 1354 1031 εἰ
1391 977 1631 1048 βούλοιτο
1656 978 1718 1030 τὸ
1747 975 1942 1040 σώζειν

368 1066 590 1132 αὐτοὺς,
614 1067 875 1131 ὲξελεῖται
903 1069 959 1121 δέ
987 1086 1071 1133 τις
1098 1070 1284 1142 ἕτερος
1307 1074 1403 1125 καὶ
1425 1074 1523 1143 τῆς
1551 1072 1610 1139 ἐξ
1637 1069 1943 1141 ἀνθρώπων

371 1155 691 1228 ὶπικουρίας
737 1161 772 1231 ἠ
823 1160 1114 1233 συνδρομὴ,
1160 1164 1253 1217 καὶ
1320 1166 1605 1235 περιέσται
1656 1162 1787 1215 ποτὲ
1834 1161 1943 1213 τῶν

2050 610 2369 666 ratiunculis
2396 608 2685 672 ludiﬁcari,
2706 616 2760 661 et
2787 605 3119 668 existimare,
3135 598 3347 655 etiamsi
3395 611 3620 652 servare

2055 703 2191 758 nolit
2240 703 2375 771 ipse,
2401 702 2565 755 alium
2603 702 2909 769 quempiam
2940 704 3272 764 erepturum,
3305 697 3361 744 et
3394 688 3619 743 humani

2046 795 2229 851 auxilii
2257 793 2619 849 accessionem
2668 792 2785 862 ejus
2807 798 2967 845 nutus
3000 800 3064 841 ac
3115 783 3421 840 voluntates
3461 793 3624 847 supe-

2048 887 2337 944 raturam?
2390 886 2471 947 Si.
2519 884 2739 953 inquit,|
2768 880 3026 937 clauserit
3076 884 3264 931 contra
3324 872 3619 933 hominem,

2047 975 2457 1047 quis'aperiet?
2483 973 2670 1029 Melius
2694 972 2855 1042 igitur
2880 978 2962 1023 est
2994 980 3151 1032 spera
3164 977 3221 1017 re
3265 962 3319 1017 in
3376 959 3623 1017 Domino,

2048 1083 2209 1137 quam
2251 1068 2541 1138 sperarein
2575 1062 2814 1125 homine,
2846 1058 2999 1128 juxta
3024 1054 3136 1129 59
3171 1066 3356 1108 vocem
3389 1047 3620 1119 psallen-

2054 1161 2147 1214 tis.

373 1252 505 1321 παρ’
538 1252 703 1306 αὑτοῦ
736 1228 1041 1324 νευμάτων..
1082 1228 1218 1309 ’Ἐὰν
1276 1228 1621 1329 γὰρ’κλείσῃ
1672 1255 1815 1309 κατὰ
1866 1252 2179 1325 ἀνθρώπου,
2248 1251 2404 1324 φησὶ,
2454 1250 2540 1313 τίς
2578 1246 2809 1312 ἀνοίξεις
2857 1240 3088 1313 Ἀγαθὸν
3143 1235 3323 1290 τοίνυν
3351 1232 3431 1303 ζτδ
3476 1228 3629 1282 mu-

373 1341 489 1404 ζειν
514 1343 605 1394 ἐπὶ
639 1341 859 1412 Κύριον,
891 1343 924 1413 ἢ
956 1344 1193 1409 ἐλπίζειν
1220 1346 1306 1399 ἐπ’
1332 1346 1639 1418 ἄνθρωπον,
1670 1346 1813 1399 κατὰ
1834 1345 1933 1415 τὴν
1970 1344 2065 1397 τοῦ
2094 1344 2390 1415 ψάλλοντος
2430 1341 2640 1410 φωνήν.

446 1430 560 1483 Καὶ
610 1431 683 1484 τὰ
738 1434 1119 1501 χειροποίητα
1176 1435 1372 1489 πάντα
1427 1414 1945 1503 κατακρύψουσιν,

2112 1414 2288 1490 Vens.
2325 1433 2413 1489 l9.
2452 1432 2522 1486 Et
2559 1429 2860 1496 mdnufacta
2913 1422 3087 1477 omnia
3119 1418 3458 1480 abscondent,
3486 1414 3624 1482 infe-

374 1522 824 1589 εἰσενεγκόντες
852 1525 938 1589 εἰς
971 1523 1041 1576 τὰ
1070 1525 1366 1593 σπήλαια,
1405 1526 1503 1579 καί
1544 1528 1630 1591 εἰς
1674 1527 1779 1590 τὰς
1811 1541 1948 1594 σχι-

2070 1539 2221 1583 Pentes
2253 1528 2309 1581 in
2342 1542 2523 1593 specus
2539 1534 2583 1577 et
2611 1523 2668 1574 in
2700 1520 2952 1573 missuras
2986 1522 3273 1583 petrarum,
3299 1520 3344 1563 et
3377 1512 3430 1559 in
3465 1506 3627 1557 rimas

376 1614 537 1682 σμὰς
566 1611 685 1666 τῶν
711 1612 964 1680 πετρῶν,
1002 1614 1102 1667 καὶ
1143 1618 1228 1682 εἰς
1261 1616 1367 1684 τὰς
1408 1616 1674 1686 τρώγλας
1702 1614 1814 1684 τῆς
1836 1615 1951 1685 γῆς

2070 1636 2207 1678 ἐι-ηε
2237 1638 2268 1676 a
2295 1620 2429 1690 [acie
2459 1617 2660 1671 timoris
2705 1610 2937 1672 Domini.
2961 1616 3010 1661 et
3044 1623 3077 1659 a
3102 1605 3269 1675 gloria
3299 1596 3628 1673 fortitudinis

378 1706 497 1758 ἀπὸ
531 1704 854 1773 προσώπου
898 1705 1005 1760 τοῦ
1034 1709 1224 1775 φόϐου
1260 1709 1503 1778 Κυρίου,
1544 1708 1642 1762 καί
1686 1708 1806 1762 ἀπὸ
1843 1706 1951 1775 τῆς

2070 1709 2188 1779 ejus,
2219 1707 2429 1779 quando
2456 1704 2738 1761 surrexerit
2761 1702 2828 1755 ad
2872 1698 3221 1769 frangendum
3254 1704 3471 1746 terram.

378 1796 566 1863 δόξης
597 1794 707 1863 τῆς
736 1797 952 1866 ἰσχύος
984 1796 1193 1864 αὐτοῦ,
1240 1797 1386 1853 ὅταν
1425 1796 1665 1868 ἀναστῇ
1695 1798 1953 1867 θραῦσαι

381 1888 499 1955 τὴν
532 1887 669 1958 γῆν.

452 1982 695 2043 Γέλωτος
722 1980 878 2047 ἀξίαν
906 1983 1007 2053 τὴν
1045 1982 1154 2035 τῶν
1193 1983 1462 2038 Ἰουδαίων
1499 1984 1794 2055 ἀποφαίνει
1824 1984 1953 2037 σκέ-

377 2074 495 2142 ψιν,
559 2075 609 2125 εἰ
664 2073 1110 2145 κατακρύπτουσι
1168 2075 1295 2139 τοὺς
1355 2076 1548 2141 θεοὺς,
1616 2079 1711 2132 καὶ
1762 2077 1957 2142 σώζειν

383 2167 698 2233 ἐπείγονται
724 2168 851 2231 τοὺς
881 2167 1405 2238 προσκυνουμένους.
1457 2168 1653 2221 Καίτοι
1694 2169 1811 2232 πῶς
1854 2170 1955 2223 οὐκ

383 2259 492 2311 εδει
547 2257 803 2330 σωτῆρας
867 2260 1064 2321 αὐτοὺς
1123 2258 1339 2312 ἔσεσθαι
1398 2260 1739 2331 προσδοκᾷν,
1798 2240 1958 2332 εἴπερ

383 2352 555 2411 ὅντως
582 2350 780 2421 ᾔδεσαν
813 2348 967 2412 θεούς
988 2368 1005 2413 ;
1046 2349 1187 2402 Ἀλλ’
1235 2351 1388 2403 αὐτοὶ
1432 2351 1541 2403 τῶν
1589 2352 1733 2405 ἰδίων
1787 2370 1959 2406 κατα-

383 2441 696 2505 summa;
742 2439 1143 2511 βουλευμάτων,
1179 2442 1273 2495 καὶ
1326 2441 1729 2513 μαρτυροῦντες
1775 2442 1958 2506 αὐτοῖς

384 2534 444 2585 τὸ
476 2532 614 2603 πρὸς
642 2532 751 2585 πᾶν
793 2530 972 2585 ὁτιοῦν
1003 2531 1256 2601 ἀδρανὲς,
1286 2532 1623 2602 ἐπαμύνουσι
1650 2536 1764 2597 τοῖς
1794 2532 1957 2596 θεοῖς.

389 2622 851 2694 Κατακρύπτουσι
898 2624 1007 2694 γὰρ
1039 2626 1119 2687 εἰς
1160 2622 1231 2677 τὰ
1277 2623 1541 2695 σπήλαια,
1594 2626 1690 2678 καὶ
1732 2626 1812 2688 εἰς
1859 2624 1957 2688 τὰς

391 2716 629 2786 σῃσμὰς
664 2715 773 2769 τῶν
806 2716 1041 2788 πετρῶν,
1070 2716 1165 2769 καὶ
1196 2717 1276 2780 είς
1304 2717 1401 2781 τὰς
1428 2716 1676 2788 τρώγλας
1706 2718 1807 2787 τῆς
1833 2719 1958 2788 γῆς,

390 2808 478 2860 ῖνα
535 2807 611 2878 μὴ
662 2808 913 2879 εὑρόντες
954 2810 1004 2860 oi
1066 2808 1315 2880 πολέμιοι
1374 2808 1791 2879 συναποφέρωσι
1848 2812 1961 2873 τοῖς

391 2899 766 2969 νενικημένοις
810 2894 919 2953 οἷον
948 2899 1325 2971 αἰχμαλώτους
1373 2899 1547 2962 θεούς.
1584 2900 1707 2963 Πῶς
1753 2897 1845 2952 οὖν
1881 2898 1961 2951 ἔτι

393 2992 506 3045 θεοὶ
551 2991 702 3063 παρὰ
746 2992 857 3045 τῶν
910 2993 1358 3064 προσκυνούντων
1406 2994 1592 3055 αὐτοῖς
1641 2993 1963 3064 ἐπικουρίας

2055 1995 2087 2045 ιε
2130 1991 2434 2048 Ridiculum
2490 1986 2727 2043 ostendit
2758 1982 3065 2039 Iudaeorum
3091 1976 3373 2035 consilium
3410 1988 3425 2027 :
3462 1968 3631 2038 siqni-

2058 2091 2179 2145 dem
2210 2090 2337 2143 deos
2370 2081 2665 2144 occultant,
2691 2087 2747 2133 et
2772 2091 2908 2147 quos
2937 2072 3255 2133 adorarunt,
3290 2081 3387 2123 eos
3414 2075 3634 2119 servare

2058 2189 2329 2250 satagunt.
2374 2176 2507 2230 Nam
2559 2173 2743 2244 quidni
2782 2169 2960 2241 potius
2990 2173 3307 2235 servatores
3348 2157 3470 2213 illos
3521 2153 3636 2250 fore

2058 2246 2451 2343 exspectarent,
2492 2266 2759 2336 siquidem
2814 2274 3001 2317 revera
3041 2258 3173 2312 deos
3212 2269 3334 2309 esse
3381 2256 3577 2343 norant
3609 2246 3634 2298 τ

2057 2339 2219 2432 Atqui
2255 2376 2349 2416 sua
2381 2358 2480 2428 ipsi
2522 2359 2737 2411 decreta
2781 2353 3118 2416 damnantes,
3166 2357 3395 2413 cumque
3431 2339 3531 2432 ipsi
3548 2348 3638 2432 te-

2058 2428 2169 2509 stes
2200 2451 2309 2506 sint
2331 2463 2520 2504 eorum
2547 2442 2948 2504 imbecillitatis,
2976 2439 3079 2493 diis
3107 2438 3451 2493 succurrunt.
3496 2428 3637 2481 Abs-

2058 2547 2297 2605 condunt
2332 2542 2476 2599 enim
2503 2541 2557 2597 in
2586 2538 2857 2610 speluncis
2907 2545 2961 2589 et
2987 2535 3040 2589 in
3084 2524 3335 2587 scissuris
3362 2534 3639 2581 saxorum,

2065 2640 2213 2695 etin
2278 2645 2435 2691 terra:
2488 2629 2865 2695 foraminibus,
2896 2640 2964 2681 ne
3015 2625 3201 2678 hostes
3258 2612 3559 2675 inveniant,
3585 2617 3643 2663 et

2063 2742 2166 2783 una
2213 2741 2335 2781 cum
2376 2722 2543 2778 victis
2590 2718 2835 2788 captivos
2880 2727 3097 2785 quoque
3155 2710 3284 2763 deos
3334 2708 3636 2773 asportent.

2062 2814 2161 2881 Qui
2182 2827 2312 2878 ergo
2347 2811 2459 2880 jam
2491 2808 2567 2864 dii
2604 2809 2738 2872 sint,
2763 2805 2854 2875 qui
2888 2817 3107 2859 suorum
3134 2799 3401 2853 cultorum
3428 2805 3530 2861 ope
3554 2790 3643 2844 in-

2063 2905 2280 2976 digent?
2333 2902 2439 2957 Sed
2479 2901 2701 2956 materia
2745 2896 3028 2954 exanimis
3063 2890 3152 2950 illa
3197 2899 3343 2954 sunt,
3383 2896 3461 2954 et,
3489 2896 3544 2938 ut
3566 2884 3648 2937 in-

2063 3001 2179 3069 quit
2212 2999 2399 3052 beatus
2430 2994 2634 3050 David:
2669 3012 2686 3045 ι
2709 2990 2855 3047 ldola
2878 2990 3116 3060 gentium
3150 2992 3432 3055 argentum
3464 2988 3520 3031 et
3548 2991 3641 3029 au-

391 3086 725 3156 δεδεημένοι,
761 3086 875 3139 ἀλλ’
912 3085 1011 3158 ὕλη
1068 3087 1167 3157 μὲν
1207 3086 1412 3158 ἄψυχος
1458 3090 1664 3141 ἐκεῖνα.
1716 3086 1822 3138 Καὶ
1884 3084 1960 3150 ὥς

2070 3108 2203 3148 rum.
2241 3104 2410 3161 opera
2439 3103 2693 3143 manuum
2732 3081 3122 3140 hominum“.s
3157 3077 3223 3133 Et
3266 3088 3396 3129 sane
3445 3069 3647 3161 (μή-ουτ

394 3194 557 3248 φησιν
595 3179 625 3229 ὁ
656 3180 921 3249 μακάριος
952 3178 1132 3240 Δαὸὶδ,
1159 3198 1178 3229 ι
1204 3179 1284 3231 Τὰ
1309 3178 1500 3232 εἴδωλα
1533 3178 1641 3231 τῶν
1676 3177 1843 3231 ἐθνῶν
1872 3178 1968 3250 ἀρα

394 3269 587 3338 γύριον
614 3271 709 3321 καὶ
734 3270 981 3339 χρυσίον,
1010 3270 1146 3342 ἔργα
1170 3272 1365 3342 χειρῶν
1394 3271 1715 3341 ἀνθρώπων.
1752 3291 1769 3323 ι
1796 3272 1969 3340 Nocti]-

397 3360 553 3413 σουσί
585 3378 649 3429 γε
678 3360 783 3432 μὴν
823 3361 874 3415 οἱ
922 3360 1314 3432 θεραπεύοντες
1347 3363 1485 3415 αὐτὰ
1514 3362 1612 3433 τὴν
1644 3362 1763 3433 ἴσην
1791 3364 1974 3426 αὐτοῖς

397 3451 781 3520 ἀναισθησίαν.
836 3452 1000 3505 Αὐτοὶ
1053 3453 1161 3524 γὰρ
1204 3455 1442 3523 τεχνῖται
1498 3453 1593 3506 καὶ
1646 3453 1971 3523 δημιουργοὶ

398 3542 686 3609 γεγονότες
716 3542 914 3607 αὐτῶν,
947 3542 1192 3614 αἴρουσιν
1236 3542 1329 3596 ἐπὶ
1363 3542 1471 3596 τῶν
1526 3542 1711 3613 ὤμων,
1748 3545 1843 3596 καὶ
1876 3560 1969 3595 πο-

403 3634 674 3706 ρεύονται,
702 3637 798 3688 καὶ
840 3636 1236 3705 προσκυνοῦσιν
1260 3635 1428 3707 αὐτῷ,
1462 3636 1557 3689 καὶ
1583 3635 1974 3706 προσεύχονται

401 3727 683 3794 λέγοντες·
723 3747 742 3780 ι
790 3726 1000 3793 Ἐξελοῦ
1026 3745 1091 3799 με
1121 3728 1203 3780 ὅτι
1232 3727 1364 3790 Θεός
1398 3745 1498 3798 μου
1526 3721 1577 3780 εἴ
1603 3726 1686 3781 σύ.
1718 3746 1735 3777 ι
1770 3727 1972 3791 Σποδὸς

400 3820 696 3892 τοιγαροῦν
721 3822 755 3891 ἠ
786 3821 979 3891 καρδία
1014 3819 1224 3881 αὐτῶν,
1255 3822 1351 3873 καὶ
1384 3820 1712 3873 πλανῶνται.
1764 3820 1972 3889 Πρέποι

402 3911 451 3964 δ’
495 3911 562 3964 ἂν
597 3915 709 3975 τοῖς
741 3912 981 3965 εὐσεϐεῖν
1016 3911 1253 3974 εἰωθόσι,
1298 3915 1418 3974 ταῖς
1455 3912 1563 3966 τῶν
1604 3912 1974 3982 πλανωμένων

407 4003 763 4073 ἁϐελτηρίαις
791 4004 1062 4076 ἐρρῶσθαι
1091 4003 1292 4072 λέγειν,
1314 4004 1409 4057 καὶ
1440 4005 1547 4074 μὴν
1581 4005 1802 4057 κάκεῖνο
1825 4002 1973 4075 βοᾷν·

414 4137 433 4167 ε
472 4097 598 4149 Geni
628 4096 677 4149 οἳ
720 4096 811 4149 τὸν
843 4096 1068 4166 οὐρανὸν
1124 4096 1217 4151 καὶ
1263 4097 1362 4168 τὴν
1396 4099 1501 4167 γῆν
1543 4096 1645 4149 οὐκ
1692 4096 1978 4163 ἐποίησαν,

2074 3186 2193 3240 lunt
2241 3155 2328 3247 ea,
2383 3180 2547 3236 simili
2581 3193 2705 3233 cum
2752 3175 2857 3231 illis
2905 3170 3217 3241 stupiditate
3246 3164 3514 3219 laborant.
3545 3155 3657 3226 Ipsi-

2072 3275 2214 3331 euim
2257 3272 2392 3326 fabri
2426 3279 2482 3325 et
2507 3268 2728 3338 opiﬁces
2757 3278 2947 3321 eorum
2985 3274 3108 3317 cum
3141 3258 3271 3321 sint,
3318 3252 3558 3309 humeris
3581 3262 3647 3303 ea

2069 3369 2372 3436 imponunt,
2421 3373 2569 3426 euut,
2612 3362 2861 3422 adorant,
2914 3361 3297 3424 apprecantur,
3346 3346 3631 3442 dicentes:

2081 3477 2100 3510 ι
2126 3432 2287 3527 Eripe
2317 3470 2419 3515 me.
2441 3453 2569 3523 quia
2592 3452 2733 3506 Deus
2764 3460 2914 3503 meus
2940 3459 3001 3499 es
3030 3452 3084 3497 tu
3105 3443 3205 3495 ³³.»
3238 3437 3461 3527 Stercus
3484 3432 3649 3527 igitur

2073 3567 2171 3607 cor
2205 3523 2420 3613 eorum,
2452 3555 2507 3602 et
2537 3550 2741 3599 errant.
2788 3539 2954 3593 Decet
3009 3543 3188 3589 autem
3216 3542 3311 3585 eos
3346 3524 3437 3594 qui
3468 3523 3645 3613 pieta-

2076 3649 2181 3694 tem
2230 3611 2412 3692 colere
2455 3633 2654 3697 solent,
2693 3626 2993 3684 errantium
3043 3618 3285 3677 stultitia:
3324 3611 3651 3670 valedicere,

2068 3730 2308 3799 illudque
2337 3727 2574 3781 clamare
2602 3741 2616 3777 :
2656 3721 2767 3775 «Dii
2792 3719 2881 3788 qui
2917 3715 3115 3772 caelum
3142 3720 3425 3799 et.terram
3454 3717 3559 3757 non
3583 3698 3655 3799 fe-

2078 3788 2287 3881 cerunt,
2332 3815 2624 3886 perdantur
2648 3812 2713 3865 de
2745 3819 2884 3863 terra
2925 3805 2993 3870 ",
3028 3824 3046 3856 ι
3080 3813 3136 3858 et
3165 3802 3231 3855 de
3281 3798 3365 3852 his
3404 3807 3525 3865 quae
3558 3788 3658 3844 sub

2080 3912 2222 3967 caelo
2255 3919 2417 3964 sunt:
2460 3926 2479 3959 ι
2516 3907 2682 3962 Nobis
2709 3905 2852 3961 enim
2888 3916 3025 3955 unus
3060 3900 3205 3953 Deus
3236 3894 3417 3957 Pater,
3456 3904 3523 3944 ex
3555 3902 3658 3956 quo

2082 4004 2285 4067 omnia,
2325 4012 2381 4056 et
2412 4016 2511 4055 nos
2555 4002 2609 4053 in
2664 3999 2862 4067 ipsum,
2920 4002 2975 4048 et
3000 4005 3139 4046 unus
3193 3986 3453 4042 Dominus
3505 3979 3659 4034 Jesus

2084 4095 2333 4150 Christus
2375 4109 2471 4163 per
2496 4106 2657 4162 quem
2692 4088 2893 4149 omnia,
2923 4093 2977 4138 et
3011 4098 3111 4136 nos
3137 4095 3232 4149 per
3260 4078 3432 4148 ipsum
3454 4071 3553 4126 ³⁸.»

408 4159 800 4250 ἀπολέσθωσαν
830 4159 938 4241 ens
968 4188 1068 4257 τῆς
1112 4190 1235 4258 γῆς.
1275 4207 1295 4241 ι
1319 4159 1467 4242 ’κάλ’
1501 4159 1851 4242 ὑποκάτωθεν
1883 4159 1978 4241 τοῦ
2015 4187 2247 4260 οὐρανοῦ
2281 4159 2472 4241 τούτου
2497 4159 2567 4239 δι
2610 4184 2776 4253 Ἡμῖν
2838 4180 2947 4251 γὰρ
2996 4170 3077 4238 εἷς
3116 4172 3249 4234 Θεὸς
3312 4172 3341 4223 ὁ
3373 4166 3583 4260 Ila-"fiin
3610 4159 3663 4260 ξε

409 4274 472 4333 οὗ
502 4280 571 4331 τὰ
603 4281 798 4347 πάντα,
844 4280 939 4333 καὶ
984 4254 1147 4352 ἡμεῖς
1171 4254 1264 4345 ἐίς
1300 4282 1483 4335 αὐτόν.
1517 4282 1627 4335 Κα)⁸
1659 4276 1739 4343 είς
1777 4279 1983 4350 Κύριος
2028 4254 2236 4349 Ἰησοῦς
2264 4279 2531 4351 Χριστὸς,
2598 4275 2668 4329 δι’
2700 4267 2761 4328 οὗ
2796 4271 2866 4325 τὰ
2900 4272 3078 4323 πάντα
3099 4308 3115 4335 ,
3150 4264 3245 4318 καὶ
3276 4263 3438 4333 ἡμεῖς
3465 4257 3530 4309 δι’
3570 4254 3654 4307 αὺι

412 4370 532 4424 τοῦ.
575 4388 595 4422 ι

492 4460 570 4529 Τῇ
602 4460 788 4529 ἡμέρᾳ
812 4459 1015 4528 ἐκείνῃ
1051 4460 1289 4515 ἐκϐαλεῖ
1320 4460 1629 4529 ἅνθρωπος
1660 4463 1733 4514 τὰ
1766 4459 1967 4524 ,ϐδελὺ

2156 4456 2321 4510 Vsus.
2354 4453 2445 4518 9.0,
2480 4452 2569 4506 2|.
2602 4450 2694 4503 Die
2720 4447 2813 4502 illa
2850 4446 3018 4513 ejiciet
3063 4443 3217 4495 homo
3244 4437 3659 4494 abominationes

413 4570 610 4624 τματα
645 4551 831 4607 αὑτοῦ
857 4554 931 4606 τὰ
969 4551 1196 4623 ἀργυρᾶ,
1244 4552 1346 4607 καὶ
1386 4552 1609 4621 χρυσᾶ,
1652 4550 1690 4605 d
1732 4552 1985 4619 ἐποίησε

417 4642 786 4713 προσκυνεῖν
835 4644 959 4710 τοῖς
1005 4646 1276 4713 ματαίοις
1330 4646 1428 4699 καί
1480 4644 1609 4709 ταῖς
1654 4645 1983 4711 νυκτερίσι,

416 4734 527 4788 τοῦ
554 4732 852 4787 εἰσελθεῖν
880 4736 968 4799 εἰς
999 4736 1102 4799 τὰς
1130 4732 1397 4803 τρώγλας
1430 4732 1541 4802 τῆς
1564 4733 1695 4802 γῆς,
1736 4732 1983 4799 στερεάς

418 4826 670 4895 πέτρας,
705 4826 805 4878 καί
830 4827 918 4889 εἰς
947 4827 1052 4891 τὰς
1105 4825 1371 4895 σχισμὰς
1414 4824 1534 4878 τῶν
1576 4823 1823 4893 πετρῶν,
1869 4822 1987 4877 ἀπὸ

419 4922 746 4989 προσώπου
772 4919 879 4972 τοῦ
904 4919 1090 4986 φόϐου
1117 4919 1357 4986 Κυρίου,
1383 4919 1481 4971 καί
1518 4916 1637 4972 ἀπὸ
1668 4916 1775 4984 τῆς
1803 4915 1989 4982 δόξης

420 5012 533 5079 τῆς
579 5012 792 5080 ἰσχύος
845 5008 1067 5075 αὑτοῦ,
1106 5008 1253 5064 ὅταν
1292 5009 1526 5078 ἀναστῇ
1571 5009 1824 5077 θραῦσαι
1882 5007 1996 5076 τὴν

422 5121 566 5175 γην.

494 5195 637 5259 Τοὺς
697 5192 830 5264 παρ’
881 5190 1063 5245 αὐτῶν
1115 5180 1405 5261 γεγονότας
1460 5191 1556 5245 καὶ
1610 5188 1997 5261 ψευδωνύμους

422 5285 582 5349 θεοὺς
627 5286 710 5339 ὅτι
738 5282 1146 5353 κατακρύπτειν
1181 5280 1426 5351 ἔμελλον,
1469 5282 1569 5333 οὐκ
1597 5280 1738 5334 αἰδοῖ
1767 5282 1835 5351 τῇ
1869 5280 1997 5351 περὶ⁵

422 5379 622 5442 αὐτοὺς
649 5377 731 5431 ἔτι
765 5374 1078 5446 νικώμενοι,
1117 5373 1519 5442 κατεγνωκότες
1566 5372 1622 5425 δὲ
1672 5371 1871 5443 μᾶλλον
1918 5371 1995 5434 ὡς

427 5470 563 5539 ὕλης
612 5469 888 5541 ἀχρήστου
935 5467 1031 5520 καὶ
1089 5463 1352 5538 ἀδρανοῦς
1400 5462 1720 5532 καθίστησιν
1767 5460 1998 5528 ἐναργὲς

2086 4564 2208 4600 suas
2235 4556 2504 4614 argenteas
2558 4551 2608 4594 et
2630 4556 2841 4601 aureas,
2890 4553 3019 4606 quas
3050 4535 3193 4603 fecit,
3223 4532 3290 4585 ad
3328 4530 3663 4582 adorandum

2088 4653 2186 4692 van
2209 4632 2740 4702 a,et_vespertitiones,
2767 4638 2821 4681 ut
2849 4626 3213 4697 ingrediantur
3238 4623 3292 4675 in
3318 4634 3562 4673 cavernas
3586 4633 3664 4669 so-

2087 4729 2212 4782 lida:
2245 4735 2426 4795 petrae,
2471 4734 2518 4779 et
2553 4724 2607 4776 in
2645 4723 2901 4776 scissura:
2926 4727 3191 4785 petrarum
3237 4730 3270 4767 ο
3299 4712 3435 4781 facie
3468 4709 3670 4761 timoris

2090 4819 2323 4883 Domini,
2352 4826 2398 4870 et
2421 4833 2451 4869 a
2481 4814 2648 4884 gloria
2675 4811 3001 4881 fortitudinis
3042 4809 3154 4876 ejus
3182 4805 3394 4877 quando
3424 4817 3671 4859 surrexe-

2097 4912 2165 4965 rit
2194 4912 2261 4964 ad
2294 4907 2635 4979 frangendam
2660 4914 2880 4959 terram.

2170 5196 2320 5263 Quod
2343 5195 2476 5250 falso
2504 5199 2839 5262 nuncupatos
2865 5188 2993 5243 deos
3017 5196 3071 5241 et
3096 5186 3163 5239 ab
3195 5182 3326 5253 Ipsis
3353 5180 3524 5236 iactos
3547 5177 3674 5232 abs-

2096 5292 2332 5346 condere
2370 5288 2661 5352 debebant,
2696 5300 2803 5339 nou
2835 5282 2961 5352 quia
3004 5279 3254 5347 puduerit
3302 5276 3537 5337 illorum,
3578 5272 3673 5323 sed

2099 5381 2279 5451 potius
2333 5378 2476 5447 quod
2506 5390 2599 5431 eos
2625 5386 2877 5442 tanquam
2911 5369 3191 5423 materiam
3214 5367 3452 5421 inutilem
3491 5374 3544 5417 et
3568 5363 3673 5416 im-

2104 5473 2296 5529 bellem
2318 5474 2684 5534 damnassent,
2710 5464 3054 5521 manifestum
3092 5460 3267 5515 reddit
3292 5473 3418 5513 cum
3451 5454 3675 5524 subjun-

429 5558 889 5633 προσεπενεγκὼν
917 5553 997 5619 οἷς
1024 5556 1127 5626 ἔφη
1148 5573 1161 5587 ·
1202 5576 1219 5607 ι
1249 5556 1328 5625 Τῇ
1358 5553 1540 5625 ἡμέρᾳ
1577 5553 1757 5623 ἐκείνῃ
1782 5551 1967 5606 ἔκϐαλε

2108 5567 2183 5637 git
2213 5564 2295 5620 his
2318 5578 2438 5632 qua:
2462 5563 2673 5617 dixerat
2703 5577 2715 5612 :
2750 5557 2875 5611 «Die
2908 5555 3014 5627 50
3042 5554 3128 5608 illa
3151 5551 3330 5622 eiiciet
3358 5550 3518 5604 homo
3545 5546 3674 5600 abo-

429 5652 717 5725 ᾇνθρωπος
759 5650 830 5702 τὰ
878 5647 1224 5719 βδελύγματα
1265 5644 1460 5710 αὑτοῦ,
1497 5643 1532 5698 ἃ
1574 5645 1794 5714 ἐποίησε
1831 5658 2001 5714 προσ-

2108 5660 2429 5715 minationes
2458 5672 2586 5711 suas
2613 5670 2748 5725 quas
2785 5652 2914 5709 fecit
2947 5662 3002 5707 ut
3033 5650 3323 5711 adoraret,
3356 5652 3411 5700 et
3464 5650 3676 5707 vesper-

508 5829 548 5860 "
581 5825 729 5882 Psal.
759 5839 912 5892 cxm,
945 5825 998 5879 ι.
1076 5826 1119 5857 ¹¹
1148 5821 1467 5889 Ps.d.1.rm,
1493 5820 1546 5872 ‘2.
1626 5822 1666 5852 ”
1699 5818 1898 5881 Jerem.
1925 5830 1980 5886 ι,
2022 5816 2105 5871 ll.
2186 5816 2227 5848 “
2254 5812 2274 5869 ι
2300 5813 2425 5870 Cor.
2449 5827 2566 5879 vui,
2588 5811 2639 5865 6.
