4094 6366
470 355 532 411 9i
1502 355 1560 409 S.
1600 352 1876 410 CYRlLlJ
1919 348 2388 405 ALEXANDRINI
2429 351 2745 409 ARCHIEP.
3648 357 3718 412 92

474 472 741 528 tiliones.»
796 469 1067 526 Collocata
1135 470 1280 523 enim
1343 470 1395 523 in
1462 470 1639 540 adytis
1696 467 2040 529 manufacta,

2155 469 2328 519 κυνεῖν
2369 468 2554 533 αὐτοῖς
2602 471 2697 523 καὶ
2742 472 2864 535 ταῖς
2906 472 3232 544 νυκτερίσιν.
3273 492 3291 523 ι
3349 471 3716 542 ’ἰδρυσάμενοι

472 567 826 619 adoraveruut
844 564 1039 634 impie:
1062 562 1459 617 arbitrabantur
1480 563 1733 615 nimirum
1758 575 1877 615 esse
1894 560 2047 613 deos.

473 658 764 725 Postquam
799 671 926 711 vero
964 655 1249 709 imminere
1282 654 1473 708 bellum
1504 655 1788 718 viderunt,
1821 652 2049 706 nullam-

473 765 576 817 que
604 749 789 804 auxilii
824 749 1185 816 consequendi
1226 748 1488 801 rationem
1533 746 1633 800 sibi
1663 760 1884 816 prorsus
1908 759 2047 812 esse,

475 850 529 893 et
559 839 757 907 lapides
792 854 855 893 ac
888 839 1027 909 ligna
1051 852 1169 893 csse
1199 838 1685 905 deprehenderunt,
1730 846 1787 891 et
1826 838 2048 890 materia

482 948 635 985 aurea
666 942 721 986 et
751 942 1027 1001 argentea,
1061 946 1197 999 quos
1243 930 1595 998 sOSpitatores
1640 939 1693 983 et
1730 929 2051 983 liberatores

478 1024 592 1078 fore
623 1024 986 1090 crediderunt,
1020 1037 1051 1077 e
1074 1022 1284 1092 templis
1314 1024 1607 1091 eiecerunt,
1648 1032 1702 1077 et
1730 1023 1781 1075 in
1806 1022 2051 1076 cavernis

475 1118 811 1183 ahdiderunl,
846 1116 1014 1186 magis
1044 1124 1099 1168 ut
1126 1124 1412 1185 parcerent
1443 1117 1698 1177 materiae,
1725 1131 1884 1185 quam
1908 1116 2049 1185 quod

477 1207 595 1260 illos
623 1206 850 1275 amplius
873 1221 971 1261 ceu
997 1208 1123 1261 deos
1152 1207 1407 1262 colerent.
1457 1206 1840 1262 Frustraneum
1869 1217 2050 1263 autem

475 1309 527 1351 et
554 1298 792 1352 inutilem
827 1298 931 1353 illis
964 1298 1197 1353 laborem
1229 1314 1347 1354 esse
1376 1300 1428 1354 in
1462 1301 1724 1354 idolorum
1753 1298 2047 1366 efﬁctione,

474 1391 710 1443 ostendit
739 1391 951 1445 dicens:
991 1409 1011 1442 ‹
1052 1390 1241 1459 Ejiciet
1271 1392 1432 1447 homo
1462 1394 1889 1449 abominationes
1914 1409 2049 1463 quas

476 1482 622 1547 fecit,
664 1494 722 1536 ut
770 1482 890 1537 illas
928 1492 983 1537 et
1020 1484 1430 1553 vespertiliones
1486 1485 1789 1539 adoraret.»
1828 1485 2046 1541 Etenim

476 1589 692 1627 suorum
731 1575 949 1629 deorum
985 1575 1307 1635 exstiterunt
1329 1577 1568 1644 opiﬁces,
1609 1585 1665 1631 et
1694 1576 1930 1632 artiﬁces
1955 1593 2051 1633 eo-

478 1682 595 1718 rum
627 1682 746 1735 quae
787 1666 1174 1722 adorabantur.
1212 1666 1343 1736 Opis
1371 1681 1499 1720 vero
1528 1667 1664 1721 nihil
1693 1667 1761 1722 ab
1792 1668 1857 1723 iis
1890 1684 2048 1723 acce-

477 1770 691 1827 perunt,
726 1775 787 1815 ac
842 1759 1088 1815 fortassis
1145 1759 1617 1828 vespertiiionibus
1664 1760 1794 1815 solis
1852 1761 2047 1830 templa
2080 1799 2127 1858 Β

476 1852 829 1906 a-dilicarunt.
866 1851 1089 1920 Semper
1149 1852 1293 1905 enim
1350 1851 1613 1922 ejusmodi
1660 1851 1897 1907 volatilia
1934 1855 2048 1909 sive

477 1944 795 1999 animalcula
828 1944 880 1998 in
926 1946 1086 2001 caecis
1111 1944 1242 1999 locis
1273 1942 1504 1999 libenter
1529 1944 1794 2011 habitant,
1833 1955 1887 2001 et
1916 1949 2051 2001 hor-

479 2051 601 2091 rore
624 2044 676 2090 et
707 2036 951 2091 foeditate
977 2036 1183 2105 replent
1211 2038 1417 2091 omnia.
1443 2035 1636 2105 Ejiciet
1669 2039 1851 2105 itaque
1887 2038 2050 2096 homo

479 2129 908 2185 abominationes
940 2144 1075 2199 quas
1106 2128 1252 2185 fecit.
1281 2130 1474 2199 Ejiciet
1507 2146 1632 2185 vero
1658 2138 1716 2185 ut
1738 2132 2051 2202 ingredian-

479 2231 566 2275 tur
599 2222 652 2277 in
687 2221 948 2277 foramina
975 2222 1125 2278 dura:
1169 2232 1351 2290 petrae,
1387 2232 1443 2277 et
1476 2223 1527 2277 in
1563 2224 1832 2278 scissuras
1865 2236 2047 2295 petra-

478 2330 595 2367 rum
634 2329 664 2368 a
696 2313 843 2368 facie.
869 2314 1077 2369 timoris
1119 2313 1352 2369 Domini.
1408 2312 1538 2369 Vide
1574 2314 1735 2384 igitur
1762 2330 1868 2385 quo
1893 2327 2051 2386 pacto

477 2421 536 2459 se
560 2420 663 2458 una
696 2420 817 2459 cum
848 2404 961 2459 suis
993 2403 1095 2459 diis
1119 2404 1294 2459 conati
1324 2402 1525 2458 fuerint
1558 2403 1809 2473 sepelire,
1837 2404 2051 2462 miseri.

477 2496 744 2550 Caeterum
807 2494 1179 2549 universorum
1213 2493 1379 2548 Deum
1429 2508 1536 2549 non
1577 2494 1827 2548 viderunt
1891 2495 2053 2551 talem

476 2602 619 2642 esse.
677 2586 790 2641 Non
844 2586 989 2641 enim
1044 2585 1221 2651 latuit,
1267 2601 1390 2641 cum
1430 2601 1498 2641 ex
1542 2595 1681 2640 terra
1728 2586 2051 2660 Egyptiaca

477 2679 747 2745 ingerent,
773 2688 827 2732 et
859 2678 1237 2747 insequeretur
1270 2677 1480 2733 Pharao
1527 2693 1885 2750 prosequens.
1922 2680 2056 2736 Per-

480 2772 625 2842 rupit
668 2772 812 2826 enim
852 2786 1025 2837 mare,
1061 2780 1116 2827 et
1145 2772 1333 2827 eduxit
1372 2772 1721 2828 inenarrabili
1746 2788 1839 2829 eos
1869 2785 2057 2846 poten-

476 2865 550 2917 tia
586 2872 641 2918 et
663 2874 796 2917 nutu
850 2862 1237 2929 inexplicabili,
1292 2864 1448 2918 etilli
1495 2865 1711 2933 quidem
1746 2869 2055 2926 conservati

477 2964 621 3020 stmt,
648 2954 871 3023 perinde
898 2955 1051 3023 quasi
1075 2955 1279 3009 aridam
1313 2957 1639 3013 transirent:
1666 2958 1754 3014 hic
1778 2973 1906 3014 vero
1933 2968 2051 3015 stu-

477 3047 632 3117 pidus
678 3046 890 3101 Pharao
950 3046 1269 3116 praelocutus
1318 3057 1400 3102 est
1442 3064 1563 3103 cum
1615 3057 1728 3104 toto
1782 3053 2050 3107 exercitu.

2149 556 2259 628 γάρ
2307 560 2363 611 ἐν
2411 563 2598 632 σηκοῖς
2656 561 2727 615 τὰ
2783 564 3140 633 χειροποίητα
3204 564 3717 634 προσκεκυνήκασιν

2148 650 2375 715 ἀνοσίως
2397 670 2410 683 ο
2435 651 2603 723 ῷοντο
2632 655 2736 727 γὰρ
2756 651 2895 708 εἶναι
2925 655 3099 718 θεούς.
3134 654 3352 727 Ἐπειδὴ
3386 656 3442 709 δὲ
3478 656 3721 729 παρόντα

2150 742 2430 796 τεθέανται
2464 746 2552 798 τὸν
2587 748 2681 799 τοῦ
2706 748 2942 819 πολέμου
2980 748 3191 819 καιρὸν,
3235 742 3354 801 εἶτα
3379 748 3477 817 τῆς
3500 750 3722 800 ἐπικουι

2152 835 2272 905 ρίας
2297 837 2471 901 οὐδεὶς
2499 834 2567 910 ἦν
2591 839 2726 904 ὅλως
2752 842 2936 905 αὐτοῖς
2980 844 3008 895 6
3048 842 3249 912 τρόπος
3270 882 3285 905 ,
3315 842 3452 895 λίθοι
3478 841 3533 894 δὲ
3566 842 3719 905 ὄντες

2151 928 2240 981 καὶ
2268 913 2399 992 ξύλα
2440 929 2814 999 πεφώρανται,
2846 932 2945 1003 ὕλη
2982 949 3041 985 τε
3088 933 3266 1002 χρυσῆ
3299 933 3393 985 καὶ
3416 931 3719 1003 περιάργυ-

2153 1035 2263 1088 ρος.
2299 1018 2391 1081 οὓς
2431 1021 2687 1088 ἐνόμισαν
2734 1023 2948 1076 ἔσεσθαι
2989 1024 3243 1094 σωτῆρας
3294 1024 3388 1076 καί¹
3416 1021 3721 1094 λυτρωτὰς,

2151 1109 2435 1173 ἐξέϐαλλον
2464 1113 2572 1165 τῶν
2599 1113 2762 1180 ναῶν,
2788 1116 2883 1168 καὶ
2916 1115 3291 1187 κατέκρυπτον
3322 1116 3379 1167 ἐν
3412 1114 3717 1184 σπηλαίοις,

2151 1203 2451 1273 φειδόμενοι
2507 1205 2704 1275 μᾶλλον
2763 1206 2864 1277 τῆς
2920 1206 3083 1278 ὕλης,
3147 1206 3242 1260 καὶ
3291 1207 3388 1276 οὐχ
3439 1206 3514 1268 ὡς
3566 1205 3722 1267 θεοὺς

2149 1294 2419 1363 τιμῶντες
2464 1294 2567 1349 ἔτι.
2602 1297 2820 1361 Είκαῖος
2863 1297 2919 1350 δὲ
2948 1300 3029 1352 ὅτι
3077 1298 3172 1351 καὶ
3202 1298 3456 1368 ἀνόνητος
3499 1300 3527 1350 6
3561 1296 3723 1359 πόνος

2149 1384 2331 1449 αὐτοῖς
2380 1387 2409 1439 6
2452 1388 2580 1458 napi.
2620 1387 2717 1459 τὴν
2767 1389 2878 1443 τῶν
2924 1388 3153 1443 εἰδώλων
3196 1390 3437 1458 ποίησιν,
3466 1387 3720 1452 διέδειξεν

2150 1475 2348 1529 εἰπών·
2394 1495 2413 1529 ί
2462 1478 2714 1533 Ἐκϐαλεῖ
2742 1478 3027 1551 ἄνθρωπος
3059 1480 3130 1534 τὰ
3167 1480 3518 1551 βδελύγματα
3554 1477 3722 1531 αὑτοῦ

2149 1568 2185 1623 ἃ
2207 1570 2428 1640 ἐποίησε
2461 1574 2785 1641 προσκυνεῖν
2814 1574 2996 1637 αὐτοῖς
3038 1574 3130 1627 καὶ
3174 1575 3295 1636 ταῖς
3323 1571 3653 1642 νυκτερίσιν.
3698 1586 3716 1618 ι

2149 1662 2405 1730 Γεγόνασι
2432 1663 2529 1733 μὲν
2554 1664 2663 1735 γὰρ
2700 1665 2853 1718 αὐτοὶ
2886 1665 3209 1737 δημιουργοὶ
3237 1665 3345 1717 τῶν
3375 1664 3520 1717 ἰδίων
3558 1661 3719 1723 θεῶν,

2150 1756 2245 1810 καὶ
2295 1759 2531 1825 τεχνῖται
2584 1755 2693 1811 τῶν
2754 1756 3277 1829 προσκυνουμὲνων,
3332 1756 3597 1826 ἐσχήκασι
3665 1752 3723 1807 δε

2154 1853 2283 1923 παρ’
2318 1851 2496 1906 αὐτῶν
2530 1853 2609 1916 εἰς
2651 1852 2837 1924 ὄνησιν
2873 1852 3044 1905 οὐδέν.
3073 1852 3226 1921 Τάχα
3270 1850 3327 1902 δέ
3378 1866 3480 1902 που
3536 1848 3724 1919 μόναις

2153 1947 2273 2008 ταῖς
2321 1944 2630 2016 νυκτερίσιν
2680 1944 3032 2014 ἀνεδείμαντο
3069 1944 3197 2007 τοὺς
3242 1940 3425 2004 ναούς.
3469 1941 3582 1994 Ἀεὶ
3613 1940 3722 2010 γάρ

2156 2056 2273 2102 πως
2326 2038 2394 2091 τὰ
2451 2038 2630 2091 τοιάδε
2682 2037 2792 2091 τῶν
2845 2036 3065 2106 πτηνῶν
3115 2037 3237 2106 ἦτοι
3299 2032 3555 2102 ζωῡφίων
3610 2034 3724 2095 τοῖς

2156 2131 2418 2200 ἀφεγγέσι
2461 2130 2572 2183 τῶν
2609 2131 2787 2184 τόπων
2826 2128 3313 2201 ὲμφιλοχωροῦσιν,
3349 2124 3569 2192 καὶτῆς
3592 2122 3725 2194 παρ’

2157 2224 2365 2277 ἑαυτῶν
2404 2223 2684 2294 βδελυρίας
2726 2223 2817 2277 καὶ
2870 2222 3176 2292 κακοσμίας
3227 2217 3610 2288 ἀναπιμπλᾶσι
3654 2214 3725 2268 τὰ

2157 2315 2216 2368 ὲν
2264 2316 2468 2379 αὐτοῖς.
2539 2314 2791 2368 Ἐκϐαλεῖ
2841 2315 3021 2367 τοίνυν
3072 2312 3360 2385 ἄνθρωπος
3414 2310 3452 2364 ὸ.
3501 2306 3726 2377 ἐποίησε

2159 2405 2523 2476 βδελύγματα,
2555 2405 2774 2458 ἐκϐαλεῖ
2808 2404 2865 2458 δὲ
2896 2404 3038 2469 ὅποι,
3082 2402 3175 2456 τοῦ
3205 2400 3488 2464 εἰσελθεῖν,
3533 2396 3728 2469 φησὶν.

2157 2499 2237 2562 εἰς
2279 2497 2380 2561 τὰς
2426 2496 2677 2567 τρώγλας
2705 2496 2803 2567 τῆς
2832 2496 3058 2566 στερεᾶς
3086 2493 3328 2564 πέτρας,
3364 2490 3458 2545 καὶ
3500 2490 3579 2551 εἰς
3625 2485 3726 2548 τὰς

2160 2588 2394 2659 σχισμὰς
2455 2588 2565 2642 τῶν
2624 2587 2841 2658 πετρῶν
2893 2586 3000 2641 ἀπὸ
3062 2584 3357 2656 προσώπου
3403 2579 3498 2636 τοῦ
3556 2578 3724 2649 φόϐου

2157 2681 2586 2753 Κυρίου.Ἀθρει
2614 2680 2679 2751 δὴ
2702 2676 2794 2733 οὖν
2815 2681 2963 2742 ὅπως
2991 2680 3103 2741 τοῖς
3145 2677 3294 2739 ἰδίοις
3323 2675 3465 2738 θεοῖς
3498 2671 3726 2734 ἑαυτοὺς

2158 2772 2495 2837 ἐσπούδαζον
2551 2771 3012 2843 συγκατορύττειν
3064 2772 3114 2823 οἰ
3160 2770 3408 2832 τάλανες.
3468 2765 3606 2818 Ἀλλ’
3661 2762 3725 2815 ού

2157 2866 2394 2922 τοιοῦτον
2435 2866 2719 2919 τεθὲανται
2763 2865 2853 2916 τὸν
2892 2863 2999 2915 τῶν
3028 2862 3165 2915 ὅλων
3195 2861 3347 2914 Θεόν.
3394 2858 3729 2929 Ἐκρύπτετο

2157 2961 2265 3031 γὰρ
2313 2958 2598 3028 οὐδαμῶς,
2643 2959 2731 3011 ὅτε
2780 2958 2879 3028 τῆς
2932 2956 3248 3025 Αἰγυπτίων
3282 2952 3726 3022 ὲκδεδραμήκασι

2158 3054 2280 3125 γῆς,
2311 3055 2494 3107 εἵπετο
2520 3053 2576 3105 δὲ
2619 3050 2830 3105 διώκων
2868 3051 2896 3103 6
2937 3048 3155 3120 Φαραώ.
3190 3045 3453 3118 Διέρῤηξε
3483 3044 3591 3113 γὰρ
3628 3044 3727 3114 τὴν

475 3136 629 3199 item,
670 3151 792 3190 cum
828 3135 1099 3191 llabsaces
1148 3136 1567 3207 Babyloniorum
1592 3141 1701 3194 dux
1754 3140 2051 3199 Jerusalem

2163 3148 2457 3209 θάλασσαν,
2487 3145 2583 3199 καὶ
2632 3146 2893 3215 διήγαγεν
2947 3142 3163 3206 αὐτοὺς,
3215 3140 3439 3210 ἀρρήτῳ
3475 3137 3725 3202 δυνάμει,

474 3229 756 3285 obsidione
798 3230 1036 3299 undique
1085 3241 1375 3299 premeret,
1421 3247 1484 3285 ac
1513 3240 1700 3286 contra
1750 3233 1921 3289 Deum
1958 3236 2057 3292 de-

475 3321 789 3386 blateraret,
824 3323 1135 3393 diceretque
1158 3338 1218 3377 se
1253 3333 1419 3379 totam
1449 3324 1689 3380 Judaaam
1725 3327 1883 3383 facile
1913 3331 2061 3385 devi-

473 3423 687 3468 ctorum
729 3430 882 3468 :non
930 3414 1139 3469 delituit
1182 3415 1354 3479 Deus,
1402 3432 1500 3471 nec
1556 3427 1831 3487 petrarmn
1886 3421 2054 3478 rimas

472 3506 738 3574 qumsivit,
799 3523 898 3563 nec
935 3517 1184 3578 rupturas
1216 3508 1478 3564 montium
1524 3528 1537 3564 :
1571 3511 1663 3564 sed
1696 3522 1945 3580 precatus
1974 3521 2058 3570 est

472 3595 733 3652 Ezechias
756 3599 974 3653 dicens:
1001 3600 1258 3664 (Exaudi,
1295 3599 1542 3665 Domine,
1576 3603 1778 3672 aspice,
1810 3603 2055 3670 Domine,

473 3691 594 3744 vide
620 3704 897 3745 sermones
942 3689 1229 3755 Babsacis,
1268 3707 1429 3760 quem
1461 3708 1553 3747 rex
1585 3695 1929 3764 Assyriorum
1954 3698 2057 3751 mi-

472 3782 565 3847 sit,
588 3782 717 3834 utin
748 3783 913 3834 Deum
946 3783 1212 3837 viventem
1248 3782 1441 3851 probra
1467 3783 1673 3852 jaceret
1694 3784 1793 3838 ⁸⁵.»
1830 3785 2055 3841 Statim-

472 3885 577 3941 que
598 3870 763 3925 Deum
790 3871 994 3926 audivit
1016 3871 1324 3941 loquentem
1346 3890 1359 3926 :
1385 3872 1766 3943 «Propugnabo
1780 3876 2057 3932 civitatem

475 3965 616 4020 hanc
640 3973 859 4034 propter
890 3979 975 4018 me
999 3975 1055 4019 et
1074 3975 1290 4033 propter
1315 3966 1479 4019 David
1506 3981 1721 4021 servum
1755 3983 1931 4023 meum
1954 3971 2051 4026 ".o

473 4055 541 4110 Et
569 4072 814 4124 quaenam
848 4066 957 4109 tum
1004 4055 1104 4111 fuit
1145 4056 1574 4125 periclitantibus
1601 4058 1951 4115 subveniendi
1976 4077 2059 4116 ra-

472 4150 591 4203 tio?
630 4148 732 4219 51
770 4148 1110 4203 incredibilis
1142 4164 1272 4204 sane
1322 4156 1375 4203 et
1400 4149 1509 4204 Deo
1538 4150 1720 4220 digna.
1765 4151 2058 4221 «Egressus

472 4243 617 4297 enim
646 4252 731 4297 est
771 4241 989 4311 angelus
1018 4240 1251 4307 Domini,
1283 4249 1337 4296 et
1382 4258 1449 4297 ex
1482 4245 1680 4299 castris
1705 4246 2056 4319 Assyriorum

472 4344 689 4391 centum
712 4335 981 4403 octoginta
1019 4336 1222 4404 quique
1258 4334 1423 4388 millia
1449 4336 1721 4391 interemit
1745 4339 1841 4392 ⁸⁷.»
1879 4340 2057 4407 Quare

472 4430 678 4500 pudore
708 4427 1082 4484 suii'undantur
1112 4429 1201 4498 qui
1231 4428 1459 4483 adorant
1482 4430 1772 4497 sculptilia,
1798 4432 1911 4501 qui,
1935 4448 2051 4487 om-

474 4498 753 4593 nipotente
782 4522 893 4576 Deo
944 4520 1156 4586 relicto,
1187 4521 1290 4575 diis
1339 4523 1602 4586 serviunt,
1656 4538 1793 4592 quos
1815 4498 1971 4578 tante
1991 4539 2052 4580 se
2084 4498 2126 4551 θ

474 4613 793 4678 recondunt,
819 4628 887 4668 ne
915 4620 1040 4666 ante
1072 4611 1216 4680 ipsos
1244 4623 1487 4680 pereant,
1520 4613 1610 4667 ubi
1641 4614 1921 4683 cupiditati
1954 4616 2051 4669 ho-

471 4706 633 4759 stium
673 4703 1022 4772 avaritiaeque
1072 4702 1272 4756 iuerint
1324 4704 1577 4772 eXpositi.
1615 4704 1868 4762 Dicamus
1920 4723 2051 4780 ergo

471 4802 763 4854 secundum
798 4800 1070 4869 propheta:
1096 4796 1343 4854 Jeremiae
1389 4814 1610 4855 vocem:
1647 4820 1667 4852 c
1703 4798 1906 4855 Solium
1938 4800 2053 4870 glo-

475 4890 568 4943 ria:
624 4890 941 4955 exaltatum,
984 4892 1339 4946 sanctiﬁcatio
1374 4900 1577 4957 vestra,
1611 4893 1946 4959 exspectatio
1976 4891 2052 4947 ls-

475 4978 605 5044 rael,
646 4978 908 5045 Domine;
931 4993 1116 5033 omnes
1151 4979 1240 5048 qui
1262 4978 1637 5048 derelinquunt
1666 4990 1735 5045 te,
1758 4980 2052 5046 pudeiiant.

478 5065 794 5124 Deiicientes
832 5068 900 5137 in}
926 5077 1068 5123 terra
1107 5069 1447 5134 scribantur,
1488 5069 1611 5138 quia
1642 5069 2056 5138 ldereliquerunt

475 5158 676 5213 fontem
692 5161 812 5215 vitae
832 5160 1114 5215 Dominum
1137 5160 1201 5214 ⁸⁸.
1228 5179 1247 5212 ι
1272 5161 1390 5215 Jam
1412 5175 1540 5216 vero
1558 5163 1600 5215 si
1620 5161 1699 5216 fas
1715 5162 1785 5217 sit
1802 5162 2057 5232 spirituu-

475 5249 614 5304 libus
664 5250 866 5320 aliquid
922 5253 1085 5307 etiam
1134 5252 1413 5321 spirituale
1463 5254 1690 5308 dicere:
1738 5255 2047 5323 quicunque

473 5344 612 5398 idola
652 5344 849 5398 mentis
878 5345 1180 5414 patiuntur,
1216 5356 1273 5400 et
1316 5360 1601 5415 pravarum
1648 5346 1939 5414 imaginum
1964 5362 2051 5401 co-

474 5435 762 5505 gitationes
794 5435 1103 5499 admittunt,
1140 5438 1316 5491 sciant
1347 5435 1465 5491 fore
1514 5450 1573 5492 se
1601 5438 1755 5492 nidos
1785 5438 2049 5506 vesperti-

475 5531 696 5596 lionum,
743 5532 845 5587 hoc
894 5540 998 5588 est.
1052 5533 1340 5601 spirituum
1364 5535 1783 5589 immundorum.
1832 5533 2045 5589 «Unus-

472 5623 701 5693 quisque
732 5621 875 5679 enim
906 5631 1167 5689 tentatur,
1199 5642 1217 5676 ι
1246 5624 1441 5692 inquit,
1482 5639 1540 5676 ra
1578 5624 1813 5693 propriis
1841 5626 2049 5695 cupidi-

2159 3243 2253 3295 καὶ
2283 3240 2583 3311 ἀφράστοις
2611 3239 2859 3307 νεύμασι.
2909 3237 3020 3291 Καὶ
3062 3237 3109 3289 οἰ
3148 3236 3246 3305 μὲν
3286 3233 3551 3297 ἐσώζοντο
3580 3231 3727 3301 βαδί-

2158 3332 2342 3396 ζοντες
2374 3331 2449 3393 ὡς
2487 3330 2578 3383 ἐπὶ
2606 3330 2806 3400 ξηρᾶς·
2842 3330 2870 3381 6
2901 3328 2957 3381 δὲ
2991 3326 3337 3396 ἀπόπληκτος
3362 3324 3559 3395 Φαραὼ
3590 3341 3728 3375 παν-

2160 3424 2388 3494 στρατιᾷ
2447 3422 2823 3489 κατεπνίγετο.
2889 3420 3000 3474 Καὶ
3060 3419 3165 3490 μὴν
3216 3420 3304 3472 ὅτε
3364 3417 3645 3487 Ῥαψάκης
3698 3419 3727 3470 6

2157 3514 2511 3568 Βαϐυλωνίων
2546 3513 2870 3584 στρατηγὸς,
2899 3512 3085 3583 κύκλῳ
3107 3510 3384 3583 περισχὼν
3410 3510 3727 3581 τὴνἹερου-

2161 3604 2361 3675 σαλὴμ,
2383 3604 2735 3675 πεφλυάρηκε
2756 3603 2894 3657 κατὰ
2923 3602 3081 3667 Θεοῦ,
3123 3604 3217 3656 καὶ
3240 3602 3368 3670 ὅλης
3398 3601 3500 3671 ἔφη
3530 3600 3725 3673 ῥᾳδίως

2157 3699 2593 3768 κατακρατήσειν
2642 3695 2741 3767 τῆς
2782 3694 3055 3759 Ἰουδαίας·
3085 3696 3184 3749 οὐκ
3224 3694 3524 3765 ἐκρύπτετο
3571 3693 3724 3757 Θεὸς,

2158 3789 2278 3842 οὐδὲ
2317 3788 2532 3860 πετρῶν
2560 3788 2790 3859 ἐζήτησε
2823 3787 3060 3858 σχισμὰς
3088 3828 3103 3853 ,
3130 3785 3255 3839 οὔτε
3286 3785 3392 3857 μὴν
3420 3784 3727 3853 διασφαγὰς

2155 3880 2318 3951 ὀρῶν,
2364 3878 2477 3933 ἀλλ’
2516 3879 2711 3949 ηὔχετο
2753 3879 2852 3950 μὲν
2895 3879 3141 3949 Ἐζεκίας
3170 3877 3372 3946 λέγων·
3408 3895 3427 3929 ‹
3461 3877 3728 3929 Εἰσάκου-

2159 3989 2270 4037 σον,
2321 3970 2513 4042 Κύριε,
2546 3970 2852 4039 είσϐλεψον,
2887 3970 3081 4040 Κύριε,
3138 3972 3234 4023 καὶ
3270 3969 3344 4021 ίδε
3378 3969 3504 4030 τοὺς
3536 3968 3728 4036 λόγους

2170 4062 2484 4132 Ῥαψὰκου,
2558 4062 2616 4114 ὃν
2675 4061 3021 4127 ἐξαπέστειλε
3090 4060 3345 4129 βασιλεὺς
3424 4060 3727 4130 Ἀσσυρίων

2158 4154 2434 4218 ὀνειδίζειν
2483 4152 2616 4206 Θεὸν
2662 4152 2860 4216 ζῶντα.
2898 4171 2917 4202 ι
2968 4152 3313 4223 Παραχρῆμα
3359 4150 3416 4203 δὲ
3448 4149 3584 4204 Θεοῦ
3636 4150 3727 4203 λέ-

2157 4266 2343 4317 γοντος
2402 4248 2587 4318 ἦκουε·
2645 4266 2663 4299 ι
2715 4245 3073 4317 Ὑπερασπιῶ
3140 4244 3281 4316 ὑπὲρ
3337 4245 3437 4315 τῆς
3518 4242 3727 4307 πόλεως

2158 4341 2396 4412 ταύτης,
2435 4340 2500 4393 δι’
2533 4339 2652 4409 ἐμὲ,
2701 4339 2793 4392 καὶ
2841 4338 2928 4391 διὰ
2973 4337 3138 4390 Δαϐὶδ
3179 4337 3269 4389 τὸν
3315 4335 3496 4389 δοῦλόν
3533 4353 3657 4405 μου.
3703 4354 3721 4386 ι

2160 4437 2269 4488 Καὶ
2297 4434 2377 4499 τίς
2406 4433 2465 4486 τὸ
2492 4431 2749 4504 τηνικάδε
2796 4430 3197 4484 κινδυνεύουσιν
3219 4431 3248 4483 6
3272 4430 3368 4499 τῆς
3399 4428 3726 4497 ἐπικουρίας

2156 4527 2374 4595 ἐγένετο
2426 4525 2655 4596 τρόπος;
2700 4521 3008 4593 Παράδοξος
3039 4521 3135 4574 καὶ
3176 4520 3514 4591 θεοπρεπὴς·
3555 4537 3574 4570 ‹
3614 4519 3727 4586 Ἐξ-

2157 4618 2286 4690 ἧλθε
2327 4617 2436 4688 γὰρ
2470 4615 2698 4684 ἄγγελος
2731 4612 2959 4683 Κυρίου,
3000 4612 3094 4665 καὶ
3123 4612 3331 4665 ἀνεῖλεν
3357 4612 3423 4664 ὲκ
3454 4612 3551 4681 τῆς
3584 4626 3728 4679 παρ-

2157 4710 2393 4782 εμϐολῆς
2442 4709 2549 4761 τῶν
2602 4706 2901 4777 Ἀσσυρίων
2947 4702 3140 4759 ἑκατὸν
3192 4704 3522 4773 ὀγδοήκοντα
3562 4704 3728 4755 πέντε

2157 4802 2419 4874 χιλιάδας.
2454 4818 2471 4851 ι
2508 4796 2961 4868 Αἰσχυνθήτωσαν
3001 4795 3179 4849 τοίνυν
3211 4796 3260 4849 οἱ
3292 4792 3725 4865 προσκυνοῦντες

2155 4898 2268 4959 τοῖς
2302 4893 2593 4961 γλυπτοῖς,
2640 4891 2689 4943 οἰ
2719 4890 2808 4943 τὸν
2843 4889 3018 4943 πάντα
3049 4885 3301 4957 ἰσχύοντα
3325 4885 3458 4939 Θεὸν
3490 4885 3727 4939 καταλε-

2156 4986 2421 5048 λοιπότες.
2473 4982 2565 5036 καὶ
2613 4979 2961 5050 λατρεύοντες
3012 4976 3171 5040 θεοῖς,
3218 4976 3312 5038 οὒς
3363 4975 3467 5048 πρὸ
3516 4974 3730 5028 ἑαυτῶν

2157 5079 2652 5150 κατακρύπτουσιν,
2680 5074 2768 5126 ἵνα
2801 5072 2875 5143 μὴ
2903 5070 3009 5143 πρὸ
3045 5068 3223 5123 αὐτῶν
3266 5068 3570 5134 ἀπόλοιντο,
3605 5070 3728 5131 ταῖς

2155 5173 2264 5226 τῶν
2298 5170 2672 5240 πολεμούντων
2699 5162 3087 5235 περιπεσόντες
3115 5160 3498 5231 φιλοκερδίαις.
3536 5160 3727 5227 Λέγω-

2158 5284 2257 5337 μεν
2282 5266 2458 5318 τοίνυν
2484 5260 2625 5315 κατὰ
2662 5258 2761 5327 τὴν
2792 5256 2885 5308 τοῦ
2913 5255 3191 5325 προφήτου
3223 5252 3405 5322 φωνὴν
3435 5252 3723 5322 Ἰερεμίου·

2162 5376 2180 5409 ι
2212 5358 2409 5428 Θρόνος
2429 5348 2595 5424 δόξης
2623 5349 2906 5421 ύψωμένος
2928 5386 2943 5409 ,
2975 5346 3223 5416 ἁγίασμα
3259 5340 3435 5415 ήμῶν,
3476 5342 3727 5414 ὑπομονὴ

2164 5442 2400 5515 Ἰσραὴλ,
2445 5439 2636 5511 Κύριε·
2676 5437 2875 5499 πάντες
2922 5434 2971 5487 οἱ
3015 5430 3403 5492 καταλιπόντες
3436 5445 3497 5481 σε
3531 5444 3727 5480 καται-

2154 5533 2557 5607 σχυνθήτωσαν.
2621 5525 3016 5598 Ἀφεστηκότες
3072 5524 3164 5577 ἐπὶ
3210 5525 3308 5593 τῆς
3337 5520 3441 5590 γῆς
3506 5520 3728 5589 γραφή-

2150 5606 2351 5685 τωσαν,
2380 5620 2463 5673 ὅτι
2496 5616 2851 5687 ἐγκατέλιπον
2887 5612 3067 5686 πηγήν
3096 5611 3238 5683 ζωῆς
3267 5610 3355 5665 τὸν
3372 5608 3597 5683 Κύριον.
3620 5627 3638 5659 ι
3664 5606 3727 5665 Εἰ

549 5776 590 5808 ⁸⁵
612 5775 712 5838 lsa.
734 5794 935 5848 xxxvu,
971 5777 1037 5837 l6
1063 5793 1211 5851 seqq.
1282 5779 1323 5811 ¹⁶
1355 5778 1482 5835 ibid.
1506 5780 1595 5836 35.
1673 5782 1713 5814 ⁸⁷
1747 5780 1877 5837 ibid.
1915 5781 2004 5838 36.

2155 5778 2348 5838 Jerem.
2384 5792 2516 5845 xvu,
2564 5774 2648 5842 l2,
2690 5773 2773 5830 l5.
