4094 6366
284 370 353 425 95
1462 372 1530 426 IN
1575 372 1809 429 lSAIAM
1850 373 1892 428 L

2022 372 2066 429 Ι.
2105 372 2311 431 οιιΑΤ.
2355 372 2417 429 ll.
3500 374 3573 428 94

289 485 351 539 δὲ
370 486 479 555 χρὴ
510 502 564 537 τι
595 486 688 538 καὶ
716 487 1085 557 πνευματικὸν
1116 493 1226 555 τοῖς
1255 496 1642 562 πνευματικοῖς
1672 496 1871 559 εἰπεῖν,

2001 495 2179 550 atibns
2207 503 2412 548 tractus
2440 503 2494 547 et
2522 493 2817 555 inescatus,
2847 493 2969 546 dein
2994 492 3261 562 cupiditas
3285 500 3569 563 postquam

290 577 413 628 ὅσοι
434 575 544 629 τῶν
577 578 657 641 εἰς
682 575 807 630 νοῦν
837 578 1071 632 εἰδώλων
1095 582 1400 651 ἀνέχονται,
1429 584 1523 636 καὶ
1547 584 1645 647 τὰς
1676 587 1741 639 ἐκ
1765 588 1874 641 τῶν

292 669 549 721 ἐκτόπων
578 669 888 737 φαντασιῶν
918 672 1124 735 ἐννοίας
1148 674 1499 744 εἰσδέχονται,
1528 678 1763 730 ἴστωσαν
1791 680 1873 733 ὅτι

294 760 626 831 νυκτερίδων
658 759 870 814 ἔσονται
901 762 1107 826 καλιαὶ,
1136 763 1281 816 τοῦτ’
1317 764 1458 829 ἔστι,
1491 765 1600 819 τῶν
1628 767 1881 839 ἁκαθάρλ

291 851 404 902 τῶν
460 850 807 920 πνευμάτων.
876 870 894 903 t
937 852 1204 917 Ἕκαστος
1254 856 1363 927 γὰρ
1432 858 1787 927 πειράζεται,
1849 880 1868 912 ι

295 944 489 1012 φησιν,
524 961 543 994 ‹
582 942 685 995 ὑπὸ
719 943 829 996 τῶν
863 944 1007 997 ἰδίων
1041 946 1347 1018 ἐπιθυμιῶν
1377 949 1751 1019 ἐξελκόμενος,
1778 954 1873 1005 καὶ

294 1032 703 1102 δελεαζόμενος.
754 1028 887 1085 Εἶτα
925 1036 957 1103 ἠ
1006 1035 1269 1107 ἐπιθυμία
1311 1039 1649 1094 συλλαϐοῦσα
1696 1042 1873 1097 τίκτει

296 1124 597 1195 ἁμαρτίαν,
628 1127 661 1195 ἡ
695 1123 1037 1195 δέοάμαρτία
1065 1128 1487 1184 ἀποτελεσθεῖσα
1515 1132 1744 1186 ἀποκύει
1778 1135 1874 1187 θάο

1982 590 2248 656 concepit,
2287 586 2425 655 parit
2475 593 2779 653 peccatum,
2811 594 3096 654 peccatum
3135 594 3570 639 consummatum

1981 678 2252 747 progignit
2278 685 2506 730 mortem
2528 676 2624 729 ¹⁹.›
2658 674 2981 744 Repellenda
3008 682 3130 729 sunt
3158 675 3344 742 itaque
3368 674 3541 744 princi
3566 712 3571 713 ν

1983 769 2068 839 pia
2109 768 2393 832 malorum;
2424 775 2479 821 et
2507 766 2703 820 mentis
2735 765 2899 830 idola,
2954 781 3075 835 qua:
3121 781 3217 834 per
3258 766 3399 820 solas
3425 765 3570 835 cogi-

1985 860 2214 914 tationes
2269 859 2535 929 irrepunt,
2588 856 2981 926 pr0pnlsemus,
3029 857 3266 911 scientes
3308 857 3570 923 scriptum

1982 964 2145 1005 esse:
2190 950 2275 1004 «Si
2309 951 2533 1020 spiritus
2560 949 2891 1003 dominantis
2941 951 3244 1004 ascenderit
3297 964 3458 1017 super
3493 957 3567 1011 te,

1982 1043 2156 1097 locum
2193 1053 2343 1097 tuum
2376 1059 2441 1097 ne
2481 1043 2736 1097 deseras:
2769 1043 2895 1111 quia
2947 1040 3154 1096 medela
3203 1040 3412 1096 sedabit
3443 1054 3571 1108 pec-

1982 1144 2098 1189 cata
2128 1151 2321 1203 magna
2347 1136 2447 1189 ⁸ο.»

298 1235 486 1270 νατον·
527 1238 546 1270 ⁵
578 1220 951 1291 Παραιτητέον
993 1220 1087 1277 οὖν
1126 1222 1233 1294 ἄρα
1270 1224 1369 1288 τὰς
1432 1226 1608 1298 ἀρχὰς
1653 1231 1762 1282 τῶν
1807 1231 2019 1295 παθῶν,
2065 1234 2159 1286 καὶ
2222 1232 2289 1285 τὰ
2359 1236 2440 1297 εἰς
2472 1232 2597 1289 νοῦν
2630 1234 2843 1295 εἴδωλα,
2903 1234 2973 1287 τά
3000 1232 3088 1286 διὰ
3147 1230 3323 1302 μόνων
3350 1227 3569 1283 ἐννοιῶν

295 1314 650 1383 εἰστρέχοντα
706 1315 1108 1385 παρωσὼμεθα,
1137 1318 1197 1370 τὸ
1260 1322 1647 1390 γεγραμμένον
1709 1322 1940 1386 εἰδότες·
1988 1344 2005 1376 ι
2062 1326 2189 1377 Ἐὰν
2243 1325 2461 1396 πνεῦμα
2508 1324 2603 1379 τοῦ
2665 1324 3068 1390 ἐξουσιάζοντος
3108 1322 3287 1391 ἀναϐῇ
3335 1321 3426 1375 ἐπὶ
3486 1320 3546 1373 σέ

296 1403 471 1455 τόπον
510 1421 606 1457 σου
637 1406 712 1476 μὴ
740 1406 885 1479 ἀφῇς
912 1427 925 1438 ·
951 1412 1031 1463 ὅτι
1054 1408 1190 1478 ἴαμα
1220 1411 1563 1465 καταπαύσει
1601 1414 1878 1485 ἁμαρτίας
1919 1416 2183 1487 μεγάλας.
2228 1435 2246 1467 ι

383 1496 539 1552 Ἰδοὺ
572 1496 647 1565 δὴ
699 1501 732 1552 ό
783 1500 1082 1568 δεσπότης
1118 1504 1333 1571 Κύριος
1378 1506 1621 1560 Σαϐαὼθ
1676 1506 1892 1575 ἀφελεῖ

297 1589 415 1643 ἀπὸ
431 1592 543 1655 τῆς
567 1589 881 1657 Ἰουδαίας,
900 1594 995 1645 καί
1015 1594 1131 1647 ἀπὸ
1157 1593 1552 1665 Ἰερουσαλὴμ
1570 1598 1881 1664 ἰσχύοντα,

297 1680 402 1733 καί
435 1681 796 1749 ἰσχύουσαν,
834 1682 1016 1752 ἰσχὺν
1048 1684 1249 1752 ἄρτου,
1283 1686 1383 1739 καὶ
1432 1686 1617 1755 ἰσχὺν
1642 1687 1882 1754 ὕδατος,

2063 1507 2193 1562 CAP.
2239 1509 2321 1572 Ill,
2359 1523 2507 1561 vens.
2552 1508 2603 1569 l,
2640 1507 2694 1560 Ξ.
2737 1506 2869 1559 Ecce
2921 1508 3095 1572 itaque
3134 1504 3431 1556 dominator
3470 1503 3572 1557 8:-

1994 1598 2152 1652 bautlt
2208 1600 2409 1667 auferet
2450 1616 2481 1650 tt
2527 1598 2719 1651 Juda'a
2758 1608 2804 1650 et
2850 1598 2913 1649 ab
2959 1594 3252 1649 Jerusalem
3300 1596 3568 1647 robustum

1991 1701 2039 1743 et
2095 1692 2395 1754 robustam,
2436 1690 2594 1763 robur
2634 1691 2784 1755 panis
2817 1699 2866 1741 et
2902 1688 3059 1741 robur
3097 1702 3277 1753 aquae,
3309 1687 3570 1753 gigantem

299 1773 555 1841 γίγαντα
579 1773 677 1826 καὶ
706 1774 1018 1843 ἰσχύοντα,
1048 1776 1148 1830 καί
1181 1776 1465 1846 ἄρχοντα,
1507 1779 1886 1848 πολεμιστὴν

1997 1792 2038 1836 et
2069 1785 2361 1846 robustum,
2391 1795 2437 1835 et
2470 1782 2755 1851 priuripem
2774 1817 2790 1845 ,
2820 1780 3120 1833 bellatorem
3146 1791 3190 1833 et
3207 1779 3464 1846 judicem.

300 1862 403 1916 καὶ
429 1861 747 1929 δικαστήν.

387 1953 740 2025 Ἀποχρῶσαν
768 1956 900 2025 ἡμῖν
934 1959 1298 2029 ποιησάμενος
1334 1960 1433 2031 τὴν
1460 1962 1757 2033 ἀφήγησιν,
1788 1962 1889 2034 τὴν

300 2045 395 2097 ἐπί
446 2063 510 2113 γε
553 2049 667 2111 τοῖς
713 2049 1089 2121 ἀρχαιοτέροις
1120 2051 1297 2105 αὐτῶν
1348 2052 1709 2123 ἐγκλήμασιν,
1756 2055 1889 2125 μεθ·-

306 2134 486 2204 ίστησι
509 2137 670 2189 πάλιν
694 2138 787 2191 ἐπὶ
818 2140 1009 2209 καιροῦ
1037 2140 1128 2193 τὸν
1160 2141 1317 2210 λόγον
1340 2144 1425 2195 ἐπὶ
1450 2144 1547 2206 τὰς
1574 2144 1892 2208 τελευταίας

303 2227 487 2279 αὐτῶν
520 2228 823 2299 συμφορὰς,
855 2230 1079 2294 δικαίως
1114 2232 1589 2305 ύπομεμενηκόσιν
1618 2236 1891 2306 ἐμπαροι-

305 2319 572 2388 νήσαντες
598 2320 828 2383 ἀνοσίως
854 2324 933 2385 εἰς
975 2321 1065 2376 τὸν
1113 2322 1316 2393 Κύριον
1360 2325 1515 2395 ήμῶν
1554 2326 1760 2397 Ἰησοῦν
1802 2328 1891 2379 τὸν

304 2408 564 2479 Χριστόν.
603 2410 862 2475 Ἐπέταξε
898 2411 1008 2484 γὰρ
1055 2413 1238 2478 αὐτοῖς
1268 2416 1297 2467 ὁ
1330 2415 1501 2487 θυμὸς
1538 2418 1761 2490 Κυρίου,
1797 2419 1893 2472 καὶ

309 2499 457 2568 μάλα
487 2498 713 2563 εἰκότως
732 2518 745 2530 ’
785 2501 1121 2574 ἀνῃρηκότες
1152 2504 1261 2575 γὰρ
1288 2505 1413 2567 τοὺς
1457 2508 1763 2577 προφήτας,
1800 2508 1894 2561 καὶ

305 2588 754 2661 λιθοϐολήσαντες
797 2594 923 2656 τοὺς
959 2595 1419 2665 ἀπεσταλμένους,
1453 2597 1573 2649 οὐδὲ
1604 2598 1765 2651 αὐτὸν
1809 2598 1896 2651 δε-

305 2681 659 2753 δυσώπηνται
696 2684 791 2738 τὸν
829 2684 978 2749 Υἰδν,
1019 2686 1370 2758 ἐπεπήδησαν
1404 2689 1461 2741 δὲ
1485 2689 1891 2760 θηριοπρεπῶς,

309 2776 406 2827 καὶ
434 2773 523 2826 τὸν
555 2776 799 2847 ἀρχηγὸν
840 2777 940 2848 τῆς
989 2777 1156 2849 ζωῆς,
1192 2779 1256 2832 τό
1298 2796 1361 2847 γε
1388 2775 1522 2851 ἦκον
1556 2782 1635 2844 είς
1675 2782 1891 2848 αὐτοὺς,

310 2865 526 2937 θανάτῳ
580 2854 1036 2941 περιϐεϐλήκασι,
1093 2871 1370 2941 λέγοντες·
1427 2892 1444 2923 ι
1499 2874 1761 2944 Δήσωμεν
1806 2874 1897 2927 τὸν

308 2959 535 3024 δέκαιον,
582 2960 666 3013 ὅτι
719 2961 1052 3033 δύσχρηστος
1088 2965 1221 3034 ἡμῖν
1262 2965 1397 3018 ἐστι.
1436 2985 1454 3017 ι
1488 2965 1753 3020 Πάνδεινα
1798 2966 1898 3037 μὲν

309 3048 404 3104 οὖν
434 3055 578 3105 ἐστιν
609 3053 791 3117 αὐτοῖς
844 3056 911 3107 τὰ
964 3056 1055 3108 τοῦ
1088 3056 1330 3127 πολέμου
1385 3057 1768 3128 συμϐεϐηκότα
1804 3056 1898 3111 καὶ

1915 1826 1963 1885 Β

2002 1972 2007 1979 ·
2060 1962 2195 2016 Cum
2248 1961 2364 2017 fuse
2415 1960 2548 2016 satis
2587 1969 2771 2015 vetera
2823 1973 3012 2013 eorum
3055 1958 3184 2013 vitia
3225 1956 3565 2025 exposuerit,

1990 2064 2293 2123 opportune
2345 2068 2533 2107 rursus
2596 2066 2900 2106 sermonem
2948 2050 3015 2104 ad
3059 2062 3334 2106 extremas
3378 2062 3567 2102 eorum

1994 2144 2246 2198 miserias
2288 2141 2522 2196 traducit
2559 2159 2573 2196 :
2607 2156 2743 2209 quas
2778 2140 2831 2193 in
2874 2138 3114 2193 omnium
3157 2146 3405 2191 nostrum
3442 2134 3571 2188 Ser-

1992 2247 2234 2290 vatorem
2274 2234 2549 2289 Christum
2596 2233 2762 2301 impie
2797 2228 3149 2292 debacchati,
3193 2229 3390 2281 merito
3438 2226 3569 2279 sub-

1994 2328 2234 2382 ivernnt.
2283 2323 2496 2377 Effusus
2535 2331 2617 2377 est
2663 2320 2806 2375 enim
2860 2321 2913 2373 in
2964 2319 3082 2373 illos
3129 2318 3282 2371 furor
3330 2314 3568 2379 Domini,

1996 2420 2156 2488 idque
2194 2416 2515 2487 iustissime.
2564 2412 2803 2468 Sublatis
2832 2410 3038 2465 etenim
3072 2408 3369 2478 prophetis,
3402 2417 3457 2461 et
3485 2407 3568 2459 la-

1994 2512 2191 2583 pidatis
2241 2510 2461 2579 legatis,
2513 2522 2581 2562 ne
2634 2508 2807 2575 ipsum
2862 2502 3080 2574 quidem
3113 2501 3306 2557 Filium
3351 2499 3569 2555 reveriti

1995 2614 2151 2669 sunt,
2208 2604 2303 2659 sed
2350 2603 2521 2657 instar
2571 2600 2809 2653 ferarum
2860 2596 3229 2658 insultarunt,
3278 2602 3332 2647 et
3376 2596 3570 2655 ducem

1995 2700 2140 2764 vitae,
2171 2704 2433 2767 quantum
2477 2694 2529 2748 in
2585 2692 2716 2762 ipsis
2763 2698 2911 2754 erat,
2967 2686 3126 2742 morti
3178 2685 3569 2739 tradiderunt:

2001 2809 2021 2842 ι
2063 2789 2398 2853 Vinciamus,
2453 2785 2725 2854 inquiunt,
2756 2782 2986 2850 justum,
3027 2778 3151 2847 quia
3196 2777 3573 2831 incommodus

1997 2881 2153 2937 nobis
2182 2891 2265 2935 est
2289 2880 2357 2933 ¹¹.
2396 2895 2415 2929 ι
2450 2874 2783 2931 Gravissima
2827 2872 2992 2942 igitur
3032 2872 3137 2925 illis
3165 2885 3231 2923 ex
3272 2868 3412 2921 hello
3446 2881 3573 2920 eve-

1999 2979 2214 3033 nerunt,
2252 2976 2306 3021 et
2334 2965 2518 3019 multis
2550 2963 2723 3018 modis
2754 2960 3057 3028 consumpti
3082 2966 3228 3021 sunt,
3248 2954 3353 3025 52
3378 2953 3571 3022 partim

2002 3062 2141 3115 fame
2189 3068 2351 3127 atque
2419 3056 2737 3117 obsidione,
2788 3062 2843 3107 et
2894 3051 3110 3105 ﬂamma
3169 3060 3330 3117 atque
3386 3047 3569 3100 ferro:

313 3143 707 3214 δεδαπάνηνται
767 3144 1141 3218 πολυτρόπως·
1210 3149 1368 3202 τοῦτο
1429 3150 1525 3219 μὲν
1606 3148 1751 3220 λιμῷ
1807 3150 1892 3203 καὶ

2002 3153 2197 3224 partim
2225 3149 2548 3205 feniinarnm
2576 3154 2630 3199 et
2656 3159 2946 3213 puerorum
2970 3140 3395 3211 captivitatibus.
3421 3137 3571 3203 Quod

312 3235 688 3307 πολιορκίαις,
747 3238 879 3306 πυρί
935 3238 1029 3290 καὶ
1063 3237 1293 3309 σιδήρῳ,
1357 3240 1514 3292 τοῦτο
1551 3240 1608 3292 δὲ
1658 3241 1893 3309 γυναίων

312 3343 373 3377 τε
400 3329 496 3380 καὶ
520 3328 726 3380 παίδων
757 3329 1231 3399 ἀνδραποδισμοίς.
1262 3332 1381 3383 Ὅτι
1414 3331 1469 3383 δὲ
1501 3333 1592 3384 καὶ
1618 3332 1724 3384 τῶν
1751 3331 1893 3383 ἄνω-

316 3418 408 3470 θεν
440 3418 535 3470 καὶ
567 3418 718 3489 παρὰ
748 3418 881 3471 Θεοῦ
909 3421 1265 3491 χαρισμάτων
1289 3422 1611 3492 νενοσήκασι
1634 3426 1732 3493 τὴν
1761 3424 1895 3474 ἀπο-

314 3509 503 3581 ϐολὴν,
536 3510 761 3563 καὶτῶν
793 3513 869 3573 εἰς
904 3510 1026 3564 νοῦν
1058 3512 1150 3564 καὶ
1186 3512 1363 3583 ψυχὴν
1394 3512 1612 3580 ἀγαθῶν
1639 3512 1894 3583 ἐστέρην-

314 3623 427 3668 ται,
457 3605 695 3659 διδάσκει
720 3605 893 3673 λέγων
916 3620 930 3635 ·
964 3623 982 3657 ι
1026 3606 1158 3659 Ἰδοὺ
1188 3606 1250 3677 δὴ
1282 3607 1309 3657 ὁ
1338 3606 1619 3676 Δεσπότης
1646 3604 1892 3669 Σαϐαὼθ,

314 3696 507 3765 ἀφελεῖ
530 3697 640 3749 ἀπὸ
682 3697 781 3767 τῆς
817 3696 1072 3759 Ἰουδαίας
1113 3696 1206 3748 καὶ
1243 3696 1596 3767 Ἰερουσαλὴμ
1646 3696 1897 3765 ἰσχύοντα

314 3789 410 3840 καὶ
444 3786 752 3856 ἰσχύουσαν.
792 3806 809 3838 ι
842 3788 953 3840 Καὶ
972 3788 999 3837 ὁ
1020 3787 1174 3855 λόγος
1194 3786 1269 3857 τῷ
1300 3788 1549 3858 προφήτῃ
1572 3785 1666 3839 νῦν
1686 3788 1746 3839 οὐ
1769 3788 1897 3855 περί

316 3879 639 3949 σωματικῆς
700 3878 909 3947 ἰσχύος⁸
947 3877 1139 3949 εῦηθες
1191 3878 1298 3949 γὰρ
1321 3878 1377 3931 τέ
1410 3872 1511 3931 ὧδε
1568 3881 1729 3930 νοεῖν*
1772 3877 1897 3947 περὶ

310 3970 516 4040 νοητῆς
552 3970 609 4022 δὲ
645 3970 864 4038 μᾶλλον,
904 3970 999 4024 καὶ
1034 3970 1133 4040 τῆς
1165 3970 1243 4033 εἰς
1269 3970 1392 4022 νοῦν
1424 3971 1517 4023 καὶ
1554 3970 1799 4040 καρδίαν,
1829 3970 1894 4021 δι’

313 4056 384 4128 ἧς
430 4061 717 4131 εἰθίσμεθα
765 4062 1059 4133 κατορθοῦν
1106 4063 1325 4133 ἀρετήν.
1370 4061 1731 4133 Στρατεύεται
1796 4062 1896 4133 μὲν

315 4155 429 4223 γὰρ
454 4156 489 4223 ἡ
523 4152 659 4224 σὰρξ
690 4155 829 4206 κατὰ
857 4153 951 4206 τοῦ
984 4154 1312 4223 πνεύματος,
1345 4154 1404 4206 τὸ
1434 4154 1489 4206 δέ
1518 4153 1734 4223 πνεῦμα
1757 4154 1897 4207 κατά

315 4244 417 4315 τῆς
446 4246 669 4315 σαρκός.
701 4245 887 4298 Ταῦτα
912 4246 1019 4318 γὰρ
1072 4246 1373 4299 ἀντίκειται
1418 4246 1699 4316 ἀλλήλοις·
1748 4246 1898 4298 πλεῖ-

319 4350 446 4386 σται
479 4334 537 4387 δὲ
574 4335 696 4386 ὅσαι
729 4336 989 4405 κοσμικαί
1018 4336 1109 4387 καὶ
1131 4334 1444 4404 ιάκάθαρτοι
1490 4336 1579 4387 τὸν
1618 4334 1894 4405 ἀνθρώπι-

317 4444 410 4479 νον
462 4426 588 4481 νοῦν
645 4426 973 4480 διακυκῶσιν
1018 4427 1233 4497 ήδοναί,
1296 4426 1703 4497 καταφέρουσαι
1760 4426 1896 4495 πρὸς

2002 3246 2164 3299 etiam
2194 3254 2552 3309 supernorum
2579 3247 2633 3292 ct
2655 3238 2961 3292 divinorum
2990 3236 3253 3288 donorum
3284 3232 3575 3285 amissione

2000 3336 2203 3397 amicti,
2239 3344 2294 3389 et
2334 3332 2531 3387 mentis
2581 3331 2852 3399 animique
2906 3328 3059 3383 bonis
3122 3325 3295 3380 orbati
3351 3323 3572 3385 fuerint,

2002 3430 2160 3483 docet
2196 3427 2278 3481 his
2311 3424 2495 3477 verbis
2529 3440 2543 3477 :
2579 3440 2596 3472 ι
2641 3421 2779 3475 Ecce
2824 3422 3128 3475 dominator
3174 3417 3427 3470 Dominus
3470 3415 3571 3467 Sa-

2001 3518 2162 3573 baoth
2219 3515 2431 3570 auferet
2476 3528 2505 3565 a
2541 3511 2725 3567 Judaea
2757 3519 2813 3564 et
2847 3507 3146 3563 Jerusalem
3194 3508 3471 3560 robustum
3519 3514 3574 3557 et

2000 3612 2299 3665 robustam.
2332 3624 2352 3658 ι
2383 3604 2649 3675 Loquitur
2676 3611 2857 3657 autem
2886 3616 3027 3655 nunc
3058 3599 3342 3670 propheta,
3375 3613 3479 3650 non
3508 3598 3576 3651 de

2002 3712 2258 3768 corporea
2306 3696 2622 3751 fortitudine
2668 3693 2789 3764 (est
2844 3693 2987 3746 enim
3039 3690 3277 3759 ineptum
3349 3690 3449 3743 hoc
3494 3688 3575 3743 sic

2004 3790 2351 3860 intelligere),
2383 3788 2476 3842 sed
2503 3787 2572 3841 de
2603 3800 2665 3841 ea
2690 3785 2871 3854 potius
2893 3798 3012 3853 quae
3037 3783 3136 3837 sub
3158 3780 3571 3850 intelligentiam

2006 3881 2185 3943 venit,
2223 3893 2342 3947 quae
2381 3878 2447 3947 ad
2485 3886 2721 3931 mentem
2758 3884 2812 3930 et
2842 3890 2937 3928 cor
2980 3872 3213 3942 pertinet
3237 3888 3251 3925 :
3278 3884 3381 3940 qua
3429 3880 3575 3923 recte

2001 3974 2254 4027 virtutem
2289 3983 2545 4024 exercere
2570 3967 2985 4029 consuevimus;
3022 3972 3226 4032 pugnat
3259 3961 3403 4015 enim
3446 3975 3576 4013 caro

2002 4073 2189 4117 contra
2235 4062 2519 4129 spiritum,
2556 4068 2610 4113 et
2657 4058 2879 4126 spiritus
2919 4065 3110 4109 contra
3159 4066 3375 4108 carnem
3409 4070 3421 4105 :
3460 4052 3575 4105 hac

2003 4170 2235 4222 namque
2282 4153 2543 4207 dissident
2600 4152 2742 4205 inter
2778 4164 2867 4215 se,
2913 4156 2966 4203 et
3010 4146 3254 4215 plurimm
3291 4142 3576 4198 mundana:

2004 4261 2066 4300 ac
2095 4243 2385 4299 immunda:
2418 4244 2723 4313 voluptates
2761 4242 3055 4295 humanam
3099 4247 3333 4292 mentem
3364 4237 3577 4290 demer-

2004 4345 2153 4406 gunt,
2186 4346 2239 4390 et
2268 4337 2334 4389 ad
2366 4345 2585 4404 peccata
2630 4332 2926 4402 abripiunt.
2960 4330 3107 4399 Opus
3148 4330 3311 4398 igitur
3342 4338 3425 4382 est
3466 4326 3575 4381 lor-

2006 4429 2236 4483 titudine
2260 4444 2377 4497 quae
2401 4444 2431 4483 e
2460 4427 2709 4497 supernis
2741 4426 2885 4480 venit
2915 4432 2967 4478 et
3000 4438 3028 4475 a
3058 4424 3187 4476 Deo.
3214 4422 3304 4477 Sic
3328 4419 3575 4473 videlicet

318 4517 616 4587 ἁμαρτίας.
652 4517 824 4588 Χρεία
850 4518 1025 4570 τοίνυν
1062 4518 1241 4589 ἰσχύος
1268 4518 1365 4588 τῆς
1399 4517 1605 4570 ἀνωθεν
1632 4516 1722 4569 καὶ
1748 4516 1892 4587 παρὰ

2002 4522 2190 4573 evadet
2216 4521 2482 4588 quispiam
2507 4519 2771 4588 superior,
2805 4518 2967 4585 idque
2988 4517 3098 4580 vix,
3124 4530 3185 4569 ac
3210 4529 3329 4567 cum
3354 4511 3572 4566 vicerit.

317 4608 479 4661 Θεοῦ.
516 4607 805 4677 Περιέσται
836 4608 942 4677 γὰρ
985 4606 1156 4670 οὕτως
1191 4625 1275 4670 τις
1302 4609 1393 4659 καὶ
1428 4607 1598 4677 μόλις,
1649 4608 1743 4659 καὶ
1775 4624 1900 4659 στε-

318 4700 586 4769 φανοῦται
629 4699 886 4769 κρατῶνο
920 4698 1231 4769 ἀφηρῇσθαι
1278 4698 1333 4750 δὲ
1387 4699 1543 4751 τοῦτό
1582 4716 1744 4767 φησιν
1791 4699 1899 4752 ἀπὸ

314 4791 427 4843 τῶν
467 4790 732 4844 Ἰουδαίων
752 4828 767 4854 ,
795 4790 890 4842 καί⁵
919 4789 1055 4868 αἱ)τά
1087 4789 1271 4860 βοήσει
1299 4788 1368 4841 τά
1402 4792 1715 4861 πράγματα.
1742 4792 1900 4854 Ποίος

317 4886 429 4954 γάρ
466 4882 544 4936 ἔτι
589 4882 744 4950 λόγος
777 4881 893 4934 ἐστὶ
939 4882 1065 4952 παρ’
1094 4882 1277 4944 αὐτοῖς
1307 4880 1400 4934 τοῦ
1437 4881 1736 4953 κατορθοῦν
1775 4883 1900 4952 ἀρε-

316 4976 523 5046 τήν;ῆ
568 4975 650 5037 τίς
682 4977 709 5027 ὁ
742 4973 1023 5041 εὐδόκιμος
1066 4974 1159 5026 καὶ
1202 4973 1618 5027 ἁντανίστασθαι
1666 4975 1897 5045 μεμελε-

315 5065 503 5137 τηκὼς
527 5068 642 5128 τοῖς
674 5064 871 5118 πάθεσι
918 5065 1018 5135 τῆς
1056 5064 1276 5136 σαρκὸς,
1320 5064 1484 5135 ἤγουν
1515 5068 1633 5128 ταῖς
1692 5066 1901 5134 ἐφόδοις

316 5158 425 5209 τῶν
447 5156 695 5209 ἐκτόπων
720 5156 955 5225 ήδονῶν;
981 5157 1269 5227 Πρόκειται
1297 5156 1403 5226 γὰρ
1431 5156 1618 5227 ὥσπερ
1648 5157 1903 5210 ἁπάντων

317 5252 345 5303 ό
375 5250 502 5313 νοῦς
524 5250 601 5313 ὡς
634 5249 874 5302 σευτλίον
903 5247 1187 5319 ἡμίεφθον,
1209 5250 1352 5302 κατά
1377 5250 1476 5318 τὴν
1500 5248 1592 5302 τοῦ
1623 5251 1901 5319 προφήτου

319 5341 525 5410 φωνήν.
572 5339 647 5391 Οὐ
670 5338 777 5408 γὰρ
824 5336 1045 5390 δύναται
1073 5336 1288 5405 λέγειν’
1326 5356 1345 5389 ι
1392 5338 1576 5390 Πάντα
1630 5338 1797 5407 ἰσχύω
1846 5338 1903 5389 ἐν

317 5428 394 5499 τῷ
442 5427 833 5500 ἐνδυναμοῦντί
888 5444 955 5497 με
1003 5427 1240 5498 Χριστῷ.
1284 5447 1303 5480 ι
1346 5426 1643 5499 Ἀφῄρηται
1697 5427 1753 5479 δὲ
1802 5428 1897 5480 ἀπ’

319 5520 499 5574 αὐτῶν
544 5522 701 5591 ἰσχὺς
736 5520 902 5591 ἄρτου
940 5521 1035 5573 καὶ
1070 5520 1223 5589 ἰσχὺς
1253 5518 1462 5582 ὕδατοςο
1510 5518 1674 5590 ἄρτου
1704 5518 1761 5572 δέ
1792 5520 1897 5573 πά-

320 5610 403 5665 λιν
445 5613 549 5665 οὐκ
594 5610 881 5683 αἰσθητοῦ,
918 5611 1031 5667 ἀλλ’
1071 5611 1194 5665 οὺδέ
1223 5611 1431 5666 ύδάτων
1469 5612 1578 5665 τῶν
1621 5612 1680 5665 ἐν
1728 5629 1895 5667 κατα-

2001 4622 2313 4666 coronatur.
2361 4610 2513 4665 Hanc
2558 4621 2735 4664 autem
2778 4608 3067 4663 tollendam
3108 4622 3137 4659 a
3180 4605 3378 4659 Judwis
3418 4602 3571 4664 dicit,

2001 4701 2143 4768 quod
2166 4701 2326 4753 etiam
2358 4715 2444 4752 res
2477 4700 2602 4768 ipsa:
2628 4698 3001 4753 clamitabunt.
3023 4698 3152 4762 Quin
3180 4704 3262 4749 est
3291 4694 3432 4749 enim
3458 4692 3571 4759 jam

2001 4793 2175 4847 oratio
2212 4792 2348 4859 apud
2381 4807 2473 4845 eos
2509 4791 2575 4846 de
2613 4792 2915 4845 exercenda
2949 4788 3184 4841 virtute?
3223 4786 3303 4839 vel
3336 4785 3457 4855 quis
3489 4795 3575 4838 est

2001 4900 2161 4953 quem
2206 4883 2454 4938 laudibus
2484 4898 2681 4937 ornare
2709 4882 2923 4951 possis?
2956 4880 3089 4947 Quis
3129 4878 3351 4932 allectus
3393 4876 3574 4930 carnis

2005 4976 2299 5045 reprimere
2351 4976 2571 5041 studet,
2616 4984 2709 5028 aut
2755 4983 3181 5029 monstrosarum
3241 4970 3572 5039 voluptatum

2000 5067 2271 5121 assultus?
2299 5068 2553 5137 Exposita
2580 5068 2778 5121 etenim
2806 5078 2885 5120 est
2913 5076 2969 5119 et
2994 5064 3283 5135 prosﬁtuta
3311 5065 3575 5133 quodam-

2001 5158 2158 5210 modo
2188 5158 2428 5211 omnium
2462 5172 2613 5211 mens
2643 5167 2899 5225 tanquam
2933 5157 3054 5211 beta
3091 5155 3572 5222 semicocta,juxta

2002 5248 2277 5317 prophetae
2307 5263 2514 5304 vocem.
2541 5246 2654 5301 Non
2678 5248 2821 5300 enim
2857 5257 3032 5316 petest
3065 5246 3244 5301 dicere
3272 5264 3285 5300 :
3319 5265 3339 5297 ‹
3379 5244 3571 5300 Omnia

2002 5354 2219 5409 possum
2245 5340 2296 5394 in
2321 5355 2385 5394 eo
2408 5341 2496 5409 qui
2528 5357 2611 5394 me
2632 5338 3140 5395 confortatChristo
3165 5340 3232 5392 “.
3266 5356 3286 5390 ι
3313 5338 3572 5393 Aufertnr

2004 5434 2163 5488 etiam
2208 5435 2276 5489 ab
2319 5434 2427 5490 illis
2465 5434 2721 5489 fortitudo
2768 5434 2921 5504 panis
2967 5442 3021 5487 et
3068 5431 3328 5487 fortitudo
3373 5446 3567 5499 aquae:

2004 5526 2155 5593 panis
2204 5540 2393 5580 rursus
2445 5541 2549 5581 non
2597 5526 2898 5590 sensibilis,
2936 5540 3035 5581 nec
3069 5539 3329 5595 aquarum
3373 5525 3423 5578 in
3470 5537 3572 5577 usu

2003 5614 2273 5669 communi
2308 5615 2607 5685 positarum
2642 5633 2654 5671 :
2684 5616 2777 5673 sed
2808 5614 2924 5686 ejus
2958 5615 3139 5671 verius
3166 5613 3231 5671 de
3261 5627 3369 5684 quo
3404 5609 3571 5665 David

397 5768 440 5802 ·⁹
458 5767 575 5826 lac.
602 5785 643 5837 ι,
676 5766 874 5839 14,15.
951 5765 996 5802 ²⁴
1019 5766 1197 5823 Eccle.
1224 5767 1347 5835 x,4.
1422 5768 1466 5804 ²¹
1494 5767 1620 5838 Sap.
1664 5781 1726 5835 ll,
1764 5767 1848 5822 l2.

1998 5766 2231 5841 Philipp.
2263 5785 2337 5841 IV,
2367 5770 2449 5827 l3.
