4094 6366
522 340 594 396 95
1545 342 1602 396 S.
1644 339 1918 398 CYRILLI
1955 340 2427 397 ALEXANDBINI
2464 341 2783 397 ARCHIEP.
3706 334 3775 389 96

527 457 601 510 ait
639 474 651 509 :
692 472 711 505 ι
756 453 955 507 Panem
1012 454 1137 508 coeli
1185 455 1332 511 dedit
1372 455 1509 522 illis,
1547 472 1739 527 panem
1786 457 2099 526 angelorum

2206 460 2395 528 χρήσει
2438 459 2625 527 κοινῇ·
2670 456 2880 509 ἐκείνου
2918 452 2976 506 δὲ
3026 451 3226 523 μᾶλλον
3273 452 3401 521 περί
3440 445 3502 505 οὐ
3537 465 3700 520 φησιν
3747 452 3776 502 6

528 545 873 601 manducavit
907 544 1068 599 homo
1093 544 1158 598 “.
1192 564 1211 597 ι
1247 547 1429 614 Aquas
1469 548 1595 602 item
1633 564 1941 605 memorare
1968 566 2093 606 eum

527 634 781 700 dicimus,
810 649 929 703 quas
960 635 1154 688 mentis
1182 644 1307 689 sunt
1350 650 1399 691 et
1442 637 1832 707 intelligentiae,
1863 657 2095 710 quarum

529 728 757 796 ipsemet
787 728 1046 796 propheta
1101 728 1266 783 Isaias
1312 731 1557 785 meminit
1626 750 1689 785 ε(
1737 733 1803 787 Ει
1834 734 2097 791 haurietis

527 831 723 885 aquam
757 832 879 871 cum
917 818 1111 887 gaudio
1143 820 1209 874 de
1254 819 1494 876 fontibus
1532 822 1833 879 Salvatoris
1866 827 1931 878 “.
1966 846 1985 877 ι
2031 828 2100 883 Ει

529 923 692 976 porro
740 908 854 974 ipse
898 907 1160 963 Servator
1192 927 1207 964 :
1244 927 1261 960 ι
1294 909 1484 967 Omnis
1524 915 1613 981 qui
1664 915 1798 969 bibit
1841 931 1908 971 ex
1961 932 2099 987 aqua

531 998 655 1065 hac,
684 999 830 1054 sitiet
862 999 1055 1054 iterum
1083 1018 1099 1054 :
1130 1002 1221 1071 qui
1254 1013 1431 1057 autem
1464 1005 1659 1060 biberit
1682 1022 1747 1061 ex
1772 1022 1910 1076 aqua
1936 1023 2097 1078 quam

530 1102 629 1156 ego
669 1089 807 1143 dabo
853 1088 960 1153 illi,
1000 1090 1107 1144 erit
1156 1092 1208 1145 in
1256 1092 1349 1147 illo
1393 1093 1513 1148 fons
1560 1111 1711 1165 aqua
1753 1099 2000 1155 salientis
2047 1102 2100 1155 in

531 1178 697 1231 vitam
750 1189 1007 1235 aeternam
1039 1180 1105 1235 “.
1158 1200 1177 1234 ι
1226 1183 1492 1239 Caeterum
1541 1187 1829 1257 diligenter
1872 1192 2100 1246 observa

531 1270 694 1325 verba
734 1272 1025 1341 praphette.
1073 1272 1190 1328 Non
1222 1276 1366 1330 enim
1393 1277 1533 1331 dixit
1563 1280 1886 1350 simpliciter
1916 1282 2101 1337 subla-

534 1371 647 1415 tum
682 1364 743 1417 iri
775 1379 803 1416 a
833 1361 1037 1419 ludatis
1078 1380 1272 1435 panem
1296 1378 1351 1422 et
1377 1383 1597 1437 aquam,
1632 1374 1725 1426 sed
1758 1373 1921 1428 robur
1949 1376 2103 1443 panis

530 1466 587 1509 et
618 1457 781 1510 robur
805 1472 982 1526 aqua}.
1007 1457 1286 1528 Siquidem
1319 1476 1418 1515 nos
1454 1462 1557 1515 hoc
1584 1463 1781 1519 docere
1811 1466 1943 1519 vult.
1966 1465 2101 1522 Nam

531 1547 624 1614 qui
657 1562 843 1604 sacros
870 1564 1148 1604 sermones
1178 1560 1233 1604 et
1266 1550 1475 1607 divinas
1507 1554 1819 1623 Scripturas
1854 1558 2103 1628 legimus,

533 1652 735 1707 easque
774 1640 1143 1711 intelligimus,
1177 1643 1342 1699 robur
1380 1646 1557 1713 panis,
1604 1648 1868 1715 spiritalis
1898 1651 2104 1719 accipi-

537 1744 679 1782 mus.
719 1747 739 1781 ‹
794 1728 907 1784 Νοη
957 1732 1124 1796 enim,
1160 1752 1179 1784 ι
1230 1734 1425 1803 inquit.
1464 1754 1482 1787 ι
1522 1736 1574 1789 ἰη
1614 1736 1728 1791 solo
1770 1752 1909 1806 pane
1960 1741 2105 1797 vivet

2197 549 2359 603 Δαόίδ
2379 565 2393 579 ο
2433 567 2453 600 ι
2481 549 2677 618 ¹Ἀρτον
2706 546 2936 619 οὐρανοῦ
2969 547 3166 600 ἔδωκεν
3189 544 3390 607 αὐτοῖς’
3418 543 3583 612 ἄρτον
3611 541 3774 611 ἀγγέ-

2195 639 2303 694 λων
2341 639 2543 708 ἐφαγεν
2572 638 2877 710 ἄνθρωπος.
2912 657 2931 690 ι
2971 636 3207 690 Ὑδάτων
3249 635 3304 687 δὲ
3335 632 3640 705 μεμνῆσθαί
3670 649 3773 701 φα-

2199 745 2300 799 μεν
2325 729 2485 782 αὐτὸν
2533 728 2641 780 τῶν
2675 726 2903 797 νοητῶν,
2933 726 3063 798 περὶ
3092 719 3167 777 ὧν
3200 724 3363 786 αὐτός
3410 721 3510 775 πού
3547 738 3708 791 φησιν
3746 723 3775 774 ό

2196 821 2483 891 προφήτης
2515 819 2778 883 Ἡσαΐας·
2818 838 2835 869 ι
2872 819 2983 872 Καὶ
3023 817 3314 887 ἀντλήσετε
3357 814 3501 886 ὕδωρ
3534 815 3649 885 μετ’
3682 815 3775 867 εὐ-

2198 909 2472 984 φροσύνης
2497 912 2562 963 ὲκ
2591 909 2697 963 τῶν
2726 909 2916 979 πηγῶν
2945 908 3037 962 τοῦ
3068 908 3335 979 Σωτῆρος.
3370 926 3389 958 ι
3422 905 3530 959 Kal.
3557 904 3661 976 μὴν
3683 904 3777 956 καί⁵

2198 1002 2361 1065 αὐτὸς
2384 1002 2414 1055 6
2442 1003 2631 1072 Σωτήρ
2652 1018 2665 1031 ·
2703 1019 2722 1051 ι
2763 1002 2875 1064 Πᾶς
2905 1001 2934 1052 6
2960 1000 3128 1054 πίνων
3163 1001 3228 1053 ὲκ
3248 998 3343 1051 τοῦ
3366 997 3555 1060 ὕδατος
3585 996 3776 1048 τούτου

2196 1094 2413 1165 διψήσει
2464 1094 2643 1147 πάλιψ
2683 1092 2712 1145 ὃ
2741 1095 2785 1147 δ’
2818 1094 2884 1147 ἂν
2934 1092 3032 1165 πίῃ
3067 1092 3132 1144 ὲκ
3173 1091 3265 1144 τοῦ
3314 1089 3522 1155 ὕδατος,
3557 1083 3616 1143 οὗ
3667 1088 3777 1157 ἐγὼ

2199 1185 2355 1240 δώσω
2386 1186 2557 1257 αὐτῷ,
2609 1187 2897 1256 γενήσεται
2930 1185 2987 1238 ὲν
3021 1183 3170 1254 αὐτῷ
3213 1182 3367 1254 πηγὴ
3396 1181 3584 1244 ὓδατος
3622 1179 3777 1233 ἀλλοο

2205 1279 2366 1350 μένου
2387 1281 2467 1342 εἰς
2494 1279 2637 1350 ζωὴν
2663 1277 2895 1332 αἰώνιον.
2931 1295 2950 1328 ι
2977 1276 3141 1340 Σύνες
3174 1276 3231 1330 δὲ
3267 1274 3509 1346 ἀκριϐῶς
3538 1274 3636 1336 τὰς
3680 1269 3774 1325 τοῦ

2202 1372 2480 1442 προφήτου
2516 1370 2715 1439 φωνάς.
2772 1371 2846 1423 Οὐ
2876 1368 2984 1439 γὰρ
3018 1369 3236 1441 εἴρηκεν
3278 1366 3463 1429 ἁπλῶς
3498 1365 3606 1418 τῶν
3647 1365 3779 1417 Ἰου-

2201 1464 2366 1517 δαίων
2397 1462 2856 1534 ἀφαιρεθήσεσθαι
2880 1462 3040 1534 ἄρτον
3066 1479 3126 1514 τε
3172 1460 3267 1514 καὶ
3293 1459 3455 1530 ὕδωρ,
3482 1457 3595 1511 ἀλλ’
3627 1457 3777 1526 ἰσχὺν

2203 1557 2367 1627 ἄρτου
2393 1556 2486 1609 καὶ
2511 1556 2661 1624 ἰσχὺν
2688 1554 2896 1618 ὕδατος.
2927 1556 3036 1609 Kal.
3053 1555 3133 1608 δεῖ
3155 1555 3304 1625 ἡμᾶς
3322 1551 3562 1605 τοιοῦτόν
3589 1569 3638 1603 τι
3665 1550 3781 1620 βού-

2202 1644 2391 1699 λεσθαι
2427 1645 2699 1699 διδάσκειν
2747 1644 2929 1701 αὐτόν.
2966 1645 3155 1715 Ἡμεῖς
3188 1643 3285 1715 μὲν
3314 1642 3421 1714 γὰρ
3470 1644 3583 1704 τοῖς
3617 1642 3780 1711 ἱεροῖς

2206 1732 2694 1804 περιτυγχάνοντες
2720 1733 2916 1803 λόγοις,
2948 1736 3043 1788 καὶ
3069 1733 3165 1798 τὰς
3196 1733 3346 1797 θείας
3384 1730 3782 1801 ἀναγινώσκον-

536 1817 718 1882 homo,
744 1821 836 1875 sed
867 1823 919 1875 in
943 1825 1087 1877 omni
1112 1826 1276 1880 verbo
1299 1828 1440 1895 quod
1463 1829 1637 1896 prodit
1664 1845 1730 1884 ex
1752 1847 1847 1887 ore
1870 1831 1964 1888 Dei
1986 1834 2051 1887 “.
2079 1854 2097 1887 ι

2206 1842 2295 1888 τες
2332 1824 2590 1896 Γραφάς,
2644 1822 2761 1880 εἶτα
2825 1826 3096 1890 συνιέντες
3152 1826 3342 1890 αὐτὰς,
3406 1826 3557 1895 ἰσχὺν
3614 1825 3780 1893 ἄρτου

536 1908 846 1983 Eodemque
875 1914 980 1986 53
1021 1916 1179 1971 modo
1224 1919 1485 1991 intelliges
1534 1924 1599 1977 de
1637 1924 1791 1993 aquis
1819 1941 1939 1993 qua:
1978 1928 2106 1982 sub-

531 2003 690 2071 jectae
745 2016 869 2059 sunt
920 2006 1241 2062 intellectui.
1299 2007 1465 2065 Judwi
1532 2012 1749 2081 quidem
1806 2030 1999 2084 panem
2052 2026 2107 2073 et

537 2110 733 2164 aquam
772 2097 1063 2151 etiamnum
1098 2098 1317 2155 habent.
1344 2100 1566 2155 Multum
1598 2106 1741 2159 enim
1770 2117 2109 2175 occupantur

536 2186 591 2239 iu
645 2188 835 2242 lilteris
862 2189 1129 2256 Mosaicis,
1173 2202 1227 2245 et
1270 2191 1454 2263 legunt
1502 2196 1693 2265 legent.
1742 2198 1877 2253 Cum
1926 2210 2104 2255 autem

536 2276 672 2330 nihil
715 2279 920 2344 sciant,
958 2296 1297 2351 nequaquam
1338 2285 1538 2340 habent
1580 2286 1750 2342 robur
1780 2290 1967 2357 panis,
2008 2307 2107 2346 nec

534 2369 696 2423 etiam
744 2371 909 2425 robur
946 2386 1117 2442 aquae.
1167 2373 1319 2431 Nuda
1352 2377 1579 2431 enimet
1625 2378 1736 2433 sola
1780 2380 1958 2436 littera
2002 2382 2107 2438 illis

533 2461 658 2516 data
684 2472 787 2530 est,
821 2479 942 2533 qua)
967 2467 1122 2535 panis
1147 2468 1363 2537 quidem
1395 2479 1450 2524 et
1480 2486 1636 2540 aquae
1662 2474 1892 2541 speciem
1920 2474 2103 2541 habet,

535 2555 759 2607 minime
786 2565 963 2611 tamen
985 2572 1080 2613 eos
1104 2559 1213 2612 ullo
1240 2561 1398 2614 modo
1418 2564 1621 2617 enutrit
1648 2565 1712 2616 ad
1738 2563 2104 2619 habitudinem

534 2662 600 2702 ac
659 2651 1049 2719 vegetatiouem
1101 2652 1451 2721 spiritualem.
1520 2653 1916 2724 Astipulabitur
1982 2657 2106 2712 huic

535 2739 768 2807 Paulus,
821 2741 1116 2797 scribens:
1160 2762 1179 2794 ‹
1221 2743 1405 2812 Usque
1456 2744 1523 2799 ad
1572 2745 1891 2801 hodiernum
1941 2748 2103 2814 diem,

531 2833 750 2901 quando
782 2834 976 2903 legitur
1006 2833 1236 2907 Moyses,
1272 2836 1447 2892 velum
1475 2840 1622 2892 cordi
1650 2854 1836 2894 eorum
1869 2840 2105 2910 imponi-

536 2935 648 2990 tur,
695 2940 803 2979 non
853 2934 1153 2991 retectum,
1195 2928 1321 2998 quia
1369 2929 1419 2983 in
1467 2929 1681 2985 Christo
1730 2930 1934 2985 tollitur
1975 2931 2041 2986 "’.
2080 2951 2099 2986 ι

534 3015 709 3070 Aliter
749 3016 875 3071 item
932 3018 1240 3072 submoveri
1288 3018 1515 3074 dicimus
1564 3035 1631 3075 ex
1681 3020 1965 3092 Syuagoga
2007 3020 2105 3078 Ju-

534 3106 777 3161 daeorum
812 3109 978 3162 robur
1002 3109 1156 3177 panis
1184 3118 1239 3162 et
1278 3112 1441 3163 robur
1475 3126 1647 3179 aqua.
1697 3113 1763 3166 Et
1803 3129 1985 3168 sermo
2024 3123 2108 3169 est

2207 1916 2398 1987 νοητοῦ
2432 1915 2716 1986 δεχόμεθα.
2758 1936 2776 1969 ι
2812 1918 2884 1971 Οὐ
2918 1916 3027 1988 γὰρ
3057 1918 3141 1970 ἐπ’
3174 1916 3327 1989 ἄρτῳ
3371 1916 3539 1987 μόνῳ,
3574 1934 3591 1966 ι
3626 1914 3779 1983 φησὶν

2212 2024 2232 2056 ε
2272 2005 2496 2077 ζήσεται
2539 2005 2842 2076 ἄνθρωπος,
2877 2006 2990 2061 ἀλλ’
3034 2008 3127 2061 ἐπὶ
3160 2007 3323 2061 παντὶ
3370 2007 3574 2078 ῥήματι
3618 2006 3786 2057 ὲκπο-

2210 2098 2485 2170 ρευομένῳ
2506 2099 2591 2153 διὰ
2632 2099 2896 2170 στόματος
2924 2098 3019 2153 τοῦ
3052 2099 3208 2154 Θεοῦ.
3242 2119 3260 2151 ι
3306 2098 3537 2171 Ὁμοίως
3570 2098 3785 2168 νοήσεις

2206 2192 2300 2244 καὶ
2326 2191 2410 2259 ἐφ’
2450 2190 2655 2245 ὑδάτων
2681 2191 2906 2261 νοητῶν.
2949 2191 3193 2245 Ἰουδαῖοί
3234 2208 3299 2261 γε
3338 2192 3445 2263 μὴν
3477 2190 3657 2261 ἔχουσι
3684 2189 3782 2259 μὲν

2205 2281 2297 2333 τδν
2320 2282 2481 2352 ἄρτον
2514 2282 2608 2335 καὶ
2636 2282 2695 2336 τὸ
2730 2281 2875 2355 ὓδωρ
2907 2282 3009 2337 ἔτι.
3045 2280 3566 2354 Πολυπραγμονοῦσι
3590 2281 3697 2351 γὰρ
3717 2280 3786 2334 τὰ

2206 2374 2450 2439 Μωσέως
2490 2375 2815 2446 γράμματα,
2864 2377 2958 2429 καὶ
2998 2374 3429 2445 ἀναγινώσκουσι
3473 2375 3562 2427 τὸν
3598 2373 3780 2442 νόμον.

2219 2458 2434 2531 Ἐπειδὴ
2470 2460 2527 2514 δὲ
2563 2461 2922 2530 γινώσκουσιν
2947 2463 3121 2530 οὐδὲν,
3154 2464 3253 2517 οὐκ
3281 2462 3464 2534 ἔχουσι
3490 2463 3587 2533 τὴν
3632 2463 3783 2531 ἰσχὺν

2205 2548 2299 2602 τοῦ
2329 2550 2514 2618 ἄρτου,
2540 2550 2664 2604 οὐτε
2690 2552 2794 2623 μὴν
2817 2554 2915 2624 τὴν
2944 2554 3094 2624 ἰσχὺν
3125 2552 3219 2606 τοῦ
3248 2552 3457 2617 ὓδατος.
3488 2552 3655 2605 Ψιλὸν
3676 2550 3784 2620 γάρ

2206 2642 2391 2706 αὐτοῖς
2420 2644 2514 2696 καὶ
2545 2645 2705 2714 μόνον
2737 2645 2797 2699 τὸ
2837 2647 3070 2717 γράμμα
3098 2645 3324 2710 δέδοται,
3350 2647 3515 2716 ἄρτου
3547 2645 3642 2715 μὲν
3690 2643 3785 2697 καὶ

2207 2731 2397 2798 ὓδατος
2434 2735 2700 2806 ὑπόληψιν
2726 2736 2868 2807 ἔχον,
2897 2738 3095 2810 τρέφον
3121 2738 3178 2790 δὲ
3215 2739 3410 2801 αὐτοὺς
3440 2738 3557 2791 κατ’
3591 2735 3785 2789 οὐδένα

2206 2825 2404 2895 τρόπον
2438 2827 2517 2888 εἰς
2547 2826 2759 2891 εὐεξίαν
2784 2826 2881 2897 τὴν
2908 2828 3125 2898 νοητήν.
3155 2827 3262 2880 Καὶ
3291 2827 3627 2897 μαρτυρήσει
3650 2823 3785 2894 γρά-

2207 2933 2322 2984 φων
2355 2918 2384 2970 ό
2409 2918 2646 2984 Παῦλος·
2688 2938 2706 2971 ί
2741 2921 2903 2991 ΙἋχρι
2935 2921 3043 2992 γὰρ
3075 2922 3332 2991 σήμερον,
3362 2919 3523 2991 ήνίκα
3561 2917 3627 2970 ἂν
3650 2918 3782 2969 ἀνα-

2206 3006 2537 3074 γινώσκεται
2574 3011 2779 3081 Μωσῆς
2804 3011 3068 3082 κάλυμμα
3106 3012 3199 3065 ὲπί
3229 3010 3327 3082 τὴν
3356 3010 3582 3080 καρδίαν
3606 3006 3784 3060 αὐτῶν

2208 3102 2406 3164 κεῖται,
2437 3101 2512 3173 μὴ
2540 3102 3074 3173 ἀνακαλυπτόμενον,
3114 3104 3196 3157 ὄτι
3230 3105 3289 3157 ὲν
3314 3101 3533 3173 Χριστῷ
3581 3116 3784 3168 καταρ-
3858 3180 3863 3181 ν

535 3198 823 3269 mysticus.
863 3197 1079 3252 Etenim
1117 3213 1214 3254 nos
1236 3200 1326 3267 qui
1362 3216 1455 3267 per
1487 3203 1643 3255 [idem
1687 3203 1754 3257 ad
1797 3204 2103 3260 sanctiﬁca-

2208 3195 2404 3261 γεῖται.
2453 3212 2472 3245 ι
2509 3195 2620 3248 Kal.
2675 3194 2799 3248 καθ’
2853 3196 3039 3269 ἕτερον
3082 3196 3142 3250 δὲ
3196 3195 3414 3268 τρόπον,
3470 3189 3785 3263 ἀφῃρῆσθαί

537 3292 739 3346 tionem
780 3291 950 3345 vocali
980 3304 1188 3359 sumus,
1223 3307 1414 3360 panem
1451 3292 1733 3358 habemus,
1761 3310 1978 3365 panem,
2020 3297 2108 3351 in-

536 3395 724 3449 quam,
760 3381 827 3435 de
851 3380 1011 3447 ctelo,
1051 3381 1153 3435 hoc
1180 3392 1282 3446 est,
1317 3382 1591 3437 Christum
1619 3398 1712 3439 seu
1748 3399 1943 3456 corpus
1968 3387 2104 3458 ejus.

537 3473 595 3527 Si
642 3487 771 3527 vero
808 3474 932 3543 quis
979 3473 1300 3543 interroget,
1345 3474 1644 3543 cuiusmodi
1699 3476 1914 3532 tandem
1965 3479 2108 3537 illius

538 3562 707 3619 robur
731 3578 796 3619 ac
822 3564 902 3618 vis
943 3564 1033 3630 sit,
1065 3564 1336 3619 vivilicum
1375 3580 1495 3620 esse
1531 3566 1761 3624 dicimus
1793 3586 1807 3623 :
1843 3569 1933 3624 dat
1960 3572 2107 3626 enim

538 3656 739 3710 mundo
769 3656 954 3710 vitam.
988 3655 1253 3711 Similiter
1284 3656 1447 3711 etiam
1482 3658 1774 3727 recipimus
1805 3676 1900 3729 per
1931 3662 2106 3731 Spiri-

537 3757 651 3802 tum
684 3759 931 3802 sanctum
967 3748 1212 3816 baptismi
1243 3749 1493 3818 gratiam,
1517 3750 1609 3819 qui
1638 3753 1944 3808 sanctificat
1975 3770 2104 3810 nos:

537 3842 757 3912 vimque
791 3855 945 3909 aquae
978 3840 1208 3895 dicimus
1227 3855 1346 3895 esse
1373 3852 1715 3911 peccatorum
1738 3844 2105 3910 abolitionem,

539 3933 1005 4001 regenerationem
1036 3931 1394 4000 spiritualem,
1422 3942 1479 3988 ut
1510 3934 1608 4003 ipsi
1640 3936 1860 3993 Christo
1889 3939 2107 3995 confor-

538 4040 655 4081 mes
684 4026 875 4092 simus;
912 4032 1178 4095 praeterea
1214 4024 1407 4091 etiam,
1438 4024 1664 4080 liberum
1708 4026 2011 4097 ingressum
2052 4030 2106 4085 in

536 4119 702 4184 viam,
733 4133 852 4187 quae
883 4117 949 4172 ad
982 4131 1202 4187 regnum
1240 4117 1500 4171 caelorum
1532 4117 1699 4173 ducit.
1748 4137 1767 4170 ι
1814 4118 1930 4175 Nisi
1963 4122 2105 4177 enim

535 4211 681 4284 quis,
716 4228 735 4262 ι
768 4208 964 4278 inquit,
1001 4226 1021 4260 ι
1058 4216 1219 4262 natus
1261 4208 1333 4262 sit
1361 4223 1427 4261 ex
1472 4222 1609 4276 aqua
1643 4219 1698 4264 et
1729 4212 1953 4281 spiritu,
2000 4229 2105 4269 non

537 4314 714 4379 potest
753 4302 956 4373 ingredi
1004 4315 1225 4372 regnum
1252 4300 1344 4356 Dei
1374 4302 1473 4356 ³⁸.»
1513 4301 1716 4359 Privati
1759 4315 1886 4360 sunt
1926 4306 2108 4376 itaque

536 4398 703 4455 Judaei
734 4394 995 4467 ejusmodi
1032 4394 1187 4448 bonis
1219 4411 1233 4446 :
1266 4394 1519 4461 quoniam
1558 4397 1695 4463 apud
1734 4411 1828 4453 eos
1869 4412 1976 4451 non
2021 4406 2106 4453 est

536 4484 693 4556 panis
726 4482 909 4549 robur,
941 4481 992 4535 id
1018 4490 1124 4547 est,
1159 4481 1271 4546 illa,
1302 4496 1422 4551 qua:
1454 4493 1538 4537 est
1572 4484 1629 4538 in
1659 4484 1895 4551 Christo,
1928 4486 2105 4541 viviti-

536 4578 701 4631 cntio.
736 4574 919 4644 Neque
947 4588 1100 4644 aqua:
1130 4573 1238 4627 vim
1272 4573 1489 4639 habent,
1522 4576 1645 4643 quia
1673 4588 1853 4632 manet
1881 4578 1935 4633 in
1971 4578 2104 4647 ipsis

536 4668 793 4735 iniquitas
819 4666 965 4722 illota
1002 4687 1013 4720 :
1042 4680 1218 4736 neque
1246 4681 1465 4736 regnum
1495 4667 1754 4724 cmlorum
1800 4670 2100 4737 intrabunt,

537 4761 660 4829 quia
678 4759 952 4814 Christum
976 4759 1064 4824 qui
1090 4758 1399 4825 introducit,
1423 4761 1609 4815 honori
1638 4778 1745 4816 non
1772 4764 2095 4831 habuerunt;

538 4869 643 4907 non
671 4853 814 4907 enim
846 4851 1189 4905 crediderunt
1213 4849 1408 4904 dicenti
1445 4868 1458 4904 :
1492 4869 1511 4902 ι
1552 4852 1661 4919 Ego
1682 4868 1799 4906 sum
1823 4855 1938 4921 via;
1971 4873 1992 4906 ι
2026 4863 2101 4921 ει,

539 4965 563 4999 ‹
591 4945 703 5015 Ego
732 4960 847 5001 sum
865 4944 1141 5000 ostium”.
1178 4962 1197 4995 ι
1228 4942 1448 4998 Auferet
1477 4945 1724 4999 similiter
1748 4956 1799 4999 et
1831 4946 2103 5015 gigantem

535 5048 593 5094 et
633 5046 1036 5108 praepotentem.
1078 5037 1338 5103 Quisnam
1385 5037 1599 5091 deumtn
1644 5050 1727 5093 est
1784 5037 1873 5091 ille
1920 5038 2105 5107 gigas?

541 5132 662 5198 quis
707 5129 798 5183 ille
845 5127 1190 5199 praepotens?
1238 5128 1499 5196 Equidem
1545 5127 1797 5182 existimo
1834 5128 2102 5197 gigantem

538 5224 722 5277 dicere
753 5235 901 5283 eum,
933 5220 1026 5289 qui
1054 5222 1119 5274 ad
1153 5218 1439 5274 terminum
1479 5230 1784 5289 metamque
1809 5220 2105 5289 spiritualis

542 5310 873 5368 iartitudinis
901 5310 1167 5379 pervenit,
1202 5319 1585 5379 praepotentem
1617 5320 1797 5366 autem
1838 5312 2102 5367 minorem

543 5402 702 5475 paulo
727 5416 790 5455 ac
820 5400 1183 5472 dejectiorem,
1207 5410 1263 5456 et
1295 5402 1396 5456 hac
1425 5417 1544 5470 qua;
1572 5401 1624 5455 in
1661 5401 1752 5455 illo
1795 5402 2108 5471 intelligitur

542 5496 853 5568 praestantia
906 5493 1237 5549 inferiorem.
1298 5492 1603 5563 Unicuique
1655 5493 1800 5548 enim
1862 5504 2103 5551 nostrum

614 5673 661 5705 "
690 5672 833 5728 Psal.
856 5670 1279 5734 LXXVEI,24,25.
1357 5671 1403 5702 "‘
1436 5669 1535 5726 lsa.
1571 5687 1667 5738 xu,
1702 5672 1757 5727 3.
1834 5673 1877 5704 ’⁵
1911 5670 2067 5728 Joan.
2107 5687 2178 5737 tv,
2210 5671 2405 5735 13,11.

547 5759 631 5807 ιιι,
793 5747 836 5775 ³⁸
865 5742 1019 5807 Joan,
1050 5758 1102 5805 δ,
1147 5743 1200 5806 ‘J;
1236 5756 1345 5804 xlv,
1378 5742 1430 5794 6.

2210 3301 2388 3355 φαμεν
2418 3287 2483 3339 ὲκ
2505 3286 2603 3358 τῆς
2642 3286 2911 3342 Ἰουδαίων
2946 3287 3287 3359 συναγωγῆς,
3324 3288 3476 3360 ἰσχὺν
3502 3285 3667 3357 ἄρτου
3689 3283 3785 3337 καὶ

2212 3373 2365 3444 ἰσχὺν
2394 3375 2603 3440 ὓδατος.
2635 3378 2745 3433 Kal.
2769 3380 2798 3431 6
2822 3378 2977 3446 λόγος
3000 3380 3116 3433 ὲστί
3148 3378 3429 3451 μυστικός.
3465 3376 3655 3448 Ἡμεῖς
3686 3376 3786 3447 μὲν

2208 3465 2315 3537 γὰρ
2352 3469 2401 3520 οἱ
2432 3468 2520 3521 διὰ
2561 3469 2798 3534 πίστεως
2830 3470 3155 3541 κεκλημένοι
3197 3470 3334 3543 πρὸς
3360 3469 3648 3540 ἀγιασμὸν,
3691 3468 3786 3521 τὸν

2209 3555 2373 3627 ἄρτον
2420 3558 2612 3630 ἔχομεν
2646 3560 2736 3613 τὸν
2762 3559 2822 3633 ἐξ
2862 3560 3116 3632 οὐρανοῦ,
3150 3560 3297 3615 τοῦτ’
3347 3560 3483 3624 ἔστι,
3525 3558 3782 3630 Χριστὸν,

2208 3651 2326 3721 ἦτοι
2365 3651 2425 3705 τὸ
2476 3652 2633 3723 σῶμα
2660 3653 2848 3707 αὐτοῦ.
2887 3653 2951 3706 Εἰ
2984 3654 3041 3708 δὲ
3086 3654 3149 3724 δή
3172 3672 3258 3719 τις
3305 3654 3499 3726 ἔροιτο,
3540 3652 3670 3707 ποία
3702 3652 3785 3716 τίς

2210 3748 2360 3799 ἐστιν
2397 3750 2432 3816 ή
2474 3747 2627 3817 ἰσχὺς
2672 3746 2859 3811 αὐτοῦ,
2908 3748 3088 3818 φαμὲν
3126 3748 3207 3801 ὅτι
3257 3745 3549 3811 ξωοποιός.
3594 3746 3784 3799 Δίδωσι

2208 3839 2316 3911 γὰρ
2350 3839 2428 3910 τῷ
2454 3840 2645 3912 κόσμῳ
2675 3839 2839 3912 ζωήν.
2877 3840 3151 3912 Πρόσιμεν
3180 3839 3237 3892 δὲ
3265 3838 3464 3910 ὁμοίως
3483 3839 3577 3891 καὶ
3599 3840 3665 3909 τῇ
3696 3835 3784 3891 διά

2206 3929 2301 3984 τοῦ
2335 3932 2492 4000 άγίου
2518 3932 2893 4004 βαπτίσματος
2920 3932 3124 4003 χάριτι,
3148 3931 3243 3985 τοῦ
3271 3931 3588 4001 ἁγιάζοντος
3614 3932 3781 4003 ἡμᾶς,

2209 4022 2399 4086 ὓδατος
2425 4023 2524 4096 τὴν
2555 4025 2707 4096 ἰσχὺν
2735 4021 2875 4082 εἶναι
2902 4026 3151 4097 λέγοντες
3178 4025 3464 4103 ἁμαρτιῶν
3497 4024 3778 4088 ἀπόθεσιν.

2207 4118 2561 4189 ἀναγέννησιν
2594 4118 2692 4190 τὴν
2739 4122 3134 4194 πνευματικὴν,
3170 4126 3251 4188 εἰς
3292 4126 3642 4197 συμμορφίαν
3685 4119 3782 4197 τὴν

2208 4209 2346 4279 πρὸς
2370 4209 2532 4263 αὐτὸν
2565 4210 2657 4264 τὸν
2683 4212 2934 4284 Χριστόν.
2972 4214 3080 4267 Καὶ
3116 4215 3338 4285 προσέτι
3372 4217 3603 4281 τούτοις,
3636 4220 3781 4289 παρο

2210 4301 2401 4371 ρησίας
2427 4301 2626 4356 εἴσοδον
2651 4304 2729 4365 εἰς
2750 4302 2846 4375 τὴν
2868 4306 2975 4359 τῶν
2996 4306 3241 4377 οὐρανῶν
3271 4307 3543 4377 βασιλείαν
3559 4326 3573 4340 ·
3602 4327 3621 4361 ι
3656 4309 3781 4363 Ἐὰν

2207 4395 2316 4467 γάρ
2346 4397 2420 4467 μή
2458 4413 2562 4459 τις,
2599 4413 2618 4447 ι
2656 4398 2807 4466 φησὶ,
2842 4416 2860 4449 ι
2895 4400 3125 4470 γεννηθῇ
3168 4399 3229 4464 ἐξ
3263 4400 3453 4463 ὓδατος
3498 4401 3589 4454 καὶ
3623 4402 3782 4455 πνεύ-

2211 4505 2398 4557 ματος,
2428 4489 2487 4541 οὐ
2536 4487 2758 4542 δύναται
2797 4490 3057 4543 εἰσελθεῖν
3113 4493 3193 4554 εἰς
3226 4492 3328 4562 τὴν
3371 4492 3646 4562 βασιλείαν
3685 4494 3780 4548 τοῦ

2206 4575 2364 4631 Θεοῦ.
2401 4594 2420 4628 ι
2476 4576 2828 4647 Ἐστέρηνται
2856 4577 3037 4633 τοίνυν
3071 4581 3119 4632 οἰ
3165 4580 3409 4634 Ἰουδαῖοι
3449 4582 3559 4635 τῶν
3605 4584 3783 4636 τοιού-

2203 4684 2312 4722 των
2341 4668 2581 4737 ἀγαθῶν.
2609 4670 2683 4723 υύ
2712 4671 2820 4741 γὰρ
2850 4669 2963 4722 ἔστι
3001 4672 3132 4742 παρ’
3174 4673 3359 4735 αὐτοῖς
3388 4675 3541 4744 ἰσχὺς
3588 4674 3777 4746 ἄρτου,

2202 4760 2347 4813 τοῦτ’
2374 4761 2543 4824 ἔστιν,
2573 4763 2606 4832 ὴ
2632 4764 2688 4815 ὲν
2723 4761 2942 4833 Χριστῷ
2969 4762 3311 4834 ζωοποίησις.
3338 4766 3451 4818 Οὐκ
3476 4764 3658 4835 ἔχουσι
3683 4767 3783 4836 τὴν

2206 4850 2397 4915 ὕδατος
2458 4852 2626 4922 ἰσχύν·
2679 4854 3071 4926 ἀπομεμένηκε
3109 4854 3217 4924 γὰρ
3255 4858 3382 4925 παρ’
3429 4856 3613 4920 αὐτοῖς
3651 4858 3782 4910 ἀνα-

2206 4944 2462 5005 πόνιπτος
2488 4945 2751 5015 ἁμαρτία.
2774 4946 2887 4999 Οὐκ
2914 4945 3282 5000 εἰσελάσουσιν
3303 4948 3385 5009 εἰς
3403 4946 3502 5018 τὴν
3536 4947 3782 5019 οὐρανῶν

2214 5037 2503 5107 βασιλείαν,
2550 5038 2642 5090 τὸν
2687 5037 3064 5106 είσκομίξοντα
3098 5039 3330 5109 Χριστὸν
3380 5040 3775 5109 ἀτιμάσαντες

2209 5128 2271 5181 οὐ
2303 5127 2410 5197 γὰρ
2458 5127 2737 5180 ἐπίστευον
2764 5126 2994 5194 λέγοντι·
3028 5146 3047 5179 ι
3097 5126 3238 5195 Ἐγώ
3286 5128 3401 5197 εἰμι
3446 5129 3479 5198 ή
3520 5129 3657 5193 ὁδὸς,
3685 5131 3781 5183 καὶ

2210 5219 2321 5287 ἐγώ
2347 5221 2462 5289 εἰμι
2501 5220 2534 5283 ἡ
2571 5218 2728 5291 θύρα.
2763 5238 2782 5271 ›
2829 5218 3043 5289 Ἀφελεῖ
3084 5218 3141 5271 δὲ
3180 5220 3383 5289 ὁμοίως
3422 5220 3653 5288 γίγαντα
3687 5220 3784 5272 καὶ

2215 5312 2485 5381 ἰσχύοντα.
2516 5307 2647 5364 Εἶτα
2671 5311 2753 5374 τίς
2790 5312 2818 5364 ὁ
2846 5311 3036 5380 γίγας;
3062 5310 3142 5375 τίς
3174 5310 3232 5364 δὲ
3266 5311 3361 5364 καί
3384 5312 3413 5364 ὁ
3441 5312 3658 5382 ἓτεροςς
3688 5308 3782 5365 Οἷ-

2214 5420 2313 5471 μαι
2336 5402 2398 5475 δή
2437 5398 2528 5458 οὖν
2553 5403 2725 5473 ἔγωγε
2767 5404 2997 5472 γίγαντα
3048 5403 3145 5474 μὲν
3165 5403 3447 5474 ὀνομάζειν
3468 5405 3558 5458 τὸν
3582 5405 3660 5465 εἰς
3689 5404 3786 5472 λῆ-

2213 5492 2293 5558 ξιν
2324 5494 2505 5564 ἰσχύος
2532 5494 2735 5566 ἥκοντα
2769 5494 2868 5563 τῆς
2894 5494 3290 5564 πνευματικῆς,
3320 5494 3569 5566 ἰσχύοντα
3605 5495 3660 5548 δὲ
3692 5494 3784 5546 τὸν

2482 5670 2527 5703 ’⁵
2550 5669 2739 5726 Matth.
2770 5685 2842 5736 tv,
2876 5670 2931 5724 4.
3007 5666 3485 5736 "llCor.m,M.
3564 5667 3781 5723 “.loan.
