4094 6366
364 447 437 500 97
1534 452 1598 506 IN
1640 448 1873 507 ISAIAM
1911 450 1938 504 Ι.

2037 491 2041 501 .
2083 452 2128 504 1.
2167 449 2378 507 οιιΑτ.
2421 453 2486 507 ll.
3547 462 3614 518 98

364 567 748 639 ὑποϐεϐηκὸτα
797 568 989 639 βραχὺ,
1027 571 1119 624 καὶ
1158 571 1255 640 τῆς
1302 572 1360 622 ἐν
1406 572 1601 638 ἐκείνῳ
1654 571 1938 641 νοουμένης

2053 585 2302 624 mensura
2339 572 2523 641 gratia:
2554 588 2584 626 a
2622 572 2729 629 Deo
2754 574 2876 629 data
2910 584 3010 629 est.
3042 575 3219 645 Atque
3260 578 3362 633 hoc
3402 582 3615 651 perspi-

366 660 646 732 ὁπεροχῆς
710 659 1039 729 ἡττώμενον.
1097 662 1345 731 Ἑκάστῳ
1387 661 1496 733 γὰρ
1542 662 1698 732 ἡμῶν
1741 662 1947 714 δέδοται

366 751 521 822 παρά
558 750 692 803 Θεοῦ
744 752 965 822 χάριτος
1004 752 1222 823 μέτρον.
1262 751 1432 805 Τοῦτο
1478 756 1608 823 ἡμῖν
1650 753 1878 825 ἐναργὲς
1919 754 1948 806 6

368 844 678 913 σοφώτατος
692 845 899 907 Παῦλος
916 846 1223 917 καθίστησι,
1240 848 1431 913 λέγων’
1458 866 1475 897 ι
1499 846 1651 899 Θέλω
1664 846 1720 899 δὲ
1742 846 1947 910 πάντας

364 936 689 1008 ἀνθρώπους
709 932 846 989 εἶναι
872 937 947 1000 ὡς
974 940 1066 991 καὶ
1100 939 1334 1008 ἐμαυτόν
1352 956 1370 970 ·
1399 938 1514 992 ἀλλ’
1530 939 1755 1000 ἕκαστος
1790 939 1821 1008 ἡ
1831 938 1945 1007 μῶν

369 1028 502 1082 ίδιον
524 1030 633 1098 ἔχει
657 1030 900 1100 χάρισμα
920 1029 1028 1082 ἀπὸ
1041 1029 1195 1093 Θεοῦ,
1216 1033 1243 1083 6
1265 1031 1362 1101 μὲν
1379 1029 1569 1093 οὕτως,
1590 1031 1618 1082 6
1634 1030 1690 1082 δὲ
1706 1028 1897 1091 οὕτως.
1920 1048 1939 1081 s

372 1118 534 1182 Ἔθος
562 1120 620 1173 δὲ
668 1120 763 1172 καὶ
808 1119 1010 1188 ἑτέρως
1054 1123 1120 1191 τῇ
1177 1120 1520 1191 θεοπνεύστῳ
1571 1122 1785 1193 Γραφῇ,
1817 1122 1943 1182 τοὺς

366 1210 509 1276 ἄγαν
548 1208 1000 1272 εὐσθενεστάτους
1030 1210 1292 1278 γίγαντας
1329 1210 1644 1264 ἀποκαλεῖν.
1674 1210 1783 1263 Kal.
1809 1209 1942 1279 γοῦν

365 1302 472 1371 ἔφη
500 1318 601 1355 που
638 1301 769 1363 Θεὸς
797 1302 923 1372 περὶ
949 1300 1057 1354 τῶν
1091 1304 1154 1355 ὲκ
1185 1303 1501 1366 Βαϐυλῶνος
1542 1319 1945 1372 καταστρατευ-

367 1394 576 1444 σάντων
588 1391 685 1461 τῆς
708 1391 972 1445 Ἰουδαίων
996 1392 1199 1465 χώρας·
1221 1412 1238 1443 ο
1257 1392 1515 1460 Γίγαντες
1530 1391 1779 1462 ἔρχονται
1806 1390 1941 1459 πλη-

367 1484 541 1554 ρῶσαι
562 1484 653 1538 τὸν
670 1483 837 1552 θυμόν
859 1501 980 1553 μου,
1002 1484 1284 1555 χαίροντες
1313 1483 1430 1553 ἅμα
1457 1483 1548 1536 καὶ
1566 1480 1896 1553 ὑϐρίζοντες.
1914 1499 1933 1532 s

367 1577 479 1628 Kal.
515 1576 621 1646 μὴν
655 1578 747 1630 καὶ
783 1580 811 1631 6
834 1576 1151 1647 ψαλμῳδός·
1178 1594 1195 1627 ι
1239 1574 1647 1642 Ἀγαλλιάσεται
1667 1575 1740 1637 ὼς
1776 1574 1939 1643 γίγας

363 1667 592 1739 δραμεῖν
620 1668 736 1722 ὁδὸν
778 1654 963 1721 αὑτοῦ.
998 1686 1016 1719 s
1049 1667 1161 1720 Οὐκ
1202 1667 1353 1719 ἔσται
1382 1666 1437 1718 δὲ
1473 1665 1622 1737 παρά
1651 1668 1763 1728 τοῖς
1804 1667 1935 1718 Ἰου-

362 1760 534 1824 δαίοις
564 1761 625 1814 οὐ
660 1760 1010 1830 πολεμιστὴς,
1040 1760 1103 1812 οὐ
1136 1760 1417 1829 δικαστής.
1462 1759 1652 1829 Ἡμεῖς
1699 1758 1799 1828 μὲν
1827 1757 1937 1830 γὰρ

362 1853 411 1902 oi
438 1854 504 1921 τῇ
535 1844 712 1903 πίστει
742 1851 1097 1921 τετιμηκότες
1130 1849 1222 1904 τὸν
1248 1850 1358 1904 τῶν
1386 1849 1666 1919 δυνάμεων
1706 1850 1931 1922 Κύριον,

2047 677 2209 716 cuum
2260 665 2417 718 nobis
2453 666 2629 720 reddit
2655 668 3086 736 sapientissimus
3128 668 3346 736 Paulus,
3383 673 3611 729 dicens:

2053 770 2073 803 ε
2106 752 2241 807 Volo
2263 763 2440 808 autem
2466 770 2656 809 omnes
2682 757 2928 812 homines
2955 774 3075 814 esse
3103 760 3246 815 sicut
3263 771 3319 815 et
3342 777 3442 833 ego
3461 778 3615 831 sum;

2049 858 2239 897 verum
2273 846 2646 914 unusquisque
2671 858 2909 903 nostrum
2937 850 3210 918 peculiare
3233 853 3394 909 habet
3416 856 3615 910 donum

2046 947 2075 985 a
2108 932 2243 999 Deo,
2274 935 2361 988 hic
2380 936 2595 1002 quidem
2629 938 2727 1004 sic,
2752 938 2889 994 alius
2909 956 3037 997 vero
3066 944 3146 998 sic
3169 946 3256 1002 ³⁹⁶.
3283 963 3304 997 s
3330 947 3422 1001 Est
3449 949 3617 1003 etiam

2046 1023 2315 1080 familiare
2378 1027 2672 1097 Scriptura:
2715 1032 2973 1088 divinitus
3018 1036 3322 1105 inspirata},
3367 1042 3619 1109 gigantes

2048 1116 2247 1186 alioqui
2282 1119 2564 1187 appellare
2594 1134 2689 1176 eos
2719 1122 2809 1191 qui
2840 1134 2964 1178 sunt
3002 1127 3387 1183 robustissimi.
3427 1132 3613 1200 Siqui-

2042 1209 2163 1261 dem
2189 1209 2325 1264 dixit
2347 1211 2413 1265 de
2441 1211 2525 1267 bis
2549 1210 2856 1282 Babyloniis
2877 1214 2985 1289 54
2999 1219 3086 1286 qui
3108 1217 3414 1275 .ludteorum
3437 1224 3615 1292 regio-

2043 1312 2163 1351 nem
2193 1313 2586 1372 expuguaranl,
2624 1323 2641 1355 ι
2665 1304 2923 1376 Gigantes
2954 1311 3255 1365 veninntad
3285 1316 3609 1381 explendum

2040 1387 2281 1445 furorem
2301 1408 2499 1458 memn,
2521 1397 2815 1464 gaudentes
2846 1400 3003 1454 simul
3032 1411 3087 1455 et
3126 1403 3464 1461 insultantes.
3495 1426 3512 1456 s
3546 1408 3613 1463 Et.

2040 1477 2518 1550 Psalmigraphus:
2551 1500 2568 1533 ι
2594 1484 2899 1541 Exsultabit
2922 1497 2977 1541 ιιι
3003 1491 3154 1559 gigas
3185 1493 3249 1545 ad
3281 1496 3612 1549 currendum

2040 1570 2181 1622 viam
2206 1586 2357 1623 suam
2378 1572 2445 1625 ³⁸.
2468 1591 2489 1624 s
2511 1572 2625 1629 Nec
2646 1584 2767 1629 erat
2792 1577 2928 1644 apud
2949 1576 3163 1635 Judazos
3183 1582 3409 1636 bellator
3425 1584 3503 1639 vel
3526 1572 3635 1652 jn}

2038 1658 2162 1712 dex.
2181 1657 2289 1713 Nos
2310 1659 2450 1713 enim
2478 1661 2571 1731 qui
2597 1662 2700 1715 llde
2722 1662 3006 1718 Dominum
3036 1668 3295 1721 virtutum
3325 1671 3613 1738 coluimus,

2037 1751 2105 1805 ab
2129 1766 2195 1805 eo
2218 1753 2433 1808 nervosi
2459 1755 2733 1809 reddimur
2756 1773 2771 1808 :
2794 1765 2846 1809 et
2869 1756 3046 1811 idonei
3065 1756 3327 1813 efﬁcimur
3352 1762 3417 1813 ad
3440 1778 3613 1831 oppu-'

2037 1845 2310 1912 gnandum
2347 1860 2541 1915 pravas
2581 1847 2928 1917 impurasque
2970 1858 3284 1918 potestates.
3327 1871 3347 1905 ι
3380 1850 3492 1908 Nec
3524 1862 3609 1909 est

362 1942 701 2015 νευρούμεθα
747 1945 878 2015 παρ’
908 1939 1095 2006 ἀύτοῦ,
1125 1942 1221 1995 καὶ
1260 1942 1432 1996 ίκανοὶ
1462 1941 1598 2012 πρὸς
1622 1942 1933 1996 ἀντίστασιν

2037 1933 2177 1987 enim
2216 1933 2371 1989 nobis
2410 1935 2551 1990 lucta
2596 1939 2855 1992 adversus
2906 1941 3220 2008 sanguinem
3268 1951 3323 1997 et
3363 1959 3605 2009 carnem,

360 2031 626 2085 ἀποτελού
636 2032 796 2102 μεοα,
820 2034 919 2103 τὴν
946 2032 1083 2104 πρός
1103 2049 1166 2101 γε
1194 2032 1291 2095 τὰς
1314 2048 1449 2102 mw;
1459 2032 1558 2102 ρὰς
1578 2030 1670 2084 καὶ
1691 2031 1934 2103 ἀκαθάρ-

360 2140 486 2186 τους
535 2123 813 2192 δυνάμεις.
850 2142 869 2174 ι
910 2123 985 2176 Ού
1026 2123 1136 2194 γάρ
1186 2123 1335 2176 ἐστιν
1375 2123 1567 2192 ήμῖνή
1601 2121 1748 2191 πάλη
1796 2122 1934 2193 πρὸς

359 2208 501 2284 αἷμα
554 2215 649 2267 καὶ
699 2214 898 2285 σάρκα,
934 2213 1069 2267 ἀλλὰ
1110 2214 1245 2285 πρὸς
1292 2214 1390 2277 τὰς
1430 2214 1622 2284 ἀρχάς,
1654 2214 1789 2285 πρὸς
1833 2216 1934 2277 τὰς

359 2305 629 2371 ἐξουσίας,
653 2305 786 2374 πρὸς
806 2304 931 2367 τοὺς
949 2305 1391 2376 κοσμοκράτορας
1404 2304 1497 2356 τοῦ
1520 2306 1743 2368 σκότους
1759 2321 1773 2335 ·
1797 2305 1933 2376 πρὸς

358 2397 427 2450 τὰ
457 2395 806 2465 πνευματικὰ
839 2396 939 2466 τῆς
980 2396 1242 2467 πονηρίας
1268 2398 1326 2449 ὲν
1359 2396 1472 2458 τοῖς
1511 2395 1869 2466 ἐπουρανίοις.
1907 2413 1926 2446 s

362 2482 458 2551 Οἷς
484 2485 857 2556 ἀνθιστάμεθα
881 2484 1086 2556 νοητῶς
1112 2487 1225 2548 τοῖς
1256 2485 1355 2555 τῆς
1377 2483 1721 2547 δικαιοσύνης
1748 2483 1933 2547 ὅπλοις

359 2579 781 2652 ἐνηρμοσμένοι,
816 2577 912 2632 καὶ
949 2576 1276 2646 παντευχίαν
1313 2576 1525 2647 ἔχοντες
1562 2577 1661 2646 τὴν
1686 2592 1933 2647 πνευμα-

360 2672 541 2743 τικήν.
570 2668 672 2723 ’Ὧν
727 2670 824 2724 καὶ
866 2669 1201 2733 ὀθεσπέσιος
1248 2669 1459 2733 Παῦλος
1510 2667 1932 2740 διαμνημονεύει

358 2761 533 2830 λέγων
550 2777 564 2790 ·
594 2781 612 2813 ι
635 2761 804 2831 Στῆτε
832 2755 924 2814 οὖν
940 2760 1367 2832 περιεζωσμένοι
1388 2762 1483 2831 τὴν
1501 2762 1669 2829 ὀσφὺν
1695 2762 1848 2831 ὑμῶν
1875 2764 1932 2815 ἑν

358 2852 608 2925 ἀληθείᾳ.
646 2872 666 2904 s
698 2853 807 2906 Καὶ
833 2853 901 2906 τά
926 2852 1050 2921 ἑξῆς
1069 2871 1081 2883 ⁸
1108 2871 1126 2903 ι
1146 2852 1227 2905 Τὰ
1247 2852 1355 2922 γὰρ
1374 2853 1510 2906 ὅπλα
1533 2854 1690 2925 ἡμῶν
1714 2855 1775 2907 οὑ
1808 2872 1934 2926 σαρ-

358 2945 514 3006 κικὰ,
555 2944 692 2997 ἀλλὰ
719 2943 918 2997 δυνατὰ
963 2943 1042 3015 τῷ
1072 2943 1221 3013 Θεῷο
1273 2945 1366 2998 καὶ
1397 2948 1454 2999 ἐν
1486 2946 1649 3016 σαρκὶ
1697 2964 1934 3016 περιπα-

358 3036 604 3100 τοῦντες,
629 3036 689 3088 οὐ
712 3035 851 3088 κατὰ
883 3034 1059 3105 σάρκα
1086 3035 1511 3107 στρατευόμεθα.
1545 3056 1563 3087 s
1590 3036 1746 3109 Παρὰ
1783 3038 1839 3091 δέ
1869 3055 1933 3107 γε

357 3130 472 3189 τοῖς
522 3125 815 3191 Ἰουδαίοις,
865 3126 1040 3188 οὐδεὶς
1085 3126 1324 3189 τοιοῦτός
1384 3128 1575 3182 ποθεν
1622 3129 1825 3200 ἀμαχεὶ
1876 3129 1933 3183 δὲ

2035 2023 2127 2078 sed
2158 2027 2417 2081 adversus
2452 2028 2805 2098 principatus,
2843 2041 2896 2085 et
2925 2033 3189 2088 adversus
3229 2036 3605 2100 auctoritates,

2035 2116 2291 2172 adversus
2326 2118 2513 2173 mundi
2548 2121 2815 2189 dominos,
2842 2132 3080 2177 rectores
3108 2126 3475 2192 tenebrarum,
3510 2130 3608 2181 ad-

2033 2225 2222 2264 versus
2244 2210 2546 2279 spiritualia
2573 2213 2827 2282 nequitiae
2849 2214 2901 2267 iu
2927 2214 3242 2271 coelestibus
3262 2217 3329 2271 ³⁸.
3357 2236 3377 2270 s
3399 2216 3606 2283 Quibus

2029 2301 2251 2371 iustitiae
2280 2302 2447 2356 armis
2480 2304 2750 2369 instructi,
2783 2312 2838 2358 et
2862 2315 3140 2360 armatura
3171 2306 3435 2375 spirituali
3468 2325 3602 2378 prae-

2033 2391 2154 2454 diti,
2191 2390 2601 2461 inte'lligibiliter
2631 2393 2953 2449 resistimus.
2988 2394 3227 2461 Quorum
3263 2400 3425 2453 etiam
3461 2401 3607 2455 divi-

2033 2498 2135 2537 nus
2168 2482 2369 2538 Paulus
2396 2484 2729 2539 mentionem
2757 2485 2911 2550 fecit,
2943 2486 3128 2542 dicens
3160 2506 3173 2543 :
3210 2507 3230 2540 ι
3263 2487 3413 2544 State
3441 2493 3603 2561 igitur

2032 2572 2195 2628 cincti
2242 2573 2440 2629 lumbis
2476 2574 2675 2629 vestris
2713 2575 2766 2629 in
2806 2572 3121 2631 veritate".
3162 2596 3182 2630 ι
3220 2578 3288 2632 Ει
3319 2596 3437 2648 quae
3476 2592 3604 2637 sunt

2032 2663 2333 2735 deinceps:
2363 2682 2384 2717 ι
2422 2674 2587 2721 Arma
2627 2667 2771 2721 enim
2821 2678 3003 2723 nostra
3049 2684 3157 2724 non
3193 2672 3465 2737 carnalia,
3506 2675 3599 2728 sed

2034 2758 2273 2826 potentia
2326 2758 2455 2823 Dei;
2492 2768 2545 2813 et
2581 2759 2632 2812 in
2674 2775 2839 2815 carne
2886 2760 3253 2827 ambulantes,
3304 2779 3406 2817 nou
3447 2765 3603 2833 juxta

2033 2864 2249 2904 carnem
2302 2850 2599 2905 militamus
2622 2851 2688 2905 ³³.
2734 2870 2757 2903 ι
2792 2851 2942 2920 Apud
2991 2850 3205 2909 Iudaeos
3247 2870 3398 2923 vero,
3443 2874 3609 2912 uerno

2034 2940 2297 3009 ejusmodi
2346 2958 2579 3011 unquam
2625 2942 2760 3006 fuit,
2808 2945 2901 2999 sed
2946 2945 3082 2997 citra
3129 2961 3361 3017 pugnam
3402 2952 3603 3004 cedunt

2033 3032 2313 3086 victoriam
2343 3035 2488 3088 omni
2522 3034 2831 3103 ingruenti,
2878 3036 3099 3104 suisque
3144 3039 3279 3092 adeo
3322 3040 3600 3095 indomitis

2037 3124 2419 3194 voluptatibus.
2438 3124 2550 3181 Nec
2570 3142 2893 3198 quemquam
2923 3142 3140 3197 norunt,
3162 3134 3252 3199 qui
3282 3143 3429 3189 recte
3453 3136 3604 3190 novit

360 3219 552 3289 ὥσπερ
597 3218 1017 3289 παραχωροῦσιν
1048 3219 1135 3272 ἀεὶ
1178 3219 1239 3272 τὸ
1276 3221 1431 3289 νικᾷν
1460 3221 1621 3273 παντὶ
1656 3220 1733 3290 τῷ
1768 3238 1933 3294 προσ-

2037 3216 2305 3285 iudicare,
2347 3218 2428 3273 vel
2478 3219 2531 3272 in
2565 3222 2726 3275 rebus
2762 3220 2813 3274 in
2857 3222 3039 3276 animo
3064 3225 3282 3292 positis,
3312 3224 3394 3279 vel
3436 3226 3601 3281 etiam

362 3310 631 3373 ϐάλλοντι,
664 3311 758 3363 καὶ
787 3313 905 3374 ταῖς
950 3309 1100 3379 σφῶν
1147 3311 1324 3363 αὐτῶν
1361 3311 1671 3375 ἀτιθάσσοις
1698 3312 1930 3383 ἡδοναῖς.

360 3400 484 3453 Οὐδ’
523 3399 589 3453 ἂν
627 3399 775 3470 εὖροι
822 3416 907 3465 τις
960 3401 1090 3471 παρ’
1121 3401 1304 3464 αὐτοῖς
1340 3401 1430 3453 τὸν
1479 3401 1655 3454 εἰδότα
1692 3401 1933 3465 δικάζειν

358 3492 557 3563 ὀρθῶς,
588 3491 621 3562 ῆ
652 3494 763 3555 τοῖς
794 3493 875 3555 είς
899 3491 1024 3545 νοῦν
1058 3492 1350 3563 κειμένοις,
1385 3494 1552 3563 ἤγουν
1582 3497 1694 3557 τοῖς
1740 3494 1935 3559 ἔξωθεν

359 3584 456 3636 καὶ
486 3582 760 3652 βιωτικοῖς
788 3583 1127 3653 πράγμασιν.
1176 3582 1527 3654 Είστρέχουσι
1578 3584 1675 3653 μὲν
1707 3584 1814 3654 γὰρ
1844 3584 1933 3637 τὸν

356 3673 698 3745 ἀνθρώπινον
750 3674 875 3727 νοῦν
913 3674 1128 3728 ἔκτοποί
1169 3692 1228 3729 τε
1278 3676 1373 3729 καί⁵
1426 3678 1650 3747 πονηροὶ
1704 3676 1935 3744 διαλογι-

359 3766 513 3837 σμοὶ,
549 3767 643 3818 καὶ
683 3765 853 3829 δεινὸς
884 3766 1209 3837 ἀκαθάρτων
1258 3768 1542 3838 ἐπιθυμῶν
1583 3768 1815 3839 διακυκᾷ
1847 3767 1935 3820 θό-

361 3857 547 3928 ρυδοςο
580 3858 713 3911 ἀλλὰ
747 3857 842 3911 τοῦ
875 3859 974 3929 μὲν
1030 3858 1194 3927 σοφοῦ
1245 3861 1340 3914 καὶ
1382 3860 1657 3925 ἐπιεικοῦς
1707 3859 1934 3931 ἕστηκεν

356 3952 387 4003 ὀ
418 3950 567 4013 νοῦς,
600 3947 688 4003 οἷά
719 3967 801 4013 τις
838 3951 1028 4021 κριτὴς
1056 3951 1362 4020 δοκιμάζων
1400 3953 1624 4015 ἕκαστα,
1664 3954 1757 4005 καὶ
1792 3970 1933 4023 παρ-

359 4042 682 4109 αιτούμενος
738 4043 835 4112 μὲν
875 4043 937 4095 τὸ
987 4043 1187 4111 φαῦλον
1215 4083 1229 4107 ,
1285 4045 1511 4115 ἀρρήτῳ
1556 4043 1610 4097 δὲ
1648 4045 1815 4114 ψήφῳ
1873 4046 1934 4098 τὸ

360 4135 633 4205 χρήσιμον
676 4134 973 4202 στεφανῶν.
1024 4136 1463 4204 Ἀνεπιτήδευτον
1508 4135 1786 4199 παντελῶς
1839 4138 1934 4190 καὶ

358 4226 520 4277 τοῦτό
543 4228 659 4277 ἐστι
712 4225 861 4296 παρὰ
897 4241 961 4293 γε
1000 4228 1111 4289 τοίς
1149 4225 1415 4279 Ἰουδαίων
1457 4227 1668 4296 δήμοις.
1702 4228 1775 4277 UO
1824 4227 1933 4298 γάρ

358 4320 479 4369 ἐστι
516 4317 633 4387 μετ’
668 4316 846 4369 αὐτῶν
870 4319 897 4369 6
933 4318 1027 4370 καὶ
1065 4319 1197 4389 πρὸς
1228 4317 1387 4371 τοῦτο
1413 4320 1562 4389 ἡμᾶς
1604 4319 1927 4373 ἀπευθύνων

358 4409 516 4472 Θεὸς,
548 4408 664 4462 ἀλλ’
706 4408 817 4461 οὐδ’
860 4408 926 4462 ἂν
954 4409 1005 4461 ει
1037 4408 1129 4462 καί
1173 4409 1355 4462 τιτῶν
1402 4409 1600 4474 ἔξωθεν
1635 4411 1933 4482 διαγυμνάι-

360 4501 509 4566 ζοιτὸ
536 4517 673 4562 πως,
707 4500 1023 4569 δοκιμάζειν
1052 4501 1198 4554 ῐσασι
1225 4501 1286 4554 τὸ
1328 4503 1644 4574 ἀμωμήτως
1676 4503 1798 4575 ἔχον
1838 4504 1933 4558 καὶ

2036 3310 2297 3373 cateruis,
2326 3318 2379 3362 et
2406 3309 2472 3362 ad
2506 3311 2669 3363 vitam
2698 3310 3112 3379 pertinentibus.
3144 3310 3428 3369 lucursant
3457 3320 3606 3370 enim

2035 3400 2331 3454 humanam
2372 3409 2608 3455 mentem
2653 3402 2859 3456 vitiosae
2893 3414 2947 3459 et
2980 3404 3283 3473 depravata:
3323 3407 3604 3474 cogitatio-

2036 3508 2157 3560 nes,
2188 3504 2242 3547 et
2276 3493 2457 3562 gravis
2492 3492 2889 3547 immundarum
2920 3496 3276 3563 cupiditatum
3308 3496 3603 3552 tumultua-

2038 3585 2114 3639 tio
2149 3583 2460 3649 confundit,
2505 3584 2616 3638 imo
2660 3598 2688 3636 a
2740 3585 3023 3652 prudentia
3059 3597 3113 3641 et
3151 3588 3410 3643 modestia
3451 3605 3606 3645 mens

2033 3682 2255 3744 excidit,
2288 3695 2407 3749 quae
2432 3682 2579 3735 velut
2605 3678 2771 3748 judex
2799 3680 3065 3749 quapiam
3093 3682 3341 3750 explorat
3368 3682 3601 3751 singula.

2035 3773 2235 3827 malum
2276 3770 2600 3839 repudians,
2638 3771 2843 3841 optimo
2883 3771 3090 3827 calculo
3138 3772 3267 3827 utile
3315 3788 3603 3829 coronans.

2036 3862 2151 3917 Hoc
2182 3874 2359 3915 tamen
2392 3876 2420 3915 a
2452 3860 2676 3916 Judaico
2702 3861 2895 3930 populo
2921 3863 3141 3916 omnino
3169 3862 3468 3934 neglectum
3493 3877 3598 3922 est.

2032 3952 2151 4007 Non
2196 3954 2339 4007 enim
2388 3964 2474 4008 est
2522 3969 2645 4007 cum
2695 3954 2835 4016 illis,
2864 3954 2954 4023 qui
3002 3957 3067 4007 ad
3107 3956 3208 4011 hoc
3247 3972 3345 4011 uos
3389 3957 3603 4028 dirigit,

2032 4044 2201 4099 Deus.
2232 4044 2337 4098 Sed
2362 4060 2461 4099 nec
2494 4045 2537 4098 si
2563 4044 2689 4113 quid
2721 4060 2896 4099 rerum
2919 4056 3263 4100 externarum
3290 4060 3599 4113 exercetur,

2033 4137 2261 4205 probare
2286 4136 2464 4190 sciunt
2500 4135 2628 4204 quid
2657 4136 3131 4205 irreprehensibile
3153 4179 3167 4201 ,
3203 4140 3331 4208 (μιίά
3363 4139 3473 4195 Deo
3508 4157 3601 4194 ac-

2032 4235 2250 4295 ceptum
2290 4225 2382 4280 sit.
2408 4224 2507 4291 Qui
2536 4225 2681 4279 enim
2728 4226 2929 4279 scirent
2961 4241 3149 4280 verum
3197 4226 3331 4295 legis
3376 4242 3603 4297 scopum

2034 4319 2111 4383 bi,
2138 4319 2228 4387 qui
2278 4318 2636 4387 legislatorem
2676 4317 3057 4371 otfenderunt?
3080 4317 3315 4387 Eamque
3353 4319 3421 4372 ob
3464 4334 3603 4386 rem,

2032 4411 2179 4465 Omni
2238 4408 2622 4477 intelligentia,
2665 4421 2943 4461 sacrarum
2986 4407 3202 4477 inquam
3248 4407 3602 4475 Litterarum,

2033 4503 2229 4572 privati
2259 4510 2384 4555 sunt
2417 4499 2558 4553 haud
2589 4499 2882 4553 immerito.

357 4597 597 4667 ἀρέσκον
642 4596 761 4666 Θεῷ
782 4612 798 4626 ·
846 4596 964 4659 πῶς
994 4597 1101 4668 γὰρ
1131 4596 1318 4650 είδείεν
1365 4598 1455 4650 τὸν
1484 4599 1683 4670 ἀκριϐῆ
1716 4600 1808 4653 τοῦ
1836 4601 2000 4672 νόμου
2039 4598 2265 4661 σκοπὸν,
2292 4597 2343 4649 oi
2388 4593 2466 4664 τῷ
2517 4593 2781 4664 νομοθέτῃ
2824 4593 3327 4666 προσκεκρουκότες
3347 4633 3364 4657 ,
3400 4595 3607 4667 ταύτης

357 4709 417 4744 τε
456 4692 617 4745 ἕνεκα
667 4693 765 4763 τῆς
797 4693 975 4755 αίτίας
1026 4692 1289 4756 συνέσεως
1332 4692 1568 4765 ἀπάσης,
1614 4697 1713 4765 τῆς
1767 4696 1861 4749 ἐπί
1894 4695 1958 4765 γέ
1993 4713 2137 4766 φημι
2172 4695 2286 4754 τοῖς
2321 4692 2484 4757 ἱεροῖς
2512 4686 2831 4759 Γράμμασι,
2866 4687 3088 4752 δικαίως
3116 4688 3507 4760 ἐστερημένοις

446 4874 685 4945 ’Δερελεῖ
708 4873 777 4928 δὲ
804 4874 1038 4943 ὁμοίως,
1087 4876 1241 4945 φησι,
1296 4877 1444 4943 πρὸς
1484 4880 1672 4940 τούτῳ
1708 4876 1937 4945 προφή-

2110 4873 2277 4929 Vsus.
2315 4870 2435 4925 2-4.
2484 4868 2699 4937 Auferet
2743 4868 2902 4922 etiam
2943 4874 3213 4935 preterea,
3257 4865 3451 4934 inquit,
3482 4882 3601 4935 pre-

362 4980 496 5030 την,
536 4965 637 5016 καί
665 4961 1037 5032 στοχαστὴν,
1070 4963 1169 5016 καὶ
1205 4965 1630 5032 πρεσϐύτερον,
1660 4964 1761 5017 καὶ
1805 4978 1941 5017 πεν-

360 5056 804 5123 τηκόνταρχον,
867 5053 970 5107 καί
1016 5055 1360 5123 θαυμαστὸν
1400 5055 1782 5124 σύμϐουλον,
1838 5055 1942 5108 καί

358 5146 561 5213 σοφὸν
605 5143 1013 5212 ἀρχιτέκτονα,
1062 5145 1158 5196 καὶ
1192 5145 1452 5198 συνετὸν
1485 5144 1806 5212 ἀκροατήν·
1838 5145 1938 5199 καί

358 5232 671 5299 ἐπιστήσω
707 5232 1067 5297 νεανίσκους
1111 5231 1405 5299 ἄρχοντας
1434 5230 1652 5297 αὐτῶν,
1699 5232 1796 5285 καί
1835 5232 1937 5301 ἐμ-

361 5325 600 5381 παῖκται
629 5324 1059 5393 κυριεύσουσιν
1081 5324 1299 5381 αὐτῶν.

432 5419 553 5472 Ὀτι
594 5419 692 5488 μὲν
730 5413 823 5471 οὗν
862 5416 1121 5488 ἐξῄρηται
1162 5416 1464 5493 προφητεία
1514 5416 1614 5487 τῆς
1663 5416 1931 5470 Ἰουδαίων

361 5509 710 5579 Συναγωγῆς,
746 5508 847 5561 οὐκ
877 5507 941 5560 ἂν
971 5506 1259 5561 ὲνδοιάσειέ
1296 5523 1399 5572 τις,
1433 5506 1595 5559 αὐτοῦ
1636 5506 1932 5577 διακεκρα-

361 5598 518 5665 γότος
539 5598 633 5651 τοῦ
666 5601 1007 5670 πράγματος.
1028 5600 1090 5652 Ol
1115 5597 1213 5668 μὲν
1238 5597 1346 5669 γὰρ
1369 5599 1629 5667 μακάριοι
1658 5602 1931 5669 προφῆται

363 5690 504 5742 κατὰ
538 5690 761 5758 καιροὺς
795 5690 1077 5757 γεγονότες
1123 5692 1525 5760 προεκήρυττον
1567 5688 1657 5740 τὸν
1698 5689 1932 5759 Χριστὸν

434 5854 496 5883 ³³·
527 5854 541 5907 l
573 5852 703 5907 Cor.
734 5868 832 5912 vn,
868 5850 917 5902 7.
994 5850 1044 5882 “
1063 5849 1206 5904 Psal.
1236 5864 1385 5915 xvut,
1417 5850 1468 5904 6.
1546 5849 1586 5879 ³⁸
1632 5848 1833 5919 Epltes-
1870 5865 1945 5917 VI,
1983 5849 2069 5903 12.

2034 4965 2244 5032 phetam
2285 4970 2335 5015 et
2378 4960 2745 5027 conjectorem,
2788 4970 2836 5010 et
2883 4958 3159 5023 seniorem,
3203 4968 3251 5009 et
3298 4959 3605 5027 prafectum

2036 5054 2576 5125 quinquagenarium,
2622 5062 2671 5105 et
2725 5052 3087 5106 admirabilem
3130 5053 3514 5118 consiliarium,
3556 5065 3605 5109 et

2036 5144 2334 5212 sapientem
2380 5143 2751 5205 architectum,
2791 5152 2838 5195 et
2885 5157 3110 5211 gnarum
3156 5142 3449 5196 auditorem
3496 5158 3514 5195 :
3557 5155 3604 5197 et

2036 5236 2351 5289 constituam
2375 5232 2787 5287 adolescentulos
2816 5232 3076 5302 principes
3103 5248 3305 5300 eorum,
3338 5244 3386 5287 et
3419 5235 3608 5287 illuso-

2038 5343 2119 5381 res
2152 5325 2563 5380 dominabuntur
2592 5326 2719 5380 illis.

2109 5414 2216 5486 55
2237 5416 2420 5485 Itaque
2439 5414 2771 5485 prophetiam
2798 5428 2864 5468 ex
2897 5411 3117 5469 Judaica
3153 5413 3434 5487 Synsgoga
3469 5415 3604 5469 sub-

2038 5506 2202 5561 latam
2226 5521 2369 5572 esse,
2398 5522 2505 5562 non
2544 5517 2629 5562 est
2659 5522 2755 5561 cur
2783 5508 2991 5563 dubitet
3017 5508 3163 5577 quis,
3216 5523 3338 5562 cum
3372 5522 3458 5562 res
3488 5508 3604 5576 ipsa

2038 5600 2298 5655 clamitet.
2336 5599 2484 5653 Beati
2525 5616 2760 5667 namque
2802 5600 3075 5668 prophetae
3101 5599 3228 5653 olim
3258 5597 3440 5653 losum
3468 5612 3606 5668 prae-

2041 5690 2379 5745 dicaverunt.
2407 5690 2700 5759 Postquam
2731 5702 2910 5745 autem
2940 5690 3262 5759 completum
3292 5699 3437 5744 esset
3462 5688 3606 5758 quod

2174 5850 2221 5882 υ
2254 5850 2385 5905 ibid.
2420 5848 2509 5902 Η.
2590 5848 2635 5881 ³³
2665 5849 2703 5903 ll
2734 5849 2857 5903 Cor.
2890 5864 2943 5913 ι,
2979 5848 3031 5910 1,
3060 5848 3099 5902 2
3151 5848 3205 5902 ζ’)⁴
