  <div class='ocr_page' id='page_1' title='image "/cluster/home/n/w/nwhite01/storage/ocr_20150623/70/nnc1.0046980253/067.png"; bbox 0 0 4094 6366; ppageno 0'>
   <div class='ocr_carea' id='block_1_1' title="bbox 444 362 2740 437">
    <p class='ocr_par' dir='ltr' id='par_1_1' title="bbox 444 362 2740 437">
     <span class='ocr_line' id='line_1_1' title="bbox 444 362 2740 437; baseline -0.01 0"><span class='ocrx_word' id='word_1_1' title='bbox 444 380 516 437; x_wconf 83' lang='lat'><strong>99</strong></span> <span class='ocrx_word' id='word_1_2' title='bbox 1480 377 1539 431; x_wconf 90' lang='lat' dir='ltr'><strong>S.</strong></span> <span class='ocrx_word' id='word_1_3' title='bbox 1582 372 1861 429; x_wconf 65' lang='lat' dir='ltr'><strong>CYRIILI</strong></span> <span class='ocrx_word' id='word_1_4' title='bbox 1905 366 2377 425; x_wconf 72' lang='lat' dir='ltr'><strong>ALEXANDRINI</strong></span> <span class='ocrx_word' id='word_1_5' title='bbox 2418 362 2740 419; x_wconf 78' lang='lat' dir='ltr'><strong>ARCHIEP.</strong></span> 
     </span>
    </p>
   </div>
   <div class='ocr_carea' id='block_1_2' title="bbox 3614 359 3717 416">
    <p class='ocr_par' dir='ltr' id='par_1_2' title="bbox 3614 359 3717 416">
     <span class='ocr_line' id='line_1_2' title="bbox 3614 359 3717 416; baseline -0.01 0"><span class='ocrx_word' id='word_1_6' title='bbox 3614 359 3717 416; x_wconf 75' lang='grc'><strong>100</strong></span> 
     </span>
    </p>
   </div>
   <div class='ocr_carea' id='block_1_3' title="bbox 444 469 3714 561">
    <p class='ocr_par' dir='ltr' id='par_1_3' title="bbox 444 469 3714 561">
     <span class='ocr_line' id='line_1_3' title="bbox 444 469 3714 561; baseline -0.003 -13"><span class='ocrx_word' id='word_1_7' title='bbox 444 488 1290 561; x_wconf 66' lang='lat' dir='ltr'><strong>eratpraanuntiatum,venisset</strong></span> <span class='ocrx_word' id='word_1_8' title='bbox 1318 489 1480 543; x_wconf 86' lang='lat' dir='ltr'><strong>etiam</strong></span> <span class='ocrx_word' id='word_1_9' title='bbox 1507 489 1641 559; x_wconf 82' lang='lat' dir='ltr'><strong>legis</strong></span> <span class='ocrx_word' id='word_1_10' title='bbox 1679 504 1741 543; x_wconf 84' lang='lat' dir='ltr'><strong>ac</strong></span> <span class='ocrx_word' id='word_1_11' title='bbox 1783 488 2019 558; x_wconf 88' lang='lat' dir='ltr'><strong>prophe-</strong></span> <span class='ocrx_word' id='word_1_12' title='bbox 2048 490 2095 548; x_wconf 74' lang='grc' dir='ltr'>Α</span> <span class='ocrx_word' id='word_1_13' title='bbox 2133 478 2367 551; x_wconf 81' lang='grc' dir='ltr'><strong>Ἰησοῦν.</strong></span> <span class='ocrx_word' id='word_1_14' title='bbox 2423 475 2642 543; x_wconf 83' lang='grc' dir='ltr'>Ἐπειδὴ</span> <span class='ocrx_word' id='word_1_15' title='bbox 2687 474 2745 526; x_wconf 79' lang='grc' dir='ltr'>δὲ</span> <span class='ocrx_word' id='word_1_16' title='bbox 2785 471 3095 525; x_wconf 79' lang='grc' dir='ltr'><strong>τετέλεσται</strong></span> <span class='ocrx_word' id='word_1_17' title='bbox 3135 469 3196 524; x_wconf 85' lang='grc' dir='ltr'>τὸ</span> <span class='ocrx_word' id='word_1_18' title='bbox 3242 469 3714 542; x_wconf 73' lang='grc' dir='ltr'>προηγγελμένον,</span> 
     </span>
    </p>
   </div>
   <div class='ocr_carea' id='block_1_4' title="bbox 448 581 2027 644">
    <p class='ocr_par' dir='ltr' id='par_1_4' title="bbox 448 581 2027 644">
     <span class='ocr_line' id='line_1_4' title="bbox 448 581 2027 644; baseline -0.004 -5"><span class='ocrx_word' id='word_1_19' title='bbox 448 596 625 639; x_wconf 88' lang='lat' dir='ltr'><strong>tarum</strong></span> <span class='ocrx_word' id='word_1_20' title='bbox 657 582 780 636; x_wconf 81' lang='lat' dir='ltr'><strong>linis</strong></span> <span class='ocrx_word' id='word_1_21' title='bbox 827 599 843 635; x_wconf 91' lang='lat'><strong>:</strong></span> <span class='ocrx_word' id='word_1_22' title='bbox 873 581 1019 638; x_wconf 83' lang='lat' dir='ltr'><strong>Deus</strong></span> <span class='ocrx_word' id='word_1_23' title='bbox 1052 583 1196 637; x_wconf 91' lang='lat' dir='ltr'><strong>enim</strong></span> <span class='ocrx_word' id='word_1_24' title='bbox 1229 582 1508 644; x_wconf 86' lang='lat' dir='ltr'><strong>Dominus,</strong></span> <span class='ocrx_word' id='word_1_25' title='bbox 1535 582 1833 635; x_wconf 89' lang='lat' dir='ltr'><strong>secundum</strong></span> <span class='ocrx_word' id='word_1_26' title='bbox 1878 581 2027 635; x_wconf 88' lang='lat' dir='ltr'><strong>Scri-</strong></span> 
     </span>
    </p>
   </div>
   <div class='ocr_carea' id='block_1_5' title="bbox 455 671 2021 743">
    <p class='ocr_par' dir='ltr' id='par_1_5' title="bbox 455 671 2021 743">
     <span class='ocr_line' id='line_1_5' title="bbox 455 671 2021 743; baseline -0.001 -16"><span class='ocrx_word' id='word_1_27' title='bbox 455 684 670 743; x_wconf 80' lang='lat' dir='ltr'><strong>pturas,</strong></span> <span class='ocrx_word' id='word_1_28' title='bbox 710 671 866 726; x_wconf 90' lang='lat' dir='ltr'><strong>nobis</strong></span> <span class='ocrx_word' id='word_1_29' title='bbox 889 674 1141 741; x_wconf 77' lang='lat' dir='ltr'><strong>apparuit</strong></span> <span class='ocrx_word' id='word_1_30' title='bbox 1176 690 1193 726; x_wconf 91' lang='lat'><strong>:</strong></span> <span class='ocrx_word' id='word_1_31' title='bbox 1229 672 1424 725; x_wconf 89' lang='lat' dir='ltr'><strong>deinde</strong></span> <span class='ocrx_word' id='word_1_32' title='bbox 1463 671 1553 725; x_wconf 92' lang='lat' dir='ltr'><strong>ubi</strong></span> <span class='ocrx_word' id='word_1_33' title='bbox 1583 672 1635 724; x_wconf 93' lang='lat' dir='ltr'><strong>in</strong></span> <span class='ocrx_word' id='word_1_34' title='bbox 1670 686 1794 725; x_wconf 89' lang='lat' dir='ltr'><strong>eum</strong></span> <span class='ocrx_word' id='word_1_35' title='bbox 1826 671 2021 725; x_wconf 83' lang='lat' dir='ltr'><strong>debac-</strong></span> 
     </span>
    </p>
   </div>
   <div class='ocr_carea' id='block_1_6' title="bbox 448 761 2025 834">
    <p class='ocr_par' dir='ltr' id='par_1_6' title="bbox 448 761 2025 834">
     <span class='ocr_line' id='line_1_6' title="bbox 448 761 2025 834; baseline -0.003 -14"><span class='ocrx_word' id='word_1_36' title='bbox 448 766 594 820; x_wconf 87' lang='lat' dir='ltr'><strong>chati</strong></span> <span class='ocrx_word' id='word_1_37' title='bbox 629 773 775 830; x_wconf 87' lang='lat' dir='ltr'><strong>sunt,</strong></span> <span class='ocrx_word' id='word_1_38' title='bbox 814 767 1054 820; x_wconf 88' lang='lat' dir='ltr'><strong>cessavit</strong></span> <span class='ocrx_word' id='word_1_39' title='bbox 1088 765 1226 831; x_wconf 90' lang='lat' dir='ltr'><strong>apud</strong></span> <span class='ocrx_word' id='word_1_40' title='bbox 1251 779 1346 819; x_wconf 88' lang='lat' dir='ltr'><strong>eos</strong></span> <span class='ocrx_word' id='word_1_41' title='bbox 1367 763 1660 834; x_wconf 70' lang='lat' dir='ltr'><strong>prOpItetiae</strong></span> <span class='ocrx_word' id='word_1_42' title='bbox 1680 764 1880 832; x_wconf 82' lang='lat' dir='ltr'><strong>gratia.</strong></span> <span class='ocrx_word' id='word_1_43' title='bbox 1908 761 2025 815; x_wconf 87' lang='lat' dir='ltr'><strong>Non</strong></span> 
     </span>
    </p>
   </div>
   <div class='ocr_carea' id='block_1_7' title="bbox 448 854 2026 925">
    <p class='ocr_par' dir='ltr' id='par_1_7' title="bbox 448 854 2026 925">
     <span class='ocr_line' id='line_1_7' title="bbox 448 854 2026 925; baseline -0.002 -15"><span class='ocrx_word' id='word_1_44' title='bbox 448 858 723 911; x_wconf 87' lang='lat' dir='ltr'><strong>eratenim</strong></span> <span class='ocrx_word' id='word_1_45' title='bbox 755 867 1218 921; x_wconf 76' lang='lat' dir='ltr'><strong>consentaneum,</strong></span> <span class='ocrx_word' id='word_1_46' title='bbox 1252 864 1354 920; x_wconf 92' lang='lat' dir='ltr'><strong>ut,</strong></span> <span class='ocrx_word' id='word_1_47' title='bbox 1404 858 1493 925; x_wconf 90' lang='lat' dir='ltr'><strong>qui</strong></span> <span class='ocrx_word' id='word_1_48' title='bbox 1531 871 1650 909; x_wconf 90' lang='lat' dir='ltr'><strong>cum</strong></span> <span class='ocrx_word' id='word_1_49' title='bbox 1690 855 1797 909; x_wconf 91' lang='lat' dir='ltr'><strong>Deo</strong></span> <span class='ocrx_word' id='word_1_50' title='bbox 1828 854 2026 909; x_wconf 88' lang='lat' dir='ltr'><strong>bellum</strong></span> 
     </span>
    </p>
   </div>
   <div class='ocr_carea' id='block_1_8' title="bbox 449 946 2029 1022">
    <p class='ocr_par' dir='ltr' id='par_1_8' title="bbox 449 946 2029 1022">
     <span class='ocr_line' id='line_1_8' title="bbox 449 946 2029 1022; baseline -0.002 -19"><span class='ocrx_word' id='word_1_51' title='bbox 449 958 734 1022; x_wconf 90' lang='lat' dir='ltr'><strong>gererent,</strong></span> <span class='ocrx_word' id='word_1_52' title='bbox 773 960 828 1005; x_wconf 92' lang='lat' dir='ltr'><strong>et</strong></span> <span class='ocrx_word' id='word_1_53' title='bbox 857 950 1198 1004; x_wconf 67' lang='lat' dir='ltr'><strong>dominicidaa</strong></span> <span class='ocrx_word' id='word_1_54' title='bbox 1226 960 1431 1011; x_wconf 86' lang='lat' dir='ltr'><strong>essent,</strong></span> <span class='ocrx_word' id='word_1_55' title='bbox 1482 963 1782 1015; x_wconf 88' lang='lat' dir='ltr'><strong>manusque</strong></span> <span class='ocrx_word' id='word_1_56' title='bbox 1810 946 2029 1016; x_wconf 87' lang='lat' dir='ltr'><strong>sangui-</strong></span> 
     </span>
    </p>
   </div>
   <div class='ocr_carea' id='block_1_9' title="bbox 450 1041 2028 1113">
    <p class='ocr_par' dir='ltr' id='par_1_9' title="bbox 450 1041 2028 1113">
     <span class='ocr_line' id='line_1_9' title="bbox 450 1041 2028 1113; baseline -0.002 -17"><span class='ocrx_word' id='word_1_57' title='bbox 450 1043 608 1097; x_wconf 91' lang='lat' dir='ltr'><strong>nibus</strong></span> <span class='ocrx_word' id='word_1_58' title='bbox 637 1042 822 1113; x_wconf 88' lang='lat' dir='ltr'><strong>plenas</strong></span> <span class='ocrx_word' id='word_1_59' title='bbox 858 1044 1119 1097; x_wconf 86' lang='lat' dir='ltr'><strong>haberent</strong></span> <span class='ocrx_word' id='word_1_60' title='bbox 1147 1084 1161 1104; x_wconf 85' lang='lat'><strong>,</strong></span> <span class='ocrx_word' id='word_1_61' title='bbox 1219 1042 1519 1111; x_wconf 65' lang='lat' dir='ltr'><strong>prophetiae</strong></span> <span class='ocrx_word' id='word_1_62' title='bbox 1565 1041 1759 1110; x_wconf 89' lang='lat' dir='ltr'><strong>spiritu</strong></span> <span class='ocrx_word' id='word_1_63' title='bbox 1792 1041 2028 1096; x_wconf 86' lang='lat' dir='ltr'><strong>honora-</strong></span> 
     </span>
    </p>
   </div>
   <div class='ocr_carea' id='block_1_10' title="bbox 450 1133 2027 1200">
    <p class='ocr_par' dir='ltr' id='par_1_10' title="bbox 450 1133 2027 1200">
     <span class='ocr_line' id='line_1_10' title="bbox 450 1133 2027 1200; baseline -0.001 -12"><span class='ocrx_word' id='word_1_64' title='bbox 450 1144 658 1188; x_wconf 85' lang='lat' dir='ltr'><strong>rentur.</strong></span> <span class='ocrx_word' id='word_1_65' title='bbox 688 1133 1054 1187; x_wconf 78' lang='lat' dir='ltr'><strong>Attestabitur</strong></span> <span class='ocrx_word' id='word_1_66' title='bbox 1106 1148 1234 1187; x_wconf 89' lang='lat' dir='ltr'><strong>vero</strong></span> <span class='ocrx_word' id='word_1_67' title='bbox 1282 1133 1367 1187; x_wconf 85' lang='lat' dir='ltr'><strong>his</strong></span> <span class='ocrx_word' id='word_1_68' title='bbox 1401 1133 1564 1187; x_wconf 87' lang='lat' dir='ltr'><strong>etiam</strong></span> <span class='ocrx_word' id='word_1_69' title='bbox 1600 1134 1791 1187; x_wconf 88' lang='lat' dir='ltr'><strong>beatus</strong></span> <span class='ocrx_word' id='word_1_70' title='bbox 1822 1133 2027 1200; x_wconf 82' lang='lat' dir='ltr'><strong>Daniel,</strong></span> 
     </span>
    </p>
   </div>
   <div class='ocr_carea' id='block_1_11' title="bbox 449 1225 2030 1295">
    <p class='ocr_par' dir='ltr' id='par_1_11' title="bbox 449 1225 2030 1295">
     <span class='ocr_line' id='line_1_11' title="bbox 449 1225 2030 1295; baseline 0.001 -16"><span class='ocrx_word' id='word_1_71' title='bbox 449 1227 720 1295; x_wconf 84' lang='lat' dir='ltr'><strong>obsignari</strong></span> <span class='ocrx_word' id='word_1_72' title='bbox 769 1226 957 1280; x_wconf 89' lang='lat' dir='ltr'><strong>dicens</strong></span> <span class='ocrx_word' id='word_1_73' title='bbox 1016 1226 1280 1279; x_wconf 87' lang='lat' dir='ltr'><strong>visionem</strong></span> <span class='ocrx_word' id='word_1_74' title='bbox 1310 1240 1375 1279; x_wconf 91' lang='lat' dir='ltr'><strong>ac</strong></span> <span class='ocrx_word' id='word_1_75' title='bbox 1432 1226 1774 1294; x_wconf 82' lang='lat' dir='ltr'><strong>prophetam.</strong></span> <span class='ocrx_word' id='word_1_76' title='bbox 1822 1225 2030 1294; x_wconf 76' lang='lat' dir='ltr'><strong>Expers</strong></span> 
     </span>
    </p>
   </div>
   <div class='ocr_carea' id='block_1_12' title="bbox 450 1316 2028 1387">
    <p class='ocr_par' dir='ltr' id='par_1_12' title="bbox 450 1316 2028 1387">
     <span class='ocr_line' id='line_1_12' title="bbox 450 1316 2028 1387; baseline -0.002 -16"><span class='ocrx_word' id='word_1_77' title='bbox 450 1319 637 1387; x_wconf 82' lang='lat' dir='ltr'><strong>itaque</strong></span> <span class='ocrx_word' id='word_1_78' title='bbox 688 1317 790 1371; x_wconf 80' lang='lat' dir='ltr'><strong>fuit</strong></span> <span class='ocrx_word' id='word_1_79' title='bbox 825 1318 990 1371; x_wconf 83' lang='lat' dir='ltr'><strong>Israel</strong></span> <span class='ocrx_word' id='word_1_80' title='bbox 1034 1319 1168 1371; x_wconf 87' lang='lat' dir='ltr'><strong>adeo</strong></span> <span class='ocrx_word' id='word_1_81' title='bbox 1216 1316 1444 1369; x_wconf 87' lang='lat' dir='ltr'><strong>illustris</strong></span> <span class='ocrx_word' id='word_1_82' title='bbox 1470 1327 1524 1370; x_wconf 89' lang='lat' dir='ltr'><strong>et</strong></span> <span class='ocrx_word' id='word_1_83' title='bbox 1553 1316 1764 1385; x_wconf 77' lang='lat' dir='ltr'><strong>inclyta:</strong></span> <span class='ocrx_word' id='word_1_84' title='bbox 1796 1318 1982 1386; x_wconf 85' lang='lat' dir='ltr'><strong>grati:e</strong></span> <span class='ocrx_word' id='word_1_85' title='bbox 2012 1355 2028 1378; x_wconf 94' lang='lat'><strong>,</strong></span> 
     </span>
    </p>
   </div>
   <div class='ocr_carea' id='block_1_13' title="bbox 451 1409 2030 1479">
    <p class='ocr_par' dir='ltr' id='par_1_13' title="bbox 451 1409 2030 1479">
     <span class='ocr_line' id='line_1_13' title="bbox 451 1409 2030 1479; baseline 0 -16"><span class='ocrx_word' id='word_1_86' title='bbox 451 1412 694 1479; x_wconf 83' lang='lat' dir='ltr'><strong>adeoque</strong></span> <span class='ocrx_word' id='word_1_87' title='bbox 717 1411 864 1464; x_wconf 89' lang='lat' dir='ltr'><strong>rudis</strong></span> <span class='ocrx_word' id='word_1_88' title='bbox 899 1409 1069 1462; x_wconf 81' lang='lat' dir='ltr'><strong>fuitet</strong></span> <span class='ocrx_word' id='word_1_89' title='bbox 1090 1410 1245 1462; x_wconf 65' lang='lat' dir='ltr'><strong>bona:</strong></span> <span class='ocrx_word' id='word_1_90' title='bbox 1266 1409 1464 1461; x_wconf 83' lang='lat' dir='ltr'><strong>mentis</strong></span> <span class='ocrx_word' id='word_1_91' title='bbox 1496 1409 1675 1477; x_wconf 89' lang='lat' dir='ltr'><strong>inops,</strong></span> <span class='ocrx_word' id='word_1_92' title='bbox 1707 1417 1764 1461; x_wconf 85' lang='lat' dir='ltr'><strong>ut</strong></span> <span class='ocrx_word' id='word_1_93' title='bbox 1796 1424 1863 1462; x_wconf 89' lang='lat' dir='ltr'><strong>nc</strong></span> <span class='ocrx_word' id='word_1_94' title='bbox 1891 1409 2030 1463; x_wconf 87' lang='lat' dir='ltr'><strong>ullus</strong></span> 
     </span>
    </p>
   </div>
   <div class='ocr_carea' id='block_1_14' title="bbox 449 1496 2027 1570">
    <p class='ocr_par' dir='ltr' id='par_1_14' title="bbox 449 1496 2027 1570">
     <span class='ocr_line' id='line_1_14' title="bbox 449 1496 2027 1570; baseline -0.003 -14"><span class='ocrx_word' id='word_1_95' title='bbox 449 1496 668 1570; x_wconf 85' lang='lat' dir='ltr'><strong>quidem</strong></span> <span class='ocrx_word' id='word_1_96' title='bbox 694 1503 833 1569; x_wconf 89' lang='lat' dir='ltr'><strong>apud</strong></span> <span class='ocrx_word' id='word_1_97' title='bbox 867 1516 959 1555; x_wconf 88' lang='lat' dir='ltr'><strong>eos</strong></span> <span class='ocrx_word' id='word_1_98' title='bbox 985 1500 1263 1568; x_wconf 74' lang='lat' dir='ltr'><strong>coniector</strong></span> <span class='ocrx_word' id='word_1_99' title='bbox 1298 1501 1615 1554; x_wconf 85' lang='lat' dir='ltr'><strong>exsisteret.</strong></span> <span class='ocrx_word' id='word_1_100' title='bbox 1648 1500 2027 1569; x_wconf 82' lang='lat' dir='ltr'><strong>Conjectoretn</strong></span> 
     </span>
    </p>
   </div>
   <div class='ocr_carea' id='block_1_15' title="bbox 449 1591 2033 1662">
    <p class='ocr_par' dir='ltr' id='par_1_15' title="bbox 449 1591 2033 1662">
     <span class='ocr_line' id='line_1_15' title="bbox 449 1591 2033 1662; baseline -0.003 -15"><span class='ocrx_word' id='word_1_101' title='bbox 449 1608 571 1647; x_wconf 88' lang='lat' dir='ltr'><strong>eum</strong></span> <span class='ocrx_word' id='word_1_102' title='bbox 605 1607 725 1647; x_wconf 90' lang='lat' dir='ltr'><strong>esse</strong></span> <span class='ocrx_word' id='word_1_103' title='bbox 753 1592 1003 1655; x_wconf 85' lang='lat' dir='ltr'><strong>dicimus,</strong></span> <span class='ocrx_word' id='word_1_104' title='bbox 1033 1592 1120 1660; x_wconf 88' lang='lat' dir='ltr'><strong>qui</strong></span> <span class='ocrx_word' id='word_1_105' title='bbox 1150 1592 1364 1662; x_wconf 87' lang='lat' dir='ltr'><strong>singula</strong></span> <span class='ocrx_word' id='word_1_106' title='bbox 1392 1603 1540 1646; x_wconf 89' lang='lat' dir='ltr'><strong>recte</strong></span> <span class='ocrx_word' id='word_1_107' title='bbox 1570 1591 1735 1647; x_wconf 90' lang='lat' dir='ltr'><strong>veluti</strong></span> <span class='ocrx_word' id='word_1_108' title='bbox 1766 1592 2033 1662; x_wconf 87' lang='lat' dir='ltr'><strong>conjecta-</strong></span> 
     </span>
    </p>
   </div>
   <div class='ocr_carea' id='block_1_16' title="bbox 450 1681 2032 1752">
    <p class='ocr_par' dir='ltr' id='par_1_16' title="bbox 450 1681 2032 1752">
     <span class='ocr_line' id='line_1_16' title="bbox 450 1681 2032 1752; baseline 0 -16"><span class='ocrx_word' id='word_1_109' title='bbox 450 1692 573 1748; x_wconf 91' lang='lat' dir='ltr'><strong>ret,</strong></span> <span class='ocrx_word' id='word_1_110' title='bbox 627 1681 1030 1751; x_wconf 80' lang='lat' dir='ltr'><strong>exploratisque</strong></span> <span class='ocrx_word' id='word_1_111' title='bbox 1078 1682 1293 1736; x_wconf 84' lang='lat' dir='ltr'><strong>indiciis</strong></span> <span class='ocrx_word' id='word_1_112' title='bbox 1356 1683 1783 1747; x_wconf 86' lang='lat' dir='ltr'><strong>demonstraret,</strong></span> <span class='ocrx_word' id='word_1_113' title='bbox 1818 1692 1873 1736; x_wconf 90' lang='lat' dir='ltr'><strong>et</strong></span> <span class='ocrx_word' id='word_1_114' title='bbox 1926 1698 2032 1752; x_wconf 90' lang='lat' dir='ltr'><strong>quo</strong></span> 
     </span>
    </p>
   </div>
   <div class='ocr_carea' id='block_1_17' title="bbox 450 1773 2029 1843">
    <p class='ocr_par' dir='ltr' id='par_1_17' title="bbox 450 1773 2029 1843">
     <span class='ocr_line' id='line_1_17' title="bbox 450 1773 2029 1843; baseline 0 -16"><span class='ocrx_word' id='word_1_115' title='bbox 450 1774 686 1843; x_wconf 86' lang='lat' dir='ltr'><strong>quidque</strong></span> <span class='ocrx_word' id='word_1_116' title='bbox 712 1783 997 1828; x_wconf 84' lang='lat' dir='ltr'><strong>venturum</strong></span> <span class='ocrx_word' id='word_1_117' title='bbox 1022 1784 1184 1838; x_wconf 88' lang='lat' dir='ltr'><strong>esset,</strong></span> <span class='ocrx_word' id='word_1_118' title='bbox 1215 1781 1267 1827; x_wconf 91' lang='lat' dir='ltr'><strong>et</strong></span> <span class='ocrx_word' id='word_1_119' title='bbox 1286 1773 1337 1828; x_wconf 93' lang='lat' dir='ltr'><strong>in</strong></span> <span class='ocrx_word' id='word_1_120' title='bbox 1365 1789 1523 1843; x_wconf 86' lang='lat' dir='ltr'><strong>quem</strong></span> <span class='ocrx_word' id='word_1_121' title='bbox 1551 1774 1839 1842; x_wconf 88' lang='lat' dir='ltr'><strong>aliquando</strong></span> <span class='ocrx_word' id='word_1_122' title='bbox 1868 1774 2029 1829; x_wconf 81' lang='lat' dir='ltr'><strong>linem</strong></span> 
     </span>
    </p>
   </div>
   <div class='ocr_carea' id='block_1_18' title="bbox 452 1865 2033 1932">
    <p class='ocr_par' dir='ltr' id='par_1_18' title="bbox 452 1865 2033 1932">
     <span class='ocr_line' id='line_1_18' title="bbox 452 1865 2033 1932; baseline 0.002 -15"><span class='ocrx_word' id='word_1_123' title='bbox 452 1880 788 1930; x_wconf 83' lang='lat' dir='ltr'><strong>recasurum,</strong></span> <span class='ocrx_word' id='word_1_124' title='bbox 822 1866 988 1932; x_wconf 88' lang='lat' dir='ltr'><strong>probe</strong></span> <span class='ocrx_word' id='word_1_125' title='bbox 1016 1865 1380 1931; x_wconf 84' lang='lat' dir='ltr'><strong>dignosceret.</strong></span> <span class='ocrx_word' id='word_1_126' title='bbox 1416 1866 1516 1932; x_wconf 87' lang='lat' dir='ltr'><strong>Qui</strong></span> <span class='ocrx_word' id='word_1_127' title='bbox 1553 1866 1698 1919; x_wconf 91' lang='lat' dir='ltr'><strong>enim</strong></span> <span class='ocrx_word' id='word_1_128' title='bbox 1723 1866 2033 1921; x_wconf 84' lang='lat' dir='ltr'><strong>inconside-</strong></span> 
     </span>
    </p>
   </div>
   <div class='ocr_carea' id='block_1_19' title="bbox 451 1952 2031 2023">
    <p class='ocr_par' dir='ltr' id='par_1_19' title="bbox 451 1952 2031 2023">
     <span class='ocr_line' id='line_1_19' title="bbox 451 1952 2031 2023; baseline 0.004 -18"><span class='ocrx_word' id='word_1_129' title='bbox 451 1962 568 2008; x_wconf 86' lang='lat' dir='ltr'><strong>rate</strong></span> <span class='ocrx_word' id='word_1_130' title='bbox 609 1962 664 2007; x_wconf 89' lang='lat' dir='ltr'><strong>et</strong></span> <span class='ocrx_word' id='word_1_131' title='bbox 704 1952 806 2006; x_wconf 85' lang='lat' dir='ltr'><strong>levi</strong></span> <span class='ocrx_word' id='word_1_132' title='bbox 838 1952 1045 2021; x_wconf 85' lang='lat' dir='ltr'><strong>judicio</strong></span> <span class='ocrx_word' id='word_1_133' title='bbox 1088 1957 1154 2009; x_wconf 86' lang='lat' dir='ltr'><strong>ad</strong></span> <span class='ocrx_word' id='word_1_134' title='bbox 1208 1970 1295 2008; x_wconf 89' lang='lat' dir='ltr'><strong>res</strong></span> <span class='ocrx_word' id='word_1_135' title='bbox 1331 1956 1566 2023; x_wconf 85' lang='lat' dir='ltr'><strong>agendas</strong></span> <span class='ocrx_word' id='word_1_136' title='bbox 1624 1958 1927 2021; x_wconf 87' lang='lat' dir='ltr'><strong>accedunt,</strong></span> <span class='ocrx_word' id='word_1_137' title='bbox 1963 1958 2031 2012; x_wconf 87' lang='lat' dir='ltr'><strong>ab</strong></span> 
     </span>
    </p>
   </div>
   <div class='ocr_carea' id='block_1_20' title="bbox 453 2041 2033 2110">
    <p class='ocr_par' dir='ltr' id='par_1_20' title="bbox 453 2041 2033 2110">
     <span class='ocr_line' id='line_1_20' title="bbox 453 2041 2033 2110; baseline 0.006 -17"><span class='ocrx_word' id='word_1_138' title='bbox 453 2041 567 2094; x_wconf 88' lang='lat' dir='ltr'><strong>utili</strong></span> <span class='ocrx_word' id='word_1_139' title='bbox 599 2042 851 2107; x_wconf 90' lang='lat' dir='ltr'><strong>deviant,</strong></span> <span class='ocrx_word' id='word_1_140' title='bbox 890 2052 943 2097; x_wconf 90' lang='lat' dir='ltr'><strong>et</strong></span> <span class='ocrx_word' id='word_1_141' title='bbox 972 2043 1117 2097; x_wconf 89' lang='lat' dir='ltr'><strong>velut</strong></span> <span class='ocrx_word' id='word_1_142' title='bbox 1164 2043 1219 2098; x_wconf 89' lang='lat' dir='ltr'><strong>in</strong></span> <span class='ocrx_word' id='word_1_143' title='bbox 1261 2046 1499 2099; x_wconf 86' lang='lat' dir='ltr'><strong>tenebris</strong></span> <span class='ocrx_word' id='word_1_144' title='bbox 1534 2055 1841 2110; x_wconf 88' lang='lat' dir='ltr'><strong>versantur,</strong></span> <span class='ocrx_word' id='word_1_145' title='bbox 1875 2062 1939 2102; x_wconf 86' lang='lat' dir='ltr'><strong>ac</strong></span> <span class='ocrx_word' id='word_1_146' title='bbox 1977 2047 2033 2103; x_wconf 90' lang='lat' dir='ltr'><strong>in</strong></span> 
     </span>
    </p>
   </div>
   <div class='ocr_carea' id='block_1_21' title="bbox 450 2135 2031 2210">
    <p class='ocr_par' dir='ltr' id='par_1_21' title="bbox 450 2135 2031 2210">
     <span class='ocr_line' id='line_1_21' title="bbox 450 2135 2031 2210; baseline 0.005 -23"><span class='ocrx_word' id='word_1_147' title='bbox 450 2149 581 2188; x_wconf 80' lang='lat' dir='ltr'><strong>saxa</strong></span> <span class='ocrx_word' id='word_1_148' title='bbox 607 2135 929 2204; x_wconf 87' lang='lat' dir='ltr'><strong>impingunt.</strong></span> <span class='ocrx_word' id='word_1_149' title='bbox 961 2138 1031 2190; x_wconf 83' lang='lat' dir='ltr'><strong>At</strong></span> <span class='ocrx_word' id='word_1_150' title='bbox 1057 2137 1147 2206; x_wconf 92' lang='lat' dir='ltr'><strong>qui</strong></span> <span class='ocrx_word' id='word_1_151' title='bbox 1182 2138 1452 2206; x_wconf 80' lang='lat' dir='ltr'><strong>exquisita</strong></span> <span class='ocrx_word' id='word_1_152' title='bbox 1483 2140 1796 2209; x_wconf 82' lang='lat' dir='ltr'><strong>cognitione</strong></span> <span class='ocrx_word' id='word_1_153' title='bbox 1822 2142 2031 2210; x_wconf 68' lang='lat' dir='ltr'><strong>prmditi</strong></span> 
     </span>
    </p>
   </div>
   <div class='ocr_carea' id='block_1_22' title="bbox 450 2228 2034 2303">
    <p class='ocr_par' dir='ltr' id='par_1_22' title="bbox 450 2228 2034 2303">
     <span class='ocr_line' id='line_1_22' title="bbox 450 2228 2034 2303; baseline 0.008 -26"><span class='ocrx_word' id='word_1_154' title='bbox 450 2234 599 2291; x_wconf 89' lang='lat' dir='ltr'><strong>sunt,</strong></span> <span class='ocrx_word' id='word_1_155' title='bbox 630 2237 786 2281; x_wconf 90' lang='lat' dir='ltr'><strong>acuto</strong></span> <span class='ocrx_word' id='word_1_156' title='bbox 810 2228 967 2282; x_wconf 90' lang='lat' dir='ltr'><strong>oculo</strong></span> <span class='ocrx_word' id='word_1_157' title='bbox 999 2243 1186 2282; x_wconf 91' lang='lat' dir='ltr'><strong>rerum</strong></span> <span class='ocrx_word' id='word_1_158' title='bbox 1212 2236 1436 2283; x_wconf 80' lang='lat' dir='ltr'><strong>eventus</strong></span> <span class='ocrx_word' id='word_1_159' title='bbox 1473 2232 1753 2286; x_wconf 89' lang='lat' dir='ltr'><strong>intuentur</strong></span> <span class='ocrx_word' id='word_1_160' title='bbox 1782 2250 1795 2286; x_wconf 92' lang='lat'><strong>:</strong></span> <span class='ocrx_word' id='word_1_161' title='bbox 1822 2244 1877 2288; x_wconf 88' lang='lat' dir='ltr'><strong>et</strong></span> <span class='ocrx_word' id='word_1_162' title='bbox 1904 2249 2034 2303; x_wconf 85' lang='lat' dir='ltr'><strong>pro-</strong></span> 
     </span>
    </p>
   </div>
   <div class='ocr_carea' id='block_1_23' title="bbox 452 2320 2033 2392">
    <p class='ocr_par' dir='ltr' id='par_1_23' title="bbox 452 2320 2033 2392">
     <span class='ocr_line' id='line_1_23' title="bbox 452 2320 2033 2392; baseline 0.007 -23"><span class='ocrx_word' id='word_1_163' title='bbox 452 2327 633 2386; x_wconf 89' lang='lat' dir='ltr'><strong>pterea</strong></span> <span class='ocrx_word' id='word_1_164' title='bbox 668 2335 769 2372; x_wconf 92' lang='lat' dir='ltr'><strong>non</strong></span> <span class='ocrx_word' id='word_1_165' title='bbox 802 2321 920 2373; x_wconf 90' lang='lat' dir='ltr'><strong>sine</strong></span> <span class='ocrx_word' id='word_1_166' title='bbox 945 2320 1330 2385; x_wconf 86' lang='lat' dir='ltr'><strong>admiratione,</strong></span> <span class='ocrx_word' id='word_1_167' title='bbox 1357 2322 1540 2376; x_wconf 89' lang='lat' dir='ltr'><strong>omnia</strong></span> <span class='ocrx_word' id='word_1_168' title='bbox 1573 2324 1818 2392; x_wconf 89' lang='lat' dir='ltr'><strong>apposite</strong></span> <span class='ocrx_word' id='word_1_169' title='bbox 1856 2326 2033 2380; x_wconf 90' lang='lat' dir='ltr'><strong>admi-</strong></span> 
     </span>
    </p>
   </div>
   <div class='ocr_carea' id='block_1_24' title="bbox 452 2410 2034 2483">
    <p class='ocr_par' dir='ltr' id='par_1_24' title="bbox 452 2410 2034 2483">
     <span class='ocr_line' id='line_1_24' title="bbox 452 2410 2034 2483; baseline 0.005 -20"><span class='ocrx_word' id='word_1_170' title='bbox 452 2410 707 2464; x_wconf 86' lang='lat' dir='ltr'><strong>nistrant.</strong></span> <span class='ocrx_word' id='word_1_171' title='bbox 758 2410 851 2464; x_wconf 88' lang='lat' dir='ltr'><strong>Est</strong></span> <span class='ocrx_word' id='word_1_172' title='bbox 884 2420 1062 2465; x_wconf 90' lang='lat' dir='ltr'><strong>autem</strong></span> <span class='ocrx_word' id='word_1_173' title='bbox 1113 2412 1202 2465; x_wconf 88' lang='lat' dir='ltr'><strong>hic</strong></span> <span class='ocrx_word' id='word_1_174' title='bbox 1249 2413 1406 2467; x_wconf 77' lang='lat' dir='ltr'><strong>bona:</strong></span> <span class='ocrx_word' id='word_1_175' title='bbox 1459 2415 1659 2468; x_wconf 90' lang='lat' dir='ltr'><strong>mentis</strong></span> <span class='ocrx_word' id='word_1_176' title='bbox 1712 2414 2034 2483; x_wconf 81' lang='lat' dir='ltr'><strong>fructus,et</strong></span> 
     </span>
    </p>
   </div>
   <div class='ocr_carea' id='block_1_25' title="bbox 451 2502 2035 2571">
    <p class='ocr_par' dir='ltr' id='par_1_25' title="bbox 451 2502 2035 2571">
     <span class='ocr_line' id='line_1_25' title="bbox 451 2502 2035 2571; baseline 0.005 -18"><span class='ocrx_word' id='word_1_177' title='bbox 451 2516 579 2555; x_wconf 82' lang='lat' dir='ltr'><strong>vere</strong></span> <span class='ocrx_word' id='word_1_178' title='bbox 616 2502 824 2557; x_wconf 89' lang='lat' dir='ltr'><strong>lucrum</strong></span> <span class='ocrx_word' id='word_1_179' title='bbox 858 2518 919 2557; x_wconf 88' lang='lat' dir='ltr'><strong>ac</strong></span> <span class='ocrx_word' id='word_1_180' title='bbox 944 2502 1102 2557; x_wconf 84' lang='lat' dir='ltr'><strong>fenus</strong></span> <span class='ocrx_word' id='word_1_181' title='bbox 1134 2504 1325 2571; x_wconf 91' lang='lat' dir='ltr'><strong>optimi</strong></span> <span class='ocrx_word' id='word_1_182' title='bbox 1355 2505 1589 2561; x_wconf 88' lang='lat' dir='ltr'><strong>consilii.</strong></span> <span class='ocrx_word' id='word_1_183' title='bbox 1630 2505 1911 2561; x_wconf 89' lang='lat' dir='ltr'><strong>Seniorem</strong></span> <span class='ocrx_word' id='word_1_184' title='bbox 1941 2524 2035 2563; x_wconf 89' lang='lat' dir='ltr'><strong>au-</strong></span> 
     </span>
    </p>
   </div>
   <div class='ocr_carea' id='block_1_26' title="bbox 454 2597 2038 2670">
    <p class='ocr_par' dir='ltr' id='par_1_26' title="bbox 454 2597 2038 2670">
     <span class='ocr_line' id='line_1_26' title="bbox 454 2597 2038 2670; baseline 0.006 -23"><span class='ocrx_word' id='word_1_185' title='bbox 454 2605 560 2648; x_wconf 89' lang='lat' dir='ltr'><strong>tem</strong></span> <span class='ocrx_word' id='word_1_186' title='bbox 603 2609 879 2661; x_wconf 85' lang='lat' dir='ltr'><strong>vocamus,</strong></span> <span class='ocrx_word' id='word_1_187' title='bbox 933 2610 1037 2649; x_wconf 93' lang='lat' dir='ltr'><strong>non</strong></span> <span class='ocrx_word' id='word_1_188' title='bbox 1076 2606 1320 2665; x_wconf 87' lang='lat' dir='ltr'><strong>tempore</strong></span> <span class='ocrx_word' id='word_1_189' title='bbox 1346 2597 1587 2667; x_wconf 91' lang='lat' dir='ltr'><strong>(plurimi</strong></span> <span class='ocrx_word' id='word_1_190' title='bbox 1612 2599 1755 2653; x_wconf 85' lang='lat' dir='ltr'><strong>enim</strong></span> <span class='ocrx_word' id='word_1_191' title='bbox 1784 2602 1922 2670; x_wconf 88' lang='lat' dir='ltr'><strong>apud</strong></span> <span class='ocrx_word' id='word_1_192' title='bbox 1943 2601 2038 2656; x_wconf 83' lang='lat' dir='ltr'><strong>Ju-</strong></span> 
     </span>
    </p>
   </div>
   <div class='ocr_carea' id='block_1_27' title="bbox 454 2689 2032 2756">
    <p class='ocr_par' dir='ltr' id='par_1_27' title="bbox 454 2689 2032 2756">
     <span class='ocr_line' id='line_1_27' title="bbox 454 2689 2032 2756; baseline 0.004 -15"><span class='ocrx_word' id='word_1_193' title='bbox 454 2689 600 2744; x_wconf 73' lang='lat' dir='ltr'><strong>daeos</strong></span> <span class='ocrx_word' id='word_1_194' title='bbox 626 2689 921 2742; x_wconf 89' lang='lat' dir='ltr'><strong>etiamnum</strong></span> <span class='ocrx_word' id='word_1_195' title='bbox 959 2690 1223 2756; x_wconf 87' lang='lat' dir='ltr'><strong>sunt,_qui</strong></span> <span class='ocrx_word' id='word_1_196' title='bbox 1254 2689 1320 2742; x_wconf 89' lang='lat' dir='ltr'><strong>ad</strong></span> <span class='ocrx_word' id='word_1_197' title='bbox 1357 2690 1545 2744; x_wconf 86' lang='lat' dir='ltr'><strong>senilis</strong></span> <span class='ocrx_word' id='word_1_198' title='bbox 1564 2693 1737 2746; x_wconf 72' lang='lat' dir='ltr'><strong>aelatis</strong></span> <span class='ocrx_word' id='word_1_199' title='bbox 1763 2708 2032 2747; x_wconf 92' lang='lat' dir='ltr'><strong>summum</strong></span> 
     </span>
    </p>
   </div>
   <div class='ocr_carea' id='block_1_28' title="bbox 452 2780 2032 2856">
    <p class='ocr_par' dir='ltr' id='par_1_28' title="bbox 452 2780 2032 2856">
     <span class='ocr_line' id='line_1_28' title="bbox 452 2780 2032 2856; baseline 0.004 -21"><span class='ocrx_word' id='word_1_200' title='bbox 452 2780 817 2850; x_wconf 85' lang='lat' dir='ltr'><strong>perveniunt),</strong></span> <span class='ocrx_word' id='word_1_201' title='bbox 869 2790 925 2834; x_wconf 88' lang='lat' dir='ltr'><strong>at</strong></span> <span class='ocrx_word' id='word_1_202' title='bbox 961 2780 1316 2851; x_wconf 84' lang='lat' dir='ltr'><strong>intelligentia</strong></span> <span class='ocrx_word' id='word_1_203' title='bbox 1365 2792 1421 2837; x_wconf 88' lang='lat' dir='ltr'><strong>et</strong></span> <span class='ocrx_word' id='word_1_204' title='bbox 1461 2784 1807 2854; x_wconf 85' lang='lat' dir='ltr'><strong>cognitione,</strong></span> <span class='ocrx_word' id='word_1_205' title='bbox 1847 2795 1904 2840; x_wconf 89' lang='lat' dir='ltr'><strong>et</strong></span> <span class='ocrx_word' id='word_1_206' title='bbox 1941 2787 2032 2856; x_wconf 88' lang='lat' dir='ltr'><strong>qui</strong></span> 
     </span>
    </p>
   </div>
   <div class='ocr_carea' id='block_1_29' title="bbox 453 2873 2036 2947">
    <p class='ocr_par' dir='ltr' id='par_1_29' title="bbox 453 2873 2036 2947">
     <span class='ocr_line' id='line_1_29' title="bbox 453 2873 2036 2947; baseline 0.008 -24"><span class='ocrx_word' id='word_1_207' title='bbox 453 2876 597 2927; x_wconf 85' lang='lat' dir='ltr'><strong>velut</strong></span> <span class='ocrx_word' id='word_1_208' title='bbox 626 2873 786 2928; x_wconf 83' lang='lat' dir='ltr'><strong>ﬁnem</strong></span> <span class='ocrx_word' id='word_1_209' title='bbox 832 2889 896 2927; x_wconf 91' lang='lat' dir='ltr'><strong>ac</strong></span> <span class='ocrx_word' id='word_1_210' title='bbox 928 2873 1205 2943; x_wconf 81' lang='lat' dir='ltr'><strong>fastigium</strong></span> <span class='ocrx_word' id='word_1_211' title='bbox 1252 2876 1555 2944; x_wconf 85' lang='lat' dir='ltr'><strong>prudentiae</strong></span> <span class='ocrx_word' id='word_1_212' title='bbox 1599 2876 1781 2947; x_wconf 85' lang='lat' dir='ltr'><strong>attigit</strong></span> <span class='ocrx_word' id='word_1_213' title='bbox 1818 2896 1831 2932; x_wconf 90' lang='lat'><strong>:</strong></span> <span class='ocrx_word' id='word_1_214' title='bbox 1860 2879 1946 2933; x_wconf 90' lang='lat' dir='ltr'><strong>cui</strong></span> <span class='ocrx_word' id='word_1_215' title='bbox 1981 2888 2036 2935; x_wconf 87' lang='lat' dir='ltr'><strong>et</strong></span> 
     </span>
    </p>
   </div>
   <div class='ocr_carea' id='block_1_30' title="bbox 454 2962 2034 3038">
    <p class='ocr_par' dir='ltr' id='par_1_30' title="bbox 454 2962 2034 3038">
     <span class='ocr_line' id='line_1_30' title="bbox 454 2962 2034 3038; baseline 0.005 -21"><span class='ocrx_word' id='word_1_216' title='bbox 454 2965 647 3019; x_wconf 89' lang='lat' dir='ltr'><strong>beatus</strong></span> <span class='ocrx_word' id='word_1_217' title='bbox 689 2962 928 3018; x_wconf 89' lang='lat' dir='ltr'><strong>Joannes</strong></span> <span class='ocrx_word' id='word_1_218' title='bbox 971 2965 1238 3035; x_wconf 64' lang='lat' dir='ltr'><strong>praecipit,</strong></span> <span class='ocrx_word' id='word_1_219' title='bbox 1277 2965 1462 3023; x_wconf 87' lang='lat' dir='ltr'><strong>dicens</strong></span> <span class='ocrx_word' id='word_1_220' title='bbox 1495 2986 1510 3022; x_wconf 87' lang='lat'><strong>:</strong></span> <span class='ocrx_word' id='word_1_221' title='bbox 1548 2987 1567 3020; x_wconf 79' lang='grc' dir='ltr'><strong>ι</strong></span> <span class='ocrx_word' id='word_1_222' title='bbox 1602 2967 1795 3024; x_wconf 91' lang='lat' dir='ltr'><strong>Scribo</strong></span> <span class='ocrx_word' id='word_1_223' title='bbox 1840 2970 1993 3025; x_wconf 83' lang='lat' dir='ltr'><strong>vobis</strong></span> <span class='ocrx_word' id='word_1_224' title='bbox 2019 3012 2034 3038; x_wconf 92' lang='lat'><strong>,</strong></span> 
     </span>
    </p>
   </div>
   <div class='ocr_carea' id='block_1_31' title="bbox 455 3058 2033 3135">
    <p class='ocr_par' dir='ltr' id='par_1_31' title="bbox 455 3058 2033 3135">
     <span class='ocr_line' id='line_1_31' title="bbox 455 3058 2033 3135; baseline 0.007 -27"><span class='ocrx_word' id='word_1_225' title='bbox 455 3065 664 3124; x_wconf 87' lang='lat' dir='ltr'><strong>patres,</strong></span> <span class='ocrx_word' id='word_1_226' title='bbox 698 3059 823 3125; x_wconf 87' lang='lat' dir='ltr'><strong>quia</strong></span> <span class='ocrx_word' id='word_1_227' title='bbox 866 3058 1201 3127; x_wconf 85' lang='lat' dir='ltr'><strong>cognovislis</strong></span> <span class='ocrx_word' id='word_1_228' title='bbox 1246 3074 1373 3135; x_wconf 3' lang='lat' dir='ltr'><strong>eum,</strong></span> <span class='ocrx_word' id='word_1_229' title='bbox 1420 3060 1489 3115; x_wconf 90' lang='lat' dir='ltr'><strong>ab</strong></span> <span class='ocrx_word' id='word_1_230' title='bbox 1518 3061 1671 3115; x_wconf 87' lang='lat' dir='ltr'><strong>initio</strong></span> <span class='ocrx_word' id='word_1_231' title='bbox 1700 3062 1766 3116; x_wconf 69' lang='grc'><strong>³⁸.</strong></span> <span class='ocrx_word' id='word_1_232' title='bbox 1806 3082 1826 3116; x_wconf 71' lang='grc' dir='ltr'><strong>ι</strong></span> <span class='ocrx_word' id='word_1_233' title='bbox 1865 3064 2033 3119; x_wconf 89' lang='lat' dir='ltr'><strong>Senes</strong></span> 
     </span>
    </p>
   </div>
   <div class='ocr_carea' id='block_1_32' title="bbox 453 3149 2106 3242">
    <p class='ocr_par' dir='ltr' id='par_1_32' title="bbox 453 3149 2106 3242">
     <span class='ocr_line' id='line_1_32' title="bbox 453 3149 2106 3242; baseline 0.007 -42"><span class='ocrx_word' id='word_1_234' title='bbox 453 3162 585 3215; x_wconf 84' lang='lat' dir='ltr'><strong>ergo</strong></span> <span class='ocrx_word' id='word_1_235' title='bbox 612 3149 961 3219; x_wconf 81' lang='lat' dir='ltr'><strong>intelligimus</strong></span> <span class='ocrx_word' id='word_1_236' title='bbox 992 3164 1107 3215; x_wconf 83' lang='lat' dir='ltr'><strong>eos,</strong></span> <span class='ocrx_word' id='word_1_237' title='bbox 1146 3152 1235 3219; x_wconf 88' lang='lat' dir='ltr'><strong>qui</strong></span> <span class='ocrx_word' id='word_1_238' title='bbox 1270 3163 1510 3208; x_wconf 88' lang='lat' dir='ltr'><strong>mentem</strong></span> <span class='ocrx_word' id='word_1_239' title='bbox 1538 3155 2031 3223; x_wconf 89' lang='lat' dir='ltr'><strong>habentsedatam,</strong></span> <span class='ocrx_word' id='word_1_240' title='bbox 2062 3180 2106 3242; x_wconf 72' lang='grc' dir='ltr'>ε</span> 
     </span>
    </p>
   </div>
   <div class='ocr_carea' id='block_1_33' title="bbox 455 3239 2038 3318">
    <p class='ocr_par' dir='ltr' id='par_1_33' title="bbox 455 3239 2038 3318">
     <span class='ocr_line' id='line_1_33' title="bbox 455 3239 2038 3318; baseline 0.009 -27"><span class='ocrx_word' id='word_1_241' title='bbox 455 3239 548 3307; x_wconf 89' lang='lat' dir='ltr'><strong>qui</strong></span> <span class='ocrx_word' id='word_1_242' title='bbox 585 3248 903 3294; x_wconf 74' lang='lat' dir='ltr'><strong>conatantes</strong></span> <span class='ocrx_word' id='word_1_243' title='bbox 935 3256 998 3295; x_wconf 89' lang='lat' dir='ltr'><strong>ac</strong></span> <span class='ocrx_word' id='word_1_244' title='bbox 1028 3242 1149 3295; x_wconf 91' lang='lat' dir='ltr'><strong>cani</strong></span> <span class='ocrx_word' id='word_1_245' title='bbox 1186 3251 1316 3296; x_wconf 87' lang='lat' dir='ltr'><strong>sunt</strong></span> <span class='ocrx_word' id='word_1_246' title='bbox 1364 3244 1549 3299; x_wconf 89' lang='lat' dir='ltr'><strong>animo</strong></span> <span class='ocrx_word' id='word_1_247' title='bbox 1590 3254 1647 3300; x_wconf 89' lang='lat' dir='ltr'><strong>et</strong></span> <span class='ocrx_word' id='word_1_248' title='bbox 1699 3257 1880 3303; x_wconf 88' lang='lat' dir='ltr'><strong>mente</strong></span> <span class='ocrx_word' id='word_1_249' title='bbox 1912 3264 2038 3318; x_wconf 89' lang='lat' dir='ltr'><strong>pro-</strong></span> 
     </span>
    </p>
   </div>
   <div class='ocr_carea' id='block_1_34' title="bbox 454 3331 2035 3409">
    <p class='ocr_par' dir='ltr' id='par_1_34' title="bbox 454 3331 2035 3409">
     <span class='ocr_line' id='line_1_34' title="bbox 454 3331 2035 3409; baseline 0.008 -26"><span class='ocrx_word' id='word_1_250' title='bbox 454 3331 696 3385; x_wconf 82' lang='lat' dir='ltr'><strong>vectiore</strong></span> <span class='ocrx_word' id='word_1_251' title='bbox 726 3342 782 3387; x_wconf 89' lang='lat' dir='ltr'><strong>et</strong></span> <span class='ocrx_word' id='word_1_252' title='bbox 825 3332 1114 3388; x_wconf 88' lang='lat' dir='ltr'><strong>adultiore.</strong></span> <span class='ocrx_word' id='word_1_253' title='bbox 1163 3332 1703 3407; x_wconf 86' lang='lat' dir='ltr'><strong>Quinquagenarium</strong></span> <span class='ocrx_word' id='word_1_254' title='bbox 1756 3340 2035 3409; x_wconf 87' lang='lat' dir='ltr'><strong>appellat,</strong></span> 
     </span>
    </p>
   </div>
   <div class='ocr_carea' id='block_1_35' title="bbox 456 3425 2033 3500">
    <p class='ocr_par' dir='ltr' id='par_1_35' title="bbox 456 3425 2033 3500">
     <span class='ocr_line' id='line_1_35' title="bbox 456 3425 2033 3500; baseline 0.006 -23"><span class='ocrx_word' id='word_1_255' title='bbox 456 3438 564 3478; x_wconf 91' lang='lat' dir='ltr'><strong>non</strong></span> <span class='ocrx_word' id='word_1_256' title='bbox 604 3425 847 3479; x_wconf 89' lang='lat' dir='ltr'><strong>absolute</strong></span> <span class='ocrx_word' id='word_1_257' title='bbox 881 3426 1273 3497; x_wconf 87' lang='lat' dir='ltr'><strong>quinquaginta</strong></span> <span class='ocrx_word' id='word_1_258' title='bbox 1330 3429 1639 3484; x_wconf 90' lang='lat' dir='ltr'><strong>hominibus</strong></span> <span class='ocrx_word' id='word_1_259' title='bbox 1687 3432 2033 3500; x_wconf 66' lang='lat' dir='ltr'><strong>praefectum,</strong></span> 
     </span>
    </p>
   </div>
   <div class='ocr_carea' id='block_1_36' title="bbox 457 3514 2039 3588">
    <p class='ocr_par' dir='ltr' id='par_1_36' title="bbox 457 3514 2039 3588">
     <span class='ocr_line' id='line_1_36' title="bbox 457 3514 2039 3588; baseline 0.006 -20"><span class='ocrx_word' id='word_1_260' title='bbox 457 3514 550 3568; x_wconf 85' lang='lat' dir='ltr'><strong>sed</strong></span> <span class='ocrx_word' id='word_1_261' title='bbox 581 3514 739 3567; x_wconf 91' lang='lat' dir='ltr'><strong>veluti</strong></span> <span class='ocrx_word' id='word_1_262' title='bbox 773 3530 839 3568; x_wconf 81' lang='lat' dir='ltr'><strong>ex</strong></span> <span class='ocrx_word' id='word_1_263' title='bbox 871 3530 975 3568; x_wconf 90' lang='lat' dir='ltr'><strong>una</strong></span> <span class='ocrx_word' id='word_1_264' title='bbox 1004 3517 1106 3569; x_wconf 88' lang='lat' dir='ltr'><strong>hac</strong></span> <span class='ocrx_word' id='word_1_265' title='bbox 1131 3518 1460 3588; x_wconf 50' lang='lat' dir='ltr'><strong>rqquisquis</strong></span> <span class='ocrx_word' id='word_1_266' title='bbox 1479 3519 1800 3588; x_wconf 90' lang='lat' dir='ltr'><strong>simpliciter</strong></span> <span class='ocrx_word' id='word_1_267' title='bbox 1828 3536 1893 3576; x_wconf 89' lang='lat' dir='ltr'><strong>ac</strong></span> <span class='ocrx_word' id='word_1_268' title='bbox 1921 3537 2039 3576; x_wconf 90' lang='lat' dir='ltr'><strong>om-</strong></span> 
     </span>
    </p>
   </div>
   <div class='ocr_carea' id='block_1_37' title="bbox 457 3605 2037 3680">
    <p class='ocr_par' dir='ltr' id='par_1_37' title="bbox 457 3605 2037 3680">
     <span class='ocr_line' id='line_1_37' title="bbox 457 3605 2037 3680; baseline 0.008 -23"><span class='ocrx_word' id='word_1_269' title='bbox 457 3605 585 3658; x_wconf 92' lang='lat' dir='ltr'><strong>nino</strong></span> <span class='ocrx_word' id='word_1_270' title='bbox 631 3605 919 3675; x_wconf 69' lang='lat' dir='ltr'><strong>prael&#39;ectus</strong></span> <span class='ocrx_word' id='word_1_271' title='bbox 958 3620 1063 3672; x_wconf 87' lang='lat' dir='ltr'><strong>est,</strong></span> <span class='ocrx_word' id='word_1_272' title='bbox 1095 3617 1149 3662; x_wconf 89' lang='lat' dir='ltr'><strong>et</strong></span> <span class='ocrx_word' id='word_1_273' title='bbox 1175 3610 1329 3678; x_wconf 91' lang='lat' dir='ltr'><strong>quasi</strong></span> <span class='ocrx_word' id='word_1_274' title='bbox 1357 3612 1661 3680; x_wconf 90' lang='lat' dir='ltr'><strong>composite</strong></span> <span class='ocrx_word' id='word_1_275' title='bbox 1704 3623 1756 3666; x_wconf 92' lang='lat' dir='ltr'><strong>et</strong></span> <span class='ocrx_word' id='word_1_276' title='bbox 1784 3614 2037 3669; x_wconf 88' lang='lat' dir='ltr'><strong>ordinate</strong></span> 
     </span>
    </p>
   </div>
   <div class='ocr_carea' id='block_1_38' title="bbox 457 3697 2040 3766">
    <p class='ocr_par' dir='ltr' id='par_1_38' title="bbox 457 3697 2040 3766">
     <span class='ocr_line' id='line_1_38' title="bbox 457 3697 2040 3766; baseline 0.009 -22"><span class='ocrx_word' id='word_1_277' title='bbox 457 3697 663 3748; x_wconf 79' lang='lat' dir='ltr'><strong>versari</strong></span> <span class='ocrx_word' id='word_1_278' title='bbox 691 3711 754 3749; x_wconf 89' lang='lat' dir='ltr'><strong>ac</strong></span> <span class='ocrx_word' id='word_1_279' title='bbox 788 3698 968 3750; x_wconf 88' lang='lat' dir='ltr'><strong>vivere</strong></span> <span class='ocrx_word' id='word_1_280' title='bbox 1008 3700 1298 3766; x_wconf 86' lang='lat' dir='ltr'><strong>persuadet</strong></span> <span class='ocrx_word' id='word_1_281' title='bbox 1328 3713 1456 3753; x_wconf 91' lang='lat' dir='ltr'><strong>suos</strong></span> <span class='ocrx_word' id='word_1_282' title='bbox 1495 3699 1766 3755; x_wconf 82' lang='lat' dir='ltr'><strong>subditos.</strong></span> <span class='ocrx_word' id='word_1_283' title='bbox 1794 3701 2040 3758; x_wconf 91' lang='lat' dir='ltr'><strong>Labora-</strong></span> 
     </span>
    </p>
   </div>
   <div class='ocr_carea' id='block_1_39' title="bbox 456 3786 2033 3855">
    <p class='ocr_par' dir='ltr' id='par_1_39' title="bbox 456 3786 2033 3855">
     <span class='ocr_line' id='line_1_39' title="bbox 456 3786 2033 3855; baseline 0.006 -19"><span class='ocrx_word' id='word_1_284' title='bbox 456 3786 535 3837; x_wconf 86' lang='lat' dir='ltr'><strong>vit</strong></span> <span class='ocrx_word' id='word_1_285' title='bbox 564 3796 742 3838; x_wconf 87' lang='lat' dir='ltr'><strong>autem</strong></span> <span class='ocrx_word' id='word_1_286' title='bbox 762 3801 882 3839; x_wconf 93' lang='lat' dir='ltr'><strong>cum</strong></span> <span class='ocrx_word' id='word_1_287' title='bbox 922 3788 1143 3855; x_wconf 90' lang='lat' dir='ltr'><strong>reliquis</strong></span> <span class='ocrx_word' id='word_1_288' title='bbox 1184 3789 1346 3843; x_wconf 88' lang='lat' dir='ltr'><strong>rebus</strong></span> <span class='ocrx_word' id='word_1_289' title='bbox 1367 3797 1479 3842; x_wconf 89' lang='lat' dir='ltr'><strong>tum</strong></span> <span class='ocrx_word' id='word_1_290' title='bbox 1505 3797 1559 3844; x_wconf 90' lang='lat' dir='ltr'><strong>et</strong></span> <span class='ocrx_word' id='word_1_291' title='bbox 1587 3791 1699 3845; x_wconf 63' lang='lat' dir='ltr'><strong>haec</strong></span> <span class='ocrx_word' id='word_1_292' title='bbox 1725 3789 2033 3847; x_wconf 66' lang='lat' dir='ltr'><strong>Iudaeorum</strong></span> 
     </span>
    </p>
   </div>
   <div class='ocr_carea' id='block_1_40' title="bbox 461 3876 2037 3948">
    <p class='ocr_par' dir='ltr' id='par_1_40' title="bbox 461 3876 2037 3948">
     <span class='ocr_line' id='line_1_40' title="bbox 461 3876 2037 3948; baseline 0.006 -19"><span class='ocrx_word' id='word_1_293' title='bbox 461 3876 768 3947; x_wconf 77' lang='lat' dir='ltr'><strong>Synagoga.</strong></span> <span class='ocrx_word' id='word_1_294' title='bbox 799 3880 989 3932; x_wconf 86' lang='lat' dir='ltr'><strong>Adhuc</strong></span> <span class='ocrx_word' id='word_1_295' title='bbox 1012 3880 1157 3933; x_wconf 92' lang='lat' dir='ltr'><strong>enim</strong></span> <span class='ocrx_word' id='word_1_296' title='bbox 1192 3881 1431 3948; x_wconf 89' lang='lat' dir='ltr'><strong>quandiu</strong></span> <span class='ocrx_word' id='word_1_297' title='bbox 1463 3897 1583 3935; x_wconf 91' lang='lat' dir='ltr'><strong>cum</strong></span> <span class='ocrx_word' id='word_1_298' title='bbox 1617 3882 1723 3937; x_wconf 88' lang='lat' dir='ltr'><strong>illis</strong></span> <span class='ocrx_word' id='word_1_299' title='bbox 1746 3892 1889 3939; x_wconf 87' lang='lat' dir='ltr'><strong>esset</strong></span> <span class='ocrx_word' id='word_1_300' title='bbox 1921 3900 2037 3940; x_wconf 90' lang='lat' dir='ltr'><strong>om-</strong></span> 
     </span>
    </p>
   </div>
   <div class='ocr_carea' id='block_1_41' title="bbox 461 3966 2039 4043">
    <p class='ocr_par' dir='ltr' id='par_1_41' title="bbox 461 3966 2039 4043">
     <span class='ocr_line' id='line_1_41' title="bbox 461 3966 2039 4043; baseline 0.008 -25"><span class='ocrx_word' id='word_1_301' title='bbox 461 3966 607 4019; x_wconf 89' lang='lat' dir='ltr'><strong>nium</strong></span> <span class='ocrx_word' id='word_1_302' title='bbox 639 3977 883 4021; x_wconf 89' lang='lat' dir='ltr'><strong>nostrum</strong></span> <span class='ocrx_word' id='word_1_303' title='bbox 915 3968 1177 4022; x_wconf 88' lang='lat' dir='ltr'><strong>Servator</strong></span> <span class='ocrx_word' id='word_1_304' title='bbox 1208 3970 1494 4036; x_wconf 84' lang='lat' dir='ltr'><strong>Christus,</strong></span> <span class='ocrx_word' id='word_1_305' title='bbox 1530 3982 1583 4027; x_wconf 91' lang='lat' dir='ltr'><strong>et</strong></span> <span class='ocrx_word' id='word_1_306' title='bbox 1613 3988 1711 4043; x_wconf 90' lang='lat' dir='ltr'><strong>per</strong></span> <span class='ocrx_word' id='word_1_307' title='bbox 1765 3975 1921 4028; x_wconf 86' lang='lat' dir='ltr'><strong>lidem</strong></span> <span class='ocrx_word' id='word_1_308' title='bbox 1970 3977 2039 4031; x_wconf 87' lang='lat' dir='ltr'><strong>ad</strong></span> 
     </span>
    </p>
   </div>
   <div class='ocr_carea' id='block_1_42' title="bbox 459 4059 2037 4138">
    <p class='ocr_par' dir='ltr' id='par_1_42' title="bbox 459 4059 2037 4138">
     <span class='ocr_line' id='line_1_42' title="bbox 459 4059 2037 4138; baseline 0.009 -29"><span class='ocrx_word' id='word_1_309' title='bbox 459 4059 626 4112; x_wconf 86' lang='lat' dir='ltr'><strong>vitam</strong></span> <span class='ocrx_word' id='word_1_310' title='bbox 658 4071 916 4113; x_wconf 67' lang='lat' dir='ltr'><strong>mternam</strong></span> <span class='ocrx_word' id='word_1_311' title='bbox 936 4100 955 4125; x_wconf 93' lang='lat'><strong>,</strong></span> <span class='ocrx_word' id='word_1_312' title='bbox 987 4070 1042 4115; x_wconf 93' lang='lat' dir='ltr'><strong>et</strong></span> <span class='ocrx_word' id='word_1_313' title='bbox 1069 4063 1135 4115; x_wconf 88' lang='lat' dir='ltr'><strong>ad</strong></span> <span class='ocrx_word' id='word_1_314' title='bbox 1159 4063 1596 4129; x_wconf 76' lang='lat' dir='ltr'><strong>coniunctionem</strong></span> <span class='ocrx_word' id='word_1_315' title='bbox 1637 4082 1759 4121; x_wconf 91' lang='lat' dir='ltr'><strong>cum</strong></span> <span class='ocrx_word' id='word_1_316' title='bbox 1793 4068 1901 4138; x_wconf 79' lang='lat'><strong>56</strong></span> <span class='ocrx_word' id='word_1_317' title='bbox 1926 4069 2037 4123; x_wconf 92' lang='lat' dir='ltr'><strong>Deo</strong></span> 
     </span>
    </p>
   </div>
   <div class='ocr_carea' id='block_1_43' title="bbox 458 4151 2033 4226">
    <p class='ocr_par' dir='ltr' id='par_1_43' title="bbox 458 4151 2033 4226">
     <span class='ocr_line' id='line_1_43' title="bbox 458 4151 2033 4226; baseline 0.009 -24"><span class='ocrx_word' id='word_1_318' title='bbox 458 4160 716 4218; x_wconf 82' lang='lat' dir='ltr'><strong>vocaret;</strong></span> <span class='ocrx_word' id='word_1_319' title='bbox 765 4151 1164 4208; x_wconf 80' lang='lat' dir='ltr'><strong>lueruntetiam</strong></span> <span class='ocrx_word' id='word_1_320' title='bbox 1219 4164 1332 4208; x_wconf 91' lang='lat' dir='ltr'><strong>tum</strong></span> <span class='ocrx_word' id='word_1_321' title='bbox 1383 4157 1523 4226; x_wconf 90' lang='lat' dir='ltr'><strong>apud</strong></span> <span class='ocrx_word' id='word_1_322' title='bbox 1569 4174 1663 4213; x_wconf 87' lang='lat' dir='ltr'><strong>eos</strong></span> <span class='ocrx_word' id='word_1_323' title='bbox 1692 4164 2033 4216; x_wconf 86' lang='lat' dir='ltr'><strong>sacerdotum</strong></span> 
     </span>
    </p>
   </div>
   <div class='ocr_carea' id='block_1_44' title="bbox 459 4244 2034 4313">
    <p class='ocr_par' dir='ltr' id='par_1_44' title="bbox 459 4244 2034 4313">
     <span class='ocr_line' id='line_1_44' title="bbox 459 4244 2034 4313; baseline 0.008 -19"><span class='ocrx_word' id='word_1_324' title='bbox 459 4244 755 4310; x_wconf 90' lang='lat' dir='ltr'><strong>principes,</strong></span> <span class='ocrx_word' id='word_1_325' title='bbox 787 4244 1053 4313; x_wconf 67' lang='lat' dir='ltr'><strong>praefecti,</strong></span> <span class='ocrx_word' id='word_1_326' title='bbox 1089 4244 1297 4300; x_wconf 85' lang='lat' dir='ltr'><strong>Scribae</strong></span> <span class='ocrx_word' id='word_1_327' title='bbox 1318 4257 1373 4301; x_wconf 91' lang='lat' dir='ltr'><strong>et</strong></span> <span class='ocrx_word' id='word_1_328' title='bbox 1400 4247 1693 4304; x_wconf 71' lang='lat' dir='ltr'><strong>Pharisaei:</strong></span> <span class='ocrx_word' id='word_1_329' title='bbox 1719 4262 1769 4305; x_wconf 88' lang='lat' dir='ltr'><strong>at</strong></span> <span class='ocrx_word' id='word_1_330' title='bbox 1798 4253 1886 4307; x_wconf 92' lang='lat' dir='ltr'><strong>ubi</strong></span> <span class='ocrx_word' id='word_1_331' title='bbox 1912 4268 2034 4307; x_wconf 90' lang='lat' dir='ltr'><strong>eum</strong></span> 
     </span>
    </p>
   </div>
   <div class='ocr_carea' id='block_1_45' title="bbox 461 4334 2033 4415">
    <p class='ocr_par' dir='ltr' id='par_1_45' title="bbox 461 4334 2033 4415">
     <span class='ocr_line' id='line_1_45' title="bbox 461 4334 2033 4415; baseline 0.01 -30"><span class='ocrx_word' id='word_1_332' title='bbox 461 4334 894 4402; x_wconf 83' lang='lat' dir='ltr'><strong>interfecissent,</strong></span> <span class='ocrx_word' id='word_1_333' title='bbox 956 4338 1173 4400; x_wconf 89' lang='lat' dir='ltr'><strong>miselli,</strong></span> <span class='ocrx_word' id='word_1_334' title='bbox 1233 4340 1286 4394; x_wconf 90' lang='lat' dir='ltr'><strong>in</strong></span> <span class='ocrx_word' id='word_1_335' title='bbox 1329 4356 1522 4395; x_wconf 87' lang='lat' dir='ltr'><strong>omnes</strong></span> <span class='ocrx_word' id='word_1_336' title='bbox 1578 4354 1771 4399; x_wconf 91' lang='lat' dir='ltr'><strong>ventos</strong></span> <span class='ocrx_word' id='word_1_337' title='bbox 1801 4345 2033 4415; x_wconf 88' lang='lat' dir='ltr'><strong>dispersi</strong></span> 
     </span>
    </p>
   </div>
   <div class='ocr_carea' id='block_1_46' title="bbox 459 4427 2037 4503">
    <p class='ocr_par' dir='ltr' id='par_1_46' title="bbox 459 4427 2037 4503">
     <span class='ocr_line' id='line_1_46' title="bbox 459 4427 2037 4503; baseline 0.011 -27"><span class='ocrx_word' id='word_1_338' title='bbox 459 4435 606 4487; x_wconf 90' lang='lat' dir='ltr'><strong>sunt,</strong></span> <span class='ocrx_word' id='word_1_339' title='bbox 640 4436 695 4479; x_wconf 89' lang='lat' dir='ltr'><strong>et</strong></span> <span class='ocrx_word' id='word_1_340' title='bbox 730 4427 972 4496; x_wconf 80' lang='lat' dir='ltr'><strong>hospites</strong></span> <span class='ocrx_word' id='word_1_341' title='bbox 1006 4429 1129 4483; x_wconf 81' lang='lat' dir='ltr'><strong>lacti</strong></span> <span class='ocrx_word' id='word_1_342' title='bbox 1172 4442 1320 4497; x_wconf 85' lang='lat' dir='ltr'><strong>sunt,</strong></span> <span class='ocrx_word' id='word_1_343' title='bbox 1355 4444 1515 4503; x_wconf 91' lang='lat' dir='ltr'><strong>atque</strong></span> <span class='ocrx_word' id='word_1_344' title='bbox 1546 4450 1804 4501; x_wconf 84' lang='lat' dir='ltr'><strong>errones,</strong></span> <span class='ocrx_word' id='word_1_345' title='bbox 1829 4448 1882 4492; x_wconf 91' lang='lat' dir='ltr'><strong>et</strong></span> <span class='ocrx_word' id='word_1_346' title='bbox 1916 4440 2037 4493; x_wconf 89' lang='lat' dir='ltr'><strong>ubi-</strong></span> 
     </span>
    </p>
   </div>
   <div class='ocr_carea' id='block_1_47' title="bbox 2132 564 3716 638">
    <p class='ocr_par' dir='ltr' id='par_1_47' title="bbox 2132 564 3716 638">
     <span class='ocr_line' id='line_1_47' title="bbox 2132 564 3716 638; baseline -0.006 -13"><span class='ocrx_word' id='word_1_347' title='bbox 2132 572 2228 625; x_wconf 70' lang='grc' dir='ltr'><strong>καὶ</strong></span> <span class='ocrx_word' id='word_1_348' title='bbox 2270 570 2332 623; x_wconf 82' lang='grc' dir='ltr'><strong>τδ</strong></span> <span class='ocrx_word' id='word_1_349' title='bbox 2358 568 2453 622; x_wconf 87' lang='grc' dir='ltr'><strong>τοῦ</strong></span> <span class='ocrx_word' id='word_1_350' title='bbox 2495 569 2663 638; x_wconf 90' lang='grc' dir='ltr'>νόμου</span> <span class='ocrx_word' id='word_1_351' title='bbox 2701 566 2797 620; x_wconf 80' lang='grc' dir='ltr'>καὶ</span> <span class='ocrx_word' id='word_1_352' title='bbox 2825 564 2935 618; x_wconf 90' lang='grc' dir='ltr'><strong>τῶν</strong></span> <span class='ocrx_word' id='word_1_353' title='bbox 2963 564 3255 637; x_wconf 77' lang='grc' dir='ltr'><strong>προφητῶν</strong></span> <span class='ocrx_word' id='word_1_354' title='bbox 3300 566 3526 633; x_wconf 81' lang='grc' dir='ltr'><strong>ἀφῖκται</strong></span> <span class='ocrx_word' id='word_1_355' title='bbox 3565 564 3716 628; x_wconf 83' lang='grc' dir='ltr'>τέλος</span> 
     </span>
    </p>
   </div>
   <div class='ocr_carea' id='block_1_48' title="bbox 2130 656 3716 733">
    <p class='ocr_par' dir='ltr' id='par_1_48' title="bbox 2130 656 3716 733">
     <span class='ocr_line' id='line_1_48' title="bbox 2130 656 3716 733; baseline -0.003 -19"><span class='ocrx_word' id='word_1_356' title='bbox 2130 661 2401 733; x_wconf 77' lang='grc' dir='ltr'><strong>(ἐπεφάνη</strong></span> <span class='ocrx_word' id='word_1_357' title='bbox 2454 661 2564 732; x_wconf 86' lang='grc' dir='ltr'>γὰρ</span> <span class='ocrx_word' id='word_1_358' title='bbox 2610 661 2742 730; x_wconf 85' lang='grc' dir='ltr'>ἡμῖν</span> <span class='ocrx_word' id='word_1_359' title='bbox 2788 660 2816 712; x_wconf 87' lang='grc' dir='ltr'>ὁ</span> <span class='ocrx_word' id='word_1_360' title='bbox 2859 658 2991 722; x_wconf 84' lang='grc' dir='ltr'>Θεὸς</span> <span class='ocrx_word' id='word_1_361' title='bbox 3042 658 3139 710; x_wconf 79' lang='grc' dir='ltr'><strong>καὶ</strong></span> <span class='ocrx_word' id='word_1_362' title='bbox 3176 656 3402 729; x_wconf 87' lang='grc' dir='ltr'>Κύριος,</span> <span class='ocrx_word' id='word_1_363' title='bbox 3437 656 3577 710; x_wconf 83' lang='grc' dir='ltr'>κατὰ</span> <span class='ocrx_word' id='word_1_364' title='bbox 3617 657 3716 721; x_wconf 81' lang='grc' dir='ltr'>τὰς</span> 
     </span>
    </p>
   </div>
   <div class='ocr_carea' id='block_1_49' title="bbox 2130 747 3715 823">
    <p class='ocr_par' dir='ltr' id='par_1_49' title="bbox 2130 747 3715 823">
     <span class='ocr_line' id='line_1_49' title="bbox 2130 747 3715 823; baseline -0.003 -19"><span class='ocrx_word' id='word_1_365' title='bbox 2130 752 2395 823; x_wconf 84' lang='grc' dir='ltr'>Γραφάς),</span> <span class='ocrx_word' id='word_1_366' title='bbox 2434 747 2554 804; x_wconf 83' lang='grc' dir='ltr'>εἶτα</span> <span class='ocrx_word' id='word_1_367' title='bbox 2603 750 3067 821; x_wconf 87' lang='grc' dir='ltr'>πεπαρῳνήκασιν</span> <span class='ocrx_word' id='word_1_368' title='bbox 3101 749 3181 811; x_wconf 90' lang='grc' dir='ltr'><strong>είς</strong></span> <span class='ocrx_word' id='word_1_369' title='bbox 3215 748 3399 800; x_wconf 78' lang='grc' dir='ltr'>αὐτόν’</span> <span class='ocrx_word' id='word_1_370' title='bbox 3441 748 3715 801; x_wconf 82' lang='grc' dir='ltr'><strong>πέπαυται</strong></span> 
     </span>
    </p>
   </div>
   <div class='ocr_carea' id='block_1_50' title="bbox 2130 836 3717 915">
    <p class='ocr_par' dir='ltr' id='par_1_50' title="bbox 2130 836 3717 915">
     <span class='ocr_line' id='line_1_50' title="bbox 2130 836 3717 915; baseline -0.003 -18"><span class='ocrx_word' id='word_1_371' title='bbox 2130 848 2261 915; x_wconf 80' lang='grc' dir='ltr'>παρ’</span> <span class='ocrx_word' id='word_1_372' title='bbox 2292 847 2476 909; x_wconf 82' lang='grc' dir='ltr'>αὐτοῖς</span> <span class='ocrx_word' id='word_1_373' title='bbox 2505 844 2605 915; x_wconf 90' lang='grc' dir='ltr'><strong>τῆς</strong></span> <span class='ocrx_word' id='word_1_374' title='bbox 2630 843 2963 914; x_wconf 79' lang='grc' dir='ltr'>προφητείας</span> <span class='ocrx_word' id='word_1_375' title='bbox 2987 844 3019 912; x_wconf 82' lang='grc' dir='ltr'>ἡ</span> <span class='ocrx_word' id='word_1_376' title='bbox 3048 841 3227 911; x_wconf 85' lang='grc' dir='ltr'>χάρις.</span> <span class='ocrx_word' id='word_1_377' title='bbox 3256 841 3331 893; x_wconf 85' lang='grc' dir='ltr'>υύ</span> <span class='ocrx_word' id='word_1_378' title='bbox 3363 839 3467 913; x_wconf 86' lang='grc' dir='ltr'>γὰρ</span> <span class='ocrx_word' id='word_1_379' title='bbox 3498 836 3565 911; x_wconf 81' lang='grc' dir='ltr'>ἦν</span> <span class='ocrx_word' id='word_1_380' title='bbox 3592 840 3717 893; x_wconf 74' lang='grc' dir='ltr'>ἀκό-</span> 
     </span>
    </p>
   </div>
   <div class='ocr_carea' id='block_1_51' title="bbox 2130 931 3717 1007">
    <p class='ocr_par' dir='ltr' id='par_1_51' title="bbox 2130 931 3717 1007">
     <span class='ocr_line' id='line_1_51' title="bbox 2130 931 3717 1007; baseline -0.004 -17"><span class='ocrx_word' id='word_1_381' title='bbox 2130 937 2317 990; x_wconf 90' lang='grc' dir='ltr'>λουθον</span> <span class='ocrx_word' id='word_1_382' title='bbox 2351 936 2653 1007; x_wconf 80' lang='grc' dir='ltr'>θεομάχους</span> <span class='ocrx_word' id='word_1_383' title='bbox 2686 936 2846 998; x_wconf 81' lang='grc' dir='ltr'>ὄντας</span> <span class='ocrx_word' id='word_1_384' title='bbox 2890 933 2983 986; x_wconf 80' lang='grc' dir='ltr'><strong>καὶ</strong></span> <span class='ocrx_word' id='word_1_385' title='bbox 3018 932 3301 1003; x_wconf 84' lang='grc' dir='ltr'>ὑϐριστὰς,</span> <span class='ocrx_word' id='word_1_386' title='bbox 3335 932 3627 1000; x_wconf 84' lang='grc' dir='ltr'>γεγονότας</span> <span class='ocrx_word' id='word_1_387' title='bbox 3658 931 3717 984; x_wconf 82' lang='grc' dir='ltr'>δὲ</span> 
     </span>
    </p>
   </div>
   <div class='ocr_carea' id='block_1_52' title="bbox 2132 1023 3715 1097">
    <p class='ocr_par' dir='ltr' id='par_1_52' title="bbox 2132 1023 3715 1097">
     <span class='ocr_line' id='line_1_52' title="bbox 2132 1023 3715 1097; baseline -0.003 -17"><span class='ocrx_word' id='word_1_388' title='bbox 2132 1028 2226 1080; x_wconf 75' lang='grc' dir='ltr'><strong>καὶ</strong></span> <span class='ocrx_word' id='word_1_389' title='bbox 2253 1026 2675 1097; x_wconf 71' lang='grc' dir='ltr'>κυριοκτόνους,</span> <span class='ocrx_word' id='word_1_390' title='bbox 2722 1026 2816 1079; x_wconf 78' lang='grc' dir='ltr'><strong>καὶ</strong></span> <span class='ocrx_word' id='word_1_391' title='bbox 2858 1024 2960 1087; x_wconf 83' lang='grc' dir='ltr'><strong>τὰς</strong></span> <span class='ocrx_word' id='word_1_392' title='bbox 2997 1027 3184 1095; x_wconf 82' lang='grc' dir='ltr'>χεῖρας</span> <span class='ocrx_word' id='word_1_393' title='bbox 3212 1025 3460 1093; x_wconf 81' lang='grc' dir='ltr'>αἱμάτων</span> <span class='ocrx_word' id='word_1_394' title='bbox 3493 1023 3715 1093; x_wconf 75' lang='grc' dir='ltr'>ἔχοντας</span> 
     </span>
    </p>
   </div>
   <div class='ocr_carea' id='block_1_53' title="bbox 2132 1115 3713 1191">
    <p class='ocr_par' dir='ltr' id='par_1_53' title="bbox 2132 1115 3713 1191">
     <span class='ocr_line' id='line_1_53' title="bbox 2132 1115 3713 1191; baseline -0.001 -20"><span class='ocrx_word' id='word_1_395' title='bbox 2132 1119 2380 1191; x_wconf 78' lang='grc' dir='ltr'>πλήρεις,</span> <span class='ocrx_word' id='word_1_396' title='bbox 2435 1117 2515 1188; x_wconf 85' lang='grc' dir='ltr'>τῷ</span> <span class='ocrx_word' id='word_1_397' title='bbox 2558 1118 2659 1187; x_wconf 86' lang='grc' dir='ltr'><strong>τῆς</strong></span> <span class='ocrx_word' id='word_1_398' title='bbox 2707 1118 3046 1187; x_wconf 84' lang='grc' dir='ltr'>προφητείας</span> <span class='ocrx_word' id='word_1_399' title='bbox 3105 1115 3367 1186; x_wconf 85' lang='grc' dir='ltr'>τιμᾶσθαι</span> <span class='ocrx_word' id='word_1_400' title='bbox 3420 1115 3713 1187; x_wconf 84' lang='grc' dir='ltr'>πνεύματι.</span> 
     </span>
    </p>
   </div>
   <div class='ocr_carea' id='block_1_54' title="bbox 2144 1206 3713 1281">
    <p class='ocr_par' dir='ltr' id='par_1_54' title="bbox 2144 1206 3713 1281">
     <span class='ocr_line' id='line_1_54' title="bbox 2144 1206 3713 1281; baseline -0.003 -18"><span class='ocrx_word' id='word_1_401' title='bbox 2144 1211 2616 1281; x_wconf 88' lang='grc' dir='ltr'>Ἐπιμαρτυρήσει</span> <span class='ocrx_word' id='word_1_402' title='bbox 2653 1209 2709 1261; x_wconf 82' lang='grc' dir='ltr'>δὲ</span> <span class='ocrx_word' id='word_1_403' title='bbox 2747 1208 2957 1272; x_wconf 83' lang='grc' dir='ltr'>τούτοις</span> <span class='ocrx_word' id='word_1_404' title='bbox 2997 1208 3090 1261; x_wconf 74' lang='grc' dir='ltr'><strong>καὶ</strong></span> <span class='ocrx_word' id='word_1_405' title='bbox 3118 1210 3146 1261; x_wconf 83' lang='grc' dir='ltr'>ὁ</span> <span class='ocrx_word' id='word_1_406' title='bbox 3186 1208 3457 1277; x_wconf 85' lang='grc' dir='ltr'>μακάριος</span> <span class='ocrx_word' id='word_1_407' title='bbox 3497 1206 3713 1278; x_wconf 84' lang='grc' dir='ltr'>Δανιὴλ,</span> 
     </span>
    </p>
   </div>
   <div class='ocr_carea' id='block_1_55' title="bbox 2132 1299 3717 1373">
    <p class='ocr_par' dir='ltr' id='par_1_55' title="bbox 2132 1299 3717 1373">
     <span class='ocr_line' id='line_1_55' title="bbox 2132 1299 3717 1373; baseline -0.002 -16"><span class='ocrx_word' id='word_1_408' title='bbox 2132 1302 2504 1373; x_wconf 79' lang='grc' dir='ltr'>ὲσφραγίσθαι</span> <span class='ocrx_word' id='word_1_409' title='bbox 2559 1301 2733 1369; x_wconf 82' lang='grc' dir='ltr'>λέγων</span> <span class='ocrx_word' id='word_1_410' title='bbox 2776 1302 2965 1372; x_wconf 81' lang='grc' dir='ltr'>ὅρασιν</span> <span class='ocrx_word' id='word_1_411' title='bbox 3021 1301 3114 1354; x_wconf 72' lang='grc' dir='ltr'><strong>καὶ</strong></span> <span class='ocrx_word' id='word_1_412' title='bbox 3159 1301 3465 1371; x_wconf 85' lang='grc' dir='ltr'>προφήτην.</span> <span class='ocrx_word' id='word_1_413' title='bbox 3507 1299 3717 1354; x_wconf 81' lang='grc' dir='ltr'>Οὐκοῦν</span> 
     </span>
    </p>
   </div>
   <div class='ocr_carea' id='block_1_56' title="bbox 2131 1391 3718 1466">
    <p class='ocr_par' dir='ltr' id='par_1_56' title="bbox 2131 1391 3718 1466">
     <span class='ocr_line' id='line_1_56' title="bbox 2131 1391 3718 1466; baseline -0.003 -18"><span class='ocrx_word' id='word_1_414' title='bbox 2131 1394 2400 1466; x_wconf 84' lang='grc' dir='ltr'>ἀμέτοχος</span> <span class='ocrx_word' id='word_1_415' title='bbox 2426 1393 2523 1463; x_wconf 89' lang='grc' dir='ltr'><strong>τῆς</strong></span> <span class='ocrx_word' id='word_1_416' title='bbox 2548 1391 2692 1446; x_wconf 74' lang='grc' dir='ltr'>οὕτω</span> <span class='ocrx_word' id='word_1_417' title='bbox 2718 1393 2979 1463; x_wconf 85' lang='grc' dir='ltr'>λαμπρᾶς</span> <span class='ocrx_word' id='word_1_418' title='bbox 3008 1393 3100 1444; x_wconf 77' lang='grc' dir='ltr'><strong>καὶ</strong></span> <span class='ocrx_word' id='word_1_419' title='bbox 3137 1391 3535 1462; x_wconf 84' lang='grc' dir='ltr'>εὐκλεεστὰτης</span> <span class='ocrx_word' id='word_1_420' title='bbox 3562 1393 3718 1462; x_wconf 86' lang='grc' dir='ltr'>χάρι-</span> 
     </span>
    </p>
   </div>
   <div class='ocr_carea' id='block_1_57' title="bbox 2130 1482 3717 1557">
    <p class='ocr_par' dir='ltr' id='par_1_57' title="bbox 2130 1482 3717 1557">
     <span class='ocr_line' id='line_1_57' title="bbox 2130 1482 3717 1557; baseline -0.003 -17"><span class='ocrx_word' id='word_1_421' title='bbox 2130 1505 2223 1551; x_wconf 91' lang='grc' dir='ltr'><strong>τος</strong></span> <span class='ocrx_word' id='word_1_422' title='bbox 2265 1489 2493 1555; x_wconf 82' lang='grc' dir='ltr'>γέγονεν</span> <span class='ocrx_word' id='word_1_423' title='bbox 2538 1488 2566 1540; x_wconf 87' lang='grc' dir='ltr'>ὁ</span> <span class='ocrx_word' id='word_1_424' title='bbox 2609 1487 2846 1557; x_wconf 80' lang='grc' dir='ltr'>Ἰσραήλ’</span> <span class='ocrx_word' id='word_1_425' title='bbox 2876 1484 3094 1556; x_wconf 80' lang='grc' dir='ltr'>ἀμαθὴς</span> <span class='ocrx_word' id='word_1_426' title='bbox 3122 1485 3180 1538; x_wconf 80' lang='grc' dir='ltr'>δὲ</span> <span class='ocrx_word' id='word_1_427' title='bbox 3209 1483 3353 1538; x_wconf 80' lang='grc' dir='ltr'>οὕτω</span> <span class='ocrx_word' id='word_1_428' title='bbox 3395 1485 3490 1537; x_wconf 75' lang='grc' dir='ltr'><strong>καὶ</strong></span> <span class='ocrx_word' id='word_1_429' title='bbox 3526 1482 3717 1555; x_wconf 82' lang='grc' dir='ltr'>φρενὸς</span> 
     </span>
    </p>
   </div>
   <div class='ocr_carea' id='block_1_58' title="bbox 2132 1575 3718 1650">
    <p class='ocr_par' dir='ltr' id='par_1_58' title="bbox 2132 1575 3718 1650">
     <span class='ocr_line' id='line_1_58' title="bbox 2132 1575 3718 1650; baseline -0.003 -18"><span class='ocrx_word' id='word_1_430' title='bbox 2132 1579 2339 1650; x_wconf 80' lang='grc' dir='ltr'>ἔρημος</span> <span class='ocrx_word' id='word_1_431' title='bbox 2374 1579 2606 1650; x_wconf 84' lang='grc' dir='ltr'><strong>ἀγαθῆς,</strong></span> <span class='ocrx_word' id='word_1_432' title='bbox 2635 1578 2710 1642; x_wconf 88' lang='grc' dir='ltr'>ὡς</span> <span class='ocrx_word' id='word_1_433' title='bbox 2738 1580 2814 1649; x_wconf 85' lang='grc' dir='ltr'><strong>μὴ</strong></span> <span class='ocrx_word' id='word_1_434' title='bbox 2851 1575 2991 1632; x_wconf 82' lang='grc' dir='ltr'>εἶναι</span> <span class='ocrx_word' id='word_1_435' title='bbox 3016 1579 3147 1648; x_wconf 89' lang='grc' dir='ltr'>παρ’</span> <span class='ocrx_word' id='word_1_436' title='bbox 3180 1577 3365 1640; x_wconf 82' lang='grc' dir='ltr'>αὐτοῖς</span> <span class='ocrx_word' id='word_1_437' title='bbox 3397 1576 3599 1649; x_wconf 80' lang='grc' dir='ltr'>μηδένα</span> <span class='ocrx_word' id='word_1_438' title='bbox 3629 1576 3718 1628; x_wconf 85' lang='grc' dir='ltr'><strong>τὸν</strong></span> 
     </span>
    </p>
   </div>
   <div class='ocr_carea' id='block_1_59' title="bbox 2134 1666 3719 1744">
    <p class='ocr_par' dir='ltr' id='par_1_59' title="bbox 2134 1666 3719 1744">
     <span class='ocr_line' id='line_1_59' title="bbox 2134 1666 3719 1744; baseline -0.003 -18"><span class='ocrx_word' id='word_1_439' title='bbox 2134 1675 2453 1744; x_wconf 81' lang='grc' dir='ltr'>στοχαστήν.</span> <span class='ocrx_word' id='word_1_440' title='bbox 2486 1673 2796 1744; x_wconf 82' lang='grc' dir='ltr'>Στοχαστὴν</span> <span class='ocrx_word' id='word_1_441' title='bbox 2819 1672 2877 1725; x_wconf 76' lang='grc' dir='ltr'>δὲ</span> <span class='ocrx_word' id='word_1_442' title='bbox 2906 1666 3047 1725; x_wconf 82' lang='grc' dir='ltr'>εἷναί</span> <span class='ocrx_word' id='word_1_443' title='bbox 3073 1687 3254 1739; x_wconf 89' lang='grc' dir='ltr'>φαμεν</span> <span class='ocrx_word' id='word_1_444' title='bbox 3273 1670 3365 1723; x_wconf 86' lang='grc' dir='ltr'><strong>τὸν</strong></span> <span class='ocrx_word' id='word_1_445' title='bbox 3390 1670 3554 1723; x_wconf 76' lang='grc' dir='ltr'>οἱονεὶ</span> <span class='ocrx_word' id='word_1_446' title='bbox 3582 1685 3719 1739; x_wconf 87' lang='grc' dir='ltr'>συμ-</span> 
     </span>
    </p>
   </div>
   <div class='ocr_carea' id='block_1_60' title="bbox 2133 1761 3719 1835">
    <p class='ocr_par' dir='ltr' id='par_1_60' title="bbox 2133 1761 3719 1835">
     <span class='ocr_line' id='line_1_60' title="bbox 2133 1761 3719 1835; baseline -0.003 -18"><span class='ocrx_word' id='word_1_447' title='bbox 2133 1764 2396 1817; x_wconf 88' lang='grc' dir='ltr'>ϐάλλοντα</span> <span class='ocrx_word' id='word_1_448' title='bbox 2436 1764 2531 1817; x_wconf 81' lang='grc' dir='ltr'><strong>καὶ</strong></span> <span class='ocrx_word' id='word_1_449' title='bbox 2578 1764 3104 1835; x_wconf 85' lang='grc' dir='ltr'>διατεκμαιρόμενον</span> <span class='ocrx_word' id='word_1_450' title='bbox 3145 1762 3320 1833; x_wconf 84' lang='grc' dir='ltr'>ὀρθῶς</span> <span class='ocrx_word' id='word_1_451' title='bbox 3362 1761 3569 1816; x_wconf 73' lang='grc' dir='ltr'>ἕκαστα</span> <span class='ocrx_word' id='word_1_452' title='bbox 3610 1761 3719 1813; x_wconf 87' lang='grc' dir='ltr'><strong>τῶν</strong></span> 
     </span>
    </p>
   </div>
   <div class='ocr_carea' id='block_1_61' title="bbox 2134 1851 3718 1926">
    <p class='ocr_par' dir='ltr' id='par_1_61' title="bbox 2134 1851 3718 1926">
     <span class='ocr_line' id='line_1_61' title="bbox 2134 1851 3718 1926; baseline -0.003 -19"><span class='ocrx_word' id='word_1_453' title='bbox 2134 1855 2497 1926; x_wconf 83' lang='grc' dir='ltr'>πραγμάτων,</span> <span class='ocrx_word' id='word_1_454' title='bbox 2530 1854 2624 1908; x_wconf 78' lang='grc' dir='ltr'><strong>καὶ</strong></span> <span class='ocrx_word' id='word_1_455' title='bbox 2650 1855 2773 1907; x_wconf 81' lang='grc' dir='ltr'>ὅποι</span> <span class='ocrx_word' id='word_1_456' title='bbox 2818 1854 2949 1906; x_wconf 77' lang='grc' dir='ltr'>ποτὲ</span> <span class='ocrx_word' id='word_1_457' title='bbox 2977 1851 3119 1923; x_wconf 80' lang='grc' dir='ltr'>ἥξει,</span> <span class='ocrx_word' id='word_1_458' title='bbox 3148 1852 3243 1904; x_wconf 77' lang='grc' dir='ltr'><strong>καὶ</strong></span> <span class='ocrx_word' id='word_1_459' title='bbox 3286 1852 3365 1914; x_wconf 80' lang='grc' dir='ltr'>εἰς</span> <span class='ocrx_word' id='word_1_460' title='bbox 3396 1852 3548 1902; x_wconf 91' lang='grc' dir='ltr'>ποῖον</span> <span class='ocrx_word' id='word_1_461' title='bbox 3583 1865 3718 1902; x_wconf 87' lang='grc' dir='ltr'>κατ·</span> 
     </span>
    </p>
   </div>
   <div class='ocr_carea' id='block_1_62' title="bbox 2135 1940 3719 2017">
    <p class='ocr_par' dir='ltr' id='par_1_62' title="bbox 2135 1940 3719 2017">
     <span class='ocr_line' id='line_1_62' title="bbox 2135 1940 3719 2017; baseline -0.004 -17"><span class='ocrx_word' id='word_1_462' title='bbox 2135 1950 2430 2017; x_wconf 90' lang='grc' dir='ltr'>αντήσουσι</span> <span class='ocrx_word' id='word_1_463' title='bbox 2458 1947 2631 2010; x_wconf 82' lang='grc' dir='ltr'>τέλος,</span> <span class='ocrx_word' id='word_1_464' title='bbox 2660 1941 2717 2000; x_wconf 85' lang='grc' dir='ltr'>εὖ</span> <span class='ocrx_word' id='word_1_465' title='bbox 2750 1946 2895 2017; x_wconf 88' lang='grc' dir='ltr'>μάλα</span> <span class='ocrx_word' id='word_1_466' title='bbox 2915 1943 3363 2014; x_wconf 82' lang='grc' dir='ltr'>διαγινώσκοντα.</span> <span class='ocrx_word' id='word_1_467' title='bbox 3396 1943 3459 1995; x_wconf 75' lang='lat' dir='ltr'><strong>Ol</strong></span> <span class='ocrx_word' id='word_1_468' title='bbox 3490 1942 3585 2013; x_wconf 72' lang='grc' dir='ltr'>μὲν</span> <span class='ocrx_word' id='word_1_469' title='bbox 3610 1940 3719 2011; x_wconf 80' lang='grc' dir='ltr'><strong>γὰρ</strong></span> 
     </span>
    </p>
   </div>
   <div class='ocr_carea' id='block_1_63' title="bbox 2132 2034 3721 2111">
    <p class='ocr_par' dir='ltr' id='par_1_63' title="bbox 2132 2034 3721 2111">
     <span class='ocr_line' id='line_1_63' title="bbox 2132 2034 3721 2111; baseline -0.003 -18"><span class='ocrx_word' id='word_1_470' title='bbox 2132 2040 2553 2111; x_wconf 83' lang='grc' dir='ltr'>ἀπερισκέπτως</span> <span class='ocrx_word' id='word_1_471' title='bbox 2604 2040 2700 2093; x_wconf 70' lang='grc' dir='ltr'><strong>καὶ</strong></span> <span class='ocrx_word' id='word_1_472' title='bbox 2747 2038 2807 2104; x_wconf 79' lang='grc' dir='ltr'>ἐξ</span> <span class='ocrx_word' id='word_1_473' title='bbox 2842 2037 3095 2110; x_wconf 78' lang='grc' dir='ltr'>ἐλαφρῶν</span> <span class='ocrx_word' id='word_1_474' title='bbox 3150 2037 3371 2091; x_wconf 76' lang='grc' dir='ltr'>ἐννοιῶν</span> <span class='ocrx_word' id='word_1_475' title='bbox 3417 2034 3721 2107; x_wconf 80' lang='grc' dir='ltr'>χωροῦντες</span> 
     </span>
    </p>
   </div>
   <div class='ocr_carea' id='block_1_64' title="bbox 2133 2128 3719 2203">
    <p class='ocr_par' dir='ltr' id='par_1_64' title="bbox 2133 2128 3719 2203">
     <span class='ocr_line' id='line_1_64' title="bbox 2133 2128 3719 2203; baseline -0.003 -18"><span class='ocrx_word' id='word_1_476' title='bbox 2133 2134 2212 2197; x_wconf 78' lang='grc' dir='ltr'>εἰς</span> <span class='ocrx_word' id='word_1_477' title='bbox 2255 2132 2324 2185; x_wconf 86' lang='grc' dir='ltr'>τὰ</span> <span class='ocrx_word' id='word_1_478' title='bbox 2369 2132 2643 2203; x_wconf 77' lang='grc' dir='ltr'>πρακτέα,</span> <span class='ocrx_word' id='word_1_479' title='bbox 2673 2132 3101 2203; x_wconf 85' lang='grc' dir='ltr'>διαμαρτάνουσι</span> <span class='ocrx_word' id='word_1_480' title='bbox 3137 2132 3248 2185; x_wconf 88' lang='grc' dir='ltr'><strong>τῶν</strong></span> <span class='ocrx_word' id='word_1_481' title='bbox 3282 2129 3589 2202; x_wconf 84' lang='grc' dir='ltr'>χρησίμων,</span> <span class='ocrx_word' id='word_1_482' title='bbox 3626 2128 3719 2181; x_wconf 85' lang='grc' dir='ltr'><strong>καὶ</strong></span> 
     </span>
    </p>
   </div>
   <div class='ocr_carea' id='block_1_65' title="bbox 2133 2222 3720 2294">
    <p class='ocr_par' dir='ltr' id='par_1_65' title="bbox 2133 2222 3720 2294">
     <span class='ocr_line' id='line_1_65' title="bbox 2133 2222 3720 2294; baseline -0.002 -17"><span class='ocrx_word' id='word_1_483' title='bbox 2133 2226 2208 2289; x_wconf 85' lang='grc' dir='ltr'>ὼς</span> <span class='ocrx_word' id='word_1_484' title='bbox 2240 2226 2331 2277; x_wconf 77' lang='grc' dir='ltr'><strong>ἐπὶ</strong></span> <span class='ocrx_word' id='word_1_485' title='bbox 2361 2226 2535 2294; x_wconf 82' lang='grc' dir='ltr'>σκότῳ</span> <span class='ocrx_word' id='word_1_486' title='bbox 2563 2223 2888 2293; x_wconf 80' lang='grc' dir='ltr'>βαδίζοντες,</span> <span class='ocrx_word' id='word_1_487' title='bbox 2918 2224 3165 2294; x_wconf 81' lang='grc' dir='ltr'>ἔρχονται</span> <span class='ocrx_word' id='word_1_488' title='bbox 3213 2222 3355 2277; x_wconf 86' lang='grc' dir='ltr'>κατὰ</span> <span class='ocrx_word' id='word_1_489' title='bbox 3396 2222 3627 2292; x_wconf 85' lang='grc' dir='ltr'>πετρῶν.</span> <span class='ocrx_word' id='word_1_490' title='bbox 3655 2222 3720 2274; x_wconf 73' lang='grc' dir='ltr'>υἱ</span> 
     </span>
    </p>
   </div>
   <div class='ocr_carea' id='block_1_66' title="bbox 2132 2311 3719 2387">
    <p class='ocr_par' dir='ltr' id='par_1_66' title="bbox 2132 2311 3719 2387">
     <span class='ocr_line' id='line_1_66' title="bbox 2132 2311 3719 2387; baseline -0.003 -19"><span class='ocrx_word' id='word_1_491' title='bbox 2132 2315 2189 2368; x_wconf 86' lang='grc' dir='ltr'>δὲ</span> <span class='ocrx_word' id='word_1_492' title='bbox 2213 2315 2460 2387; x_wconf 91' lang='grc' dir='ltr'>ἀκριϐεῖς</span> <span class='ocrx_word' id='word_1_493' title='bbox 2489 2318 2570 2378; x_wconf 87' lang='grc' dir='ltr'>εἰς</span> <span class='ocrx_word' id='word_1_494' title='bbox 2606 2314 2840 2383; x_wconf 88' lang='grc' dir='ltr'>σύνεσιν,</span> <span class='ocrx_word' id='word_1_495' title='bbox 2874 2317 2987 2381; x_wconf 83' lang='grc' dir='ltr'>ὀξεῖ</span> <span class='ocrx_word' id='word_1_496' title='bbox 3021 2315 3307 2385; x_wconf 86' lang='grc' dir='ltr'>βλέπουσιν</span> <span class='ocrx_word' id='word_1_497' title='bbox 3337 2313 3600 2384; x_wconf 83' lang='grc' dir='ltr'>ὀφθαλμῷ</span> <span class='ocrx_word' id='word_1_498' title='bbox 3623 2311 3719 2375; x_wconf 83' lang='grc' dir='ltr'><strong>τὰς</strong></span> 
     </span>
    </p>
   </div>
   <div class='ocr_carea' id='block_1_67' title="bbox 2134 2408 3718 2480">
    <p class='ocr_par' dir='ltr' id='par_1_67' title="bbox 2134 2408 3718 2480">
     <span class='ocr_line' id='line_1_67' title="bbox 2134 2408 3718 2480; baseline -0.002 -19"><span class='ocrx_word' id='word_1_499' title='bbox 2134 2409 2243 2462; x_wconf 90' lang='grc' dir='ltr'><strong>τῶν</strong></span> <span class='ocrx_word' id='word_1_500' title='bbox 2272 2409 2612 2480; x_wconf 85' lang='grc' dir='ltr'>πραγμάτων</span> <span class='ocrx_word' id='word_1_501' title='bbox 2638 2408 2911 2471; x_wconf 76' lang='grc' dir='ltr'>ἐκϐάσεις.</span> <span class='ocrx_word' id='word_1_502' title='bbox 2938 2409 3047 2461; x_wconf 72' lang='lat' dir='ltr'><strong>Kal.</strong></span> <span class='ocrx_word' id='word_1_503' title='bbox 3071 2409 3209 2461; x_wconf 69' lang='grc' dir='ltr'>εἰσιν</span> <span class='ocrx_word' id='word_1_504' title='bbox 3234 2408 3335 2461; x_wconf 86' lang='grc' dir='ltr'><strong>οὐκ</strong></span> <span class='ocrx_word' id='word_1_505' title='bbox 3355 2408 3718 2478; x_wconf 86' lang='grc' dir='ltr'>ἀθαύμαστοι,</span> 
     </span>
    </p>
   </div>
   <div class='ocr_carea' id='block_1_68' title="bbox 2134 2499 3721 2573">
    <p class='ocr_par' dir='ltr' id='par_1_68' title="bbox 2134 2499 3721 2573">
     <span class='ocr_line' id='line_1_68' title="bbox 2134 2499 3721 2573; baseline -0.001 -18"><span class='ocrx_word' id='word_1_506' title='bbox 2134 2502 2222 2557; x_wconf 86' lang='grc' dir='ltr'><strong>διά</strong></span> <span class='ocrx_word' id='word_1_507' title='bbox 2242 2501 2400 2555; x_wconf 88' lang='grc' dir='ltr'>τοῦτο</span> <span class='ocrx_word' id='word_1_508' title='bbox 2423 2502 2600 2555; x_wconf 81' lang='grc' dir='ltr'>πάντα</span> <span class='ocrx_word' id='word_1_509' title='bbox 2619 2501 2852 2572; x_wconf 88' lang='grc' dir='ltr'>δρῶντες</span> <span class='ocrx_word' id='word_1_510' title='bbox 2875 2502 3254 2572; x_wconf 83' lang='grc' dir='ltr'>οἰκονομικῶς.</span> <span class='ocrx_word' id='word_1_511' title='bbox 3273 2500 3471 2573; x_wconf 79' lang='grc' dir='ltr'>Φρενὺς</span> <span class='ocrx_word' id='word_1_512' title='bbox 3489 2501 3545 2555; x_wconf 82' lang='grc' dir='ltr'>δὲ</span> <span class='ocrx_word' id='word_1_513' title='bbox 3564 2499 3721 2554; x_wconf 82' lang='grc' dir='ltr'>τοῦτο</span> 
     </span>
    </p>
   </div>
   <div class='ocr_carea' id='block_1_69' title="bbox 2135 2592 3717 2665">
    <p class='ocr_par' dir='ltr' id='par_1_69' title="bbox 2135 2592 3717 2665">
     <span class='ocr_line' id='line_1_69' title="bbox 2135 2592 3717 2665; baseline -0.001 -19"><span class='ocrx_word' id='word_1_514' title='bbox 2135 2594 2347 2665; x_wconf 87' lang='grc' dir='ltr'>καρπὸς</span> <span class='ocrx_word' id='word_1_515' title='bbox 2375 2593 2610 2664; x_wconf 80' lang='grc' dir='ltr'>ἀγαθῆς,</span> <span class='ocrx_word' id='word_1_516' title='bbox 2648 2593 2744 2646; x_wconf 75' lang='grc' dir='ltr'>καὶ</span> <span class='ocrx_word' id='word_1_517' title='bbox 2784 2593 3014 2665; x_wconf 86' lang='grc' dir='ltr'>ἀρίστης</span> <span class='ocrx_word' id='word_1_518' title='bbox 3042 2592 3212 2656; x_wconf 81' lang='grc' dir='ltr'>ὅντως</span> <span class='ocrx_word' id='word_1_519' title='bbox 3250 2592 3559 2663; x_wconf 75' lang='grc' dir='ltr'>ἐπίτευγμα</span> <span class='ocrx_word' id='word_1_520' title='bbox 3590 2592 3717 2663; x_wconf 88' lang='grc' dir='ltr'>βου-</span> 
     </span>
    </p>
   </div>
   <div class='ocr_carea' id='block_1_70' title="bbox 2136 2686 3719 2759">
    <p class='ocr_par' dir='ltr' id='par_1_70' title="bbox 2136 2686 3719 2759">
     <span class='ocr_line' id='line_1_70' title="bbox 2136 2686 3719 2759; baseline -0.001 -20"><span class='ocrx_word' id='word_1_521' title='bbox 2136 2686 2252 2757; x_wconf 86' lang='grc' dir='ltr'>λῆς.</span> <span class='ocrx_word' id='word_1_522' title='bbox 2306 2687 2683 2758; x_wconf 85' lang='grc' dir='ltr'>Πρεσϐύτερον</span> <span class='ocrx_word' id='word_1_523' title='bbox 2750 2687 2805 2738; x_wconf 88' lang='grc' dir='ltr'><strong>δέ</strong></span> <span class='ocrx_word' id='word_1_524' title='bbox 2852 2703 3033 2756; x_wconf 89' lang='grc' dir='ltr'>φαμεν</span> <span class='ocrx_word' id='word_1_525' title='bbox 3090 2687 3151 2739; x_wconf 85' lang='grc' dir='ltr'><strong>οὐ</strong></span> <span class='ocrx_word' id='word_1_526' title='bbox 3203 2686 3294 2739; x_wconf 81' lang='grc' dir='ltr'><strong>τὸν</strong></span> <span class='ocrx_word' id='word_1_527' title='bbox 3343 2688 3484 2741; x_wconf 84' lang='grc' dir='ltr'>κατὰ</span> <span class='ocrx_word' id='word_1_528' title='bbox 3530 2688 3719 2759; x_wconf 88' lang='grc' dir='ltr'>χρόνον</span> 
     </span>
    </p>
   </div>
   <div class='ocr_carea' id='block_1_71' title="bbox 2137 2779 3718 2851">
    <p class='ocr_par' dir='ltr' id='par_1_71' title="bbox 2137 2779 3718 2851">
     <span class='ocr_line' id='line_1_71' title="bbox 2137 2779 3718 2851; baseline 0.001 -20"><span class='ocrx_word' id='word_1_529' title='bbox 2137 2779 2398 2850; x_wconf 86' lang='grc' dir='ltr'>(πλεῖστοι</span> <span class='ocrx_word' id='word_1_530' title='bbox 2433 2780 2540 2851; x_wconf 85' lang='grc' dir='ltr'><strong>γὰρ</strong></span> <span class='ocrx_word' id='word_1_531' title='bbox 2582 2782 2697 2833; x_wconf 79' lang='grc' dir='ltr'>ὅσοι</span> <span class='ocrx_word' id='word_1_532' title='bbox 2743 2780 2894 2849; x_wconf 82' lang='grc' dir='ltr'><strong>παρά</strong></span> <span class='ocrx_word' id='word_1_533' title='bbox 2931 2783 3043 2843; x_wconf 91' lang='grc' dir='ltr'>τοῖς</span> <span class='ocrx_word' id='word_1_534' title='bbox 3096 2779 3372 2844; x_wconf 87' lang='grc' dir='ltr'>Ἰουδαίοις</span> <span class='ocrx_word' id='word_1_535' title='bbox 3422 2781 3588 2834; x_wconf 82' lang='grc' dir='ltr'>εἰσέτι</span> <span class='ocrx_word' id='word_1_536' title='bbox 3626 2781 3718 2835; x_wconf 80' lang='grc' dir='ltr'><strong>καὶ</strong></span> 
     </span>
    </p>
   </div>
   <div class='ocr_carea' id='block_1_72' title="bbox 2136 2870 3715 2943">
    <p class='ocr_par' dir='ltr' id='par_1_72' title="bbox 2136 2870 3715 2943">
     <span class='ocr_line' id='line_1_72' title="bbox 2136 2870 3715 2943; baseline 0.001 -18"><span class='ocrx_word' id='word_1_537' title='bbox 2136 2870 2253 2935; x_wconf 90' lang='grc' dir='ltr'>νῦν,</span> <span class='ocrx_word' id='word_1_538' title='bbox 2289 2872 2338 2925; x_wconf 82' lang='grc' dir='ltr'>οἳ</span> <span class='ocrx_word' id='word_1_539' title='bbox 2374 2872 2470 2925; x_wconf 78' lang='grc' dir='ltr'><strong>καὶ</strong></span> <span class='ocrx_word' id='word_1_540' title='bbox 2508 2873 2589 2935; x_wconf 87' lang='grc' dir='ltr'><strong>είς</strong></span> <span class='ocrx_word' id='word_1_541' title='bbox 2619 2872 2788 2943; x_wconf 82' lang='grc' dir='ltr'>ἄκρον</span> <span class='ocrx_word' id='word_1_542' title='bbox 2822 2872 3017 2943; x_wconf 75' lang='grc' dir='ltr'>ἥκουσι</span> <span class='ocrx_word' id='word_1_543' title='bbox 3043 2871 3413 2943; x_wconf 81' lang='grc' dir='ltr'>πρεσϐυτικῆς</span> <span class='ocrx_word' id='word_1_544' title='bbox 3452 2872 3715 2942; x_wconf 82' lang='grc' dir='ltr'>ἡλικίας),</span> 
     </span>
    </p>
   </div>
   <div class='ocr_carea' id='block_1_73' title="bbox 2136 2963 3720 3038">
    <p class='ocr_par' dir='ltr' id='par_1_73' title="bbox 2136 2963 3720 3038">
     <span class='ocr_line' id='line_1_73' title="bbox 2136 2963 3720 3038; baseline 0.003 -21"><span class='ocrx_word' id='word_1_545' title='bbox 2136 2964 2275 3018; x_wconf 88' lang='grc' dir='ltr'><strong>ἀλλά</strong></span> <span class='ocrx_word' id='word_1_546' title='bbox 2302 2964 2394 3019; x_wconf 83' lang='grc' dir='ltr'><strong>τὸν</strong></span> <span class='ocrx_word' id='word_1_547' title='bbox 2419 2963 2561 3017; x_wconf 87' lang='grc' dir='ltr'><strong>κατά</strong></span> <span class='ocrx_word' id='word_1_548' title='bbox 2589 2964 2824 3029; x_wconf 86' lang='grc' dir='ltr'>σύνεσιν,</span> <span class='ocrx_word' id='word_1_549' title='bbox 2848 2965 2941 3018; x_wconf 76' lang='grc' dir='ltr'>καὶ</span> <span class='ocrx_word' id='word_1_550' title='bbox 2962 2964 3038 3028; x_wconf 85' lang='grc' dir='ltr'><strong>ῶς</strong></span> <span class='ocrx_word' id='word_1_551' title='bbox 3059 2966 3116 3017; x_wconf 79' lang='grc' dir='ltr'>ἐν</span> <span class='ocrx_word' id='word_1_552' title='bbox 3138 2965 3438 3038; x_wconf 85' lang='grc' dir='ltr'>τελειότητι</span> <span class='ocrx_word' id='word_1_553' title='bbox 3463 2968 3720 3037; x_wconf 83' lang='grc' dir='ltr'>γεγονότα</span> 
     </span>
    </p>
   </div>
   <div class='ocr_carea' id='block_1_74' title="bbox 2139 3051 3717 3130">
    <p class='ocr_par' dir='ltr' id='par_1_74' title="bbox 2139 3051 3717 3130">
     <span class='ocr_line' id='line_1_74' title="bbox 2139 3051 3717 3130; baseline 0.003 -22"><span class='ocrx_word' id='word_1_554' title='bbox 2139 3056 2371 3125; x_wconf 88' lang='grc' dir='ltr'>φρενῶν.</span> <span class='ocrx_word' id='word_1_555' title='bbox 2405 3051 2500 3120; x_wconf 79' lang='grc' dir='ltr'><strong>Οἷς</strong></span> <span class='ocrx_word' id='word_1_556' title='bbox 2550 3056 2647 3109; x_wconf 75' lang='grc' dir='ltr'><strong>καῖ</strong></span> <span class='ocrx_word' id='word_1_557' title='bbox 2692 3058 2720 3109; x_wconf 86' lang='grc' dir='ltr'><strong>ὁ</strong></span> <span class='ocrx_word' id='word_1_558' title='bbox 2774 3057 3044 3128; x_wconf 86' lang='grc' dir='ltr'>μακάριος</span> <span class='ocrx_word' id='word_1_559' title='bbox 3096 3058 3350 3130; x_wconf 84' lang='grc' dir='ltr'>Ἰωάννης</span> <span class='ocrx_word' id='word_1_560' title='bbox 3395 3060 3717 3127; x_wconf 77' lang='grc' dir='ltr'>ἐπιστέλλει,</span> 
     </span>
    </p>
   </div>
   <div class='ocr_carea' id='block_1_75' title="bbox 2138 3146 3721 3219">
    <p class='ocr_par' dir='ltr' id='par_1_75' title="bbox 2138 3146 3721 3219">
     <span class='ocr_line' id='line_1_75' title="bbox 2138 3146 3721 3219; baseline 0.003 -19"><span class='ocrx_word' id='word_1_561' title='bbox 2138 3147 2333 3215; x_wconf 85' lang='grc' dir='ltr'>λέγων·</span> <span class='ocrx_word' id='word_1_562' title='bbox 2369 3165 2388 3198; x_wconf 75' lang='grc' dir='ltr'><strong>ι</strong></span> <span class='ocrx_word' id='word_1_563' title='bbox 2428 3146 2631 3218; x_wconf 82' lang='grc' dir='ltr'>Γράφω</span> <span class='ocrx_word' id='word_1_564' title='bbox 2678 3148 2831 3219; x_wconf 84' lang='grc' dir='ltr'>ὑμῖν,</span> <span class='ocrx_word' id='word_1_565' title='bbox 2867 3149 3134 3219; x_wconf 84' lang='grc' dir='ltr'>Πατέρες,</span> <span class='ocrx_word' id='word_1_566' title='bbox 3184 3149 3267 3202; x_wconf 75' lang='grc' dir='ltr'><strong>ὅτι</strong></span> <span class='ocrx_word' id='word_1_567' title='bbox 3316 3149 3589 3218; x_wconf 75' lang='grc' dir='ltr'>ἐγνώκατε</span> <span class='ocrx_word' id='word_1_568' title='bbox 3631 3150 3721 3205; x_wconf 82' lang='grc' dir='ltr'><strong>τὸν</strong></span> 
     </span>
    </p>
   </div>
   <div class='ocr_carea' id='block_1_76' title="bbox 2138 3237 3721 3314">
    <p class='ocr_par' dir='ltr' id='par_1_76' title="bbox 2138 3237 3721 3314">
     <span class='ocr_line' id='line_1_76' title="bbox 2138 3237 3721 3314; baseline 0.003 -22"><span class='ocrx_word' id='word_1_569' title='bbox 2138 3241 2418 3310; x_wconf 86' lang='grc' dir='ltr'>ἁπαρχῆς.</span> <span class='ocrx_word' id='word_1_570' title='bbox 2457 3258 2475 3290; x_wconf 72' lang='grc' dir='ltr'><strong>ι</strong></span> <span class='ocrx_word' id='word_1_571' title='bbox 2514 3240 2833 3312; x_wconf 83' lang='grc' dir='ltr'>Πρεσϐύτας</span> <span class='ocrx_word' id='word_1_572' title='bbox 2874 3237 2966 3295; x_wconf 84' lang='grc' dir='ltr'><strong>οὖν</strong></span> <span class='ocrx_word' id='word_1_573' title='bbox 3011 3242 3120 3313; x_wconf 83' lang='grc' dir='ltr'><strong>ἄρα</strong></span> <span class='ocrx_word' id='word_1_574' title='bbox 3148 3243 3431 3314; x_wconf 87' lang='grc' dir='ltr'>νοήσωμεν</span> <span class='ocrx_word' id='word_1_575' title='bbox 3471 3243 3599 3307; x_wconf 80' lang='grc' dir='ltr'>τοὺς</span> <span class='ocrx_word' id='word_1_576' title='bbox 3630 3244 3721 3297; x_wconf 74' lang='grc' dir='ltr'><strong>τὸν</strong></span> 
     </span>
    </p>
   </div>
   <div class='ocr_carea' id='block_1_77' title="bbox 2137 3332 3722 3404">
    <p class='ocr_par' dir='ltr' id='par_1_77' title="bbox 2137 3332 3722 3404">
     <span class='ocr_line' id='line_1_77' title="bbox 2137 3332 3722 3404; baseline 0.001 -20"><span class='ocrx_word' id='word_1_577' title='bbox 2137 3332 2263 3385; x_wconf 91' lang='grc' dir='ltr'>νοῦν</span> <span class='ocrx_word' id='word_1_578' title='bbox 2303 3333 2527 3403; x_wconf 76' lang='grc' dir='ltr'>ἔχοντας</span> <span class='ocrx_word' id='word_1_579' title='bbox 2575 3334 2841 3403; x_wconf 75' lang='grc' dir='ltr'>ἠρεμαῖον</span> <span class='ocrx_word' id='word_1_580' title='bbox 2881 3332 3005 3403; x_wconf 77' lang='grc' dir='ltr'>ἤδη,</span> <span class='ocrx_word' id='word_1_581' title='bbox 3032 3332 3127 3387; x_wconf 75' lang='grc' dir='ltr'>καὶ</span> <span class='ocrx_word' id='word_1_582' title='bbox 3163 3332 3593 3404; x_wconf 87' lang='grc' dir='ltr'>καθεστηκότας,</span> <span class='ocrx_word' id='word_1_583' title='bbox 3626 3333 3722 3388; x_wconf 75' lang='grc' dir='ltr'><strong>καὶ</strong></span> 
     </span>
    </p>
   </div>
   <div class='ocr_carea' id='block_1_78' title="bbox 2138 3424 3719 3497">
    <p class='ocr_par' dir='ltr' id='par_1_78' title="bbox 2138 3424 3719 3497">
     <span class='ocr_line' id='line_1_78' title="bbox 2138 3424 3719 3497; baseline 0.001 -19"><span class='ocrx_word' id='word_1_584' title='bbox 2138 3424 2356 3489; x_wconf 80' lang='grc' dir='ltr'>πολιοὺς</span> <span class='ocrx_word' id='word_1_585' title='bbox 2384 3425 2481 3496; x_wconf 81' lang='grc' dir='ltr'>τὴν</span> <span class='ocrx_word' id='word_1_586' title='bbox 2510 3426 2699 3497; x_wconf 85' lang='grc' dir='ltr'>φρένα,</span> <span class='ocrx_word' id='word_1_587' title='bbox 2730 3425 2920 3497; x_wconf 76' lang='grc' dir='ltr'>καὶτῷ</span> <span class='ocrx_word' id='word_1_588' title='bbox 2953 3424 3206 3497; x_wconf 85' lang='grc' dir='ltr'>βεϐηκότι</span> <span class='ocrx_word' id='word_1_589' title='bbox 3235 3426 3472 3497; x_wconf 81' lang='grc' dir='ltr'>χρῆσθαι</span> <span class='ocrx_word' id='word_1_590' title='bbox 3494 3426 3719 3497; x_wconf 79' lang='grc' dir='ltr'>μεμελεο</span> 
     </span>
    </p>
   </div>
   <div class='ocr_carea' id='block_1_79' title="bbox 2137 3518 3720 3591">
    <p class='ocr_par' dir='ltr' id='par_1_79' title="bbox 2137 3518 3720 3591">
     <span class='ocr_line' id='line_1_79' title="bbox 2137 3518 3720 3591; baseline 0.003 -23"><span class='ocrx_word' id='word_1_591' title='bbox 2137 3518 2391 3586; x_wconf 83' lang='grc' dir='ltr'>τηκότας.</span> <span class='ocrx_word' id='word_1_592' title='bbox 2427 3519 2906 3590; x_wconf 84' lang='grc' dir='ltr'>Πεντηκόνταρχον</span> <span class='ocrx_word' id='word_1_593' title='bbox 2938 3520 2995 3573; x_wconf 90' lang='grc' dir='ltr'><strong>δέ</strong></span> <span class='ocrx_word' id='word_1_594' title='bbox 3030 3538 3214 3591; x_wconf 87' lang='grc' dir='ltr'>φησιν,</span> <span class='ocrx_word' id='word_1_595' title='bbox 3238 3519 3358 3590; x_wconf 80' lang='grc' dir='ltr'>οὐχὶ</span> <span class='ocrx_word' id='word_1_596' title='bbox 3387 3519 3605 3582; x_wconf 88' lang='grc' dir='ltr'>πάντως</span> <span class='ocrx_word' id='word_1_597' title='bbox 3630 3519 3720 3572; x_wconf 83' lang='grc' dir='ltr'><strong>τὸν</strong></span> 
     </span>
    </p>
   </div>
   <div class='ocr_carea' id='block_1_80' title="bbox 2138 3610 3719 3683">
    <p class='ocr_par' dir='ltr' id='par_1_80' title="bbox 2138 3610 3719 3683">
     <span class='ocr_line' id='line_1_80' title="bbox 2138 3610 3719 3683; baseline 0.001 -19"><span class='ocrx_word' id='word_1_598' title='bbox 2138 3610 2347 3681; x_wconf 84' lang='grc' dir='ltr'>ἀνδρῶν</span> <span class='ocrx_word' id='word_1_599' title='bbox 2386 3612 2726 3679; x_wconf 77' lang='grc' dir='ltr'>πεντήκοντα</span> <span class='ocrx_word' id='word_1_600' title='bbox 2764 3612 3227 3683; x_wconf 79' lang='grc' dir='ltr'>προτεταγμένον,</span> <span class='ocrx_word' id='word_1_601' title='bbox 3260 3612 3377 3666; x_wconf 86' lang='grc' dir='ltr'>ἀλλ’</span> <span class='ocrx_word' id='word_1_602' title='bbox 3411 3612 3486 3675; x_wconf 84' lang='grc' dir='ltr'>ὡς</span> <span class='ocrx_word' id='word_1_603' title='bbox 3516 3613 3574 3679; x_wconf 82' lang='grc' dir='ltr'>ὲξ</span> <span class='ocrx_word' id='word_1_604' title='bbox 3603 3612 3719 3676; x_wconf 82' lang='grc' dir='ltr'>ἐνὸς</span> 
     </span>
    </p>
   </div>
   <div class='ocr_carea' id='block_1_81' title="bbox 2136 3701 3717 3775">
    <p class='ocr_par' dir='ltr' id='par_1_81' title="bbox 2136 3701 3717 3775">
     <span class='ocr_line' id='line_1_81' title="bbox 2136 3701 3717 3775; baseline 0.003 -22"><span class='ocrx_word' id='word_1_605' title='bbox 2136 3701 2201 3772; x_wconf 86' lang='grc' dir='ltr'><strong>δὴ</strong></span> <span class='ocrx_word' id='word_1_606' title='bbox 2254 3701 2444 3754; x_wconf 90' lang='grc' dir='ltr'>τούτου</span> <span class='ocrx_word' id='word_1_607' title='bbox 2497 3702 2822 3773; x_wconf 86' lang='grc' dir='ltr'>πράγματος</span> <span class='ocrx_word' id='word_1_608' title='bbox 2864 3702 3200 3768; x_wconf 81' lang='grc' dir='ltr'>ἁπαξαπλῶς</span> <span class='ocrx_word' id='word_1_609' title='bbox 3254 3704 3346 3757; x_wconf 81' lang='grc' dir='ltr'><strong>τὸν</strong></span> <span class='ocrx_word' id='word_1_610' title='bbox 3394 3704 3717 3775; x_wconf 85' lang='grc' dir='ltr'>ἡγούμενον.</span> 
     </span>
    </p>
   </div>
   <div class='ocr_carea' id='block_1_82' title="bbox 2138 3794 3719 3868">
    <p class='ocr_par' dir='ltr' id='par_1_82' title="bbox 2138 3794 3719 3868">
     <span class='ocr_line' id='line_1_82' title="bbox 2138 3794 3719 3868; baseline 0.001 -21"><span class='ocrx_word' id='word_1_611' title='bbox 2138 3795 2249 3847; x_wconf 77' lang='grc' dir='ltr'>Καὶ</span> <span class='ocrx_word' id='word_1_612' title='bbox 2278 3794 2352 3857; x_wconf 84' lang='grc' dir='ltr'>ὡς</span> <span class='ocrx_word' id='word_1_613' title='bbox 2383 3795 2441 3845; x_wconf 86' lang='grc' dir='ltr'><strong>ἐν</strong></span> <span class='ocrx_word' id='word_1_614' title='bbox 2470 3794 2661 3866; x_wconf 85' lang='grc' dir='ltr'>κόσμῳ</span> <span class='ocrx_word' id='word_1_615' title='bbox 2704 3796 2795 3848; x_wconf 79' lang='grc' dir='ltr'><strong>καὶ</strong></span> <span class='ocrx_word' id='word_1_616' title='bbox 2838 3796 2989 3862; x_wconf 81' lang='grc' dir='ltr'>τάξει</span> <span class='ocrx_word' id='word_1_617' title='bbox 3020 3796 3397 3849; x_wconf 86' lang='grc' dir='ltr'>πολιτεύεσθαί</span> <span class='ocrx_word' id='word_1_618' title='bbox 3431 3814 3492 3849; x_wconf 91' lang='grc' dir='ltr'><strong>τε</strong></span> <span class='ocrx_word' id='word_1_619' title='bbox 3530 3797 3719 3868; x_wconf 76' lang='grc' dir='ltr'>διαζῇν</span> 
     </span>
    </p>
   </div>
   <div class='ocr_carea' id='block_1_83' title="bbox 2137 3885 3719 3960">
    <p class='ocr_par' dir='ltr' id='par_1_83' title="bbox 2137 3885 3719 3960">
     <span class='ocr_line' id='line_1_83' title="bbox 2137 3885 3719 3960; baseline 0.003 -22"><span class='ocrx_word' id='word_1_620' title='bbox 2137 3885 2500 3940; x_wconf 81' lang='grc' dir='ltr'>ἀναπείθοντα</span> <span class='ocrx_word' id='word_1_621' title='bbox 2530 3889 2657 3950; x_wconf 81' lang='grc' dir='ltr'>τοὺς</span> <span class='ocrx_word' id='word_1_622' title='bbox 2688 3888 3147 3959; x_wconf 79' lang='grc' dir='ltr'>ὑπεζευγμένους.</span> <span class='ocrx_word' id='word_1_623' title='bbox 3189 3908 3207 3940; x_wconf 73' lang='grc' dir='ltr'><strong>ι</strong></span> <span class='ocrx_word' id='word_1_624' title='bbox 3254 3890 3513 3960; x_wconf 86' lang='grc' dir='ltr'>Ἐνόσηκε</span> <span class='ocrx_word' id='word_1_625' title='bbox 3538 3889 3592 3943; x_wconf 82' lang='grc' dir='ltr'>δὲ</span> <span class='ocrx_word' id='word_1_626' title='bbox 3627 3891 3719 3944; x_wconf 72' lang='grc' dir='ltr'><strong>καὶ</strong></span> 
     </span>
    </p>
   </div>
   <div class='ocr_carea' id='block_1_84' title="bbox 2138 3978 3713 4052">
    <p class='ocr_par' dir='ltr' id='par_1_84' title="bbox 2138 3978 3713 4052">
     <span class='ocr_line' id='line_1_84' title="bbox 2138 3978 3713 4052; baseline 0.004 -22"><span class='ocrx_word' id='word_1_627' title='bbox 2138 3978 2300 4030; x_wconf 85' lang='grc' dir='ltr'>τοῦτο</span> <span class='ocrx_word' id='word_1_628' title='bbox 2345 3979 2483 4048; x_wconf 88' lang='grc' dir='ltr'><strong>μετά</strong></span> <span class='ocrx_word' id='word_1_629' title='bbox 2522 3980 2632 4032; x_wconf 89' lang='grc' dir='ltr'><strong>τῶν</strong></span> <span class='ocrx_word' id='word_1_630' title='bbox 2677 3979 2853 4034; x_wconf 84' lang='grc' dir='ltr'>ἄλλων</span> <span class='ocrx_word' id='word_1_631' title='bbox 2892 3982 2925 4051; x_wconf 82' lang='grc' dir='ltr'>ἡ</span> <span class='ocrx_word' id='word_1_632' title='bbox 2964 3981 3073 4034; x_wconf 92' lang='grc' dir='ltr'><strong>τῶν</strong></span> <span class='ocrx_word' id='word_1_633' title='bbox 3102 3982 3370 4035; x_wconf 86' lang='grc' dir='ltr'>Ἰουδαίων</span> <span class='ocrx_word' id='word_1_634' title='bbox 3396 3984 3713 4052; x_wconf 85' lang='grc' dir='ltr'>Συναγωγή.</span> 
     </span>
    </p>
   </div>
   <div class='ocr_carea' id='block_1_85' title="bbox 2142 4072 3719 4147">
    <p class='ocr_par' dir='ltr' id='par_1_85' title="bbox 2142 4072 3719 4147">
     <span class='ocr_line' id='line_1_85' title="bbox 2142 4072 3719 4147; baseline 0.003 -22"><span class='ocrx_word' id='word_1_635' title='bbox 2142 4074 2263 4125; x_wconf 85' lang='grc' dir='ltr'><strong>Ἔτι</strong></span> <span class='ocrx_word' id='word_1_636' title='bbox 2290 4073 2386 4142; x_wconf 84' lang='grc' dir='ltr'>μὲν</span> <span class='ocrx_word' id='word_1_637' title='bbox 2415 4072 2525 4144; x_wconf 83' lang='grc' dir='ltr'>γὰρ</span> <span class='ocrx_word' id='word_1_638' title='bbox 2555 4074 2805 4138; x_wconf 84' lang='grc' dir='ltr'>συνόντος</span> <span class='ocrx_word' id='word_1_639' title='bbox 2836 4074 3018 4138; x_wconf 86' lang='grc' dir='ltr'>αὐτοῖς</span> <span class='ocrx_word' id='word_1_640' title='bbox 3051 4075 3145 4129; x_wconf 91' lang='grc' dir='ltr'><strong>τοῦ</strong></span> <span class='ocrx_word' id='word_1_641' title='bbox 3176 4077 3392 4129; x_wconf 82' lang='grc' dir='ltr'>πάντων</span> <span class='ocrx_word' id='word_1_642' title='bbox 3424 4077 3577 4147; x_wconf 83' lang='grc' dir='ltr'>ἡμῶν</span> <span class='ocrx_word' id='word_1_643' title='bbox 3607 4077 3719 4129; x_wconf 80' lang='grc' dir='ltr'><strong>Σω-</strong></span> 
     </span>
    </p>
   </div>
   <div class='ocr_carea' id='block_1_86' title="bbox 2137 4162 3719 4235">
    <p class='ocr_par' dir='ltr' id='par_1_86' title="bbox 2137 4162 3719 4235">
     <span class='ocr_line' id='line_1_86' title="bbox 2137 4162 3719 4235; baseline 0.003 -21"><span class='ocrx_word' id='word_1_644' title='bbox 2137 4164 2302 4234; x_wconf 80' lang='grc' dir='ltr'>τῆρος</span> <span class='ocrx_word' id='word_1_645' title='bbox 2342 4162 2603 4234; x_wconf 81' lang='grc' dir='ltr'>Χριστοῦ,</span> <span class='ocrx_word' id='word_1_646' title='bbox 2646 4164 2739 4216; x_wconf 73' lang='grc' dir='ltr'>καὶ</span> <span class='ocrx_word' id='word_1_647' title='bbox 2781 4163 3073 4229; x_wconf 81' lang='grc' dir='ltr'>καλοῦντος</span> <span class='ocrx_word' id='word_1_648' title='bbox 3109 4165 3198 4219; x_wconf 86' lang='grc' dir='ltr'>διὰ</span> <span class='ocrx_word' id='word_1_649' title='bbox 3234 4165 3335 4235; x_wconf 85' lang='grc' dir='ltr'><strong>τῆς</strong></span> <span class='ocrx_word' id='word_1_650' title='bbox 3373 4166 3606 4229; x_wconf 88' lang='grc' dir='ltr'>πίστεως</span> <span class='ocrx_word' id='word_1_651' title='bbox 3640 4168 3719 4229; x_wconf 79' lang='grc' dir='ltr'><strong>είς</strong></span> 
     </span>
    </p>
   </div>
   <div class='ocr_carea' id='block_1_87' title="bbox 2139 4254 3719 4329">
    <p class='ocr_par' dir='ltr' id='par_1_87' title="bbox 2139 4254 3719 4329">
     <span class='ocr_line' id='line_1_87' title="bbox 2139 4254 3719 4329; baseline 0.003 -23"><span class='ocrx_word' id='word_1_652' title='bbox 2139 4254 2285 4326; x_wconf 80' lang='grc' dir='ltr'>ζωὴν</span> <span class='ocrx_word' id='word_1_653' title='bbox 2314 4254 2551 4319; x_wconf 74' lang='grc' dir='ltr'>αἰώνιον,</span> <span class='ocrx_word' id='word_1_654' title='bbox 2582 4257 2659 4319; x_wconf 83' lang='grc' dir='ltr'>εἰς</span> <span class='ocrx_word' id='word_1_655' title='bbox 2685 4256 2929 4327; x_wconf 82' lang='grc' dir='ltr'>οὐρανῶν</span> <span class='ocrx_word' id='word_1_656' title='bbox 2961 4257 3257 4326; x_wconf 82' lang='grc' dir='ltr'>βασιλείαν,</span> <span class='ocrx_word' id='word_1_657' title='bbox 3296 4260 3377 4321; x_wconf 83' lang='grc' dir='ltr'>εἰς</span> <span class='ocrx_word' id='word_1_658' title='bbox 3413 4259 3719 4329; x_wconf 77' lang='grc' dir='ltr'>οἰκειότητα</span> 
     </span>
    </p>
   </div>
   <div class='ocr_carea' id='block_1_88' title="bbox 2136 4344 3719 4421">
    <p class='ocr_par' dir='ltr' id='par_1_88' title="bbox 2136 4344 3719 4421">
     <span class='ocr_line' id='line_1_88' title="bbox 2136 4344 3719 4421; baseline 0.003 -24"><span class='ocrx_word' id='word_1_659' title='bbox 2136 4345 2233 4416; x_wconf 83' lang='grc' dir='ltr'>τὴν</span> <span class='ocrx_word' id='word_1_660' title='bbox 2273 4345 2348 4409; x_wconf 82' lang='grc' dir='ltr'>ὡς</span> <span class='ocrx_word' id='word_1_661' title='bbox 2400 4347 2536 4417; x_wconf 81' lang='grc' dir='ltr'>πρὸς</span> <span class='ocrx_word' id='word_1_662' title='bbox 2566 4347 2715 4399; x_wconf 72' lang='grc' dir='ltr'>Θεόνο</span> <span class='ocrx_word' id='word_1_663' title='bbox 2756 4344 2894 4417; x_wconf 79' lang='grc' dir='ltr'>ἦσαν</span> <span class='ocrx_word' id='word_1_664' title='bbox 2935 4347 3013 4401; x_wconf 78' lang='grc' dir='ltr'>ἑτι</span> <span class='ocrx_word' id='word_1_665' title='bbox 3054 4350 3185 4419; x_wconf 89' lang='grc' dir='ltr'>παρ’</span> <span class='ocrx_word' id='word_1_666' title='bbox 3217 4351 3399 4412; x_wconf 72' lang='grc' dir='ltr'>αὐτοῖς</span> <span class='ocrx_word' id='word_1_667' title='bbox 3442 4353 3719 4421; x_wconf 83' lang='grc' dir='ltr'>ἀρχιερεῖς</span> 
     </span>
    </p>
   </div>
   <div class='ocr_carea' id='block_1_89' title="bbox 2139 4439 3717 4513">
    <p class='ocr_par' dir='ltr' id='par_1_89' title="bbox 2139 4439 3717 4513">
     <span class='ocr_line' id='line_1_89' title="bbox 2139 4439 3717 4513; baseline 0.003 -22"><span class='ocrx_word' id='word_1_668' title='bbox 2139 4440 2231 4492; x_wconf 82' lang='grc' dir='ltr'><strong>καὶ</strong></span> <span class='ocrx_word' id='word_1_669' title='bbox 2255 4439 2566 4510; x_wconf 80' lang='grc' dir='ltr'>ἡγούμενοι,</span> <span class='ocrx_word' id='word_1_670' title='bbox 2595 4442 2947 4511; x_wconf 86' lang='grc' dir='ltr'>Γραμματεῖς</span> <span class='ocrx_word' id='word_1_671' title='bbox 2967 4458 3025 4493; x_wconf 90' lang='grc' dir='ltr'><strong>τε</strong></span> <span class='ocrx_word' id='word_1_672' title='bbox 3053 4444 3148 4495; x_wconf 78' lang='grc' dir='ltr'><strong>καὶ</strong></span> <span class='ocrx_word' id='word_1_673' title='bbox 3165 4444 3465 4513; x_wconf 82' lang='grc' dir='ltr'>Φαρισαῖοι.</span> <span class='ocrx_word' id='word_1_674' title='bbox 3503 4445 3717 4513; x_wconf 82' lang='grc' dir='ltr'>Ἐπειδὴ</span> 
     </span>
    </p>
   </div>
   <div class='ocr_carea' id='block_1_90' title="bbox 459 4519 2034 4602">
    <p class='ocr_par' dir='ltr' id='par_1_90' title="bbox 459 4519 2031 4598">
     <span class='ocr_line' id='line_1_90' title="bbox 459 4519 2031 4598; baseline 0.013 -32"><span class='ocrx_word' id='word_1_675' title='bbox 459 4519 540 4569; x_wconf 81' lang='lat' dir='ltr'><strong>vis</strong></span> <span class='ocrx_word' id='word_1_676' title='bbox 581 4519 821 4586; x_wconf 89' lang='lat' dir='ltr'><strong>gentium</strong></span> <span class='ocrx_word' id='word_1_677' title='bbox 864 4523 1173 4590; x_wconf 87' lang='lat' dir='ltr'><strong>peregrini;</strong></span> <span class='ocrx_word' id='word_1_678' title='bbox 1208 4540 1310 4577; x_wconf 93' lang='lat' dir='ltr'><strong>non</strong></span> <span class='ocrx_word' id='word_1_679' title='bbox 1348 4528 1535 4591; x_wconf 90' lang='lat' dir='ltr'><strong>duces,</strong></span> <span class='ocrx_word' id='word_1_680' title='bbox 1572 4544 1678 4582; x_wconf 92' lang='lat' dir='ltr'><strong>non</strong></span> <span class='ocrx_word' id='word_1_681' title='bbox 1717 4531 2031 4598; x_wconf 70' lang='lat' dir='ltr'><strong>pratlectos,</strong></span> 
     </span>
    </p>
   </div>
   <div class='ocr_carea' id='block_1_91' title="bbox 2135 4519 3719 4602">
    <p class='ocr_par' dir='ltr' id='par_1_91' title="bbox 2137 4528 3719 4602">
     <span class='ocr_line' id='line_1_91' title="bbox 2137 4528 3719 4602; baseline 0.001 -21"><span class='ocrx_word' id='word_1_682' title='bbox 2137 4528 2194 4581; x_wconf 79' lang='grc' dir='ltr'>δὲ</span> <span class='ocrx_word' id='word_1_683' title='bbox 2242 4530 2604 4583; x_wconf 85' lang='grc' dir='ltr'>ἀπεκτόνασιν</span> <span class='ocrx_word' id='word_1_684' title='bbox 2658 4530 2819 4583; x_wconf 80' lang='grc' dir='ltr'>αὑτὸν</span> <span class='ocrx_word' id='word_1_685' title='bbox 2863 4533 2910 4583; x_wconf 81' lang='grc' dir='ltr'>οἱ</span> <span class='ocrx_word' id='word_1_686' title='bbox 2946 4531 3189 4597; x_wconf 84' lang='grc' dir='ltr'>δείλαιοι,</span> <span class='ocrx_word' id='word_1_687' title='bbox 3224 4532 3593 4602; x_wconf 83' lang='grc' dir='ltr'>διεσπάρησαν</span> <span class='ocrx_word' id='word_1_688' title='bbox 3640 4534 3719 4594; x_wconf 81' lang='grc' dir='ltr'><strong>εἰς</strong></span> 
     </span>
    </p>
   </div>
   <div class='ocr_carea' id='block_1_92' title="bbox 459 4610 2033 4688">
    <p class='ocr_par' dir='ltr' id='par_1_92' title="bbox 459 4610 2033 4688">
     <span class='ocr_line' id='line_1_92' title="bbox 459 4610 2033 4688; baseline 0.011 -29"><span class='ocrx_word' id='word_1_689' title='bbox 459 4620 518 4662; x_wconf 90' lang='grc' dir='ltr'><strong>ιιι</strong></span> <span class='ocrx_word' id='word_1_690' title='bbox 544 4610 696 4674; x_wconf 89' lang='lat' dir='ltr'><strong>olim,</strong></span> <span class='ocrx_word' id='word_1_691' title='bbox 719 4613 813 4665; x_wconf 91' lang='lat' dir='ltr'><strong>sed</strong></span> <span class='ocrx_word' id='word_1_692' title='bbox 840 4621 992 4666; x_wconf 87' lang='lat' dir='ltr'><strong>erant</strong></span> <span class='ocrx_word' id='word_1_693' title='bbox 1029 4614 1199 4668; x_wconf 90' lang='lat' dir='ltr'><strong>instar</strong></span> <span class='ocrx_word' id='word_1_694' title='bbox 1229 4618 1409 4686; x_wconf 83' lang='lat' dir='ltr'><strong>gregis</strong></span> <span class='ocrx_word' id='word_1_695' title='bbox 1440 4619 1531 4687; x_wconf 89' lang='lat' dir='ltr'><strong>qui</strong></span> <span class='ocrx_word' id='word_1_696' title='bbox 1567 4630 1782 4688; x_wconf 89' lang='lat' dir='ltr'><strong>pastore</strong></span> <span class='ocrx_word' id='word_1_697' title='bbox 1806 4624 2033 4677; x_wconf 84' lang='lat' dir='ltr'><strong>destitu-</strong></span> 
     </span>
    </p>
   </div>
   <div class='ocr_carea' id='block_1_93' title="bbox 458 4697 2032 4781">
    <p class='ocr_par' dir='ltr' id='par_1_93' title="bbox 458 4697 2032 4781">
     <span class='ocr_line' id='line_1_93' title="bbox 458 4697 2032 4781; baseline 0.011 -30"><span class='ocrx_word' id='word_1_698' title='bbox 458 4710 545 4754; x_wconf 92' lang='lat' dir='ltr'><strong>tus</strong></span> <span class='ocrx_word' id='word_1_699' title='bbox 577 4712 692 4768; x_wconf 91' lang='lat' dir='ltr'><strong>est,</strong></span> <span class='ocrx_word' id='word_1_700' title='bbox 736 4719 841 4757; x_wconf 89' lang='lat' dir='ltr'><strong>non</strong></span> <span class='ocrx_word' id='word_1_701' title='bbox 879 4704 1085 4759; x_wconf 88' lang='lat' dir='ltr'><strong>habens</strong></span> <span class='ocrx_word' id='word_1_702' title='bbox 1125 4707 1218 4775; x_wconf 89' lang='lat' dir='ltr'><strong>qui</strong></span> <span class='ocrx_word' id='word_1_703' title='bbox 1255 4710 1509 4777; x_wconf 72' lang='lat' dir='ltr'><strong>przesint;</strong></span> <span class='ocrx_word' id='word_1_704' title='bbox 1541 4697 1662 4777; x_wconf 88' lang='lat' dir='ltr'><strong>nec,</strong></span> <span class='ocrx_word' id='word_1_705' title='bbox 1697 4715 1839 4781; x_wconf 92' lang='lat' dir='ltr'><strong>quod</strong></span> <span class='ocrx_word' id='word_1_706' title='bbox 1868 4716 2032 4769; x_wconf 89' lang='lat' dir='ltr'><strong>etiam</strong></span> 
     </span>
    </p>
   </div>
   <div class='ocr_carea' id='block_1_94' title="bbox 457 4792 2029 4861">
    <p class='ocr_par' dir='ltr' id='par_1_94' title="bbox 457 4792 2029 4861">
     <span class='ocr_line' id='line_1_94' title="bbox 457 4792 2029 4861; baseline 0.012 -19"><span class='ocrx_word' id='word_1_707' title='bbox 457 4792 675 4860; x_wconf 79' lang='lat' dir='ltr'><strong>gravius</strong></span> <span class='ocrx_word' id='word_1_708' title='bbox 734 4805 856 4859; x_wconf 87' lang='lat' dir='ltr'><strong>est,</strong></span> <span class='ocrx_word' id='word_1_709' title='bbox 919 4797 1262 4854; x_wconf 84' lang='lat' dir='ltr'><strong>consultores</strong></span> <span class='ocrx_word' id='word_1_710' title='bbox 1312 4802 1661 4858; x_wconf 87' lang='lat' dir='ltr'><strong>admirabiles</strong></span> <span class='ocrx_word' id='word_1_711' title='bbox 1718 4806 2029 4861; x_wconf 87' lang='lat' dir='ltr'><strong>habebant:</strong></span> 
     </span>
    </p>
   </div>
   <div class='ocr_carea' id='block_1_95' title="bbox 455 4887 2037 4962">
    <p class='ocr_par' dir='ltr' id='par_1_95' title="bbox 455 4887 2037 4962">
     <span class='ocr_line' id='line_1_95' title="bbox 455 4887 2037 4962; baseline 0.008 -24"><span class='ocrx_word' id='word_1_712' title='bbox 455 4887 645 4954; x_wconf 85' lang='lat' dir='ltr'><strong>quales</strong></span> <span class='ocrx_word' id='word_1_713' title='bbox 674 4897 829 4943; x_wconf 89' lang='lat' dir='ltr'><strong>erant</strong></span> <span class='ocrx_word' id='word_1_714' title='bbox 861 4890 990 4943; x_wconf 89' lang='lat' dir='ltr'><strong>olim</strong></span> <span class='ocrx_word' id='word_1_715' title='bbox 1045 4891 1358 4959; x_wconf 68' lang='lat' dir='ltr'><strong>prophetae,</strong></span> <span class='ocrx_word' id='word_1_716' title='bbox 1413 4894 1504 4962; x_wconf 93' lang='lat' dir='ltr'><strong>qui</strong></span> <span class='ocrx_word' id='word_1_717' title='bbox 1547 4895 1613 4948; x_wconf 88' lang='lat' dir='ltr'><strong>ad</strong></span> <span class='ocrx_word' id='word_1_718' title='bbox 1655 4894 1881 4951; x_wconf 89' lang='lat' dir='ltr'><strong>salutem</strong></span> <span class='ocrx_word' id='word_1_719' title='bbox 1926 4897 2037 4952; x_wconf 90' lang='lat' dir='ltr'><strong>illis</strong></span> 
     </span>
    </p>
   </div>
   <div class='ocr_carea' id='block_1_96' title="bbox 457 4978 2035 5053">
    <p class='ocr_par' dir='ltr' id='par_1_96' title="bbox 457 4978 2035 5053">
     <span class='ocr_line' id='line_1_96' title="bbox 457 4978 2035 5053; baseline 0.009 -24"><span class='ocrx_word' id='word_1_720' title='bbox 457 4978 812 5034; x_wconf 86' lang='lat' dir='ltr'><strong>conducibilia</strong></span> <span class='ocrx_word' id='word_1_721' title='bbox 838 5019 853 5045; x_wconf 94' lang='lat'><strong>,</strong></span> <span class='ocrx_word' id='word_1_722' title='bbox 904 4981 1103 5036; x_wconf 90' lang='lat' dir='ltr'><strong>docent</strong></span> <span class='ocrx_word' id='word_1_723' title='bbox 1139 4982 1520 5053; x_wconf 79' lang='lat' dir='ltr'><strong>refractarios,</strong></span> <span class='ocrx_word' id='word_1_724' title='bbox 1558 4994 1614 5040; x_wconf 91' lang='lat' dir='ltr'><strong>et</strong></span> <span class='ocrx_word' id='word_1_725' title='bbox 1654 4986 1885 5042; x_wconf 80' lang='lat' dir='ltr'><strong>eﬂ‘renes</strong></span> <span class='ocrx_word' id='word_1_726' title='bbox 1916 5003 2035 5043; x_wconf 85' lang='lat' dir='ltr'><strong>mo-</strong></span> 
     </span>
    </p>
   </div>
   <div class='ocr_carea' id='block_1_97' title="bbox 459 5073 2031 5136">
    <p class='ocr_par' dir='ltr' id='par_1_97' title="bbox 459 5073 2031 5136">
     <span class='ocr_line' id='line_1_97' title="bbox 459 5073 2031 5136; baseline 0.01 -15"><span class='ocrx_word' id='word_1_727' title='bbox 459 5079 607 5132; x_wconf 88' lang='lat' dir='ltr'><strong>nent,</strong></span> <span class='ocrx_word' id='word_1_728' title='bbox 642 5078 696 5124; x_wconf 85' lang='lat' dir='ltr'><strong>et</strong></span> <span class='ocrx_word' id='word_1_729' title='bbox 719 5073 785 5123; x_wconf 90' lang='lat' dir='ltr'><strong>ad</strong></span> <span class='ocrx_word' id='word_1_730' title='bbox 806 5076 989 5126; x_wconf 88' lang='lat' dir='ltr'><strong>omnia</strong></span> <span class='ocrx_word' id='word_1_731' title='bbox 1020 5076 1326 5129; x_wconf 91' lang='lat' dir='ltr'><strong>necessaria</strong></span> <span class='ocrx_word' id='word_1_732' title='bbox 1361 5079 1427 5130; x_wconf 90' lang='lat' dir='ltr'><strong>ad</strong></span> <span class='ocrx_word' id='word_1_733' title='bbox 1466 5094 1619 5133; x_wconf 90' lang='lat' dir='ltr'><strong>usum</strong></span> <span class='ocrx_word' id='word_1_734' title='bbox 1644 5094 1709 5134; x_wconf 89' lang='lat' dir='ltr'><strong>ac</strong></span> <span class='ocrx_word' id='word_1_735' title='bbox 1740 5081 2031 5136; x_wconf 87' lang='lat' dir='ltr'><strong>utilitatem</strong></span> 
     </span>
    </p>
   </div>
   <div class='ocr_carea' id='block_1_98' title="bbox 458 5160 2031 5239">
    <p class='ocr_par' dir='ltr' id='par_1_98' title="bbox 458 5160 2031 5239">
     <span class='ocr_line' id='line_1_98' title="bbox 458 5160 2031 5239; baseline 0.01 -29"><span class='ocrx_word' id='word_1_736' title='bbox 458 5160 694 5214; x_wconf 74' lang='lat' dir='ltr'><strong>scienter</strong></span> <span class='ocrx_word' id='word_1_737' title='bbox 733 5166 1121 5220; x_wconf 87' lang='lat' dir='ltr'><strong>manuducunt.</strong></span> <span class='ocrx_word' id='word_1_738' title='bbox 1154 5166 1439 5222; x_wconf 84' lang='lat' dir='ltr'><strong>Minitatur</strong></span> <span class='ocrx_word' id='word_1_739' title='bbox 1469 5185 1634 5239; x_wconf 91' lang='lat' dir='ltr'><strong>porro</strong></span> <span class='ocrx_word' id='word_1_740' title='bbox 1673 5171 2031 5227; x_wconf 86' lang='lat' dir='ltr'><strong>abducturum</strong></span> 
     </span>
    </p>
   </div>
   <div class='ocr_carea' id='block_1_99' title="bbox 458 5250 2031 5330">
    <p class='ocr_par' dir='ltr' id='par_1_99' title="bbox 458 5250 2031 5330">
     <span class='ocr_line' id='line_1_99' title="bbox 458 5250 2031 5330; baseline 0.011 -32"><span class='ocrx_word' id='word_1_741' title='bbox 458 5267 516 5299; x_wconf 72' lang='lat' dir='ltr'><strong>se</strong></span> <span class='ocrx_word' id='word_1_742' title='bbox 559 5250 625 5304; x_wconf 86' lang='lat' dir='ltr'><strong>ab</strong></span> <span class='ocrx_word' id='word_1_743' title='bbox 664 5251 769 5305; x_wconf 90' lang='lat' dir='ltr'><strong>illis</strong></span> <span class='ocrx_word' id='word_1_744' title='bbox 823 5262 877 5305; x_wconf 90' lang='lat' dir='ltr'><strong>et</strong></span> <span class='ocrx_word' id='word_1_745' title='bbox 927 5256 1227 5323; x_wconf 86' lang='lat' dir='ltr'><strong>sapientem</strong></span> <span class='ocrx_word' id='word_1_746' title='bbox 1279 5259 1678 5325; x_wconf 89' lang='lat' dir='ltr'><strong>architectum,</strong></span> <span class='ocrx_word' id='word_1_747' title='bbox 1714 5271 1769 5316; x_wconf 93' lang='lat' dir='ltr'><strong>et</strong></span> <span class='ocrx_word' id='word_1_748' title='bbox 1800 5275 2031 5330; x_wconf 83' lang='lat' dir='ltr'><strong>gnarum</strong></span> 
     </span>
    </p>
   </div>
   <div class='ocr_carea' id='block_1_100' title="bbox 458 5338 2034 5414">
    <p class='ocr_par' dir='ltr' id='par_1_100' title="bbox 458 5338 2034 5414">
     <span class='ocr_line' id='line_1_100' title="bbox 458 5338 2034 5414; baseline 0.013 -29"><span class='ocrx_word' id='word_1_749' title='bbox 458 5338 781 5393; x_wconf 72' lang='lat' dir='ltr'><strong>auditorem.</strong></span> <span class='ocrx_word' id='word_1_750' title='bbox 837 5338 967 5405; x_wconf 75' lang='lat' dir='ltr'><strong>Qtue</strong></span> <span class='ocrx_word' id='word_1_751' title='bbox 1013 5344 1152 5397; x_wconf 90' lang='lat' dir='ltr'><strong>dona</strong></span> <span class='ocrx_word' id='word_1_752' title='bbox 1204 5347 1512 5414; x_wconf 87' lang='lat' dir='ltr'><strong>spiritualia</strong></span> <span class='ocrx_word' id='word_1_753' title='bbox 1559 5361 1725 5414; x_wconf 80' lang='lat' dir='ltr'><strong>sunt,</strong></span> <span class='ocrx_word' id='word_1_754' title='bbox 1770 5360 1825 5404; x_wconf 92' lang='lat' dir='ltr'><strong>et</strong></span> <span class='ocrx_word' id='word_1_755' title='bbox 1859 5366 1889 5404; x_wconf 89' lang='lat' dir='ltr'><strong>a</strong></span> <span class='ocrx_word' id='word_1_756' title='bbox 1922 5347 2034 5405; x_wconf 86' lang='lat' dir='ltr'><strong>Deo</strong></span> 
     </span>
    </p>
   </div>
   <div class='ocr_carea' id='block_1_101' title="bbox 458 5430 2039 5511">
    <p class='ocr_par' dir='ltr' id='par_1_101' title="bbox 458 5430 2039 5511">
     <span class='ocr_line' id='line_1_101' title="bbox 458 5430 2039 5511; baseline 0.01 -32"><span class='ocrx_word' id='word_1_757' title='bbox 458 5430 602 5491; x_wconf 82' lang='lat' dir='ltr'><strong>data,</strong></span> <span class='ocrx_word' id='word_1_758' title='bbox 638 5437 694 5482; x_wconf 90' lang='lat' dir='ltr'><strong>et</strong></span> <span class='ocrx_word' id='word_1_759' title='bbox 730 5445 943 5486; x_wconf 84' lang='lat' dir='ltr'><strong>summo</strong></span> <span class='ocrx_word' id='word_1_760' title='bbox 979 5434 1030 5486; x_wconf 92' lang='lat' dir='ltr'><strong>in</strong></span> <span class='ocrx_word' id='word_1_761' title='bbox 1073 5436 1279 5492; x_wconf 91' lang='lat' dir='ltr'><strong>honore</strong></span> <span class='ocrx_word' id='word_1_762' title='bbox 1308 5439 1557 5494; x_wconf 88' lang='lat' dir='ltr'><strong>habenda</strong></span> <span class='ocrx_word' id='word_1_763' title='bbox 1595 5457 1658 5495; x_wconf 90' lang='lat' dir='ltr'><strong>ac</strong></span> <span class='ocrx_word' id='word_1_764' title='bbox 1700 5442 1894 5511; x_wconf 88' lang='lat' dir='ltr'><strong>pretio.</strong></span> <span class='ocrx_word' id='word_1_765' title='bbox 1932 5441 2039 5495; x_wconf 82' lang='lat' dir='ltr'><strong>Sa-</strong></span> 
     </span>
    </p>
   </div>
   <div class='ocr_carea' id='block_1_102' title="bbox 412 5522 2036 5604">
    <p class='ocr_par' dir='ltr' id='par_1_102' title="bbox 412 5522 2036 5604">
     <span class='ocr_line' id='line_1_102' title="bbox 412 5522 2036 5604; baseline 0.013 -35"><span class='ocrx_word' id='word_1_766' title='bbox 412 5548 421 5549; x_wconf 47' lang='grc' dir='ltr'>ί</span> <span class='ocrx_word' id='word_1_767' title='bbox 459 5522 695 5588; x_wconf 75' lang='lat' dir='ltr'><strong>pirntem</strong></span> <span class='ocrx_word' id='word_1_768' title='bbox 741 5522 937 5591; x_wconf 85' lang='lat' dir='ltr'><strong>quippe</strong></span> <span class='ocrx_word' id='word_1_769' title='bbox 964 5540 1085 5581; x_wconf 86' lang='lat' dir='ltr'><strong>esse</strong></span> <span class='ocrx_word' id='word_1_770' title='bbox 1127 5528 1355 5584; x_wconf 89' lang='lat' dir='ltr'><strong>dicimus</strong></span> <span class='ocrx_word' id='word_1_771' title='bbox 1394 5534 1749 5589; x_wconf 85' lang='lat' dir='ltr'><strong>architectum</strong></span> <span class='ocrx_word' id='word_1_772' title='bbox 1776 5574 1790 5598; x_wconf 95' lang='lat'><strong>,</strong></span> <span class='ocrx_word' id='word_1_773' title='bbox 1821 5534 1913 5604; x_wconf 90' lang='lat' dir='ltr'><strong>qui</strong></span> <span class='ocrx_word' id='word_1_774' title='bbox 1948 5537 2036 5589; x_wconf 91' lang='lat' dir='ltr'><strong>in-</strong></span> 
     </span>
    </p>
   </div>
   <div class='ocr_carea' id='block_1_103' title="bbox 458 5612 2033 5689">
    <p class='ocr_par' dir='ltr' id='par_1_103' title="bbox 458 5612 2033 5689">
     <span class='ocr_line' id='line_1_103' title="bbox 458 5612 2033 5689; baseline 0.01 -23"><span class='ocrx_word' id='word_1_775' title='bbox 458 5612 760 5684; x_wconf 81' lang='lat' dir='ltr'><strong>telligenter</strong></span> <span class='ocrx_word' id='word_1_776' title='bbox 789 5616 1060 5671; x_wconf 67' lang='lat' dir='ltr'><strong>mdiﬁcare</strong></span> <span class='ocrx_word' id='word_1_777' title='bbox 1115 5619 1264 5674; x_wconf 85' lang='lat' dir='ltr'><strong>novit</strong></span> <span class='ocrx_word' id='word_1_778' title='bbox 1307 5618 1628 5689; x_wconf 79' lang='lat' dir='ltr'><strong>Ecclesium,</strong></span> <span class='ocrx_word' id='word_1_779' title='bbox 1662 5629 1830 5681; x_wconf 81' lang='lat' dir='ltr'><strong>rectis</strong></span> <span class='ocrx_word' id='word_1_780' title='bbox 1860 5636 1915 5680; x_wconf 90' lang='lat' dir='ltr'><strong>et</strong></span> <span class='ocrx_word' id='word_1_781' title='bbox 1948 5627 2033 5681; x_wconf 84' lang='lat' dir='ltr'><strong>in-</strong></span> 
     </span>
    </p>
   </div>
   <div class='ocr_carea' id='block_1_104' title="bbox 492 5772 974 5842">
    <p class='ocr_par' dir='ltr' id='par_1_104' title="bbox 492 5772 974 5842">
     <span class='ocr_line' id='line_1_104' title="bbox 492 5772 974 5842; baseline 0.004 -16"><span class='ocrx_word' id='word_1_782' title='bbox 492 5772 541 5804; x_wconf 73' lang='lat'><strong>“</strong></span> <span class='ocrx_word' id='word_1_783' title='bbox 571 5773 589 5826; x_wconf 90' lang='grc' dir='ltr'><strong>ι</strong></span> <span class='ocrx_word' id='word_1_784' title='bbox 619 5772 776 5829; x_wconf 79' lang='lat' dir='ltr'><strong>Joan.</strong></span> <span class='ocrx_word' id='word_1_785' title='bbox 805 5790 864 5842; x_wconf 87' lang='grc' dir='ltr'><strong>ιι,</strong></span> <span class='ocrx_word' id='word_1_786' title='bbox 892 5775 974 5829; x_wconf 79' lang='grc'><strong>15.</strong></span> 
     </span>
    </p>
   </div>
   <div class='ocr_carea' id='block_1_105' title="bbox 2152 4620 3719 4691">
    <p class='ocr_par' dir='ltr' id='par_1_105' title="bbox 2152 4620 3719 4691">
     <span class='ocr_line' id='line_1_105' title="bbox 2152 4620 3719 4691; baseline 0.001 -20"><span class='ocrx_word' id='word_1_787' title='bbox 2152 4620 2331 4673; x_wconf 81' lang='grc' dir='ltr'>πάντα</span> <span class='ocrx_word' id='word_1_788' title='bbox 2355 4621 2575 4690; x_wconf 82' lang='grc' dir='ltr'>ἄνεμον,</span> <span class='ocrx_word' id='word_1_789' title='bbox 2608 4620 2846 4690; x_wconf 87' lang='grc' dir='ltr'>μέτοικοί</span> <span class='ocrx_word' id='word_1_790' title='bbox 2871 4638 2931 4674; x_wconf 89' lang='grc' dir='ltr'><strong>τε</strong></span> <span class='ocrx_word' id='word_1_791' title='bbox 2954 4622 3047 4674; x_wconf 77' lang='grc' dir='ltr'>καὶ</span> <span class='ocrx_word' id='word_1_792' title='bbox 3070 4622 3264 4691; x_wconf 77' lang='grc' dir='ltr'>ἀλῆται</span> <span class='ocrx_word' id='word_1_793' title='bbox 3290 4622 3596 4691; x_wconf 89' lang='grc' dir='ltr'>γεγόνασιν,</span> <span class='ocrx_word' id='word_1_794' title='bbox 3624 4622 3719 4674; x_wconf 73' lang='grc' dir='ltr'>καὶ</span> 
     </span>
    </p>
   </div>
   <div class='ocr_carea' id='block_1_106' title="bbox 2141 4712 3719 4786">
    <p class='ocr_par' dir='ltr' id='par_1_106' title="bbox 2141 4712 3719 4786">
     <span class='ocr_line' id='line_1_106' title="bbox 2141 4712 3719 4786; baseline 0.001 -21"><span class='ocrx_word' id='word_1_795' title='bbox 2141 4712 2281 4776; x_wconf 84' lang='grc' dir='ltr'>ξένοι</span> <span class='ocrx_word' id='word_1_796' title='bbox 2318 4715 2585 4784; x_wconf 85' lang='grc' dir='ltr'>πανταχῆ,</span> <span class='ocrx_word' id='word_1_797' title='bbox 2620 4714 2717 4784; x_wconf 84' lang='grc' dir='ltr'><strong>οὐχ</strong></span> <span class='ocrx_word' id='word_1_798' title='bbox 2758 4715 3092 4785; x_wconf 77' lang='grc' dir='ltr'>ἡγουμένους</span> <span class='ocrx_word' id='word_1_799' title='bbox 3120 4714 3332 4786; x_wconf 75' lang='grc' dir='ltr'>ἔχοντες</span> <span class='ocrx_word' id='word_1_800' title='bbox 3360 4715 3438 4768; x_wconf 78' lang='grc' dir='ltr'><strong>ἑτι</strong></span> <span class='ocrx_word' id='word_1_801' title='bbox 3474 4716 3566 4768; x_wconf 75' lang='grc' dir='ltr'><strong>καὶ</strong></span> <span class='ocrx_word' id='word_1_802' title='bbox 3590 4733 3719 4784; x_wconf 87' lang='grc' dir='ltr'>προ-</span> 
     </span>
    </p>
   </div>
   <div class='ocr_carea' id='block_1_107' title="bbox 2139 4799 3717 4875">
    <p class='ocr_par' dir='ltr' id='par_1_107' title="bbox 2139 4799 3717 4875">
     <span class='ocr_line' id='line_1_107' title="bbox 2139 4799 3717 4875; baseline -0.001 -20"><span class='ocrx_word' id='word_1_803' title='bbox 2139 4805 2463 4875; x_wconf 85' lang='grc' dir='ltr'>εστηκότας,</span> <span class='ocrx_word' id='word_1_804' title='bbox 2513 4802 2660 4857; x_wconf 87' lang='grc' dir='ltr'><strong>καθά</strong></span> <span class='ocrx_word' id='word_1_805' title='bbox 2701 4805 2797 4857; x_wconf 73' lang='grc' dir='ltr'><strong>καὶ</strong></span> <span class='ocrx_word' id='word_1_806' title='bbox 2849 4804 3038 4857; x_wconf 85' lang='grc' dir='ltr'>πάλαι⁶</span> <span class='ocrx_word' id='word_1_807' title='bbox 3094 4804 3220 4872; x_wconf 56' lang='grc' dir='ltr'>,ἀλλ’</span> <span class='ocrx_word' id='word_1_808' title='bbox 3272 4799 3364 4857; x_wconf 76' lang='grc' dir='ltr'>οἶά</span> <span class='ocrx_word' id='word_1_809' title='bbox 3417 4820 3500 4866; x_wconf 88' lang='grc' dir='ltr'><strong>τις</strong></span> <span class='ocrx_word' id='word_1_810' title='bbox 3548 4802 3717 4873; x_wconf 84' lang='grc' dir='ltr'>ἀγέλη</span> 
     </span>
    </p>
   </div>
   <div class='ocr_carea' id='block_1_108' title="bbox 2139 4894 3714 4967">
    <p class='ocr_par' dir='ltr' id='par_1_108' title="bbox 2139 4894 3714 4967">
     <span class='ocr_line' id='line_1_108' title="bbox 2139 4894 3714 4967; baseline -0.001 -17"><span class='ocrx_word' id='word_1_811' title='bbox 2139 4897 2413 4967; x_wconf 88' lang='grc' dir='ltr'>ποιμένων</span> <span class='ocrx_word' id='word_1_812' title='bbox 2442 4897 2645 4967; x_wconf 79' lang='grc' dir='ltr'>ἐρήμη,</span> <span class='ocrx_word' id='word_1_813' title='bbox 2682 4895 2772 4949; x_wconf 69' lang='grc' dir='ltr'>καὶ</span> <span class='ocrx_word' id='word_1_814' title='bbox 2802 4895 2929 4959; x_wconf 80' lang='grc' dir='ltr'>τοὺς</span> <span class='ocrx_word' id='word_1_815' title='bbox 2962 4896 3328 4965; x_wconf 77' lang='grc' dir='ltr'>ἐφεστηκότας</span> <span class='ocrx_word' id='word_1_816' title='bbox 3361 4896 3463 4948; x_wconf 82' lang='grc' dir='ltr'><strong>οὐκ</strong></span> <span class='ocrx_word' id='word_1_817' title='bbox 3494 4894 3714 4965; x_wconf 77' lang='grc' dir='ltr'>ἔχουσα.</span> 
     </span>
    </p>
   </div>
   <div class='ocr_carea' id='block_1_109' title="bbox 2138 4984 3719 5057">
    <p class='ocr_par' dir='ltr' id='par_1_109' title="bbox 2138 4984 3719 5057">
     <span class='ocr_line' id='line_1_109' title="bbox 2138 4984 3719 5057; baseline -0.001 -17"><span class='ocrx_word' id='word_1_818' title='bbox 2138 4988 2233 5041; x_wconf 72' lang='grc' dir='ltr'><strong>καὶ</strong></span> <span class='ocrx_word' id='word_1_819' title='bbox 2274 4985 2335 5039; x_wconf 82' lang='grc' dir='ltr'><strong>τὸ</strong></span> <span class='ocrx_word' id='word_1_820' title='bbox 2379 4985 2461 5039; x_wconf 80' lang='grc' dir='ltr'>ἔτι</span> <span class='ocrx_word' id='word_1_821' title='bbox 2514 4984 2936 5057; x_wconf 85' lang='grc' dir='ltr'>φορτικώτερον,</span> <span class='ocrx_word' id='word_1_822' title='bbox 2975 4985 3101 5038; x_wconf 77' lang='grc' dir='ltr'>οὔτε</span> <span class='ocrx_word' id='word_1_823' title='bbox 3144 4985 3479 5056; x_wconf 88' lang='grc' dir='ltr'>συμϐούλους</span> <span class='ocrx_word' id='word_1_824' title='bbox 3519 4985 3719 5055; x_wconf 75' lang='grc' dir='ltr'>ἔχουσα</span> 
     </span>
    </p>
   </div>
   <div class='ocr_carea' id='block_1_110' title="bbox 2138 5075 3714 5150">
    <p class='ocr_par' dir='ltr' id='par_1_110' title="bbox 2138 5075 3714 5150">
     <span class='ocr_line' id='line_1_110' title="bbox 2138 5075 3714 5150; baseline -0.002 -18"><span class='ocrx_word' id='word_1_825' title='bbox 2138 5079 2504 5149; x_wconf 82' lang='grc' dir='ltr'>θαυμαστοὺς,</span> <span class='ocrx_word' id='word_1_826' title='bbox 2553 5078 2725 5131; x_wconf 84' lang='grc' dir='ltr'>ὁποῖοί</span> <span class='ocrx_word' id='word_1_827' title='bbox 2777 5096 2919 5142; x_wconf 90' lang='grc' dir='ltr'>τινες</span> <span class='ocrx_word' id='word_1_828' title='bbox 2956 5075 3093 5150; x_wconf 81' lang='grc' dir='ltr'>ἦσαν</span> <span class='ocrx_word' id='word_1_829' title='bbox 3127 5080 3176 5131; x_wconf 81' lang='grc' dir='ltr'><strong>οἱ</strong></span> <span class='ocrx_word' id='word_1_830' title='bbox 3214 5077 3382 5131; x_wconf 88' lang='grc' dir='ltr'>πάλαι</span> <span class='ocrx_word' id='word_1_831' title='bbox 3420 5078 3714 5149; x_wconf 80' lang='grc' dir='ltr'>προφῆται,</span> 
     </span>
    </p>
   </div>
   <div class='ocr_carea' id='block_1_111' title="bbox 2136 5168 3716 5243">
    <p class='ocr_par' dir='ltr' id='par_1_111' title="bbox 2136 5168 3716 5243">
     <span class='ocr_line' id='line_1_111' title="bbox 2136 5168 3716 5243; baseline -0.001 -18"><span class='ocrx_word' id='word_1_832' title='bbox 2136 5172 2209 5226; x_wconf 81' lang='grc' dir='ltr'>τὰ</span> <span class='ocrx_word' id='word_1_833' title='bbox 2231 5173 2311 5235; x_wconf 84' lang='grc' dir='ltr'>εἰς</span> <span class='ocrx_word' id='word_1_834' title='bbox 2346 5168 2619 5241; x_wconf 88' lang='grc' dir='ltr'>σωτηρίαν</span> <span class='ocrx_word' id='word_1_835' title='bbox 2654 5171 2839 5235; x_wconf 86' lang='grc' dir='ltr'>αὐτοῖς</span> <span class='ocrx_word' id='word_1_836' title='bbox 2870 5171 3271 5241; x_wconf 74' lang='grc' dir='ltr'>εἰσηγούμενοι,</span> <span class='ocrx_word' id='word_1_837' title='bbox 3306 5170 3400 5223; x_wconf 51' lang='grc' dir='ltr'><strong>καὶ⁹</strong></span> <span class='ocrx_word' id='word_1_838' title='bbox 3442 5170 3716 5243; x_wconf 86' lang='grc' dir='ltr'>ἀφηνιῶσι</span> 
     </span>
    </p>
   </div>
   <div class='ocr_carea' id='block_1_112' title="bbox 2142 5259 3717 5331">
    <p class='ocr_par' dir='ltr' id='par_1_112' title="bbox 2142 5259 3717 5331">
     <span class='ocr_line' id='line_1_112' title="bbox 2142 5259 3717 5331; baseline -0.003 -17"><span class='ocrx_word' id='word_1_839' title='bbox 2142 5260 2623 5330; x_wconf 76' lang='grc' dir='ltr'>συμϐουλεύοντες,</span> <span class='ocrx_word' id='word_1_840' title='bbox 2649 5263 2741 5314; x_wconf 82' lang='grc' dir='ltr'><strong>καὶ</strong></span> <span class='ocrx_word' id='word_1_841' title='bbox 2770 5260 2904 5331; x_wconf 79' lang='grc' dir='ltr'>πρὸς</span> <span class='ocrx_word' id='word_1_842' title='bbox 2931 5262 3039 5313; x_wconf 82' lang='grc' dir='ltr'>πᾶν</span> <span class='ocrx_word' id='word_1_843' title='bbox 3070 5259 3250 5313; x_wconf 88' lang='grc' dir='ltr'>ὁτιοῦν</span> <span class='ocrx_word' id='word_1_844' title='bbox 3276 5259 3383 5313; x_wconf 90' lang='grc' dir='ltr'><strong>τῶν</strong></span> <span class='ocrx_word' id='word_1_845' title='bbox 3406 5259 3717 5328; x_wconf 86' lang='grc' dir='ltr'>ἀναγκαίων</span> 
     </span>
    </p>
   </div>
   <div class='ocr_carea' id='block_1_113' title="bbox 2130 5350 3716 5425">
    <p class='ocr_par' dir='ltr' id='par_1_113' title="bbox 2130 5350 3716 5425">
     <span class='ocr_line' id='line_1_113' title="bbox 2130 5350 3716 5425; baseline 0 -20"><span class='ocrx_word' id='word_1_846' title='bbox 2130 5354 2213 5415; x_wconf 78' lang='grc' dir='ltr'><strong>εἰς</strong></span> <span class='ocrx_word' id='word_1_847' title='bbox 2261 5352 2449 5424; x_wconf 76' lang='grc' dir='ltr'>ὄνησιν</span> <span class='ocrx_word' id='word_1_848' title='bbox 2499 5352 2970 5425; x_wconf 84' lang='grc' dir='ltr'>χειραγωγοῦντες</span> <span class='ocrx_word' id='word_1_849' title='bbox 3015 5353 3306 5423; x_wconf 84' lang='grc' dir='ltr'>εὐτέχνως.</span> <span class='ocrx_word' id='word_1_850' title='bbox 3360 5351 3603 5406; x_wconf 81' lang='grc' dir='ltr'>Ἀπειλεῖ</span> <span class='ocrx_word' id='word_1_851' title='bbox 3660 5350 3716 5405; x_wconf 80' lang='grc' dir='ltr'><strong>δὲ</strong></span> 
     </span>
    </p>
   </div>
   <div class='ocr_carea' id='block_1_114' title="bbox 2132 5438 3716 5515">
    <p class='ocr_par' dir='ltr' id='par_1_114' title="bbox 2132 5438 3716 5515">
     <span class='ocr_line' id='line_1_114' title="bbox 2132 5438 3716 5515; baseline -0.003 -18"><span class='ocrx_word' id='word_1_852' title='bbox 2132 5445 2464 5514; x_wconf 85' lang='grc' dir='ltr'>ἀποστήσειν</span> <span class='ocrx_word' id='word_1_853' title='bbox 2487 5446 2665 5499; x_wconf 78' lang='grc' dir='ltr'>αὐτῶν</span> <span class='ocrx_word' id='word_1_854' title='bbox 2688 5445 2781 5499; x_wconf 77' lang='grc' dir='ltr'><strong>καὶ</strong></span> <span class='ocrx_word' id='word_1_855' title='bbox 2802 5444 2964 5514; x_wconf 77' lang='grc' dir='ltr'>σοφὸν</span> <span class='ocrx_word' id='word_1_856' title='bbox 2986 5444 3361 5515; x_wconf 89' lang='grc' dir='ltr'>ἀρχιτέκτονα,</span> <span class='ocrx_word' id='word_1_857' title='bbox 3382 5438 3475 5498; x_wconf 78' lang='grc' dir='ltr'>καὶ</span> <span class='ocrx_word' id='word_1_858' title='bbox 3497 5441 3716 5496; x_wconf 82' lang='grc' dir='ltr'>συνετὸν</span> 
     </span>
    </p>
   </div>
   <div class='ocr_carea' id='block_1_115' title="bbox 2132 5533 3716 5608">
    <p class='ocr_par' dir='ltr' id='par_1_115' title="bbox 2132 5533 3716 5608">
     <span class='ocr_line' id='line_1_115' title="bbox 2132 5533 3716 5608; baseline -0.002 -20"><span class='ocrx_word' id='word_1_859' title='bbox 2132 5535 2426 5606; x_wconf 79' lang='grc' dir='ltr'>ἀκροατὴν,</span> <span class='ocrx_word' id='word_1_860' title='bbox 2459 5535 2775 5608; x_wconf 87' lang='grc' dir='ltr'>χαρίσματα</span> <span class='ocrx_word' id='word_1_861' title='bbox 2807 5534 2865 5589; x_wconf 85' lang='grc' dir='ltr'>δὲ</span> <span class='ocrx_word' id='word_1_862' title='bbox 2902 5534 2997 5589; x_wconf 79' lang='grc' dir='ltr'>καὶ</span> <span class='ocrx_word' id='word_1_863' title='bbox 3040 5536 3211 5589; x_wconf 88' lang='grc' dir='ltr'>ταῦτα</span> <span class='ocrx_word' id='word_1_864' title='bbox 3245 5533 3590 5605; x_wconf 84' lang='grc' dir='ltr'>πνευματικά</span> <span class='ocrx_word' id='word_1_865' title='bbox 3622 5533 3716 5588; x_wconf 78' lang='grc' dir='ltr'><strong>καὶ</strong></span> 
     </span>
    </p>
   </div>
   <div class='ocr_carea' id='block_1_116' title="bbox 2134 5625 3715 5697">
    <p class='ocr_par' dir='ltr' id='par_1_116' title="bbox 2134 5625 3715 5697">
     <span class='ocr_line' id='line_1_116' title="bbox 2134 5625 3715 5697; baseline -0.001 -17"><span class='ocrx_word' id='word_1_866' title='bbox 2134 5625 2420 5697; x_wconf 60' lang='grc' dir='ltr'>θεόσδοτα.</span> <span class='ocrx_word' id='word_1_867' title='bbox 2473 5628 2567 5681; x_wconf 61' lang='grc' dir='ltr'><strong>καλ⁸</strong></span> <span class='ocrx_word' id='word_1_868' title='bbox 2614 5628 2708 5682; x_wconf 87' lang='grc' dir='ltr'><strong>τοῦ</strong></span> <span class='ocrx_word' id='word_1_869' title='bbox 2753 5627 2954 5690; x_wconf 71' lang='grc' dir='ltr'>παντὸς</span> <span class='ocrx_word' id='word_1_870' title='bbox 3003 5626 3128 5691; x_wconf 84' lang='grc' dir='ltr'>ἀξια</span> <span class='ocrx_word' id='word_1_871' title='bbox 3179 5627 3358 5696; x_wconf 87' lang='grc' dir='ltr'>λόγου.</span> <span class='ocrx_word' id='word_1_872' title='bbox 3406 5626 3575 5697; x_wconf 83' lang='grc' dir='ltr'>Σοφὸν</span> <span class='ocrx_word' id='word_1_873' title='bbox 3608 5625 3715 5694; x_wconf 85' lang='grc' dir='ltr'><strong>γάρ</strong></span> 
     </span>
    </p>
   </div>
  </div>
