4094 6366
365 420 467 479 ιοι

1540 418 1608 476 ΙΝ
1647 417 1883 474 ISAIAM
1924 416 2055 475 LIB.
2098 420 2138 477 l.
2177 420 2384 476 ORAT.
2424 418 2488 477 11.

3516 416 3623 480 ’109

364 539 512 596 εἷναί
532 554 712 611 φαμεν
740 536 1118 609 ἀρχιτέκτονα,
1147 536 1238 592 τὸν
1264 537 1443 593 εἰδότα
1471 539 1677 610 νοητῶς
1719 537 1936 607 Ἐκκλη-

2056 537 2285 607 culpatis
2338 537 2705 609 mystagogiis,
2752 544 2807 592 et
2844 534 2980 591 falso
3040 537 3333 593 nominatae
3383 540 3623 596 scientiae

370 636 495 688 σίαν
521 634 847 704 οἰκοδομεῖν,
877 631 1062 701 ὀρθαῖς
1089 649 1147 684 τε
1180 631 1273 685 καὶ
1297 631 1619 703 άμωμήτοις
1654 646 1946 699 μυσταγω⁵

365 728 520 795 γίαις
542 767 558 791 ,
601 725 700 778 καὶ
745 722 1116 794 καθαιροῦντα
1156 723 1255 793 μὲν
1286 723 1386 793 τῆς
1422 722 1774 792 ψευδωνύμου
1808 720 1949 790 γνώ-

370 834 511 880 σεως
553 819 678 879 τοὺς
718 816 1086 887 φενακισμοὺς
1111 855 1125 878 ,
1164 814 1569 884 ἀνατειχίζοντα
1601 813 1657 866 δὲ
1705 815 1817 875 τοῖς
1846 813 1947 882 τῆς

365 907 627 979 ἀληθείας
654 907 886 977 δόγμασι
912 907 1021 959 τῶν
1055 906 1418 958 πιστευόντων
1442 905 1533 956 τὸν
1564 902 1709 957 νοῦν.
1733 902 1947 966 Ὀποῖός

365 1018 451 1064 τις
495 997 561 1071 ἦν
600 1004 627 1054 ὁ
661 999 943 1061 Θεσπέσιος
988 997 1199 1061 Παῦλος
1240 997 1568 1051 ἐπιστέλλων
1605 996 1700 1050 καὶ
1748 995 1941 1064 λέγων·

375 1114 392 1145 ι
422 1093 583 1147 Κατὰ
604 1094 701 1164 τὴν
730 1091 890 1163 χάριν
912 1089 1011 1162 τὴν
1044 1091 1286 1144 δοθεῖσαν
1315 1090 1459 1160 ἐμοὶ,
1482 1089 1556 1153 ὡς
1600 1088 1760 1159 σοφὸς
1789 1089 1946 1159 ἀρχιο

366 1188 577 1239 τέκτων
628 1184 877 1253 θεμέλιον
939 1182 1192 1235 τέθεικα·
1252 1183 1411 1245 ἄλλος
1466 1181 1523 1233 δὲ
1581 1179 1942 1250 ἐποικοδομεῖ.

368 1278 641 1338 Ἕκαστος
687 1274 743 1328 δὲ
790 1274 1034 1344 βλεπέτω
1076 1274 1188 1336 πῶς
1222 1273 1511 1343 οἰκοδομεῖ.
1544 1272 1804 1343 Θεμέλιον
1836 1271 1945 1341 γὰρ

365 1372 525 1427 ἄλλον
572 1370 747 1432 οὐδεὶς
787 1370 1009 1422 δύναται
1050 1369 1220 1421 θεῖναι
1267 1368 1420 1438 παρά
1452 1368 1542 1421 τὸν
1581 1367 1852 1437 κείμενον,
1885 1368 1942 1429 ὃς

365 1464 488 1516 ἐστι
507 1461 758 1532 Χριστός.
784 1479 803 1511 ›
837 1459 1020 1523 Ούδείς
1048 1458 1139 1512 οῦν
1161 1459 1268 1529 ἄρα
1292 1458 1443 1529 παρὰ
1474 1461 1586 1521 τοῖς
1626 1458 1894 1521 Ἰουδαίοις
1915 1460 1943 1511 ὁ

367 1552 530 1623 σοφὸς
554 1553 911 1624 ἀρχιτέκτων,
942 1550 1055 1604 ἀλλ’
1080 1551 1199 1603 οὐδὲ
1228 1550 1446 1613 συνετὸς
1474 1548 1767 1620 ἀκροατὴς,
1794 1549 1942 1617 λογι-

364 1635 571 1713 ξόμεθα
609 1644 665 1695 δὲ
697 1637 834 1696 εἶναι
862 1640 1069 1707 τοῦτον,
1097 1642 1187 1694 τὸν
1220 1641 1413 1711 ἔχοντα
1444 1640 1742 1711 διακρίσεις
1783 1658 1942 1693 πνευ-

366 1737 575 1806 μάτων,
618 1735 712 1787 καὶ
742 1733 981 1786 συνιέναι
1021 1733 1333 1803 δυνάμενος,
1374 1732 1457 1794 τίς
1504 1732 1604 1802 μὲν
1645 1730 1790 1783 ἔστιν
1819 1734 1846 1784 ὁ
1880 1732 1940 1783 ἐν

363 1828 637 1897 πνεύματι
669 1826 800 1879 Θεοῦ
827 1824 1036 1891 λαλῶν,
1067 1826 1149 1890 τίς
1194 1825 1250 1878 δὲ
1297 1824 1459 1878 πάλιν
1505 1826 1563 1877 ἐν
1606 1824 1683 1895 τῷ
1713 1824 1937 1888 Βεελζε-

2054 628 2207 683 fucos
2250 629 2454 694 tollere,
2496 638 2660 698 atque
2690 636 2901 683 mentes
2932 628 3172 683 ﬁdelium
3215 630 3463 686 veritatis
3505 634 3622 702 Opi-

2048 720 2306 775 nionibus
2339 720 2700 776 communire.
2745 720 3060 789 Cujusmodi
3092 730 3212 777 erat
3234 722 3447 777 divinus
3482 721 3622 777 Pan-

2055 809 2138 863 lus
2191 812 2515 881 praecipiens
2567 822 2621 866 et
2667 811 2853 866 dicens
2900 830 2915 866 :
2961 832 2981 864 ι
3037 812 3343 867 Secundum
3392 814 3621 883 gratiam

2053 902 2233 955 datam
2275 903 2403 956 mihi
2435 917 2463 955 a
2494 902 2625 966 Deo,
2650 903 3032 974 velutsapiens
3060 906 3394 961 architectus
3428 906 3622 961 funda-

2054 1002 2299 1048 mentum
2363 994 2551 1062 posui,
2610 994 2747 1048 alius
2800 1004 2979 1049 autem
3043 998 3386 1064 superstruit.
3444 998 3622 1055 Unus-

2052 1084 2280 1152 quisque
2330 1098 2459 1137 vero
2508 1084 2686 1139 videat
2714 1087 2981 1153 quomodo
3008 1097 3369 1153 superstruat.
3399 1088 3620 1143 Funda-

2052 1185 2292 1228 mentum
2331 1175 2475 1229 enim
2505 1174 2648 1228 aliud
2680 1191 2836 1230 neruo
2878 1185 3053 1243 potest
3088 1191 3307 1245 ponere,
3339 1189 3531 1247 praeter
3565 1179 3617 1234 id

2050 1267 2190 1335 quod
2222 1266 2454 1335 positum
2478 1276 2578 1332 est,
2612 1267 2701 1336 qui
2728 1265 2986 1321 estJesus
3013 1268 3259 1323 Christus
3287 1270 3351 1324 ³⁸.
3384 1289 3403 1322 ι
3429 1269 3619 1326 Nullus

2049 1372 2179 1427 ergo
2212 1357 2349 1425 apud
2377 1356 2591 1411 Judzeos
2634 1358 2849 1427 sapiens
2883 1359 3213 1415 architectus
3250 1378 3265 1414 :
3308 1362 3402 1416 sed
3442 1377 3617 1431 neque

2050 1463 2252 1518 gnarus
2282 1449 2515 1503 auditor.
2554 1447 2711 1502 Hunc
2745 1464 2866 1504 esse
2914 1451 3245 1505 arbitramur
3278 1455 3369 1522 qui
3414 1455 3616 1525 dijudi-

2048 1538 2261 1590 catioue
2295 1538 2516 1606 spiritus
2556 1539 2814 1606 praeditus
2859 1550 2963 1605 est,
3010 1541 3214 1610 quique
3242 1553 3418 1610 potest
3449 1544 3617 1599 inter-

2048 1644 2272 1683 noscere
2304 1631 2424 1699 quis
2449 1631 2499 1683 in
2542 1630 2636 1685 Dei
2663 1634 2855 1700 spiritu
2888 1633 3149 1701 loquitur,
3175 1644 3230 1688 et
3256 1636 3377 1705 Quis
3402 1653 3613 1693 rursum

2046 1720 2427 1776 iuBeelzebul.
2465 1722 2617 1776 Multi
2661 1726 2805 1779 enim
2838 1741 2867 1779 a
2900 1727 3083 1781 multis
3116 1742 3396 1784 sermones
3440 1730 3611 1783 habiti

2046 1821 2190 1876 sunt,
2248 1813 2338 1881 qui
2382 1814 2617 1868 enodant
2640 1819 2889 1885 dogmata
2928 1820 3423 1885 accontroversias,
3446 1830 3500 1875 et
3521 1822 3613 1890 qui

363 1919 513 1973 ϐούλ.
542 1918 732 1971 Πολλοὶ
768 1917 865 1989 μὲν
907 1917 1013 1987 γὰρ
1049 1918 1098 1970 οἰ
1140 1916 1291 1987 παρὰ
1322 1915 1530 1969 πολλῶν
1561 1917 1815 1985 γεγόνασι
1850 1916 1936 1969 λό-

2044 1918 2254 1957 morum
2292 1907 2613 1972 probitatem
2638 1908 2927 1962 inculcant.
2954 1909 3025 1962 At
3060 1911 3298 1980 imperiti
3332 1923 3385 1966 et
3414 1912 3610 1967 indocti

359 2028 470 2079 γοι,
495 2012 588 2064 καὶ
606 2009 938 2081 δογματικὴν
962 2008 1217 2080 ἐξήγησιν
1241 2008 1475 2077 ἔχοντες,
1506 2008 1599 2060 καὶ
1621 2009 1719 2078 τῆς
1744 2009 1799 2060 ὲν
1824 2007 1939 2078 τρό-

359 2120 486 2166 ποις
512 2103 810 2165 ἐπιεικείας
836 2103 933 2171 τὴν
961 2101 1182 2172 μνήμην
1207 2100 1570 2171 εἰσφέροντες.
1608 2098 1743 2152 Ἀλλ’
1761 2100 1811 2150 οἰ
1841 2098 1939 2169 μὲν

358 2194 612 2249 άσύνετοι
655 2195 747 2247 καὶ
788 2193 1019 2263 ἀμαθεῖς
1053 2192 1382 2264 ἀδιακρίτως
1431 2190 1792 2263 ἁρπάζουσιν,
1847 2192 1940 2244 καὶ

358 2285 756 2346 ἀϐασανίστως
808 2284 1135 2353 εἰσδέχονται
1186 2284 1312 2346 τοὺς
1372 2281 1582 2349 λόγους,
1645 2282 1823 2335 καίτοι
1878 2282 1940 2334 τὸ

358 2376 602 2447 ὠφελοῦν
641 2375 862 2446 ἔχοντας
902 2372 1073 2441 οὐδὲν,
1112 2376 1245 2428 πολὺ
1291 2374 1348 2427 δὲ
1391 2374 1589 2444 μᾶλλον
1634 2375 1693 2427 τὸ
1742 2374 1939 2444 βλάϐος

360 2469 606 2538 ἐμποιεῖν
630 2466 908 2530 εἰωθότας.
952 2467 1010 2520 Ὀ
1030 2465 1086 2519 δὲ
1114 2466 1331 2529 συνετὸς
1360 2466 1657 2537 ἀκροατὴς,
1687 2465 1937 2537 καθάπερ

358 2557 578 2628 δόκιμος
606 2557 937 2628 τραπεζίτης
970 2556 1269 2627 εἰσδέχεται
1302 2557 1399 2627 μὲν
1430 2557 1491 2610 τὸ
1519 2558 1761 2625 πεφυκὸς
1795 2558 1937 2625 ὠφε-

358 2649 490 2712 λεῖν,
523 2648 973 2719 κατακιϐδηλεύει
1000 2647 1056 2700 δὲ
1084 2648 1336 2719 καθάπερ
1357 2666 1407 2701 τι
1438 2650 1763 2720 παράσημον
1787 2649 1938 2718 νόμι-

362 2758 472 2810 σμα
518 2740 583 2792 τὸ
627 2739 702 2811 μὴ
743 2738 916 2802 οὕτως
951 2738 1092 2809 ἔχον.
1123 2739 1374 2793 Τοιοῦτόν
1401 2757 1454 2792 τι
1489 2741 1582 2793 καὶ
1608 2741 1636 2792 ὁ
1669 2741 1936 2811 μακάριος

359 2830 570 2893 Παῦλός
601 2847 754 2901 φησι·
798 2850 815 2882 ι
850 2830 1068 2883 Γίνεσθε
1097 2830 1348 2902 φρόνιμοι
1381 2833 1724 2902 τραπεζῖται,
1758 2832 1935 2885 πάντα

357 2921 700 2990 δοκιμάζετε,
733 2921 793 2974 τὸ
821 2920 984 2975 καλὸν
1024 2921 1302 2992 κατέχετε,
1347 2922 1454 2975 ἀπὸ
1508 2923 1709 2986 παντὸς
1762 2924 1935 2988 εἴδους

357 3013 596 3087 πονηροῦ
625 3014 914 3083 ἀπέχεσθε.
949 3032 969 3066 ι
996 3015 1105 3068 Καὶ
1136 3015 1243 3086 μὴν
1272 3015 1367 3068 καὶ
1412 3014 1598 3086 ἕτερος
1626 3015 1732 3069 τῶν
1761 3016 1934 3085 ἁγίων

360 3104 622 3178 μαθητῶν
642 3103 848 3177 συνῳδὰ
873 3104 1080 3171 τούτοις
1103 3106 1378 3161 ἐπιτάττει
1401 3106 1595 3177 λέγων·
1625 3128 1643 3159 (
1668 3105 1931 3179 Ἀδελιροί,

353 3198 680 3268 δοκιμάζετε
736 3197 805 3252 τὰ
849 3199 1155 3270 πνεύματα,
1197 3201 1243 3253 εἰ
1277 3200 1342 3253 ὲκ
1387 3200 1482 3253 τοῦ
1523 3200 1658 3253 Θεοῦ
1698 3203 1867 3253 ἐστιν.
1907 3220 1926 3251 ι

354 3294 577 3348 Τούτων
621 3294 685 3364 δὴ
735 3287 828 3345 οῦν
876 3291 1130 3346 ἁπάντων
1181 3288 1574 3363 ἀφῃρημένων,
1632 3291 1930 3362 ἐπιστήσω,

354 3385 511 3457 φησὶ,
560 3385 876 3447 νεανίσκους
918 3382 1183 3454 ἄρχοντας
1233 3382 1431 3446 αὐτῶν,
1484 3383 1578 3434 καὶ
1633 3382 1935 3452 ἐμπαῖκται

350 3474 737 3546 κυριεύσουσιν
759 3473 957 3526 αὐτῶν.
990 3471 1321 3535 Νεανίσκους
1349 3470 1404 3524 δὲ
1432 3470 1592 3524 πάλιν
1613 3471 1673 3523 οὐ
1700 3471 1843 3524 κατά
1871 3488 1932 3540 γε

350 3566 445 3619 τὸν
474 3566 575 3636 τῆς
596 3565 812 3637 ἡλικίας
834 3565 1021 3638 χρόνον
1048 3565 1235 3619 ἐνθάδε
1262 3565 1447 3637 φησὶν,
1479 3563 1614 3618 ἀλλὰ
1634 3564 1760 3627 τοὺς
1782 3563 1935 3617 οὔπω

351 3656 617 3727 λα’χόντας
645 3657 707 3710 τὸ
738 3658 794 3710 ἐν
829 3655 1037 3710 συνέσει
1062 3656 1284 3711 τέλειον.
1333 3657 1583 3726 Ἀφρονεῖ
1603 3656 1659 3708 δὲ
1684 3658 1715 3725 ἡ
1747 3654 1935 3723 νεότης

352 3751 464 3812 ἀεὶ,
496 3749 592 3802 καὶ
622 3749 939 3803 σεσάλευται
962 3747 1097 3820 πρὸς
1123 3748 1183 3802 τὸ
1210 3748 1435 3813 ἀπαθὲς,
1463 3748 1555 3801 καὶ
1579 3748 1675 3819 τῆς
1703 3747 1934 3819 ἀρίστης

350 3842 585 3913 ἡττᾶται
615 3840 828 3911 βουλῆς.
857 3842 1167 3895 Διατελοῦσι
1201 3840 1259 3894 δὲ
1285 3840 1379 3895 καὶ
1412 3841 1491 3902 εἰς
1520 3838 1677 3911 δεῦρο
1709 3838 1849 3892 κατά
1873 3839 1934 3892 τὸ

352 3935 555 3999 ἀληθὲς
591 3934 865 3997 τοιούτους
898 3935 1109 4006 ἔχοντες
1140 3935 1384 3988 Ἰουδαῖοι
1417 3935 1543 3999 τοὺς
1573 3935 1930 4005 ἡγουμένους,

352 4027 450 4077 καὶ
481 4025 780 4095 νεωτέρους
811 4025 909 4095 τὴν
945 4025 1201 4096 ἐρημίαν.
1242 4026 1571 4096 Ἐμπαῖκται
1604 4026 1661 4078 δὲ
1694 4026 1784 4079 καί
1817 4025 1933 4077 ἐτέ-

354 4131 485 4186 ρως,
524 4114 826 4187 ὠνούμενοι
872 4118 1113 4188 χρήμασι
1157 4117 1217 4171 τὸ
1272 4117 1552 4171 καλεῖσθαι
1588 4117 1798 4179 Ῥαϐϐὶ,
1839 4117 1932 4171 καὶ

352 4206 699 4277 φιλοκερδίας
731 4206 908 4279 ἕνεκα,
940 4207 1033 4260 καὶ
1073 4208 1374 4278 λημμάτων
1410 4206 1672 4276 συλλογῆς
1706 4208 1766 4260 τὸ
1800 4206 1933 4259 καθ-

348 4298 609 4369 ηγεῖσθαι
643 4297 921 4370 λαχόντες.
954 4299 1090 4351 Ἀλλ’
1118 4300 1233 4367 οἵγε
1265 4299 1357 4352 τοῦ
1394 4301 1608 4353 πάντων
1639 4300 1794 4369 ἡμῶν
1819 4300 1932 4352 Σω-

348 4391 521 4460 τῆρος
552 4390 815 4461 Χριστοῦ,
843 4390 941 4463 τὴν
968 4391 1064 4461 τῆς
1098 4390 1436 4462 ὑποκρίσεως
1457 4390 1807 4461 διωθούμενοι
1840 4392 1929 4444 νό-

283 4480 301 4493 “
350 4498 468 4544 σον,
503 4481 724 4552 ἀληθεῖς
762 4484 869 4536 εἰσι
914 4484 1305 4555 προσκυνηταὶ,
1353 4482 1446 4535 καὶ
1487 4483 1546 4536 ού
1587 4484 1699 4545 τοῖς
1734 4481 1930 4549 ἔξωθεν

2041 2000 2177 2050 citra
2210 1996 2497 2051 discrimen
2546 2000 2785 2067 rapiunt,
2815 2010 2869 2053 et
2917 2004 3054 2055 citra
3087 2017 3316 2058 examen
3348 2006 3614 2074 recipiunt

2041 2102 2340 2151 sermones,
2388 2089 2487 2143 etsi
2544 2090 2677 2142 nihil
2734 2090 3081 2147 emolumenti
3124 2094 3380 2161 habeant,
3424 2096 3533 2149 imo
3566 2099 3612 2150 si

2040 2190 2416 2233 nocumentum
2448 2181 2626 2250 potius
2659 2181 2907 2237 aderant.
2951 2184 3111 2254 Atqui
3148 2189 3610 2256 gnarusauditor,

2044 2272 2205 2327 veluti
2234 2284 2487 2342 expertus
2514 2275 2928 2341 nummularius,
2959 2278 3100 2346 quod
3154 2279 3411 2347 prodesse
3453 2280 3611 2344 solet,

2040 2363 2315 2429 admittit;
2379 2366 2522 2430 quod
2552 2377 2710 2416 secus
2744 2363 2926 2427 habet,
2988 2366 3132 2418 velut
3162 2364 3298 2418 male
3344 2367 3610 2434 signatum

2039 2455 2333 2518 numisma,
2383 2454 2744 2508 adulterinum
2793 2454 3023 2525 judicat.
3070 2453 3185 2508 Non
3219 2456 3479 2511 dissimile
3527 2468 3613 2512 est

2038 2546 2179 2616 quod
2208 2544 2268 2598 Β.
2302 2545 2499 2600 Paulus
2526 2547 2736 2616 inquit:
2767 2566 2785 2598 ί
2820 2547 3005 2603 Estote
3035 2549 3325 2618 prudentes
3355 2565 3608 2603 numinu-

2038 2636 2182 2704 larii,
2222 2639 2401 2692 omnia
2438 2640 2750 2708 probantes,
2791 2641 2933 2710 quod
2964 2641 3163 2694 bonum
3198 2650 3281 2695 est
3311 2648 3506 2708 tenete,
3543 2645 3611 2696 ab

2036 2731 2184 2783 omni
2217 2731 2397 2799 specie
2424 2732 2563 2785 mala
2608 2733 2875 2786 abstinete
2898 2732 2965 2787 ³⁸.
3002 2750 3020 2784 ι
3061 2732 3213 2787 Alius
3248 2748 3409 2799 porro
3434 2749 3464 2788 e
3485 2752 3611 2789 sau-

2037 2828 2143 2881 ctis
2180 2826 2456 2896 discipulis
2520 2827 2781 2895 prmcepit
2836 2826 2986 2881 hisce
3047 2840 3322 2892 consona,
3376 2828 3607 2883 dicens:

2043 2935 2061 2969 ι
2099 2918 2342 2983 Fratres,
2360 2917 2462 2988 57
2486 2918 2709 2985 probate
2735 2918 2959 2986 spiritus
2985 2957 3000 2982 ,
3042 2932 3109 2972 an
3140 2933 3207 2971 ex
3236 2918 3344 2973 Deo
3359 2919 3555 2974 sint".
3584 2938 3603 2972 ι

2036 3009 2130 3065 His
2190 3025 2319 3083 ergo
2370 3011 2619 3065 omnibus
2668 3010 2955 3075 submotis,
2995 3011 3339 3078 substituam,
3392 3010 3606 3081 inquit,

2036 3103 2469 3158 adolescentulos
2504 3102 2776 3172 principes
2821 3116 3032 3165 eorum,
3083 3113 3138 3157 et
3185 3101 3457 3157 derisores
3512 3105 3609 3156 do-

2043 3196 2393 3249 minabuntur
2446 3194 2571 3248 illis.
2634 3193 3078 3249 Adolescentulos
3126 3209 3337 3249 rursum
3385 3210 3491 3248 non
3539 3199 3609 3250 ab

2039 3295 2198 3341 aetate
2220 3287 2307 3341 hic
2339 3295 2519 3353 vocat,
2547 3286 2641 3341 sed
2680 3287 2771 3355 qui
2804 3287 3040 3341 nondum
3071 3285 3367 3356 perfectum
3402 3288 3606 3343 intelli-

2038 3377 2231 3448 gentiae
2248 3376 2458 3432 culmen
2491 3389 2611 3431 sunt
2639 3378 2938 3432 consecuti.
2969 3378 3175 3447 Desipit
3209 3381 3353 3434 enim
3396 3396 3609 3451 semper

2032 3469 2305 3537 juventus,
2357 3477 2411 3523 et
2448 3469 2781 3539 ignoratione
2807 3468 3047 3539 jactatur
3080 3479 3134 3524 et
3159 3470 3419 3538 ﬂuctuat,
3467 3476 3608 3543 Opti-

2038 3573 2292 3627 mumque
2344 3560 2627 3614 consilium
2683 3560 2787 3615 illis
2835 3561 3034 3617 deficit.
3093 3563 3305 3619 Habent
3338 3576 3514 3619 autem
3550 3578 3607 3620 et

2038 3650 2199 3705 hodie
2243 3649 2413 3705 Judaei
2464 3652 2627 3707 duces
2661 3668 2788 3707 vere
2827 3653 2980 3719 tales,
3037 3668 3217 3710 mente
3265 3657 3491 3726 juvenes
3551 3668 3607 3712 et

2036 3741 2303 3798 illusores.
2349 3742 2695 3798 Suﬂ‘urantur
2746 3746 2889 3799 enim
2935 3747 3213 3801 hominum
3244 3750 3606 3805 existimatio-

2036 3850 2192 3901 nem,
2227 3835 2473 3889 oumium
2525 3835 2650 3890 licet
2690 3836 2987 3901 bonorum,
3048 3840 3333 3908 oumisque
3388 3841 3606 3897 virtutis

2036 3940 2227 3994 magna
2286 3926 2534 3980 laborent
2594 3928 2793 3995 inopia.
2852 3928 2989 3981 Sunt
3028 3940 3084 3983 et
3138 3930 3295 3984 aliter
3334 3931 3604 4001 illusores,

2034 4019 2158 4073 dum
2213 4028 2399 4073 emunt
2446 4021 2688 4089 pecuniis
2733 4029 2791 4073 ut
2839 4019 3015 4075 Rabbi
3032 4023 3356 4086 vocitentur,
3393 4036 3447 4079 et
3478 4042 3607 4094 pro-

2034 4118 2154 4178 pter
2190 4119 2433 4179 quaestus
2484 4111 2759 4175 studium,
2814 4120 2871 4163 ut
2916 4112 3125 4180 praedas
3178 4125 3513 4182 aucupentur
3542 4131 3608 4170 ac

2032 4202 2329 4271 colligant,
2364 4204 2589 4258 docendi
2627 4219 2820 4258 munus
2857 4206 3250 4272 adipiscuntur.
3282 4208 3480 4264 Verum
3511 4210 3605 4280 qui

2032 4295 2346 4363 propulsato
2400 4295 2753 4366 hypocriseos
2806 4296 3015 4361 morbo,
3050 4299 3162 4353 veri
3195 4309 3320 4355 sunt
3359 4305 3600 4357 omnium

2032 4390 2274 4438 nostrum
2328 4384 2633 4442 Servatoris
2661 4386 2862 4442 Christi
2894 4390 3211 4445 adoratorcs
3237 4430 3250 4454 ,
3287 4408 3391 4446 non
3420 4404 3605 4448 exter-
3700 4425 3709 4436 -

2033 4473 2115 4528 nis
2136 4474 2421 4529 decoribus
2450 4477 2681 4529 fucatam
2710 4477 2905 4531 habent
2938 4479 3156 4535 virtutis
3184 4483 3418 4548 speciem
3444 4523 3459 4546 ,
3500 4484 3598 4537 sed

349 4572 656 4642 ὡραϊσμοῖς
706 4572 1129 4642 πεπλανημένην
1188 4572 1253 4643 [Γ.
1295 4571 1703 4644 πεπλασμένην]
1744 4571 1926 4641 έχουσι

2041 4564 2248 4632 pietatis
2280 4575 2617 4631 ornamenta,
2653 4567 2788 4619 intra
2823 4579 3055 4622 mentem
3084 4579 3139 4623 et
3164 4586 3257 4623 cor
3285 4572 3611 4637 admittunt,-

348 4664 451 4732 τῆς
485 4664 685 4734 ἀρετῆς
714 4662 811 4733 τὴν
847 4663 1088 4734 δόκησιν,
1120 4664 1233 4716 ἀλλ’
1263 4666 1343 4728 εἰς
1373 4664 1495 4719 νοῦν
1524 4664 1631 4716 ἔσω
1661 4664 1754 4716 καὶ
1795 4681 1928 4736 καρ-

348 4756 470 4808 δίαν
497 4756 567 4807 τά
597 4755 698 4824 τῆς
728 4756 809 4810 εἰς
837 4755 969 4809 Θεὸν
1000 4756 1279 4819 εὐσεϐείας
1309 4756 1721 4823 συνενεγκόντες
1754 4755 1929 4827 αὐχή-

353 4860 521 4915 ματα,
549 4845 915 4917 περιπατοῦσι
948 4845 1046 4915 μὲν
1073 4847 1164 4899 ἐπὶ
1185 4848 1307 4916 γῆς,
1334 4847 1389 4897 ὲν
1414 4846 1471 4900 δὲ
1497 4846 1746 4917 οὐρανοῖς
1777 4847 1925 4899 πολι-

346 4937 620 5000 τεύονται,
646 4936 964 5009 καθηγητὴν
989 4937 1199 5007 ἔχοντες
1226 4936 1388 4991 αὐτὸν
1418 4937 1507 4990 τὸν
1535 4938 1738 5009 Κύριον
1769 4936 1928 5009 ἡμῶν

360 5028 569 5099 Ἰησοῦν
598 5029 691 5081 τὸν
727 5030 982 5101 Χριστόν.

419 5124 530 5176 Kal
552 5123 946 5191 συμπεσεῖται
972 5126 1003 5176 ὁ
1025 5123 1191 5186 λαὸς,
1206 5122 1512 5189 ἅνθρωπος
1536 5120 1684 5188 πρὸς
1707 5120 1930 5189 ἅνθρω-

349 5230 500 5281 xor,
552 5215 653 5268 καὶ
697 5216 1005 5285 ἅνθρωπος
1055 5215 1203 5281 πρὸς
1252 5215 1357 5268 τὸν
1403 5214 1670 5281 πλησίον
1716 5214 1924 5267 αὐτοῦ.

347 5309 694 5375 Προσκόψει
720 5307 787 5360 τὸ
811 5305 1052 5360 παιδίον
1078 5305 1226 5373 πρὸς
1251 5305 1357 5360 τὸν
1377 5306 1741 5375 πρεσϐύτην,
1773 5306 1871 5360 καὶ
1894 5309 1928 5359 ό

346 5401 556 5468 ἄτιμος
587 5399 738 5467 πρὸς
761 5398 869 5452 τὸν
891 5398 1154 5469 ἔντιμον.

418 5490 994 5563 Προκαταμεμήνυκεν
1030 5490 1164 5562 ἡμῖν
1192 5491 1221 5543 ὁ
1239 5488 1414 5559 λόγος,
1444 5488 1521 5553 ὡς
1557 5489 1929 5561 ἀφαιρεθήσε-

2035 4670 2098 4708 ac
2128 4655 2179 4707 in
2216 4663 2355 4709 terra
2389 4655 2603 4725 quidem
2632 4658 3011 4723 obambulant,
3054 4659 3146 4714 sed
3188 4661 3241 4712 in
3286 4660 3438 4714 cmlis
3482 4678 3603 4716 ver-

2035 4755 2263 4813 santur,
2330 4756 2715 4817 praecepterem
2773 4750 3034 4805 habentes
3097 4749 3269 4818 ipsum
3319 4752 3637 4808 Dominum

2036 4850 2275 4893 nostrum
2310 4838 2492 4895 Jesum
2529 4841 2825 4896 Christum.
3642 4828 3649 4843 ί

2115 5124 2276 5181 Vens.
2301 5124 2355 5179 5.
2401 5126 2465 5181 Et
2498 5129 2731 5182 concide!
2766 5130 3010 5199 populus,
3041 5132 3192 5183 homo
3214 5135 3281 5185 ad
3320 5134 3600 5200 hominem,

2035 5226 2083 5270 et
2112 5217 2264 5269 homo
2298 5220 2364 5270 ad
2385 5221 2685 5288 proximum
2717 5238 2890 5275 suum.
2916 5221 3171 5291 Impinge!
3203 5226 3453 5291 puerulus
3477 5245 3603 5281 con-

2036 5318 2119 5361 tra
2156 5325 2351 5375 senem,
2391 5322 2438 5364 et
2476 5312 2722 5381 ignobilis
2753 5323 2935 5367 contra
2974 5314 3220 5368 nobilem.

2104 5487 2363 5557 Exposuit
2410 5497 2588 5542 autem
2629 5491 2784 5543 nobis
2825 5490 2913 5546 hic
2948 5506 3127 5545 sermo
3166 5490 3514 5546 auferendum
3572 5508 3604 5547 a

344 5599 437 5635 ται
474 5582 576 5653 τῆς
614 5581 877 5646 Ἰουδαίας
920 5583 1070 5654 ἰσχὺς
1102 5583 1265 5654 ἄρτου
1293 5582 1383 5636 καὶ
1412 5581 1568 5651 ἰσχὺς
1593 5581 1804 5647 ὓδατος,
1836 5582 1926 5651 γί-

2041 5577 2210 5633 Iudaea
2245 5579 2407 5633 robur
2436 5580 2609 5650 panis,
2641 5589 2696 5634 et
2726 5583 2892 5634 robur
2932 5597 3105 5651 aquae,
3138 5583 3406 5653 gigantem
3437 5584 3602 5638 etiam

346 5688 450 5739 γας
489 5690 550 5725 τε
599 5673 694 5726 καὶ
734 5673 949 5745 ἰσχύων,
996 5671 1342 5744 πολεμιστὴς,
1380 5671 1476 5724 καὶ
1515 5670 1793 5743 δικαστὴς,
1831 5672 1925 5724 καὶ

2041 5680 2080 5726 at
2114 5681 2519 5743 praepotentem,
2558 5672 2868 5729 bellatorem
2895 5684 2948 5730 et
2967 5674 3228 5745 judicent,
3253 5674 3380 5747 quin
3402 5685 3454 5731 et
3478 5689 3602 5746 pro-

419 5830 504 5883 “l
540 5829 769 5893 Cor.m,
797 5830 881 5897 l0,
914 5830 992 5885 ll.
1069 5828 1151 5882 ἐι
1179 5828 1367 5884 Thess.
1414 5844 1468 5894 ν,
1497 5828 1586 5894 2|,
1613 5828 1704 5886 ἓξ.
1781 5828 1828 5860 ³¹
1858 5826 1900 5883 ΙΙ
1935 5867 1936 5875 η

2041 5844 2092 5883 n.
2130 5827 2276 5893 tv,l.
