  <div class='ocr_page' id='page_1' title='image "/cluster/home/n/w/nwhite01/storage/ocr_20150623/70/nnc1.0046980253/069.png"; bbox 0 0 4094 6366; ppageno 0'>
   <div class='ocr_carea' id='block_1_1' title="bbox 483 396 586 451">
    <p class='ocr_par' dir='ltr' id='par_1_1' title="bbox 483 396 586 451">
     <span class='ocr_line' id='line_1_1' title="bbox 483 396 586 451; baseline -0.01 0"><span class='ocrx_word' id='word_1_1' title='bbox 483 396 507 451; x_wconf 72' lang='lat' dir='ltr'><strong>i</strong></span> <span class='ocrx_word' id='word_1_2' title='bbox 518 396 586 450; x_wconf 82' lang='lat'><strong>05</strong></span> 
     </span>
    </p>
   </div>
   <div class='ocr_carea' id='block_1_2' title="bbox 1492 374 2739 439">
    <p class='ocr_par' dir='ltr' id='par_1_2' title="bbox 1492 374 2739 439">
     <span class='ocr_line' id='line_1_2' title="bbox 1492 374 2739 439; baseline -0.006 0"><span class='ocrx_word' id='word_1_3' title='bbox 1492 384 1550 439; x_wconf 89' lang='lat' dir='ltr'><strong>S.</strong></span> <span class='ocrx_word' id='word_1_4' title='bbox 1593 378 1871 438; x_wconf 75' lang='lat' dir='ltr'><strong>CYRILLI</strong></span> <span class='ocrx_word' id='word_1_5' title='bbox 1911 374 2379 434; x_wconf 73' lang='lat' dir='ltr'><strong>ALEXANDRlNl</strong></span> <span class='ocrx_word' id='word_1_6' title='bbox 2421 375 2739 431; x_wconf 77' lang='lat' dir='ltr'><strong>ARCHIEP.</strong></span> 
     </span>
    </p>
   </div>
   <div class='ocr_carea' id='block_1_3' title="bbox 3624 378 3726 434">
    <p class='ocr_par' dir='ltr' id='par_1_3' title="bbox 3624 378 3726 434">
     <span class='ocr_line' id='line_1_3' title="bbox 3624 378 3726 434; baseline 0 -1"><span class='ocrx_word' id='word_1_7' title='bbox 3624 378 3726 434; x_wconf 70' lang='grc'><strong>104</strong></span> 
     </span>
    </p>
   </div>
   <div class='ocr_carea' id='block_1_4' title="bbox 482 495 2058 583">
    <p class='ocr_par' dir='ltr' id='par_1_4' title="bbox 482 499 2049 583">
     <span class='ocr_line' id='line_1_4' title="bbox 482 499 2049 583; baseline -0.01 -17"><span class='ocrx_word' id='word_1_8' title='bbox 482 513 701 583; x_wconf 85' lang='lat' dir='ltr'><strong>phetam</strong></span> <span class='ocrx_word' id='word_1_9' title='bbox 747 514 804 564; x_wconf 88' lang='lat' dir='ltr'><strong>et</strong></span> <span class='ocrx_word' id='word_1_10' title='bbox 851 507 1235 570; x_wconf 86' lang='lat' dir='ltr'><strong>divinatorem,</strong></span> <span class='ocrx_word' id='word_1_11' title='bbox 1282 516 1489 569; x_wconf 82' lang='lat' dir='ltr'><strong>senem,</strong></span> <span class='ocrx_word' id='word_1_12' title='bbox 1541 510 1597 555; x_wconf 92' lang='lat' dir='ltr'><strong>et</strong></span> <span class='ocrx_word' id='word_1_13' title='bbox 1641 499 2049 569; x_wconf 83' lang='lat' dir='ltr'><strong>quinquagena—</strong></span> 
     </span>
    </p>
   </div>
   <div class='ocr_carea' id='block_1_5' title="bbox 2160 495 3727 583">
    <p class='ocr_par' dir='ltr' id='par_1_5' title="bbox 2160 495 3727 569">
     <span class='ocr_line' id='line_1_5' title="bbox 2160 495 3727 569; baseline 0 -19"><span class='ocrx_word' id='word_1_14' title='bbox 2160 498 2264 567; x_wconf 81' lang='grc' dir='ltr'>μὴν</span> <span class='ocrx_word' id='word_1_15' title='bbox 2293 496 2388 549; x_wconf 75' lang='grc' dir='ltr'><strong>καὶ</strong></span> <span class='ocrx_word' id='word_1_16' title='bbox 2417 497 2702 568; x_wconf 80' lang='grc' dir='ltr'><strong>προφήτης</strong></span> <span class='ocrx_word' id='word_1_17' title='bbox 2737 499 2831 550; x_wconf 80' lang='grc' dir='ltr'>καὶ</span> <span class='ocrx_word' id='word_1_18' title='bbox 2864 495 3182 568; x_wconf 82' lang='grc' dir='ltr'>στοχαστὴς,</span> <span class='ocrx_word' id='word_1_19' title='bbox 3209 496 3301 551; x_wconf 76' lang='grc' dir='ltr'><strong>καὶ</strong></span> <span class='ocrx_word' id='word_1_20' title='bbox 3334 495 3727 569; x_wconf 76' lang='grc' dir='ltr'>πρεσϐύτερος,</span> 
     </span>
    </p>
   </div>
   <div class='ocr_carea' id='block_1_6' title="bbox 484 590 2052 665">
    <p class='ocr_par' dir='ltr' id='par_1_6' title="bbox 484 590 2052 665">
     <span class='ocr_line' id='line_1_6' title="bbox 484 590 2052 665; baseline -0.008 -10"><span class='ocrx_word' id='word_1_21' title='bbox 484 603 624 656; x_wconf 92' lang='lat' dir='ltr'><strong>rium</strong></span> <span class='ocrx_word' id='word_1_22' title='bbox 692 600 917 664; x_wconf 91' lang='lat' dir='ltr'><strong>ducem,</strong></span> <span class='ocrx_word' id='word_1_23' title='bbox 967 606 1025 651; x_wconf 86' lang='lat' dir='ltr'><strong>et</strong></span> <span class='ocrx_word' id='word_1_24' title='bbox 1084 594 1486 665; x_wconf 89' lang='lat' dir='ltr'><strong>suspiciendum</strong></span> <span class='ocrx_word' id='word_1_25' title='bbox 1544 590 1938 657; x_wconf 86' lang='lat' dir='ltr'><strong>consiliarium,</strong></span> <span class='ocrx_word' id='word_1_26' title='bbox 1995 598 2052 644; x_wconf 92' lang='lat' dir='ltr'><strong>et</strong></span> 
     </span>
    </p>
   </div>
   <div class='ocr_carea' id='block_1_7' title="bbox 484 683 2052 760">
    <p class='ocr_par' dir='ltr' id='par_1_7' title="bbox 484 683 2052 760">
     <span class='ocr_line' id='line_1_7' title="bbox 484 683 2052 760; baseline -0.007 -14"><span class='ocrx_word' id='word_1_27' title='bbox 484 694 646 747; x_wconf 90' lang='lat' dir='ltr'><strong>etiam</strong></span> <span class='ocrx_word' id='word_1_28' title='bbox 679 691 979 760; x_wconf 88' lang='lat' dir='ltr'><strong>sapientem</strong></span> <span class='ocrx_word' id='word_1_29' title='bbox 1026 687 1406 747; x_wconf 84' lang='lat' dir='ltr'><strong>architectum,</strong></span> <span class='ocrx_word' id='word_1_30' title='bbox 1444 691 1499 738; x_wconf 92' lang='lat' dir='ltr'><strong>et</strong></span> <span class='ocrx_word' id='word_1_31' title='bbox 1534 683 1919 751; x_wconf 89' lang='lat' dir='ltr'><strong>intelligentem</strong></span> <span class='ocrx_word' id='word_1_32' title='bbox 1950 697 2052 736; x_wconf 83' lang='lat' dir='ltr'><strong>au-</strong></span> 
     </span>
    </p>
   </div>
   <div class='ocr_carea' id='block_1_8' title="bbox 489 774 2051 850">
    <p class='ocr_par' dir='ltr' id='par_1_8' title="bbox 489 774 2051 850">
     <span class='ocr_line' id='line_1_8' title="bbox 489 774 2051 850; baseline -0.007 -13"><span class='ocrx_word' id='word_1_33' title='bbox 489 784 743 838; x_wconf 89' lang='lat' dir='ltr'><strong>ditorem.</strong></span> <span class='ocrx_word' id='word_1_34' title='bbox 795 780 1058 850; x_wconf 84' lang='lat' dir='ltr'><strong>Deinceps</strong></span> <span class='ocrx_word' id='word_1_35' title='bbox 1102 793 1209 847; x_wconf 81' lang='lat' dir='ltr'><strong>quo</strong></span> <span class='ocrx_word' id='word_1_36' title='bbox 1258 776 1473 830; x_wconf 91' lang='lat' dir='ltr'><strong>tandem</strong></span> <span class='ocrx_word' id='word_1_37' title='bbox 1531 788 1618 829; x_wconf 91' lang='lat' dir='ltr'><strong>res</strong></span> <span class='ocrx_word' id='word_1_38' title='bbox 1657 774 1869 838; x_wconf 83' lang='lat' dir='ltr'><strong>evadet,</strong></span> <span class='ocrx_word' id='word_1_39' title='bbox 1906 781 1960 828; x_wconf 91' lang='lat' dir='ltr'><strong>et</strong></span> <span class='ocrx_word' id='word_1_40' title='bbox 1998 774 2051 827; x_wconf 92' lang='lat' dir='ltr'><strong>in</strong></span> 
     </span>
    </p>
   </div>
   <div class='ocr_carea' id='block_1_9' title="bbox 486 863 2054 943">
    <p class='ocr_par' dir='ltr' id='par_1_9' title="bbox 486 863 2054 943">
     <span class='ocr_line' id='line_1_9' title="bbox 486 863 2054 943; baseline -0.006 -15"><span class='ocrx_word' id='word_1_41' title='bbox 486 885 748 943; x_wconf 88' lang='lat' dir='ltr'><strong>quantum</strong></span> <span class='ocrx_word' id='word_1_42' title='bbox 807 871 1188 927; x_wconf 91' lang='lat' dir='ltr'><strong>detrimentum</strong></span> <span class='ocrx_word' id='word_1_43' title='bbox 1244 867 1378 937; x_wconf 87' lang='lat' dir='ltr'><strong>ipsis</strong></span> <span class='ocrx_word' id='word_1_44' title='bbox 1427 874 1697 935; x_wconf 86' lang='lat' dir='ltr'><strong>erumpet,</strong></span> <span class='ocrx_word' id='word_1_45' title='bbox 1766 863 2054 919; x_wconf 80' lang='lat' dir='ltr'><strong>manifeste</strong></span> 
     </span>
    </p>
   </div>
   <div class='ocr_carea' id='block_1_10' title="bbox 485 956 2053 1034">
    <p class='ocr_par' dir='ltr' id='par_1_10' title="bbox 485 956 2053 1034">
     <span class='ocr_line' id='line_1_10' title="bbox 485 956 2053 1034; baseline -0.003 -17"><span class='ocrx_word' id='word_1_46' title='bbox 485 965 676 1034; x_wconf 88' lang='lat' dir='ltr'><strong>aperit,</strong></span> <span class='ocrx_word' id='word_1_47' title='bbox 700 978 821 1017; x_wconf 90' lang='lat' dir='ltr'><strong>cum</strong></span> <span class='ocrx_word' id='word_1_48' title='bbox 852 977 975 1016; x_wconf 82' lang='lat' dir='ltr'><strong>mox</strong></span> <span class='ocrx_word' id='word_1_49' title='bbox 1006 961 1227 1015; x_wconf 88' lang='lat' dir='ltr'><strong>subdit:</strong></span> <span class='ocrx_word' id='word_1_50' title='bbox 1266 976 1285 1010; x_wconf 77' lang='grc' dir='ltr'><strong>ι</strong></span> <span class='ocrx_word' id='word_1_51' title='bbox 1316 958 1581 1013; x_wconf 86' lang='lat' dir='ltr'><strong>Concidet</strong></span> <span class='ocrx_word' id='word_1_52' title='bbox 1611 957 1860 1029; x_wconf 90' lang='lat' dir='ltr'><strong>populus,</strong></span> <span class='ocrx_word' id='word_1_53' title='bbox 1889 956 2053 1012; x_wconf 87' lang='lat' dir='ltr'><strong>homo</strong></span> 
     </span>
    </p>
   </div>
   <div class='ocr_carea' id='block_1_11' title="bbox 484 1050 2054 1119">
    <p class='ocr_par' dir='ltr' id='par_1_11' title="bbox 484 1050 2054 1119">
     <span class='ocr_line' id='line_1_11' title="bbox 484 1050 2054 1119; baseline -0.005 -10"><span class='ocrx_word' id='word_1_54' title='bbox 484 1059 552 1111; x_wconf 84' lang='lat' dir='ltr'><strong>ad</strong></span> <span class='ocrx_word' id='word_1_55' title='bbox 579 1054 875 1119; x_wconf 86' lang='lat' dir='ltr'><strong>hominem,</strong></span> <span class='ocrx_word' id='word_1_56' title='bbox 900 1071 919 1105; x_wconf 75' lang='grc' dir='ltr'><strong>ι</strong></span> <span class='ocrx_word' id='word_1_57' title='bbox 958 1052 1012 1107; x_wconf 90' lang='lat' dir='ltr'><strong>id</strong></span> <span class='ocrx_word' id='word_1_58' title='bbox 1035 1060 1139 1115; x_wconf 88' lang='lat' dir='ltr'><strong>est,</strong></span> <span class='ocrx_word' id='word_1_59' title='bbox 1171 1050 1226 1105; x_wconf 93' lang='lat' dir='ltr'><strong>in</strong></span> <span class='ocrx_word' id='word_1_60' title='bbox 1255 1051 1521 1106; x_wconf 86' lang='lat' dir='ltr'><strong>seditione</strong></span> <span class='ocrx_word' id='word_1_61' title='bbox 1550 1059 1730 1116; x_wconf 90' lang='lat' dir='ltr'><strong>erunt,</strong></span> <span class='ocrx_word' id='word_1_62' title='bbox 1765 1058 1820 1105; x_wconf 89' lang='lat' dir='ltr'><strong>et</strong></span> <span class='ocrx_word' id='word_1_63' title='bbox 1851 1050 1904 1102; x_wconf 94' lang='lat' dir='ltr'><strong>in</strong></span> <span class='ocrx_word' id='word_1_64' title='bbox 1939 1061 2054 1102; x_wconf 89' lang='lat' dir='ltr'><strong>me-</strong></span> 
     </span>
    </p>
   </div>
   <div class='ocr_carea' id='block_1_12' title="bbox 485 1141 2054 1210">
    <p class='ocr_par' dir='ltr' id='par_1_12' title="bbox 485 1141 2054 1210">
     <span class='ocr_line' id='line_1_12' title="bbox 485 1141 2054 1210; baseline -0.004 -10"><span class='ocrx_word' id='word_1_65' title='bbox 485 1147 591 1203; x_wconf 89' lang='lat' dir='ltr'><strong>diis</strong></span> <span class='ocrx_word' id='word_1_66' title='bbox 628 1145 947 1202; x_wconf 88' lang='lat' dir='ltr'><strong>tumultibus</strong></span> <span class='ocrx_word' id='word_1_67' title='bbox 981 1143 1163 1199; x_wconf 83' lang='lat' dir='ltr'><strong>vivent</strong></span> <span class='ocrx_word' id='word_1_68' title='bbox 1212 1144 1399 1207; x_wconf 87' lang='lat' dir='ltr'><strong>vitam,</strong></span> <span class='ocrx_word' id='word_1_69' title='bbox 1448 1141 1739 1210; x_wconf 75' lang='lat' dir='ltr'><strong>juvenibus</strong></span> <span class='ocrx_word' id='word_1_70' title='bbox 1788 1154 2054 1195; x_wconf 88' lang='lat' dir='ltr'><strong>veneran-</strong></span> 
     </span>
    </p>
   </div>
   <div class='ocr_carea' id='block_1_13' title="bbox 486 1230 2054 1294">
    <p class='ocr_par' dir='ltr' id='par_1_13' title="bbox 486 1230 2054 1294">
     <span class='ocr_line' id='line_1_13' title="bbox 486 1230 2054 1294; baseline -0.005 -2"><span class='ocrx_word' id='word_1_71' title='bbox 486 1239 609 1292; x_wconf 85' lang='lat' dir='ltr'><strong>dam</strong></span> <span class='ocrx_word' id='word_1_72' title='bbox 641 1238 900 1292; x_wconf 86' lang='lat' dir='ltr'><strong>canitiem</strong></span> <span class='ocrx_word' id='word_1_73' title='bbox 924 1235 1072 1290; x_wconf 84' lang='lat' dir='ltr'><strong>senis</strong></span> <span class='ocrx_word' id='word_1_74' title='bbox 1096 1250 1201 1289; x_wconf 94' lang='lat' dir='ltr'><strong>non</strong></span> <span class='ocrx_word' id='word_1_75' title='bbox 1228 1232 1600 1293; x_wconf 82' lang='lat' dir='ltr'><strong>reverentibus</strong></span> <span class='ocrx_word' id='word_1_76' title='bbox 1622 1272 1637 1294; x_wconf 86' lang='lat'><strong>,</strong></span> <span class='ocrx_word' id='word_1_77' title='bbox 1669 1230 1925 1285; x_wconf 85' lang='lat' dir='ltr'><strong>inferiore</strong></span> <span class='ocrx_word' id='word_1_78' title='bbox 1954 1230 2054 1284; x_wconf 85' lang='lat' dir='ltr'><strong>ho-</strong></span> 
     </span>
    </p>
   </div>
   <div class='ocr_carea' id='block_1_14' title="bbox 490 1323 2054 1398">
    <p class='ocr_par' dir='ltr' id='par_1_14' title="bbox 490 1323 2054 1398">
     <span class='ocr_line' id='line_1_14' title="bbox 490 1323 2054 1398; baseline -0.005 -15"><span class='ocrx_word' id='word_1_79' title='bbox 490 1344 675 1383; x_wconf 89' lang='lat' dir='ltr'><strong>norem</strong></span> <span class='ocrx_word' id='word_1_80' title='bbox 718 1328 978 1398; x_wconf 85' lang='lat' dir='ltr'><strong>superiori</strong></span> <span class='ocrx_word' id='word_1_81' title='bbox 1035 1337 1266 1395; x_wconf 77' lang='lat' dir='ltr'><strong>negante</strong></span> <span class='ocrx_word' id='word_1_82' title='bbox 1304 1342 1318 1378; x_wconf 90' lang='lat'><strong>:</strong></span> <span class='ocrx_word' id='word_1_83' title='bbox 1364 1324 1459 1379; x_wconf 84' lang='lat' dir='ltr'><strong>sed</strong></span> <span class='ocrx_word' id='word_1_84' title='bbox 1516 1339 1639 1378; x_wconf 85' lang='lat' dir='ltr'><strong>cum</strong></span> <span class='ocrx_word' id='word_1_85' title='bbox 1688 1323 2054 1392; x_wconf 86' lang='lat' dir='ltr'><strong>reprehendat</strong></span> 
     </span>
    </p>
   </div>
   <div class='ocr_carea' id='block_1_15' title="bbox 486 1414 2055 1488">
    <p class='ocr_par' dir='ltr' id='par_1_15' title="bbox 486 1414 2055 1488">
     <span class='ocr_line' id='line_1_15' title="bbox 486 1414 2055 1488; baseline -0.004 -12"><span class='ocrx_word' id='word_1_86' title='bbox 486 1437 664 1485; x_wconf 79' lang='lat' dir='ltr'><strong>nemo,</strong></span> <span class='ocrx_word' id='word_1_87' title='bbox 687 1434 786 1475; x_wconf 87' lang='lat' dir='ltr'><strong>nec</strong></span> <span class='ocrx_word' id='word_1_88' title='bbox 816 1419 882 1473; x_wconf 89' lang='lat' dir='ltr'><strong>ad</strong></span> <span class='ocrx_word' id='word_1_89' title='bbox 920 1418 970 1472; x_wconf 92' lang='lat' dir='ltr'><strong>id</strong></span> <span class='ocrx_word' id='word_1_90' title='bbox 998 1419 1142 1488; x_wconf 91' lang='lat' dir='ltr'><strong>quod</strong></span> <span class='ocrx_word' id='word_1_91' title='bbox 1168 1431 1439 1485; x_wconf 88' lang='lat' dir='ltr'><strong>quemque</strong></span> <span class='ocrx_word' id='word_1_92' title='bbox 1468 1418 1646 1480; x_wconf 89' lang='lat' dir='ltr'><strong>decet,</strong></span> <span class='ocrx_word' id='word_1_93' title='bbox 1668 1416 1888 1481; x_wconf 75' lang='lat' dir='ltr'><strong>dirigat,</strong></span> <span class='ocrx_word' id='word_1_94' title='bbox 1924 1414 2055 1469; x_wconf 89' lang='lat' dir='ltr'><strong>sub-</strong></span> 
     </span>
    </p>
   </div>
   <div class='ocr_carea' id='block_1_16' title="bbox 487 1507 2056 1571">
    <p class='ocr_par' dir='ltr' id='par_1_16' title="bbox 487 1507 2056 1571">
     <span class='ocr_line' id='line_1_16' title="bbox 487 1507 2056 1571; baseline -0.003 -5"><span class='ocrx_word' id='word_1_95' title='bbox 487 1513 595 1567; x_wconf 83' lang='lat' dir='ltr'><strong>lato</strong></span> <span class='ocrx_word' id='word_1_96' title='bbox 654 1513 801 1566; x_wconf 89' lang='lat' dir='ltr'><strong>omni</strong></span> <span class='ocrx_word' id='word_1_97' title='bbox 832 1510 1023 1565; x_wconf 89' lang='lat' dir='ltr'><strong>ordine</strong></span> <span class='ocrx_word' id='word_1_98' title='bbox 1048 1518 1101 1562; x_wconf 89' lang='lat' dir='ltr'><strong>et</strong></span> <span class='ocrx_word' id='word_1_99' title='bbox 1128 1510 1376 1571; x_wconf 89' lang='lat' dir='ltr'><strong>scientia,</strong></span> <span class='ocrx_word' id='word_1_100' title='bbox 1417 1507 1651 1560; x_wconf 75' lang='lat' dir='ltr'><strong>maxima</strong></span> <span class='ocrx_word' id='word_1_101' title='bbox 1691 1508 1933 1561; x_wconf 89' lang='lat' dir='ltr'><strong>omnium</strong></span> <span class='ocrx_word' id='word_1_102' title='bbox 1971 1522 2056 1561; x_wconf 91' lang='lat' dir='ltr'><strong>re-</strong></span> 
     </span>
    </p>
   </div>
   <div class='ocr_carea' id='block_1_17' title="bbox 486 1581 2054 1671">
    <p class='ocr_par' dir='ltr' id='par_1_17' title="bbox 486 1581 2054 1671">
     <span class='ocr_line' id='line_1_17' title="bbox 486 1581 2054 1671; baseline -0.003 -14"><span class='ocrx_word' id='word_1_103' title='bbox 486 1619 606 1657; x_wconf 92' lang='lat' dir='ltr'><strong>rum</strong></span> <span class='ocrx_word' id='word_1_104' title='bbox 632 1602 771 1671; x_wconf 90' lang='lat' dir='ltr'><strong>apud</strong></span> <span class='ocrx_word' id='word_1_105' title='bbox 819 1615 915 1655; x_wconf 89' lang='lat' dir='ltr'><strong>eos</strong></span> <span class='ocrx_word' id='word_1_106' title='bbox 945 1600 1281 1669; x_wconf 85' lang='lat' dir='ltr'><strong>perturbatio</strong></span> <span class='ocrx_word' id='word_1_107' title='bbox 1317 1581 1543 1653; x_wconf 74' lang='lat' dir='ltr'><strong>exsistet</strong></span> <span class='ocrx_word' id='word_1_108' title='bbox 1570 1607 1624 1652; x_wconf 89' lang='lat' dir='ltr'><strong>et</strong></span> <span class='ocrx_word' id='word_1_109' title='bbox 1654 1597 1921 1652; x_wconf 81' lang='lat' dir='ltr'><strong>confusio.</strong></span> <span class='ocrx_word' id='word_1_110' title='bbox 1956 1596 2054 1652; x_wconf 88' lang='lat' dir='ltr'><strong>Ubi</strong></span> 
     </span>
    </p>
   </div>
   <div class='ocr_carea' id='block_1_18' title="bbox 486 1687 2058 1757">
    <p class='ocr_par' dir='ltr' id='par_1_18' title="bbox 486 1687 2058 1757">
     <span class='ocr_line' id='line_1_18' title="bbox 486 1687 2058 1757; baseline 0 -16"><span class='ocrx_word' id='word_1_111' title='bbox 486 1692 632 1741; x_wconf 88' lang='lat' dir='ltr'><strong>enim</strong></span> <span class='ocrx_word' id='word_1_112' title='bbox 660 1689 839 1742; x_wconf 89' lang='lat' dir='ltr'><strong>divina</strong></span> <span class='ocrx_word' id='word_1_113' title='bbox 866 1704 969 1741; x_wconf 90' lang='lat' dir='ltr'><strong>non</strong></span> <span class='ocrx_word' id='word_1_114' title='bbox 1002 1697 1198 1757; x_wconf 58' lang='lat' dir='ltr'><strong>praeest</strong></span> <span class='ocrx_word' id='word_1_115' title='bbox 1227 1687 1315 1741; x_wconf 83' lang='lat' dir='ltr'><strong>lex</strong></span> <span class='ocrx_word' id='word_1_116' title='bbox 1344 1702 1524 1742; x_wconf 87' lang='lat' dir='ltr'><strong>rerum</strong></span> <span class='ocrx_word' id='word_1_117' title='bbox 1553 1688 1884 1756; x_wconf 82' lang='lat' dir='ltr'><strong>agendarum</strong></span> <span class='ocrx_word' id='word_1_118' title='bbox 1910 1688 2058 1741; x_wconf 84' lang='lat' dir='ltr'><strong>arbi-</strong></span> 
     </span>
    </p>
   </div>
   <div class='ocr_carea' id='block_1_19' title="bbox 488 1777 2059 1850">
    <p class='ocr_par' dir='ltr' id='par_1_19' title="bbox 488 1777 2059 1850">
     <span class='ocr_line' id='line_1_19' title="bbox 488 1777 2059 1850; baseline -0.002 -16"><span class='ocrx_word' id='word_1_119' title='bbox 488 1790 595 1844; x_wconf 87' lang='lat' dir='ltr'><strong>ter,</strong></span> <span class='ocrx_word' id='word_1_120' title='bbox 653 1779 923 1850; x_wconf 90' lang='lat' dir='ltr'><strong>quomodo</strong></span> <span class='ocrx_word' id='word_1_121' title='bbox 960 1787 1053 1831; x_wconf 85' lang='lat' dir='ltr'><strong>aut</strong></span> <span class='ocrx_word' id='word_1_122' title='bbox 1100 1778 1239 1831; x_wconf 87' lang='lat' dir='ltr'><strong>unde</strong></span> <span class='ocrx_word' id='word_1_123' title='bbox 1282 1777 1479 1845; x_wconf 85' lang='lat' dir='ltr'><strong>poterit</strong></span> <span class='ocrx_word' id='word_1_124' title='bbox 1513 1778 1798 1846; x_wconf 85' lang='lat' dir='ltr'><strong>quisquam</strong></span> <span class='ocrx_word' id='word_1_125' title='bbox 1833 1778 2059 1831; x_wconf 86' lang='lat' dir='ltr'><strong>honeste</strong></span> 
     </span>
    </p>
   </div>
   <div class='ocr_carea' id='block_1_20' title="bbox 2151 588 3729 660">
    <p class='ocr_par' dir='ltr' id='par_1_20' title="bbox 2151 588 3729 660">
     <span class='ocr_line' id='line_1_20' title="bbox 2151 588 3729 660; baseline 0.002 -19"><span class='ocrx_word' id='word_1_126' title='bbox 2151 588 2247 641; x_wconf 81' lang='grc' dir='ltr'><strong>καὶ</strong></span> <span class='ocrx_word' id='word_1_127' title='bbox 2276 589 2768 660; x_wconf 87' lang='grc' dir='ltr'>πεντηκόνταρχος,</span> <span class='ocrx_word' id='word_1_128' title='bbox 2806 589 2902 643; x_wconf 72' lang='grc' dir='ltr'><strong>καὶ</strong></span> <span class='ocrx_word' id='word_1_129' title='bbox 2930 588 3240 660; x_wconf 82' lang='grc' dir='ltr'>θαυμαστὸς</span> <span class='ocrx_word' id='word_1_130' title='bbox 3275 588 3594 659; x_wconf 62' lang='grc' dir='ltr'>σύμϐουλος</span> <span class='ocrx_word' id='word_1_131' title='bbox 3634 590 3729 644; x_wconf 74' lang='grc' dir='ltr'>καὶ</span> 
     </span>
    </p>
   </div>
   <div class='ocr_carea' id='block_1_21' title="bbox 2154 676 3725 749">
    <p class='ocr_par' dir='ltr' id='par_1_21' title="bbox 2154 676 3725 749">
     <span class='ocr_line' id='line_1_21' title="bbox 2154 676 3725 749; baseline 0.001 -20"><span class='ocrx_word' id='word_1_132' title='bbox 2154 677 2261 747; x_wconf 80' lang='grc' dir='ltr'>μὴν</span> <span class='ocrx_word' id='word_1_133' title='bbox 2303 677 2397 731; x_wconf 72' lang='grc' dir='ltr'><strong>καὶ</strong></span> <span class='ocrx_word' id='word_1_134' title='bbox 2438 676 2603 744; x_wconf 84' lang='grc' dir='ltr'>σοφὸς</span> <span class='ocrx_word' id='word_1_135' title='bbox 2644 677 3004 748; x_wconf 85' lang='grc' dir='ltr'>ἀρχιτέκτων,</span> <span class='ocrx_word' id='word_1_136' title='bbox 3048 678 3142 732; x_wconf 77' lang='grc' dir='ltr'>καὶ</span> <span class='ocrx_word' id='word_1_137' title='bbox 3186 677 3401 740; x_wconf 82' lang='grc' dir='ltr'>συνετὸς</span> <span class='ocrx_word' id='word_1_138' title='bbox 3434 679 3725 749; x_wconf 83' lang='grc' dir='ltr'>ἀκροατής.</span> 
     </span>
    </p>
   </div>
   <div class='ocr_carea' id='block_1_22' title="bbox 2151 765 3729 839">
    <p class='ocr_par' dir='ltr' id='par_1_22' title="bbox 2151 765 3729 839">
     <span class='ocr_line' id='line_1_22' title="bbox 2151 765 3729 839; baseline 0.001 -20"><span class='ocrx_word' id='word_1_139' title='bbox 2151 765 2284 820; x_wconf 84' lang='grc' dir='ltr'>Εἶτα</span> <span class='ocrx_word' id='word_1_140' title='bbox 2316 768 2438 820; x_wconf 82' lang='grc' dir='ltr'>ὅποι</span> <span class='ocrx_word' id='word_1_141' title='bbox 2462 767 2591 820; x_wconf 84' lang='grc' dir='ltr'>ποτὲ</span> <span class='ocrx_word' id='word_1_142' title='bbox 2615 767 2677 820; x_wconf 82' lang='grc' dir='ltr'><strong>τὸ</strong></span> <span class='ocrx_word' id='word_1_143' title='bbox 2710 768 2903 839; x_wconf 84' lang='grc' dir='ltr'>χρῆμα</span> <span class='ocrx_word' id='word_1_144' title='bbox 2936 770 3117 832; x_wconf 82' lang='grc' dir='ltr'>αὐτοῖς</span> <span class='ocrx_word' id='word_1_145' title='bbox 3160 766 3473 839; x_wconf 75' lang='grc' dir='ltr'>ἐκϐήσεται,</span> <span class='ocrx_word' id='word_1_146' title='bbox 3507 768 3602 822; x_wconf 78' lang='grc' dir='ltr'>καὶ</span> <span class='ocrx_word' id='word_1_147' title='bbox 3648 769 3729 832; x_wconf 83' lang='grc' dir='ltr'><strong>είς</strong></span> 
     </span>
    </p>
   </div>
   <div class='ocr_carea' id='block_1_23' title="bbox 2150 851 3727 931">
    <p class='ocr_par' dir='ltr' id='par_1_23' title="bbox 2150 851 3727 931">
     <span class='ocr_line' id='line_1_23' title="bbox 2150 851 3727 931; baseline -0.001 -20"><span class='ocrx_word' id='word_1_148' title='bbox 2150 851 2262 911; x_wconf 75' lang='grc' dir='ltr'>οἷον</span> <span class='ocrx_word' id='word_1_149' title='bbox 2286 858 2469 922; x_wconf 79' lang='grc' dir='ltr'>αὐτοῖς</span> <span class='ocrx_word' id='word_1_150' title='bbox 2502 858 2877 929; x_wconf 74' lang='grc' dir='ltr'><strong>ἐκτελευτήσει</strong></span> <span class='ocrx_word' id='word_1_151' title='bbox 2904 859 3119 931; x_wconf 80' lang='grc' dir='ltr'>βλάϐος,</span> <span class='ocrx_word' id='word_1_152' title='bbox 3152 859 3472 929; x_wconf 82' lang='grc' dir='ltr'><strong>καθίστησιν</strong></span> <span class='ocrx_word' id='word_1_153' title='bbox 3502 858 3727 930; x_wconf 77' lang='grc' dir='ltr'>ἐναργὲς</span> 
     </span>
    </p>
   </div>
   <div class='ocr_carea' id='block_1_24' title="bbox 2152 948 3729 1021">
    <p class='ocr_par' dir='ltr' id='par_1_24' title="bbox 2152 948 3729 1021">
     <span class='ocr_line' id='line_1_24' title="bbox 2152 948 3729 1021; baseline 0.002 -21"><span class='ocrx_word' id='word_1_154' title='bbox 2152 950 2516 1020; x_wconf 84' lang='grc' dir='ltr'>προσεπὰγων</span> <span class='ocrx_word' id='word_1_155' title='bbox 2537 948 2837 1015; x_wconf 58' lang='grc' dir='ltr'>ίεύθὺς,ηότι</span> <span class='ocrx_word' id='word_1_156' title='bbox 2858 970 2878 1003; x_wconf 86' lang='grc'><strong><em>‹</em></strong></span> <span class='ocrx_word' id='word_1_157' title='bbox 2907 952 3276 1021; x_wconf 85' lang='grc' dir='ltr'>Συμπεσεῖται</span> <span class='ocrx_word' id='word_1_158' title='bbox 3295 952 3324 1004; x_wconf 86' lang='grc' dir='ltr'><strong>ό</strong></span> <span class='ocrx_word' id='word_1_159' title='bbox 3344 950 3491 1015; x_wconf 76' lang='grc' dir='ltr'>λαὸς,</span> <span class='ocrx_word' id='word_1_160' title='bbox 3518 949 3729 1021; x_wconf 80' lang='grc' dir='ltr'>ἀνθρω-</span> 
     </span>
    </p>
   </div>
   <div class='ocr_carea' id='block_1_25' title="bbox 2153 1037 3720 1112">
    <p class='ocr_par' dir='ltr' id='par_1_25' title="bbox 2153 1037 3720 1112">
     <span class='ocr_line' id='line_1_25' title="bbox 2153 1037 3720 1112; baseline 0.002 -21"><span class='ocrx_word' id='word_1_161' title='bbox 2153 1055 2253 1101; x_wconf 91' lang='grc' dir='ltr'><strong>πος</strong></span> <span class='ocrx_word' id='word_1_162' title='bbox 2285 1037 2421 1109; x_wconf 80' lang='grc' dir='ltr'>πρὸς</span> <span class='ocrx_word' id='word_1_163' title='bbox 2440 1037 2745 1109; x_wconf 82' lang='grc' dir='ltr'>ἀνθρωπον’</span> <span class='ocrx_word' id='word_1_164' title='bbox 2772 1058 2792 1091; x_wconf 72' lang='grc' dir='ltr'><strong>ι</strong></span> <span class='ocrx_word' id='word_1_165' title='bbox 2825 1038 2969 1091; x_wconf 80' lang='grc' dir='ltr'>τοῦτ’</span> <span class='ocrx_word' id='word_1_166' title='bbox 2988 1039 3236 1107; x_wconf 81' lang='grc' dir='ltr'>ἐστιν,ξέν</span> <span class='ocrx_word' id='word_1_167' title='bbox 3262 1040 3457 1112; x_wconf 74' lang='grc' dir='ltr'>ἀταξίᾳ</span> <span class='ocrx_word' id='word_1_168' title='bbox 3484 1058 3543 1093; x_wconf 89' lang='grc' dir='ltr'>τε</span> <span class='ocrx_word' id='word_1_169' title='bbox 3572 1041 3720 1094; x_wconf 77' lang='grc' dir='ltr'>ἔσονο</span> 
     </span>
    </p>
   </div>
   <div class='ocr_carea' id='block_1_26' title="bbox 2154 1127 3727 1201">
    <p class='ocr_par' dir='ltr' id='par_1_26' title="bbox 2154 1127 3727 1201">
     <span class='ocr_line' id='line_1_26' title="bbox 2154 1127 3727 1201; baseline 0.003 -22"><span class='ocrx_word' id='word_1_170' title='bbox 2154 1144 2261 1193; x_wconf 85' lang='grc' dir='ltr'>ται,</span> <span class='ocrx_word' id='word_1_171' title='bbox 2288 1128 2383 1181; x_wconf 77' lang='grc' dir='ltr'>καὶ</span> <span class='ocrx_word' id='word_1_172' title='bbox 2405 1127 2635 1198; x_wconf 78' lang='grc' dir='ltr'>θορύὸου</span> <span class='ocrx_word' id='word_1_173' title='bbox 2665 1128 2859 1199; x_wconf 81' lang='grc' dir='ltr'>μεστὸν</span> <span class='ocrx_word' id='word_1_174' title='bbox 2889 1130 3233 1200; x_wconf 78' lang='grc' dir='ltr'>διαζήσονται</span> <span class='ocrx_word' id='word_1_175' title='bbox 3255 1129 3389 1201; x_wconf 87' lang='grc' dir='ltr'>βίον.</span> <span class='ocrx_word' id='word_1_176' title='bbox 3422 1131 3495 1185; x_wconf 84' lang='grc' dir='ltr'><strong>Οὐ</strong></span> <span class='ocrx_word' id='word_1_177' title='bbox 3517 1131 3614 1201; x_wconf 79' lang='grc' dir='ltr'><strong>τὴν</strong></span> <span class='ocrx_word' id='word_1_178' title='bbox 3639 1149 3727 1184; x_wconf 81' lang='grc' dir='ltr'>σε-</span> 
     </span>
    </p>
   </div>
   <div class='ocr_carea' id='block_1_27' title="bbox 2154 1218 3727 1291">
    <p class='ocr_par' dir='ltr' id='par_1_27' title="bbox 2154 1218 3727 1291">
     <span class='ocr_line' id='line_1_27' title="bbox 2154 1218 3727 1291; baseline 0.003 -20"><span class='ocrx_word' id='word_1_179' title='bbox 2154 1218 2293 1290; x_wconf 80' lang='grc' dir='ltr'>πτὴν</span> <span class='ocrx_word' id='word_1_180' title='bbox 2322 1218 2415 1272; x_wconf 82' lang='grc' dir='ltr'>τοῦ</span> <span class='ocrx_word' id='word_1_181' title='bbox 2448 1218 2753 1290; x_wconf 74' lang='grc' dir='ltr'>πρεσϐύτου</span> <span class='ocrx_word' id='word_1_182' title='bbox 2795 1219 2986 1273; x_wconf 76' lang='grc' dir='ltr'>πολιὰν</span> <span class='ocrx_word' id='word_1_183' title='bbox 3042 1222 3452 1291; x_wconf 74' lang='grc' dir='ltr'><strong>αἰσχυνομένων</strong></span> <span class='ocrx_word' id='word_1_184' title='bbox 3476 1222 3632 1274; x_wconf 87' lang='grc' dir='ltr'>νέων·</span> <span class='ocrx_word' id='word_1_185' title='bbox 3664 1221 3727 1276; x_wconf 82' lang='grc' dir='ltr'>ού</span> 
     </span>
    </p>
   </div>
   <div class='ocr_carea' id='block_1_28' title="bbox 2152 1309 3729 1384">
    <p class='ocr_par' dir='ltr' id='par_1_28' title="bbox 2152 1309 3729 1384">
     <span class='ocr_line' id='line_1_28' title="bbox 2152 1309 3729 1384; baseline 0.003 -23"><span class='ocrx_word' id='word_1_186' title='bbox 2152 1311 2245 1363; x_wconf 77' lang='grc' dir='ltr'>τὸν</span> <span class='ocrx_word' id='word_1_187' title='bbox 2275 1309 2582 1381; x_wconf 78' lang='grc' dir='ltr'>προῦχοντα</span> <span class='ocrx_word' id='word_1_188' title='bbox 2619 1312 2784 1381; x_wconf 79' lang='grc' dir='ltr'>τιμᾷν</span> <span class='ocrx_word' id='word_1_189' title='bbox 2819 1312 3098 1376; x_wconf 74' lang='grc' dir='ltr'><strong>ἀξιοῦντος</strong></span> <span class='ocrx_word' id='word_1_190' title='bbox 3138 1311 3218 1365; x_wconf 76' lang='grc' dir='ltr'>ἔτι</span> <span class='ocrx_word' id='word_1_191' title='bbox 3262 1311 3356 1364; x_wconf 79' lang='grc' dir='ltr'><strong>τοῦ</strong></span> <span class='ocrx_word' id='word_1_192' title='bbox 3395 1312 3492 1384; x_wconf 81' lang='grc' dir='ltr'>τὴν</span> <span class='ocrx_word' id='word_1_193' title='bbox 3524 1312 3729 1366; x_wconf 79' lang='grc' dir='ltr'><strong>ἐλάττω</strong></span> 
     </span>
    </p>
   </div>
   <div class='ocr_carea' id='block_1_29' title="bbox 2153 1400 3726 1474">
    <p class='ocr_par' dir='ltr' id='par_1_29' title="bbox 2153 1400 3726 1474">
     <span class='ocr_line' id='line_1_29' title="bbox 2153 1400 3726 1474; baseline 0.001 -21"><span class='ocrx_word' id='word_1_194' title='bbox 2153 1400 2408 1471; x_wconf 85' lang='grc' dir='ltr'>λαχόντος</span> <span class='ocrx_word' id='word_1_195' title='bbox 2438 1402 2614 1469; x_wconf 81' lang='grc' dir='ltr'>τάξιν·</span> <span class='ocrx_word' id='word_1_196' title='bbox 2641 1402 2753 1457; x_wconf 85' lang='grc' dir='ltr'>ἀλλ’</span> <span class='ocrx_word' id='word_1_197' title='bbox 2776 1404 3133 1473; x_wconf 83' lang='grc' dir='ltr'>ἐπιτιμῶντος</span> <span class='ocrx_word' id='word_1_198' title='bbox 3158 1402 3394 1466; x_wconf 80' lang='grc' dir='ltr'>οὐδενὸς,</span> <span class='ocrx_word' id='word_1_199' title='bbox 3422 1404 3588 1474; x_wconf 72' lang='grc' dir='ltr'>ἤγουν</span> <span class='ocrx_word' id='word_1_200' title='bbox 3620 1406 3726 1458; x_wconf 79' lang='grc' dir='ltr'>ἀπο</span> 
     </span>
    </p>
   </div>
   <div class='ocr_carea' id='block_1_30' title="bbox 2155 1491 3727 1566">
    <p class='ocr_par' dir='ltr' id='par_1_30' title="bbox 2155 1491 3727 1566">
     <span class='ocr_line' id='line_1_30' title="bbox 2155 1491 3727 1566; baseline 0.003 -23"><span class='ocrx_word' id='word_1_201' title='bbox 2155 1491 2467 1554; x_wconf 81' lang='grc' dir='ltr'>ευθύνοντος</span> <span class='ocrx_word' id='word_1_202' title='bbox 2487 1492 2567 1555; x_wconf 86' lang='grc' dir='ltr'><strong>είς</strong></span> <span class='ocrx_word' id='word_1_203' title='bbox 2585 1492 2645 1545; x_wconf 81' lang='grc' dir='ltr'><strong>τὸ</strong></span> <span class='ocrx_word' id='word_1_204' title='bbox 2669 1493 2883 1563; x_wconf 80' lang='grc' dir='ltr'>ἑκάστῳ</span> <span class='ocrx_word' id='word_1_205' title='bbox 2906 1493 3136 1565; x_wconf 78' lang='grc' dir='ltr'><strong>πρέπον,</strong></span> <span class='ocrx_word' id='word_1_206' title='bbox 3160 1494 3337 1547; x_wconf 82' lang='grc' dir='ltr'>πάντα</span> <span class='ocrx_word' id='word_1_207' title='bbox 3354 1494 3561 1566; x_wconf 81' lang='grc' dir='ltr'><strong>φύρδην</strong></span> <span class='ocrx_word' id='word_1_208' title='bbox 3577 1494 3727 1549; x_wconf 81' lang='grc' dir='ltr'>ἔσται</span> 
     </span>
    </p>
   </div>
   <div class='ocr_carea' id='block_1_31' title="bbox 2156 1581 3729 1659">
    <p class='ocr_par' dir='ltr' id='par_1_31' title="bbox 2156 1581 3729 1659">
     <span class='ocr_line' id='line_1_31' title="bbox 2156 1581 3729 1659; baseline 0.003 -25"><span class='ocrx_word' id='word_1_209' title='bbox 2156 1583 2284 1652; x_wconf 87' lang='grc' dir='ltr'>παρ’</span> <span class='ocrx_word' id='word_1_210' title='bbox 2314 1582 2495 1645; x_wconf 83' lang='grc' dir='ltr'>αὐτοῖς</span> <span class='ocrx_word' id='word_1_211' title='bbox 2528 1581 2781 1647; x_wconf 81' lang='grc' dir='ltr'>εὐταξίας</span> <span class='ocrx_word' id='word_1_212' title='bbox 2818 1584 3035 1654; x_wconf 87' lang='grc' dir='ltr'>ἀπάσης</span> <span class='ocrx_word' id='word_1_213' title='bbox 3068 1584 3503 1656; x_wconf 76' lang='grc' dir='ltr'>καὶέπιστήμης</span> <span class='ocrx_word' id='word_1_214' title='bbox 3533 1584 3729 1659; x_wconf 78' lang='grc' dir='ltr'>ἐξῃρη-</span> 
     </span>
    </p>
   </div>
   <div class='ocr_carea' id='block_1_32' title="bbox 2157 1671 3729 1746">
    <p class='ocr_par' dir='ltr' id='par_1_32' title="bbox 2157 1671 3729 1746">
     <span class='ocr_line' id='line_1_32' title="bbox 2157 1671 3729 1746; baseline 0.003 -23"><span class='ocrx_word' id='word_1_215' title='bbox 2157 1671 2347 1742; x_wconf 88' lang='grc' dir='ltr'>μένης.</span> <span class='ocrx_word' id='word_1_216' title='bbox 2388 1672 2563 1726; x_wconf 85' lang='grc' dir='ltr'>Ὅπου</span> <span class='ocrx_word' id='word_1_217' title='bbox 2602 1673 2712 1743; x_wconf 79' lang='grc' dir='ltr'>γὰρ</span> <span class='ocrx_word' id='word_1_218' title='bbox 2760 1671 2900 1737; x_wconf 86' lang='grc' dir='ltr'>θεῖος</span> <span class='ocrx_word' id='word_1_219' title='bbox 2945 1676 3047 1727; x_wconf 83' lang='grc' dir='ltr'><strong>οὐκ</strong></span> <span class='ocrx_word' id='word_1_220' title='bbox 3083 1675 3352 1746; x_wconf 80' lang='grc' dir='ltr'><strong>ἐφέστηκε</strong></span> <span class='ocrx_word' id='word_1_221' title='bbox 3396 1675 3579 1745; x_wconf 84' lang='grc' dir='ltr'>νόμος,</span> <span class='ocrx_word' id='word_1_222' title='bbox 3619 1676 3729 1728; x_wconf 83' lang='grc' dir='ltr'>τῶν</span> 
     </span>
    </p>
   </div>
   <div class='ocr_carea' id='block_1_33' title="bbox 2157 1762 3728 1837">
    <p class='ocr_par' dir='ltr' id='par_1_33' title="bbox 2157 1762 3728 1837">
     <span class='ocr_line' id='line_1_33' title="bbox 2157 1762 3728 1837; baseline 0.002 -20"><span class='ocrx_word' id='word_1_223' title='bbox 2157 1762 2446 1833; x_wconf 85' lang='grc' dir='ltr'>πρακτέων</span> <span class='ocrx_word' id='word_1_224' title='bbox 2473 1764 2503 1816; x_wconf 85' lang='grc' dir='ltr'>ὁ</span> <span class='ocrx_word' id='word_1_225' title='bbox 2534 1764 2857 1837; x_wconf 77' lang='grc' dir='ltr'>βραϐευτὴς,</span> <span class='ocrx_word' id='word_1_226' title='bbox 2888 1766 3004 1830; x_wconf 84' lang='grc' dir='ltr'><strong>πῶς</strong></span> <span class='ocrx_word' id='word_1_227' title='bbox 3034 1766 3067 1836; x_wconf 82' lang='grc' dir='ltr'>ἢ</span> <span class='ocrx_word' id='word_1_228' title='bbox 3098 1767 3263 1820; x_wconf 87' lang='grc' dir='ltr'>πόθεν</span> <span class='ocrx_word' id='word_1_229' title='bbox 3290 1766 3356 1821; x_wconf 83' lang='grc' dir='ltr'><strong>ἂν</strong></span> <span class='ocrx_word' id='word_1_230' title='bbox 3382 1768 3592 1837; x_wconf 90' lang='grc' dir='ltr'>γένοιτό</span> <span class='ocrx_word' id='word_1_231' title='bbox 3620 1786 3728 1822; x_wconf 91' lang='grc' dir='ltr'>τισι</span> 
     </span>
    </p>
   </div>
   <div class='ocr_carea' id='block_1_34' title="bbox 488 1850 2058 1934">
    <p class='ocr_par' dir='ltr' id='par_1_34' title="bbox 488 1864 2058 1934">
     <span class='ocr_line' id='line_1_34' title="bbox 488 1864 2058 1934; baseline -0.003 -11"><span class='ocrx_word' id='word_1_232' title='bbox 488 1880 583 1924; x_wconf 89' lang='lat' dir='ltr'><strong>aut</strong></span> <span class='ocrx_word' id='word_1_233' title='bbox 606 1871 799 1924; x_wconf 85' lang='lat' dir='ltr'><strong>decore</strong></span> <span class='ocrx_word' id='word_1_234' title='bbox 835 1866 1061 1921; x_wconf 81' lang='lat' dir='ltr'><strong>vivere?</strong></span> <span class='ocrx_word' id='word_1_235' title='bbox 1089 1865 1280 1920; x_wconf 88' lang='lat' dir='ltr'><strong>Simile</strong></span> <span class='ocrx_word' id='word_1_236' title='bbox 1312 1867 1458 1920; x_wconf 87' lang='lat' dir='ltr'><strong>enim</strong></span> <span class='ocrx_word' id='word_1_237' title='bbox 1484 1875 1589 1932; x_wconf 90' lang='lat' dir='ltr'><strong>est,</strong></span> <span class='ocrx_word' id='word_1_238' title='bbox 1619 1880 1683 1919; x_wconf 86' lang='lat' dir='ltr'><strong>ac</strong></span> <span class='ocrx_word' id='word_1_239' title='bbox 1712 1866 1757 1919; x_wconf 91' lang='lat' dir='ltr'><strong>si</strong></span> <span class='ocrx_word' id='word_1_240' title='bbox 1787 1866 1907 1934; x_wconf 91' lang='lat' dir='ltr'><strong>quis</strong></span> <span class='ocrx_word' id='word_1_241' title='bbox 1931 1864 2058 1919; x_wconf 87' lang='lat' dir='ltr'><strong>velit</strong></span> 
     </span>
    </p>
   </div>
   <div class='ocr_carea' id='block_1_35' title="bbox 2160 1850 3728 1934">
    <p class='ocr_par' dir='ltr' id='par_1_35' title="bbox 2160 1856 3728 1930">
     <span class='ocr_line' id='line_1_35' title="bbox 2160 1856 3728 1930; baseline 0.002 -22"><span class='ocrx_word' id='word_1_242' title='bbox 2160 1856 2217 1909; x_wconf 77' lang='grc' dir='ltr'><strong>τὸ</strong></span> <span class='ocrx_word' id='word_1_243' title='bbox 2249 1858 2308 1908; x_wconf 86' lang='grc' dir='ltr'>ὲν</span> <span class='ocrx_word' id='word_1_244' title='bbox 2336 1856 2525 1928; x_wconf 87' lang='grc' dir='ltr'>κόσμῳ</span> <span class='ocrx_word' id='word_1_245' title='bbox 2564 1857 2823 1911; x_wconf 86' lang='grc' dir='ltr'>δύνασθαι</span> <span class='ocrx_word' id='word_1_246' title='bbox 2857 1858 3127 1924; x_wconf 79' lang='grc' dir='ltr'>διαόιοῦν;</span> <span class='ocrx_word' id='word_1_247' title='bbox 3154 1860 3377 1929; x_wconf 82' lang='grc' dir='ltr'>Ὅμοιον</span> <span class='ocrx_word' id='word_1_248' title='bbox 3416 1858 3523 1930; x_wconf 86' lang='grc' dir='ltr'>γάρ</span> <span class='ocrx_word' id='word_1_249' title='bbox 3572 1859 3643 1923; x_wconf 80' lang='grc' dir='ltr'>ὡς</span> <span class='ocrx_word' id='word_1_250' title='bbox 3680 1861 3728 1911; x_wconf 79' lang='grc' dir='ltr'><strong>εί</strong></span> 
     </span>
    </p>
   </div>
   <div class='ocr_carea' id='block_1_36' title="bbox 490 1960 2060 2028">
    <p class='ocr_par' dir='ltr' id='par_1_36' title="bbox 490 1960 2060 2028">
     <span class='ocr_line' id='line_1_36' title="bbox 490 1960 2060 2028; baseline -0.003 -11"><span class='ocrx_word' id='word_1_251' title='bbox 490 1964 668 2017; x_wconf 86' lang='lat' dir='ltr'><strong>navim</strong></span> <span class='ocrx_word' id='word_1_252' title='bbox 722 1960 889 2015; x_wconf 83' lang='lat' dir='ltr'><strong>clavis</strong></span> <span class='ocrx_word' id='word_1_253' title='bbox 953 1971 1006 2015; x_wconf 91' lang='lat' dir='ltr'><strong>et</strong></span> <span class='ocrx_word' id='word_1_254' title='bbox 1065 1961 1428 2028; x_wconf 77' lang='lat' dir='ltr'><strong>gubernatore</strong></span> <span class='ocrx_word' id='word_1_255' title='bbox 1489 1968 1763 2013; x_wconf 86' lang='lat' dir='ltr'><strong>carentem</strong></span> <span class='ocrx_word' id='word_1_256' title='bbox 1817 1966 1963 2013; x_wconf 91' lang='lat' dir='ltr'><strong>recto</strong></span> <span class='ocrx_word' id='word_1_257' title='bbox 2004 1965 2060 2013; x_wconf 88' lang='lat' dir='ltr'><strong>et</strong></span> 
     </span>
    </p>
   </div>
   <div class='ocr_carea' id='block_1_37' title="bbox 488 2050 1124 2107">
    <p class='ocr_par' dir='ltr' id='par_1_37' title="bbox 488 2050 1124 2107">
     <span class='ocr_line' id='line_1_37' title="bbox 488 2050 1124 2107; baseline -0.005 0"><span class='ocrx_word' id='word_1_258' title='bbox 488 2052 752 2107; x_wconf 82' lang='lat' dir='ltr'><strong>inoﬂenso</strong></span> <span class='ocrx_word' id='word_1_259' title='bbox 787 2066 944 2105; x_wconf 89' lang='lat' dir='ltr'><strong>cursu</strong></span> <span class='ocrx_word' id='word_1_260' title='bbox 974 2050 1124 2105; x_wconf 87' lang='lat' dir='ltr'><strong>ferri.</strong></span> 
     </span>
    </p>
   </div>
   <div class='ocr_carea' id='block_1_38' title="bbox 556 2223 2053 2300">
    <p class='ocr_par' dir='ltr' id='par_1_38' title="bbox 556 2223 2053 2300">
     <span class='ocr_line' id='line_1_38' title="bbox 556 2223 2053 2300; baseline -0.004 -20"><span class='ocrx_word' id='word_1_261' title='bbox 556 2229 665 2300; x_wconf 79' lang='lat'><strong>58</strong></span> <span class='ocrx_word' id='word_1_262' title='bbox 689 2226 848 2281; x_wconf 74' lang='lat' dir='ltr'><strong>Vens.</strong></span> <span class='ocrx_word' id='word_1_263' title='bbox 870 2228 924 2291; x_wconf 84' lang='lat'><strong>6,</strong></span> <span class='ocrx_word' id='word_1_264' title='bbox 948 2226 999 2281; x_wconf 90' lang='lat'><strong>7.</strong></span> <span class='ocrx_word' id='word_1_265' title='bbox 1027 2224 1168 2291; x_wconf 85' lang='lat' dir='ltr'><strong>Quia</strong></span> <span class='ocrx_word' id='word_1_266' title='bbox 1187 2224 1628 2295; x_wconf 80' lang='lat' dir='ltr'><strong>apprehendetvir</strong></span> <span class='ocrx_word' id='word_1_267' title='bbox 1642 2223 1859 2289; x_wconf 80' lang='lat' dir='ltr'><strong>fratrem</strong></span> <span class='ocrx_word' id='word_1_268' title='bbox 1878 2239 2053 2287; x_wconf 85' lang='lat' dir='ltr'><strong>suum,</strong></span> 
     </span>
    </p>
   </div>
   <div class='ocr_carea' id='block_1_39' title="bbox 484 2311 2053 2383">
    <p class='ocr_par' dir='ltr' id='par_1_39' title="bbox 484 2311 2053 2383">
     <span class='ocr_line' id='line_1_39' title="bbox 484 2311 2053 2383; baseline -0.004 -11"><span class='ocrx_word' id='word_1_269' title='bbox 484 2320 563 2372; x_wconf 66' lang='lat' dir='ltr'><strong>vel</strong></span> <span class='ocrx_word' id='word_1_270' title='bbox 607 2318 947 2375; x_wconf 78' lang='lat' dir='ltr'><strong>domesticum</strong></span> <span class='ocrx_word' id='word_1_271' title='bbox 990 2315 1159 2383; x_wconf 85' lang='lat' dir='ltr'><strong>patris</strong></span> <span class='ocrx_word' id='word_1_272' title='bbox 1198 2316 1302 2378; x_wconf 90' lang='lat' dir='ltr'><strong>sui,</strong></span> <span class='ocrx_word' id='word_1_273' title='bbox 1345 2314 1525 2367; x_wconf 82' lang='lat' dir='ltr'><strong>dicens</strong></span> <span class='ocrx_word' id='word_1_274' title='bbox 1562 2328 1583 2366; x_wconf 91' lang='lat'><strong><em>:</em></strong></span> <span class='ocrx_word' id='word_1_275' title='bbox 1626 2311 1829 2366; x_wconf 82' lang='lat' dir='ltr'><strong>Vestem</strong></span> <span class='ocrx_word' id='word_1_276' title='bbox 1874 2313 2053 2377; x_wconf 84' lang='lat' dir='ltr'><strong>habes,</strong></span> 
     </span>
    </p>
   </div>
   <div class='ocr_carea' id='block_1_40' title="bbox 484 2402 2058 2478">
    <p class='ocr_par' dir='ltr' id='par_1_40' title="bbox 484 2402 2058 2478">
     <span class='ocr_line' id='line_1_40' title="bbox 484 2402 2058 2478; baseline -0.003 -17"><span class='ocrx_word' id='word_1_277' title='bbox 484 2411 721 2478; x_wconf 77' lang='lat' dir='ltr'><strong>princeps</strong></span> <span class='ocrx_word' id='word_1_278' title='bbox 765 2414 939 2459; x_wconf 87' lang='lat' dir='ltr'><strong>noster</strong></span> <span class='ocrx_word' id='word_1_279' title='bbox 963 2415 1093 2468; x_wconf 80' lang='lat' dir='ltr'><strong>esto,</strong></span> <span class='ocrx_word' id='word_1_280' title='bbox 1129 2413 1180 2458; x_wconf 85' lang='lat' dir='ltr'><strong>et</strong></span> <span class='ocrx_word' id='word_1_281' title='bbox 1219 2406 1363 2457; x_wconf 83' lang='lat' dir='ltr'><strong>cibus</strong></span> <span class='ocrx_word' id='word_1_282' title='bbox 1398 2420 1541 2457; x_wconf 87' lang='lat' dir='ltr'><strong>meus</strong></span> <span class='ocrx_word' id='word_1_283' title='bbox 1564 2420 1717 2471; x_wconf 86' lang='lat' dir='ltr'><strong>penes</strong></span> <span class='ocrx_word' id='word_1_284' title='bbox 1748 2413 1796 2458; x_wconf 85' lang='lat' dir='ltr'><strong>te</strong></span> <span class='ocrx_word' id='word_1_285' title='bbox 1836 2404 1926 2458; x_wconf 84' lang='lat' dir='ltr'><strong>sit.</strong></span> <span class='ocrx_word' id='word_1_286' title='bbox 1954 2402 2058 2457; x_wconf 84' lang='lat' dir='ltr'><strong>Re-</strong></span> 
     </span>
    </p>
   </div>
   <div class='ocr_carea' id='block_1_41' title="bbox 484 2493 2055 2566">
    <p class='ocr_par' dir='ltr' id='par_1_41' title="bbox 484 2493 2055 2566">
     <span class='ocr_line' id='line_1_41' title="bbox 484 2493 2055 2566; baseline -0.004 -13"><span class='ocrx_word' id='word_1_287' title='bbox 484 2500 743 2566; x_wconf 80' lang='lat' dir='ltr'><strong>spondens</strong></span> <span class='ocrx_word' id='word_1_288' title='bbox 780 2507 952 2552; x_wconf 86' lang='lat' dir='ltr'><strong>autem</strong></span> <span class='ocrx_word' id='word_1_289' title='bbox 990 2496 1124 2549; x_wconf 83' lang='lat' dir='ltr'><strong>dicet</strong></span> <span class='ocrx_word' id='word_1_290' title='bbox 1176 2497 1232 2548; x_wconf 87' lang='lat' dir='ltr'><strong>in</strong></span> <span class='ocrx_word' id='word_1_291' title='bbox 1260 2494 1345 2549; x_wconf 86' lang='lat' dir='ltr'><strong>die</strong></span> <span class='ocrx_word' id='word_1_292' title='bbox 1388 2493 1516 2547; x_wconf 87' lang='lat' dir='ltr'><strong>illa:</strong></span> <span class='ocrx_word' id='word_1_293' title='bbox 1549 2494 1672 2546; x_wconf 88' lang='lat' dir='ltr'><strong>Non</strong></span> <span class='ocrx_word' id='word_1_294' title='bbox 1704 2510 1792 2547; x_wconf 87' lang='lat' dir='ltr'><strong>ero</strong></span> <span class='ocrx_word' id='word_1_295' title='bbox 1816 2495 2055 2561; x_wconf 84' lang='lat' dir='ltr'><strong>princeps</strong></span> 
     </span>
    </p>
   </div>
   <div class='ocr_carea' id='block_1_42' title="bbox 488 2580 2054 2651">
    <p class='ocr_par' dir='ltr' id='par_1_42' title="bbox 488 2580 2054 2651">
     <span class='ocr_line' id='line_1_42' title="bbox 488 2580 2054 2651; baseline -0.003 -13"><span class='ocrx_word' id='word_1_296' title='bbox 488 2598 629 2650; x_wconf 82' lang='lat' dir='ltr'><strong>tuus,</strong></span> <span class='ocrx_word' id='word_1_297' title='bbox 663 2602 764 2638; x_wconf 88' lang='lat' dir='ltr'><strong>non</strong></span> <span class='ocrx_word' id='word_1_298' title='bbox 792 2585 931 2637; x_wconf 88' lang='lat' dir='ltr'><strong>enim</strong></span> <span class='ocrx_word' id='word_1_299' title='bbox 961 2591 1036 2637; x_wconf 85' lang='lat' dir='ltr'><strong>est</strong></span> <span class='ocrx_word' id='word_1_300' title='bbox 1080 2582 1135 2635; x_wconf 88' lang='lat' dir='ltr'><strong>in</strong></span> <span class='ocrx_word' id='word_1_301' title='bbox 1165 2581 1318 2634; x_wconf 86' lang='lat' dir='ltr'><strong>domo</strong></span> <span class='ocrx_word' id='word_1_302' title='bbox 1351 2596 1467 2634; x_wconf 85' lang='lat' dir='ltr'><strong>mea</strong></span> <span class='ocrx_word' id='word_1_303' title='bbox 1498 2580 1674 2645; x_wconf 77' lang='lat' dir='ltr'><strong>uanis,</strong></span> <span class='ocrx_word' id='word_1_304' title='bbox 1693 2596 1854 2651; x_wconf 84' lang='lat' dir='ltr'><strong>neque</strong></span> <span class='ocrx_word' id='word_1_305' title='bbox 1880 2582 2054 2646; x_wconf 83' lang='lat' dir='ltr'><strong>vestis,</strong></span> 
     </span>
    </p>
   </div>
   <div class='ocr_carea' id='block_1_43' title="bbox 486 2672 1385 2746">
    <p class='ocr_par' dir='ltr' id='par_1_43' title="bbox 486 2672 1385 2746">
     <span class='ocr_line' id='line_1_43' title="bbox 486 2672 1385 2746; baseline -0.003 -16"><span class='ocrx_word' id='word_1_306' title='bbox 486 2694 588 2731; x_wconf 84' lang='lat' dir='ltr'><strong>non</strong></span> <span class='ocrx_word' id='word_1_307' title='bbox 612 2693 698 2731; x_wconf 83' lang='lat' dir='ltr'><strong>ero</strong></span> <span class='ocrx_word' id='word_1_308' title='bbox 726 2677 967 2746; x_wconf 86' lang='lat' dir='ltr'><strong>princeps</strong></span> <span class='ocrx_word' id='word_1_309' title='bbox 997 2673 1177 2744; x_wconf 79' lang='lat' dir='ltr'><strong>populi</strong></span> <span class='ocrx_word' id='word_1_310' title='bbox 1203 2672 1385 2743; x_wconf 85' lang='lat' dir='ltr'><strong>hujus.</strong></span> 
     </span>
    </p>
   </div>
   <div class='ocr_carea' id='block_1_44' title="bbox 555 2852 2054 2923">
    <p class='ocr_par' dir='ltr' id='par_1_44' title="bbox 555 2852 2054 2923">
     <span class='ocr_line' id='line_1_44' title="bbox 555 2852 2054 2923; baseline -0.003 -12"><span class='ocrx_word' id='word_1_311' title='bbox 555 2855 858 2912; x_wconf 67' lang='lat' dir='ltr'><strong>Judaaorum</strong></span> <span class='ocrx_word' id='word_1_312' title='bbox 891 2867 1121 2907; x_wconf 74' lang='lat' dir='ltr'><strong>miserta:</strong></span> <span class='ocrx_word' id='word_1_313' title='bbox 1149 2859 1203 2906; x_wconf 91' lang='lat' dir='ltr'><strong>et</strong></span> <span class='ocrx_word' id='word_1_314' title='bbox 1228 2866 1453 2906; x_wconf 62' lang='lat' dir='ltr'><strong>summa:</strong></span> <span class='ocrx_word' id='word_1_315' title='bbox 1485 2852 1812 2907; x_wconf 82' lang='lat' dir='ltr'><strong>calamitatis</strong></span> <span class='ocrx_word' id='word_1_316' title='bbox 1844 2852 2054 2923; x_wconf 86' lang='lat' dir='ltr'><strong>magni-</strong></span> 
     </span>
    </p>
   </div>
   <div class='ocr_carea' id='block_1_45' title="bbox 488 2942 2055 3027">
    <p class='ocr_par' dir='ltr' id='par_1_45' title="bbox 488 2942 2055 3027">
     <span class='ocr_line' id='line_1_45' title="bbox 488 2942 2055 3027; baseline -0.003 -26"><span class='ocrx_word' id='word_1_317' title='bbox 488 2948 730 3001; x_wconf 87' lang='lat' dir='ltr'><strong>tudinem</strong></span> <span class='ocrx_word' id='word_1_318' title='bbox 762 2943 1075 3014; x_wconf 85' lang='lat' dir='ltr'><strong>prophetica</strong></span> <span class='ocrx_word' id='word_1_319' title='bbox 1104 2942 1265 3027; x_wconf 35' lang='lat' dir='ltr'><strong>nobis.</strong></span> <span class='ocrx_word' id='word_1_320' title='bbox 1296 2942 1567 3013; x_wconf 79' lang='lat' dir='ltr'><strong>significat</strong></span> <span class='ocrx_word' id='word_1_321' title='bbox 1606 2944 1804 2999; x_wconf 91' lang='lat' dir='ltr'><strong>oratio.</strong></span> <span class='ocrx_word' id='word_1_322' title='bbox 1846 2942 2055 3013; x_wconf 77' lang='lat' dir='ltr'><strong>Regna-</strong></span> 
     </span>
    </p>
   </div>
   <div class='ocr_carea' id='block_1_46' title="bbox 490 3029 2057 3100">
    <p class='ocr_par' dir='ltr' id='par_1_46' title="bbox 490 3029 2057 3100">
     <span class='ocr_line' id='line_1_46' title="bbox 490 3029 2057 3100; baseline -0.005 -9"><span class='ocrx_word' id='word_1_323' title='bbox 490 3046 619 3091; x_wconf 88' lang='lat' dir='ltr'><strong>rnnt</strong></span> <span class='ocrx_word' id='word_1_324' title='bbox 645 3036 793 3090; x_wconf 87' lang='lat' dir='ltr'><strong>enim</strong></span> <span class='ocrx_word' id='word_1_325' title='bbox 836 3033 992 3089; x_wconf 79' lang='lat' dir='ltr'><strong>statis</strong></span> <span class='ocrx_word' id='word_1_326' title='bbox 1032 3031 1363 3100; x_wconf 88' lang='lat' dir='ltr'><strong>temporibus</strong></span> <span class='ocrx_word' id='word_1_327' title='bbox 1408 3030 1461 3084; x_wconf 95' lang='lat' dir='ltr'><strong>in</strong></span> <span class='ocrx_word' id='word_1_328' title='bbox 1503 3029 1825 3094; x_wconf 81' lang='lat' dir='ltr'><strong>Jerusalem,</strong></span> <span class='ocrx_word' id='word_1_329' title='bbox 1867 3031 1957 3099; x_wconf 90' lang='lat' dir='ltr'><strong>qui</strong></span> <span class='ocrx_word' id='word_1_330' title='bbox 1989 3044 2057 3083; x_wconf 79' lang='lat' dir='ltr'><strong>ex</strong></span> 
     </span>
    </p>
   </div>
   <div class='ocr_carea' id='block_1_47' title="bbox 489 3120 2057 3192">
    <p class='ocr_par' dir='ltr' id='par_1_47' title="bbox 489 3120 2057 3192">
     <span class='ocr_line' id='line_1_47' title="bbox 489 3120 2057 3192; baseline -0.004 -10"><span class='ocrx_word' id='word_1_331' title='bbox 489 3130 628 3183; x_wconf 89' lang='lat' dir='ltr'><strong>tribu</strong></span> <span class='ocrx_word' id='word_1_332' title='bbox 651 3126 800 3181; x_wconf 57' lang='lat' dir='ltr'><strong>ludat</strong></span> <span class='ocrx_word' id='word_1_333' title='bbox 833 3137 989 3180; x_wconf 88' lang='lat' dir='ltr'><strong>erant</strong></span> <span class='ocrx_word' id='word_1_334' title='bbox 1019 3143 1033 3177; x_wconf 87' lang='lat'><strong>:</strong></span> <span class='ocrx_word' id='word_1_335' title='bbox 1072 3133 1126 3178; x_wconf 90' lang='lat' dir='ltr'><strong>et</strong></span> <span class='ocrx_word' id='word_1_336' title='bbox 1165 3122 1431 3192; x_wconf 81' lang='lat' dir='ltr'><strong>Splendidi</strong></span> <span class='ocrx_word' id='word_1_337' title='bbox 1463 3123 1701 3187; x_wconf 85' lang='lat' dir='ltr'><strong>fuerunt,</strong></span> <span class='ocrx_word' id='word_1_338' title='bbox 1725 3120 1969 3176; x_wconf 87' lang='lat' dir='ltr'><strong>celebres</strong></span> <span class='ocrx_word' id='word_1_339' title='bbox 2002 3130 2057 3176; x_wconf 88' lang='lat' dir='ltr'><strong>et</strong></span> 
     </span>
    </p>
   </div>
   <div class='ocr_carea' id='block_1_48' title="bbox 490 3215 2052 3285">
    <p class='ocr_par' dir='ltr' id='par_1_48' title="bbox 490 3215 2052 3285">
     <span class='ocr_line' id='line_1_48' title="bbox 490 3215 2052 3285; baseline -0.004 -10"><span class='ocrx_word' id='word_1_340' title='bbox 490 3220 695 3274; x_wconf 85' lang='lat' dir='ltr'><strong>divitiis</strong></span> <span class='ocrx_word' id='word_1_341' title='bbox 729 3217 934 3281; x_wconf 90' lang='lat' dir='ltr'><strong>ornati,</strong></span> <span class='ocrx_word' id='word_1_342' title='bbox 969 3226 1023 3270; x_wconf 90' lang='lat' dir='ltr'><strong>et</strong></span> <span class='ocrx_word' id='word_1_343' title='bbox 1049 3215 1344 3270; x_wconf 89' lang='lat' dir='ltr'><strong>nobilitatis</strong></span> <span class='ocrx_word' id='word_1_344' title='bbox 1372 3224 1521 3269; x_wconf 89' lang='lat' dir='ltr'><strong>sorte</strong></span> <span class='ocrx_word' id='word_1_345' title='bbox 1543 3229 1674 3269; x_wconf 88' lang='lat' dir='ltr'><strong>sane</strong></span> <span class='ocrx_word' id='word_1_346' title='bbox 1699 3228 1864 3283; x_wconf 81' lang='lat' dir='ltr'><strong>quam</strong></span> <span class='ocrx_word' id='word_1_347' title='bbox 1896 3228 2052 3285; x_wconf 80' lang='lat' dir='ltr'><strong>egre-</strong></span> 
     </span>
    </p>
   </div>
   <div class='ocr_carea' id='block_1_49' title="bbox 491 3305 2058 3383">
    <p class='ocr_par' dir='ltr' id='par_1_49' title="bbox 491 3305 2058 3383">
     <span class='ocr_line' id='line_1_49' title="bbox 491 3305 2058 3383; baseline -0.002 -19"><span class='ocrx_word' id='word_1_348' title='bbox 491 3313 577 3383; x_wconf 87' lang='lat' dir='ltr'><strong>gie</strong></span> <span class='ocrx_word' id='word_1_349' title='bbox 629 3309 905 3365; x_wconf 87' lang='lat' dir='ltr'><strong>coronati.</strong></span> <span class='ocrx_word' id='word_1_350' title='bbox 951 3305 1330 3362; x_wconf 73' lang='lat' dir='ltr'><strong>Prmsederunt</strong></span> <span class='ocrx_word' id='word_1_351' title='bbox 1359 3306 1483 3360; x_wconf 90' lang='lat' dir='ltr'><strong>item</strong></span> <span class='ocrx_word' id='word_1_352' title='bbox 1524 3306 1630 3361; x_wconf 89' lang='lat' dir='ltr'><strong>alio</strong></span> <span class='ocrx_word' id='word_1_353' title='bbox 1670 3307 1851 3371; x_wconf 90' lang='lat' dir='ltr'><strong>modo,</strong></span> <span class='ocrx_word' id='word_1_354' title='bbox 1890 3306 1983 3376; x_wconf 84' lang='lat' dir='ltr'><strong>qui</strong></span> <span class='ocrx_word' id='word_1_355' title='bbox 2026 3322 2058 3361; x_wconf 91' lang='lat' dir='ltr'><strong>e</strong></span> 
     </span>
    </p>
   </div>
   <div class='ocr_carea' id='block_1_50' title="bbox 494 3398 2055 3464">
    <p class='ocr_par' dir='ltr' id='par_1_50' title="bbox 494 3398 2055 3464">
     <span class='ocr_line' id='line_1_50' title="bbox 494 3398 2055 3464; baseline -0.003 -8"><span class='ocrx_word' id='word_1_356' title='bbox 494 3405 634 3458; x_wconf 87' lang='lat' dir='ltr'><strong>tribu</strong></span> <span class='ocrx_word' id='word_1_357' title='bbox 676 3402 893 3457; x_wconf 87' lang='lat' dir='ltr'><strong>fuerunt</strong></span> <span class='ocrx_word' id='word_1_358' title='bbox 938 3399 1089 3464; x_wconf 86' lang='lat' dir='ltr'><strong>Levi,</strong></span> <span class='ocrx_word' id='word_1_359' title='bbox 1136 3414 1201 3454; x_wconf 84' lang='lat' dir='ltr'><strong>ex</strong></span> <span class='ocrx_word' id='word_1_360' title='bbox 1254 3399 1485 3453; x_wconf 83' lang='lat' dir='ltr'><strong>Aamnis</strong></span> <span class='ocrx_word' id='word_1_361' title='bbox 1527 3399 1740 3454; x_wconf 90' lang='lat' dir='ltr'><strong>ordine.</strong></span> <span class='ocrx_word' id='word_1_362' title='bbox 1789 3398 1926 3454; x_wconf 92' lang='lat' dir='ltr'><strong>Cum</strong></span> <span class='ocrx_word' id='word_1_363' title='bbox 1982 3398 2055 3453; x_wconf 89' lang='lat' dir='ltr'><strong>ita</strong></span> 
     </span>
    </p>
   </div>
   <div class='ocr_carea' id='block_1_51' title="bbox 491 3490 2057 3564">
    <p class='ocr_par' dir='ltr' id='par_1_51' title="bbox 491 3490 2057 3564">
     <span class='ocr_line' id='line_1_51' title="bbox 491 3490 2057 3564; baseline -0.003 -12"><span class='ocrx_word' id='word_1_364' title='bbox 491 3511 733 3552; x_wconf 89' lang='lat' dir='ltr'><strong>summus</strong></span> <span class='ocrx_word' id='word_1_365' title='bbox 762 3496 1014 3549; x_wconf 88' lang='lat' dir='ltr'><strong>sacerdos</strong></span> <span class='ocrx_word' id='word_1_366' title='bbox 1046 3502 1323 3564; x_wconf 66' lang='lat' dir='ltr'><strong>praeesset,</strong></span> <span class='ocrx_word' id='word_1_367' title='bbox 1362 3490 1605 3548; x_wconf 88' lang='lat' dir='ltr'><strong>seniores</strong></span> <span class='ocrx_word' id='word_1_368' title='bbox 1635 3501 1692 3547; x_wconf 94' lang='lat' dir='ltr'><strong>et</strong></span> <span class='ocrx_word' id='word_1_369' title='bbox 1721 3491 1923 3547; x_wconf 86' lang='lat' dir='ltr'><strong>Levitae</strong></span> <span class='ocrx_word' id='word_1_370' title='bbox 1942 3492 2057 3547; x_wconf 86' lang='lat' dir='ltr'><strong>obi-</strong></span> 
     </span>
    </p>
   </div>
   <div class='ocr_carea' id='block_1_52' title="bbox 495 3583 2054 3654">
    <p class='ocr_par' dir='ltr' id='par_1_52' title="bbox 495 3583 2054 3654">
     <span class='ocr_line' id='line_1_52' title="bbox 495 3583 2054 3654; baseline -0.003 -12"><span class='ocrx_word' id='word_1_371' title='bbox 495 3597 619 3644; x_wconf 89' lang='lat' dir='ltr'><strong>rent</strong></span> <span class='ocrx_word' id='word_1_372' title='bbox 648 3586 975 3649; x_wconf 86' lang='lat' dir='ltr'><strong>ministeria,</strong></span> <span class='ocrx_word' id='word_1_373' title='bbox 1004 3583 1331 3654; x_wconf 88' lang='lat' dir='ltr'><strong>suscipiendi</strong></span> <span class='ocrx_word' id='word_1_374' title='bbox 1355 3592 1512 3639; x_wconf 85' lang='lat' dir='ltr'><strong>erant</strong></span> <span class='ocrx_word' id='word_1_375' title='bbox 1540 3584 1592 3638; x_wconf 91' lang='lat' dir='ltr'><strong>bi</strong></span> <span class='ocrx_word' id='word_1_376' title='bbox 1621 3597 1719 3653; x_wconf 91' lang='lat' dir='ltr'><strong>per</strong></span> <span class='ocrx_word' id='word_1_377' title='bbox 1747 3584 2054 3638; x_wconf 89' lang='lat' dir='ltr'><strong>universam</strong></span> 
     </span>
    </p>
   </div>
   <div class='ocr_carea' id='block_1_53' title="bbox 493 3663 2055 3750">
    <p class='ocr_par' dir='ltr' id='par_1_53' title="bbox 493 3663 2055 3750">
     <span class='ocr_line' id='line_1_53' title="bbox 493 3663 2055 3750; baseline -0.005 -17"><span class='ocrx_word' id='word_1_378' title='bbox 493 3683 764 3750; x_wconf 88' lang='lat' dir='ltr'><strong>regionem</strong></span> <span class='ocrx_word' id='word_1_379' title='bbox 819 3663 1145 3730; x_wconf 70' lang='lat' dir='ltr'><strong>Iudaeorum.</strong></span> <span class='ocrx_word' id='word_1_380' title='bbox 1190 3675 1261 3727; x_wconf 85' lang='lat' dir='ltr'><strong>At</strong></span> <span class='ocrx_word' id='word_1_381' title='bbox 1330 3674 1419 3728; x_wconf 94' lang='lat' dir='ltr'><strong>ubi</strong></span> <span class='ocrx_word' id='word_1_382' title='bbox 1466 3689 1587 3743; x_wconf 66' lang='lat' dir='ltr'><strong>qua:</strong></span> <span class='ocrx_word' id='word_1_383' title='bbox 1643 3674 1723 3728; x_wconf 80' lang='lat' dir='ltr'><strong>fas</strong></span> <span class='ocrx_word' id='word_1_384' title='bbox 1766 3689 1872 3729; x_wconf 92' lang='lat' dir='ltr'><strong>non</strong></span> <span class='ocrx_word' id='word_1_385' title='bbox 1940 3682 2055 3729; x_wconf 88' lang='lat' dir='ltr'><strong>erat</strong></span> 
     </span>
    </p>
   </div>
   <div class='ocr_carea' id='block_1_54' title="bbox 493 3766 2054 3837">
    <p class='ocr_par' dir='ltr' id='par_1_54' title="bbox 493 3766 2054 3837">
     <span class='ocr_line' id='line_1_54' title="bbox 493 3766 2054 3837; baseline -0.004 -12"><span class='ocrx_word' id='word_1_386' title='bbox 493 3771 936 3833; x_wconf 86' lang='lat' dir='ltr'><strong>commisissent,</strong></span> <span class='ocrx_word' id='word_1_387' title='bbox 985 3768 1294 3837; x_wconf 90' lang='lat' dir='ltr'><strong>nullumque</strong></span> <span class='ocrx_word' id='word_1_388' title='bbox 1339 3780 1445 3821; x_wconf 91' lang='lat' dir='ltr'><strong>non</strong></span> <span class='ocrx_word' id='word_1_389' title='bbox 1470 3766 1761 3835; x_wconf 90' lang='lat' dir='ltr'><strong>impietatis</strong></span> <span class='ocrx_word' id='word_1_390' title='bbox 1794 3780 1963 3837; x_wconf 88' lang='lat' dir='ltr'><strong>genus</strong></span> <span class='ocrx_word' id='word_1_391' title='bbox 2000 3766 2054 3821; x_wconf 90' lang='lat' dir='ltr'><strong>in</strong></span> 
     </span>
    </p>
   </div>
   <div class='ocr_carea' id='block_1_55' title="bbox 492 3857 2059 3929">
    <p class='ocr_par' dir='ltr' id='par_1_55' title="bbox 492 3857 2059 3929">
     <span class='ocr_line' id='line_1_55' title="bbox 492 3857 2059 3929; baseline -0.005 -11"><span class='ocrx_word' id='word_1_392' title='bbox 492 3863 766 3918; x_wconf 85' lang='lat' dir='ltr'><strong>Christum</strong></span> <span class='ocrx_word' id='word_1_393' title='bbox 802 3862 1209 3923; x_wconf 81' lang='lat' dir='ltr'><strong>exercuissent,</strong></span> <span class='ocrx_word' id='word_1_394' title='bbox 1255 3859 1321 3913; x_wconf 91' lang='lat' dir='ltr'><strong>de</strong></span> <span class='ocrx_word' id='word_1_395' title='bbox 1373 3859 1603 3926; x_wconf 87' lang='lat' dir='ltr'><strong>pristina</strong></span> <span class='ocrx_word' id='word_1_396' title='bbox 1653 3857 1942 3929; x_wconf 88' lang='lat' dir='ltr'><strong>dignitate,</strong></span> <span class='ocrx_word' id='word_1_397' title='bbox 1994 3872 2059 3911; x_wconf 88' lang='lat' dir='ltr'><strong>ac</strong></span> 
     </span>
    </p>
   </div>
   <div class='ocr_carea' id='block_1_56' title="bbox 493 3948 2055 4017">
    <p class='ocr_par' dir='ltr' id='par_1_56' title="bbox 493 3948 2055 4017">
     <span class='ocr_line' id='line_1_56' title="bbox 493 3948 2055 4017; baseline -0.004 -8"><span class='ocrx_word' id='word_1_398' title='bbox 493 3953 810 4009; x_wconf 86' lang='lat' dir='ltr'><strong>celebritate</strong></span> <span class='ocrx_word' id='word_1_399' title='bbox 851 3951 1164 4005; x_wconf 84' lang='lat' dir='ltr'><strong>divitiarum</strong></span> <span class='ocrx_word' id='word_1_400' title='bbox 1199 3957 1255 4004; x_wconf 90' lang='lat' dir='ltr'><strong>et</strong></span> <span class='ocrx_word' id='word_1_401' title='bbox 1288 3948 1539 4003; x_wconf 87' lang='lat' dir='ltr'><strong>claritate</strong></span> <span class='ocrx_word' id='word_1_402' title='bbox 1570 3948 1769 4017; x_wconf 89' lang='lat' dir='ltr'><strong>delapsi</strong></span> <span class='ocrx_word' id='word_1_403' title='bbox 1807 3958 1970 4011; x_wconf 86' lang='lat' dir='ltr'><strong>sunt;</strong></span> <span class='ocrx_word' id='word_1_404' title='bbox 2005 3950 2055 4002; x_wconf 90' lang='lat' dir='ltr'><strong>in</strong></span> 
     </span>
    </p>
   </div>
   <div class='ocr_carea' id='block_1_57' title="bbox 492 4036 2058 4115">
    <p class='ocr_par' dir='ltr' id='par_1_57' title="bbox 492 4036 2058 4115">
     <span class='ocr_line' id='line_1_57' title="bbox 492 4036 2058 4115; baseline -0.004 -13"><span class='ocrx_word' id='word_1_405' title='bbox 492 4036 719 4115; x_wconf 69' lang='lat' dir='ltr'><strong>Eamque</strong></span> <span class='ocrx_word' id='word_1_406' title='bbox 747 4042 1124 4099; x_wconf 83' lang='lat' dir='ltr'><strong>confusionem</strong></span> <span class='ocrx_word' id='word_1_407' title='bbox 1174 4050 1228 4095; x_wconf 89' lang='lat' dir='ltr'><strong>et</strong></span> <span class='ocrx_word' id='word_1_408' title='bbox 1253 4041 1514 4095; x_wconf 86' lang='lat' dir='ltr'><strong>vilitalem</strong></span> <span class='ocrx_word' id='word_1_409' title='bbox 1556 4056 1643 4095; x_wconf 89' lang='lat' dir='ltr'><strong>res</strong></span> <span class='ocrx_word' id='word_1_410' title='bbox 1672 4056 1856 4094; x_wconf 89' lang='lat' dir='ltr'><strong>eorum</strong></span> <span class='ocrx_word' id='word_1_411' title='bbox 1894 4042 2058 4096; x_wconf 89' lang='lat' dir='ltr'><strong>deve-</strong></span> 
     </span>
    </p>
   </div>
   <div class='ocr_carea' id='block_1_58' title="bbox 495 4129 2055 4200">
    <p class='ocr_par' dir='ltr' id='par_1_58' title="bbox 495 4129 2055 4200">
     <span class='ocr_line' id='line_1_58' title="bbox 495 4129 2055 4200; baseline -0.006 -10"><span class='ocrx_word' id='word_1_412' title='bbox 495 4140 713 4200; x_wconf 81' lang='lat' dir='ltr'><strong>tierunt,</strong></span> <span class='ocrx_word' id='word_1_413' title='bbox 746 4146 805 4188; x_wconf 90' lang='lat' dir='ltr'><strong>ut</strong></span> <span class='ocrx_word' id='word_1_414' title='bbox 834 4134 1037 4188; x_wconf 91' lang='lat' dir='ltr'><strong>nullum</strong></span> <span class='ocrx_word' id='word_1_415' title='bbox 1081 4130 1304 4186; x_wconf 89' lang='lat' dir='ltr'><strong>omnino</strong></span> <span class='ocrx_word' id='word_1_416' title='bbox 1335 4138 1557 4200; x_wconf 85' lang='lat' dir='ltr'><strong>possent</strong></span> <span class='ocrx_word' id='word_1_417' title='bbox 1605 4129 1747 4183; x_wconf 89' lang='lat' dir='ltr'><strong>inter</strong></span> <span class='ocrx_word' id='word_1_418' title='bbox 1775 4145 1835 4183; x_wconf 87' lang='lat' dir='ltr'><strong>se</strong></span> <span class='ocrx_word' id='word_1_419' title='bbox 1868 4130 2055 4183; x_wconf 90' lang='lat' dir='ltr'><strong>ducem</strong></span> 
     </span>
    </p>
   </div>
   <div class='ocr_carea' id='block_1_59' title="bbox 495 4220 2059 4294">
    <p class='ocr_par' dir='ltr' id='par_1_59' title="bbox 495 4220 2059 4294">
     <span class='ocr_line' id='line_1_59' title="bbox 495 4220 2059 4294; baseline -0.006 -12"><span class='ocrx_word' id='word_1_420' title='bbox 495 4228 694 4282; x_wconf 87' lang='lat' dir='ltr'><strong>habere</strong></span> <span class='ocrx_word' id='word_1_421' title='bbox 725 4227 948 4294; x_wconf 88' lang='lat' dir='ltr'><strong>antiqua</strong></span> <span class='ocrx_word' id='word_1_422' title='bbox 986 4222 1310 4279; x_wconf 77' lang='lat' dir='ltr'><strong>excellentia</strong></span> <span class='ocrx_word' id='word_1_423' title='bbox 1338 4220 1563 4284; x_wconf 90' lang='lat' dir='ltr'><strong>clarum,</strong></span> <span class='ocrx_word' id='word_1_424' title='bbox 1594 4234 1693 4274; x_wconf 88' lang='lat' dir='ltr'><strong>nec</strong></span> <span class='ocrx_word' id='word_1_425' title='bbox 1716 4220 1925 4289; x_wconf 82' lang='lat' dir='ltr'><strong>Opibus,</strong></span> <span class='ocrx_word' id='word_1_426' title='bbox 1962 4234 2059 4274; x_wconf 91' lang='lat' dir='ltr'><strong>nec</strong></span> 
     </span>
    </p>
   </div>
   <div class='ocr_carea' id='block_1_60' title="bbox 497 4311 2057 4389">
    <p class='ocr_par' dir='ltr' id='par_1_60' title="bbox 497 4311 2057 4389">
     <span class='ocr_line' id='line_1_60' title="bbox 497 4311 2057 4389; baseline -0.005 -17"><span class='ocrx_word' id='word_1_427' title='bbox 497 4326 780 4389; x_wconf 84' lang='lat' dir='ltr'><strong>potestate,</strong></span> <span class='ocrx_word' id='word_1_428' title='bbox 824 4331 925 4371; x_wconf 89' lang='lat' dir='ltr'><strong>nec</strong></span> <span class='ocrx_word' id='word_1_429' title='bbox 969 4315 1105 4386; x_wconf 85' lang='lat' dir='ltr'><strong>legis</strong></span> <span class='ocrx_word' id='word_1_430' title='bbox 1153 4313 1344 4368; x_wconf 88' lang='lat' dir='ltr'><strong>notitia</strong></span> <span class='ocrx_word' id='word_1_431' title='bbox 1402 4312 1709 4381; x_wconf 69' lang='lat' dir='ltr'><strong>prmditum.</strong></span> <span class='ocrx_word' id='word_1_432' title='bbox 1741 4311 1853 4366; x_wconf 86' lang='lat' dir='ltr'><strong>Hoc</strong></span> <span class='ocrx_word' id='word_1_433' title='bbox 1885 4313 2057 4381; x_wconf 90' lang='lat' dir='ltr'><strong>ipsum</strong></span> 
     </span>
    </p>
   </div>
   <div class='ocr_carea' id='block_1_61' title="bbox 496 4403 2055 4475">
    <p class='ocr_par' dir='ltr' id='par_1_61' title="bbox 496 4403 2055 4475">
     <span class='ocr_line' id='line_1_61' title="bbox 496 4403 2055 4475; baseline -0.006 -10"><span class='ocrx_word' id='word_1_434' title='bbox 496 4414 674 4473; x_wconf 90' lang='lat' dir='ltr'><strong>docet,</strong></span> <span class='ocrx_word' id='word_1_435' title='bbox 705 4424 826 4463; x_wconf 90' lang='lat' dir='ltr'><strong>cum</strong></span> <span class='ocrx_word' id='word_1_436' title='bbox 866 4408 941 4461; x_wconf 92' lang='lat' dir='ltr'><strong>ait</strong></span> <span class='ocrx_word' id='word_1_437' title='bbox 973 4426 988 4462; x_wconf 89' lang='lat'><strong>:</strong></span> <span class='ocrx_word' id='word_1_438' title='bbox 1027 4425 1046 4458; x_wconf 77' lang='grc' dir='ltr'><strong>ι</strong></span> <span class='ocrx_word' id='word_1_439' title='bbox 1092 4404 1472 4475; x_wconf 85' lang='lat' dir='ltr'><strong>Apprehendet</strong></span> <span class='ocrx_word' id='word_1_440' title='bbox 1496 4404 1578 4457; x_wconf 90' lang='lat' dir='ltr'><strong>vir</strong></span> <span class='ocrx_word' id='word_1_441' title='bbox 1608 4403 1833 4457; x_wconf 89' lang='lat' dir='ltr'><strong>fratrem</strong></span> <span class='ocrx_word' id='word_1_442' title='bbox 1878 4418 2055 4470; x_wconf 91' lang='lat' dir='ltr'><strong>suum,</strong></span> 
     </span>
    </p>
   </div>
   <div class='ocr_carea' id='block_1_62' title="bbox 492 4493 2138 4588">
    <p class='ocr_par' dir='ltr' id='par_1_62' title="bbox 492 4493 2138 4588">
     <span class='ocr_line' id='line_1_62' title="bbox 492 4493 2138 4588; baseline -0.003 -34"><span class='ocrx_word' id='word_1_443' title='bbox 492 4501 575 4556; x_wconf 89' lang='lat' dir='ltr'><strong>vel</strong></span> <span class='ocrx_word' id='word_1_444' title='bbox 614 4500 931 4555; x_wconf 85' lang='lat' dir='ltr'><strong>familiarem</strong></span> <span class='ocrx_word' id='word_1_445' title='bbox 969 4498 1137 4567; x_wconf 85' lang='lat' dir='ltr'><strong>patris</strong></span> <span class='ocrx_word' id='word_1_446' title='bbox 1175 4498 1287 4561; x_wconf 89' lang='lat' dir='ltr'><strong>sui,</strong></span> <span class='ocrx_word' id='word_1_447' title='bbox 1318 4494 1506 4551; x_wconf 87' lang='lat' dir='ltr'><strong>dicens</strong></span> <span class='ocrx_word' id='word_1_448' title='bbox 1547 4513 1561 4550; x_wconf 86' lang='lat'><strong>:</strong></span> <span class='ocrx_word' id='word_1_449' title='bbox 1605 4493 2057 4588; x_wconf 6' lang='lat' dir='ltr'><strong>Vestemgbabes,</strong></span> <span class='ocrx_word' id='word_1_450' title='bbox 2096 4534 2138 4588; x_wconf 64' lang='grc' dir='ltr'><strong>Β</strong></span> 
     </span>
    </p>
   </div>
   <div class='ocr_carea' id='block_1_63' title="bbox 496 4586 2063 4663">
    <p class='ocr_par' dir='ltr' id='par_1_63' title="bbox 496 4586 2063 4663">
     <span class='ocr_line' id='line_1_63' title="bbox 496 4586 2063 4663; baseline 0.001 -19"><span class='ocrx_word' id='word_1_451' title='bbox 496 4596 743 4663; x_wconf 71' lang='lat' dir='ltr'><strong>princeps</strong></span> <span class='ocrx_word' id='word_1_452' title='bbox 760 4591 910 4646; x_wconf 88' lang='lat' dir='ltr'><strong>nobis</strong></span> <span class='ocrx_word' id='word_1_453' title='bbox 926 4601 1063 4649; x_wconf 87' lang='lat' dir='ltr'><strong>esto.</strong></span> <span class='ocrx_word' id='word_1_454' title='bbox 1079 4600 1130 4642; x_wconf 86' lang='lat' dir='ltr'><strong>et</strong></span> <span class='ocrx_word' id='word_1_455' title='bbox 1150 4591 1304 4645; x_wconf 81' lang='lat' dir='ltr'><strong>cibus</strong></span> <span class='ocrx_word' id='word_1_456' title='bbox 1322 4604 1469 4643; x_wconf 91' lang='lat' dir='ltr'><strong>meus</strong></span> <span class='ocrx_word' id='word_1_457' title='bbox 1486 4588 1584 4643; x_wconf 92' lang='lat' dir='ltr'><strong>sub</strong></span> <span class='ocrx_word' id='word_1_458' title='bbox 1604 4597 1654 4642; x_wconf 91' lang='lat' dir='ltr'><strong>te</strong></span> <span class='ocrx_word' id='word_1_459' title='bbox 1670 4589 1757 4641; x_wconf 90' lang='lat' dir='ltr'><strong>sit.</strong></span> <span class='ocrx_word' id='word_1_460' title='bbox 1772 4606 1791 4641; x_wconf 72' lang='grc' dir='ltr'><strong>ι</strong></span> <span class='ocrx_word' id='word_1_461' title='bbox 1813 4586 2063 4645; x_wconf 89' lang='lat' dir='ltr'><strong>Confusis</strong></span> 
     </span>
    </p>
   </div>
   <div class='ocr_carea' id='block_1_64' title="bbox 492 4680 2064 4752">
    <p class='ocr_par' dir='ltr' id='par_1_64' title="bbox 492 4680 2064 4752">
     <span class='ocr_line' id='line_1_64' title="bbox 492 4680 2064 4752; baseline -0.006 -7"><span class='ocrx_word' id='word_1_462' title='bbox 492 4687 691 4739; x_wconf 76' lang='lat' dir='ltr'><strong>etenim</strong></span> <span class='ocrx_word' id='word_1_463' title='bbox 729 4685 895 4745; x_wconf 72' lang='lat' dir='ltr'><strong>rebus</strong></span> <span class='ocrx_word' id='word_1_464' title='bbox 910 4694 962 4740; x_wconf 76' lang='lat' dir='ltr'><strong>et</strong></span> <span class='ocrx_word' id='word_1_465' title='bbox 988 4681 1210 4738; x_wconf 82' lang='lat' dir='ltr'><strong>multum</strong></span> <span class='ocrx_word' id='word_1_466' title='bbox 1244 4680 1591 4752; x_wconf 78' lang='lat' dir='ltr'><strong>perturbatis,</strong></span> <span class='ocrx_word' id='word_1_467' title='bbox 1622 4680 1695 4734; x_wconf 86' lang='lat' dir='ltr'><strong>ita</strong></span> <span class='ocrx_word' id='word_1_468' title='bbox 1722 4691 1779 4735; x_wconf 90' lang='lat' dir='ltr'><strong>ut</strong></span> <span class='ocrx_word' id='word_1_469' title='bbox 1807 4692 2064 4736; x_wconf 86' lang='lat' dir='ltr'><strong>corruant</strong></span> 
     </span>
    </p>
   </div>
   <div class='ocr_carea' id='block_1_65' title="bbox 494 4775 2063 4854">
    <p class='ocr_par' dir='ltr' id='par_1_65' title="bbox 494 4775 2063 4854">
     <span class='ocr_line' id='line_1_65' title="bbox 494 4775 2063 4854; baseline -0.004 -17"><span class='ocrx_word' id='word_1_470' title='bbox 494 4779 624 4854; x_wconf 70' lang='lat' dir='ltr'><strong>ipsi,</strong></span> <span class='ocrx_word' id='word_1_471' title='bbox 658 4783 794 4837; x_wconf 88' lang='lat' dir='ltr'><strong>alius</strong></span> <span class='ocrx_word' id='word_1_472' title='bbox 830 4782 881 4834; x_wconf 93' lang='lat' dir='ltr'><strong>in</strong></span> <span class='ocrx_word' id='word_1_473' title='bbox 918 4779 1113 4841; x_wconf 89' lang='lat' dir='ltr'><strong>alium,</strong></span> <span class='ocrx_word' id='word_1_474' title='bbox 1149 4775 1432 4843; x_wconf 89' lang='lat' dir='ltr'><strong>nullusque</strong></span> <span class='ocrx_word' id='word_1_475' title='bbox 1467 4775 1538 4828; x_wconf 91' lang='lat' dir='ltr'><strong>sit</strong></span> <span class='ocrx_word' id='word_1_476' title='bbox 1568 4775 1741 4829; x_wconf 89' lang='lat' dir='ltr'><strong>honor</strong></span> <span class='ocrx_word' id='word_1_477' title='bbox 1771 4783 1864 4829; x_wconf 88' lang='lat' dir='ltr'><strong>aut</strong></span> <span class='ocrx_word' id='word_1_478' title='bbox 1894 4778 2063 4844; x_wconf 89' lang='lat' dir='ltr'><strong>pudor</strong></span> 
     </span>
    </p>
   </div>
   <div class='ocr_carea' id='block_1_66' title="bbox 495 4869 2057 4946">
    <p class='ocr_par' dir='ltr' id='par_1_66' title="bbox 495 4869 2057 4946">
     <span class='ocr_line' id='line_1_66' title="bbox 495 4869 2057 4946; baseline -0.001 -17"><span class='ocrx_word' id='word_1_479' title='bbox 495 4879 573 4931; x_wconf 81' lang='lat' dir='ltr'><strong>vel</strong></span> <span class='ocrx_word' id='word_1_480' title='bbox 601 4875 887 4946; x_wconf 82' lang='lat' dir='ltr'><strong>juvenibus</strong></span> <span class='ocrx_word' id='word_1_481' title='bbox 916 4872 1086 4931; x_wconf 87' lang='lat' dir='ltr'><strong>senis,</strong></span> <span class='ocrx_word' id='word_1_482' title='bbox 1115 4869 1200 4924; x_wconf 85' lang='lat' dir='ltr'><strong>vel</strong></span> <span class='ocrx_word' id='word_1_483' title='bbox 1233 4870 1475 4941; x_wconf 83' lang='lat' dir='ltr'><strong>ingloriis</strong></span> <span class='ocrx_word' id='word_1_484' title='bbox 1504 4870 1723 4941; x_wconf 82' lang='lat' dir='ltr'><strong>gloriosi</strong></span> <span class='ocrx_word' id='word_1_485' title='bbox 1754 4888 1767 4924; x_wconf 90' lang='lat'>:</span> <span class='ocrx_word' id='word_1_486' title='bbox 1797 4872 2057 4941; x_wconf 88' lang='lat' dir='ltr'><strong>quisque,</strong></span> 
     </span>
    </p>
   </div>
   <div class='ocr_carea' id='block_1_67' title="bbox 498 4960 2060 5033">
    <p class='ocr_par' dir='ltr' id='par_1_67' title="bbox 498 4960 2060 5033">
     <span class='ocr_line' id='line_1_67' title="bbox 498 4960 2060 5033; baseline -0.003 -12"><span class='ocrx_word' id='word_1_487' title='bbox 498 4968 693 5033; x_wconf 91' lang='lat' dir='ltr'><strong>inquit,</strong></span> <span class='ocrx_word' id='word_1_488' title='bbox 724 4966 823 5021; x_wconf 83' lang='lat' dir='ltr'><strong>sibi</strong></span> <span class='ocrx_word' id='word_1_489' title='bbox 852 4973 1057 5030; x_wconf 64' lang='lat' dir='ltr'><strong>quaeret</strong></span> <span class='ocrx_word' id='word_1_490' title='bbox 1086 4962 1299 5025; x_wconf 87' lang='lat' dir='ltr'><strong>ducem,</strong></span> <span class='ocrx_word' id='word_1_491' title='bbox 1327 4977 1558 5031; x_wconf 88' lang='lat' dir='ltr'><strong>emnque</strong></span> <span class='ocrx_word' id='word_1_492' title='bbox 1580 4960 1760 5032; x_wconf 87' lang='lat' dir='ltr'><strong>eliget,</strong></span> <span class='ocrx_word' id='word_1_493' title='bbox 1791 4963 1879 5016; x_wconf 84' lang='lat' dir='ltr'><strong>vix</strong></span> <span class='ocrx_word' id='word_1_494' title='bbox 1902 4963 2060 5017; x_wconf 88' lang='lat' dir='ltr'><strong>etiam</strong></span> 
     </span>
    </p>
   </div>
   <div class='ocr_carea' id='block_1_68' title="bbox 500 5054 2063 5128">
    <p class='ocr_par' dir='ltr' id='par_1_68' title="bbox 500 5054 2063 5128">
     <span class='ocr_line' id='line_1_68' title="bbox 500 5054 2063 5128; baseline -0.004 -15"><span class='ocrx_word' id='word_1_495' title='bbox 500 5058 902 5128; x_wconf 82' lang='lat' dir='ltr'><strong>propinquitate</strong></span> <span class='ocrx_word' id='word_1_496' title='bbox 948 5054 1164 5124; x_wconf 83' lang='lat' dir='ltr'><strong>generis</strong></span> <span class='ocrx_word' id='word_1_497' title='bbox 1209 5069 1588 5117; x_wconf 87' lang='lat' dir='ltr'><strong>commovens,</strong></span> <span class='ocrx_word' id='word_1_498' title='bbox 1629 5063 1685 5107; x_wconf 88' lang='lat' dir='ltr'><strong>et</strong></span> <span class='ocrx_word' id='word_1_499' title='bbox 1730 5056 1949 5108; x_wconf 89' lang='lat' dir='ltr'><strong>trahens</strong></span> <span class='ocrx_word' id='word_1_500' title='bbox 1998 5055 2063 5107; x_wconf 91' lang='lat' dir='ltr'><strong>ad</strong></span> 
     </span>
    </p>
   </div>
   <div class='ocr_carea' id='block_1_69' title="bbox 498 5144 2066 5216">
    <p class='ocr_par' dir='ltr' id='par_1_69' title="bbox 498 5144 2066 5216">
     <span class='ocr_line' id='line_1_69' title="bbox 498 5144 2066 5216; baseline -0.003 -13"><span class='ocrx_word' id='word_1_501' title='bbox 498 5148 952 5209; x_wconf 87' lang='lat' dir='ltr'><strong>misericordiam,</strong></span> <span class='ocrx_word' id='word_1_502' title='bbox 987 5154 1041 5200; x_wconf 93' lang='lat' dir='ltr'><strong>et</strong></span> <span class='ocrx_word' id='word_1_503' title='bbox 1072 5145 1263 5216; x_wconf 85' lang='lat' dir='ltr'><strong>eliget,</strong></span> <span class='ocrx_word' id='word_1_504' title='bbox 1293 5146 1497 5214; x_wconf 87' lang='lat' dir='ltr'><strong>inquit,</strong></span> <span class='ocrx_word' id='word_1_505' title='bbox 1530 5160 1633 5198; x_wconf 91' lang='lat' dir='ltr'><strong>non</strong></span> <span class='ocrx_word' id='word_1_506' title='bbox 1666 5144 1830 5200; x_wconf 89' lang='lat' dir='ltr'><strong>veluti</strong></span> <span class='ocrx_word' id='word_1_507' title='bbox 1865 5144 2066 5199; x_wconf 89' lang='lat' dir='ltr'><strong>divitiis</strong></span> 
     </span>
    </p>
   </div>
   <div class='ocr_carea' id='block_1_70' title="bbox 494 5235 2061 5306">
    <p class='ocr_par' dir='ltr' id='par_1_70' title="bbox 494 5235 2061 5306">
     <span class='ocr_line' id='line_1_70' title="bbox 494 5235 2061 5306; baseline -0.003 -12"><span class='ocrx_word' id='word_1_508' title='bbox 494 5240 770 5295; x_wconf 85' lang='lat' dir='ltr'><strong>ﬂorentem</strong></span> <span class='ocrx_word' id='word_1_509' title='bbox 790 5277 807 5302; x_wconf 93' lang='lat'><strong>,</strong></span> <span class='ocrx_word' id='word_1_510' title='bbox 836 5238 929 5292; x_wconf 89' lang='lat' dir='ltr'><strong>sed</strong></span> <span class='ocrx_word' id='word_1_511' title='bbox 956 5235 1353 5306; x_wconf 87' lang='lat' dir='ltr'><strong>quodammodo</strong></span> <span class='ocrx_word' id='word_1_512' title='bbox 1381 5238 1602 5300; x_wconf 89' lang='lat' dir='ltr'><strong>nudum,</strong></span> <span class='ocrx_word' id='word_1_513' title='bbox 1631 5236 1939 5304; x_wconf 86' lang='lat' dir='ltr'><strong>amabitque</strong></span> <span class='ocrx_word' id='word_1_514' title='bbox 1961 5236 2061 5289; x_wconf 91' lang='lat' dir='ltr'><strong>sub</strong></span> 
     </span>
    </p>
   </div>
   <div class='ocr_carea' id='block_1_71' title="bbox 495 5324 2058 5393">
    <p class='ocr_par' dir='ltr' id='par_1_71' title="bbox 495 5324 2058 5393">
     <span class='ocr_line' id='line_1_71' title="bbox 495 5324 2058 5393; baseline -0.003 -12"><span class='ocrx_word' id='word_1_515' title='bbox 495 5344 561 5381; x_wconf 90' lang='lat' dir='ltr'><strong>eo</strong></span> <span class='ocrx_word' id='word_1_516' title='bbox 588 5328 680 5393; x_wconf 81' lang='lat' dir='ltr'><strong>ali,</strong></span> <span class='ocrx_word' id='word_1_517' title='bbox 702 5335 757 5381; x_wconf 86' lang='lat' dir='ltr'><strong>et</strong></span> <span class='ocrx_word' id='word_1_518' title='bbox 786 5326 1031 5379; x_wconf 90' lang='lat' dir='ltr'><strong>mendico</strong></span> <span class='ocrx_word' id='word_1_519' title='bbox 1056 5325 1281 5388; x_wconf 84' lang='lat' dir='ltr'><strong>servire,</strong></span> <span class='ocrx_word' id='word_1_520' title='bbox 1300 5332 1355 5376; x_wconf 91' lang='lat' dir='ltr'><strong>et</strong></span> <span class='ocrx_word' id='word_1_521' title='bbox 1381 5324 1471 5391; x_wconf 90' lang='lat' dir='ltr'><strong>qui</strong></span> <span class='ocrx_word' id='word_1_522' title='bbox 1496 5324 1586 5375; x_wconf 83' lang='lat' dir='ltr'><strong>vix</strong></span> <span class='ocrx_word' id='word_1_523' title='bbox 1614 5333 1812 5377; x_wconf 86' lang='lat' dir='ltr'><strong>vestem</strong></span> <span class='ocrx_word' id='word_1_524' title='bbox 1846 5324 2058 5378; x_wconf 78' lang='lat' dir='ltr'><strong>habeat.</strong></span> 
     </span>
    </p>
   </div>
   <div class='ocr_carea' id='block_1_72' title="bbox 496 5414 2066 5484">
    <p class='ocr_par' dir='ltr' id='par_1_72' title="bbox 496 5414 2066 5484">
     <span class='ocr_line' id='line_1_72' title="bbox 496 5414 2066 5484; baseline -0.003 -13"><span class='ocrx_word' id='word_1_525' title='bbox 496 5417 971 5472; x_wconf 81' lang='lat' dir='ltr'><strong>Vcrumenimvero</strong></span> <span class='ocrx_word' id='word_1_526' title='bbox 1030 5414 1281 5484; x_wconf 87' lang='lat' dir='ltr'><strong>quamvis</strong></span> <span class='ocrx_word' id='word_1_527' title='bbox 1342 5414 1465 5468; x_wconf 89' lang='lat' dir='ltr'><strong>talis</strong></span> <span class='ocrx_word' id='word_1_528' title='bbox 1520 5415 1619 5477; x_wconf 90' lang='lat' dir='ltr'><strong>sit,</strong></span> <span class='ocrx_word' id='word_1_529' title='bbox 1668 5429 1772 5468; x_wconf 93' lang='lat' dir='ltr'><strong>non</strong></span> <span class='ocrx_word' id='word_1_530' title='bbox 1838 5415 2066 5483; x_wconf 89' lang='lat' dir='ltr'><strong>accipiet</strong></span> 
     </span>
    </p>
   </div>
   <div class='ocr_carea' id='block_1_73' title="bbox 495 5506 2056 5578">
    <p class='ocr_par' dir='ltr' id='par_1_73' title="bbox 495 5506 2056 5578">
     <span class='ocr_line' id='line_1_73' title="bbox 495 5506 2056 5578; baseline -0.003 -14"><span class='ocrx_word' id='word_1_531' title='bbox 495 5520 679 5565; x_wconf 86' lang='lat' dir='ltr'><strong>tamen</strong></span> <span class='ocrx_word' id='word_1_532' title='bbox 708 5508 1020 5578; x_wconf 89' lang='lat' dir='ltr'><strong>imperium,</strong></span> <span class='ocrx_word' id='word_1_533' title='bbox 1048 5507 1261 5561; x_wconf 86' lang='lat' dir='ltr'><strong>etiamsi</strong></span> <span class='ocrx_word' id='word_1_534' title='bbox 1308 5506 1375 5560; x_wconf 91' lang='lat' dir='ltr'><strong>ab</strong></span> <span class='ocrx_word' id='word_1_535' title='bbox 1418 5506 1501 5559; x_wconf 83' lang='lat' dir='ltr'><strong>his</strong></span> <span class='ocrx_word' id='word_1_536' title='bbox 1535 5507 1624 5576; x_wconf 92' lang='lat' dir='ltr'><strong>qui</strong></span> <span class='ocrx_word' id='word_1_537' title='bbox 1658 5507 1811 5561; x_wconf 88' lang='lat' dir='ltr'><strong>subdi</strong></span> <span class='ocrx_word' id='word_1_538' title='bbox 1846 5506 2056 5574; x_wconf 87' lang='lat' dir='ltr'><strong>volunt,</strong></span> 
     </span>
    </p>
   </div>
   <div class='ocr_carea' id='block_1_74' title="bbox 499 5596 2055 5672">
    <p class='ocr_par' dir='ltr' id='par_1_74' title="bbox 499 5596 2055 5672">
     <span class='ocr_line' id='line_1_74' title="bbox 499 5596 2055 5672; baseline -0.005 -15"><span class='ocrx_word' id='word_1_539' title='bbox 499 5602 631 5657; x_wconf 92' lang='lat' dir='ltr'><strong>nihil</strong></span> <span class='ocrx_word' id='word_1_540' title='bbox 661 5609 893 5672; x_wconf 87' lang='lat' dir='ltr'><strong>petatur.</strong></span> <span class='ocrx_word' id='word_1_541' title='bbox 922 5597 1178 5664; x_wconf 80' lang='lat' dir='ltr'><strong>Qua-runt</strong></span> <span class='ocrx_word' id='word_1_542' title='bbox 1207 5598 1348 5651; x_wconf 88' lang='lat' dir='ltr'><strong>enim</strong></span> <span class='ocrx_word' id='word_1_543' title='bbox 1381 5611 1571 5666; x_wconf 87' lang='lat' dir='ltr'><strong>panem</strong></span> <span class='ocrx_word' id='word_1_544' title='bbox 1602 5607 1659 5649; x_wconf 90' lang='lat' dir='ltr'><strong>ut</strong></span> <span class='ocrx_word' id='word_1_545' title='bbox 1683 5596 2055 5664; x_wconf 87' lang='lat' dir='ltr'><strong>subjiciantur,</strong></span> 
     </span>
    </p>
   </div>
   <div class='ocr_carea' id='block_1_75' title="bbox 496 5685 2056 5761">
    <p class='ocr_par' dir='ltr' id='par_1_75' title="bbox 496 5685 2056 5761">
     <span class='ocr_line' id='line_1_75' title="bbox 496 5685 2056 5761; baseline -0.006 -15"><span class='ocrx_word' id='word_1_546' title='bbox 496 5705 551 5746; x_wconf 88' lang='lat' dir='ltr'><strong>et</strong></span> <span class='ocrx_word' id='word_1_547' title='bbox 595 5708 690 5761; x_wconf 87' lang='lat' dir='ltr'><strong>pro</strong></span> <span class='ocrx_word' id='word_1_548' title='bbox 739 5690 995 5745; x_wconf 86' lang='lat' dir='ltr'><strong>alimento</strong></span> <span class='ocrx_word' id='word_1_549' title='bbox 1042 5687 1355 5743; x_wconf 89' lang='lat' dir='ltr'><strong>tenuissimo</strong></span> <span class='ocrx_word' id='word_1_550' title='bbox 1409 5700 1468 5740; x_wconf 89' lang='lat' dir='ltr'><strong>se</strong></span> <span class='ocrx_word' id='word_1_551' title='bbox 1521 5685 1595 5738; x_wconf 94' lang='lat' dir='ltr'><strong>illi</strong></span> <span class='ocrx_word' id='word_1_552' title='bbox 1641 5685 1695 5738; x_wconf 90' lang='lat' dir='ltr'><strong>in</strong></span> <span class='ocrx_word' id='word_1_553' title='bbox 1745 5685 2056 5739; x_wconf 88' lang='lat' dir='ltr'><strong>servitutem</strong></span> 
     </span>
    </p>
   </div>
   <div class='ocr_carea' id='block_1_76' title="bbox 498 5776 2059 5849">
    <p class='ocr_par' dir='ltr' id='par_1_76' title="bbox 498 5776 2059 5849">
     <span class='ocr_line' id='line_1_76' title="bbox 498 5776 2059 5849; baseline -0.007 -11"><span class='ocrx_word' id='word_1_554' title='bbox 498 5785 770 5839; x_wconf 83' lang='lat' dir='ltr'><strong>addicunt.</strong></span> <span class='ocrx_word' id='word_1_555' title='bbox 824 5783 889 5838; x_wconf 85' lang='lat' dir='ltr'><strong>Et</strong></span> <span class='ocrx_word' id='word_1_556' title='bbox 919 5796 1036 5849; x_wconf 77' lang='lat' dir='ltr'><strong>quae</strong></span> <span class='ocrx_word' id='word_1_557' title='bbox 1072 5780 1185 5835; x_wconf 64' lang='lat' dir='ltr'><strong>haec</strong></span> <span class='ocrx_word' id='word_1_558' title='bbox 1221 5777 1595 5849; x_wconf 76' lang='lat' dir='ltr'><strong>tergiversatio</strong></span> <span class='ocrx_word' id='word_1_559' title='bbox 1634 5790 1697 5831; x_wconf 91' lang='lat' dir='ltr'><strong>ac</strong></span> <span class='ocrx_word' id='word_1_560' title='bbox 1731 5776 2059 5845; x_wconf 84' lang='lat' dir='ltr'><strong>repudiatio?</strong></span> 
     </span>
    </p>
   </div>
   <div class='ocr_carea' id='block_1_77' title="bbox 2157 1944 3728 2018">
    <p class='ocr_par' dir='ltr' id='par_1_77' title="bbox 2157 1944 3728 2018">
     <span class='ocr_line' id='line_1_77' title="bbox 2157 1944 3728 2018; baseline 0.003 -20"><span class='ocrx_word' id='word_1_561' title='bbox 2157 1945 2250 1998; x_wconf 88' lang='grc' dir='ltr'><strong>καί</strong></span> <span class='ocrx_word' id='word_1_562' title='bbox 2278 1962 2361 2008; x_wconf 91' lang='grc' dir='ltr'><strong>τις</strong></span> <span class='ocrx_word' id='word_1_563' title='bbox 2392 1944 2630 2014; x_wconf 85' lang='grc' dir='ltr'>βούλοιτο</span> <span class='ocrx_word' id='word_1_564' title='bbox 2654 1946 2784 2000; x_wconf 85' lang='grc' dir='ltr'>ναῦν</span> <span class='ocrx_word' id='word_1_565' title='bbox 2814 1947 3085 2016; x_wconf 82' lang='grc' dir='ltr'><strong>πηδαλίων</strong></span> <span class='ocrx_word' id='word_1_566' title='bbox 3122 1965 3182 2001; x_wconf 90' lang='grc' dir='ltr'>τε</span> <span class='ocrx_word' id='word_1_567' title='bbox 3209 1950 3342 2018; x_wconf 84' lang='grc' dir='ltr'>ὅμου</span> <span class='ocrx_word' id='word_1_568' title='bbox 3381 1949 3475 2002; x_wconf 75' lang='grc' dir='ltr'><strong>καὶ</strong></span> <span class='ocrx_word' id='word_1_569' title='bbox 3504 1949 3599 2001; x_wconf 83' lang='grc' dir='ltr'>τοῦ</span> <span class='ocrx_word' id='word_1_570' title='bbox 3630 1968 3728 2013; x_wconf 54' lang='grc' dir='ltr'><strong>κυέ</strong></span> 
     </span>
    </p>
   </div>
   <div class='ocr_carea' id='block_1_78' title="bbox 2156 2034 3728 2114">
    <p class='ocr_par' dir='ltr' id='par_1_78' title="bbox 2156 2034 3728 2114">
     <span class='ocr_line' id='line_1_78' title="bbox 2156 2034 3728 2114; baseline 0.004 -26"><span class='ocrx_word' id='word_1_571' title='bbox 2156 2034 2454 2107; x_wconf 79' lang='grc' dir='ltr'>ϐερνῶντος</span> <span class='ocrx_word' id='word_1_572' title='bbox 2491 2038 2723 2111; x_wconf 83' lang='grc' dir='ltr'>ἐρήμην,</span> <span class='ocrx_word' id='word_1_573' title='bbox 2761 2039 2909 2093; x_wconf 89' lang='grc' dir='ltr'>εύθεί</span> <span class='ocrx_word' id='word_1_574' title='bbox 2950 2041 3044 2094; x_wconf 78' lang='grc' dir='ltr'><strong>καὶ</strong></span> <span class='ocrx_word' id='word_1_575' title='bbox 3088 2039 3431 2112; x_wconf 80' lang='grc' dir='ltr'>ἀδιαστρόφῳ</span> <span class='ocrx_word' id='word_1_576' title='bbox 3468 2040 3728 2114; x_wconf 82' lang='grc' dir='ltr'>φέρεσθαι</span> 
     </span>
    </p>
   </div>
   <div class='ocr_carea' id='block_1_79' title="bbox 2153 2125 2360 2199">
    <p class='ocr_par' dir='ltr' id='par_1_79' title="bbox 2153 2125 2360 2199">
     <span class='ocr_line' id='line_1_79' title="bbox 2153 2125 2360 2199; baseline -0.014 0"><span class='ocrx_word' id='word_1_577' title='bbox 2153 2125 2360 2199; x_wconf 63' lang='grc' dir='ltr'>δρόμῳ.</span> 
     </span>
    </p>
   </div>
   <div class='ocr_carea' id='block_1_80' title="bbox 2226 2217 3728 2291">
    <p class='ocr_par' dir='ltr' id='par_1_80' title="bbox 2226 2217 3728 2291">
     <span class='ocr_line' id='line_1_80' title="bbox 2226 2217 3728 2291; baseline 0.005 -21"><span class='ocrx_word' id='word_1_578' title='bbox 2226 2217 2347 2271; x_wconf 89' lang='grc' dir='ltr'>Ὅτι</span> <span class='ocrx_word' id='word_1_579' title='bbox 2375 2217 2737 2288; x_wconf 72' lang='grc' dir='ltr'>ἐπιλήψεται</span> <span class='ocrx_word' id='word_1_580' title='bbox 2760 2218 3069 2289; x_wconf 80' lang='grc' dir='ltr'>ἅνθρωπος</span> <span class='ocrx_word' id='word_1_581' title='bbox 3096 2222 3203 2276; x_wconf 81' lang='grc' dir='ltr'>τοῦ</span> <span class='ocrx_word' id='word_1_582' title='bbox 3231 2220 3497 2291; x_wconf 71' lang='grc' dir='ltr'>ἀδελφοῦ</span> <span class='ocrx_word' id='word_1_583' title='bbox 3519 2222 3728 2289; x_wconf 83' lang='grc' dir='ltr'>αὐτοῦ,</span> 
     </span>
    </p>
   </div>
   <div class='ocr_carea' id='block_1_81' title="bbox 2155 2310 3732 2384">
    <p class='ocr_par' dir='ltr' id='par_1_81' title="bbox 2155 2310 3732 2384">
     <span class='ocr_line' id='line_1_81' title="bbox 2155 2310 3732 2384; baseline 0.004 -21"><span class='ocrx_word' id='word_1_584' title='bbox 2155 2310 2194 2378; x_wconf 80' lang='grc' dir='ltr'><strong>ἢ</strong></span> <span class='ocrx_word' id='word_1_585' title='bbox 2214 2310 2321 2365; x_wconf 85' lang='grc' dir='ltr'>τοῦ</span> <span class='ocrx_word' id='word_1_586' title='bbox 2342 2312 2563 2367; x_wconf 76' lang='grc' dir='ltr'>οἰκείου</span> <span class='ocrx_word' id='word_1_587' title='bbox 2584 2313 2689 2367; x_wconf 86' lang='grc' dir='ltr'>τοῦ</span> <span class='ocrx_word' id='word_1_588' title='bbox 2718 2313 2941 2382; x_wconf 82' lang='grc' dir='ltr'>πατρὸς</span> <span class='ocrx_word' id='word_1_589' title='bbox 2969 2314 3179 2380; x_wconf 83' lang='grc' dir='ltr'>αὑτοῦ,</span> <span class='ocrx_word' id='word_1_590' title='bbox 3217 2313 3431 2384; x_wconf 73' lang='grc' dir='ltr'>λέγων’</span> <span class='ocrx_word' id='word_1_591' title='bbox 3472 2313 3732 2383; x_wconf 76' lang='grc' dir='ltr'>Ἰμάτιον</span> 
     </span>
    </p>
   </div>
   <div class='ocr_carea' id='block_1_82' title="bbox 2155 2403 3731 2476">
    <p class='ocr_par' dir='ltr' id='par_1_82' title="bbox 2155 2403 3731 2476">
     <span class='ocr_line' id='line_1_82' title="bbox 2155 2403 3731 2476; baseline 0.001 -20"><span class='ocrx_word' id='word_1_592' title='bbox 2155 2403 2335 2471; x_wconf 81' lang='grc' dir='ltr'>ἔχεις,</span> <span class='ocrx_word' id='word_1_593' title='bbox 2382 2404 2644 2474; x_wconf 71' lang='grc' dir='ltr'>ἀρχηγὸς</span> <span class='ocrx_word' id='word_1_594' title='bbox 2689 2404 2857 2474; x_wconf 76' lang='grc' dir='ltr'><strong>’ἡμῶν</strong></span> <span class='ocrx_word' id='word_1_595' title='bbox 2897 2406 3096 2475; x_wconf 77' lang='grc' dir='ltr'>γενοῦ,</span> <span class='ocrx_word' id='word_1_596' title='bbox 3142 2407 3242 2460; x_wconf 79' lang='grc' dir='ltr'>καὶ</span> <span class='ocrx_word' id='word_1_597' title='bbox 3288 2407 3354 2461; x_wconf 85' lang='grc' dir='ltr'>τὸ</span> <span class='ocrx_word' id='word_1_598' title='bbox 3399 2404 3609 2476; x_wconf 78' lang='grc' dir='ltr'>βρῶμα</span> <span class='ocrx_word' id='word_1_599' title='bbox 3662 2405 3731 2458; x_wconf 80' lang='grc' dir='ltr'>τὸ</span> 
     </span>
    </p>
   </div>
   <div class='ocr_carea' id='block_1_83' title="bbox 2154 2495 3732 2569">
    <p class='ocr_par' dir='ltr' id='par_1_83' title="bbox 2154 2495 3732 2569">
     <span class='ocr_line' id='line_1_83' title="bbox 2154 2495 3732 2569; baseline 0.003 -22"><span class='ocrx_word' id='word_1_600' title='bbox 2154 2495 2302 2563; x_wconf 78' lang='grc' dir='ltr'><strong>ἐμὸν</strong></span> <span class='ocrx_word' id='word_1_601' title='bbox 2351 2497 2469 2550; x_wconf 81' lang='grc' dir='ltr'><strong>ὑπὸ</strong></span> <span class='ocrx_word' id='word_1_602' title='bbox 2520 2495 2596 2549; x_wconf 82' lang='grc' dir='ltr'>σὲ</span> <span class='ocrx_word' id='word_1_603' title='bbox 2640 2495 2815 2551; x_wconf 82' lang='grc' dir='ltr'>ἔστω.</span> <span class='ocrx_word' id='word_1_604' title='bbox 2863 2499 2972 2552; x_wconf 80' lang='grc' dir='ltr'><strong>Καὶ</strong></span> <span class='ocrx_word' id='word_1_605' title='bbox 3015 2500 3358 2569; x_wconf 74' lang='grc' dir='ltr'>ἀποκριθεὶς</span> <span class='ocrx_word' id='word_1_606' title='bbox 3396 2499 3518 2568; x_wconf 83' lang='grc' dir='ltr'>ἐρεῖ</span> <span class='ocrx_word' id='word_1_607' title='bbox 3557 2500 3626 2551; x_wconf 77' lang='grc' dir='ltr'>ἐν</span> <span class='ocrx_word' id='word_1_608' title='bbox 3654 2496 3732 2566; x_wconf 80' lang='grc' dir='ltr'>τῇ</span> 
     </span>
    </p>
   </div>
   <div class='ocr_carea' id='block_1_84' title="bbox 2156 2585 3732 2661">
    <p class='ocr_par' dir='ltr' id='par_1_84' title="bbox 2156 2585 3732 2661">
     <span class='ocr_line' id='line_1_84' title="bbox 2156 2585 3732 2661; baseline 0.004 -22"><span class='ocrx_word' id='word_1_609' title='bbox 2156 2585 2344 2655; x_wconf 80' lang='grc' dir='ltr'>ἡμέρᾳ</span> <span class='ocrx_word' id='word_1_610' title='bbox 2386 2587 2610 2656; x_wconf 60' lang='lat' dir='ltr'><strong>sarcir-gr</strong></span> <span class='ocrx_word' id='word_1_611' title='bbox 2640 2589 2762 2642; x_wconf 83' lang='grc' dir='ltr'><strong>Οὐκ</strong></span> <span class='ocrx_word' id='word_1_612' title='bbox 2804 2589 3021 2659; x_wconf 77' lang='grc' dir='ltr'>ἔσομαί</span> <span class='ocrx_word' id='word_1_613' title='bbox 3060 2608 3177 2645; x_wconf 88' lang='grc' dir='ltr'><strong>σου</strong></span> <span class='ocrx_word' id='word_1_614' title='bbox 3202 2592 3482 2661; x_wconf 66' lang='grc' dir='ltr'>ἀρχηγὸς,</span> <span class='ocrx_word' id='word_1_615' title='bbox 3518 2593 3591 2645; x_wconf 87' lang='grc' dir='ltr'>οὐ</span> <span class='ocrx_word' id='word_1_616' title='bbox 3622 2592 3732 2661; x_wconf 75' lang='grc' dir='ltr'>γὰρ</span> 
     </span>
    </p>
   </div>
   <div class='ocr_carea' id='block_1_85' title="bbox 2154 2676 3731 2752">
    <p class='ocr_par' dir='ltr' id='par_1_85' title="bbox 2154 2676 3731 2752">
     <span class='ocr_line' id='line_1_85' title="bbox 2154 2676 3731 2752; baseline 0.004 -23"><span class='ocrx_word' id='word_1_617' title='bbox 2154 2677 2328 2730; x_wconf 76' lang='grc' dir='ltr'>ἐστιν</span> <span class='ocrx_word' id='word_1_618' title='bbox 2366 2677 2437 2730; x_wconf 85' lang='grc' dir='ltr'>ἐν</span> <span class='ocrx_word' id='word_1_619' title='bbox 2472 2676 2552 2744; x_wconf 84' lang='grc' dir='ltr'>τῷ</span> <span class='ocrx_word' id='word_1_620' title='bbox 2594 2678 2737 2746; x_wconf 81' lang='grc' dir='ltr'>οἴκῳ</span> <span class='ocrx_word' id='word_1_621' title='bbox 2765 2696 2886 2747; x_wconf 85' lang='grc' dir='ltr'><strong>μου</strong></span> <span class='ocrx_word' id='word_1_622' title='bbox 2921 2679 3121 2749; x_wconf 76' lang='grc' dir='ltr'>ἄρτος,</span> <span class='ocrx_word' id='word_1_623' title='bbox 3159 2682 3303 2736; x_wconf 83' lang='grc' dir='ltr'>οὐδὲ</span> <span class='ocrx_word' id='word_1_624' title='bbox 3341 2682 3591 2752; x_wconf 75' lang='grc' dir='ltr'>ἱμάτιον,</span> <span class='ocrx_word' id='word_1_625' title='bbox 3617 2684 3731 2736; x_wconf 85' lang='grc' dir='ltr'>οὐκ</span> 
     </span>
    </p>
   </div>
   <div class='ocr_carea' id='block_1_86' title="bbox 2161 2766 3562 2839">
    <p class='ocr_par' dir='ltr' id='par_1_86' title="bbox 2161 2766 3562 2839">
     <span class='ocr_line' id='line_1_86' title="bbox 2161 2766 3562 2839; baseline 0.007 -20"><span class='ocrx_word' id='word_1_626' title='bbox 2161 2766 2376 2836; x_wconf 75' lang='grc' dir='ltr'>ἔσομαι</span> <span class='ocrx_word' id='word_1_627' title='bbox 2403 2770 2669 2839; x_wconf 64' lang='grc' dir='ltr'>ἀρχηγὸς</span> <span class='ocrx_word' id='word_1_628' title='bbox 2695 2771 2802 2825; x_wconf 84' lang='grc' dir='ltr'>τοῦ</span> <span class='ocrx_word' id='word_1_629' title='bbox 2822 2771 2974 2825; x_wconf 74' lang='grc' dir='ltr'>λαοῦ</span> <span class='ocrx_word' id='word_1_630' title='bbox 3004 2772 3235 2828; x_wconf 78' lang='grc' dir='ltr'>τούτου.</span> <span class='ocrx_word' id='word_1_631' title='bbox 3558 2812 3562 2817; x_wconf 66' lang='grc' dir='ltr'><strong>ς</strong></span> 
     </span>
    </p>
   </div>
   <div class='ocr_carea' id='block_1_87' title="bbox 2227 2859 3733 2937">
    <p class='ocr_par' dir='ltr' id='par_1_87' title="bbox 2227 2859 3733 2937">
     <span class='ocr_line' id='line_1_87' title="bbox 2227 2859 3733 2937; baseline 0.003 -26"><span class='ocrx_word' id='word_1_632' title='bbox 2227 2859 2339 2929; x_wconf 80' lang='grc' dir='ltr'><strong>Τῆς</strong></span> <span class='ocrx_word' id='word_1_633' title='bbox 2404 2860 2669 2913; x_wconf 79' lang='grc' dir='ltr'>Ἰουδαίων</span> <span class='ocrx_word' id='word_1_634' title='bbox 2721 2862 3035 2934; x_wconf 81' lang='grc' dir='ltr'>ἀθλιότητος</span> <span class='ocrx_word' id='word_1_635' title='bbox 3111 2865 3204 2917; x_wconf 78' lang='grc' dir='ltr'>καὶ</span> <span class='ocrx_word' id='word_1_636' title='bbox 3271 2864 3371 2934; x_wconf 83' lang='grc' dir='ltr'>τῆς</span> <span class='ocrx_word' id='word_1_637' title='bbox 3430 2865 3511 2926; x_wconf 85' lang='grc' dir='ltr'><strong>είς</strong></span> <span class='ocrx_word' id='word_1_638' title='bbox 3565 2864 3733 2937; x_wconf 82' lang='grc' dir='ltr'>ἀκρον</span> 
     </span>
    </p>
   </div>
   <div class='ocr_carea' id='block_1_88' title="bbox 2155 2949 3733 3027">
    <p class='ocr_par' dir='ltr' id='par_1_88' title="bbox 2155 2949 3733 3027">
     <span class='ocr_line' id='line_1_88' title="bbox 2155 2949 3733 3027; baseline 0.003 -24"><span class='ocrx_word' id='word_1_639' title='bbox 2155 2949 2531 3021; x_wconf 86' lang='grc' dir='ltr'>ταλαιπωρίας</span> <span class='ocrx_word' id='word_1_640' title='bbox 2559 2952 2620 3004; x_wconf 83' lang='grc' dir='ltr'>τὸ</span> <span class='ocrx_word' id='word_1_641' title='bbox 2648 2952 2875 3022; x_wconf 84' lang='grc' dir='ltr'>μέγεθος</span> <span class='ocrx_word' id='word_1_642' title='bbox 2905 2956 2933 3007; x_wconf 86' lang='grc' dir='ltr'><strong>ό</strong></span> <span class='ocrx_word' id='word_1_643' title='bbox 2964 2954 3298 3025; x_wconf 83' lang='grc' dir='ltr'>προφητικὸς</span> <span class='ocrx_word' id='word_1_644' title='bbox 3338 2956 3469 3027; x_wconf 80' lang='grc' dir='ltr'>ἡμῖν</span> <span class='ocrx_word' id='word_1_645' title='bbox 3493 2971 3733 3024; x_wconf 83' lang='grc' dir='ltr'>καταση-</span> 
     </span>
    </p>
   </div>
   <div class='ocr_carea' id='block_1_89' title="bbox 2161 3041 3733 3118">
    <p class='ocr_par' dir='ltr' id='par_1_89' title="bbox 2161 3041 3733 3118">
     <span class='ocr_line' id='line_1_89' title="bbox 2161 3041 3733 3118; baseline 0.003 -25"><span class='ocrx_word' id='word_1_646' title='bbox 2161 3041 2341 3111; x_wconf 85' lang='grc' dir='ltr'>μαίνει</span> <span class='ocrx_word' id='word_1_647' title='bbox 2373 3041 2549 3112; x_wconf 91' lang='grc' dir='ltr'>λόγος.</span> <span class='ocrx_word' id='word_1_648' title='bbox 2593 3041 2934 3100; x_wconf 79' lang='grc' dir='ltr'>Ἐϐασίλευον</span> <span class='ocrx_word' id='word_1_649' title='bbox 2970 3049 3067 3118; x_wconf 85' lang='grc' dir='ltr'>μὲν</span> <span class='ocrx_word' id='word_1_650' title='bbox 3096 3048 3203 3118; x_wconf 89' lang='grc' dir='ltr'><strong>γάρ</strong></span> <span class='ocrx_word' id='word_1_651' title='bbox 3239 3046 3379 3101; x_wconf 86' lang='grc' dir='ltr'><strong>κατά</strong></span> <span class='ocrx_word' id='word_1_652' title='bbox 3420 3046 3643 3116; x_wconf 80' lang='grc' dir='ltr'>καιροὺς</span> <span class='ocrx_word' id='word_1_653' title='bbox 3675 3048 3733 3097; x_wconf 83' lang='grc' dir='ltr'><strong>ἐν</strong></span> 
     </span>
    </p>
   </div>
   <div class='ocr_carea' id='block_1_90' title="bbox 2158 3133 3734 3207">
    <p class='ocr_par' dir='ltr' id='par_1_90' title="bbox 2158 3133 3734 3207">
     <span class='ocr_line' id='line_1_90' title="bbox 2158 3133 3734 3207; baseline 0 -21"><span class='ocrx_word' id='word_1_654' title='bbox 2158 3135 2269 3197; x_wconf 82' lang='grc' dir='ltr'>τοῖς</span> <span class='ocrx_word' id='word_1_655' title='bbox 2306 3133 2700 3206; x_wconf 85' lang='grc' dir='ltr'>Ἰεροσολύμοις</span> <span class='ocrx_word' id='word_1_656' title='bbox 2743 3136 2775 3206; x_wconf 81' lang='grc' dir='ltr'><strong>ἠ</strong></span> <span class='ocrx_word' id='word_1_657' title='bbox 2822 3137 2885 3188; x_wconf 85' lang='grc' dir='ltr'><strong>ἐκ</strong></span> <span class='ocrx_word' id='word_1_658' title='bbox 2938 3135 3111 3207; x_wconf 77' lang='grc' dir='ltr'>φυλῆς</span> <span class='ocrx_word' id='word_1_659' title='bbox 3152 3134 3344 3201; x_wconf 84' lang='grc' dir='ltr'>Ἰούδα,</span> <span class='ocrx_word' id='word_1_660' title='bbox 3390 3135 3631 3206; x_wconf 85' lang='grc' dir='ltr'>λαμπροί</span> <span class='ocrx_word' id='word_1_661' title='bbox 3672 3150 3734 3186; x_wconf 79' lang='grc' dir='ltr'><strong>τε</strong></span> 
     </span>
    </p>
   </div>
   <div class='ocr_carea' id='block_1_91' title="bbox 2162 3217 3734 3298">
    <p class='ocr_par' dir='ltr' id='par_1_91' title="bbox 2162 3217 3734 3298">
     <span class='ocr_line' id='line_1_91' title="bbox 2162 3217 3734 3298; baseline 0.001 -23"><span class='ocrx_word' id='word_1_662' title='bbox 2162 3217 2299 3293; x_wconf 77' lang='grc' dir='ltr'>ἦσαν</span> <span class='ocrx_word' id='word_1_663' title='bbox 2330 3225 2423 3277; x_wconf 80' lang='grc' dir='ltr'><strong>καὶ</strong></span> <span class='ocrx_word' id='word_1_664' title='bbox 2460 3224 2757 3295; x_wconf 67' lang='grc' dir='ltr'>διαφανεῖς,</span> <span class='ocrx_word' id='word_1_665' title='bbox 2794 3226 2886 3280; x_wconf 77' lang='grc' dir='ltr'>καὶ</span> <span class='ocrx_word' id='word_1_666' title='bbox 2913 3226 3125 3298; x_wconf 86' lang='grc' dir='ltr'>πλούτῳ</span> <span class='ocrx_word' id='word_1_667' title='bbox 3152 3227 3451 3297; x_wconf 81' lang='grc' dir='ltr'>κομῶντες,</span> <span class='ocrx_word' id='word_1_668' title='bbox 3486 3226 3580 3280; x_wconf 80' lang='grc' dir='ltr'>καὶ</span> <span class='ocrx_word' id='word_1_669' title='bbox 3615 3228 3734 3287; x_wconf 86' lang='grc' dir='ltr'>ταῖς</span> 
     </span>
    </p>
   </div>
   <div class='ocr_carea' id='block_1_92' title="bbox 2163 3314 3734 3391">
    <p class='ocr_par' dir='ltr' id='par_1_92' title="bbox 2163 3314 3734 3391">
     <span class='ocr_line' id='line_1_92' title="bbox 2163 3314 3734 3391; baseline 0.003 -24"><span class='ocrx_word' id='word_1_670' title='bbox 2163 3316 2243 3379; x_wconf 89' lang='grc' dir='ltr'><strong>είς</strong></span> <span class='ocrx_word' id='word_1_671' title='bbox 2288 3315 2441 3385; x_wconf 79' lang='grc' dir='ltr'>λῆξιν</span> <span class='ocrx_word' id='word_1_672' title='bbox 2484 3317 2752 3382; x_wconf 84' lang='grc' dir='ltr'>εὐκλείαις</span> <span class='ocrx_word' id='word_1_673' title='bbox 2799 3314 2856 3371; x_wconf 79' lang='grc' dir='ltr'><strong>εὖ</strong></span> <span class='ocrx_word' id='word_1_674' title='bbox 2902 3319 3045 3388; x_wconf 85' lang='grc' dir='ltr'>μάλα</span> <span class='ocrx_word' id='word_1_675' title='bbox 3101 3318 3549 3391; x_wconf 83' lang='grc' dir='ltr'>κατεστεμμένοι.</span> <span class='ocrx_word' id='word_1_676' title='bbox 3582 3318 3734 3372; x_wconf 84' lang='grc' dir='ltr'>Καθ-</span> 
     </span>
    </p>
   </div>
   <div class='ocr_carea' id='block_1_93' title="bbox 2161 3405 3735 3481">
    <p class='ocr_par' dir='ltr' id='par_1_93' title="bbox 2161 3405 3735 3481">
     <span class='ocr_line' id='line_1_93' title="bbox 2161 3405 3735 3481; baseline 0.001 -22"><span class='ocrx_word' id='word_1_677' title='bbox 2161 3405 2393 3475; x_wconf 82' lang='grc' dir='ltr'>ηγοῦντο</span> <span class='ocrx_word' id='word_1_678' title='bbox 2427 3406 2483 3460; x_wconf 87' lang='grc' dir='ltr'>δὲ</span> <span class='ocrx_word' id='word_1_679' title='bbox 2521 3409 2615 3462; x_wconf 74' lang='grc' dir='ltr'><strong>καὶ</strong></span> <span class='ocrx_word' id='word_1_680' title='bbox 2643 3410 2863 3480; x_wconf 81' lang='grc' dir='ltr'>ἑτέρως,</span> <span class='ocrx_word' id='word_1_681' title='bbox 2899 3412 2949 3463; x_wconf 89' lang='grc' dir='ltr'>οἱ</span> <span class='ocrx_word' id='word_1_682' title='bbox 2988 3411 3053 3465; x_wconf 86' lang='grc' dir='ltr'><strong>ἐκ</strong></span> <span class='ocrx_word' id='word_1_683' title='bbox 3082 3411 3253 3481; x_wconf 80' lang='grc' dir='ltr'>φυλῆς</span> <span class='ocrx_word' id='word_1_684' title='bbox 3290 3410 3420 3464; x_wconf 80' lang='grc' dir='ltr'><strong>Λευῖ</strong></span> <span class='ocrx_word' id='word_1_685' title='bbox 3466 3410 3605 3465; x_wconf 86' lang='grc' dir='ltr'>κατὰ</span> <span class='ocrx_word' id='word_1_686' title='bbox 3637 3409 3735 3480; x_wconf 82' lang='grc' dir='ltr'>τὴν</span> 
     </span>
    </p>
   </div>
   <div class='ocr_carea' id='block_1_94' title="bbox 2161 3496 3731 3573">
    <p class='ocr_par' dir='ltr' id='par_1_94' title="bbox 2161 3496 3731 3573">
     <span class='ocr_line' id='line_1_94' title="bbox 2161 3496 3731 3573; baseline 0.003 -24"><span class='ocrx_word' id='word_1_687' title='bbox 2161 3497 2314 3561; x_wconf 80' lang='grc' dir='ltr'>τάξιν</span> <span class='ocrx_word' id='word_1_688' title='bbox 2343 3496 2440 3567; x_wconf 84' lang='grc' dir='ltr'>τὴν</span> <span class='ocrx_word' id='word_1_689' title='bbox 2477 3497 2707 3570; x_wconf 80' lang='grc' dir='ltr'>Ἀαρών.</span> <span class='ocrx_word' id='word_1_690' title='bbox 2754 3498 3089 3570; x_wconf 82' lang='grc' dir='ltr'>Προύχοντος</span> <span class='ocrx_word' id='word_1_691' title='bbox 3142 3503 3240 3573; x_wconf 71' lang='grc' dir='ltr'>μὲν</span> <span class='ocrx_word' id='word_1_692' title='bbox 3280 3501 3371 3555; x_wconf 78' lang='grc' dir='ltr'><strong>τοῦ</strong></span> <span class='ocrx_word' id='word_1_693' title='bbox 3416 3500 3731 3573; x_wconf 83' lang='grc' dir='ltr'>ἀρχιερέως,</span> 
     </span>
    </p>
   </div>
   <div class='ocr_carea' id='block_1_95' title="bbox 2162 3586 3736 3663">
    <p class='ocr_par' dir='ltr' id='par_1_95' title="bbox 2162 3586 3736 3663">
     <span class='ocr_line' id='line_1_95' title="bbox 2162 3586 3736 3663; baseline 0.002 -25"><span class='ocrx_word' id='word_1_694' title='bbox 2162 3586 2617 3658; x_wconf 82' lang='grc' dir='ltr'>λειτουργούντων</span> <span class='ocrx_word' id='word_1_695' title='bbox 2642 3588 2699 3642; x_wconf 80' lang='grc' dir='ltr'>δὲ</span> <span class='ocrx_word' id='word_1_696' title='bbox 2732 3586 3115 3663; x_wconf 73' lang='grc' dir='ltr'>πρεσϐυτέρων</span> <span class='ocrx_word' id='word_1_697' title='bbox 3146 3593 3238 3645; x_wconf 80' lang='grc' dir='ltr'>καὶ</span> <span class='ocrx_word' id='word_1_698' title='bbox 3260 3591 3520 3657; x_wconf 87' lang='grc' dir='ltr'>Λευῖτῶν,</span> <span class='ocrx_word' id='word_1_699' title='bbox 3550 3588 3736 3643; x_wconf 77' lang='grc' dir='ltr'>σεπτοὶ</span> 
     </span>
    </p>
   </div>
   <div class='ocr_carea' id='block_1_96' title="bbox 2162 3671 3734 3747">
    <p class='ocr_par' dir='ltr' id='par_1_96' title="bbox 2162 3671 3734 3747">
     <span class='ocr_line' id='line_1_96' title="bbox 2162 3671 3734 3747; baseline 0.001 -18"><span class='ocrx_word' id='word_1_700' title='bbox 2162 3676 2218 3729; x_wconf 80' lang='grc' dir='ltr'>δὲ</span> <span class='ocrx_word' id='word_1_701' title='bbox 2239 3671 2376 3747; x_wconf 80' lang='grc' dir='ltr'>ἦσαν</span> <span class='ocrx_word' id='word_1_702' title='bbox 2406 3677 2499 3730; x_wconf 72' lang='grc' dir='ltr'><strong>καὶ</strong></span> <span class='ocrx_word' id='word_1_703' title='bbox 2532 3678 2581 3730; x_wconf 83' lang='grc' dir='ltr'><strong>οί</strong></span> <span class='ocrx_word' id='word_1_704' title='bbox 2609 3677 2822 3737; x_wconf 84' lang='grc' dir='ltr'>τοιοίδε,</span> <span class='ocrx_word' id='word_1_705' title='bbox 2844 3681 2954 3741; x_wconf 87' lang='grc' dir='ltr'>τοῖς</span> <span class='ocrx_word' id='word_1_706' title='bbox 2982 3679 3086 3732; x_wconf 88' lang='grc' dir='ltr'><strong>ἀνά</strong></span> <span class='ocrx_word' id='word_1_707' title='bbox 3114 3680 3291 3734; x_wconf 75' lang='grc' dir='ltr'>πᾶσαν</span> <span class='ocrx_word' id='word_1_708' title='bbox 3316 3679 3425 3733; x_wconf 85' lang='grc' dir='ltr'><strong>τῶν</strong></span> <span class='ocrx_word' id='word_1_709' title='bbox 3466 3680 3734 3733; x_wconf 87' lang='grc' dir='ltr'>Ἰουδαίων</span> 
     </span>
    </p>
   </div>
   <div class='ocr_carea' id='block_1_97' title="bbox 2161 3767 3735 3842">
    <p class='ocr_par' dir='ltr' id='par_1_97' title="bbox 2161 3767 3735 3842">
     <span class='ocr_line' id='line_1_97' title="bbox 2161 3767 3735 3842; baseline 0.002 -23"><span class='ocrx_word' id='word_1_710' title='bbox 2161 3767 2261 3837; x_wconf 78' lang='grc' dir='ltr'>τὴν</span> <span class='ocrx_word' id='word_1_711' title='bbox 2287 3768 2489 3839; x_wconf 85' lang='grc' dir='ltr'>χώραν.</span> <span class='ocrx_word' id='word_1_712' title='bbox 2546 3769 2761 3841; x_wconf 85' lang='grc' dir='ltr'>Ἐπειδὴ</span> <span class='ocrx_word' id='word_1_713' title='bbox 2796 3769 2852 3821; x_wconf 85' lang='grc' dir='ltr'>δὲ</span> <span class='ocrx_word' id='word_1_714' title='bbox 2883 3771 3227 3842; x_wconf 80' lang='grc' dir='ltr'>πεπράχασιν</span> <span class='ocrx_word' id='word_1_715' title='bbox 3260 3770 3296 3826; x_wconf 77' lang='grc' dir='ltr'><strong>ἃ.</strong></span> <span class='ocrx_word' id='word_1_716' title='bbox 3333 3770 3407 3842; x_wconf 80' lang='grc' dir='ltr'><strong>μὴ</strong></span> <span class='ocrx_word' id='word_1_717' title='bbox 3432 3770 3611 3841; x_wconf 82' lang='grc' dir='ltr'>θέμις,</span> <span class='ocrx_word' id='word_1_718' title='bbox 3641 3770 3735 3823; x_wconf 75' lang='grc' dir='ltr'>καὶ</span> 
     </span>
    </p>
   </div>
   <div class='ocr_carea' id='block_1_98' title="bbox 2162 3856 3735 3932">
    <p class='ocr_par' dir='ltr' id='par_1_98' title="bbox 2162 3856 3735 3932">
     <span class='ocr_line' id='line_1_98' title="bbox 2162 3856 3735 3932; baseline 0.003 -23"><span class='ocrx_word' id='word_1_719' title='bbox 2162 3858 2260 3926; x_wconf 80' lang='grc' dir='ltr'><strong>τῆς</strong></span> <span class='ocrx_word' id='word_1_720' title='bbox 2289 3860 2366 3921; x_wconf 87' lang='grc' dir='ltr'>εἰς</span> <span class='ocrx_word' id='word_1_721' title='bbox 2391 3858 2623 3929; x_wconf 81' lang='grc' dir='ltr'>Χριστὸν</span> <span class='ocrx_word' id='word_1_722' title='bbox 2646 3859 2957 3924; x_wconf 79' lang='grc' dir='ltr'>δυσσεϐείας</span> <span class='ocrx_word' id='word_1_723' title='bbox 2984 3856 3248 3932; x_wconf 71' lang='grc' dir='ltr'>οὐδεὶςῆν</span> <span class='ocrx_word' id='word_1_724' title='bbox 3270 3863 3453 3925; x_wconf 85' lang='grc' dir='ltr'>αὐτοῖς</span> <span class='ocrx_word' id='word_1_725' title='bbox 3482 3862 3735 3930; x_wconf 86' lang='grc' dir='ltr'>ἁνεπιτή·</span> 
     </span>
    </p>
   </div>
   <div class='ocr_carea' id='block_1_99' title="bbox 2163 3947 3734 4022">
    <p class='ocr_par' dir='ltr' id='par_1_99' title="bbox 2163 3947 3734 4022">
     <span class='ocr_line' id='line_1_99' title="bbox 2163 3947 3734 4022; baseline 0.003 -23"><span class='ocrx_word' id='word_1_726' title='bbox 2163 3947 2348 4010; x_wconf 85' lang='grc' dir='ltr'>δευτος</span> <span class='ocrx_word' id='word_1_727' title='bbox 2384 3947 2603 4017; x_wconf 87' lang='grc' dir='ltr'>τρόπος,</span> <span class='ocrx_word' id='word_1_728' title='bbox 2643 3947 2947 4003; x_wconf 86' lang='grc' dir='ltr'>ἀπώλισθον</span> <span class='ocrx_word' id='word_1_729' title='bbox 2981 3950 3077 4020; x_wconf 80' lang='grc' dir='ltr'><strong>μὲν</strong></span> <span class='ocrx_word' id='word_1_730' title='bbox 3112 3949 3210 4021; x_wconf 81' lang='grc' dir='ltr'><strong>τῆς</strong></span> <span class='ocrx_word' id='word_1_731' title='bbox 3256 3951 3486 4022; x_wconf 90' lang='grc' dir='ltr'>ἀρχαίας</span> <span class='ocrx_word' id='word_1_732' title='bbox 3521 3952 3734 4021; x_wconf 80' lang='grc' dir='ltr'>ἐκείνης</span> 
     </span>
    </p>
   </div>
   <div class='ocr_carea' id='block_1_100' title="bbox 2163 4040 3734 4114">
    <p class='ocr_par' dir='ltr' id='par_1_100' title="bbox 2163 4040 3734 4114">
     <span class='ocr_line' id='line_1_100' title="bbox 2163 4040 3734 4114; baseline 0.003 -22"><span class='ocrx_word' id='word_1_733' title='bbox 2163 4040 2546 4112; x_wconf 89' lang='grc' dir='ltr'>λαμπρότητος</span> <span class='ocrx_word' id='word_1_734' title='bbox 2590 4042 2684 4093; x_wconf 81' lang='grc' dir='ltr'><strong>καὶ</strong></span> <span class='ocrx_word' id='word_1_735' title='bbox 2739 4043 3091 4113; x_wconf 79' lang='grc' dir='ltr'>περιφανείας</span> <span class='ocrx_word' id='word_1_736' title='bbox 3144 4044 3242 4114; x_wconf 84' lang='grc' dir='ltr'><strong>τῆς</strong></span> <span class='ocrx_word' id='word_1_737' title='bbox 3292 4047 3350 4097; x_wconf 86' lang='grc' dir='ltr'><strong>ἐν</strong></span> <span class='ocrx_word' id='word_1_738' title='bbox 3388 4045 3600 4114; x_wconf 85' lang='grc' dir='ltr'>πλούτῳ</span> <span class='ocrx_word' id='word_1_739' title='bbox 3641 4045 3734 4097; x_wconf 83' lang='grc' dir='ltr'>καὶ</span> 
     </span>
    </p>
   </div>
   <div class='ocr_carea' id='block_1_101' title="bbox 2164 4131 3735 4204">
    <p class='ocr_par' dir='ltr' id='par_1_101' title="bbox 2164 4131 3735 4204">
     <span class='ocr_line' id='line_1_101' title="bbox 2164 4131 3735 4204; baseline 0.003 -21"><span class='ocrx_word' id='word_1_740' title='bbox 2164 4131 2312 4204; x_wconf 78' lang='grc' dir='ltr'>δόξῃ,</span> <span class='ocrx_word' id='word_1_741' title='bbox 2346 4132 2629 4185; x_wconf 87' lang='grc' dir='ltr'>καθίκοντο</span> <span class='ocrx_word' id='word_1_742' title='bbox 2666 4132 2723 4185; x_wconf 80' lang='grc' dir='ltr'>δὲ</span> <span class='ocrx_word' id='word_1_743' title='bbox 2762 4133 3109 4203; x_wconf 81' lang='grc' dir='ltr'>χυδαιότητός</span> <span class='ocrx_word' id='word_1_744' title='bbox 3146 4152 3206 4187; x_wconf 90' lang='grc' dir='ltr'><strong>τε</strong></span> <span class='ocrx_word' id='word_1_745' title='bbox 3235 4136 3327 4188; x_wconf 77' lang='grc' dir='ltr'><strong>καὶ</strong></span> <span class='ocrx_word' id='word_1_746' title='bbox 3356 4134 3627 4199; x_wconf 83' lang='grc' dir='ltr'>εὐτελείας</span> <span class='ocrx_word' id='word_1_747' title='bbox 3657 4138 3735 4197; x_wconf 82' lang='grc' dir='ltr'><strong>είς</strong></span> 
     </span>
    </p>
   </div>
   <div class='ocr_carea' id='block_1_102' title="bbox 2163 4222 3734 4294">
    <p class='ocr_par' dir='ltr' id='par_1_102' title="bbox 2163 4222 3734 4294">
     <span class='ocr_line' id='line_1_102' title="bbox 2163 4222 3734 4294; baseline 0.001 -20"><span class='ocrx_word' id='word_1_748' title='bbox 2163 4223 2323 4277; x_wconf 81' lang='grc' dir='ltr'>τοῦτο</span> <span class='ocrx_word' id='word_1_749' title='bbox 2353 4222 2421 4275; x_wconf 87' lang='grc' dir='ltr'><strong>τά</strong></span> <span class='ocrx_word' id='word_1_750' title='bbox 2454 4222 2753 4292; x_wconf 83' lang='grc' dir='ltr'>πράγματα</span> <span class='ocrx_word' id='word_1_751' title='bbox 2785 4224 2984 4287; x_wconf 80' lang='grc' dir='ltr'>αὐτοῖς,</span> <span class='ocrx_word' id='word_1_752' title='bbox 3013 4223 3087 4286; x_wconf 85' lang='grc' dir='ltr'>ὼς</span> <span class='ocrx_word' id='word_1_753' title='bbox 3115 4224 3319 4294; x_wconf 86' lang='grc' dir='ltr'>μηδένα</span> <span class='ocrx_word' id='word_1_754' title='bbox 3345 4224 3622 4286; x_wconf 81' lang='grc' dir='ltr'>παντελῶς</span> <span class='ocrx_word' id='word_1_755' title='bbox 3647 4224 3734 4276; x_wconf 81' lang='grc' dir='ltr'>τὸν</span> 
     </span>
    </p>
   </div>
   <div class='ocr_carea' id='block_1_103' title="bbox 2163 4312 3733 4387">
    <p class='ocr_par' dir='ltr' id='par_1_103' title="bbox 2163 4312 3733 4387">
     <span class='ocr_line' id='line_1_103' title="bbox 2163 4312 3733 4387; baseline -0.001 -20"><span class='ocrx_word' id='word_1_756' title='bbox 2163 4314 2467 4385; x_wconf 77' lang='grc' dir='ltr'>ἡγούμενον</span> <span class='ocrx_word' id='word_1_757' title='bbox 2517 4312 2659 4383; x_wconf 80' lang='grc' dir='ltr'>ἔχειν</span> <span class='ocrx_word' id='word_1_758' title='bbox 2707 4314 2793 4383; x_wconf 81' lang='grc' dir='ltr'><strong>ἐφ’</strong></span> <span class='ocrx_word' id='word_1_759' title='bbox 2835 4315 3045 4376; x_wconf 86' lang='grc' dir='ltr'>ἐαυτοῖς</span> <span class='ocrx_word' id='word_1_760' title='bbox 3081 4314 3340 4367; x_wconf 79' lang='grc' dir='ltr'>δύνασθαι</span> <span class='ocrx_word' id='word_1_761' title='bbox 3376 4315 3624 4387; x_wconf 81' lang='grc' dir='ltr'>λαμπρὸν</span> <span class='ocrx_word' id='word_1_762' title='bbox 3675 4316 3733 4366; x_wconf 80' lang='grc' dir='ltr'>ὲν</span> 
     </span>
    </p>
   </div>
   <div class='ocr_carea' id='block_1_104' title="bbox 2166 4405 3733 4477">
    <p class='ocr_par' dir='ltr' id='par_1_104' title="bbox 2166 4405 3733 4477">
     <span class='ocr_line' id='line_1_104' title="bbox 2166 4405 3733 4477; baseline 0.001 -20"><span class='ocrx_word' id='word_1_763' title='bbox 2166 4406 2407 4477; x_wconf 79' lang='grc' dir='ltr'>ὑπεροχῇ</span> <span class='ocrx_word' id='word_1_764' title='bbox 2458 4408 2524 4477; x_wconf 81' lang='grc' dir='ltr'>τῇ</span> <span class='ocrx_word' id='word_1_765' title='bbox 2566 4405 2752 4467; x_wconf 84' lang='grc' dir='ltr'>πάλαι,</span> <span class='ocrx_word' id='word_1_766' title='bbox 2811 4406 2949 4476; x_wconf 87' lang='grc' dir='ltr'>μήτε</span> <span class='ocrx_word' id='word_1_767' title='bbox 2994 4405 3099 4475; x_wconf 80' lang='grc' dir='ltr'>μὴν</span> <span class='ocrx_word' id='word_1_768' title='bbox 3138 4405 3364 4460; x_wconf 81' lang='grc' dir='ltr'>πλοῦτον</span> <span class='ocrx_word' id='word_1_769' title='bbox 3404 4407 3596 4477; x_wconf 76' lang='grc' dir='ltr'>ἔχοντα</span> <span class='ocrx_word' id='word_1_770' title='bbox 3643 4407 3733 4460; x_wconf 82' lang='grc' dir='ltr'>καὶ</span> 
     </span>
    </p>
   </div>
   <div class='ocr_carea' id='block_1_105' title="bbox 2165 4496 3733 4567">
    <p class='ocr_par' dir='ltr' id='par_1_105' title="bbox 2165 4496 3733 4567">
     <span class='ocr_line' id='line_1_105' title="bbox 2165 4496 3733 4567; baseline 0 -17"><span class='ocrx_word' id='word_1_771' title='bbox 2165 4497 2500 4559; x_wconf 87' lang='grc' dir='ltr'>δυναστείαν,</span> <span class='ocrx_word' id='word_1_772' title='bbox 2540 4497 2574 4567; x_wconf 82' lang='grc' dir='ltr'>ἢ</span> <span class='ocrx_word' id='word_1_773' title='bbox 2606 4497 2806 4565; x_wconf 83' lang='grc' dir='ltr'>γνῶσιν</span> <span class='ocrx_word' id='word_1_774' title='bbox 2833 4496 2927 4549; x_wconf 84' lang='grc' dir='ltr'><strong>τοῦ</strong></span> <span class='ocrx_word' id='word_1_775' title='bbox 2953 4498 3139 4567; x_wconf 84' lang='grc' dir='ltr'>νόμου.</span> <span class='ocrx_word' id='word_1_776' title='bbox 3175 4498 3284 4550; x_wconf 77' lang='grc' dir='ltr'><strong>Καὶ</strong></span> <span class='ocrx_word' id='word_1_777' title='bbox 3315 4497 3470 4551; x_wconf 81' lang='grc' dir='ltr'>τοῦτο</span> <span class='ocrx_word' id='word_1_778' title='bbox 3498 4498 3628 4552; x_wconf 84' lang='grc' dir='ltr'>αὐτὸ</span> <span class='ocrx_word' id='word_1_779' title='bbox 3654 4498 3733 4551; x_wconf 85' lang='grc' dir='ltr'>δι-</span> 
     </span>
    </p>
   </div>
   <div class='ocr_carea' id='block_1_106' title="bbox 2167 4588 3734 4660">
    <p class='ocr_par' dir='ltr' id='par_1_106' title="bbox 2167 4588 3734 4660">
     <span class='ocr_line' id='line_1_106' title="bbox 2167 4588 3734 4660; baseline 0.001 -19"><span class='ocrx_word' id='word_1_780' title='bbox 2167 4588 2392 4653; x_wconf 80' lang='grc' dir='ltr'>δάσκει,</span> <span class='ocrx_word' id='word_1_781' title='bbox 2446 4588 2639 4657; x_wconf 88' lang='grc' dir='ltr'>λέγων,</span> <span class='ocrx_word' id='word_1_782' title='bbox 2703 4590 2784 4642; x_wconf 81' lang='grc' dir='ltr'>ὅτι</span> <span class='ocrx_word' id='word_1_783' title='bbox 2840 4606 2859 4640; x_wconf 77' lang='lat' dir='ltr'><strong>r</strong></span> <span class='ocrx_word' id='word_1_784' title='bbox 2897 4588 3246 4660; x_wconf 77' lang='grc' dir='ltr'>Ἐπιλήψεται</span> <span class='ocrx_word' id='word_1_785' title='bbox 3297 4589 3579 4660; x_wconf 87' lang='grc' dir='ltr'>ἄνθρωπος</span> <span class='ocrx_word' id='word_1_786' title='bbox 3640 4590 3734 4643; x_wconf 82' lang='grc' dir='ltr'><strong>τοῦ</strong></span> 
     </span>
    </p>
   </div>
   <div class='ocr_carea' id='block_1_107' title="bbox 2168 4662 3730 4753">
    <p class='ocr_par' dir='ltr' id='par_1_107' title="bbox 2168 4662 3730 4753">
     <span class='ocr_line' id='line_1_107' title="bbox 2168 4662 3730 4753; baseline 0.002 -22"><span class='ocrx_word' id='word_1_787' title='bbox 2168 4662 2397 4747; x_wconf 65' lang='grc' dir='ltr'>ἀδελφοῦ</span> <span class='ocrx_word' id='word_1_788' title='bbox 2424 4678 2612 4753; x_wconf 78' lang='grc' dir='ltr'>αὐτοῦ,</span> <span class='ocrx_word' id='word_1_789' title='bbox 2649 4679 2682 4747; x_wconf 85' lang='grc' dir='ltr'>ἢ</span> <span class='ocrx_word' id='word_1_790' title='bbox 2731 4677 2823 4731; x_wconf 80' lang='grc' dir='ltr'><strong>τοῦ</strong></span> <span class='ocrx_word' id='word_1_791' title='bbox 2862 4679 3062 4731; x_wconf 84' lang='grc' dir='ltr'>οίκείου</span> <span class='ocrx_word' id='word_1_792' title='bbox 3106 4679 3309 4749; x_wconf 82' lang='grc' dir='ltr'>πατρὸς</span> <span class='ocrx_word' id='word_1_793' title='bbox 3346 4678 3507 4734; x_wconf 76' lang='grc' dir='ltr'>αὐτοῦ</span> <span class='ocrx_word' id='word_1_794' title='bbox 3541 4680 3730 4749; x_wconf 86' lang='grc' dir='ltr'>λέγων·</span> 
     </span>
    </p>
   </div>
   <div class='ocr_carea' id='block_1_108' title="bbox 2178 4769 3737 4841">
    <p class='ocr_par' dir='ltr' id='par_1_108' title="bbox 2178 4769 3737 4841">
     <span class='ocr_line' id='line_1_108' title="bbox 2178 4769 3737 4841; baseline 0.001 -19"><span class='ocrx_word' id='word_1_795' title='bbox 2178 4770 2415 4839; x_wconf 85' lang='grc' dir='ltr'>Ἰμὰτιον</span> <span class='ocrx_word' id='word_1_796' title='bbox 2444 4770 2608 4839; x_wconf 74' lang='grc' dir='ltr'>ἔχεις,</span> <span class='ocrx_word' id='word_1_797' title='bbox 2650 4770 2889 4840; x_wconf 82' lang='grc' dir='ltr'>ἀρχηγὸς</span> <span class='ocrx_word' id='word_1_798' title='bbox 3113 4770 3291 4838; x_wconf 75' lang='grc' dir='ltr'>γενοῦ,</span> <span class='ocrx_word' id='word_1_799' title='bbox 3325 4770 3420 4822; x_wconf 77' lang='grc' dir='ltr'>καὶ</span> <span class='ocrx_word' id='word_1_800' title='bbox 3450 4769 3646 4841; x_wconf 82' lang='grc' dir='ltr'>βρῶμα</span> <span class='ocrx_word' id='word_1_801' title='bbox 3675 4772 3737 4823; x_wconf 81' lang='grc' dir='ltr'><strong>τὸ</strong></span> 
     </span>
    </p>
   </div>
   <div class='ocr_carea' id='block_1_109' title="bbox 2168 4859 3739 4933">
    <p class='ocr_par' dir='ltr' id='par_1_109' title="bbox 2168 4859 3739 4933">
     <span class='ocr_line' id='line_1_109' title="bbox 2168 4859 3739 4933; baseline 0.002 -21"><span class='ocrx_word' id='word_1_802' title='bbox 2168 4860 2300 4924; x_wconf 77' lang='grc' dir='ltr'>ἐμὸν</span> <span class='ocrx_word' id='word_1_803' title='bbox 2330 4860 2434 4912; x_wconf 83' lang='grc' dir='ltr'><strong>ὑπὸ</strong></span> <span class='ocrx_word' id='word_1_804' title='bbox 2471 4859 2530 4912; x_wconf 79' lang='grc' dir='ltr'>σὲ</span> <span class='ocrx_word' id='word_1_805' title='bbox 2569 4859 2726 4912; x_wconf 78' lang='grc' dir='ltr'>ἔστω.</span> <span class='ocrx_word' id='word_1_806' title='bbox 2766 4878 2785 4910; x_wconf 69' lang='grc' dir='ltr'><strong>ι</strong></span> <span class='ocrx_word' id='word_1_807' title='bbox 2824 4860 3247 4930; x_wconf 83' lang='grc' dir='ltr'>Συγκεχυμένων</span> <span class='ocrx_word' id='word_1_808' title='bbox 3288 4860 3396 4931; x_wconf 86' lang='grc' dir='ltr'>γὰρ</span> <span class='ocrx_word' id='word_1_809' title='bbox 3429 4861 3538 4913; x_wconf 87' lang='grc' dir='ltr'>τῶν</span> <span class='ocrx_word' id='word_1_810' title='bbox 3562 4877 3739 4933; x_wconf 84' lang='grc' dir='ltr'>πραγ-</span> 
     </span>
    </p>
   </div>
   <div class='ocr_carea' id='block_1_110' title="bbox 2168 4950 3739 5022">
    <p class='ocr_par' dir='ltr' id='par_1_110' title="bbox 2168 4950 3739 5022">
     <span class='ocr_line' id='line_1_110' title="bbox 2168 4950 3739 5022; baseline 0.001 -18"><span class='ocrx_word' id='word_1_811' title='bbox 2168 4950 2376 5020; x_wconf 82' lang='grc' dir='ltr'>μάτων,</span> <span class='ocrx_word' id='word_1_812' title='bbox 2424 4953 2518 5005; x_wconf 75' lang='lat' dir='ltr'><strong>ml.</strong></span> <span class='ocrx_word' id='word_1_813' title='bbox 2552 4951 2685 5004; x_wconf 83' lang='grc' dir='ltr'>πολὺ</span> <span class='ocrx_word' id='word_1_814' title='bbox 2716 4950 2995 5004; x_wconf 85' lang='grc' dir='ltr'>παθόντων</span> <span class='ocrx_word' id='word_1_815' title='bbox 3028 4952 3087 5003; x_wconf 87' lang='grc' dir='ltr'><strong>τὸ</strong></span> <span class='ocrx_word' id='word_1_816' title='bbox 3140 4952 3391 5013; x_wconf 75' lang='grc' dir='ltr'>ἄτακτον,</span> <span class='ocrx_word' id='word_1_817' title='bbox 3421 4952 3497 5015; x_wconf 87' lang='grc' dir='ltr'>ὡς</span> <span class='ocrx_word' id='word_1_818' title='bbox 3535 4953 3739 5022; x_wconf 83' lang='grc' dir='ltr'>συμπί-</span> 
     </span>
    </p>
   </div>
   <div class='ocr_carea' id='block_1_111' title="bbox 2167 5039 3733 5115">
    <p class='ocr_par' dir='ltr' id='par_1_111' title="bbox 2167 5039 3733 5115">
     <span class='ocr_line' id='line_1_111' title="bbox 2167 5039 3733 5115; baseline 0.003 -21"><span class='ocrx_word' id='word_1_819' title='bbox 2167 5058 2323 5095; x_wconf 83' lang='grc' dir='ltr'>πτειν</span> <span class='ocrx_word' id='word_1_820' title='bbox 2356 5044 2552 5104; x_wconf 74' lang='grc' dir='ltr'>αὐτοὺς</span> <span class='ocrx_word' id='word_1_821' title='bbox 2586 5042 2856 5114; x_wconf 88' lang='grc' dir='ltr'>ἀλλήλοις,</span> <span class='ocrx_word' id='word_1_822' title='bbox 2900 5044 2994 5097; x_wconf 75' lang='grc' dir='ltr'>καὶ</span> <span class='ocrx_word' id='word_1_823' title='bbox 3037 5045 3304 5115; x_wconf 86' lang='grc' dir='ltr'>μηδεμίαν</span> <span class='ocrx_word' id='word_1_824' title='bbox 3334 5039 3471 5098; x_wconf 78' lang='grc' dir='ltr'>εἶναι</span> <span class='ocrx_word' id='word_1_825' title='bbox 3496 5045 3658 5115; x_wconf 78' lang='grc' dir='ltr'>τιμὴν</span> <span class='ocrx_word' id='word_1_826' title='bbox 3701 5046 3733 5115; x_wconf 82' lang='grc' dir='ltr'><strong>ἢ</strong></span> 
     </span>
    </p>
   </div>
   <div class='ocr_carea' id='block_1_112' title="bbox 2170 5134 3733 5207">
    <p class='ocr_par' dir='ltr' id='par_1_112' title="bbox 2170 5134 3733 5207">
     <span class='ocr_line' id='line_1_112' title="bbox 2170 5134 3733 5207; baseline 0.003 -21"><span class='ocrx_word' id='word_1_827' title='bbox 2170 5134 2323 5201; x_wconf 86' lang='grc' dir='ltr'>αίδῶ,</span> <span class='ocrx_word' id='word_1_828' title='bbox 2354 5135 2716 5207; x_wconf 75' lang='grc' dir='ltr'>πρεσϐύτουῆ</span> <span class='ocrx_word' id='word_1_829' title='bbox 2763 5135 2924 5200; x_wconf 87' lang='grc' dir='ltr'>νέοις,</span> <span class='ocrx_word' id='word_1_830' title='bbox 2973 5137 3139 5206; x_wconf 76' lang='grc' dir='ltr'>ἤγουν</span> <span class='ocrx_word' id='word_1_831' title='bbox 3174 5138 3388 5207; x_wconf 85' lang='grc' dir='ltr'>ἀτίμοις</span> <span class='ocrx_word' id='word_1_832' title='bbox 3425 5137 3457 5206; x_wconf 83' lang='grc' dir='ltr'>ἦ</span> <span class='ocrx_word' id='word_1_833' title='bbox 3488 5138 3733 5201; x_wconf 68' lang='grc' dir='ltr'>ἐνδόξωνσ</span> 
     </span>
    </p>
   </div>
   <div class='ocr_carea' id='block_1_113' title="bbox 2169 5224 3738 5300">
    <p class='ocr_par' dir='ltr' id='par_1_113' title="bbox 2169 5224 3738 5300">
     <span class='ocr_line' id='line_1_113' title="bbox 2169 5224 3738 5300; baseline 0.003 -22"><span class='ocrx_word' id='word_1_834' title='bbox 2169 5224 2398 5290; x_wconf 72' lang='grc' dir='ltr'>ἕκαστος</span> <span class='ocrx_word' id='word_1_835' title='bbox 2420 5229 2503 5295; x_wconf 82' lang='grc' dir='ltr'><strong>ἐφ’</strong></span> <span class='ocrx_word' id='word_1_836' title='bbox 2525 5226 2724 5297; x_wconf 83' lang='grc' dir='ltr'>ἐαυτῷ,</span> <span class='ocrx_word' id='word_1_837' title='bbox 2744 5229 2895 5296; x_wconf 77' lang='grc' dir='ltr'>φησὶ,</span> <span class='ocrx_word' id='word_1_838' title='bbox 2926 5226 3147 5299; x_wconf 82' lang='grc' dir='ltr'>ζητήσει</span> <span class='ocrx_word' id='word_1_839' title='bbox 3169 5229 3484 5300; x_wconf 73' lang='grc' dir='ltr'>ἡγούμενον,</span> <span class='ocrx_word' id='word_1_840' title='bbox 3508 5232 3601 5282; x_wconf 78' lang='grc' dir='ltr'><strong>καὶ</strong></span> <span class='ocrx_word' id='word_1_841' title='bbox 3615 5230 3738 5282; x_wconf 76' lang='grc' dir='ltr'>τοῦ·</span> 
     </span>
    </p>
   </div>
   <div class='ocr_carea' id='block_1_114' title="bbox 2164 5318 3737 5391">
    <p class='ocr_par' dir='ltr' id='par_1_114' title="bbox 2164 5318 3737 5391">
     <span class='ocr_line' id='line_1_114' title="bbox 2164 5318 3737 5391; baseline 0.001 -23"><span class='ocrx_word' id='word_1_842' title='bbox 2164 5333 2255 5369; x_wconf 91' lang='grc' dir='ltr'><strong>τον</strong></span> <span class='ocrx_word' id='word_1_843' title='bbox 2285 5318 2556 5383; x_wconf 80' lang='grc' dir='ltr'>ἐκλὲξεται</span> <span class='ocrx_word' id='word_1_844' title='bbox 2599 5320 2664 5388; x_wconf 82' lang='grc' dir='ltr'><strong>τῇ</strong></span> <span class='ocrx_word' id='word_1_845' title='bbox 2700 5319 2840 5372; x_wconf 79' lang='grc' dir='ltr'>κατὰ</span> <span class='ocrx_word' id='word_1_846' title='bbox 2870 5320 3024 5387; x_wconf 74' lang='grc' dir='ltr'>γένος</span> <span class='ocrx_word' id='word_1_847' title='bbox 3061 5320 3345 5391; x_wconf 72' lang='grc' dir='ltr'>ἀγχιστεία</span> <span class='ocrx_word' id='word_1_848' title='bbox 3374 5320 3523 5390; x_wconf 83' lang='grc' dir='ltr'>μόλις</span> <span class='ocrx_word' id='word_1_849' title='bbox 3546 5320 3737 5373; x_wconf 82' lang='grc' dir='ltr'>ἐκδυσ-</span> 
     </span>
    </p>
   </div>
   <div class='ocr_carea' id='block_1_115' title="bbox 2163 5407 3735 5482">
    <p class='ocr_par' dir='ltr' id='par_1_115' title="bbox 2163 5407 3735 5482">
     <span class='ocr_line' id='line_1_115' title="bbox 2163 5407 3735 5482; baseline 0.003 -22"><span class='ocrx_word' id='word_1_850' title='bbox 2163 5407 2330 5460; x_wconf 84' lang='grc' dir='ltr'><strong>ωπῶν</strong></span> <span class='ocrx_word' id='word_1_851' title='bbox 2354 5410 2446 5461; x_wconf 77' lang='grc' dir='ltr'><strong>καὶ</strong></span> <span class='ocrx_word' id='word_1_852' title='bbox 2465 5409 2647 5463; x_wconf 83' lang='grc' dir='ltr'>καλῶν</span> <span class='ocrx_word' id='word_1_853' title='bbox 2672 5411 2752 5474; x_wconf 89' lang='grc' dir='ltr'>εἰς</span> <span class='ocrx_word' id='word_1_854' title='bbox 2778 5410 2944 5464; x_wconf 79' lang='grc' dir='ltr'>ἔλεον.</span> <span class='ocrx_word' id='word_1_855' title='bbox 2986 5410 3290 5475; x_wconf 85' lang='grc' dir='ltr'>Ἐκλέξεται</span> <span class='ocrx_word' id='word_1_856' title='bbox 3316 5411 3392 5479; x_wconf 85' lang='grc' dir='ltr'><strong>δὲ,</strong></span> <span class='ocrx_word' id='word_1_857' title='bbox 3424 5414 3604 5482; x_wconf 70' lang='grc' dir='ltr'>φησὶν,</span> <span class='ocrx_word' id='word_1_858' title='bbox 3636 5413 3735 5482; x_wconf 81' lang='grc' dir='ltr'><strong>ούχ</strong></span> 
     </span>
    </p>
   </div>
   <div class='ocr_carea' id='block_1_116' title="bbox 2164 5498 3736 5573">
    <p class='ocr_par' dir='ltr' id='par_1_116' title="bbox 2164 5498 3736 5573">
     <span class='ocr_line' id='line_1_116' title="bbox 2164 5498 3736 5573; baseline 0.003 -23"><span class='ocrx_word' id='word_1_859' title='bbox 2164 5498 2238 5562; x_wconf 85' lang='grc' dir='ltr'>ὡς</span> <span class='ocrx_word' id='word_1_860' title='bbox 2269 5500 2458 5570; x_wconf 72' lang='grc' dir='ltr'>ἔχοντα</span> <span class='ocrx_word' id='word_1_861' title='bbox 2487 5500 2735 5563; x_wconf 79' lang='grc' dir='ltr'>πλοῦτον,</span> <span class='ocrx_word' id='word_1_862' title='bbox 2760 5501 2873 5555; x_wconf 81' lang='grc' dir='ltr'>ἀλλ’</span> <span class='ocrx_word' id='word_1_863' title='bbox 2894 5502 2969 5563; x_wconf 85' lang='grc' dir='ltr'>ὼς</span> <span class='ocrx_word' id='word_1_864' title='bbox 2989 5503 3088 5555; x_wconf 80' lang='grc' dir='ltr'><strong>οὐκ</strong></span> <span class='ocrx_word' id='word_1_865' title='bbox 3118 5503 3244 5555; x_wconf 76' lang='grc' dir='ltr'>ὄντα</span> <span class='ocrx_word' id='word_1_866' title='bbox 3274 5502 3491 5573; x_wconf 85' lang='grc' dir='ltr'>λυμνὸν,</span> <span class='ocrx_word' id='word_1_867' title='bbox 3520 5505 3736 5573; x_wconf 78' lang='grc' dir='ltr'>ἀγαπή-</span> 
     </span>
    </p>
   </div>
   <div class='ocr_carea' id='block_1_117' title="bbox 2166 5592 3732 5666">
    <p class='ocr_par' dir='ltr' id='par_1_117' title="bbox 2166 5592 3732 5666">
     <span class='ocr_line' id='line_1_117' title="bbox 2166 5592 3732 5666; baseline 0.003 -23"><span class='ocrx_word' id='word_1_868' title='bbox 2166 5608 2249 5644; x_wconf 85' lang='grc' dir='ltr'><strong>σει</strong></span> <span class='ocrx_word' id='word_1_869' title='bbox 2292 5609 2348 5644; x_wconf 90' lang='grc' dir='ltr'>τε</span> <span class='ocrx_word' id='word_1_870' title='bbox 2397 5593 2489 5645; x_wconf 86' lang='grc' dir='ltr'><strong>ὑπ’</strong></span> <span class='ocrx_word' id='word_1_871' title='bbox 2528 5592 2690 5645; x_wconf 79' lang='grc' dir='ltr'>αὑτοῦ</span> <span class='ocrx_word' id='word_1_872' title='bbox 2739 5593 3031 5663; x_wconf 81' lang='grc' dir='ltr'>τρέφεσθαι</span> <span class='ocrx_word' id='word_1_873' title='bbox 3071 5594 3163 5646; x_wconf 77' lang='grc' dir='ltr'>καὶ</span> <span class='ocrx_word' id='word_1_874' title='bbox 3199 5594 3468 5646; x_wconf 88' lang='grc' dir='ltr'>δουλεύειν</span> <span class='ocrx_word' id='word_1_875' title='bbox 3515 5593 3732 5666; x_wconf 81' lang='grc' dir='ltr'>πτωχῷ.</span> 
     </span>
    </p>
   </div>
   <div class='ocr_carea' id='block_1_118' title="bbox 2164 5682 3730 5756">
    <p class='ocr_par' dir='ltr' id='par_1_118' title="bbox 2164 5682 3730 5756">
     <span class='ocr_line' id='line_1_118' title="bbox 2164 5682 3730 5756; baseline 0.002 -23"><span class='ocrx_word' id='word_1_876' title='bbox 2164 5682 2310 5753; x_wconf 80' lang='grc' dir='ltr'>Πλὴν</span> <span class='ocrx_word' id='word_1_877' title='bbox 2347 5686 2395 5737; x_wconf 83' lang='grc' dir='ltr'><strong>εί</strong></span> <span class='ocrx_word' id='word_1_878' title='bbox 2427 5685 2521 5737; x_wconf 77' lang='grc' dir='ltr'>καὶ</span> <span class='ocrx_word' id='word_1_879' title='bbox 2549 5687 2577 5737; x_wconf 83' lang='grc' dir='ltr'><strong>ὁ</strong></span> <span class='ocrx_word' id='word_1_880' title='bbox 2601 5684 2837 5748; x_wconf 82' lang='grc' dir='ltr'>τοιοῦτος</span> <span class='ocrx_word' id='word_1_881' title='bbox 2876 5686 2972 5755; x_wconf 86' lang='grc' dir='ltr'><strong>οὐχ</strong></span> <span class='ocrx_word' id='word_1_882' title='bbox 3007 5686 3243 5755; x_wconf 76' lang='grc' dir='ltr'>ἁρπάσει</span> <span class='ocrx_word' id='word_1_883' title='bbox 3278 5686 3374 5756; x_wconf 82' lang='grc' dir='ltr'>τὴν</span> <span class='ocrx_word' id='word_1_884' title='bbox 3416 5686 3730 5756; x_wconf 74' lang='grc' dir='ltr'>ἠγεμονίαν,</span> 
     </span>
    </p>
   </div>
   <div class='ocr_carea' id='block_1_119' title="bbox 2167 5775 3733 5847">
    <p class='ocr_par' dir='ltr' id='par_1_119' title="bbox 2167 5775 3733 5847">
     <span class='ocr_line' id='line_1_119' title="bbox 2167 5775 3733 5847; baseline 0.001 -22"><span class='ocrx_word' id='word_1_885' title='bbox 2167 5775 2338 5827; x_wconf 84' lang='grc' dir='ltr'>καίτοι</span> <span class='ocrx_word' id='word_1_886' title='bbox 2366 5776 2529 5847; x_wconf 81' lang='grc' dir='ltr'>μηδὲν</span> <span class='ocrx_word' id='word_1_887' title='bbox 2552 5777 2870 5846; x_wconf 76' lang='grc' dir='ltr'>αἰτούμενος</span> <span class='ocrx_word' id='word_1_888' title='bbox 2895 5777 3044 5846; x_wconf 68' lang='grc' dir='ltr'>παρὰ</span> <span class='ocrx_word' id='word_1_889' title='bbox 3066 5776 3173 5830; x_wconf 84' lang='grc' dir='ltr'>τῶν</span> <span class='ocrx_word' id='word_1_890' title='bbox 3201 5776 3517 5831; x_wconf 78' lang='grc' dir='ltr'>ὑποκεῖσθαι</span> <span class='ocrx_word' id='word_1_891' title='bbox 3547 5775 3733 5847; x_wconf 79' lang='grc' dir='ltr'>βεϐου-</span> 
     </span>
    </p>
   </div>
  </div>
