  <div class='ocr_page' id='page_1' title='image "/cluster/home/n/w/nwhite01/storage/ocr_20150623/70/nnc1.0046980253/070.png"; bbox 0 0 4094 6366; ppageno 0'>
   <div class='ocr_carea' id='block_1_1' title="bbox 278 434 390 495">
    <p class='ocr_par' dir='ltr' id='par_1_1' title="bbox 278 434 390 495">
     <span class='ocr_line' id='line_1_1' title="bbox 278 434 390 495; baseline 0.018 -2"><span class='ocrx_word' id='word_1_1' title='bbox 278 434 390 495; x_wconf 70' lang='grc' dir='ltr'><strong>ιοι</strong></span> 
     </span>
    </p>
   </div>
   <div class='ocr_carea' id='block_1_2' title="bbox 1450 438 2366 501">
    <p class='ocr_par' dir='ltr' id='par_1_2' title="bbox 1450 438 2366 501">
     <span class='ocr_line' id='line_1_2' title="bbox 1450 438 2366 501; baseline 0.003 -4"><span class='ocrx_word' id='word_1_2' title='bbox 1450 440 1521 497; x_wconf 84' lang='grc' dir='ltr'>ΙΝ</span> <span class='ocrx_word' id='word_1_3' title='bbox 1550 439 1787 498; x_wconf 70' lang='grc' dir='ltr'>ιεΑιΑιι</span> <span class='ocrx_word' id='word_1_4' title='bbox 1827 442 1955 500; x_wconf 87' lang='lat' dir='ltr'><strong>LlB.</strong></span> <span class='ocrx_word' id='word_1_5' title='bbox 1984 443 2025 499; x_wconf 84' lang='grc' dir='ltr'><strong>Ι.</strong></span> <span class='ocrx_word' id='word_1_6' title='bbox 2062 438 2267 501; x_wconf 71' lang='lat' dir='ltr'><strong>ORAT.</strong></span> <span class='ocrx_word' id='word_1_7' title='bbox 2302 442 2366 500; x_wconf 82' lang='lat' dir='ltr'><strong>II.</strong></span> 
     </span>
    </p>
   </div>
   <div class='ocr_carea' id='block_1_3' title="bbox 3422 454 3523 510">
    <p class='ocr_par' dir='ltr' id='par_1_3' title="bbox 3422 454 3523 510">
     <span class='ocr_line' id='line_1_3' title="bbox 3422 454 3523 510; baseline 0 0"><span class='ocrx_word' id='word_1_8' title='bbox 3422 454 3523 510; x_wconf 66' lang='lat'><strong>{06</strong></span> 
     </span>
    </p>
   </div>
   <div class='ocr_carea' id='block_1_4' title="bbox 278 554 1868 637">
    <p class='ocr_par' dir='ltr' id='par_1_4' title="bbox 278 554 1868 634">
     <span class='ocr_line' id='line_1_4' title="bbox 278 554 1868 634; baseline 0.003 -25"><span class='ocrx_word' id='word_1_9' title='bbox 278 554 580 624; x_wconf 81' lang='grc' dir='ltr'>λευμένων.</span> <span class='ocrx_word' id='word_1_10' title='bbox 618 556 848 626; x_wconf 81' lang='grc' dir='ltr'>Ζητοῦσι</span> <span class='ocrx_word' id='word_1_11' title='bbox 874 558 981 629; x_wconf 72' lang='grc' dir='ltr'>γὰρ</span> <span class='ocrx_word' id='word_1_12' title='bbox 1008 558 1171 630; x_wconf 75' lang='grc' dir='ltr'>ἄρτον</span> <span class='ocrx_word' id='word_1_13' title='bbox 1203 561 1291 613; x_wconf 87' lang='grc' dir='ltr'><strong>ῐνα</strong></span> <span class='ocrx_word' id='word_1_14' title='bbox 1318 561 1414 614; x_wconf 79' lang='grc' dir='ltr'>καὶ</span> <span class='ocrx_word' id='word_1_15' title='bbox 1452 562 1868 634; x_wconf 44' lang='grc' dir='ltr'>ὑποτάττων-τοι</span> 
     </span>
    </p>
   </div>
   <div class='ocr_carea' id='block_1_5' title="bbox 1969 554 3526 637">
    <p class='ocr_par' dir='ltr' id='par_1_5' title="bbox 1969 561 3526 635">
     <span class='ocr_line' id='line_1_5' title="bbox 1969 561 3526 635; baseline 0.007 -19"><span class='ocrx_word' id='word_1_16' title='bbox 1969 562 2181 617; x_wconf 74' lang='lat' dir='ltr'><strong>omnino</strong></span> <span class='ocrx_word' id='word_1_17' title='bbox 2210 561 2545 617; x_wconf 78' lang='lat' dir='ltr'><strong>mendicitas.</strong></span> <span class='ocrx_word' id='word_1_18' title='bbox 2575 561 2727 617; x_wconf 87' lang='lat' dir='ltr'><strong>Dicet</strong></span> <span class='ocrx_word' id='word_1_19' title='bbox 2755 562 2977 630; x_wconf 84' lang='lat' dir='ltr'><strong>etenim,</strong></span> <span class='ocrx_word' id='word_1_20' title='bbox 3004 565 3198 635; x_wconf 80' lang='lat' dir='ltr'><strong>inquit,</strong></span> <span class='ocrx_word' id='word_1_21' title='bbox 3222 565 3336 623; x_wconf 82' lang='lat' dir='ltr'><strong>Non</strong></span> <span class='ocrx_word' id='word_1_22' title='bbox 3363 580 3446 625; x_wconf 85' lang='lat' dir='ltr'><strong>est</strong></span> <span class='ocrx_word' id='word_1_23' title='bbox 3474 575 3526 627; x_wconf 91' lang='lat' dir='ltr'><strong>in</strong></span> 
     </span>
    </p>
   </div>
   <div class='ocr_carea' id='block_1_6' title="bbox 280 650 1861 725">
    <p class='ocr_par' dir='ltr' id='par_1_6' title="bbox 280 650 1861 725">
     <span class='ocr_line' id='line_1_6' title="bbox 280 650 1861 725; baseline 0.002 -22"><span class='ocrx_word' id='word_1_24' title='bbox 280 650 379 703; x_wconf 80' lang='grc' dir='ltr'>καὶ</span> <span class='ocrx_word' id='word_1_25' title='bbox 418 650 626 721; x_wconf 79' lang='grc' dir='ltr'>τροφῆς</span> <span class='ocrx_word' id='word_1_26' title='bbox 657 651 1045 720; x_wconf 80' lang='grc' dir='ltr'>εὐτελεστάτης</span> <span class='ocrx_word' id='word_1_27' title='bbox 1084 652 1534 724; x_wconf 78' lang='grc' dir='ltr'>ἀντιπροσαγοιεν</span> <span class='ocrx_word' id='word_1_28' title='bbox 1587 653 1734 723; x_wconf 79' lang='grc' dir='ltr'>αὐτῷ</span> <span class='ocrx_word' id='word_1_29' title='bbox 1763 653 1861 725; x_wconf 76' lang='grc' dir='ltr'>τὴν</span> 
     </span>
    </p>
   </div>
   <div class='ocr_carea' id='block_1_7' title="bbox 280 740 1863 815">
    <p class='ocr_par' dir='ltr' id='par_1_7' title="bbox 280 740 1863 815">
     <span class='ocr_line' id='line_1_7' title="bbox 280 740 1863 815; baseline 0.003 -21"><span class='ocrx_word' id='word_1_30' title='bbox 280 742 546 796; x_wconf 80' lang='grc' dir='ltr'>δουλείαν.</span> <span class='ocrx_word' id='word_1_31' title='bbox 590 744 687 806; x_wconf 79' lang='grc' dir='ltr'><strong>Τίς</strong></span> <span class='ocrx_word' id='word_1_32' title='bbox 724 740 869 813; x_wconf 80' lang='grc' dir='ltr'>οῦνή</span> <span class='ocrx_word' id='word_1_33' title='bbox 900 745 1261 815; x_wconf 85' lang='grc' dir='ltr'>παραίτησις;</span> <span class='ocrx_word' id='word_1_34' title='bbox 1306 746 1548 815; x_wconf 78' lang='grc' dir='ltr'><strong>πτωχεία</strong></span> <span class='ocrx_word' id='word_1_35' title='bbox 1590 763 1693 799; x_wconf 87' lang='grc' dir='ltr'><strong>που</strong></span> <span class='ocrx_word' id='word_1_36' title='bbox 1733 747 1863 800; x_wconf 84' lang='grc' dir='ltr'>πάν-</span> 
     </span>
    </p>
   </div>
   <div class='ocr_carea' id='block_1_8' title="bbox 278 834 1859 908">
    <p class='ocr_par' dir='ltr' id='par_1_8' title="bbox 278 834 1859 908">
     <span class='ocr_line' id='line_1_8' title="bbox 278 834 1859 908; baseline 0.003 -24"><span class='ocrx_word' id='word_1_37' title='bbox 278 850 411 894; x_wconf 78' lang='grc' dir='ltr'>τως.</span> <span class='ocrx_word' id='word_1_38' title='bbox 430 834 561 904; x_wconf 86' lang='grc' dir='ltr'>Ερεῖ</span> <span class='ocrx_word' id='word_1_39' title='bbox 574 835 702 906; x_wconf 85' lang='grc' dir='ltr'>γὰρ,</span> <span class='ocrx_word' id='word_1_40' title='bbox 728 835 912 905; x_wconf 79' lang='grc' dir='ltr'>φησὶν,</span> <span class='ocrx_word' id='word_1_41' title='bbox 932 836 1046 889; x_wconf 83' lang='grc' dir='ltr'>Οὐκ</span> <span class='ocrx_word' id='word_1_42' title='bbox 1070 834 1215 889; x_wconf 78' lang='grc' dir='ltr'>ἔστιν</span> <span class='ocrx_word' id='word_1_43' title='bbox 1236 838 1291 889; x_wconf 79' lang='grc' dir='ltr'><strong>ἐν</strong></span> <span class='ocrx_word' id='word_1_44' title='bbox 1307 836 1385 907; x_wconf 82' lang='grc' dir='ltr'>τῷ</span> <span class='ocrx_word' id='word_1_45' title='bbox 1401 837 1533 907; x_wconf 71' lang='grc' dir='ltr'>οἴκῳ</span> <span class='ocrx_word' id='word_1_46' title='bbox 1557 854 1658 907; x_wconf 90' lang='grc' dir='ltr'><strong>μου</strong></span> <span class='ocrx_word' id='word_1_47' title='bbox 1676 837 1859 908; x_wconf 76' lang='grc' dir='ltr'>ἄρτος,</span> 
     </span>
    </p>
   </div>
   <div class='ocr_carea' id='block_1_9' title="bbox 280 923 1857 997">
    <p class='ocr_par' dir='ltr' id='par_1_9' title="bbox 280 923 1857 997">
     <span class='ocr_line' id='line_1_9' title="bbox 280 923 1857 997; baseline 0.005 -23"><span class='ocrx_word' id='word_1_48' title='bbox 280 923 401 975; x_wconf 70' lang='grc' dir='ltr'>οὐδὲ</span> <span class='ocrx_word' id='word_1_49' title='bbox 440 925 676 994; x_wconf 77' lang='grc' dir='ltr'>ἱμάτιον,</span> <span class='ocrx_word' id='word_1_50' title='bbox 715 928 816 979; x_wconf 84' lang='grc' dir='ltr'>οὐκ</span> <span class='ocrx_word' id='word_1_51' title='bbox 849 926 1042 997; x_wconf 76' lang='grc' dir='ltr'>ἔσομαι</span> <span class='ocrx_word' id='word_1_52' title='bbox 1075 927 1315 997; x_wconf 85' lang='grc' dir='ltr'>ἀρχηγὸς</span> <span class='ocrx_word' id='word_1_53' title='bbox 1349 928 1444 981; x_wconf 87' lang='grc' dir='ltr'><strong>τοῦ</strong></span> <span class='ocrx_word' id='word_1_54' title='bbox 1478 927 1608 981; x_wconf 82' lang='grc' dir='ltr'>λαοῦ</span> <span class='ocrx_word' id='word_1_55' title='bbox 1644 928 1857 982; x_wconf 83' lang='grc' dir='ltr'>τούτου.</span> 
     </span>
    </p>
   </div>
   <div class='ocr_carea' id='block_1_10' title="bbox 293 1015 1863 1088">
    <p class='ocr_par' dir='ltr' id='par_1_10' title="bbox 293 1015 1863 1088">
     <span class='ocr_line' id='line_1_10' title="bbox 293 1015 1863 1088; baseline 0.004 -23"><span class='ocrx_word' id='word_1_56' title='bbox 293 1015 460 1085; x_wconf 77' lang='grc' dir='ltr'>Ὁρᾷς</span> <span class='ocrx_word' id='word_1_57' title='bbox 497 1016 559 1069; x_wconf 83' lang='grc' dir='ltr'>τὸ</span> <span class='ocrx_word' id='word_1_58' title='bbox 600 1018 800 1080; x_wconf 82' lang='grc' dir='ltr'>παντὸς</span> <span class='ocrx_word' id='word_1_59' title='bbox 838 1017 1005 1071; x_wconf 84' lang='grc' dir='ltr'>πάλαι</span> <span class='ocrx_word' id='word_1_60' title='bbox 1040 1017 1171 1088; x_wconf 79' lang='grc' dir='ltr'>παρ’</span> <span class='ocrx_word' id='word_1_61' title='bbox 1204 1018 1389 1081; x_wconf 81' lang='grc' dir='ltr'>αὐτοῖς</span> <span class='ocrx_word' id='word_1_62' title='bbox 1416 1019 1565 1085; x_wconf 80' lang='grc' dir='ltr'>ἄξιον</span> <span class='ocrx_word' id='word_1_63' title='bbox 1592 1018 1771 1088; x_wconf 87' lang='grc' dir='ltr'>λόγου,</span> <span class='ocrx_word' id='word_1_64' title='bbox 1802 1018 1863 1072; x_wconf 87' lang='grc' dir='ltr'>τὸ</span> 
     </span>
    </p>
   </div>
   <div class='ocr_carea' id='block_1_11' title="bbox 284 1105 1863 1181">
    <p class='ocr_par' dir='ltr' id='par_1_11' title="bbox 284 1105 1863 1181">
     <span class='ocr_line' id='line_1_11' title="bbox 284 1105 1863 1181; baseline 0.003 -23"><span class='ocrx_word' id='word_1_65' title='bbox 284 1105 645 1176; x_wconf 79' lang='grc' dir='ltr'><strong>καθηγεῖσθαι</strong></span> <span class='ocrx_word' id='word_1_66' title='bbox 688 1125 831 1179; x_wconf 79' lang='grc' dir='ltr'>φημι</span> <span class='ocrx_word' id='word_1_67' title='bbox 882 1110 942 1163; x_wconf 84' lang='grc' dir='ltr'><strong>τὸ</strong></span> <span class='ocrx_word' id='word_1_68' title='bbox 985 1112 1219 1175; x_wconf 83' lang='grc' dir='ltr'>πολλοῖς.</span> <span class='ocrx_word' id='word_1_69' title='bbox 1247 1111 1401 1164; x_wconf 85' lang='grc' dir='ltr'>Ἕσθ’</span> <span class='ocrx_word' id='word_1_70' title='bbox 1423 1112 1511 1165; x_wconf 81' lang='grc' dir='ltr'>ὅτε</span> <span class='ocrx_word' id='word_1_71' title='bbox 1558 1113 1863 1181; x_wconf 70' lang='grc' dir='ltr'><strong>τεχνήμασι</strong></span> 
     </span>
    </p>
   </div>
   <div class='ocr_carea' id='block_1_12' title="bbox 284 1197 1862 1273">
    <p class='ocr_par' dir='ltr' id='par_1_12' title="bbox 284 1197 1862 1273">
     <span class='ocr_line' id='line_1_12' title="bbox 284 1197 1862 1273; baseline 0.003 -23"><span class='ocrx_word' id='word_1_72' title='bbox 284 1197 637 1269; x_wconf 79' lang='grc' dir='ltr'>ζητούμενον,</span> <span class='ocrx_word' id='word_1_73' title='bbox 672 1202 767 1253; x_wconf 79' lang='grc' dir='ltr'><strong>καὶ</strong></span> <span class='ocrx_word' id='word_1_74' title='bbox 806 1202 1171 1271; x_wconf 83' lang='grc' dir='ltr'>προσγεγονδς</span> <span class='ocrx_word' id='word_1_75' title='bbox 1210 1201 1431 1271; x_wconf 75' lang='grc' dir='ltr'><strong>ὀλίγοις,</strong></span> <span class='ocrx_word' id='word_1_76' title='bbox 1478 1202 1862 1273; x_wconf 77' lang='grc' dir='ltr'><strong>προσκείσεται</strong></span> 
     </span>
    </p>
   </div>
   <div class='ocr_carea' id='block_1_13' title="bbox 288 1290 1863 1365">
    <p class='ocr_par' dir='ltr' id='par_1_13' title="bbox 288 1290 1863 1365">
     <span class='ocr_line' id='line_1_13' title="bbox 288 1290 1863 1365; baseline 0.001 -22"><span class='ocrx_word' id='word_1_77' title='bbox 288 1290 390 1359; x_wconf 75' lang='grc' dir='ltr'>μὲν</span> <span class='ocrx_word' id='word_1_78' title='bbox 413 1295 525 1354; x_wconf 67' lang='lat' dir='ltr'><strong>toi;</strong></span> <span class='ocrx_word' id='word_1_79' title='bbox 555 1291 817 1349; x_wconf 78' lang='grc' dir='ltr'>θέλουσιν.</span> <span class='ocrx_word' id='word_1_80' title='bbox 855 1294 1070 1365; x_wconf 81' lang='grc' dir='ltr'><strong>Ἐπειδὴ</strong></span> <span class='ocrx_word' id='word_1_81' title='bbox 1105 1293 1162 1347; x_wconf 86' lang='grc' dir='ltr'>δὲ</span> <span class='ocrx_word' id='word_1_82' title='bbox 1202 1294 1260 1348; x_wconf 83' lang='grc' dir='ltr'>ὲν</span> <span class='ocrx_word' id='word_1_83' title='bbox 1283 1294 1428 1365; x_wconf 76' lang='grc' dir='ltr'>δεινῇ</span> <span class='ocrx_word' id='word_1_84' title='bbox 1463 1294 1559 1346; x_wconf 66' lang='grc' dir='ltr'><strong>κα)⁸</strong></span> <span class='ocrx_word' id='word_1_85' title='bbox 1595 1294 1863 1365; x_wconf 76' lang='grc' dir='ltr'><strong>ἀπράκτῳ</strong></span> 
     </span>
    </p>
   </div>
   <div class='ocr_carea' id='block_1_14' title="bbox 284 1380 1862 1454">
    <p class='ocr_par' dir='ltr' id='par_1_14' title="bbox 284 1380 1862 1454">
     <span class='ocr_line' id='line_1_14' title="bbox 284 1380 1862 1454; baseline 0.001 -22"><span class='ocrx_word' id='word_1_86' title='bbox 284 1381 533 1451; x_wconf 75' lang='grc' dir='ltr'>πτωχείᾳ</span> <span class='ocrx_word' id='word_1_87' title='bbox 559 1381 628 1434; x_wconf 80' lang='grc' dir='ltr'>τὰ</span> <span class='ocrx_word' id='word_1_88' title='bbox 663 1381 882 1435; x_wconf 82' lang='grc' dir='ltr'>πάντων</span> <span class='ocrx_word' id='word_1_89' title='bbox 911 1382 1052 1445; x_wconf 76' lang='grc' dir='ltr'>ἐστὶ,</span> <span class='ocrx_word' id='word_1_90' title='bbox 1083 1384 1180 1435; x_wconf 78' lang='grc' dir='ltr'><strong>καὶ</strong></span> <span class='ocrx_word' id='word_1_91' title='bbox 1222 1380 1371 1452; x_wconf 81' lang='grc' dir='ltr'>αὐτῷ</span> <span class='ocrx_word' id='word_1_92' title='bbox 1401 1384 1689 1454; x_wconf 84' lang='grc' dir='ltr'>γενήσεται</span> <span class='ocrx_word' id='word_1_93' title='bbox 1727 1399 1862 1450; x_wconf 82' lang='grc' dir='ltr'>φευ-</span> 
     </span>
    </p>
   </div>
   <div class='ocr_carea' id='block_1_15' title="bbox 285 1470 1864 1545">
    <p class='ocr_par' dir='ltr' id='par_1_15' title="bbox 285 1470 1864 1545">
     <span class='ocr_line' id='line_1_15' title="bbox 285 1470 1864 1545; baseline 0.002 -23"><span class='ocrx_word' id='word_1_94' title='bbox 285 1470 437 1524; x_wconf 87' lang='grc' dir='ltr'>κτόν.</span> <span class='ocrx_word' id='word_1_95' title='bbox 477 1472 695 1525; x_wconf 86' lang='grc' dir='ltr'>Ἐνεστι</span> <span class='ocrx_word' id='word_1_96' title='bbox 721 1473 897 1526; x_wconf 81' lang='grc' dir='ltr'>τοίνυν</span> <span class='ocrx_word' id='word_1_97' title='bbox 930 1474 991 1538; x_wconf 76' lang='grc' dir='ltr'><strong>ἐξ</strong></span> <span class='ocrx_word' id='word_1_98' title='bbox 1019 1474 1199 1528; x_wconf 82' lang='grc' dir='ltr'>αὐτῶν</span> <span class='ocrx_word' id='word_1_99' title='bbox 1230 1475 1363 1545; x_wconf 80' lang='grc' dir='ltr'>ἡμῖν</span> <span class='ocrx_word' id='word_1_100' title='bbox 1387 1474 1496 1527; x_wconf 87' lang='grc' dir='ltr'><strong>τῶν</strong></span> <span class='ocrx_word' id='word_1_101' title='bbox 1522 1474 1864 1543; x_wconf 81' lang='grc' dir='ltr'>πραγμάτων</span> 
     </span>
    </p>
   </div>
   <div class='ocr_carea' id='block_1_16' title="bbox 289 1561 1858 1637">
    <p class='ocr_par' dir='ltr' id='par_1_16' title="bbox 289 1561 1858 1637">
     <span class='ocr_line' id='line_1_16' title="bbox 289 1561 1858 1637; baseline 0.004 -24"><span class='ocrx_word' id='word_1_102' title='bbox 289 1561 440 1625; x_wconf 78' lang='grc' dir='ltr'>ἰδεῖν,</span> <span class='ocrx_word' id='word_1_103' title='bbox 460 1562 518 1627; x_wconf 85' lang='grc' dir='ltr'><strong>ὲξ</strong></span> <span class='ocrx_word' id='word_1_104' title='bbox 537 1563 664 1616; x_wconf 75' lang='grc' dir='ltr'>οἵων</span> <span class='ocrx_word' id='word_1_105' title='bbox 689 1565 768 1627; x_wconf 84' lang='grc' dir='ltr'><strong>είς</strong></span> <span class='ocrx_word' id='word_1_106' title='bbox 783 1562 872 1618; x_wconf 75' lang='grc' dir='ltr'>οἶα</span> <span class='ocrx_word' id='word_1_107' title='bbox 893 1565 1319 1637; x_wconf 83' lang='grc' dir='ltr'>μετακεχώρηκε</span> <span class='ocrx_word' id='word_1_108' title='bbox 1340 1566 1410 1620; x_wconf 81' lang='grc' dir='ltr'>τὰ</span> <span class='ocrx_word' id='word_1_109' title='bbox 1430 1564 1538 1618; x_wconf 79' lang='grc' dir='ltr'>τῶν</span> <span class='ocrx_word' id='word_1_110' title='bbox 1570 1566 1858 1619; x_wconf 73' lang='grc' dir='ltr'><strong>Ἰουδαίων.</strong></span> 
     </span>
    </p>
   </div>
   <div class='ocr_carea' id='block_1_17' title="bbox 288 1653 1865 1728">
    <p class='ocr_par' dir='ltr' id='par_1_17' title="bbox 288 1653 1865 1728">
     <span class='ocr_line' id='line_1_17' title="bbox 288 1653 1865 1728; baseline 0.002 -24"><span class='ocrx_word' id='word_1_111' title='bbox 288 1653 773 1724; x_wconf 82' lang='grc' dir='ltr'>Προσκεκρούκασι</span> <span class='ocrx_word' id='word_1_112' title='bbox 796 1655 903 1727; x_wconf 72' lang='grc' dir='ltr'>γὰρ</span> <span class='ocrx_word' id='word_1_113' title='bbox 920 1657 970 1709; x_wconf 80' lang='grc' dir='ltr'>οἱ</span> <span class='ocrx_word' id='word_1_114' title='bbox 989 1657 1214 1719; x_wconf 82' lang='grc' dir='ltr'>τάλανες</span> <span class='ocrx_word' id='word_1_115' title='bbox 1231 1656 1312 1728; x_wconf 81' lang='grc' dir='ltr'>τῷ</span> <span class='ocrx_word' id='word_1_116' title='bbox 1332 1655 1665 1727; x_wconf 85' lang='grc' dir='ltr'>Χριστῷ,τῴ</span> <span class='ocrx_word' id='word_1_117' title='bbox 1685 1656 1865 1709; x_wconf 82' lang='grc' dir='ltr'>πάντα</span> 
     </span>
    </p>
   </div>
   <div class='ocr_carea' id='block_1_18' title="bbox 286 1746 1859 1819">
    <p class='ocr_par' dir='ltr' id='par_1_18' title="bbox 286 1746 1859 1819">
     <span class='ocr_line' id='line_1_18' title="bbox 286 1746 1859 1819; baseline 0.003 -21"><span class='ocrx_word' id='word_1_118' title='bbox 286 1748 425 1815; x_wconf 82' lang='grc' dir='ltr'>ἡμῖν</span> <span class='ocrx_word' id='word_1_119' title='bbox 450 1746 717 1812; x_wconf 81' lang='grc' dir='ltr'><strong>πλουσίως</strong></span> <span class='ocrx_word' id='word_1_120' title='bbox 743 1748 1045 1819; x_wconf 79' lang='grc' dir='ltr'>διανέμοντι</span> <span class='ocrx_word' id='word_1_121' title='bbox 1072 1750 1141 1804; x_wconf 81' lang='grc' dir='ltr'>τὰ</span> <span class='ocrx_word' id='word_1_122' title='bbox 1165 1750 1363 1819; x_wconf 82' lang='grc' dir='ltr'>ἀγαθὰ,</span> <span class='ocrx_word' id='word_1_123' title='bbox 1386 1749 1481 1803; x_wconf 77' lang='grc' dir='ltr'>καὶ</span> <span class='ocrx_word' id='word_1_124' title='bbox 1510 1748 1859 1818; x_wconf 83' lang='grc' dir='ltr'>στεφανοῦντι</span> 
     </span>
    </p>
   </div>
   <div class='ocr_carea' id='block_1_19' title="bbox 1964 655 3529 729">
    <p class='ocr_par' dir='ltr' id='par_1_19' title="bbox 1964 655 3529 729">
     <span class='ocr_line' id='line_1_19' title="bbox 1964 655 3529 729; baseline 0.005 -20"><span class='ocrx_word' id='word_1_125' title='bbox 1964 655 2124 709; x_wconf 89' lang='lat' dir='ltr'><strong>domo</strong></span> <span class='ocrx_word' id='word_1_126' title='bbox 2150 668 2267 708; x_wconf 86' lang='lat' dir='ltr'><strong>mea</strong></span> <span class='ocrx_word' id='word_1_127' title='bbox 2297 655 2471 723; x_wconf 86' lang='lat' dir='ltr'><strong>panis,</strong></span> <span class='ocrx_word' id='word_1_128' title='bbox 2499 668 2669 721; x_wconf 86' lang='lat' dir='ltr'><strong>neque</strong></span> <span class='ocrx_word' id='word_1_129' title='bbox 2701 655 3097 723; x_wconf 76' lang='lat' dir='ltr'><strong>vestimentum,</strong></span> <span class='ocrx_word' id='word_1_130' title='bbox 3124 673 3227 712; x_wconf 89' lang='lat' dir='ltr'><strong>non</strong></span> <span class='ocrx_word' id='word_1_131' title='bbox 3258 675 3351 715; x_wconf 88' lang='lat' dir='ltr'><strong>ero</strong></span> <span class='ocrx_word' id='word_1_132' title='bbox 3380 662 3529 729; x_wconf 88' lang='lat' dir='ltr'><strong>prin-</strong></span> 
     </span>
    </p>
   </div>
   <div class='ocr_carea' id='block_1_20' title="bbox 1964 738 3527 818">
    <p class='ocr_par' dir='ltr' id='par_1_20' title="bbox 1964 738 3527 818">
     <span class='ocr_line' id='line_1_20' title="bbox 1964 738 3527 818; baseline 0.008 -25"><span class='ocrx_word' id='word_1_133' title='bbox 1964 753 2092 809; x_wconf 89' lang='lat' dir='ltr'><strong>ceps</strong></span> <span class='ocrx_word' id='word_1_134' title='bbox 2128 739 2304 810; x_wconf 88' lang='lat' dir='ltr'><strong>populi</strong></span> <span class='ocrx_word' id='word_1_135' title='bbox 2344 740 2520 808; x_wconf 89' lang='lat' dir='ltr'><strong>hujus.</strong></span> <span class='ocrx_word' id='word_1_136' title='bbox 2549 738 2657 810; x_wconf 84' lang='lat'><strong>59</strong></span> <span class='ocrx_word' id='word_1_137' title='bbox 2692 739 2851 799; x_wconf 84' lang='lat' dir='ltr'><strong>Vides</strong></span> <span class='ocrx_word' id='word_1_138' title='bbox 2878 757 2984 812; x_wconf 91' lang='lat' dir='ltr'><strong>quo</strong></span> <span class='ocrx_word' id='word_1_139' title='bbox 3008 754 3199 815; x_wconf 90' lang='lat' dir='ltr'><strong>pacto,</strong></span> <span class='ocrx_word' id='word_1_140' title='bbox 3231 751 3373 818; x_wconf 88' lang='lat' dir='ltr'><strong>quod</strong></span> <span class='ocrx_word' id='word_1_141' title='bbox 3399 750 3527 805; x_wconf 91' lang='lat' dir='ltr'><strong>olim</strong></span> 
     </span>
    </p>
   </div>
   <div class='ocr_carea' id='block_1_21' title="bbox 1963 829 3527 910">
    <p class='ocr_par' dir='ltr' id='par_1_21' title="bbox 1963 829 3527 910">
     <span class='ocr_line' id='line_1_21' title="bbox 1963 829 3527 910; baseline 0.008 -27"><span class='ocrx_word' id='word_1_142' title='bbox 1963 830 2100 898; x_wconf 89' lang='lat' dir='ltr'><strong>apud</strong></span> <span class='ocrx_word' id='word_1_143' title='bbox 2142 844 2236 885; x_wconf 90' lang='lat' dir='ltr'><strong>eos</strong></span> <span class='ocrx_word' id='word_1_144' title='bbox 2278 829 2332 883; x_wconf 90' lang='lat' dir='ltr'><strong>in</strong></span> <span class='ocrx_word' id='word_1_145' title='bbox 2375 846 2585 885; x_wconf 90' lang='lat' dir='ltr'><strong>summo</strong></span> <span class='ocrx_word' id='word_1_146' title='bbox 2623 830 2723 886; x_wconf 80' lang='lat' dir='ltr'><strong>fuit</strong></span> <span class='ocrx_word' id='word_1_147' title='bbox 2767 833 2973 902; x_wconf 86' lang='lat' dir='ltr'><strong>pretio,</strong></span> <span class='ocrx_word' id='word_1_148' title='bbox 3010 848 3240 904; x_wconf 66' lang='lat' dir='ltr'><strong>praeesse</strong></span> <span class='ocrx_word' id='word_1_149' title='bbox 3275 839 3527 910; x_wconf 88' lang='lat' dir='ltr'><strong>inquam,</strong></span> 
     </span>
    </p>
   </div>
   <div class='ocr_carea' id='block_1_22' title="bbox 1964 920 3533 997">
    <p class='ocr_par' dir='ltr' id='par_1_22' title="bbox 1964 920 3533 997">
     <span class='ocr_line' id='line_1_22' title="bbox 1964 920 3533 997; baseline 0.008 -23"><span class='ocrx_word' id='word_1_150' title='bbox 1964 920 2105 989; x_wconf 90' lang='lat' dir='ltr'><strong>quod</strong></span> <span class='ocrx_word' id='word_1_151' title='bbox 2157 921 2339 975; x_wconf 87' lang='lat' dir='ltr'><strong>multis</strong></span> <span class='ocrx_word' id='word_1_152' title='bbox 2387 922 2674 990; x_wconf 76' lang='lat' dir='ltr'><strong>aliquando</strong></span> <span class='ocrx_word' id='word_1_153' title='bbox 2729 924 2936 980; x_wconf 88' lang='lat' dir='ltr'><strong>artibus</strong></span> <span class='ocrx_word' id='word_1_154' title='bbox 2982 928 3264 996; x_wconf 71' lang='lat' dir='ltr'><strong>quresitum</strong></span> <span class='ocrx_word' id='word_1_155' title='bbox 3316 941 3433 997; x_wconf 89' lang='lat' dir='ltr'><strong>est,</strong></span> <span class='ocrx_word' id='word_1_156' title='bbox 3478 943 3533 987; x_wconf 86' lang='lat' dir='ltr'><strong>et</strong></span> 
     </span>
    </p>
   </div>
   <div class='ocr_carea' id='block_1_23' title="bbox 1965 1011 3530 1089">
    <p class='ocr_par' dir='ltr' id='par_1_23' title="bbox 1965 1011 3530 1089">
     <span class='ocr_line' id='line_1_23' title="bbox 1965 1011 3530 1089; baseline 0.007 -26"><span class='ocrx_word' id='word_1_157' title='bbox 1965 1011 2152 1080; x_wconf 88' lang='lat' dir='ltr'><strong>paucis</strong></span> <span class='ocrx_word' id='word_1_158' title='bbox 2187 1011 2469 1079; x_wconf 89' lang='lat' dir='ltr'><strong>obtigerit,</strong></span> <span class='ocrx_word' id='word_1_159' title='bbox 2506 1011 2774 1067; x_wconf 89' lang='lat' dir='ltr'><strong>tribuetur</strong></span> <span class='ocrx_word' id='word_1_160' title='bbox 2804 1013 3133 1071; x_wconf 78' lang='lat' dir='ltr'><strong>volentibus.</strong></span> <span class='ocrx_word' id='word_1_161' title='bbox 3169 1016 3275 1072; x_wconf 89' lang='lat' dir='ltr'><strong>Sed</strong></span> <span class='ocrx_word' id='word_1_162' title='bbox 3316 1021 3441 1089; x_wconf 85' lang='lat' dir='ltr'><strong>quia</strong></span> <span class='ocrx_word' id='word_1_163' title='bbox 3476 1020 3530 1074; x_wconf 91' lang='lat' dir='ltr'><strong>in</strong></span> 
     </span>
    </p>
   </div>
   <div class='ocr_carea' id='block_1_24' title="bbox 1965 1103 3534 1181">
    <p class='ocr_par' dir='ltr' id='par_1_24' title="bbox 1965 1103 3534 1181">
     <span class='ocr_line' id='line_1_24' title="bbox 1965 1103 3534 1181; baseline 0.006 -25"><span class='ocrx_word' id='word_1_164' title='bbox 1965 1103 2114 1173; x_wconf 75' lang='lat' dir='ltr'><strong>gravi</strong></span> <span class='ocrx_word' id='word_1_165' title='bbox 2180 1104 2447 1173; x_wconf 83' lang='lat' dir='ltr'><strong>inertique</strong></span> <span class='ocrx_word' id='word_1_166' title='bbox 2499 1105 2850 1162; x_wconf 84' lang='lat' dir='ltr'><strong>mendicitate</strong></span> <span class='ocrx_word' id='word_1_167' title='bbox 2903 1123 2990 1164; x_wconf 91' lang='lat' dir='ltr'><strong>res</strong></span> <span class='ocrx_word' id='word_1_168' title='bbox 3043 1111 3282 1166; x_wconf 90' lang='lat' dir='ltr'><strong>omnium</strong></span> <span class='ocrx_word' id='word_1_169' title='bbox 3343 1113 3534 1181; x_wconf 69' lang='lat' dir='ltr'><strong>positae</strong></span> 
     </span>
    </p>
   </div>
   <div class='ocr_carea' id='block_1_25' title="bbox 1965 1194 3535 1274">
    <p class='ocr_par' dir='ltr' id='par_1_25' title="bbox 1965 1194 3535 1274">
     <span class='ocr_line' id='line_1_25' title="bbox 1965 1194 3535 1274; baseline 0.004 -25"><span class='ocrx_word' id='word_1_170' title='bbox 1965 1204 2108 1262; x_wconf 89' lang='lat' dir='ltr'><strong>sunt,</strong></span> <span class='ocrx_word' id='word_1_171' title='bbox 2137 1194 2302 1250; x_wconf 89' lang='lat' dir='ltr'><strong>etiam</strong></span> <span class='ocrx_word' id='word_1_172' title='bbox 2333 1196 2447 1250; x_wconf 69' lang='lat' dir='ltr'><strong>haec</strong></span> <span class='ocrx_word' id='word_1_173' title='bbox 2480 1211 2568 1252; x_wconf 91' lang='lat' dir='ltr'><strong>res</strong></span> <span class='ocrx_word' id='word_1_174' title='bbox 2600 1196 2849 1268; x_wconf 78' lang='lat' dir='ltr'><strong>fugienda</strong></span> <span class='ocrx_word' id='word_1_175' title='bbox 2872 1200 3162 1257; x_wconf 81' lang='lat' dir='ltr'><strong>videbitur.</strong></span> <span class='ocrx_word' id='word_1_176' title='bbox 3190 1202 3340 1259; x_wconf 92' lang='lat' dir='ltr'><strong>Licet</strong></span> <span class='ocrx_word' id='word_1_177' title='bbox 3373 1205 3535 1274; x_wconf 82' lang='lat' dir='ltr'><strong>igitur</strong></span> 
     </span>
    </p>
   </div>
   <div class='ocr_carea' id='block_1_26' title="bbox 1964 1287 3531 1364">
    <p class='ocr_par' dir='ltr' id='par_1_26' title="bbox 1964 1287 3531 1364">
     <span class='ocr_line' id='line_1_26' title="bbox 1964 1287 3531 1364; baseline 0.004 -21"><span class='ocrx_word' id='word_1_178' title='bbox 1964 1301 2031 1343; x_wconf 79' lang='lat' dir='ltr'><strong>ex</strong></span> <span class='ocrx_word' id='word_1_179' title='bbox 2060 1287 2221 1343; x_wconf 84' lang='lat' dir='ltr'><strong>rebus</strong></span> <span class='ocrx_word' id='word_1_180' title='bbox 2250 1287 2382 1357; x_wconf 89' lang='lat' dir='ltr'><strong>ipsis</strong></span> <span class='ocrx_word' id='word_1_181' title='bbox 2408 1290 2736 1359; x_wconf 89' lang='lat' dir='ltr'><strong>perspicere,</strong></span> <span class='ocrx_word' id='word_1_182' title='bbox 2759 1306 2825 1347; x_wconf 81' lang='lat' dir='ltr'><strong>ex</strong></span> <span class='ocrx_word' id='word_1_183' title='bbox 2854 1306 2959 1363; x_wconf 88' lang='lat' dir='ltr'><strong>qua</strong></span> <span class='ocrx_word' id='word_1_184' title='bbox 2986 1302 3039 1349; x_wconf 90' lang='lat' dir='ltr'><strong>et</strong></span> <span class='ocrx_word' id='word_1_185' title='bbox 3060 1295 3205 1364; x_wconf 85' lang='lat' dir='ltr'><strong>quali</strong></span> <span class='ocrx_word' id='word_1_186' title='bbox 3236 1293 3449 1351; x_wconf 78' lang='lat' dir='ltr'><strong>fortuna</strong></span> <span class='ocrx_word' id='word_1_187' title='bbox 3478 1298 3531 1350; x_wconf 91' lang='lat' dir='ltr'><strong>in</strong></span> 
     </span>
    </p>
   </div>
   <div class='ocr_carea' id='block_1_27' title="bbox 1967 1379 3529 1447">
    <p class='ocr_par' dir='ltr' id='par_1_27' title="bbox 1967 1379 3529 1447">
     <span class='ocr_line' id='line_1_27' title="bbox 1967 1379 3529 1447; baseline 0.004 -15"><span class='ocrx_word' id='word_1_188' title='bbox 1967 1393 2129 1447; x_wconf 84' lang='lat' dir='ltr'><strong>quam</strong></span> <span class='ocrx_word' id='word_1_189' title='bbox 2170 1379 2422 1435; x_wconf 83' lang='lat' dir='ltr'><strong>miseram</strong></span> <span class='ocrx_word' id='word_1_190' title='bbox 2466 1382 2830 1438; x_wconf 85' lang='lat' dir='ltr'><strong>conditionem</strong></span> <span class='ocrx_word' id='word_1_191' title='bbox 2874 1384 3034 1440; x_wconf 87' lang='lat' dir='ltr'><strong>ierint</strong></span> <span class='ocrx_word' id='word_1_192' title='bbox 3076 1401 3165 1443; x_wconf 89' lang='lat' dir='ltr'><strong>res</strong></span> <span class='ocrx_word' id='word_1_193' title='bbox 3202 1385 3529 1444; x_wconf 69' lang='lat' dir='ltr'><strong>Judaeormu.</strong></span> 
     </span>
    </p>
   </div>
   <div class='ocr_carea' id='block_1_28' title="bbox 1967 1469 3535 1550">
    <p class='ocr_par' dir='ltr' id='par_1_28' title="bbox 1967 1469 3535 1550">
     <span class='ocr_line' id='line_1_28' title="bbox 1967 1469 3535 1550; baseline 0.004 -23"><span class='ocrx_word' id='word_1_194' title='bbox 1967 1469 2320 1527; x_wconf 79' lang='lat' dir='ltr'><strong>Oﬂ‘enderunt</strong></span> <span class='ocrx_word' id='word_1_195' title='bbox 2358 1487 2591 1543; x_wconf 87' lang='lat' dir='ltr'><strong>namque</strong></span> <span class='ocrx_word' id='word_1_196' title='bbox 2640 1474 2823 1530; x_wconf 90' lang='lat' dir='ltr'><strong>miseri</strong></span> <span class='ocrx_word' id='word_1_197' title='bbox 2867 1476 3175 1545; x_wconf 85' lang='lat' dir='ltr'><strong>Christum,</strong></span> <span class='ocrx_word' id='word_1_198' title='bbox 3220 1480 3310 1550; x_wconf 89' lang='lat' dir='ltr'><strong>qui</strong></span> <span class='ocrx_word' id='word_1_199' title='bbox 3356 1481 3535 1536; x_wconf 79' lang='lat' dir='ltr'><strong>omnia</strong></span> 
     </span>
    </p>
   </div>
   <div class='ocr_carea' id='block_1_29' title="bbox 1969 1563 3537 1640">
    <p class='ocr_par' dir='ltr' id='par_1_29' title="bbox 1969 1563 3537 1640">
     <span class='ocr_line' id='line_1_29' title="bbox 1969 1563 3537 1640; baseline 0.003 -22"><span class='ocrx_word' id='word_1_200' title='bbox 1969 1564 2125 1619; x_wconf 88' lang='lat' dir='ltr'><strong>nobis</strong></span> <span class='ocrx_word' id='word_1_201' title='bbox 2154 1564 2294 1620; x_wconf 86' lang='lat' dir='ltr'><strong>bona</strong></span> <span class='ocrx_word' id='word_1_202' title='bbox 2330 1564 2608 1633; x_wconf 89' lang='lat' dir='ltr'><strong>opulenter</strong></span> <span class='ocrx_word' id='word_1_203' title='bbox 2636 1565 2941 1635; x_wconf 86' lang='lat' dir='ltr'><strong>distribuit,</strong></span> <span class='ocrx_word' id='word_1_204' title='bbox 2975 1568 3069 1640; x_wconf 89' lang='lat' dir='ltr'><strong>qui</strong></span> <span class='ocrx_word' id='word_1_205' title='bbox 3109 1569 3278 1640; x_wconf 79' lang='lat' dir='ltr'><strong>gloria</strong></span> <span class='ocrx_word' id='word_1_206' title='bbox 3314 1563 3537 1626; x_wconf 76' lang='lat' dir='ltr'><strong>coronat</strong></span> 
     </span>
    </p>
   </div>
   <div class='ocr_carea' id='block_1_30' title="bbox 1967 1654 3534 1730">
    <p class='ocr_par' dir='ltr' id='par_1_30' title="bbox 1967 1654 3534 1730">
     <span class='ocr_line' id='line_1_30' title="bbox 1967 1654 3534 1730; baseline 0.004 -18"><span class='ocrx_word' id='word_1_207' title='bbox 1967 1659 2250 1726; x_wconf 80' lang='lat' dir='ltr'><strong>diligentes</strong></span> <span class='ocrx_word' id='word_1_208' title='bbox 2274 1673 2354 1726; x_wconf 91' lang='lat' dir='ltr'><strong>se,</strong></span> <span class='ocrx_word' id='word_1_209' title='bbox 2372 1659 2464 1727; x_wconf 90' lang='lat' dir='ltr'><strong>qui</strong></span> <span class='ocrx_word' id='word_1_210' title='bbox 2491 1658 2646 1715; x_wconf 87' lang='lat' dir='ltr'><strong>donis</strong></span> <span class='ocrx_word' id='word_1_211' title='bbox 2673 1654 3045 1730; x_wconf 76' lang='lat' dir='ltr'><strong>spiritualibus</strong></span> <span class='ocrx_word' id='word_1_212' title='bbox 3069 1673 3292 1719; x_wconf 72' lang='lat' dir='ltr'><strong>auorum</strong></span> <span class='ocrx_word' id='word_1_213' title='bbox 3324 1664 3534 1719; x_wconf 87' lang='lat' dir='ltr'><strong>animas</strong></span> 
     </span>
    </p>
   </div>
   <div class='ocr_carea' id='block_1_31' title="bbox 1960 1749 2273 1820">
    <p class='ocr_par' dir='ltr' id='par_1_31' title="bbox 1960 1749 2273 1820">
     <span class='ocr_line' id='line_1_31' title="bbox 1960 1749 2273 1820; baseline 0 -17"><span class='ocrx_word' id='word_1_214' title='bbox 1960 1749 2273 1820; x_wconf 86' lang='lat' dir='ltr'><strong>locupletat.</strong></span> 
     </span>
    </p>
   </div>
   <div class='ocr_carea' id='block_1_32' title="bbox 291 1838 3538 1912">
    <p class='ocr_par' dir='ltr' id='par_1_32' title="bbox 291 1838 3538 1912">
     <span class='ocr_line' id='line_1_32' title="bbox 291 1838 3538 1912; baseline 0.002 -21"><span class='ocrx_word' id='word_1_215' title='bbox 291 1838 394 1908; x_wconf 72' lang='grc' dir='ltr'>μὲν</span> <span class='ocrx_word' id='word_1_216' title='bbox 430 1838 557 1911; x_wconf 80' lang='grc' dir='ltr'>δόξῃ</span> <span class='ocrx_word' id='word_1_217' title='bbox 586 1840 713 1903; x_wconf 77' lang='grc' dir='ltr'>τοὺς</span> <span class='ocrx_word' id='word_1_218' title='bbox 744 1840 1074 1909; x_wconf 82' lang='grc' dir='ltr'>ἀγαπῶντας</span> <span class='ocrx_word' id='word_1_219' title='bbox 1101 1841 1286 1907; x_wconf 81' lang='grc' dir='ltr'>αὐτὸν,</span> <span class='ocrx_word' id='word_1_220' title='bbox 1357 1842 1661 1912; x_wconf 88' lang='grc' dir='ltr'>χαρίσμασι</span> <span class='ocrx_word' id='word_1_221' title='bbox 1694 1839 1752 1892; x_wconf 82' lang='grc' dir='ltr'>δὲ</span> <span class='ocrx_word' id='word_1_222' title='bbox 1821 1840 1934 1904; x_wconf 81' lang='grc' dir='ltr'>τοῖς</span> <span class='ocrx_word' id='word_1_223' title='bbox 1971 1840 2359 1911; x_wconf 80' lang='grc' dir='ltr'>πνευματικοῖς</span> <span class='ocrx_word' id='word_1_224' title='bbox 2399 1839 2497 1903; x_wconf 82' lang='grc' dir='ltr'>τὰς</span> <span class='ocrx_word' id='word_1_225' title='bbox 2534 1838 2642 1893; x_wconf 83' lang='grc' dir='ltr'>τῶν</span> <span class='ocrx_word' id='word_1_226' title='bbox 2672 1838 2913 1911; x_wconf 85' lang='grc' dir='ltr'>γνησίων</span> <span class='ocrx_word' id='word_1_227' title='bbox 2957 1840 3137 1911; x_wconf 80' lang='grc' dir='ltr'>ψυχὰς</span> <span class='ocrx_word' id='word_1_228' title='bbox 3180 1843 3538 1897; x_wconf 79' lang='grc' dir='ltr'>καταπλουτί-</span> 
     </span>
    </p>
   </div>
   <div class='ocr_carea' id='block_1_33' title="bbox 287 1932 458 1998">
    <p class='ocr_par' dir='ltr' id='par_1_33' title="bbox 287 1932 458 1998">
     <span class='ocr_line' id='line_1_33' title="bbox 287 1932 458 1998; baseline 0.006 -12"><span class='ocrx_word' id='word_1_229' title='bbox 287 1932 458 1998; x_wconf 81' lang='grc' dir='ltr'>ζοντι.</span> 
     </span>
    </p>
   </div>
   <div class='ocr_carea' id='block_1_34' title="bbox 364 2022 1868 2100">
    <p class='ocr_par' dir='ltr' id='par_1_34' title="bbox 364 2027 1863 2100">
     <span class='ocr_line' id='line_1_34' title="bbox 364 2027 1863 2100; baseline 0.001 -19"><span class='ocrx_word' id='word_1_230' title='bbox 364 2027 494 2081; x_wconf 83' lang='grc' dir='ltr'>Ὀτι</span> <span class='ocrx_word' id='word_1_231' title='bbox 519 2027 746 2082; x_wconf 74' lang='grc' dir='ltr'>ἀνεῖται</span> <span class='ocrx_word' id='word_1_232' title='bbox 778 2030 821 2099; x_wconf 73' lang='grc' dir='ltr'>ἡ</span> <span class='ocrx_word' id='word_1_233' title='bbox 858 2029 1277 2100; x_wconf 72' lang='grc' dir='ltr'>Ἰερουσαλὴμ,</span> <span class='ocrx_word' id='word_1_234' title='bbox 1299 2031 1398 2085; x_wconf 76' lang='grc' dir='ltr'>καὶ</span> <span class='ocrx_word' id='word_1_235' title='bbox 1433 2030 1683 2085; x_wconf 78' lang='grc' dir='ltr'>Ἰουδαία</span> <span class='ocrx_word' id='word_1_236' title='bbox 1706 2044 1863 2099; x_wconf 82' lang='grc' dir='ltr'>συμ-</span> 
     </span>
    </p>
   </div>
   <div class='ocr_carea' id='block_1_35' title="bbox 1969 2022 3538 2100">
    <p class='ocr_par' dir='ltr' id='par_1_35' title="bbox 2035 2022 3538 2094">
     <span class='ocr_line' id='line_1_35' title="bbox 2035 2022 3538 2094; baseline 0.011 -22"><span class='ocrx_word' id='word_1_237' title='bbox 2035 2022 2202 2079; x_wconf 64' lang='lat' dir='ltr'><strong>Vnus.</strong></span> <span class='ocrx_word' id='word_1_238' title='bbox 2227 2022 2279 2080; x_wconf 87' lang='lat'><strong>8.</strong></span> <span class='ocrx_word' id='word_1_239' title='bbox 2311 2022 2451 2088; x_wconf 76' lang='lat' dir='ltr'><strong>Quia</strong></span> <span class='ocrx_word' id='word_1_240' title='bbox 2492 2023 2750 2078; x_wconf 76' lang='lat' dir='ltr'><strong>dissoluta</strong></span> <span class='ocrx_word' id='word_1_241' title='bbox 2790 2032 2868 2080; x_wconf 75' lang='lat' dir='ltr'><strong>est</strong></span> <span class='ocrx_word' id='word_1_242' title='bbox 2899 2025 3191 2082; x_wconf 73' lang='lat' dir='ltr'><strong>Jerusalem</strong></span> <span class='ocrx_word' id='word_1_243' title='bbox 3211 2069 3226 2094; x_wconf 94' lang='lat'><strong>,</strong></span> <span class='ocrx_word' id='word_1_244' title='bbox 3255 2038 3307 2084; x_wconf 81' lang='lat' dir='ltr'><strong>et</strong></span> <span class='ocrx_word' id='word_1_245' title='bbox 3345 2030 3538 2089; x_wconf 67' lang='lat' dir='ltr'><strong>Juda&#39;a</strong></span> 
     </span>
    </p>
   </div>
   <div class='ocr_carea' id='block_1_36' title="bbox 286 2118 1865 2195">
    <p class='ocr_par' dir='ltr' id='par_1_36' title="bbox 286 2118 1865 2195">
     <span class='ocr_line' id='line_1_36' title="bbox 286 2118 1865 2195; baseline 0.002 -24"><span class='ocrx_word' id='word_1_246' title='bbox 286 2118 619 2185; x_wconf 72' lang='grc' dir='ltr'><strong>πέπτωκεν,</strong></span> <span class='ocrx_word' id='word_1_247' title='bbox 655 2119 754 2174; x_wconf 77' lang='grc' dir='ltr'>καὶ</span> <span class='ocrx_word' id='word_1_248' title='bbox 776 2122 816 2189; x_wconf 80' lang='grc' dir='ltr'><strong><em>ἠ</em></strong></span> <span class='ocrx_word' id='word_1_249' title='bbox 841 2120 1094 2192; x_wconf 74' lang='grc' dir='ltr'>γλῶσσα</span> <span class='ocrx_word' id='word_1_250' title='bbox 1114 2121 1314 2177; x_wconf 82' lang='grc' dir='ltr'>αὐτῶν</span> <span class='ocrx_word' id='word_1_251' title='bbox 1330 2121 1482 2193; x_wconf 77' lang='grc' dir='ltr'>μετὰ</span> <span class='ocrx_word' id='word_1_252' title='bbox 1501 2122 1773 2195; x_wconf 77' lang='grc' dir='ltr'><strong>ἀνομίας,</strong></span> <span class='ocrx_word' id='word_1_253' title='bbox 1791 2120 1865 2175; x_wconf 80' lang='grc' dir='ltr'>τὰ</span> 
     </span>
    </p>
   </div>
   <div class='ocr_carea' id='block_1_37' title="bbox 288 2209 1053 2279">
    <p class='ocr_par' dir='ltr' id='par_1_37' title="bbox 288 2209 1053 2279">
     <span class='ocr_line' id='line_1_37' title="bbox 288 2209 1053 2279; baseline 0.01 -18"><span class='ocrx_word' id='word_1_254' title='bbox 288 2209 439 2277; x_wconf 68' lang='grc' dir='ltr'>,πρὸς</span> <span class='ocrx_word' id='word_1_255' title='bbox 469 2210 618 2264; x_wconf 71' lang='grc' dir='ltr'><strong>Θεὸν</strong></span> <span class='ocrx_word' id='word_1_256' title='bbox 647 2211 1053 2279; x_wconf 75' lang='grc' dir='ltr'>ἀπειθοῦντες.</span> 
     </span>
    </p>
   </div>
   <div class='ocr_carea' id='block_1_38' title="bbox 359 2300 1867 2374">
    <p class='ocr_par' dir='ltr' id='par_1_38' title="bbox 359 2300 1867 2374">
     <span class='ocr_line' id='line_1_38' title="bbox 359 2300 1867 2374; baseline 0.002 -22"><span class='ocrx_word' id='word_1_257' title='bbox 359 2300 828 2371; x_wconf 81' lang='grc' dir='ltr'>Συμπεπτωκὲναι</span> <span class='ocrx_word' id='word_1_258' title='bbox 857 2303 990 2372; x_wconf 79' lang='grc' dir='ltr'>φησὶ</span> <span class='ocrx_word' id='word_1_259' title='bbox 1015 2302 1115 2374; x_wconf 83' lang='grc' dir='ltr'><strong>τήν</strong></span> <span class='ocrx_word' id='word_1_260' title='bbox 1153 2302 1432 2368; x_wconf 79' lang='grc' dir='ltr'>Ἰουδαίαν,</span> <span class='ocrx_word' id='word_1_261' title='bbox 1453 2301 1705 2374; x_wconf 85' lang='grc' dir='ltr'>καθάπερ</span> <span class='ocrx_word' id='word_1_262' title='bbox 1731 2301 1867 2373; x_wconf 57' lang='grc' dir='ltr'><strong>ἁμέ.</strong></span> 
     </span>
    </p>
   </div>
   <div class='ocr_carea' id='block_1_39' title="bbox 288 2388 1867 2466">
    <p class='ocr_par' dir='ltr' id='par_1_39' title="bbox 288 2388 1867 2466">
     <span class='ocr_line' id='line_1_39' title="bbox 288 2388 1867 2466; baseline 0.003 -24"><span class='ocrx_word' id='word_1_263' title='bbox 288 2389 372 2443; x_wconf 85' lang='grc' dir='ltr'><strong>λει</strong></span> <span class='ocrx_word' id='word_1_264' title='bbox 399 2392 496 2443; x_wconf 76' lang='grc' dir='ltr'>καὶ</span> <span class='ocrx_word' id='word_1_265' title='bbox 519 2388 669 2445; x_wconf 76' lang='grc' dir='ltr'>οἷκον</span> <span class='ocrx_word' id='word_1_266' title='bbox 702 2394 817 2447; x_wconf 75' lang='grc' dir='ltr'>ἕνα.</span> <span class='ocrx_word' id='word_1_267' title='bbox 854 2395 1054 2449; x_wconf 88' lang='grc' dir='ltr'>Παθεῖν</span> <span class='ocrx_word' id='word_1_268' title='bbox 1086 2394 1143 2447; x_wconf 84' lang='grc' dir='ltr'>δὲ</span> <span class='ocrx_word' id='word_1_269' title='bbox 1165 2394 1325 2448; x_wconf 84' lang='grc' dir='ltr'>τοῦτο</span> <span class='ocrx_word' id='word_1_270' title='bbox 1353 2393 1744 2466; x_wconf 77' lang='grc' dir='ltr'>διῖσχυρίζεται</span> <span class='ocrx_word' id='word_1_271' title='bbox 1775 2392 1867 2447; x_wconf 75' lang='grc' dir='ltr'>διὰ</span> 
     </span>
    </p>
   </div>
   <div class='ocr_carea' id='block_1_40' title="bbox 290 2483 1866 2557">
    <p class='ocr_par' dir='ltr' id='par_1_40' title="bbox 290 2483 1866 2557">
     <span class='ocr_line' id='line_1_40' title="bbox 290 2483 1866 2557; baseline 0.001 -21"><span class='ocrx_word' id='word_1_272' title='bbox 290 2483 454 2536; x_wconf 79' lang='grc' dir='ltr'>ποίαν</span> <span class='ocrx_word' id='word_1_273' title='bbox 478 2483 681 2550; x_wconf 86' lang='grc' dir='ltr'>αίτίαν;</span> <span class='ocrx_word' id='word_1_274' title='bbox 718 2486 783 2538; x_wconf 85' lang='grc' dir='ltr'>Τί</span> <span class='ocrx_word' id='word_1_275' title='bbox 818 2485 875 2539; x_wconf 85' lang='grc' dir='ltr'>δὲ</span> <span class='ocrx_word' id='word_1_276' title='bbox 904 2486 1004 2539; x_wconf 78' lang='grc' dir='ltr'>καὶ</span> <span class='ocrx_word' id='word_1_277' title='bbox 1024 2488 1270 2554; x_wconf 86' lang='grc' dir='ltr'>ἀνεῖται;</span> <span class='ocrx_word' id='word_1_278' title='bbox 1300 2486 1458 2540; x_wconf 87' lang='grc' dir='ltr'>Τοῦτ’</span> <span class='ocrx_word' id='word_1_279' title='bbox 1485 2487 1651 2552; x_wconf 75' lang='grc' dir='ltr'>ἔστιν,</span> <span class='ocrx_word' id='word_1_280' title='bbox 1680 2484 1866 2557; x_wconf 81' lang='grc' dir='ltr'>ήφήθη</span> 
     </span>
    </p>
   </div>
   <div class='ocr_carea' id='block_1_41' title="bbox 288 2577 1867 2651">
    <p class='ocr_par' dir='ltr' id='par_1_41' title="bbox 288 2577 1867 2651">
     <span class='ocr_line' id='line_1_41' title="bbox 288 2577 1867 2651; baseline 0.001 -20"><span class='ocrx_word' id='word_1_281' title='bbox 288 2577 327 2645; x_wconf 77' lang='grc' dir='ltr'><strong>ἢ</strong></span> <span class='ocrx_word' id='word_1_282' title='bbox 373 2577 819 2645; x_wconf 79' lang='grc' dir='ltr'><strong>καταλέλειπται,</strong></span> <span class='ocrx_word' id='word_1_283' title='bbox 863 2580 1137 2651; x_wconf 84' lang='grc' dir='ltr'>φροντίδος</span> <span class='ocrx_word' id='word_1_284' title='bbox 1166 2580 1433 2651; x_wconf 80' lang='grc' dir='ltr'>ἀμέτοχος</span> <span class='ocrx_word' id='word_1_285' title='bbox 1473 2579 1738 2650; x_wconf 79' lang='grc' dir='ltr'>γενομένη</span> <span class='ocrx_word' id='word_1_286' title='bbox 1767 2578 1867 2649; x_wconf 82' lang='grc' dir='ltr'>τῆς</span> 
     </span>
    </p>
   </div>
   <div class='ocr_carea' id='block_1_42' title="bbox 294 2670 1863 2745">
    <p class='ocr_par' dir='ltr' id='par_1_42' title="bbox 294 2670 1863 2745">
     <span class='ocr_line' id='line_1_42' title="bbox 294 2670 1863 2745; baseline 0.003 -24"><span class='ocrx_word' id='word_1_287' title='bbox 294 2671 445 2740; x_wconf 79' lang='grc' dir='ltr'>παρὰ</span> <span class='ocrx_word' id='word_1_288' title='bbox 501 2670 763 2742; x_wconf 83' lang='grc' dir='ltr'>Χριστοῦ.</span> <span class='ocrx_word' id='word_1_289' title='bbox 823 2674 1057 2726; x_wconf 86' lang='grc' dir='ltr'>Ἤκουον</span> <span class='ocrx_word' id='word_1_290' title='bbox 1112 2673 1221 2745; x_wconf 82' lang='grc' dir='ltr'>γὰρ</span> <span class='ocrx_word' id='word_1_291' title='bbox 1285 2672 1537 2740; x_wconf 85' lang='grc' dir='ltr'>λέγοντος</span> <span class='ocrx_word' id='word_1_292' title='bbox 1598 2671 1863 2744; x_wconf 73' lang='grc' dir='ltr'>ἐναργῶςο</span> 
     </span>
    </p>
   </div>
   <div class='ocr_carea' id='block_1_43' title="bbox 296 2762 1869 2838">
    <p class='ocr_par' dir='ltr' id='par_1_43' title="bbox 296 2762 1869 2838">
     <span class='ocr_line' id='line_1_43' title="bbox 296 2762 1869 2838; baseline 0.003 -24"><span class='ocrx_word' id='word_1_293' title='bbox 296 2781 319 2814; x_wconf 72' lang='grc' dir='ltr'><strong>ι</strong></span> <span class='ocrx_word' id='word_1_294' title='bbox 362 2764 490 2817; x_wconf 82' lang='grc' dir='ltr'>Ἰδοὺ</span> <span class='ocrx_word' id='word_1_295' title='bbox 520 2765 739 2833; x_wconf 83' lang='grc' dir='ltr'>ἀφίεται</span> <span class='ocrx_word' id='word_1_296' title='bbox 772 2766 901 2836; x_wconf 86' lang='grc' dir='ltr'>ὑμῖν</span> <span class='ocrx_word' id='word_1_297' title='bbox 931 2767 960 2819; x_wconf 86' lang='grc' dir='ltr'><strong>ό</strong></span> <span class='ocrx_word' id='word_1_298' title='bbox 980 2762 1129 2831; x_wconf 75' lang='grc' dir='ltr'>οἶκος</span> <span class='ocrx_word' id='word_1_299' title='bbox 1147 2766 1323 2838; x_wconf 85' lang='grc' dir='ltr'>ὑμῶν.</span> <span class='ocrx_word' id='word_1_300' title='bbox 1356 2785 1377 2819; x_wconf 75' lang='grc' dir='ltr'><strong>ι</strong></span> <span class='ocrx_word' id='word_1_301' title='bbox 1402 2766 1665 2820; x_wconf 84' lang='grc' dir='ltr'>Πέπτωκε</span> <span class='ocrx_word' id='word_1_302' title='bbox 1689 2766 1869 2819; x_wconf 89' lang='grc' dir='ltr'>τοίνυν</span> 
     </span>
    </p>
   </div>
   <div class='ocr_carea' id='block_1_44' title="bbox 293 2854 1871 2929">
    <p class='ocr_par' dir='ltr' id='par_1_44' title="bbox 293 2854 1871 2929">
     <span class='ocr_line' id='line_1_44' title="bbox 293 2854 1871 2929; baseline 0.003 -23"><span class='ocrx_word' id='word_1_303' title='bbox 293 2854 393 2907; x_wconf 69' lang='grc' dir='ltr'><strong>οὐκ</strong></span> <span class='ocrx_word' id='word_1_304' title='bbox 451 2854 646 2925; x_wconf 77' lang='grc' dir='ltr'>ἔχουσα</span> <span class='ocrx_word' id='word_1_305' title='bbox 693 2856 787 2911; x_wconf 83' lang='grc' dir='ltr'><strong>τὸν</strong></span> <span class='ocrx_word' id='word_1_306' title='bbox 835 2857 1131 2929; x_wconf 73' lang='grc' dir='ltr'>ἐγείροντα,</span> <span class='ocrx_word' id='word_1_307' title='bbox 1187 2858 1282 2911; x_wconf 75' lang='grc' dir='ltr'><strong>καὶ</strong></span> <span class='ocrx_word' id='word_1_308' title='bbox 1322 2856 1516 2922; x_wconf 78' lang='grc' dir='ltr'>σώζειν</span> <span class='ocrx_word' id='word_1_309' title='bbox 1558 2858 1734 2912; x_wconf 78' lang='grc' dir='ltr'>εἰδότα</span> <span class='ocrx_word' id='word_1_310' title='bbox 1775 2858 1871 2911; x_wconf 75' lang='grc' dir='ltr'>καὶ</span> 
     </span>
    </p>
   </div>
   <div class='ocr_carea' id='block_1_45' title="bbox 290 2945 1871 3021">
    <p class='ocr_par' dir='ltr' id='par_1_45' title="bbox 290 2945 1871 3021">
     <span class='ocr_line' id='line_1_45' title="bbox 290 2945 1871 3021; baseline 0.004 -24"><span class='ocrx_word' id='word_1_311' title='bbox 290 2945 611 3016; x_wconf 78' lang='grc' dir='ltr'>δυνάμενον.</span> <span class='ocrx_word' id='word_1_312' title='bbox 666 2947 923 3019; x_wconf 82' lang='grc' dir='ltr'>Θεμέλιος</span> <span class='ocrx_word' id='word_1_313' title='bbox 966 2949 1066 3020; x_wconf 81' lang='grc' dir='ltr'>μὲν</span> <span class='ocrx_word' id='word_1_314' title='bbox 1107 2950 1216 3021; x_wconf 87' lang='grc' dir='ltr'>γάρ</span> <span class='ocrx_word' id='word_1_315' title='bbox 1247 2952 1396 3004; x_wconf 77' lang='grc' dir='ltr'>ἐστιν</span> <span class='ocrx_word' id='word_1_316' title='bbox 1431 2952 1461 3003; x_wconf 90' lang='grc' dir='ltr'><strong>ό</strong></span> <span class='ocrx_word' id='word_1_317' title='bbox 1492 2950 1743 3021; x_wconf 83' lang='grc' dir='ltr'>Χριστὸς,</span> <span class='ocrx_word' id='word_1_318' title='bbox 1775 2951 1871 3004; x_wconf 80' lang='grc' dir='ltr'>καὶ</span> 
     </span>
    </p>
   </div>
   <div class='ocr_carea' id='block_1_46' title="bbox 295 3039 1870 3115">
    <p class='ocr_par' dir='ltr' id='par_1_46' title="bbox 295 3039 1870 3115">
     <span class='ocr_line' id='line_1_46' title="bbox 295 3039 1870 3115; baseline 0.002 -23"><span class='ocrx_word' id='word_1_319' title='bbox 295 3040 383 3093; x_wconf 77' lang='grc' dir='ltr'><strong>ἐπ’</strong></span> <span class='ocrx_word' id='word_1_320' title='bbox 405 3039 558 3111; x_wconf 79' lang='grc' dir='ltr'>αὐτῷ</span> <span class='ocrx_word' id='word_1_321' title='bbox 590 3042 790 3106; x_wconf 83' lang='grc' dir='ltr'>πάντες</span> <span class='ocrx_word' id='word_1_322' title='bbox 822 3042 1342 3115; x_wconf 75' lang='grc' dir='ltr'>ἐποικοδομούμεθα,</span> <span class='ocrx_word' id='word_1_323' title='bbox 1374 3042 1512 3097; x_wconf 84' lang='grc' dir='ltr'>λίθοι</span> <span class='ocrx_word' id='word_1_324' title='bbox 1539 3043 1740 3107; x_wconf 79' lang='grc' dir='ltr'>ζῶντες</span> <span class='ocrx_word' id='word_1_325' title='bbox 1774 3043 1870 3096; x_wconf 73' lang='grc' dir='ltr'>καὶ</span> 
     </span>
    </p>
   </div>
   <div class='ocr_carea' id='block_1_47' title="bbox 292 3132 1871 3207">
    <p class='ocr_par' dir='ltr' id='par_1_47' title="bbox 292 3132 1871 3207">
     <span class='ocr_line' id='line_1_47' title="bbox 292 3132 1871 3207; baseline 0.003 -23"><span class='ocrx_word' id='word_1_326' title='bbox 292 3132 679 3202; x_wconf 78' lang='grc' dir='ltr'>πνευματικοὶ,</span> <span class='ocrx_word' id='word_1_327' title='bbox 724 3134 819 3187; x_wconf 80' lang='grc' dir='ltr'>καὶ</span> <span class='ocrx_word' id='word_1_328' title='bbox 860 3135 1440 3207; x_wconf 85' lang='grc' dir='ltr'>συναρμολογούμενοι,</span> <span class='ocrx_word' id='word_1_329' title='bbox 1471 3134 1567 3189; x_wconf 73' lang='grc' dir='ltr'><strong>καὶ</strong></span> <span class='ocrx_word' id='word_1_330' title='bbox 1610 3134 1871 3204; x_wconf 76' lang='grc' dir='ltr'>συμϐιϐα-</span> 
     </span>
    </p>
   </div>
   <div class='ocr_carea' id='block_1_48' title="bbox 293 3220 1871 3296">
    <p class='ocr_par' dir='ltr' id='par_1_48' title="bbox 293 3220 1871 3296">
     <span class='ocr_line' id='line_1_48' title="bbox 293 3220 1871 3296; baseline 0 -20"><span class='ocrx_word' id='word_1_331' title='bbox 293 3220 514 3292; x_wconf 75' lang='grc' dir='ltr'>ζόμενοι</span> <span class='ocrx_word' id='word_1_332' title='bbox 549 3223 777 3296; x_wconf 86' lang='grc' dir='ltr'>νοητῶς,</span> <span class='ocrx_word' id='word_1_333' title='bbox 826 3226 906 3290; x_wconf 78' lang='grc' dir='ltr'><strong>είς</strong></span> <span class='ocrx_word' id='word_1_334' title='bbox 940 3226 1069 3279; x_wconf 85' lang='grc' dir='ltr'>ναὸν</span> <span class='ocrx_word' id='word_1_335' title='bbox 1108 3226 1284 3295; x_wconf 80' lang='grc' dir='ltr'>ἆγιον,</span> <span class='ocrx_word' id='word_1_336' title='bbox 1332 3227 1413 3291; x_wconf 89' lang='grc' dir='ltr'><strong>είς</strong></span> <span class='ocrx_word' id='word_1_337' title='bbox 1450 3225 1871 3295; x_wconf 86' lang='grc' dir='ltr'>κατοικητήριον</span> 
     </span>
    </p>
   </div>
   <div class='ocr_carea' id='block_1_49' title="bbox 292 3314 1866 3390">
    <p class='ocr_par' dir='ltr' id='par_1_49' title="bbox 292 3314 1866 3390">
     <span class='ocr_line' id='line_1_49' title="bbox 292 3314 1866 3390; baseline 0.003 -22"><span class='ocrx_word' id='word_1_338' title='bbox 292 3314 387 3368; x_wconf 83' lang='grc' dir='ltr'><strong>τοῦ</strong></span> <span class='ocrx_word' id='word_1_339' title='bbox 415 3314 578 3379; x_wconf 84' lang='grc' dir='ltr'>Θεοῦ,</span> <span class='ocrx_word' id='word_1_340' title='bbox 603 3317 662 3369; x_wconf 83' lang='grc' dir='ltr'>ὲν</span> <span class='ocrx_word' id='word_1_341' title='bbox 683 3316 979 3388; x_wconf 76' lang='grc' dir='ltr'>Πνεῦματι,</span> <span class='ocrx_word' id='word_1_342' title='bbox 1011 3319 1106 3372; x_wconf 85' lang='grc' dir='ltr'>καὶ</span> <span class='ocrx_word' id='word_1_343' title='bbox 1134 3318 1299 3390; x_wconf 72' lang='grc' dir='ltr'>ἐσμὲν</span> <span class='ocrx_word' id='word_1_344' title='bbox 1320 3319 1407 3372; x_wconf 78' lang='grc' dir='ltr'><strong>ἐπ’</strong></span> <span class='ocrx_word' id='word_1_345' title='bbox 1430 3317 1579 3389; x_wconf 87' lang='grc' dir='ltr'><strong>αὐτῷ</strong></span> <span class='ocrx_word' id='word_1_346' title='bbox 1606 3318 1866 3388; x_wconf 88' lang='grc' dir='ltr'>κείμενοι.</span> 
     </span>
    </p>
   </div>
   <div class='ocr_carea' id='block_1_50' title="bbox 1966 2115 3538 2197">
    <p class='ocr_par' dir='ltr' id='par_1_50' title="bbox 1966 2115 3538 2197">
     <span class='ocr_line' id='line_1_50' title="bbox 1966 2115 3538 2197; baseline 0.006 -26"><span class='ocrx_word' id='word_1_347' title='bbox 1966 2117 2221 2180; x_wconf 77' lang='lat' dir='ltr'><strong>concidit,</strong></span> <span class='ocrx_word' id='word_1_348' title='bbox 2248 2126 2294 2170; x_wconf 86' lang='lat' dir='ltr'><strong>et</strong></span> <span class='ocrx_word' id='word_1_349' title='bbox 2325 2115 2504 2185; x_wconf 84' lang='lat' dir='ltr'><strong>lingua</strong></span> <span class='ocrx_word' id='word_1_350' title='bbox 2535 2131 2713 2169; x_wconf 82' lang='lat' dir='ltr'><strong>eorum</strong></span> <span class='ocrx_word' id='word_1_351' title='bbox 2744 2130 2862 2171; x_wconf 83' lang='lat' dir='ltr'><strong>cum</strong></span> <span class='ocrx_word' id='word_1_352' title='bbox 2892 2119 3199 2190; x_wconf 76' lang='lat' dir='ltr'><strong>iniquitate,</strong></span> <span class='ocrx_word' id='word_1_353' title='bbox 3227 2124 3281 2177; x_wconf 88' lang='lat' dir='ltr'><strong>in</strong></span> <span class='ocrx_word' id='word_1_354' title='bbox 3312 2125 3395 2178; x_wconf 82' lang='lat' dir='ltr'><strong>Itis</strong></span> <span class='ocrx_word' id='word_1_355' title='bbox 3422 2144 3538 2197; x_wconf 69' lang='lat' dir='ltr'><strong>quae</strong></span> 
     </span>
    </p>
   </div>
   <div class='ocr_carea' id='block_1_51' title="bbox 1965 2207 3072 2275">
    <p class='ocr_par' dir='ltr' id='par_1_51' title="bbox 1965 2207 3072 2275">
     <span class='ocr_line' id='line_1_51' title="bbox 1965 2207 3072 2275; baseline 0.004 -13"><span class='ocrx_word' id='word_1_356' title='bbox 1965 2209 2034 2263; x_wconf 83' lang='lat' dir='ltr'><strong>ad</strong></span> <span class='ocrx_word' id='word_1_357' title='bbox 2064 2207 2347 2262; x_wconf 84' lang='lat' dir='ltr'><strong>Dominum</strong></span> <span class='ocrx_word' id='word_1_358' title='bbox 2371 2207 2643 2275; x_wconf 79' lang='lat' dir='ltr'><strong>pertinent,</strong></span> <span class='ocrx_word' id='word_1_359' title='bbox 2674 2224 2776 2262; x_wconf 88' lang='lat' dir='ltr'><strong>non</strong></span> <span class='ocrx_word' id='word_1_360' title='bbox 2804 2209 3072 2266; x_wconf 76' lang='lat' dir='ltr'><strong>obediunt.</strong></span> 
     </span>
    </p>
   </div>
   <div class='ocr_carea' id='block_1_52' title="bbox 2037 2297 3540 2373">
    <p class='ocr_par' dir='ltr' id='par_1_52' title="bbox 2037 2297 3540 2373">
     <span class='ocr_line' id='line_1_52' title="bbox 2037 2297 3540 2373; baseline 0.004 -16"><span class='ocrx_word' id='word_1_361' title='bbox 2037 2300 2324 2358; x_wconf 87' lang='lat' dir='ltr'><strong>Corruisse</strong></span> <span class='ocrx_word' id='word_1_362' title='bbox 2362 2298 2490 2355; x_wconf 91' lang='lat' dir='ltr'><strong>dicit</strong></span> <span class='ocrx_word' id='word_1_363' title='bbox 2525 2297 2792 2366; x_wconf 66' lang='lat' dir='ltr'><strong>Iudaeam,</strong></span> <span class='ocrx_word' id='word_1_364' title='bbox 2822 2301 2993 2357; x_wconf 89' lang='lat' dir='ltr'><strong>instar</strong></span> <span class='ocrx_word' id='word_1_365' title='bbox 3028 2304 3248 2373; x_wconf 89' lang='lat' dir='ltr'><strong>parietis</strong></span> <span class='ocrx_word' id='word_1_366' title='bbox 3290 2323 3306 2362; x_wconf 88' lang='lat'><strong>:</strong></span> <span class='ocrx_word' id='word_1_367' title='bbox 3347 2316 3403 2363; x_wconf 92' lang='lat' dir='ltr'><strong>et</strong></span> <span class='ocrx_word' id='word_1_368' title='bbox 3438 2310 3540 2365; x_wconf 90' lang='lat' dir='ltr'><strong>hoc</strong></span> 
     </span>
    </p>
   </div>
   <div class='ocr_carea' id='block_1_53' title="bbox 1965 2386 3534 2464">
    <p class='ocr_par' dir='ltr' id='par_1_53' title="bbox 1965 2386 3534 2464">
     <span class='ocr_line' id='line_1_53' title="bbox 1965 2386 3534 2464; baseline 0.008 -23"><span class='ocrx_word' id='word_1_369' title='bbox 1965 2402 2126 2457; x_wconf 87' lang='lat' dir='ltr'><strong>quam</strong></span> <span class='ocrx_word' id='word_1_370' title='bbox 2155 2386 2226 2442; x_wconf 92' lang='lat' dir='ltr'><strong>ob</strong></span> <span class='ocrx_word' id='word_1_371' title='bbox 2249 2402 2469 2443; x_wconf 85' lang='lat' dir='ltr'><strong>causam</strong></span> <span class='ocrx_word' id='word_1_372' title='bbox 2503 2389 2760 2457; x_wconf 89' lang='lat' dir='ltr'><strong>patiatur,</strong></span> <span class='ocrx_word' id='word_1_373' title='bbox 2786 2391 3089 2448; x_wconf 80' lang='lat' dir='ltr'><strong>conﬁrmat.</strong></span> <span class='ocrx_word' id='word_1_374' title='bbox 3111 2393 3249 2461; x_wconf 88' lang='lat' dir='ltr'><strong>Quid</strong></span> <span class='ocrx_word' id='word_1_375' title='bbox 3271 2411 3401 2453; x_wconf 85' lang='lat' dir='ltr'><strong>vero</strong></span> <span class='ocrx_word' id='word_1_376' title='bbox 3430 2410 3534 2464; x_wconf 90' lang='lat' dir='ltr'><strong>est,</strong></span> 
     </span>
    </p>
   </div>
   <div class='ocr_carea' id='block_1_54' title="bbox 1964 2478 3536 2555">
    <p class='ocr_par' dir='ltr' id='par_1_54' title="bbox 1964 2478 3536 2555">
     <span class='ocr_line' id='line_1_54' title="bbox 1964 2478 3536 2555; baseline 0.006 -21"><span class='ocrx_word' id='word_1_377' title='bbox 1964 2478 2300 2534; x_wconf 81' lang='lat' dir='ltr'><strong>dimittetur?</strong></span> <span class='ocrx_word' id='word_1_378' title='bbox 2348 2479 2450 2533; x_wconf 91' lang='lat' dir='ltr'><strong>hoc</strong></span> <span class='ocrx_word' id='word_1_379' title='bbox 2491 2488 2607 2546; x_wconf 92' lang='lat' dir='ltr'><strong>est,</strong></span> <span class='ocrx_word' id='word_1_380' title='bbox 2641 2481 2854 2535; x_wconf 91' lang='lat' dir='ltr'><strong>deserta</strong></span> <span class='ocrx_word' id='word_1_381' title='bbox 2897 2490 3013 2549; x_wconf 90' lang='lat' dir='ltr'><strong>est,</strong></span> <span class='ocrx_word' id='word_1_382' title='bbox 3037 2494 3090 2539; x_wconf 92' lang='lat' dir='ltr'><strong>et</strong></span> <span class='ocrx_word' id='word_1_383' title='bbox 3128 2486 3384 2543; x_wconf 88' lang='lat' dir='ltr'><strong>derelicta</strong></span> <span class='ocrx_word' id='word_1_384' title='bbox 3422 2499 3536 2555; x_wconf 82' lang='lat' dir='ltr'><strong>est,</strong></span> 
     </span>
    </p>
   </div>
   <div class='ocr_carea' id='block_1_55' title="bbox 1966 2571 3539 2635">
    <p class='ocr_par' dir='ltr' id='par_1_55' title="bbox 1966 2571 3539 2635">
     <span class='ocr_line' id='line_1_55' title="bbox 1966 2571 3539 2635; baseline 0.004 -7"><span class='ocrx_word' id='word_1_385' title='bbox 1966 2585 2158 2628; x_wconf 79' lang='lat' dir='ltr'><strong>carens</strong></span> <span class='ocrx_word' id='word_1_386' title='bbox 2190 2572 2281 2628; x_wconf 83' lang='lat' dir='ltr'><strong>illa</strong></span> <span class='ocrx_word' id='word_1_387' title='bbox 2313 2571 2515 2627; x_wconf 85' lang='lat' dir='ltr'><strong>Christi</strong></span> <span class='ocrx_word' id='word_1_388' title='bbox 2546 2587 2674 2627; x_wconf 89' lang='lat' dir='ltr'><strong>cura</strong></span> <span class='ocrx_word' id='word_1_389' title='bbox 2701 2589 2765 2628; x_wconf 91' lang='lat' dir='ltr'><strong>ac</strong></span> <span class='ocrx_word' id='word_1_390' title='bbox 2791 2574 3175 2632; x_wconf 88' lang='lat' dir='ltr'><strong>sollicitudine.</strong></span> <span class='ocrx_word' id='word_1_391' title='bbox 3203 2580 3539 2635; x_wconf 81' lang='lat' dir='ltr'><strong>Audivernnt</strong></span> 
     </span>
    </p>
   </div>
   <div class='ocr_carea' id='block_1_56' title="bbox 1966 2663 3539 2740">
    <p class='ocr_par' dir='ltr' id='par_1_56' title="bbox 1966 2663 3539 2740">
     <span class='ocr_line' id='line_1_56' title="bbox 1966 2663 3539 2740; baseline 0.006 -22"><span class='ocrx_word' id='word_1_392' title='bbox 1966 2665 2229 2733; x_wconf 88' lang='lat' dir='ltr'><strong>siquidem</strong></span> <span class='ocrx_word' id='word_1_393' title='bbox 2259 2663 2525 2720; x_wconf 89' lang='lat' dir='ltr'><strong>dicentem</strong></span> <span class='ocrx_word' id='word_1_394' title='bbox 2555 2674 2778 2734; x_wconf 85' lang='lat' dir='ltr'><strong>aperte:</strong></span> <span class='ocrx_word' id='word_1_395' title='bbox 2812 2684 2831 2718; x_wconf 87' lang='grc'><strong>‹</strong></span> <span class='ocrx_word' id='word_1_396' title='bbox 2865 2667 3004 2722; x_wconf 88' lang='lat' dir='ltr'><strong>Ecce</strong></span> <span class='ocrx_word' id='word_1_397' title='bbox 3034 2668 3367 2740; x_wconf 84' lang='lat' dir='ltr'><strong>relinquetur</strong></span> <span class='ocrx_word' id='word_1_398' title='bbox 3386 2673 3539 2727; x_wconf 83' lang='lat' dir='ltr'><strong>vobis</strong></span> 
     </span>
    </p>
   </div>
   <div class='ocr_carea' id='block_1_57' title="bbox 1967 2756 3536 2829">
    <p class='ocr_par' dir='ltr' id='par_1_57' title="bbox 1967 2756 3536 2829">
     <span class='ocr_line' id='line_1_57' title="bbox 1967 2756 3536 2829; baseline 0.003 -18"><span class='ocrx_word' id='word_1_399' title='bbox 1967 2756 2159 2812; x_wconf 87' lang='lat' dir='ltr'><strong>domus</strong></span> <span class='ocrx_word' id='word_1_400' title='bbox 2186 2765 2365 2812; x_wconf 79' lang='lat' dir='ltr'><strong>vestra</strong></span> <span class='ocrx_word' id='word_1_401' title='bbox 2398 2757 2635 2812; x_wconf 87' lang='lat' dir='ltr'><strong>desolata</strong></span> <span class='ocrx_word' id='word_1_402' title='bbox 2656 2758 2721 2813; x_wconf 83' lang='grc'><strong>³⁸.</strong></span> <span class='ocrx_word' id='word_1_403' title='bbox 2760 2777 2779 2810; x_wconf 76' lang='grc' dir='ltr'><strong>ι</strong></span> <span class='ocrx_word' id='word_1_404' title='bbox 2811 2758 3029 2814; x_wconf 90' lang='lat' dir='ltr'><strong>Corruit</strong></span> <span class='ocrx_word' id='word_1_405' title='bbox 3052 2762 3215 2815; x_wconf 90' lang='lat' dir='ltr'><strong>etiam</strong></span> <span class='ocrx_word' id='word_1_406' title='bbox 3244 2772 3298 2817; x_wconf 92' lang='lat' dir='ltr'><strong>et</strong></span> <span class='ocrx_word' id='word_1_407' title='bbox 3323 2762 3536 2829; x_wconf 64' lang='lat' dir='ltr'><strong>Iudaea,</strong></span> 
     </span>
    </p>
   </div>
   <div class='ocr_carea' id='block_1_58' title="bbox 1969 2838 3537 2921">
    <p class='ocr_par' dir='ltr' id='par_1_58' title="bbox 1969 2838 3537 2921">
     <span class='ocr_line' id='line_1_58' title="bbox 1969 2838 3537 2921; baseline 0.007 -22"><span class='ocrx_word' id='word_1_408' title='bbox 1969 2838 2072 2900; x_wconf 67' lang='lat' dir='ltr'><strong>non</strong></span> <span class='ocrx_word' id='word_1_409' title='bbox 2105 2845 2314 2902; x_wconf 86' lang='lat' dir='ltr'><strong>habens</strong></span> <span class='ocrx_word' id='word_1_410' title='bbox 2339 2847 2460 2916; x_wconf 87' lang='lat' dir='ltr'><strong>quis</strong></span> <span class='ocrx_word' id='word_1_411' title='bbox 2486 2849 2711 2912; x_wconf 81' lang='lat' dir='ltr'><strong>excitet,</strong></span> <span class='ocrx_word' id='word_1_412' title='bbox 2739 2849 2832 2917; x_wconf 92' lang='lat' dir='ltr'><strong>qui</strong></span> <span class='ocrx_word' id='word_1_413' title='bbox 2863 2861 3079 2902; x_wconf 89' lang='lat' dir='ltr'><strong>servare</strong></span> <span class='ocrx_word' id='word_1_414' title='bbox 3107 2850 3242 2904; x_wconf 91' lang='lat' dir='ltr'><strong>sciat</strong></span> <span class='ocrx_word' id='word_1_415' title='bbox 3269 2860 3318 2906; x_wconf 87' lang='lat' dir='ltr'><strong>et</strong></span> <span class='ocrx_word' id='word_1_416' title='bbox 3349 2854 3537 2921; x_wconf 85' lang='lat' dir='ltr'><strong>possit.</strong></span> 
     </span>
    </p>
   </div>
   <div class='ocr_carea' id='block_1_59' title="bbox 1969 2937 3543 3004">
    <p class='ocr_par' dir='ltr' id='par_1_59' title="bbox 1969 2937 3543 3004">
     <span class='ocr_line' id='line_1_59' title="bbox 1969 2937 3543 3004; baseline 0.004 -10"><span class='ocrx_word' id='word_1_417' title='bbox 1969 2939 2062 2994; x_wconf 86' lang='lat' dir='ltr'><strong>Est</strong></span> <span class='ocrx_word' id='word_1_418' title='bbox 2099 2939 2240 2992; x_wconf 92' lang='lat' dir='ltr'><strong>enim</strong></span> <span class='ocrx_word' id='word_1_419' title='bbox 2285 2937 2536 2994; x_wconf 87' lang='lat' dir='ltr'><strong>Christus</strong></span> <span class='ocrx_word' id='word_1_420' title='bbox 2575 2938 3013 3004; x_wconf 79' lang='lat' dir='ltr'><strong>fundamentum,</strong></span> <span class='ocrx_word' id='word_1_421' title='bbox 3045 2950 3099 2995; x_wconf 81' lang='lat' dir='ltr'><strong>et</strong></span> <span class='ocrx_word' id='word_1_422' title='bbox 3144 2943 3199 2996; x_wconf 90' lang='lat' dir='ltr'><strong>in</strong></span> <span class='ocrx_word' id='word_1_423' title='bbox 3246 2958 3311 2997; x_wconf 90' lang='lat' dir='ltr'><strong>eo</strong></span> <span class='ocrx_word' id='word_1_424' title='bbox 3353 2959 3543 3001; x_wconf 74' lang='lat' dir='ltr'><strong>omnes</strong></span> 
     </span>
    </p>
   </div>
   <div class='ocr_carea' id='block_1_60' title="bbox 1968 3030 3539 3109">
    <p class='ocr_par' dir='ltr' id='par_1_60' title="bbox 1968 3030 3539 3109">
     <span class='ocr_line' id='line_1_60' title="bbox 1968 3030 3539 3109; baseline 0.005 -25"><span class='ocrx_word' id='word_1_425' title='bbox 1968 3030 2400 3095; x_wconf 70' lang='lat' dir='ltr'><strong>emdilicamur,</strong></span> <span class='ocrx_word' id='word_1_426' title='bbox 2436 3030 2642 3101; x_wconf 86' lang='lat' dir='ltr'><strong>lapides</strong></span> <span class='ocrx_word' id='word_1_427' title='bbox 2673 3032 2780 3086; x_wconf 82' lang='lat' dir='ltr'><strong>vivi</strong></span> <span class='ocrx_word' id='word_1_428' title='bbox 2811 3047 2874 3087; x_wconf 88' lang='lat' dir='ltr'><strong>ac</strong></span> <span class='ocrx_word' id='word_1_429' title='bbox 2908 3034 3245 3103; x_wconf 79' lang='lat' dir='ltr'><strong>Spirituales,</strong></span> <span class='ocrx_word' id='word_1_430' title='bbox 3274 3042 3539 3109; x_wconf 85' lang='lat' dir='ltr'><strong>compacti</strong></span> 
     </span>
    </p>
   </div>
   <div class='ocr_carea' id='block_1_61' title="bbox 1969 3122 3544 3198">
    <p class='ocr_par' dir='ltr' id='par_1_61' title="bbox 1969 3122 3544 3198">
     <span class='ocr_line' id='line_1_61' title="bbox 1969 3122 3544 3198; baseline 0.007 -26"><span class='ocrx_word' id='word_1_431' title='bbox 1969 3131 2025 3173; x_wconf 85' lang='lat' dir='ltr'><strong>et</strong></span> <span class='ocrx_word' id='word_1_432' title='bbox 2053 3122 2415 3191; x_wconf 82' lang='lat' dir='ltr'><strong>coagmentati</strong></span> <span class='ocrx_word' id='word_1_433' title='bbox 2446 3131 2625 3177; x_wconf 87' lang='lat' dir='ltr'><strong>mente</strong></span> <span class='ocrx_word' id='word_1_434' title='bbox 2653 3124 2705 3177; x_wconf 92' lang='lat' dir='ltr'><strong>in</strong></span> <span class='ocrx_word' id='word_1_435' title='bbox 2735 3126 2989 3194; x_wconf 88' lang='lat' dir='ltr'><strong>templum</strong></span> <span class='ocrx_word' id='word_1_436' title='bbox 3020 3138 3297 3198; x_wconf 87' lang='lat' dir='ltr'><strong>sanctum,</strong></span> <span class='ocrx_word' id='word_1_437' title='bbox 3331 3132 3383 3185; x_wconf 93' lang='lat' dir='ltr'><strong>in</strong></span> <span class='ocrx_word' id='word_1_438' title='bbox 3414 3135 3544 3187; x_wconf 67' lang='lat' dir='ltr'><strong>aedi-</strong></span> 
     </span>
    </p>
   </div>
   <div class='ocr_carea' id='block_1_62' title="bbox 1971 3212 3544 3284">
    <p class='ocr_par' dir='ltr' id='par_1_62' title="bbox 1971 3212 3544 3284">
     <span class='ocr_line' id='line_1_62' title="bbox 1971 3212 3544 3284; baseline 0.008 -18"><span class='ocrx_word' id='word_1_439' title='bbox 1971 3212 2150 3267; x_wconf 81' lang='lat' dir='ltr'><strong>ﬁcium</strong></span> <span class='ocrx_word' id='word_1_440' title='bbox 2182 3214 2302 3279; x_wconf 89' lang='lat' dir='ltr'><strong>Dei,</strong></span> <span class='ocrx_word' id='word_1_441' title='bbox 2325 3215 2379 3268; x_wconf 92' lang='lat' dir='ltr'><strong>in</strong></span> <span class='ocrx_word' id='word_1_442' title='bbox 2403 3214 2629 3284; x_wconf 89' lang='lat' dir='ltr'><strong>Spiritu,</strong></span> <span class='ocrx_word' id='word_1_443' title='bbox 2650 3225 2706 3270; x_wconf 92' lang='lat' dir='ltr'><strong>et</strong></span> <span class='ocrx_word' id='word_1_444' title='bbox 2734 3217 2785 3270; x_wconf 93' lang='lat' dir='ltr'><strong>in</strong></span> <span class='ocrx_word' id='word_1_445' title='bbox 2815 3218 2932 3284; x_wconf 90' lang='lat' dir='ltr'><strong>ipso</strong></span> <span class='ocrx_word' id='word_1_446' title='bbox 2962 3219 3205 3275; x_wconf 89' lang='lat' dir='ltr'><strong>collocati</strong></span> <span class='ocrx_word' id='word_1_447' title='bbox 3236 3238 3447 3277; x_wconf 87' lang='lat' dir='ltr'><strong>sumus.</strong></span> <span class='ocrx_word' id='word_1_448' title='bbox 3478 3224 3544 3279; x_wconf 83' lang='lat' dir='ltr'><strong>Et</strong></span> 
     </span>
    </p>
   </div>
   <div class='ocr_carea' id='block_1_63' title="bbox 1970 3306 3541 3375">
    <p class='ocr_par' dir='ltr' id='par_1_63' title="bbox 1970 3306 3541 3375">
     <span class='ocr_line' id='line_1_63' title="bbox 1970 3306 3541 3375; baseline 0.008 -18"><span class='ocrx_word' id='word_1_449' title='bbox 1970 3306 2062 3374; x_wconf 89' lang='lat' dir='ltr'><strong>qui</strong></span> <span class='ocrx_word' id='word_1_450' title='bbox 2110 3318 2232 3360; x_wconf 84' lang='lat' dir='ltr'><strong>cum</strong></span> <span class='ocrx_word' id='word_1_451' title='bbox 2285 3307 2458 3361; x_wconf 89' lang='lat' dir='ltr'><strong>basim</strong></span> <span class='ocrx_word' id='word_1_452' title='bbox 2512 3308 2656 3363; x_wconf 88' lang='lat' dir='ltr'><strong>nacti</strong></span> <span class='ocrx_word' id='word_1_453' title='bbox 2702 3318 2864 3375; x_wconf 87' lang='lat' dir='ltr'><strong>sunt,</strong></span> <span class='ocrx_word' id='word_1_454' title='bbox 2910 3310 3186 3365; x_wconf 92' lang='lat' dir='ltr'><strong>immotum</strong></span> <span class='ocrx_word' id='word_1_455' title='bbox 3243 3313 3443 3369; x_wconf 87' lang='lat' dir='ltr'><strong>habent</strong></span> <span class='ocrx_word' id='word_1_456' title='bbox 3489 3317 3541 3370; x_wconf 91' lang='lat' dir='ltr'><strong>in</strong></span> 
     </span>
    </p>
   </div>
   <div class='ocr_carea' id='block_1_64' title="bbox 293 3382 1868 3482">
    <p class='ocr_par' dir='ltr' id='par_1_64' title="bbox 293 3382 1868 3482">
     <span class='ocr_line' id='line_1_64' title="bbox 293 3382 1868 3482; baseline 0.001 -21"><span class='ocrx_word' id='word_1_457' title='bbox 293 3409 403 3461; x_wconf 75' lang='grc' dir='ltr'><strong>Καὶ</strong></span> <span class='ocrx_word' id='word_1_458' title='bbox 432 3407 642 3462; x_wconf 66' lang='lat' dir='ltr'><strong>in:de</strong></span> <span class='ocrx_word' id='word_1_459' title='bbox 651 3425 750 3479; x_wconf 86' lang='grc' dir='ltr'><strong>ραν</strong></span> <span class='ocrx_word' id='word_1_460' title='bbox 771 3382 1023 3480; x_wconf 69' lang='grc' dir='ltr'>λαχόντες</span> <span class='ocrx_word' id='word_1_461' title='bbox 1045 3382 1228 3476; x_wconf 71' lang='grc' dir='ltr'>αὐτὸν,</span> <span class='ocrx_word' id='word_1_462' title='bbox 1252 3382 1750 3482; x_wconf 54' lang='grc' dir='ltr'>ὰλόνητονέχουσι</span> <span class='ocrx_word' id='word_1_463' title='bbox 1774 3409 1868 3481; x_wconf 80' lang='grc' dir='ltr'>τὴν</span> 
     </span>
    </p>
   </div>
   <div class='ocr_carea' id='block_1_65' title="bbox 1969 3382 3542 3482">
    <p class='ocr_par' dir='ltr' id='par_1_65' title="bbox 1973 3398 3542 3476">
     <span class='ocr_line' id='line_1_65' title="bbox 1973 3398 3542 3476; baseline 0.006 -25"><span class='ocrx_word' id='word_1_464' title='bbox 1973 3398 2225 3453; x_wconf 90' lang='lat' dir='ltr'><strong>omnibus</strong></span> <span class='ocrx_word' id='word_1_465' title='bbox 2252 3399 2407 3453; x_wconf 90' lang='lat' dir='ltr'><strong>bonis</strong></span> <span class='ocrx_word' id='word_1_466' title='bbox 2437 3398 2832 3453; x_wconf 76' lang='lat' dir='ltr'><strong>firmamentum</strong></span> <span class='ocrx_word' id='word_1_467' title='bbox 2863 3408 2920 3454; x_wconf 86' lang='lat' dir='ltr'><strong>et</strong></span> <span class='ocrx_word' id='word_1_468' title='bbox 2954 3402 3374 3459; x_wconf 85' lang='lat' dir='ltr'><strong>stabilimentum</strong></span> <span class='ocrx_word' id='word_1_469' title='bbox 3409 3423 3423 3460; x_wconf 86' lang='lat'><strong>:</strong></span> <span class='ocrx_word' id='word_1_470' title='bbox 3450 3410 3542 3476; x_wconf 90' lang='lat' dir='ltr'><strong>qui</strong></span> 
     </span>
    </p>
   </div>
   <div class='ocr_carea' id='block_1_66' title="bbox 296 3499 1871 3572">
    <p class='ocr_par' dir='ltr' id='par_1_66' title="bbox 296 3499 1871 3572">
     <span class='ocr_line' id='line_1_66' title="bbox 296 3499 1871 3572; baseline 0.002 -20"><span class='ocrx_word' id='word_1_471' title='bbox 296 3500 380 3567; x_wconf 69' lang='grc' dir='ltr'><strong>ἔφ’</strong></span> <span class='ocrx_word' id='word_1_472' title='bbox 421 3499 594 3553; x_wconf 72' lang='grc' dir='ltr'>ἅπασι</span> <span class='ocrx_word' id='word_1_473' title='bbox 622 3504 736 3563; x_wconf 89' lang='grc' dir='ltr'>τοῖς</span> <span class='ocrx_word' id='word_1_474' title='bbox 769 3499 991 3568; x_wconf 83' lang='grc' dir='ltr'>ἀγαθοῖς</span> <span class='ocrx_word' id='word_1_475' title='bbox 1024 3501 1233 3572; x_wconf 78' lang='grc' dir='ltr'>ἵδρυσιν</span> <span class='ocrx_word' id='word_1_476' title='bbox 1258 3518 1318 3555; x_wconf 91' lang='grc' dir='ltr'><strong>τε</strong></span> <span class='ocrx_word' id='word_1_477' title='bbox 1353 3503 1449 3557; x_wconf 73' lang='grc' dir='ltr'>καὶ</span> <span class='ocrx_word' id='word_1_478' title='bbox 1476 3503 1693 3557; x_wconf 85' lang='grc' dir='ltr'>στάσιν·</span> <span class='ocrx_word' id='word_1_479' title='bbox 1731 3505 1779 3555; x_wconf 80' lang='lat' dir='ltr'><strong>oi</strong></span> <span class='ocrx_word' id='word_1_480' title='bbox 1814 3503 1871 3555; x_wconf 73' lang='grc' dir='ltr'>δὲ</span> 
     </span>
    </p>
   </div>
   <div class='ocr_carea' id='block_1_67' title="bbox 294 3590 1871 3665">
    <p class='ocr_par' dir='ltr' id='par_1_67' title="bbox 294 3590 1871 3665">
     <span class='ocr_line' id='line_1_67' title="bbox 294 3590 1871 3665; baseline 0.001 -22"><span class='ocrx_word' id='word_1_481' title='bbox 294 3590 395 3643; x_wconf 81' lang='grc' dir='ltr'><strong>οὐκ</strong></span> <span class='ocrx_word' id='word_1_482' title='bbox 434 3590 653 3659; x_wconf 76' lang='grc' dir='ltr'>ἔχοντες</span> <span class='ocrx_word' id='word_1_483' title='bbox 695 3590 880 3655; x_wconf 81' lang='grc' dir='ltr'>αὑτὸν,</span> <span class='ocrx_word' id='word_1_484' title='bbox 922 3591 1112 3664; x_wconf 87' lang='grc' dir='ltr'>σαθροί</span> <span class='ocrx_word' id='word_1_485' title='bbox 1161 3609 1221 3646; x_wconf 85' lang='grc' dir='ltr'><strong>τε</strong></span> <span class='ocrx_word' id='word_1_486' title='bbox 1266 3592 1403 3659; x_wconf 86' lang='grc' dir='ltr'>λίαν,</span> <span class='ocrx_word' id='word_1_487' title='bbox 1441 3593 1536 3647; x_wconf 77' lang='grc' dir='ltr'>καὶ</span> <span class='ocrx_word' id='word_1_488' title='bbox 1580 3593 1716 3665; x_wconf 85' lang='grc' dir='ltr'>πρὸς</span> <span class='ocrx_word' id='word_1_489' title='bbox 1764 3594 1871 3646; x_wconf 83' lang='grc' dir='ltr'>πᾶν</span> 
     </span>
    </p>
   </div>
   <div class='ocr_carea' id='block_1_68' title="bbox 295 3680 1872 3756">
    <p class='ocr_par' dir='ltr' id='par_1_68' title="bbox 295 3680 1872 3756">
     <span class='ocr_line' id='line_1_68' title="bbox 295 3680 1872 3756; baseline 0.001 -21"><span class='ocrx_word' id='word_1_490' title='bbox 295 3680 476 3735; x_wconf 82' lang='grc' dir='ltr'>ὁτιοῦν</span> <span class='ocrx_word' id='word_1_491' title='bbox 498 3681 609 3735; x_wconf 85' lang='grc' dir='ltr'><strong>τῶν</strong></span> <span class='ocrx_word' id='word_1_492' title='bbox 638 3682 886 3737; x_wconf 73' lang='grc' dir='ltr'>ἐκτόπων</span> <span class='ocrx_word' id='word_1_493' title='bbox 917 3684 1408 3756; x_wconf 83' lang='grc' dir='ltr'>εὐπαρακόμιστοι.</span> <span class='ocrx_word' id='word_1_494' title='bbox 1460 3685 1725 3740; x_wconf 82' lang='grc' dir='ltr'>Πέπτωκε</span> <span class='ocrx_word' id='word_1_495' title='bbox 1756 3703 1872 3738; x_wconf 87' lang='grc' dir='ltr'>τοι-</span> 
     </span>
    </p>
   </div>
   <div class='ocr_carea' id='block_1_69' title="bbox 295 3772 1872 3847">
    <p class='ocr_par' dir='ltr' id='par_1_69' title="bbox 295 3772 1872 3847">
     <span class='ocr_line' id='line_1_69' title="bbox 295 3772 1872 3847; baseline 0.001 -19"><span class='ocrx_word' id='word_1_496' title='bbox 295 3772 507 3846; x_wconf 80' lang='grc' dir='ltr'>γαροῦν</span> <span class='ocrx_word' id='word_1_497' title='bbox 541 3774 793 3839; x_wconf 81' lang='grc' dir='ltr'>Ἰουδαία,</span> <span class='ocrx_word' id='word_1_498' title='bbox 831 3775 1040 3829; x_wconf 81' lang='grc' dir='ltr'>ἀνεῖται</span> <span class='ocrx_word' id='word_1_499' title='bbox 1079 3776 1137 3829; x_wconf 80' lang='grc' dir='ltr'>δὲ</span> <span class='ocrx_word' id='word_1_500' title='bbox 1170 3776 1266 3829; x_wconf 75' lang='grc' dir='ltr'>καὶ</span> <span class='ocrx_word' id='word_1_501' title='bbox 1299 3776 1668 3847; x_wconf 83' lang='grc' dir='ltr'>Ἰερουσαλήμ.</span> <span class='ocrx_word' id='word_1_502' title='bbox 1701 3777 1872 3830; x_wconf 85' lang='grc' dir='ltr'>Τοῦτό</span> 
     </span>
    </p>
   </div>
   <div class='ocr_carea' id='block_1_70' title="bbox 295 3865 1869 3939">
    <p class='ocr_par' dir='ltr' id='par_1_70' title="bbox 295 3865 1869 3939">
     <span class='ocr_line' id='line_1_70' title="bbox 295 3865 1869 3939; baseline -0.001 -18"><span class='ocrx_word' id='word_1_503' title='bbox 295 3881 380 3921; x_wconf 80' lang='grc' dir='ltr'><strong>τοι</strong></span> <span class='ocrx_word' id='word_1_504' title='bbox 403 3865 501 3919; x_wconf 75' lang='grc' dir='ltr'>καὶ</span> <span class='ocrx_word' id='word_1_505' title='bbox 524 3865 711 3937; x_wconf 66' lang='grc' dir='ltr'>ἔτερος</span> <span class='ocrx_word' id='word_1_506' title='bbox 735 3866 845 3920; x_wconf 84' lang='grc' dir='ltr'>τῶν</span> <span class='ocrx_word' id='word_1_507' title='bbox 863 3867 1032 3935; x_wconf 87' lang='grc' dir='ltr'>ἀγίων</span> <span class='ocrx_word' id='word_1_508' title='bbox 1060 3867 1349 3939; x_wconf 84' lang='grc' dir='ltr'>προφητῶν</span> <span class='ocrx_word' id='word_1_509' title='bbox 1373 3868 1869 3938; x_wconf 84' lang='grc' dir='ltr'>προανακεκρόιγει,</span> 
     </span>
    </p>
   </div>
   <div class='ocr_carea' id='block_1_71' title="bbox 296 3952 1871 4028">
    <p class='ocr_par' dir='ltr' id='par_1_71' title="bbox 296 3952 1871 4028">
     <span class='ocr_line' id='line_1_71' title="bbox 296 3952 1871 4028; baseline 0.001 -20"><span class='ocrx_word' id='word_1_510' title='bbox 296 3953 499 4024; x_wconf 77' lang='grc' dir='ltr'>λέγων’</span> <span class='ocrx_word' id='word_1_511' title='bbox 528 3973 551 4005; x_wconf 75' lang='grc' dir='ltr'><strong>ο</strong></span> <span class='ocrx_word' id='word_1_512' title='bbox 586 3952 747 4019; x_wconf 79' lang='grc' dir='ltr'>Οἶκος</span> <span class='ocrx_word' id='word_1_513' title='bbox 781 3956 995 4028; x_wconf 82' lang='grc' dir='ltr'>Ἰσραὴλ</span> <span class='ocrx_word' id='word_1_514' title='bbox 1015 3956 1229 4023; x_wconf 80' lang='grc' dir='ltr'>ἔπεσεν,</span> <span class='ocrx_word' id='word_1_515' title='bbox 1259 3958 1360 4010; x_wconf 83' lang='grc' dir='ltr'><strong>οὐκ</strong></span> <span class='ocrx_word' id='word_1_516' title='bbox 1387 3956 1540 4012; x_wconf 78' lang='grc' dir='ltr'>ἔσται</span> <span class='ocrx_word' id='word_1_517' title='bbox 1575 3957 1603 4008; x_wconf 88' lang='grc' dir='ltr'><strong>ὁ</strong></span> <span class='ocrx_word' id='word_1_518' title='bbox 1632 3959 1871 4028; x_wconf 87' lang='grc' dir='ltr'>ἀναστή-</span> 
     </span>
    </p>
   </div>
   <div class='ocr_carea' id='block_1_72' title="bbox 295 4048 1876 4121">
    <p class='ocr_par' dir='ltr' id='par_1_72' title="bbox 295 4048 1876 4121">
     <span class='ocr_line' id='line_1_72' title="bbox 295 4048 1876 4121; baseline 0 -18"><span class='ocrx_word' id='word_1_519' title='bbox 295 4065 409 4103; x_wconf 75' lang='grc' dir='ltr'><strong>σων</strong></span> <span class='ocrx_word' id='word_1_520' title='bbox 434 4049 619 4105; x_wconf 85' lang='grc' dir='ltr'>αὐτόν.</span> <span class='ocrx_word' id='word_1_521' title='bbox 652 4067 675 4102; x_wconf 74' lang='grc' dir='ltr'><strong>ι</strong></span> <span class='ocrx_word' id='word_1_522' title='bbox 703 4049 1021 4121; x_wconf 75' lang='grc' dir='ltr'>Συμϐέϐηκε</span> <span class='ocrx_word' id='word_1_523' title='bbox 1070 4049 1129 4104; x_wconf 81' lang='grc' dir='ltr'>δὲ</span> <span class='ocrx_word' id='word_1_524' title='bbox 1174 4048 1245 4103; x_wconf 82' lang='grc' dir='ltr'>τὰ</span> <span class='ocrx_word' id='word_1_525' title='bbox 1282 4049 1507 4104; x_wconf 86' lang='grc' dir='ltr'>τοιαῦτα</span> <span class='ocrx_word' id='word_1_526' title='bbox 1550 4050 1741 4103; x_wconf 86' lang='grc' dir='ltr'>παθεῖν</span> <span class='ocrx_word' id='word_1_527' title='bbox 1783 4052 1876 4103; x_wconf 79' lang='grc' dir='ltr'><strong>αὺ-</strong></span> 
     </span>
    </p>
   </div>
   <div class='ocr_carea' id='block_1_73' title="bbox 293 4140 1874 4215">
    <p class='ocr_par' dir='ltr' id='par_1_73' title="bbox 293 4140 1874 4215">
     <span class='ocr_line' id='line_1_73' title="bbox 293 4140 1874 4215; baseline 0.001 -21"><span class='ocrx_word' id='word_1_528' title='bbox 293 4143 447 4205; x_wconf 73' lang='grc' dir='ltr'>τοὺς,</span> <span class='ocrx_word' id='word_1_529' title='bbox 480 4142 565 4196; x_wconf 77' lang='grc' dir='ltr'>ὅτι</span> <span class='ocrx_word' id='word_1_530' title='bbox 602 4142 739 4215; x_wconf 81' lang='grc' dir='ltr'>πρὸς</span> <span class='ocrx_word' id='word_1_531' title='bbox 763 4143 887 4205; x_wconf 84' lang='grc' dir='ltr'>ταῖς</span> <span class='ocrx_word' id='word_1_532' title='bbox 908 4140 1230 4208; x_wconf 84' lang='grc' dir='ltr'>ἀπειθείαις,</span> <span class='ocrx_word' id='word_1_533' title='bbox 1263 4140 1494 4213; x_wconf 76' lang='grc' dir='ltr'>δυσσεϐῆ</span> <span class='ocrx_word' id='word_1_534' title='bbox 1530 4143 1624 4197; x_wconf 76' lang='grc' dir='ltr'><strong>καὶ</strong></span> <span class='ocrx_word' id='word_1_535' title='bbox 1659 4143 1874 4213; x_wconf 86' lang='grc' dir='ltr'>ἀνομω-</span> 
     </span>
    </p>
   </div>
   <div class='ocr_carea' id='block_1_74' title="bbox 293 4231 1871 4305">
    <p class='ocr_par' dir='ltr' id='par_1_74' title="bbox 293 4231 1871 4305">
     <span class='ocr_line' id='line_1_74' title="bbox 293 4231 1871 4305; baseline -0.001 -16"><span class='ocrx_word' id='word_1_536' title='bbox 293 4234 470 4305; x_wconf 80' lang='grc' dir='ltr'>τάτην</span> <span class='ocrx_word' id='word_1_537' title='bbox 499 4233 765 4304; x_wconf 69' lang='grc' dir='ltr'>ἐσχήκασι</span> <span class='ocrx_word' id='word_1_538' title='bbox 796 4231 1064 4302; x_wconf 83' lang='grc' dir='ltr'>γλῶσσαν.</span> <span class='ocrx_word' id='word_1_539' title='bbox 1102 4232 1169 4286; x_wconf 85' lang='grc' dir='ltr'>Τί</span> <span class='ocrx_word' id='word_1_540' title='bbox 1203 4232 1312 4303; x_wconf 83' lang='grc' dir='ltr'><strong>γάρ</strong></span> <span class='ocrx_word' id='word_1_541' title='bbox 1330 4233 1446 4286; x_wconf 79' lang='grc' dir='ltr'>ἐστι</span> <span class='ocrx_word' id='word_1_542' title='bbox 1475 4231 1582 4286; x_wconf 86' lang='grc' dir='ltr'>τῶν</span> <span class='ocrx_word' id='word_1_543' title='bbox 1610 4234 1871 4305; x_wconf 82' lang='grc' dir='ltr'>αἰσχρῶν,</span> 
     </span>
    </p>
   </div>
   <div class='ocr_carea' id='block_1_75' title="bbox 294 4323 1875 4397">
    <p class='ocr_par' dir='ltr' id='par_1_75' title="bbox 294 4323 1875 4397">
     <span class='ocr_line' id='line_1_75' title="bbox 294 4323 1875 4397; baseline -0.001 -19"><span class='ocrx_word' id='word_1_544' title='bbox 294 4325 326 4378; x_wconf 79' lang='grc' dir='ltr'><strong>ὃ</strong></span> <span class='ocrx_word' id='word_1_545' title='bbox 354 4325 431 4397; x_wconf 81' lang='grc' dir='ltr'>μὴ</span> <span class='ocrx_word' id='word_1_546' title='bbox 458 4324 752 4396; x_wconf 79' lang='grc' dir='ltr'>εἰρηκότας</span> <span class='ocrx_word' id='word_1_547' title='bbox 782 4323 980 4388; x_wconf 77' lang='grc' dir='ltr'>αὐτοὺς</span> <span class='ocrx_word' id='word_1_548' title='bbox 1004 4324 1307 4395; x_wconf 82' lang='grc' dir='ltr'>εὑρήσομεν</span> <span class='ocrx_word' id='word_1_549' title='bbox 1341 4323 1483 4377; x_wconf 85' lang='grc' dir='ltr'>κατά</span> <span class='ocrx_word' id='word_1_550' title='bbox 1512 4340 1575 4392; x_wconf 91' lang='grc' dir='ltr'><strong>γε</strong></span> <span class='ocrx_word' id='word_1_551' title='bbox 1615 4324 1707 4377; x_wconf 87' lang='grc' dir='ltr'><strong>τοῦ</strong></span> <span class='ocrx_word' id='word_1_552' title='bbox 1738 4324 1875 4377; x_wconf 84' lang='grc' dir='ltr'>πάν-</span> 
     </span>
    </p>
   </div>
   <div class='ocr_carea' id='block_1_76' title="bbox 294 4412 1874 4487">
    <p class='ocr_par' dir='ltr' id='par_1_76' title="bbox 294 4412 1874 4487">
     <span class='ocr_line' id='line_1_76' title="bbox 294 4412 1874 4487; baseline 0.001 -20"><span class='ocrx_word' id='word_1_553' title='bbox 294 4431 408 4468; x_wconf 79' lang='grc' dir='ltr'><strong>των</strong></span> <span class='ocrx_word' id='word_1_554' title='bbox 433 4413 594 4485; x_wconf 82' lang='grc' dir='ltr'>ἡμῶν</span> <span class='ocrx_word' id='word_1_555' title='bbox 625 4412 876 4484; x_wconf 83' lang='grc' dir='ltr'>Σωτῆρος</span> <span class='ocrx_word' id='word_1_556' title='bbox 899 4413 1138 4483; x_wconf 77' lang='grc' dir='ltr'>Χριστοῦ</span> <span class='ocrx_word' id='word_1_557' title='bbox 1164 4430 1179 4479; x_wconf 90' lang='grc'><strong>;</strong></span> <span class='ocrx_word' id='word_1_558' title='bbox 1215 4413 1532 4487; x_wconf 87' lang='grc' dir='ltr'>Σαμαρίτην</span> <span class='ocrx_word' id='word_1_559' title='bbox 1562 4415 1654 4467; x_wconf 78' lang='grc' dir='ltr'><strong>καὶ</strong></span> <span class='ocrx_word' id='word_1_560' title='bbox 1685 4415 1874 4484; x_wconf 84' lang='grc' dir='ltr'>δαιμο-</span> 
     </span>
    </p>
   </div>
   <div class='ocr_carea' id='block_1_77' title="bbox 297 4507 1869 4579">
    <p class='ocr_par' dir='ltr' id='par_1_77' title="bbox 297 4507 1869 4579">
     <span class='ocr_line' id='line_1_77' title="bbox 297 4507 1869 4579; baseline 0.001 -18"><span class='ocrx_word' id='word_1_561' title='bbox 297 4508 521 4574; x_wconf 84' lang='grc' dir='ltr'>νιῶντα,</span> <span class='ocrx_word' id='word_1_562' title='bbox 552 4509 645 4563; x_wconf 74' lang='grc' dir='ltr'>καὶ</span> <span class='ocrx_word' id='word_1_563' title='bbox 675 4507 782 4579; x_wconf 79' lang='grc' dir='ltr'>μὴν</span> <span class='ocrx_word' id='word_1_564' title='bbox 810 4508 907 4562; x_wconf 78' lang='grc' dir='ltr'><strong>καὶ</strong></span> <span class='ocrx_word' id='word_1_565' title='bbox 942 4508 1115 4577; x_wconf 79' lang='grc' dir='ltr'>φάγον</span> <span class='ocrx_word' id='word_1_566' title='bbox 1140 4508 1236 4562; x_wconf 67' lang='grc' dir='ltr'><strong>καὶ</strong></span> <span class='ocrx_word' id='word_1_567' title='bbox 1260 4510 1544 4579; x_wconf 87' lang='grc' dir='ltr'>οίνοπότην</span> <span class='ocrx_word' id='word_1_568' title='bbox 1569 4509 1869 4579; x_wconf 80' lang='grc' dir='ltr'>ὠνόμαζον.</span> 
     </span>
    </p>
   </div>
   <div class='ocr_carea' id='block_1_78' title="bbox 298 4599 1873 4672">
    <p class='ocr_par' dir='ltr' id='par_1_78' title="bbox 298 4599 1873 4672">
     <span class='ocr_line' id='line_1_78' title="bbox 298 4599 1873 4672; baseline 0.001 -19"><span class='ocrx_word' id='word_1_569' title='bbox 298 4602 394 4653; x_wconf 80' lang='grc' dir='ltr'><strong>καὶ</strong></span> <span class='ocrx_word' id='word_1_570' title='bbox 442 4601 510 4653; x_wconf 80' lang='grc' dir='ltr'>ἐκ</span> <span class='ocrx_word' id='word_1_571' title='bbox 559 4601 814 4671; x_wconf 82' lang='grc' dir='ltr'>πορνείας</span> <span class='ocrx_word' id='word_1_572' title='bbox 873 4599 1254 4672; x_wconf 80' lang='grc' dir='ltr'>γεγενημένον.</span> <span class='ocrx_word' id='word_1_573' title='bbox 1320 4600 1528 4654; x_wconf 82' lang='grc' dir='ltr'>Οὐκοῦν</span> <span class='ocrx_word' id='word_1_574' title='bbox 1583 4601 1724 4671; x_wconf 74' lang='grc' dir='ltr'>μετὰ</span> <span class='ocrx_word' id='word_1_575' title='bbox 1773 4603 1873 4672; x_wconf 83' lang='grc' dir='ltr'><strong>τῆς</strong></span> 
     </span>
    </p>
   </div>
   <div class='ocr_carea' id='block_1_79' title="bbox 1970 3492 3543 3568">
    <p class='ocr_par' dir='ltr' id='par_1_79' title="bbox 1970 3492 3543 3568">
     <span class='ocr_line' id='line_1_79' title="bbox 1970 3492 3543 3568; baseline -0.003 -23"><span class='ocrx_word' id='word_1_576' title='bbox 1970 3506 2103 3547; x_wconf 79' lang='lat' dir='ltr'><strong>vero</strong></span> <span class='ocrx_word' id='word_1_577' title='bbox 2137 3506 2242 3546; x_wconf 92' lang='lat' dir='ltr'><strong>non</strong></span> <span class='ocrx_word' id='word_1_578' title='bbox 2276 3492 2499 3557; x_wconf 89' lang='lat' dir='ltr'><strong>habent,</strong></span> <span class='ocrx_word' id='word_1_579' title='bbox 2530 3492 2731 3547; x_wconf 90' lang='lat' dir='ltr'><strong>ruinosi</strong></span> <span class='ocrx_word' id='word_1_580' title='bbox 2768 3500 2928 3557; x_wconf 90' lang='lat' dir='ltr'><strong>sunt,</strong></span> <span class='ocrx_word' id='word_1_581' title='bbox 2960 3502 3015 3547; x_wconf 92' lang='lat' dir='ltr'><strong>et</strong></span> <span class='ocrx_word' id='word_1_582' title='bbox 3044 3495 3109 3549; x_wconf 90' lang='lat' dir='ltr'><strong>ad</strong></span> <span class='ocrx_word' id='word_1_583' title='bbox 3144 3496 3356 3565; x_wconf 89' lang='lat' dir='ltr'><strong>quidvis</strong></span> <span class='ocrx_word' id='word_1_584' title='bbox 3386 3497 3543 3568; x_wconf 73' lang='lat' dir='ltr'><strong>uagi-</strong></span> 
     </span>
    </p>
   </div>
   <div class='ocr_carea' id='block_1_80' title="bbox 1975 3584 3541 3657">
    <p class='ocr_par' dir='ltr' id='par_1_80' title="bbox 1975 3584 3541 3657">
     <span class='ocr_line' id='line_1_80' title="bbox 1975 3584 3541 3657; baseline 0.004 -18"><span class='ocrx_word' id='word_1_585' title='bbox 1975 3587 2168 3640; x_wconf 89' lang='lat' dir='ltr'><strong>tiosum</strong></span> <span class='ocrx_word' id='word_1_586' title='bbox 2202 3584 2461 3639; x_wconf 82' lang='lat' dir='ltr'><strong>facillime</strong></span> <span class='ocrx_word' id='word_1_587' title='bbox 2494 3585 2855 3655; x_wconf 84' lang='lat' dir='ltr'><strong>abripiuntur.</strong></span> <span class='ocrx_word' id='word_1_588' title='bbox 2889 3585 3095 3642; x_wconf 90' lang='lat' dir='ltr'><strong>Cecidit</strong></span> <span class='ocrx_word' id='word_1_589' title='bbox 3127 3588 3291 3657; x_wconf 88' lang='lat' dir='ltr'><strong>igitur</strong></span> <span class='ocrx_word' id='word_1_590' title='bbox 3323 3588 3541 3655; x_wconf 60' lang='grc' dir='ltr'>εἰσόκε,</span> 
     </span>
    </p>
   </div>
   <div class='ocr_carea' id='block_1_81' title="bbox 1974 3676 3543 3751">
    <p class='ocr_par' dir='ltr' id='par_1_81' title="bbox 1974 3676 3543 3751">
     <span class='ocr_line' id='line_1_81' title="bbox 1974 3676 3543 3751; baseline 0.003 -18"><span class='ocrx_word' id='word_1_591' title='bbox 1974 3679 2274 3733; x_wconf 88' lang='lat' dir='ltr'><strong>dimittetur</strong></span> <span class='ocrx_word' id='word_1_592' title='bbox 2305 3678 2467 3732; x_wconf 89' lang='lat' dir='ltr'><strong>etiam</strong></span> <span class='ocrx_word' id='word_1_593' title='bbox 2497 3676 2821 3735; x_wconf 88' lang='lat' dir='ltr'><strong>Jerusalem.</strong></span> <span class='ocrx_word' id='word_1_594' title='bbox 2852 3679 3041 3735; x_wconf 90' lang='lat' dir='ltr'><strong>Simile</strong></span> <span class='ocrx_word' id='word_1_595' title='bbox 3073 3681 3325 3751; x_wconf 88' lang='lat' dir='ltr'><strong>quiddam</strong></span> <span class='ocrx_word' id='word_1_596' title='bbox 3363 3698 3393 3738; x_wconf 90' lang='lat' dir='ltr'><strong>e</strong></span> <span class='ocrx_word' id='word_1_597' title='bbox 3421 3699 3543 3739; x_wconf 82' lang='lat' dir='ltr'><strong>san-</strong></span> 
     </span>
    </p>
   </div>
   <div class='ocr_carea' id='block_1_82' title="bbox 1972 3770 3540 3841">
    <p class='ocr_par' dir='ltr' id='par_1_82' title="bbox 1972 3770 3540 3841">
     <span class='ocr_line' id='line_1_82' title="bbox 1972 3770 3540 3841; baseline 0.004 -16"><span class='ocrx_word' id='word_1_598' title='bbox 1972 3772 2075 3826; x_wconf 91' lang='lat' dir='ltr'><strong>ctis</strong></span> <span class='ocrx_word' id='word_1_599' title='bbox 2114 3772 2393 3841; x_wconf 85' lang='lat' dir='ltr'><strong>prophetis</strong></span> <span class='ocrx_word' id='word_1_600' title='bbox 2441 3770 2579 3825; x_wconf 89' lang='lat' dir='ltr'><strong>alius</strong></span> <span class='ocrx_word' id='word_1_601' title='bbox 2619 3781 2745 3824; x_wconf 90' lang='lat' dir='ltr'><strong>ante</strong></span> <span class='ocrx_word' id='word_1_602' title='bbox 2788 3772 3179 3841; x_wconf 89' lang='lat' dir='ltr'><strong>proclamavit,</strong></span> <span class='ocrx_word' id='word_1_603' title='bbox 3204 3788 3325 3829; x_wconf 92' lang='lat' dir='ltr'><strong>cum</strong></span> <span class='ocrx_word' id='word_1_604' title='bbox 3359 3775 3491 3831; x_wconf 91' lang='lat' dir='ltr'><strong>dicit</strong></span> <span class='ocrx_word' id='word_1_605' title='bbox 3525 3795 3540 3832; x_wconf 92' lang='lat'><strong>:</strong></span> 
     </span>
    </p>
   </div>
   <div class='ocr_carea' id='block_1_83' title="bbox 1979 3864 3540 3934">
    <p class='ocr_par' dir='ltr' id='par_1_83' title="bbox 1979 3864 3540 3934">
     <span class='ocr_line' id='line_1_83' title="bbox 1979 3864 3540 3934; baseline 0.003 -18"><span class='ocrx_word' id='word_1_606' title='bbox 1979 3883 1998 3915; x_wconf 74' lang='grc' dir='ltr'><strong>ι</strong></span> <span class='ocrx_word' id='word_1_607' title='bbox 2038 3866 2233 3919; x_wconf 89' lang='lat' dir='ltr'><strong>Domus</strong></span> <span class='ocrx_word' id='word_1_608' title='bbox 2259 3864 2424 3919; x_wconf 90' lang='lat' dir='ltr'><strong>Israel</strong></span> <span class='ocrx_word' id='word_1_609' title='bbox 2449 3865 2665 3928; x_wconf 85' lang='lat' dir='ltr'><strong>cecidit,</strong></span> <span class='ocrx_word' id='word_1_610' title='bbox 2691 3878 2792 3916; x_wconf 88' lang='lat' dir='ltr'><strong>non</strong></span> <span class='ocrx_word' id='word_1_611' title='bbox 2816 3872 2898 3918; x_wconf 87' lang='lat' dir='ltr'><strong>est</strong></span> <span class='ocrx_word' id='word_1_612' title='bbox 2924 3865 3015 3934; x_wconf 93' lang='lat' dir='ltr'><strong>qui</strong></span> <span class='ocrx_word' id='word_1_613' title='bbox 3042 3879 3160 3919; x_wconf 91' lang='lat' dir='ltr'><strong>eam</strong></span> <span class='ocrx_word' id='word_1_614' title='bbox 3188 3868 3487 3923; x_wconf 86' lang='lat' dir='ltr'><strong>resuscitet.</strong></span> <span class='ocrx_word' id='word_1_615' title='bbox 3519 3887 3540 3920; x_wconf 70' lang='grc' dir='ltr'><strong>ι</strong></span> 
     </span>
    </p>
   </div>
   <div class='ocr_carea' id='block_1_84' title="bbox 1974 3955 3546 4026">
    <p class='ocr_par' dir='ltr' id='par_1_84' title="bbox 1974 3955 3546 4026">
     <span class='ocr_line' id='line_1_84' title="bbox 1974 3955 3546 4026; baseline 0.003 -17"><span class='ocrx_word' id='word_1_616' title='bbox 1974 3956 2104 4023; x_wconf 65' lang='lat' dir='ltr'><strong>Quae</strong></span> <span class='ocrx_word' id='word_1_617' title='bbox 2130 3956 2334 4013; x_wconf 89' lang='lat' dir='ltr'><strong>idcirco</strong></span> <span class='ocrx_word' id='word_1_618' title='bbox 2360 3957 2576 4023; x_wconf 84' lang='lat' dir='ltr'><strong>quidem</strong></span> <span class='ocrx_word' id='word_1_619' title='bbox 2602 3955 2936 4022; x_wconf 80' lang='lat' dir='ltr'><strong>acciderunt,</strong></span> <span class='ocrx_word' id='word_1_620' title='bbox 2963 3957 3102 4024; x_wconf 88' lang='lat' dir='ltr'><strong>quod</strong></span> <span class='ocrx_word' id='word_1_621' title='bbox 3136 3965 3332 4026; x_wconf 69' lang='lat' dir='ltr'><strong>praeter</strong></span> <span class='ocrx_word' id='word_1_622' title='bbox 3361 3960 3546 4013; x_wconf 82' lang='lat' dir='ltr'><strong>inobe-</strong></span> 
     </span>
    </p>
   </div>
   <div class='ocr_carea' id='block_1_85' title="bbox 1972 4047 3543 4121">
    <p class='ocr_par' dir='ltr' id='par_1_85' title="bbox 1972 4047 3543 4121">
     <span class='ocr_line' id='line_1_85' title="bbox 1972 4047 3543 4121; baseline 0.001 -18"><span class='ocrx_word' id='word_1_623' title='bbox 1972 4048 2257 4113; x_wconf 83' lang='lat' dir='ltr'><strong>dientiam,</strong></span> <span class='ocrx_word' id='word_1_624' title='bbox 2280 4049 2497 4117; x_wconf 89' lang='lat' dir='ltr'><strong>impiam</strong></span> <span class='ocrx_word' id='word_1_625' title='bbox 2524 4057 2783 4117; x_wconf 72' lang='lat' dir='ltr'><strong>praeterea</strong></span> <span class='ocrx_word' id='word_1_626' title='bbox 2813 4047 3050 4121; x_wconf 82' lang='lat' dir='ltr'><strong>linguam</strong></span> <span class='ocrx_word' id='word_1_627' title='bbox 3074 4060 3127 4103; x_wconf 91' lang='lat' dir='ltr'><strong>et</strong></span> <span class='ocrx_word' id='word_1_628' title='bbox 3153 4050 3543 4120; x_wconf 86' lang='lat' dir='ltr'><strong>iniquissimam</strong></span> 
     </span>
    </p>
   </div>
   <div class='ocr_carea' id='block_1_86' title="bbox 1973 4139 3548 4213">
    <p class='ocr_par' dir='ltr' id='par_1_86' title="bbox 1973 4139 3548 4213">
     <span class='ocr_line' id='line_1_86' title="bbox 1973 4139 3548 4213; baseline 0.003 -19"><span class='ocrx_word' id='word_1_629' title='bbox 1973 4141 2218 4195; x_wconf 84' lang='lat' dir='ltr'><strong>haberet.</strong></span> <span class='ocrx_word' id='word_1_630' title='bbox 2249 4140 2401 4207; x_wconf 81' lang='lat' dir='ltr'><strong>Quod</strong></span> <span class='ocrx_word' id='word_1_631' title='bbox 2436 4141 2577 4194; x_wconf 88' lang='lat' dir='ltr'><strong>enim</strong></span> <span class='ocrx_word' id='word_1_632' title='bbox 2610 4139 2873 4197; x_wconf 67' lang='lat' dir='ltr'><strong>foeditatis</strong></span> <span class='ocrx_word' id='word_1_633' title='bbox 2898 4158 3068 4213; x_wconf 84' lang='lat' dir='ltr'><strong>genus</strong></span> <span class='ocrx_word' id='word_1_634' title='bbox 3092 4158 3197 4197; x_wconf 91' lang='lat' dir='ltr'><strong>non</strong></span> <span class='ocrx_word' id='word_1_635' title='bbox 3232 4143 3394 4199; x_wconf 92' lang='lat' dir='ltr'><strong>locuti</strong></span> <span class='ocrx_word' id='word_1_636' title='bbox 3422 4156 3548 4200; x_wconf 91' lang='lat' dir='ltr'><strong>sunt</strong></span> 
     </span>
    </p>
   </div>
   <div class='ocr_carea' id='block_1_87' title="bbox 1973 4232 3546 4291">
    <p class='ocr_par' dir='ltr' id='par_1_87' title="bbox 1973 4232 3546 4291">
     <span class='ocr_line' id='line_1_87' title="bbox 1973 4232 3546 4291; baseline 0.001 -3"><span class='ocrx_word' id='word_1_637' title='bbox 1973 4243 2158 4289; x_wconf 90' lang='lat' dir='ltr'><strong>contra</strong></span> <span class='ocrx_word' id='word_1_638' title='bbox 2182 4234 2419 4288; x_wconf 90' lang='lat' dir='ltr'><strong>omnium</strong></span> <span class='ocrx_word' id='word_1_639' title='bbox 2450 4232 2786 4288; x_wconf 87' lang='lat' dir='ltr'><strong>Servatorem</strong></span> <span class='ocrx_word' id='word_1_640' title='bbox 2814 4232 3122 4291; x_wconf 81' lang='lat' dir='ltr'><strong>Christum?</strong></span> <span class='ocrx_word' id='word_1_641' title='bbox 3143 4235 3275 4291; x_wconf 88' lang='lat' dir='ltr'><strong>Cum</strong></span> <span class='ocrx_word' id='word_1_642' title='bbox 3304 4235 3546 4291; x_wconf 86' lang='lat' dir='ltr'><strong>Samari-</strong></span> 
     </span>
    </p>
   </div>
   <div class='ocr_carea' id='block_1_88' title="bbox 1974 4328 3547 4399">
    <p class='ocr_par' dir='ltr' id='par_1_88' title="bbox 1974 4328 3547 4399">
     <span class='ocr_line' id='line_1_88' title="bbox 1974 4328 3547 4399; baseline 0.001 -17"><span class='ocrx_word' id='word_1_643' title='bbox 1974 4337 2192 4392; x_wconf 88' lang='lat' dir='ltr'><strong>tanum,</strong></span> <span class='ocrx_word' id='word_1_644' title='bbox 2226 4328 2645 4393; x_wconf 72' lang='lat' dir='ltr'><strong>daemoniacum,</strong></span> <span class='ocrx_word' id='word_1_645' title='bbox 2676 4328 2931 4395; x_wconf 89' lang='lat' dir='ltr'><strong>edacem,</strong></span> <span class='ocrx_word' id='word_1_646' title='bbox 2965 4330 3358 4399; x_wconf 89' lang='lat' dir='ltr'><strong>vinipotorem,</strong></span> <span class='ocrx_word' id='word_1_647' title='bbox 3390 4340 3444 4385; x_wconf 89' lang='lat' dir='ltr'><strong>et</strong></span> <span class='ocrx_word' id='word_1_648' title='bbox 3479 4346 3547 4384; x_wconf 69' lang='lat' dir='ltr'><strong>ex</strong></span> 
     </span>
    </p>
   </div>
   <div class='ocr_carea' id='block_1_89' title="bbox 1974 4420 3547 4485">
    <p class='ocr_par' dir='ltr' id='par_1_89' title="bbox 1974 4420 3547 4485">
     <span class='ocr_line' id='line_1_89' title="bbox 1974 4420 3547 4485; baseline 0.001 -11"><span class='ocrx_word' id='word_1_649' title='bbox 1974 4420 2301 4476; x_wconf 88' lang='lat' dir='ltr'><strong>scortatione</strong></span> <span class='ocrx_word' id='word_1_650' title='bbox 2331 4429 2516 4474; x_wconf 86' lang='lat' dir='ltr'><strong>natum</strong></span> <span class='ocrx_word' id='word_1_651' title='bbox 2535 4459 2551 4485; x_wconf 89' lang='lat'><strong>,</strong></span> <span class='ocrx_word' id='word_1_652' title='bbox 2576 4421 2697 4475; x_wconf 86' lang='lat' dir='ltr'><strong>etim</strong></span> <span class='ocrx_word' id='word_1_653' title='bbox 2729 4422 3006 4476; x_wconf 87' lang='lat' dir='ltr'><strong>dicerent?</strong></span> <span class='ocrx_word' id='word_1_654' title='bbox 3032 4422 3266 4477; x_wconf 86' lang='lat' dir='ltr'><strong>Proinde</strong></span> <span class='ocrx_word' id='word_1_655' title='bbox 3296 4439 3414 4477; x_wconf 92' lang='lat' dir='ltr'><strong>cum</strong></span> <span class='ocrx_word' id='word_1_656' title='bbox 3445 4424 3547 4476; x_wconf 91' lang='lat' dir='ltr'><strong>hac</strong></span> 
     </span>
    </p>
   </div>
   <div class='ocr_carea' id='block_1_90' title="bbox 1974 4510 3546 4580">
    <p class='ocr_par' dir='ltr' id='par_1_90' title="bbox 1974 4510 3546 4580">
     <span class='ocr_line' id='line_1_90' title="bbox 1974 4510 3546 4580; baseline 0.001 -15"><span class='ocrx_word' id='word_1_657' title='bbox 1974 4510 2367 4575; x_wconf 88' lang='lat' dir='ltr'><strong>inobedientia,</strong></span> <span class='ocrx_word' id='word_1_658' title='bbox 2400 4510 2579 4578; x_wconf 87' lang='lat' dir='ltr'><strong>lingua</strong></span> <span class='ocrx_word' id='word_1_659' title='bbox 2607 4525 2822 4575; x_wconf 90' lang='lat' dir='ltr'><strong>eorum,</strong></span> <span class='ocrx_word' id='word_1_660' title='bbox 2853 4512 2905 4565; x_wconf 93' lang='lat' dir='ltr'><strong>in</strong></span> <span class='ocrx_word' id='word_1_661' title='bbox 2934 4512 3001 4565; x_wconf 89' lang='lat' dir='ltr'><strong>iis</strong></span> <span class='ocrx_word' id='word_1_662' title='bbox 3031 4527 3151 4580; x_wconf 73' lang='lat' dir='ltr'><strong>qure</strong></span> <span class='ocrx_word' id='word_1_663' title='bbox 3180 4513 3246 4567; x_wconf 90' lang='lat' dir='ltr'><strong>ad</strong></span> <span class='ocrx_word' id='word_1_664' title='bbox 3276 4511 3546 4567; x_wconf 76' lang='lat' dir='ltr'><strong>Christum</strong></span> 
     </span>
    </p>
   </div>
   <div class='ocr_carea' id='block_1_91' title="bbox 1974 4601 3549 4672">
    <p class='ocr_par' dir='ltr' id='par_1_91' title="bbox 1974 4601 3549 4672">
     <span class='ocr_line' id='line_1_91' title="bbox 1974 4601 3549 4672; baseline 0.001 -15"><span class='ocrx_word' id='word_1_665' title='bbox 1974 4602 2315 4672; x_wconf 87' lang='lat' dir='ltr'><strong>spectabant,</strong></span> <span class='ocrx_word' id='word_1_666' title='bbox 2348 4616 2560 4669; x_wconf 89' lang='lat' dir='ltr'><strong>semper</strong></span> <span class='ocrx_word' id='word_1_667' title='bbox 2597 4602 2760 4672; x_wconf 90' lang='lat' dir='ltr'><strong>impie</strong></span> <span class='ocrx_word' id='word_1_668' title='bbox 2805 4602 3054 4672; x_wconf 88' lang='lat' dir='ltr'><strong>petulans</strong></span> <span class='ocrx_word' id='word_1_669' title='bbox 3093 4601 3221 4670; x_wconf 82' lang='lat' dir='ltr'><strong>fuit,</strong></span> <span class='ocrx_word' id='word_1_670' title='bbox 3253 4604 3317 4657; x_wconf 90' lang='lat' dir='ltr'><strong>de</strong></span> <span class='ocrx_word' id='word_1_671' title='bbox 3356 4604 3549 4671; x_wconf 88' lang='lat' dir='ltr'><strong>quibus</strong></span> 
     </span>
    </p>
   </div>
   <div class='ocr_carea' id='block_1_92' title="bbox 298 4689 1868 4772">
    <p class='ocr_par' dir='ltr' id='par_1_92' title="bbox 298 4689 1868 4761">
     <span class='ocr_line' id='line_1_92' title="bbox 298 4689 1868 4761; baseline 0 -16"><span class='ocrx_word' id='word_1_672' title='bbox 298 4690 584 4755; x_wconf 81' lang='grc' dir='ltr'>ἀπειθείας</span> <span class='ocrx_word' id='word_1_673' title='bbox 614 4689 977 4745; x_wconf 79' lang='grc' dir='ltr'>διατετέλεκεν</span> <span class='ocrx_word' id='word_1_674' title='bbox 1005 4691 1038 4761; x_wconf 84' lang='grc' dir='ltr'>ἡ</span> <span class='ocrx_word' id='word_1_675' title='bbox 1074 4689 1293 4760; x_wconf 85' lang='grc' dir='ltr'>γλῶσσα</span> <span class='ocrx_word' id='word_1_676' title='bbox 1326 4690 1504 4744; x_wconf 83' lang='grc' dir='ltr'>αὐτῶν</span> <span class='ocrx_word' id='word_1_677' title='bbox 1536 4689 1868 4745; x_wconf 77' lang='grc' dir='ltr'>δυσσεϐοῦσα</span> 
     </span>
    </p>
   </div>
   <div class='ocr_carea' id='block_1_93' title="bbox 1969 4689 3549 4772">
    <p class='ocr_par' dir='ltr' id='par_1_93' title="bbox 1976 4690 3549 4762">
     <span class='ocr_line' id='line_1_93' title="bbox 1976 4690 3549 4762; baseline 0.001 -15"><span class='ocrx_word' id='word_1_678' title='bbox 1976 4693 2079 4747; x_wconf 91' lang='lat' dir='ltr'><strong>dici</strong></span> <span class='ocrx_word' id='word_1_679' title='bbox 2123 4699 2302 4762; x_wconf 85' lang='lat' dir='ltr'><strong>potest</strong></span> <span class='ocrx_word' id='word_1_680' title='bbox 2344 4710 2361 4746; x_wconf 87' lang='lat'><strong>:</strong></span> <span class='ocrx_word' id='word_1_681' title='bbox 2406 4690 2520 4745; x_wconf 87' lang='lat' dir='ltr'><strong>Non</strong></span> <span class='ocrx_word' id='word_1_682' title='bbox 2564 4692 2707 4745; x_wconf 91' lang='lat' dir='ltr'><strong>enim</strong></span> <span class='ocrx_word' id='word_1_683' title='bbox 2751 4690 3020 4745; x_wconf 88' lang='lat' dir='ltr'><strong>immerito</strong></span> <span class='ocrx_word' id='word_1_684' title='bbox 3070 4694 3364 4748; x_wconf 89' lang='lat' dir='ltr'><strong>tenduntur</strong></span> <span class='ocrx_word' id='word_1_685' title='bbox 3411 4696 3549 4749; x_wconf 84' lang='lat' dir='ltr'><strong>retia</strong></span> 
     </span>
    </p>
   </div>
   <div class='ocr_carea' id='block_1_94' title="bbox 300 4777 1873 4851">
    <p class='ocr_par' dir='ltr' id='par_1_94' title="bbox 300 4777 1873 4851">
     <span class='ocr_line' id='line_1_94' title="bbox 300 4777 1873 4851; baseline 0.001 -19"><span class='ocrx_word' id='word_1_686' title='bbox 300 4781 381 4841; x_wconf 78' lang='grc' dir='ltr'>εὶς</span> <span class='ocrx_word' id='word_1_687' title='bbox 410 4778 669 4849; x_wconf 85' lang='grc' dir='ltr'>Χριστόν.</span> <span class='ocrx_word' id='word_1_688' title='bbox 701 4777 838 4848; x_wconf 82' lang='grc' dir='ltr'>Φαίη</span> <span class='ocrx_word' id='word_1_689' title='bbox 877 4778 922 4831; x_wconf 79' lang='grc' dir='ltr'>δ’</span> <span class='ocrx_word' id='word_1_690' title='bbox 952 4779 1019 4832; x_wconf 83' lang='grc' dir='ltr'>ἄν</span> <span class='ocrx_word' id='word_1_691' title='bbox 1048 4795 1131 4842; x_wconf 90' lang='grc' dir='ltr'><strong>τις</strong></span> <span class='ocrx_word' id='word_1_692' title='bbox 1168 4780 1264 4833; x_wconf 78' lang='grc' dir='ltr'>καὶ</span> <span class='ocrx_word' id='word_1_693' title='bbox 1283 4780 1370 4832; x_wconf 78' lang='grc' dir='ltr'><strong>ἐπ’</strong></span> <span class='ocrx_word' id='word_1_694' title='bbox 1400 4780 1613 4841; x_wconf 70' lang='grc' dir='ltr'><strong>αὐτοῖς⁸</strong></span> <span class='ocrx_word' id='word_1_695' title='bbox 1646 4781 1722 4833; x_wconf 83' lang='grc' dir='ltr'><strong>Οὐ</strong></span> <span class='ocrx_word' id='word_1_696' title='bbox 1762 4781 1873 4851; x_wconf 85' lang='grc' dir='ltr'><strong>γὰρ</strong></span> 
     </span>
    </p>
   </div>
   <div class='ocr_carea' id='block_1_95' title="bbox 302 4869 1872 4943">
    <p class='ocr_par' dir='ltr' id='par_1_95' title="bbox 302 4869 1872 4943">
     <span class='ocr_line' id='line_1_95' title="bbox 302 4869 1872 4943; baseline 0.001 -20"><span class='ocrx_word' id='word_1_697' title='bbox 302 4871 504 4934; x_wconf 86' lang='grc' dir='ltr'>ἀδίκως</span> <span class='ocrx_word' id='word_1_698' title='bbox 546 4870 843 4924; x_wconf 79' lang='grc' dir='ltr'>ἐκτείνεται</span> <span class='ocrx_word' id='word_1_699' title='bbox 878 4869 1070 4923; x_wconf 88' lang='grc' dir='ltr'>δίκτυα</span> <span class='ocrx_word' id='word_1_700' title='bbox 1122 4873 1436 4943; x_wconf 87' lang='grc' dir='ltr'>πτερωτοῖς.</span> <span class='ocrx_word' id='word_1_701' title='bbox 1469 4872 1630 4925; x_wconf 71' lang='grc' dir='ltr'>Αὐτοὶ</span> <span class='ocrx_word' id='word_1_702' title='bbox 1670 4871 1778 4943; x_wconf 82' lang='grc' dir='ltr'><strong>γὰρ</strong></span> <span class='ocrx_word' id='word_1_703' title='bbox 1823 4874 1872 4924; x_wconf 81' lang='lat' dir='ltr'><strong>oi</strong></span> 
     </span>
    </p>
   </div>
   <div class='ocr_carea' id='block_1_96' title="bbox 303 4959 1874 5031">
    <p class='ocr_par' dir='ltr' id='par_1_96' title="bbox 303 4959 1874 5031">
     <span class='ocr_line' id='line_1_96' title="bbox 303 4959 1874 5031; baseline 0.003 -19"><span class='ocrx_word' id='word_1_704' title='bbox 303 4962 463 5029; x_wconf 69' lang='grc' dir='ltr'>φόνου</span> <span class='ocrx_word' id='word_1_705' title='bbox 494 4959 811 5030; x_wconf 80' lang='grc' dir='ltr'>μετέχοντες</span> <span class='ocrx_word' id='word_1_706' title='bbox 842 4959 1255 5031; x_wconf 82' lang='grc' dir='ltr'>θησαυρίζουσιν</span> <span class='ocrx_word' id='word_1_707' title='bbox 1284 4962 1496 5025; x_wconf 77' lang='grc' dir='ltr'>ἑαυτοῖς</span> <span class='ocrx_word' id='word_1_708' title='bbox 1523 4962 1685 5015; x_wconf 85' lang='grc' dir='ltr'>κακά.</span> <span class='ocrx_word' id='word_1_709' title='bbox 1721 4963 1785 5016; x_wconf 83' lang='lat' dir='ltr'><strong>&#39;H</strong></span> <span class='ocrx_word' id='word_1_710' title='bbox 1816 4962 1874 5016; x_wconf 78' lang='grc' dir='ltr'>δὲ</span> 
     </span>
    </p>
   </div>
   <div class='ocr_carea' id='block_1_97' title="bbox 302 5052 1449 5125">
    <p class='ocr_par' dir='ltr' id='par_1_97' title="bbox 302 5052 1449 5125">
     <span class='ocr_line' id='line_1_97' title="bbox 302 5052 1449 5125; baseline 0.001 -20"><span class='ocrx_word' id='word_1_711' title='bbox 302 5052 653 5125; x_wconf 78' lang='grc' dir='ltr'>καταστροφὴ</span> <span class='ocrx_word' id='word_1_712' title='bbox 676 5053 888 5124; x_wconf 86' lang='grc' dir='ltr'>ἀνδρῶν</span> <span class='ocrx_word' id='word_1_713' title='bbox 916 5053 1250 5124; x_wconf 83' lang='grc' dir='ltr'>παρανόμων</span> <span class='ocrx_word' id='word_1_714' title='bbox 1282 5056 1449 5124; x_wconf 82' lang='grc' dir='ltr'>κακή.</span> 
     </span>
    </p>
   </div>
   <div class='ocr_carea' id='block_1_98' title="bbox 369 5141 1873 5213">
    <p class='ocr_par' dir='ltr' id='par_1_98' title="bbox 369 5141 1873 5213">
     <span class='ocr_line' id='line_1_98' title="bbox 369 5141 1873 5213; baseline 0.001 -18"><span class='ocrx_word' id='word_1_715' title='bbox 369 5142 528 5195; x_wconf 80' lang='grc' dir='ltr'>Διότι</span> <span class='ocrx_word' id='word_1_716' title='bbox 576 5141 695 5195; x_wconf 73' lang='grc' dir='ltr'><strong>νῦν</strong></span> <span class='ocrx_word' id='word_1_717' title='bbox 741 5141 1101 5209; x_wconf 79' lang='grc' dir='ltr'>ἐταπεινώθη</span> <span class='ocrx_word' id='word_1_718' title='bbox 1150 5142 1188 5209; x_wconf 75' lang='grc' dir='ltr'><em>ἠ</em></span> <span class='ocrx_word' id='word_1_719' title='bbox 1234 5141 1382 5206; x_wconf 82' lang='grc' dir='ltr'>δόξα</span> <span class='ocrx_word' id='word_1_720' title='bbox 1432 5142 1650 5209; x_wconf 77' lang='grc' dir='ltr'>αὐτῶν,</span> <span class='ocrx_word' id='word_1_721' title='bbox 1691 5143 1790 5198; x_wconf 75' lang='grc' dir='ltr'>καὶ</span> <span class='ocrx_word' id='word_1_722' title='bbox 1833 5145 1873 5213; x_wconf 82' lang='grc' dir='ltr'><strong>ή</strong></span> 
     </span>
    </p>
   </div>
   <div class='ocr_carea' id='block_1_99' title="bbox 301 5232 1871 5303">
    <p class='ocr_par' dir='ltr' id='par_1_99' title="bbox 301 5232 1871 5303">
     <span class='ocr_line' id='line_1_99' title="bbox 301 5232 1871 5303; baseline 0.003 -19"><span class='ocrx_word' id='word_1_723' title='bbox 301 5234 565 5300; x_wconf 75' lang='grc' dir='ltr'>αἰσχύνη</span> <span class='ocrx_word' id='word_1_724' title='bbox 618 5232 724 5286; x_wconf 82' lang='grc' dir='ltr'><strong>τοῦ</strong></span> <span class='ocrx_word' id='word_1_725' title='bbox 768 5233 1090 5301; x_wconf 77' lang='grc' dir='ltr'>προσώπου</span> <span class='ocrx_word' id='word_1_726' title='bbox 1125 5234 1324 5287; x_wconf 80' lang='grc' dir='ltr'>αὐτῶν</span> <span class='ocrx_word' id='word_1_727' title='bbox 1349 5235 1610 5303; x_wconf 83' lang='grc' dir='ltr'>ἀντέστη</span> <span class='ocrx_word' id='word_1_728' title='bbox 1645 5236 1871 5300; x_wconf 84' lang='grc' dir='ltr'>αὐτοῖς,</span> 
     </span>
    </p>
   </div>
   <div class='ocr_carea' id='block_1_100' title="bbox 302 5326 1874 5398">
    <p class='ocr_par' dir='ltr' id='par_1_100' title="bbox 302 5326 1874 5398">
     <span class='ocr_line' id='line_1_100' title="bbox 302 5326 1874 5398; baseline 0.001 -17"><span class='ocrx_word' id='word_1_729' title='bbox 302 5331 413 5395; x_wconf 78' lang='grc' dir='ltr'><strong>τὴν</strong></span> <span class='ocrx_word' id='word_1_730' title='bbox 452 5329 521 5382; x_wconf 81' lang='grc' dir='ltr'>δὲ</span> <span class='ocrx_word' id='word_1_731' title='bbox 548 5330 841 5396; x_wconf 76' lang='grc' dir='ltr'>ἁμαρτίαν</span> <span class='ocrx_word' id='word_1_732' title='bbox 876 5327 1073 5383; x_wconf 84' lang='grc' dir='ltr'>αὐτῶν</span> <span class='ocrx_word' id='word_1_733' title='bbox 1100 5329 1180 5394; x_wconf 88' lang='grc' dir='ltr'>ὡς</span> <span class='ocrx_word' id='word_1_734' title='bbox 1204 5328 1480 5397; x_wconf 79' lang='grc' dir='ltr'>Σοδόμων</span> <span class='ocrx_word' id='word_1_735' title='bbox 1509 5326 1874 5398; x_wconf 75' lang='grc' dir='ltr'>ἀνήγγειλαν</span> 
     </span>
    </p>
   </div>
   <div class='ocr_carea' id='block_1_101' title="bbox 302 5419 812 5496">
    <p class='ocr_par' dir='ltr' id='par_1_101' title="bbox 302 5419 812 5496">
     <span class='ocr_line' id='line_1_101' title="bbox 302 5419 812 5496; baseline 0.006 -25"><span class='ocrx_word' id='word_1_736' title='bbox 302 5419 812 5496; x_wconf 62' lang='grc' dir='ltr'>καὶρνεςράνισαν.</span> 
     </span>
    </p>
   </div>
   <div class='ocr_carea' id='block_1_102' title="bbox 370 5512 1883 5586">
    <p class='ocr_par' dir='ltr' id='par_1_102' title="bbox 370 5512 1883 5586">
     <span class='ocr_line' id='line_1_102' title="bbox 370 5512 1883 5586; baseline 0.002 -21"><span class='ocrx_word' id='word_1_737' title='bbox 370 5513 485 5583; x_wconf 80' lang='grc' dir='ltr'><strong>Τῆς</strong></span> <span class='ocrx_word' id='word_1_738' title='bbox 513 5512 784 5566; x_wconf 84' lang='grc' dir='ltr'>Ἰουδαίων</span> <span class='ocrx_word' id='word_1_739' title='bbox 811 5512 1188 5578; x_wconf 69' lang='grc' dir='ltr'>ταπεινώσεως</span> <span class='ocrx_word' id='word_1_740' title='bbox 1209 5514 1299 5567; x_wconf 82' lang='grc' dir='ltr'><strong>τὸν</strong></span> <span class='ocrx_word' id='word_1_741' title='bbox 1321 5514 1511 5586; x_wconf 77' lang='grc' dir='ltr'>καιρὸν</span> <span class='ocrx_word' id='word_1_742' title='bbox 1537 5516 1883 5585; x_wconf 84' lang='grc' dir='ltr'>κατασημαί-</span> 
     </span>
    </p>
   </div>
   <div class='ocr_carea' id='block_1_103' title="bbox 304 5605 1880 5679">
    <p class='ocr_par' dir='ltr' id='par_1_103' title="bbox 304 5605 1880 5679">
     <span class='ocr_line' id='line_1_103' title="bbox 304 5605 1880 5679; baseline 0.001 -20"><span class='ocrx_word' id='word_1_743' title='bbox 304 5624 401 5668; x_wconf 85' lang='grc' dir='ltr'>νει,</span> <span class='ocrx_word' id='word_1_744' title='bbox 432 5605 528 5660; x_wconf 85' lang='grc' dir='ltr'><strong>καί</strong></span> <span class='ocrx_word' id='word_1_745' title='bbox 549 5621 737 5676; x_wconf 81' lang='grc' dir='ltr'>φησιν·</span> <span class='ocrx_word' id='word_1_746' title='bbox 762 5605 880 5659; x_wconf 84' lang='grc' dir='ltr'>Νῦν</span> <span class='ocrx_word' id='word_1_747' title='bbox 898 5606 1231 5678; x_wconf 71' lang='grc' dir='ltr'>ἐταπεινώθη</span> <span class='ocrx_word' id='word_1_748' title='bbox 1265 5607 1444 5679; x_wconf 78' lang='grc' dir='ltr'>ήδόξα</span> <span class='ocrx_word' id='word_1_749' title='bbox 1471 5607 1649 5663; x_wconf 85' lang='grc' dir='ltr'>αὐτῶν</span> <span class='ocrx_word' id='word_1_750' title='bbox 1678 5608 1880 5678; x_wconf 82' lang='grc' dir='ltr'>πληρο-</span> 
     </span>
    </p>
   </div>
   <div class='ocr_carea' id='block_1_104' title="bbox 307 5697 1877 5773">
    <p class='ocr_par' dir='ltr' id='par_1_104' title="bbox 307 5697 1877 5773">
     <span class='ocr_line' id='line_1_104' title="bbox 307 5697 1877 5773; baseline 0.002 -23"><span class='ocrx_word' id='word_1_751' title='bbox 307 5698 506 5767; x_wconf 72' lang='grc' dir='ltr'>φορῶν,</span> <span class='ocrx_word' id='word_1_752' title='bbox 544 5699 629 5751; x_wconf 84' lang='grc' dir='ltr'>ὅτι</span> <span class='ocrx_word' id='word_1_753' title='bbox 671 5697 793 5752; x_wconf 87' lang='grc' dir='ltr'>κατ’</span> <span class='ocrx_word' id='word_1_754' title='bbox 827 5698 1002 5752; x_wconf 71' lang='grc' dir='ltr'>ἐκεῖνο</span> <span class='ocrx_word' id='word_1_755' title='bbox 1027 5700 1262 5769; x_wconf 82' lang='grc' dir='ltr'>μάλιστα</span> <span class='ocrx_word' id='word_1_756' title='bbox 1299 5700 1392 5754; x_wconf 89' lang='grc' dir='ltr'><strong>τοῦ</strong></span> <span class='ocrx_word' id='word_1_757' title='bbox 1428 5700 1640 5773; x_wconf 85' lang='grc' dir='ltr'>καιροῦ,</span> <span class='ocrx_word' id='word_1_758' title='bbox 1668 5701 1790 5755; x_wconf 84' lang='grc' dir='ltr'>καθ’</span> <span class='ocrx_word' id='word_1_759' title='bbox 1817 5700 1877 5753; x_wconf 80' lang='grc' dir='ltr'>ὃν</span> 
     </span>
    </p>
   </div>
   <div class='ocr_carea' id='block_1_105' title="bbox 374 5852 931 5915">
    <p class='ocr_par' dir='ltr' id='par_1_105' title="bbox 374 5852 931 5915">
     <span class='ocr_line' id='line_1_105' title="bbox 374 5852 931 5915; baseline 0.005 -10"><span class='ocrx_word' id='word_1_760' title='bbox 374 5852 417 5882; x_wconf 73' lang='grc'><strong>’⁸</strong></span> <span class='ocrx_word' id='word_1_761' title='bbox 443 5852 631 5909; x_wconf 74' lang='lat' dir='ltr'><strong>Matth.</strong></span> <span class='ocrx_word' id='word_1_762' title='bbox 659 5868 819 5915; x_wconf 77' lang='lat' dir='ltr'><strong>mn,</strong></span> <span class='ocrx_word' id='word_1_763' title='bbox 841 5853 931 5909; x_wconf 79' lang='lat'><strong>38.</strong></span> 
     </span>
    </p>
   </div>
   <div class='ocr_carea' id='block_1_106' title="bbox 670 5945 1341 6007">
    <p class='ocr_par' dir='ltr' id='par_1_106' title="bbox 670 5945 1341 6007">
     <span class='ocr_line' id='line_1_106' title="bbox 670 5945 1341 6007; baseline 0.006 -4"><span class='ocrx_word' id='word_1_764' title='bbox 670 5946 939 6005; x_wconf 71' lang='grc' dir='ltr'>Ριτιιοι..</span> <span class='ocrx_word' id='word_1_765' title='bbox 982 5945 1096 6006; x_wconf 79' lang='lat' dir='ltr'><strong>Gtt.</strong></span> <span class='ocrx_word' id='word_1_766' title='bbox 1149 5946 1250 6005; x_wconf 73' lang='lat' dir='ltr'><strong>LX</strong></span> <span class='ocrx_word' id='word_1_767' title='bbox 1268 5947 1341 6007; x_wconf 70' lang='grc' dir='ltr'><strong>Χ.</strong></span> 
     </span>
    </p>
   </div>
   <div class='ocr_carea' id='block_1_107' title="bbox 1978 4779 3553 4849">
    <p class='ocr_par' dir='ltr' id='par_1_107' title="bbox 1978 4779 3553 4849">
     <span class='ocr_line' id='line_1_107' title="bbox 1978 4779 3553 4849; baseline 0.001 -13"><span class='ocrx_word' id='word_1_768' title='bbox 1978 4781 2300 4837; x_wconf 89' lang='lat' dir='ltr'><strong>volatilibus.</strong></span> <span class='ocrx_word' id='word_1_769' title='bbox 2326 4780 2427 4846; x_wconf 85' lang='lat' dir='ltr'><strong>Qui</strong></span> <span class='ocrx_word' id='word_1_770' title='bbox 2463 4779 2606 4834; x_wconf 91' lang='lat' dir='ltr'><strong>enim</strong></span> <span class='ocrx_word' id='word_1_771' title='bbox 2642 4779 2805 4834; x_wconf 63' lang='lat' dir='ltr'><strong>caedis</strong></span> <span class='ocrx_word' id='word_1_772' title='bbox 2841 4780 2975 4835; x_wconf 91' lang='lat' dir='ltr'><strong>socii</strong></span> <span class='ocrx_word' id='word_1_773' title='bbox 3010 4794 3075 4834; x_wconf 90' lang='lat' dir='ltr'><strong>ac</strong></span> <span class='ocrx_word' id='word_1_774' title='bbox 3109 4780 3400 4849; x_wconf 85' lang='lat' dir='ltr'><strong>participes</strong></span> <span class='ocrx_word' id='word_1_775' title='bbox 3433 4780 3553 4837; x_wconf 81' lang='lat' dir='ltr'><strong>fuc-</strong></span> 
     </span>
    </p>
   </div>
   <div class='ocr_carea' id='block_1_108' title="bbox 1980 4870 3546 4940">
    <p class='ocr_par' dir='ltr' id='par_1_108' title="bbox 1980 4870 3546 4940">
     <span class='ocr_line' id='line_1_108' title="bbox 1980 4870 3546 4940; baseline -0.001 -14"><span class='ocrx_word' id='word_1_776' title='bbox 1980 4881 2124 4936; x_wconf 88' lang='lat' dir='ltr'><strong>runt,</strong></span> <span class='ocrx_word' id='word_1_777' title='bbox 2144 4870 2244 4925; x_wconf 88' lang='lat' dir='ltr'><strong>sibi</strong></span> <span class='ocrx_word' id='word_1_778' title='bbox 2275 4871 2372 4940; x_wconf 91' lang='lat' dir='ltr'><strong>ipsi</strong></span> <span class='ocrx_word' id='word_1_779' title='bbox 2405 4870 2541 4924; x_wconf 90' lang='lat' dir='ltr'><strong>mala</strong></span> <span class='ocrx_word' id='word_1_780' title='bbox 2567 4870 2716 4939; x_wconf 88' lang='lat' dir='ltr'><strong>quasi</strong></span> <span class='ocrx_word' id='word_1_781' title='bbox 2745 4870 3115 4925; x_wconf 86' lang='lat' dir='ltr'><strong>thesaurizant</strong></span> <span class='ocrx_word' id='word_1_782' title='bbox 3137 4880 3191 4925; x_wconf 88' lang='lat' dir='ltr'><strong>et</strong></span> <span class='ocrx_word' id='word_1_783' title='bbox 3212 4872 3546 4939; x_wconf 86' lang='lat' dir='ltr'><strong>recondunt;</strong></span> 
     </span>
    </p>
   </div>
   <div class='ocr_carea' id='block_1_109' title="bbox 1980 4961 3548 5033">
    <p class='ocr_par' dir='ltr' id='par_1_109' title="bbox 1980 4961 3548 5033">
     <span class='ocr_line' id='line_1_109' title="bbox 1980 4961 3548 5033; baseline 0.001 -16"><span class='ocrx_word' id='word_1_784' title='bbox 1980 4972 2034 5017; x_wconf 91' lang='lat' dir='ltr'><strong>et</strong></span> <span class='ocrx_word' id='word_1_785' title='bbox 2080 4961 2255 5016; x_wconf 89' lang='lat' dir='ltr'><strong>malus</strong></span> <span class='ocrx_word' id='word_1_786' title='bbox 2301 4971 2385 5016; x_wconf 88' lang='lat' dir='ltr'><strong>est</strong></span> <span class='ocrx_word' id='word_1_787' title='bbox 2422 4961 2674 5017; x_wconf 87' lang='lat' dir='ltr'><strong>interitus</strong></span> <span class='ocrx_word' id='word_1_788' title='bbox 2718 4975 2905 5014; x_wconf 89' lang='lat' dir='ltr'><strong>eorum</strong></span> <span class='ocrx_word' id='word_1_789' title='bbox 2947 4961 3187 5017; x_wconf 86' lang='lat' dir='ltr'><strong>virorum</strong></span> <span class='ocrx_word' id='word_1_790' title='bbox 3234 4963 3327 5032; x_wconf 90' lang='lat' dir='ltr'><strong>qui</strong></span> <span class='ocrx_word' id='word_1_791' title='bbox 3379 4963 3548 5033; x_wconf 82' lang='lat' dir='ltr'><strong>legem</strong></span> 
     </span>
    </p>
   </div>
   <div class='ocr_carea' id='block_1_110' title="bbox 1979 5052 2200 5108">
    <p class='ocr_par' dir='ltr' id='par_1_110' title="bbox 1979 5052 2200 5108">
     <span class='ocr_line' id='line_1_110' title="bbox 1979 5052 2200 5108; baseline 0 0"><span class='ocrx_word' id='word_1_792' title='bbox 1979 5052 2200 5108; x_wconf 86' lang='lat' dir='ltr'><strong>violant.</strong></span> 
     </span>
    </p>
   </div>
   <div class='ocr_carea' id='block_1_111' title="bbox 2048 5144 3551 5219">
    <p class='ocr_par' dir='ltr' id='par_1_111' title="bbox 2048 5144 3551 5219">
     <span class='ocr_line' id='line_1_111' title="bbox 2048 5144 3551 5219; baseline -0.003 -16"><span class='ocrx_word' id='word_1_793' title='bbox 2048 5147 2162 5219; x_wconf 67' lang='grc' dir='ltr'>ω</span> <span class='ocrx_word' id='word_1_794' title='bbox 2207 5147 2370 5203; x_wconf 68' lang='lat' dir='ltr'><strong>Vens.</strong></span> <span class='ocrx_word' id='word_1_795' title='bbox 2415 5146 2469 5202; x_wconf 85' lang='lat'><strong>9.</strong></span> <span class='ocrx_word' id='word_1_796' title='bbox 2518 5144 2697 5210; x_wconf 81' lang='lat' dir='ltr'><strong>Quare</strong></span> <span class='ocrx_word' id='word_1_797' title='bbox 2746 5160 2885 5200; x_wconf 86' lang='lat' dir='ltr'><strong>nunc</strong></span> <span class='ocrx_word' id='word_1_798' title='bbox 2928 5145 3207 5200; x_wconf 71' lang='lat' dir='ltr'><strong>humilia‘ta</strong></span> <span class='ocrx_word' id='word_1_799' title='bbox 3255 5154 3330 5199; x_wconf 78' lang='lat' dir='ltr'><strong>est</strong></span> <span class='ocrx_word' id='word_1_800' title='bbox 3381 5145 3551 5215; x_wconf 86' lang='lat' dir='ltr'><strong>gloria</strong></span> 
     </span>
    </p>
   </div>
   <div class='ocr_carea' id='block_1_112' title="bbox 1978 5237 3552 5307">
    <p class='ocr_par' dir='ltr' id='par_1_112' title="bbox 1978 5237 3552 5307">
     <span class='ocr_line' id='line_1_112' title="bbox 1978 5237 3552 5307; baseline -0.002 -14"><span class='ocrx_word' id='word_1_801' title='bbox 1978 5253 2186 5304; x_wconf 83' lang='lat' dir='ltr'><strong>eorum,</strong></span> <span class='ocrx_word' id='word_1_802' title='bbox 2215 5248 2264 5292; x_wconf 79' lang='lat' dir='ltr'><strong>et</strong></span> <span class='ocrx_word' id='word_1_803' title='bbox 2289 5239 2526 5307; x_wconf 77' lang='lat' dir='ltr'><strong>confusio</strong></span> <span class='ocrx_word' id='word_1_804' title='bbox 2554 5238 2726 5292; x_wconf 81' lang='lat' dir='ltr'><strong>vultus</strong></span> <span class='ocrx_word' id='word_1_805' title='bbox 2752 5238 2984 5307; x_wconf 79' lang='lat' dir='ltr'><strong>ipsorum</strong></span> <span class='ocrx_word' id='word_1_806' title='bbox 3014 5238 3208 5291; x_wconf 84' lang='lat' dir='ltr'><strong>restitit</strong></span> <span class='ocrx_word' id='word_1_807' title='bbox 3243 5237 3402 5306; x_wconf 79' lang='lat' dir='ltr'><strong>ipsis,</strong></span> <span class='ocrx_word' id='word_1_808' title='bbox 3435 5254 3552 5305; x_wconf 77' lang='lat' dir='ltr'><strong>pec-</strong></span> 
     </span>
    </p>
   </div>
   <div class='ocr_carea' id='block_1_113' title="bbox 1940 5326 3551 5401">
    <p class='ocr_par' dir='ltr' id='par_1_113' title="bbox 1940 5326 3551 5401">
     <span class='ocr_line' id='line_1_113' title="bbox 1940 5326 3551 5401; baseline 0 -16"><span class='ocrx_word' id='word_1_809' title='bbox 1940 5342 1943 5347; x_wconf 84' lang='lat'>&#39;</span> <span class='ocrx_word' id='word_1_810' title='bbox 1978 5340 2255 5400; x_wconf 68' lang='lat' dir='ltr'><strong>ratumque</strong></span> <span class='ocrx_word' id='word_1_811' title='bbox 2295 5347 2477 5395; x_wconf 81' lang='lat' dir='ltr'><strong>suum,</strong></span> <span class='ocrx_word' id='word_1_812' title='bbox 2502 5332 2651 5401; x_wconf 76' lang='lat' dir='ltr'><strong>quasi</strong></span> <span class='ocrx_word' id='word_1_813' title='bbox 2695 5326 3041 5385; x_wconf 80' lang='lat' dir='ltr'><strong>Sodomorum</strong></span> <span class='ocrx_word' id='word_1_814' title='bbox 3083 5332 3466 5386; x_wconf 69' lang='lat' dir='ltr'><strong>annuntiarunt</strong></span> <span class='ocrx_word' id='word_1_815' title='bbox 3502 5345 3551 5386; x_wconf 88' lang='lat' dir='ltr'><strong>et</strong></span> 
     </span>
    </p>
   </div>
   <div class='ocr_carea' id='block_1_114' title="bbox 1976 5422 2398 5492">
    <p class='ocr_par' dir='ltr' id='par_1_114' title="bbox 1976 5422 2398 5492">
     <span class='ocr_line' id='line_1_114' title="bbox 1976 5422 2398 5492; baseline 0.005 -18"><span class='ocrx_word' id='word_1_816' title='bbox 1976 5422 2398 5492; x_wconf 79' lang='lat' dir='ltr'><strong>manifestarunt.</strong></span> 
     </span>
    </p>
   </div>
   <div class='ocr_carea' id='block_1_115' title="bbox 2056 5513 3549 5585">
    <p class='ocr_par' dir='ltr' id='par_1_115' title="bbox 2056 5513 3549 5585">
     <span class='ocr_line' id='line_1_115' title="bbox 2056 5513 3549 5585; baseline -0.001 -18"><span class='ocrx_word' id='word_1_817' title='bbox 2056 5514 2384 5583; x_wconf 81' lang='lat' dir='ltr'><strong>Rejectionis</strong></span> <span class='ocrx_word' id='word_1_818' title='bbox 2411 5513 2712 5568; x_wconf 70' lang='lat' dir='ltr'><strong>Judaeorum</strong></span> <span class='ocrx_word' id='word_1_819' title='bbox 2754 5522 2962 5585; x_wconf 88' lang='lat' dir='ltr'><strong>tempus</strong></span> <span class='ocrx_word' id='word_1_820' title='bbox 2995 5525 3170 5583; x_wconf 87' lang='lat' dir='ltr'><strong>notat,</strong></span> <span class='ocrx_word' id='word_1_821' title='bbox 3198 5526 3250 5571; x_wconf 89' lang='lat' dir='ltr'><strong>et</strong></span> <span class='ocrx_word' id='word_1_822' title='bbox 3281 5516 3356 5570; x_wconf 92' lang='lat' dir='ltr'><strong>ait</strong></span> <span class='ocrx_word' id='word_1_823' title='bbox 3386 5534 3399 5570; x_wconf 93' lang='lat'><strong>:</strong></span> <span class='ocrx_word' id='word_1_824' title='bbox 3432 5513 3549 5570; x_wconf 80' lang='lat' dir='ltr'><strong>Jam</strong></span> 
     </span>
    </p>
   </div>
   <div class='ocr_carea' id='block_1_116' title="bbox 1984 5606 3553 5677">
    <p class='ocr_par' dir='ltr' id='par_1_116' title="bbox 1984 5606 3553 5677">
     <span class='ocr_line' id='line_1_116' title="bbox 1984 5606 3553 5677; baseline -0.001 -14"><span class='ocrx_word' id='word_1_825' title='bbox 1984 5616 2258 5663; x_wconf 87' lang='lat' dir='ltr'><strong>attenuata</strong></span> <span class='ocrx_word' id='word_1_826' title='bbox 2292 5618 2375 5663; x_wconf 85' lang='lat' dir='ltr'><strong>est</strong></span> <span class='ocrx_word' id='word_1_827' title='bbox 2403 5606 2571 5677; x_wconf 81' lang='lat' dir='ltr'><strong>gloria</strong></span> <span class='ocrx_word' id='word_1_828' title='bbox 2607 5621 2790 5661; x_wconf 88' lang='lat' dir='ltr'><strong>eorum</strong></span> <span class='ocrx_word' id='word_1_829' title='bbox 2830 5625 2842 5661; x_wconf 91' lang='lat'>:</span> <span class='ocrx_word' id='word_1_830' title='bbox 2880 5617 3025 5663; x_wconf 88' lang='lat' dir='ltr'><strong>certo</strong></span> <span class='ocrx_word' id='word_1_831' title='bbox 3060 5607 3418 5671; x_wconf 75' lang='lat' dir='ltr'><strong>confirmans,</strong></span> <span class='ocrx_word' id='word_1_832' title='bbox 3448 5607 3553 5661; x_wconf 91' lang='lat' dir='ltr'><strong>illis</strong></span> 
     </span>
    </p>
   </div>
   <div class='ocr_carea' id='block_1_117' title="bbox 1984 5699 3554 5771">
    <p class='ocr_par' dir='ltr' id='par_1_117' title="bbox 1984 5699 3554 5771">
     <span class='ocr_line' id='line_1_117' title="bbox 1984 5699 3554 5771; baseline -0.001 -16"><span class='ocrx_word' id='word_1_833' title='bbox 1984 5700 2218 5757; x_wconf 76' lang='lat' dir='ltr'><strong>maxime</strong></span> <span class='ocrx_word' id='word_1_834' title='bbox 2248 5699 2576 5769; x_wconf 85' lang='lat' dir='ltr'><strong>temporibus</strong></span> <span class='ocrx_word' id='word_1_835' title='bbox 2606 5700 2800 5771; x_wconf 87' lang='lat' dir='ltr'><strong>quibus</strong></span> <span class='ocrx_word' id='word_1_836' title='bbox 2832 5699 3009 5770; x_wconf 89' lang='lat' dir='ltr'><strong>lingua</strong></span> <span class='ocrx_word' id='word_1_837' title='bbox 3049 5715 3233 5755; x_wconf 88' lang='lat' dir='ltr'><strong>eorum</strong></span> <span class='ocrx_word' id='word_1_838' title='bbox 3254 5741 3270 5768; x_wconf 93' lang='lat'><strong>,</strong></span> <span class='ocrx_word' id='word_1_839' title='bbox 3304 5714 3409 5755; x_wconf 91' lang='lat' dir='ltr'><strong>non</strong></span> <span class='ocrx_word' id='word_1_840' title='bbox 3437 5700 3554 5754; x_wconf 89' lang='lat' dir='ltr'><strong>sine</strong></span> 
     </span>
    </p>
   </div>
   <div class='ocr_carea' id='block_1_118' title="bbox 3161 5945 3200 6001">
    <p class='ocr_par' dir='ltr' id='par_1_118' title="bbox 3161 5945 3200 6001">
     <span class='ocr_line' id='line_1_118' title="bbox 3161 5945 3200 6001; baseline 0 -3"><span class='ocrx_word' id='word_1_841' title='bbox 3161 5945 3200 6001; x_wconf 77' lang='lat' dir='ltr'><strong>it.</strong></span> 
     </span>
    </p>
   </div>
  </div>
