4094 6366
510 442 633 518 ἰοτ

1553 454 1613 510 S.
1654 451 1933 509 CYRILLI
1974 450 2447 519 ALEXANDRINI
2485 455 2806 514 ARCHIEP.

3673 452 3775 509 £08

527 582 735 641 scelere
764 586 818 634 et
849 576 1164 647 iniquitate,
1186 574 1241 629 in
1277 572 1553 628 Christum
1586 572 1750 643 impia
1784 572 1913 638 fuit,
1942 586 2099 627 omne

2214 580 2234 648 ί]
2292 580 2510 648 γλῶσσα
2565 575 2745 630 αὐτῶν
2798 571 2935 645 μετά
2987 569 3218 641 ἀνομίας
3259 566 3647 639 δεδυσσέσηκεν
3699 570 3779 633 είς

529 688 643 732 tum
688 670 1010 727 calamitatis
1048 681 1215 737 genus
1253 665 1360 720 illis
1396 663 1565 719 fuisse
1600 664 2016 733 irrogatum,.et
2049 662 2103 715 in

528 772 669 826 hanc
696 762 1044 836 ignominiam
1078 776 1173 817 eos
1202 757 1482 814 incidisse.
1514 756 1675 825 Atqui
1710 756 1977 824 quomodo
2004 756 2108 809 liu-

526 877 629 933 gua
660 861 899 929 ipsorum
928 853 1320 911 contumaciter
1348 850 1510 919 impia
1548 848 1687 902 fuit?
1719 848 1943 904 Caeteris
1973 864 2106 919 pra:-

527 950 820 1016 termissis,
853 949 968 1018 ipse
997 944 1159 999 nobis
1190 942 1451 1013 propheta
1483 940 1744 1011 explicat,
1779 941 1948 994 solam
1985 940 2109 995 ulti-

526 1059 669 1101 mam
717 1056 905 1097 eorum
950 1036 1343 1106 blasphemiam
1387 1047 1836 1089 commemorans.
1871 1031 2109 1086 Fuerunt

528 1140 673 1195 enim
707 1148 919 1204 semper
951 1132 1171 1187 Christo
1203 1127 1415 1182 adversi
1449 1134 1503 1180 et
1526 1125 1741 1190 infesti,
1771 1124 2106 1179 iuvidentiaa-

524 1249 630 1302 que
675 1229 795 1284 telis
838 1225 1060 1297 perciti,
1098 1238 1161 1277 ac
1203 1221 1355 1291 quasi
1401 1219 1669 1285 sauciati,
1707 1218 1887 1272 multis
1938 1219 2109 1271 modis

524 1324 751 1381 insidias
767 1321 1119 1377 collocarunt.
1139 1317 1471 1382 Demumque
1488 1327 1641 1366 suum
1661 1311 1839 1365 scelus
1856 1309 2107 1372 maxime,

528 1429 785 1487 tanquam
825 1412 1184 1467 Sodomorum
1220 1405 1645 1468 annuntiarunt,
1676 1413 1729 1457 et
1764 1400 2107 1457 manifestum

527 1522 888 1578 testatumque
935 1502 1310 1564 reddiderunt,
1342 1513 1465 1553 cum
1513 1512 1635 1550 eum
1686 1494 1857 1548 Pilato
1898 1493 2109 1549 obtule-

527 1616 672 1661 runt.
707 1602 840 1657 Nam
884 1594 1334 1668 quemadmodum
1373 1590 1710 1645 habitatores
1752 1587 2107 1642 Sodomorum

528 1693 941 1767 intemperantia
976 1706 1041 1745 ac
1072 1684 1521 1743 immoderatione
1556 1682 1912 1752 cupiditatum
1947 1678 2108 1734 eﬂ're-

528 1797 655 1844 nate
697 1786 1044 1846 laborarunt,
1079 1776 1550 1845 voluptatibusque
1595 1789 1625 1826 a
1674 1783 1863 1825 natura
1914 1772 2109 1825 abhor—

531 1880 774 1936 rentibus
806 1875 960 1941 victi,
993 1874 1045 1926 in
1083 1872 1296 1925 beatum
1328 1866 1432 1921 Lot
1462 1867 1760 1931 irruerunt,
1796 1864 1921 1917 dum
1958 1863 2103 1919 omni

528 1969 853 2027 verecundia
887 1964 1230 2037 proculcata,
1267 1971 1320 2013 et
1355 1968 1628 2029 praerupta
1663 1957 1893 2026 quadam
1931 1957 2105 2026 impu-

529 2066 707 2122 dentia
760 2068 1077 2130 superante,
1112 2057 1260 2109 viros
1313 2054 1378 2106 ad
1428 2053 1599 2120 ipsum
1647 2052 2003 2115 divertentes,
2041 2049 2108 2102 ad

532 2158 754 2212 abusum
805 2158 1048 2221 peterent
1097 2165 1110 2200 :
1161 2145 1275 2216 pari
1327 2142 1505 2207 modo,
1534 2142 1801 2207 arbitror,
1843 2152 1899 2196 et
1939 2139 2109 2196 Judaei

531 2257 717 2304 contra
753 2259 811 2298 se
845 2241 1181 2311 iniquitatem
1236 2250 1387 2292 suam
1422 2235 1774 2289 elamitarunt
1813 2244 1867 2288 et
1900 2248 2111 2287 annun—

534 2342 754 2400 tiarunt,
782 2350 902 2388 cum
931 2332 1102 2386 Pilato
1129 2330 1313 2384 dicunt
1342 2327 1408 2382 de
1434 2328 1652 2383 Christo
1678 2344 1692 2380 :
1722 2345 1740 2378 ι
1768 2325 1939 2391 Tolle,
1964 2324 2107 2388 tolle,

531 2430 676 2485 cruci
717 2425 868 2495 aﬂige
905 2438 1027 2477 eum
1052 2422 1117 2475 ³⁸.
1158 2439 1175 2471 ι
1223 2418 1373 2474 Hanc
1418 2419 1655 2489 ipsorum
1691 2417 1802 2473 Deo
1839 2417 2110 2472 inimicam

532 2535 718 2576 vocem
760 2516 1031 2572 accusavit
1073 2512 1235 2567 etiam
1276 2525 1373 2580 per
1402 2509 1687 2580 quemdam
1727 2509 2109 2579 prophetarum

531 2615 717 2668 dicens
754 2630 767 2666 :
802 2607 1077 2677 Dereliqui
1113 2607 1332 2661 domum
1366 2618 1540 2659 meam
1566 2644 1580 2669 ,
1611 2602 1791 2658 dimisi
1823 2602 2111 2658 haeredita-

532 2718 639 2763 tem
665 2720 861 2765 meam,
889 2699 1084 2755 tradidi
1109 2697 1356 2752 dilectam
1381 2696 1621 2749 animam
1648 2709 1823 2750 meam
1848 2695 1901 2749 in
1926 2710 2114 2750 manus

533 2798 871 2853 inimicorum
903 2793 1041 2862 ejus.
1067 2789 1231 2844 Facta
1267 2799 1351 2843 est
1380 2786 1667 2842 hzereditas
1705 2802 1824 2843 mea
1860 2787 2018 2851 mihi,
2057 2797 2116 2842 ut

535 2889 617 2943 leo
656 2888 708 2941 in
750 2886 915 2949 silva,
943 2883 1195 2949 deditque
1227 2889 1411 2935 contra
1444 2894 1532 2935 me
1563 2894 1748 2935 vocem
1783 2894 1966 2947 suam,
1993 2894 2115 2949 pro-

534 2990 715 3051 pterea
744 2975 868 3030 odio
896 2980 1211 3042 prosecutus
1245 2984 1363 3024 sum
1393 2984 1537 3025 eam.

609 3068 769 3122 Vens.
798 3065 954 3121 9-H.
994 3061 1085 3118 Va:
1124 3063 1318 3116 animo:
1354 3076 1565 3126 eorum,
1590 3060 1713 3129 quia
1744 3059 2114 3114 .consultarunt

534 3159 809 3215 consilium
838 3172 1087 3225 maguum
1117 3163 1299 3207 contra
1326 3153 1552 3222 seipsos,
1582 3153 1812 3205 dicentes
1842 3166 1861 3205 :
1897 3149 2117 3205 .Vincia-

2207 672 2462 744 Χριστὸν,
2518 671 2638 722 τότε
2688 668 2783 721 καὶ
2830 667 2940 720 πᾶν
2997 660 3136 726 εἶδος
3193 663 3375 725 αὐτοῖς
3428 662 3783 731 ὲπενήνεκται

2207 764 2600 835 ταλαιπωρίας,
2632 762 2724 815 καὶ
2745 758 3098 813 πεπτώκασιν
3133 756 3212 820 είς
3245 754 3306 807 τὸ
3338 754 3611 817 δυσκλεές.
3648 753 3778 807 Τίνα

2205 859 2260 911 δὲ
2288 858 2485 929 τρόπον
2528 857 2561 925 ἡ
2591 854 2809 923 γλῶσσα
2847 850 3025 905 αὐτῶν
3057 847 3416 918 δεδυσσέὸηκε
3457 846 3596 917 μετά
3625 848 3782 899 ἀπει-

2208 950 2376 1012 θείας,
2412 948 2572 1010 αὑτὸς
2602 948 2731 1017 ήμῖν
2757 948 2784 998 ὁ
2818 945 3100 1015 προφήτης
3130 942 3424 1010 διατρανοῖ,
3455 938 3650 1008 παρεὶς
3684 936 3783 1008 μὲν

2206 1045 2276 1098 τὰ
2309 1043 2491 1115 ἕτερα,
2521 1038 2988 1111 διαμνημονεύσας
3037 1036 3093 1089 δὲ
3137 1036 3304 1105 μόνης
3344 1034 3443 1102 τῆς
3471 1031 3785 1094 τελευταίας

2209 1136 2387 1191 αὐτῶν
2424 1134 2763 1195 δυσσεϐείας.
2808 1128 2990 1183 Ἦσαν
3033 1129 3129 1199 μὲν
3162 1130 3269 1197 γὰρ
3309 1127 3396 1179 ἀεὶ
3425 1124 3670 1195 διάφοροι
3706 1122 3784 1192 τῷ

2208 1226 2448 1297 Χριστῷ,
2480 1224 2572 1278 καὶ
2601 1227 2712 1285 τοῖς
2734 1221 2826 1275 τοῦ
2851 1221 3047 1292 φθόνου
3069 1219 3247 1289 βέλεσι
3269 1216 3622 1287 τετρωμένοι,
3642 1212 3784 1267 κατὰ

2209 1319 2437 1381 πολλοὺς
2495 1316 2844 1370 ἐπεϐούλευον
2887 1312 3138 1385 τρόπους.
3200 1308 3413 1380 Ἐπειδὴ
3465 1308 3522 1360 δὲ
3568 1306 3786 1375 Πιλάτῳ

2210 1414 2579 1483 προσήγαγον,
2620 1408 2738 1461 τότε
2770 1407 2835 1477 δὴ
2874 1405 3105 1476 μάλιστα
3135 1403 3234 1471 τὴν
3265 1400 3469 1454 ἑαυτῶν
3509 1399 3786 1471 ἁμαρτίαν

2208 1506 2283 1568 ὡς
2306 1504 2553 1574 Σοδόμων
2587 1500 2914 1572 ἀνήγγειλαν
2941 1499 3035 1552 καὶ
3066 1495 3407 1565 ἐνεφάνισαν.
3442 1493 3651 1564 Ὥσπερ
3678 1492 3786 1562 γὰρ

2208 1602 2256 1653 οἱ
2284 1599 2391 1652 τῶν
2424 1598 2671 1668 Σοδόμων
2693 1596 2975 1665 οἰκήτορες
3003 1592 3063 1644 τὸ
3089 1588 3329 1659 ἀκρατὲς
3359 1588 3437 1649 είς
3465 1584 3671 1655 ὀρέξεις
3702 1601 3788 1637 νε-

2211 1696 2498 1767 νοσηκότες
2558 1692 2783 1763 ἀγρίως,
2837 1688 2931 1741 καὶ
2985 1688 3106 1749 ταῖς
3160 1682 3311 1753 παρὰ
3364 1680 3523 1749 φύσιν
3572 1678 3787 1750 ἡδοναῖς

2210 1788 2505 1861 ἡττημένοι
2532 1785 2934 1852 κατεπεφύοντο
2960 1779 3052 1833 τοῦ
3096 1777 3365 1850 μακαρίου
3396 1773 3539 1838 Λὼτ,
3574 1770 3786 1826 αἰτοῦν-

2209 1900 2301 1945 τες
2339 1882 2463 1945 τοὺς
2503 1879 2698 1950 ἄνδρας
2734 1878 2857 1940 τοὺς
2897 1871 3423 1942 εἰσπεπορευμένους
3457 1867 3592 1937 πρὸς
3624 1864 3787 1917 αὑτὸν

2209 1978 2287 2037 εἰς
2322 1975 2677 2043 κατάχρησιν,
2703 1968 2886 2031 αἰδοῦς
2906 1984 2967 2020 τε
2998 1964 3217 2035 ἀπάσης
3250 1963 3435 2024 αὐτοῖς
3470 1958 3789 2027 πεπατημέ-

2210 2084 2305 2136 νης
2337 2066 2431 2119 καὶ
2464 2063 2771 2134 ἀθραύστου
2814 2059 2999 2113 λοιπὸν
3042 2055 3352 2128 κρατούσης
3385 2050 3785 2123 ἀναισχυντίας·

2208 2157 2299 2209 τὸν
2329 2154 2489 2208 αὑτὸν
2519 2148 2672 2221 οἶμαι
2692 2152 2890 2223 τρόπον
2920 2148 3012 2202 καὶ
3052 2146 3288 2200 Ἰουδαῖοι
3314 2145 3413 2216 τὴν
3436 2142 3664 2213 ἀνομίαν
3691 2139 3789 2194 αὑ·

2208 2246 2318 2298 τῶν
2348 2244 2676 2315 ἀνήγγειλάν
2717 2238 3193 2311 κατακεκραγότες
3224 2254 3285 2290 τε
3313 2235 3405 2289 καὶ
3436 2235 3685 2303 λέγοντες
3711 2230 3790 2303 τῷ

2213 2337 2427 2407 Πιλάτῳ
2463 2335 2591 2406 περὶ¹
2628 2331 2885 2406 Χριστοῢο
2916 2349 2935 2383 ι
2970 2326 3124 2400 Αἶρε,
3161 2323 3302 2398 αἶρε,
3343 2325 3652 2397 σταύρωσον
3687 2324 3788 2377 αύ-

2211 2430 2322 2483 τὸν.
2360 2448 2377 2481 ι
2418 2428 2633 2498 Ταύτην
2673 2425 2853 2481 αὐτῶν
2890 2423 3183 2492 κατῃτιᾶτο
3215 2418 3398 2489 φωνὴν
3436 2418 3529 2471 καὶ
3566 2417 3634 2470 δι’
3671 2414 3791 2477 ἐνὸς

2212 2522 2320 2575 τῶν
2375 2520 2688 2591 προφητῶν,
2726 2517 2930 2583 λέγων*
2994 2512 3453 2583 Ἑγκαταλέλοιπα
3506 2509 3598 2563 τὸν
3643 2504 3792 2562 οἶκόν

2216 2630 2339 2685 μου,
2374 2612 2559 2683 ἀφῆκα
2587 2610 2686 2680 τὴν
2715 2608 3075 2681 κληρονομίαν
3118 2624 3218 2677 μου
3237 2647 3251 2669 ,
3280 2604 3485 2658 δέδωκα
3523 2602 3624 2675 τὴν
3653 2604 3792 2673 ὴγαο

2215 2706 2466 2775 πημένην
2490 2704 2668 2774 ψυχήν
2701 2719 2801 2772 μου
2838 2703 2918 2763 εἰς
2953 2703 3139 2771 χεῖρας
3168 2697 3377 2769 ἐχθρῶν
3410 2695 3595 2767 αὐτῆς.
3638 2696 3790 2764 Ἐγεο

2215 2798 2350 2868 νήθη
2407 2797 2441 2868 ή
2480 2794 2812 2869 κληρονομία
2858 2812 2958 2864 μου
3011 2793 3135 2862 ἐμοὶ
3180 2792 3255 2853 ὡς
3304 2790 3440 2842 λέων
3483 2791 3540 2841 ἐν
3576 2786 3794 2859 δρυμῷ,

2215 2890 2412 2943 ἔδωκεν
2465 2890 2550 2941 ἐπ’
2597 2887 2698 2959 ἐμὲ
2751 2887 2933 2958 φωνὴν
2978 2886 3167 2955 αὐτῆς,
3226 2882 3312 2937 διὰ
3354 2880 3510 2935 τοῦτο
3550 2880 3792 2951 ἐμίσησα

2216 2983 2405 3053 αὐτήν.

2284 3073 2431 3128 Οὐαί
2457 3072 2530 3141 τῇ
2554 3071 2724 3142 ψυχῇ
2747 3069 2962 3137 αὐτῶν,
2994 3070 3081 3123 ὅτι
3098 3069 3531 3134 βεϐούλευνται
3546 3063 3791 3130 βουλὴν

2217 3167 2487 3237 πονηρὰν
2514 3167 2641 3220 καθ’
2673 3162 2920 3226 ἑαυτῶν,
2950 3162 3239 3228 εἰπόντες
3268 3160 3552 3228 Δήσωμεν
3574 3156 3679 3211 τὸν
3703 3157 3793 3210 δί-

534 3270 648 3307 mus
680 3252 920 3321 justum,
947 3252 1070 3317 quia
1109 3247 1315 3301 inutilis
1358 3245 1503 3298 nobis
1550 3252 1648 3299 est.
1685 3243 1872 3313 Itaque
1902 3243 2113 3312 {ructus

2216 3277 2405 3325 καιον,
2460 3260 2549 3313 ὅτι
2596 3258 2982 3327 δύσχρηστος
3031 3255 3175 3324 ἡμῖν
3209 3254 3399 3309 ἐστιν.
3455 3253 3667 3308 Τοίνυν
3714 3252 3787 3305 τὰ

534 3361 745 3413 operum
772 3358 984 3396 suorum
1020 3341 1189 3395 edent.
1225 3337 1316 3392 Va:
1349 3337 1554 3406 iniquo,
1586 3336 1726 3389 mala
1755 3352 1848 3406 pro
1874 3334 2111 3405 operibus

534 3451 784 3489 manuum
810 3434 974 3503 ipsius
999 3434 1227 3486 evenient
1255 3430 1321 3485 ei.

615 3610 885 3682 Propheta
920 3609 1084 3663 etiam
1123 3624 1265 3665 nunc
1295 3606 1602 3663 Judazorum
1648 3610 1899 3681 populum
1938 3611 2110 3682 luget,

534 3718 589 3762 et
646 3704 999 3776 quazrelarum
1066 3717 1262 3757 causas
1324 3702 1455 3772 ipsis
1515 3705 1736 3772 exponit
1785 3721 1800 3758 :
1854 3704 2116 3760 Dixerunt

537 3799 716 3862 enim,
775 3797 984 3865 inquit,
1054 3795 1108 3849 in
1174 3794 1368 3864 seipsis
1422 3813 1436 3850 :
1495 3794 1808 3852 Vinciamus
1872 3798 2111 3866 justum,

538 3892 665 3961 quia
730 3889 935 3942 inutilis
996 3886 1152 3941 nobis
1199 3897 1310 3941 .est.
1358 3885 1544 3956 Neque
1594 3889 1736 3942 enim
1797 3899 2115 3957 receperunt

539 3994 638 4050 per
707 3977 907 4038 ﬁdem.
966 3975 1340 4031 universorum
1402 3977 1747 4031 Servatorem
1801 3977 2113 4043 Christum,

542 4070 640 4126 sed
698 4068 1024 4124 contumelia
1078 4077 1336 4138 perpetuo
1391 4067 1716 4133 aﬂ'ecerunt,
1757 4069 1863 4141 61
1918 4079 1974 4125 et
2024 4086 2114 4125 re—

540 4176 669 4214 vera
726 4159 1106 4213 existimarunt
1176 4173 1299 4214 eum
1352 4158 1498 4213 nullo
1552 4160 1710 4214 modo
1749 4161 1875 4214 vita:
1931 4161 2115 4216 utilem

541 4253 691 4316 fore,
751 4250 841 4320 qui
902 4252 955 4304 in
1014 4251 1116 4305 hoc
1165 4249 1320 4318 venit:
1359 4259 1419 4304 ut
1469 4251 1648 4305 omnia
1693 4252 1747 4305 in
1804 4252 1949 4323 ipso,
1995 4268 2114 4323 quae

543 4345 761 4414 quidem
794 4343 952 4398 nobis
989 4343 1340 4407 conveniunt,
1361 4344 1665 4397 communia
1703 4344 1917 4410 ﬁerent,
1949 4357 2116 4417 utque

542 4452 573 4491 a
614 4435 772 4506 legali
812 4435 1022 4489 vivendi
1055 4433 1264 4488 ratione
1329 4435 1382 4488 in
1433 4435 1768 4504 spiritualem
1822 4453 2115 4495 conversa-

546 4529 743 4582 tionem
779 4542 873 4581 eos
913 4526 1001 4595 qui
1032 4541 1096 4579 ex
1138 4524 1403 4594 sanguine
1436 4524 1652 4581 lsraelis
1686 4527 1792 4582 orti
1838 4536 1983 4594 sunt,
2021 4532 2117 4585 ad-

541 4618 781 4673 duceret.
817 4616 949 4672 Cum
978 4630 1107 4685 ergo
1135 4615 1269 4669 nihil
1326 4615 1621 4685 adjumenti
1680 4633 1802 4673 eum
1859 4630 2115 4689 putarent
2144 4605 2191 4664 ί)

543 4710 854 4773 allaturum,
879 4718 1055 4763 morte
1086 4707 1324 4775 ligarunt
1375 4722 1520 4774 eum,
1580 4721 1843 4779 quantum
1897 4713 2112 4781 quidem

544 4802 597 4855 in
626 4801 754 4868 ipsis
782 4809 919 4865 erat,
955 4801 1166 4853 tametsi
1196 4799 1393 4853 revixit
1448 4800 1513 4853 de
1548 4800 1773 4871 integro,
1832 4811 1893 4856 ut
1947 4802 2110 4869 Deus,

544 4892 747 4945 inferos
772 4892 1111 4954 exinaniens,
1140 4899 1194 4944 et
1224 4891 1586 4958 corruptionis
1606 4894 1887 4962 imperium
1918 4893 2112 4950 infrin-

543 4977 822 5050 gens.Vita
852 4988 934 5034 est
955 4980 1098 5033 enim
1125 4990 1181 5034 et
1207 4980 1329 5034 vitae
1355 4990 1563 5035 auctor.
1595 4979 1792 5036 Verum
1814 4993 2002 5039 contra
2023 5001 2115 5042 se-

548 5071 692 5138 ipsos
717 5070 1001 5124 consilium
1036 5072 1290 5136 inierunt,
1316 5071 1519 5142 justum
1547 5072 1717 5142 ligare
1742 5075 2010 5142 volentes,
2064 5088 2120 5132 et

547 5164 686 5218 fetus
723 5178 940 5219 suorum
971 5163 1212 5219 laborum
1245 5166 1546 5221 comedent.
1580 5166 1736 5233 Quod
1751 5169 1893 5223 enim
1921 5171 2123 5225 severit

547 5256 689 5323 quis,
725 5256 828 5309 hoc
871 5264 927 5310 et
976 5264 1159 5311 metet.
1191 5255 1259 5311 Et
1317 5272 1448 5313 sane
1502 5259 1593 5327 qui
1650 5261 1892 5316 moribus
1940 5261 2123 5330 probis

547 5353 694 5410 sunt,
723 5354 777 5401 et
808 5354 918 5400 toto
965 5357 1182 5415 pectore
1253 5349 1346 5404 Dei
1406 5364 1593 5404 amore
1643 5349 1890 5422 ﬂagrant,
1953 5354 2123 5409 bonos

549 5436 677 5536 ὶέἰηο
704 5436 912 5492 fructus
956 5440 1231 5495 invenient
1266 5458 1279 5494 :
1313 5450 1368 5495 at
1395 5442 1484 5512 qui
1510 5442 1776 5508 resiliunt,
1833 5452 1888 5498 et
1945 5444 2117 5515 perti-

553 5533 716 5585 naces
744 5540 869 5585 sunt
898 5545 962 5586 ac
1006 5533 1301 5602 praefracti,
1345 5544 1401 5589 et
1443 5536 1637 5591 divinae
1676 5536 1941 5606 ruajestati
1976 5540 2117 5595 relu-

551 5631 784 5687 etaritur.
811 5622 970 5677 edent
1004 5633 1295 5693 proventus
1350 5625 1597 5682 laborum
1654 5643 1895 5695 suorum,
1944 5631 2117 5702 ignem

554 5713 834 5782 nimirum,
883 5725 938 5768 et
967 5715 1310 5788 supplicium,
1343 5727 1397 5775 et
1430 5732 1668 5790 ptenatn,
1703 5730 1756 5778 et
1782 5738 2115 5796 quaecunque

630 5867 674 5899 "
699 5866 853 5922 Joan.
894 5881 1011 5929 xrx,
1042 5868 1131 5923 15.

2215 3352 2553 3423 γεννήματα
2591 3350 2710 3405 τῶν
2741 3350 2930 3419 ἔργων
2954 3345 3149 3402 αὐτῶν
3180 3345 3492 3416 φάγονται.
3534 3344 3679 3398 Οὐαὶ
3709 3342 3790 3408 τῷ

2213 3446 2434 3514 ἀνόμῳ,
2466 3444 2697 3510 πονηρὰ
2729 3444 2879 3495 κατά
2914 3440 2985 3494 τὰ
3020 3440 3162 3511 ἔργα
3201 3438 3319 3493 τῶν
3355 3436 3569 3509 χειρῶν
3603 3438 3791 3492 αὑτοῦ

2214 3537 2587 3606 συμϐήσεται
2623 3534 2802 3599 αὐτῷ.

2286 3626 2571 3690 Ταλανίζει
2604 3627 2698 3679 καὶ
2721 3623 2815 3678 νῦν
2841 3626 2869 3679 ὁ
2897 3624 3183 3695 προφήτης
3224 3621 3332 3676 τῶν
3369 3620 3632 3676 Ἰουδαίων
3662 3620 3787 3683 τοὺς

2214 3720 2438 3789 δήμους,
2477 3719 2570 3771 καὶ
2607 3718 2714 3772 τῶν
2754 3718 2840 3770 ἐπ’
2874 3718 3057 3778 αὐτοῖς
3089 3715 3338 3786 ὀδυρμῶν
3365 3712 3653 3767 ἀποδίδωσι
3688 3711 3787 3775 τὰς

2216 3811 2413 3873 αἰτίας.
2452 3805 2620 3862 Εἶπον
2657 3810 2786 3881 γὰρ,
2821 3808 3003 3879 φησὶν,
3045 3808 3103 3861 ὲν
3137 3807 3369 3868 ἑαυτοῖς·
3408 3805 3666 3876 Δήσωμεν
3698 3802 3789 3856 τὸν

2216 3904 2446 3967 δίκαιον,
2477 3904 2560 3958 ὅτι
2588 3902 2923 3971 δύσχρηστος
2952 3903 3086 3972 ἡμῖν
3114 3900 3280 3953 ἐστιν.
3322 3898 3393 3952 Oti
3423 3898 3530 3968 γὰρ
3564 3895 3793 3966 παρεδέ-

2217 4014 2372 4066 χοντο
2389 3995 2479 4049 διὰ
2499 3994 2598 4065 τῆς
2622 3994 2856 4055 πίστεως
2877 3992 2968 4046 τὸν
2988 3993 3096 4045 τῶν
3120 3992 3255 4044 ὅλων
3283 3990 3511 4063 Σωτῆρα
3534 3988 3789 4060 Χριστὸν,

2216 4086 2572 4157 ἀτιμάζοντες
2622 4085 2681 4139 δὲ
2726 4084 3176 4149 διατετελέκασιν,
3224 4083 3389 4153 (ροντὸ
3436 4099 3495 4134 τε
3536 4080 3677 4135 κατά
3730 4081 3792 4133 τὸ

2217 4178 2434 4250 ἀληθὲς,
2466 4179 2545 4231 ὅτι
2572 4178 2692 4231 κατ’
2718 4177 2906 4230 οὐδένα
2944 4178 3142 4247 τρόπον
3170 4177 3439 4246 χρήσιμον
3471 4173 3689 4227 ἔσεσθαι
3714 4172 3790 4243 τῷ

2219 4271 2316 4343 βίῳ
2340 4272 2431 4325 τὸν
2456 4271 2753 4340 ἀφιγμένον
2779 4271 2859 4333 είς
2879 4268 3055 4332 τοῦτο,
3080 4269 3164 4322 ἵνα
3190 4269 3368 4322 πάντα
3388 4270 3444 4321 ὲν
3467 4265 3613 4337 αύτῷ
3632 4266 3791 4320 καινά

2216 4365 2282 4417 τὰ
2338 4363 2461 4417 καθ’
2489 4364 2636 4433 ἡμᾶς
2672 4361 2919 4433 γένηται,
2977 4362 3073 4413 κα)⁸
3128 4363 3191 4413 ὲκ
3241 4360 3473 4430 νομικῆς
3519 4358 3792 4422 πολιτείας

2220 4454 2549 4524 μεταστήσει
2569 4454 2649 4517 εἰς
2672 4451 3047 4522 πνευματικὴν
3067 4453 3192 4514 τοὺς
3213 4452 3271 4517 ἐξ
3295 4451 3524 4521 αἵματος
3552 4450 3786 4520 Ἰσραήλ.

2218 4540 2425 4596 Οὐκοῦν
2480 4542 2598 4594 κατ’
2642 4540 2795 4594 οὐδὲν
2848 4540 3065 4594 ἔσεσθαι
3121 4541 3389 4611 χρήσιμον
3437 4539 3793 4609 ὑπειληφότες

2218 4635 2380 4689 αὑτὸν
2411 4634 2605 4705 ἔδησαν
2635 4632 2713 4703 τῷ
2752 4632 2987 4701 θανάτῳ,
3031 4632 3091 4686 τό
3119 4650 3182 4699 γε
3215 4627 3346 4703 ἧκον
3371 4633 3449 4695 είς
3490 4631 3708 4695 αὐτοὺς,
3745 4632 3792 4683 εἰ

2218 4729 2310 4782 καὶ
2340 4727 2538 4782 ἀνεϐίω
2568 4726 2727 4781 πάλιν
2756 4726 2832 4790 ὡς
2861 4727 2991 4789 Θεὸς
3020 4725 3264 4789 κενώσας
3303 4726 3394 4779 τὸν
3423 4725 3574 4797 ᾅδην,
3610 4725 3705 4778 καὶ
3732 4726 3791 4777 τὸ

2216 4818 2319 4888 τῆς
2368 4817 2571 4887 φθορᾶς
2624 4814 2933 4877 καταλύσας
2980 4814 3200 4885 κράτος.
3234 4814 3355 4882 Ζωὴ
3394 4813 3502 4883 γάρ
3540 4814 3658 4863 ἐστι
3701 4811 3794 4862 καὶ

2219 4909 2497 4974 ζωοποιός.
2531 4906 2676 4978 Πλὴν
2710 4909 2827 4960 κατ’
2853 4905 3031 4960 αὐτῶν
3060 4904 3403 4960 ἐϐουλεύοντο
3434 4905 3594 4973 δῆσαι
3621 4903 3795 4957 θέλον-

2219 5019 2309 5065 τες
2337 5001 2426 5054 τὸν
2461 5000 2687 5054 δίκαιον
2727 5000 2992 5068 φάγονται
3027 4998 3085 5051 δὲ
3119 4998 3212 5051 καὶ
3236 4998 3304 5050 τά
3337 4998 3654 5066 γεννήματα
3684 4995 3794 5048 τῶν

2219 5092 2395 5164 ἔργων
2439 5091 2639 5145 αὐτῶν.
2681 5088 2749 5145 Ὀ
2777 5092 2885 5164 γὰρ
2921 5091 3014 5143 ἐὰν
3052 5091 3248 5161 σπείρῃ
3286 5088 3591 5157 ἄνθρωπος,
3636 5086 3795 5140 τοῦτο

2221 5179 2312 5230 καὶ
2346 5178 2568 5247 θερίσει.
2606 5179 2715 5231 Καὶ
2744 5179 2793 5231 οἱ
2827 5178 2926 5248 μὲν
2955 5179 3078 5241 τοὺς
3103 5178 3337 5248 τρόπους
3379 5179 3660 5239 ἐπιεικεῖς,
3698 5174 3793 5229 καὶ

2220 5267 2465 5337 φιλόθεον
2509 5267 2722 5338 ἔχοντες
2771 5267 3016 5339 γνώμην,
3069 5268 3307 5337 ἀγαθοὺς
3350 5267 3596 5321 ἐντεῦθεν
3628 5268 3795 5337 εὑρή-

2225 5376 2377 5412 σουσι
2406 5359 2530 5422 τοὺς
2562 5358 2824 5429 καρπούς·
2853 5361 2902 5412 οἱ
2936 5361 2993 5413 δὲ
3019 5358 3372 5422 ἀπονεύοντες
3398 5358 3491 5412 καὶ
3522 5357 3793 5422 ἀπειθεῖς,

2226 5450 2319 5502 καὶ
2341 5452 2405 5519 τῇ
2445 5448 2565 5520 θείᾳ
2590 5450 2714 5522 δόξῃ
2749 5450 3066 5520 μαχόμενοι,
3096 5450 3359 5519 φάγονται
3386 5450 3457 5503 τά
3482 5450 3794 5521 γεννήματα

2223 5540 2330 5594 τῶν
2361 5542 2537 5611 ἔργων
2561 5541 2757 5603 αὐτῶν,
2793 5541 2937 5595 τοῦτ’
2959 5542 3096 5606 ἔστι,
3126 5542 3255 5613 πῦρ,
3290 5543 3383 5597 καὶ
3406 5541 3559 5612 δίκην
3584 5543 3678 5596 καὶ
3703 5543 3796 5595 κό-

2223 5635 2379 5689 λασιν
2431 5635 2523 5688 καὶ
2574 5634 2643 5687 τὰ
2690 5633 2749 5698 ἐξ
2789 5635 2958 5705 ὀργῆς
3002 5635 3388 5705 συμϐαίνοντα.
3426 5636 3654 5705 "EQ/erat
3686 5635 3796 5704 γάρ

2224 5728 2440 5789 πάντως
2479 5725 2544 5780 τὰ
2572 5726 2746 5781 τοιάδε
2772 5726 2879 5780 τῶν
2917 5727 3102 5781 κακῶν
3128 5730 3239 5791 τοῖς
3269 5726 3554 5800 θεομαχεῖν
3580 5727 3796 5800 ⁴ᾑρημέ-
