4094 6366
333 459 441 515 109

1496 458 1564 513 ΙΝ
1604 455 1836 512 ISAIAM
1876 453 2004 508 LIB.
2050 451 2089 508 l.
2132 451 2339 507 ORAT.
2382 451 2466 505 lil.

3496 458 3600 515 ΗΟ

328 594 463 638 νοις.
503 574 723 645 ’Λληθὲς
750 570 843 628 οὖν
875 576 977 639 δτι,
1012 576 1135 628 οὐαὶ
1168 576 1246 646 τῷ
1284 578 1492 647 ἀνόμῳ,
1526 576 1735 647 πονηρά
1765 572 1909 631 κατά

2022 570 2095 622 ira
2118 569 2257 622 solet
2309 566 2524 623 ali‘erre.
2557 566 2789 621 Omnino
2820 553 2968 624 enim
3022 568 3148 623 talia
3206 571 3344 624 mala
3406 585 3599 627 conse-

327 670 400 722 τὰ
428 669 562 739 ἔργα
585 666 694 719 τῶν
720 667 921 739 χειρῶν
953 667 1118 721 αὐτοῦ
1148 669 1485 740 συμϐήσεται
1516 670 1683 741 αὐτῷ·
1728 670 1918 741 ῶσπερ

328 763 440 833 γὰρ
472 762 877 832 προσεκόμισαν
911 762 1129 833 Πιλάτῳ
1158 762 1248 815 τὸν
1278 762 1505 834 Ἰησοῦν,
1531 764 1623 816 κα)⁵
1652 768 1772 827 ταῖς
1808 764 1917 817 τῶν

350 854 685 923 πρατιωτῶν
738 853 1050 917 ἀτιθάσσοις
1105 856 1331 925 ὀργαῖς,
1386 855 1531 909 οὕτω
1600 858 1696 909 καὶ
1762 857 1917 909 αὐτοὶ

342 946 822 1016 παραδοθήσονται,
844 946 997 1017 φησὶ,
1019 949 1140 1009 ταῖς
1170 947 1457 1017 Ῥωμαίων
1486 951 1786 1019 στρατιαῖς.
1806 949 1918 1003 Καὶ

330 1038 393 1109 δὴ
446 1039 604 1092 τοῦτο
652 1039 877 1107 λέγοντα
912 1040 1099 1108 σαφῶς
1147 1042 1241 1094 καὶ
1282 1041 1370 1093 διὰ
1416 1041 1601 1111 φωνῆς
1655 1041 1916 1111 Ἰεζεχιὴλ

329 1134 655 1203 εὑρήσομεν.
686 1134 915 1203 Εἴρηται
945 1133 1052 1203 γὰρ
1080 1133 1217 1205 πρὸς
1236 1133 1336 1203 τὴν
1356 1133 1575 1185 ἀνοσίαν
1606 1133 1700 1187 καὶ
1730 1150 1915 1199 κυριο-

328 1226 522 1276 κτόνον
573 1224 945 1297 Ἰερουσαλήμ·
982 1224 1181 1289 Καθὼς
1215 1226 1497 1296 ἐποίησας,
1551 1226 1722 1289 οὕτως
1764 1225 1916 1279 ἔσται

330 1331 437 1368 σοι.
469 1315 541 1367 Τὸ
560 1315 908 1387 ἀνταπόδομά
937 1332 1030 1368 σου
1055 1316 1550 1388 ἀνταποδοθήσεται
1572 1319 1652 1380 είς
1676 1316 1917 1387 κεφαλήν

329 1424 449 1461 σου.

962 1520 1181 1575 ΛΟΓΟΣ
1216 1521 1268 1574 I"

401 1654 563 1720 Λαός
610 1672 749 1723 μου,
804 1658 858 1709 οἱ
918 1656 1252 1725 πράκτορες
1304 1655 1473 1726 ὑμῶν
1529 1655 1915 1726 καλαμῶνται

328 1744 507 1815 ὑμᾶς,
540 1748 637 1800 καί
662 1750 718 1801 oi
748 1748 1147 1816 ἀπαιτοῦντες
1175 1750 1565 1818 κυριεύουσιν
1588 1748 1775 1818 ὑμῶν.

401 1855 527 1907 Ὀτι
557 1857 757 1920 παντὸς
805 1857 1014 1927 ἀγαθοῦ
1061 1861 1280 1932 νοσήσει
1324 1861 1423 1932 τὴν
1474 1862 1709 1933 ἐρημίαν
1739 1864 1773 1933 ἡ
1804 1862 1914 1914 τῶν

2026 668 2259 727 quentur
2292 673 2385 713 eos
2417 659 2508 734 qui
2539 674 2661 713 cum
2708 659 2817 714 Deo
2854 668 3115 730 pugnant.
3160 657 3259 715 Est
3292 660 3457 730 igitur
3508 676 3603 717 ve-

2028 767 2166 815 rum,
2198 751 2383 820 iniquo
2416 752 2520 807 erit
2550 767 2651 817 vae,
2681 760 2735 805 et
2773 751 2913 807 mala
2944 768 3043 822 pro
3062 754 3318 823 operibus
3340 770 3601 812 manuum

2027 842 2199 910 ipsius
2239 843 2519 914 obtingent
2562 844 2634 897 ei.
2701 842 2833 898 Nam
2869 854 2926 899 ut
2975 843 3156 900 Jesum
3213 845 3387 901 Pilato
3420 858 3475 902 et
3520 849 3605 904 iu-

2025 934 2244 987 domitis
2274 934 2504 1009 militum
2562 936 2842 990 furoribus
2876 935 3234 1003 obiecerunt,
3273 939 3343 992 ita
3381 948 3436 994 et
3473 941 3599 1009 ipsi,

2027 1024 2219 1093 inquit,
2251 1023 2509 1080 Romanis
2536 1026 2705 1095 copiis
2736 1028 3039 1082 tradentur.
3118 1029 3272 1102 Quod
3321 1043 3507 1100 aperte
3548 1042 3604 1087 et

2025 1117 2169 1174 clare
2194 1118 2530 1175 Ezechielem
2563 1121 2899 1176 inveniemus
2942 1123 3143 1177 dicere.
3207 1123 3340 1177 Nam
3399 1124 3602 1181 dictum

2025 1220 2109 1264 est
2154 1213 2221 1265 ad
2253 1211 2473 1281 impiam
2502 1221 2556 1265 et
2578 1212 2789 1266 Domini
2816 1213 3239 1269 interfectricem
3269 1213 3597 1272 Jerusalem:

2025 1301 2488 1368 Quemadmodum
2514 1302 2713 1369 fecisti,
2769 1306 2849 1359 sic
2904 1307 3008 1360 erit
3066 1306 3194 1361 tibi:
3244 1322 3453 1364 merces
3510 1318 3601 1365 tua

2027 1396 2357 1469 rependetur
2392 1396 2443 1451 iu
2476 1408 2637 1467 caput
2681 1409 2853 1452 tuum.

2616 1509 2875 1568 ORATIO
2913 1514 3005 1571 lli.

2095 1644 2230 1699 Cu.
2268 1646 2354 1700 lli.
2385 1646 2549 1705 Vens.
2586 1650 2673 1707 l2.
2716 1651 2911 1723 Papule
2936 1672 3101 1724 meus,
3125 1667 3392 1715 exactores
3448 1664 3604 1716 vestri

2024 1737 2250 1806 spoliant
2278 1758 2391 1807 vos,
2430 1752 2480 1796 et
2511 1744 2772 1813 exigentes
2802 1749 3153 1805 dominantur
3189 1753 3351 1813 vobis,

2092 1849 2357 1916 Quoniam
2391 1850 2696 1910 Judaaorum
2732 1860 3003 1924 regionem
3036 1864 3279 1919 omnium
3332 1864 3602 1926 bonorum

342 1945 611 2002 Ἰουδαίων
669 1948 861 2020 χώρα,
915 1951 1322 2022 διαφανέστατα
1376 1954 1469 2007 καὶ
1517 1954 1663 2024 μάλα
1728 1955 1915 2024 σαφῶς

2022 1942 2247 2009 penuria
2277 1942 2644 2000 laboraturam
2699 1950 2911 2005 abunde
2973 1954 3112 2008 satis
3178 1964 3233 2009 et
3294 1955 3604 2018 clarissimo

326 2038 875 2111 προεξηγησάμενος,
934 2045 1028 2097 καὶ
1076 2045 1137 2097 τὸ
1190 2045 1245 2098 τί
1305 2046 1642 2117 συμϐήσεται
1693 2050 1805 2111 τοῖς
1838 2050 1916 2113 εἰς

326 2130 564 2200 Χριστὸν
594 2136 1051 2207 πεπαρῳνηκόσιν
1081 2136 1324 2204 διειπὼν,
1343 2136 1733 2210 προαναπείθει
1757 2138 1919 2193 πάλιν

327 2220 669 2293 ἀποσχέσθαι
710 2224 819 2279 τῶν
848 2226 1361 2300 πλημμελημάτων,
1415 2229 1511 2283 καί¹
1540 2232 1654 2294 τοῖς
1690 2229 1749 2297 ἐξ
1780 2233 1812 2301 ἡ
1824 2248 1919 2302 με-

334 2315 565 2387 ρότητος
605 2317 787 2389 λόγοις
827 2322 1109 2393 μονονουχὶ
1153 2321 1550 2395 καταγοητεύει
1594 2325 1915 2395 χρησίμως,

331 2409 593 2480 μεθιστὰς
619 2413 712 2465 ἐπὶ
740 2413 802 2465 τὸ
827 2413 1073 2484 ἄμεινον,
1124 2415 1219 2469 καὶ
1272 2417 1400 2478 τοὺς
1448 2414 1705 2469 ἀπάντων
1735 2416 1919 2482 αὐτοῖς

328 2503 519 2558 κακῶν
541 2505 835 2572 γεγονότας
871 2507 1079 2570 αἰτίους
1119 2507 1503 2578 παραιτεῖσθαι
1529 2508 1814 2563 διδάσκων.
1844 2511 1917 2563 Οὐ

328 2595 438 2668 γὰρ
458 2592 613 2668 οἶμαι
640 2597 751 2652 δεῖν
771 2601 884 2662 τοῖς
908 2599 1267 2671 καθηγεῖσθαι
1303 2601 1560 2671 λαχοῦσιν
1595 2603 1918 2657 ὑποκεῖσθαι

330 2688 529 2758 φιλεῖν,
564 2691 671 2743 κᾶν
705 2692 755 2743 εί
792 2692 866 2762 μή
905 2709 958 2744 τι
986 2691 1095 2744 τῶν
1121 2692 1221 2747 ὅσα
1278 2694 1398 2747 ἐστὶ
1453 2694 1753 2749 τελούντων
1782 2696 1919 2767 πρὸς

328 2781 514 2851 ὄνησιν
537 2782 855 2853 ἐπιχειρῶσι
883 2784 1187 2850 διδάσκειν,
1219 2788 1358 2858 μήτε
1391 2786 1497 2858 μὴν
1527 2826 1542 2843 .
1621 2826 1637 2842 .
1716 2827 1732 2842 .
1806 2805 1916 2843 οιεν

254 2860 255 2865 “
329 2873 584 2946 διαϐολῆς
626 2874 813 2941 ἀξιοῦν
852 2877 915 2930 τὸ
958 2880 1017 2931 ἐν
1076 2878 1242 2951 μοίρᾳ
1297 2880 1557 2953 τετάχθαι
1587 2884 1921 2956 φαυλότητος

328 2966 555 3031 δικαίως
611 2968 678 3022 ἂν
724 2964 862 3023 εἶναι
922 2972 1377 3043 πεπιστευμένον.
1426 2976 1621 3047 Ἀρετὴ
1673 2976 1784 3045 γὰρ
1836 2977 1918 3031 δι-

327 3058 600 3114 δασκάλου
632 3062 692 3114 τὸ
718 3062 1078 3133 ἀποκομίζειν
1133 3063 1392 3119 δύνασθαι
1412 3067 1551 3136 πρὸς
1592 3068 1794 3140 ἀκριϐῆ
1823 3066 1918 3121 τοῦ

332 3151 706 3222 συμφέροντος
734 3153 936 3224 εἴδησιν
977 3156 1104 3219 τοὺς
1153 3155 1725 3233 παιδαγωγουμένους,
1750 3177 1918 3214 κατα-

330 3241 671 3313 κιὸδηλεύειν
708 3243 764 3295 δὲ
814 3244 875 3296 τὸ
922 3246 1309 3301 κατασίνεσθαι
1342 3248 1609 3319 πεφυκὸς,
1653 3251 1747 3305 καὶ
1774 3267 1918 3323 παρ·
1944 3298 1987 3355 c

328 3335 601 3389 αιτείσθαι
630 3335 873 3390 κελεύειν
905 3336 966 3389 τὸ
993 3338 1196 3391 ἀδικεῖν
1221 3340 1429 3405 εἰωθός.
1483 3342 1737 3395 Ἐπαίνου
1770 3342 1814 3396 δ’
1848 3342 1914 3396 ἂν

328 3420 455 3479 εἷεν·
475 3427 617 3492 ἄξιοι
648 3428 849 3491 παντὸς
877 3430 972 3482 καὶ
1016 3431 1066 3483 oi
1116 3430 1395 3495 τελοῦντες
1428 3434 1486 3485 ἐν
1543 3433 1835 3505 μαθηταῖς,
1864 3436 1913 3487 εί

330 3517 405 3587 μὴ
455 3520 578 3582 ταῖς
611 3520 791 3584 δόξαις
846 3520 956 3574 τῶν
1010 3521 1368 3578 διδασκόντων
1426 3524 1657 3599 ἐνορῷεν
1704 3527 1909 3591 ἁπλῶς,

326 3611 466 3666 ἀλλά
496 3616 566 3685 τῇ
594 3614 703 3667 τῶν
738 3616 1080 3686 πραγμάτων
1102 3618 1283 3686 φύσει,
1309 3619 1404 3671 καὶ
1440 3618 1778 3691 θαυμάζουσι
1816 3622 1914 3691 μὲν

325 3706 454 3769 τοὺς
482 3706 857 3773 διδάσκοντας,
895 3710 1052 3781 εῐπερ
1112 3712 1255 3780 τινὲς
1304 3707 1415 3764 εἷεν
1442 3711 1591 3782 όρθοὶ
1659 3714 1754 3769 καὶ
1798 3714 1914 3770 ἐπι-

330 3801 617 3871 στήμονες,
650 3799 880 3855 καὶτῶν
912 3802 1149 3875 ἀρίστων
1207 3805 1517 3878 εἰσηγηταὶ,
1567 3805 1915 3881 καταψέγωσι

327 3890 387 3946 δι
406 3894 536 3954 τοὺς
560 3887 753 3965 οἷσπερ
789 3892 856 3947 ἂν
909 3895 993 3965 εῖη
1031 3894 1107 3966 μὴ
1139 3896 1385 3960 τοιοῦτος
1426 3898 1455 3950 ό
1484 3896 1705 3960 σκοπός.
1734 3899 1916 3951 Κατα-

329 3985 558 4055 νέμουσι
592 3985 691 4056 μὲν
714 3985 823 4058 γάρ
853 4003 994 4051 τινες
1023 3990 1080 4041 ἐν
1113 3987 1265 4060 ὄρεσι
1311 3988 1408 4043 καὶ
1433 3987 1633 4053 νάπαις
1664 3988 1765 4052 τὰς
1788 3990 1915 4043 ὀΐων

328 4076 555 4144 ἀγέλας·
590 4075 704 4128 ἀλλ’
752 4078 801 4129 εί
853 4077 1185 4147 παρακέοιτο
1236 4080 1347 4141 τοῖς
1377 4077 1655 4151 θρέμμασι
1686 4078 1912 4151 βόθρος,

329 4171 501 4239 ήγουν
535 4168 677 4239 όρῶν
713 4172 742 4223 ό
783 4172 1046 4242 κρημνὸς,
1078 4174 1371 4246 περιφοιτᾷ
1414 4173 1484 4226 τὰ
1516 4173 1787 4245 πρόϐατα,
1822 4176 1916 4227 καὶ

330 4261 393 4313 οὐ
425 4261 678 4332 καθίησιν
712 4263 881 4315 ἐαυτά
905 4264 1041 4335 πρὸς
1073 4262 1321 4318 θάνατον’
1353 4265 1779 4335 παιδαγωγεῖται
1808 4265 1917 4337 γὰρ

331 4352 526 4424 ῶσπερ
564 4353 631 4406 δι’
659 4353 902 4423 ἐμφύτου
932 4356 1121 4425 νόμου,
1157 4356 1292 4426 πρὸς
1327 4357 1388 4410 τὸ
1436 4356 1637 4427 χρῆναι
1660 4356 1760 4427 τῆς
1793 4358 1918 4408 ἐαυ-

335 4446 451 4499 τῶν
482 4446 759 4516 φείδεσθαι
809 4446 976 4517 ζωῆς.
1014 4443 1151 4501 Εἶτα
1195 4447 1312 4511 πῶς
1346 4449 1446 4501 οὐκ
1483 4447 1703 4512 ἄτοπον,
1733 4448 1782 4499 εί
1817 4446 1917 4517 μὲν

332 4531 450 4600 τοῖς
471 4537 687 4605 ἀλόγοις
744 4536 902 4602 ζώοις
940 4538 1099 4591 τοῦτο
1145 4540 1431 4608 φαίνεσθαι
1478 4538 1733 4613 κρατοῦν,
1765 4540 1824 4591 ἐν
1860 4538 1917 4591 δὲ

334 4635 468 4703 ἡμῖν
518 4633 722 4698 αὐτοῖς,
771 4635 949 4688 καίτοι
994 4635 1231 4704 λογικοῖς
1276 4637 1603 4709 ὑπάρχουσι,
1663 4639 1763 4711 τὴν
1823 4635 1917 4690 τοῦ

334 4725 609 4796 χρησίμου
641 4728 736 4779 καὶ
757 4726 1054 4795 ἀναγκαίου
1077 4728 1215 4798 πρὸς
1243 4727 1387 4800 ζωὴν
1408 4729 1507 4782 οὐκ
1534 4724 1671 4783 εἶναι
1693 4728 1915 4797 γνῶσιν.

336 4817 459 4889 Χρὴ
482 4817 771 4888 τοιγαροῦν
814 4817 918 4871 κᾶν
945 4820 998 4871 εῖ
1043 4835 1187 4882 τινες
1219 4820 1364 4889 ἡμᾶς
1396 4820 1503 4873 τῶν
1543 4821 1623 4883 εἰς
1660 4819 1919 4875 διδασκὰ-

234 4902 237 4907 ’
336 4912 480 4975 λους,
515 4912 609 4963 καὶ
632 4909 949 4980 καθηγητὰς
980 4912 1329 4981 τεταγμένων
1362 4912 1446 4980 ἐφ’
1473 4912 1508 4965 ἀ
1538 4913 1612 4981 μὴ
1644 4913 1919 4984 προσῆκεν

337 5004 697 5074 ἀποκομίζειν
760 5003 984 5070 ἕλοιντο,
1035 5005 1110 5076 μὴ
1151 5005 1340 5068 ἁπλῶς
1373 5004 1660 5077 ἀνέχεσθαι
1704 5006 1916 5077 φιλεῖν,

341 5096 476 5167 μηδὲ
530 5096 639 5165 μὴν
684 5095 1116 5161 ἀκατασκέπτως
1148 5096 1376 5151 ἕπεσθαι
1430 5097 1568 5170 πρὸς
1616 5098 1677 5151 τὺ
1732 5099 1919 5162 αὐτοῖς

335 5187 548 5252 δοκοῦν,
606 5186 746 5239 ἀλλά
799 5187 1116 5258 δοκιμάζειν
1172 5190 1377 5243 ἕκαστα
1437 5192 1547 5243 τῶν
1605 5192 1914 5264 πρακτέων.

337 5280 377 5331 0
454 5323 469 5337 .
563 5317 578 5333 .
671 5321 685 5334 .
762 5283 957 5353 χωρεῖν
977 5282 1068 5333 ἐπὶ
1098 5281 1159 5333 τὸ
1187 5282 1269 5334 ὅτι
1302 5282 1534 5350 μάλιστα
1555 5281 1664 5334 τῶν
1686 5281 1916 5351 ὠφελεῖν

335 5372 626 5427 εἰωθότων.
659 5368 840 5427 ’Ἦσαν
862 5375 1037 5427 τοίνυν
1058 5376 1109 5431 οἱ
1139 5374 1248 5427 τῶν
1280 5375 1547 5428 Ἰουδαίων
1580 5375 1913 5448 καθηγηταὶ,

334 5464 478 5515 τοῦτ’
501 5464 674 5523 ἐστιν,
694 5466 743 5515 oi
770 5464 1121 5535 Γραμματεῖς
1144 5482 1205 5518 τε
1235 5466 1329 5518 καὶ
1350 5466 1397 5518 οἱ
1426 5468 1729 5537 Φαρισαῖοι,
1753 5467 1917 5520 δεινοὶ

337 5554 473 5625 πρὸς
526 5555 588 5607 τὸ
640 5554 838 5625 χρῆναι
895 5556 1023 5619 τοὺς
1068 5554 1177 5607 τῶν
1229 5556 1526 5627 χρημάτων
1570 5558 1915 5628 ἐρανίζεσθαι

336 5645 662 5715 πορισμοὺς,
699 5644 793 5697 καὶ
823 5642 918 5707 τάς
941 5646 1006 5698 ἐκ
1027 5644 1133 5697 τῶν
1162 5644 1307 5697 λαῶν
1353 5646 1701 5717 συγκομίζειν
1744 5647 1913 5718 δωροο

340 5738 556 5809 φορίας,
597 5734 877 5806 ἀπαρχὰς,
929 5738 1181 5801 δεκάτας,
1242 5738 1338 5791 καὶ
1388 5738 1489 5792 ὅσα
1513 5741 1626 5801 τοῖς
1666 5739 1915 5810 ἱερᾶσθαι

338 5830 594 5901 λαχοῦσιν
618 5831 654 5881 ό
692 5829 854 5898 νόμος
900 5830 980 5892 είς
1013 5830 1214 5901 κλῆρον
1265 5830 1454 5883 ἐδίδου.
1510 5829 1716 5894 Σκοπὸς
1763 5831 1818 5884 δέ
1847 5826 1914 5901 ἦν

339 5926 539 5987 αὐτοῖς,
573 5922 671 5977 καὶ
694 5920 781 5977 διὰ
817 5921 995 5997 πάσης
1021 5921 1233 5977 τέθειτο
1254 5923 1487 5995 σπουδῆς
1515 5922 1575 5976 τὸ
1604 5923 1916 5982 ἀναπείθειν

2020 2033 2314 2103 exposuit,
2370 2042 2423 2090 et
2451 2052 2572 2107 quae
2606 2039 2711 2097 illis
2746 2043 2837 2111 qui
2870 2043 2923 2096 iu
2975 2043 3253 2101 Christum
3284 2049 3605 2107 debacchati

2019 2135 2147 2179 sunt
2198 2136 2456 2181 eventura
2487 2140 2691 2196 essent,
2725 2138 3002 2189 enarravit
3039 2153 3053 2189 :
3088 2153 3277 2195 rursus
3302 2142 3597 2209 persuadet

2019 2218 2393 2273 declinandum
2422 2236 2453 2275 a
2479 2222 2716 2288 delictis,
2745 2234 2799 2279 et
2833 2225 3042 2283 levibus
3074 2229 3436 2301 mollibusque
3474 2249 3604 2290 vero

2018 2308 2103 2365 bis
2157 2319 2365 2365 tantum
2432 2330 2538 2368 non
2599 2316 2841 2371 incantat
2898 2320 3119 2384 utiliter,
3149 2331 3204 2377 et
3256 2325 3324 2379 ad
3375 2326 3604 2383 meliora

2019 2402 2315 2467 convertit,
2346 2404 2613 2475 docetque
2638 2407 2883 2463 vitandos
2910 2425 3002 2465 eos
3028 2413 3117 2481 qui
3182 2415 3425 2469 omnium
3486 2433 3603 2472 ma-

2020 2492 2193 2548 lorum
2241 2504 2495 2551 auctores
2523 2499 2658 2568 ipsis
2721 2510 2777 2555 et
2830 2516 3013 2559 causae
3084 2506 3432 2563 exstiterunt.
3483 2507 3602 2566 Non

2021 2585 2164 2638 enim
2194 2587 2447 2643 existimo
2470 2590 2667 2645 debere
2700 2600 2798 2646 nes
2828 2591 2913 2647 his
2938 2594 3029 2663 qui
3058 2596 3167 2673 62
3204 2609 3601 2674 praeceptorum

2022 2673 2200 2729 locqu
2226 2686 2541 2749 sortemque
2564 2690 2749 2736 tenent
2800 2683 3015 2753 subjici,
3061 2689 3164 2742 nisi
3190 2673 3459 2758 quatenus
3491 2692 3601 2747 uti-

2021 2766 2090 2820 lia
2139 2769 2335 2826 docere
2366 2772 2779 2841 aggrediantur,
2813 2787 2867 2831 et
2898 2778 2999 2831 nisi
3029 2781 3170 2847 quod
3218 2797 3345 2837 vere
3378 2783 3430 2837 in
3472 2786 3604 2841 vitio

2020 2875 2145 2916 esse
2171 2863 2436 2926 creditur,
2490 2865 2658 2918 velint
2689 2869 3032 2939 redarguere.
3084 2872 3181 2926 Est
3213 2876 3356 2928 enim
3429 2877 3603 2935 virtus

2021 2952 2284 3017 doctoris,
2332 2956 2400 3009 ad
2456 2955 2752 3025 perfeCtam
2828 2973 3246 3034 accuratamque
3294 2966 3414 3039 ejus
3458 2970 3601 3037 quod

2021 3055 2105 3100 est
2135 3046 2265 3101 utile
2297 3049 2545 3103 notitiam
2572 3064 2666 3105 eos
2718 3052 2808 3122 qui
2838 3053 3224 3124 informantur,
3277 3075 3437 3136 posse
3477 3079 3601 3135 ρει-η

2022 3138 2266 3194 ducere:
2310 3142 2537 3211 etquod
2583 3142 2892 3198 nociturum
2932 3156 3035 3214 est,
3080 3159 3333 3221 tauquam
3393 3155 3602 3210 adulte-

2022 3232 2202 3286 riuum
2234 3242 2443 3298 notare,
2476 3244 2531 3288 et
2595 3235 2784 3303 jubere
2842 3248 2901 3292 ut
2950 3240 3001 3293 id
3070 3254 3390 3300 averseutur
3460 3251 3603 3317 quod

2021 3324 2162 3378 solet
2205 3342 2420 3382 nocere.
2466 3327 2625 3385 Omni
2656 3334 2819 3386 etiam
2853 3332 3012 3389 laude
3055 3336 3199 3407 digni
3241 3343 3483 3409 suntqui
3546 3343 3601 3403 in

2023 3418 2301 3488 discipulis
2358 3434 2667 3488 censentur,
2718 3424 2764 3478 si
2791 3439 2897 3480 non
2931 3427 3248 3498 simpliciter
3292 3432 3604 3495 intueantur

2024 3510 2225 3578 placita
2255 3511 2560 3577 doctorum,
2588 3513 2683 3568 sed
2709 3528 2890 3569 rerum
2923 3526 3209 3576 naturam:
3242 3531 3297 3577 et
3319 3524 3365 3579 si
3398 3527 3603 3586 miren-

2023 3612 2112 3658 tur
2140 3619 2234 3659 eos
2261 3605 2353 3674 qui
2381 3606 2596 3673 docent,
2625 3606 2893 3678 siquidem
2921 3610 3032 3666 sint
3062 3612 3188 3668 boni
3233 3624 3289 3671 et
3340 3618 3599 3688 scientes,

2026 3713 2316 3769 rerumque
2344 3699 2674 3769 optimarum
2718 3702 3047 3773 interpretes
3082 3724 3097 3765 :
3153 3708 3352 3785 quibus
3418 3722 3601 3769 autem

2027 3792 2150 3847 talis
2173 3807 2370 3862 scopus
2410 3795 2855 3866 propositumque
2885 3812 2991 3852 non
3024 3808 3128 3866 est,
3179 3802 3601 3869 reprehendant.

2024 3881 2237 3939 Etenim
2287 3896 2514 3953 pascunt
2536 3887 2752 3957 quidem
2786 3889 2949 3943 etiam
2980 3890 3031 3946 in
3063 3893 3336 3948 montibus
3363 3906 3418 3950 et
3450 3895 3603 3954 silvis

2024 3978 2205 4031 ovium
2228 3992 2447 4048 greges;
2478 3980 2653 4050 atqui,
2686 3980 2731 4036 si
2759 3996 2879 4051 quae
2911 3980 3062 4038 fovea
3090 3985 3163 4039 sit
3189 3987 3475 4054 pecoribus
3510 4003 3604 4043 ex-

2025 4070 2224 4139 posita,
2255 4070 2299 4124 si
2327 4071 2684 4141 praecipitium
2719 4084 3003 4143 appareat,
3037 4078 3382 4135 circumeunt
3445 4095 3599 4148 oves,

2027 4178 2126 4218 nec
2159 4162 2381 4221 sibimet
2405 4174 2638 4219 mortem
2688 4178 3024 4222 accersunt:
3093 4186 3218 4224 nam
3280 4171 3396 4243 lege
3436 4175 3601 4234 veluti

2023 4257 2255 4331 quadam
2281 4270 2312 4310 a
2342 4265 2533 4311 natura
2564 4257 2725 4312 insita
2757 4258 3020 4315 docentur
3054 4261 3178 4317 vita:
3206 4279 3317 4319 suae
3370 4280 3602 4335 parcen-

2025 4351 2151 4402 dum
2187 4364 2327 4404 esse.
2369 4352 2451 4404 An
2482 4364 2611 4405 vero
2649 4366 2678 4404 a
2717 4353 2925 4408 ratione
2953 4353 3190 4411 alienum
3221 4373 3327 4415 non
3384 4370 3487 4425 est,
3546 4369 3606 4415 ut

2026 4443 2129 4496 hoc
2165 4442 2218 4496 in
2248 4442 2574 4498 animalibus
2605 4444 2816 4499 ratione
2850 4447 3162 4503 carentibus
3193 4454 3373 4507 valere
3415 4452 3602 4507 videa-

2028 4544 2151 4602 tur;
2204 4534 2259 4589 in
2320 4536 2476 4591 nobis
2530 4546 2753 4606 autem,
2800 4538 2932 4608 ipsis
2989 4543 3339 4609 quantumvis
3394 4545 3605 4601 ratione

1950 4663 1997 4719 Β
2028 4629 2293 4699 prmditis,
2332 4644 2514 4685 rerum
2558 4632 2625 4685 ad
2657 4631 3098 4687 commoditatem
3130 4643 3185 4689 et
3218 4637 3602 4693 necessitatem

2022 4723 2337 4793 cultumque
2358 4723 2482 4779 vita:
2524 4724 2909 4795 pertinentium
2986 4740 3091 4780 non
3142 4726 3271 4784 insit
3323 4730 3602 4799 cognitio!

2021 4815 2310 4886 Parigitur
2337 4827 2420 4870 est
2446 4827 2503 4870 ut
2544 4831 2665 4880 nos,
2700 4817 2744 4871 si
2776 4818 2867 4887 qui
2891 4819 3140 4872 doctores
3185 4834 3247 4873 ac
3278 4821 3443 4876 duces
3474 4836 3599 4876 con-

2023 4909 2221 4972 stituti,
2250 4909 2316 4963 ad
2344 4924 2404 4963 ea
2432 4924 2553 4978 qua:
2584 4911 2761 4965 minus
2793 4915 3018 4964 deceant
3049 4913 3369 4967 abstrahere
3410 4914 3601 4980 velint,

2026 5017 2132 5056 non
2186 5017 2479 5070 sequamur
2515 5001 2857 5070 simpliciter,
2900 5018 2997 5057 nec
3024 5013 3227 5059 temere
3280 5020 3348 5060 ac
3408 5006 3603 5061 incon-

2026 5093 2262 5147 siderate
2288 5094 2352 5146 ad
2380 5108 2443 5146 ea
2482 5107 2603 5162 qua:
2658 5093 2789 5161 ipsis
2832 5094 3049 5162 placent
3076 5095 3446 5163 convolcmns,
3506 5099 3600 5154 sed

2024 5187 2090 5241 de
2121 5186 2349 5258 singulis
2380 5187 2541 5240 rebus
2576 5187 2799 5255 agendis
2829 5188 3203 5259 exquiramus,
3228 5200 3284 5246 et
3317 5194 3397 5247 sic
3435 5193 3503 5247 ad
3532 5207 3601 5249 ea

2022 5293 2143 5347 quae
2185 5278 2478 5332 maximam
2530 5280 2812 5337 utilitatem
2852 5280 3120 5347 alierum,
3154 5284 3598 5351 progrediamur.

2024 5369 2193 5424 Erant
2236 5370 2422 5439 itaque
2450 5356 2757 5424 Judagorum
2791 5383 3175 5442 praeceptores,
3203 5375 3255 5428 id
3282 5387 3366 5429 est
3396 5374 3601 5431 Scriba:

2024 5478 2087 5517 ac
2120 5460 2403 5529 Pharisaei,
2442 5463 2492 5515 iu
2525 5464 2836 5518 divitiarum
2888 5465 3238 5533 proventibus
3298 5483 3598 5537 congeren-

2024 5553 2128 5617 dis,
2164 5562 2220 5607 et
2250 5555 2302 5607 in
2344 5551 2658 5622 colligendis
2689 5551 3076 5621 oblationibus,
3101 5556 3347 5621 decimis,
3410 5556 3600 5626 primi-

2026 5645 2137 5708 tiis,
2175 5658 2329 5699 acres
2353 5653 2409 5698 et
2431 5644 2661 5713 impigri,
2694 5654 2749 5697 et
2773 5645 2827 5699 in
2858 5648 3112 5701 omnibus
3136 5648 3299 5701 etiam
3322 5663 3441 5718 qua:
3465 5648 3600 5708 sorti

2024 5738 2368 5793 sacerdotum
2402 5739 2488 5793 lex
2522 5740 2838 5809 ,deputavit.
2895 5738 3104 5809 Scopus
3166 5750 3346 5796 autem
3410 5756 3600 5797 eorum

2024 5831 2415 5905 consiliumque
2442 5830 2562 5897 fuit,
2600 5832 2651 5886 iu
2678 5845 2908 5901 eumque
2925 5847 3084 5888 omne
3104 5834 3337 5889 studium
3366 5834 3600 5903 positum

2027 5932 2162 5990 erat,
2214 5934 2271 5979 ut
2298 5924 2457 5979 tidem
2483 5924 2724 5981 iacerent
2754 5923 2899 5995 plebi
2931 5925 3106 5996 legem
3148 5926 3202 5983 in
3234 5925 3380 5983 hisce
3428 5925 3598 5992 petis-
