4094 6366
462 409 553 463 ill
1475 401 1544 455 S.
1586 398 1862 454 στηιιιι
1905 396 2373 457 κιΕΧΑΝΜιΙΝι
2415 400 2734 459 ARCHIEP.
3593 397 3727 454 ‘il‘i

458 529 653 582 simum
675 521 1099 579 conservandam
1138 534 1263 577 esse
1290 536 1309 575 ι
1353 518 1581 575 aliarum
1629 532 1761 573 vero
1834 531 2033 588 praece-

2154 520 2263 584 τοὺς
2284 520 2347 574 τὸ
2378 518 2578 592 χρῆναι
2602 521 2892 590 φυλάττειν
2944 518 3002 573 ἔν
3028 534 3090 588 γε
3132 517 3197 591 δὴ
3235 516 3446 581 τούτοις
3489 516 3727 591 μάλιστα

458 618 702 689 ptionum
738 630 844 669 non
879 628 1068 684 magna
1100 612 1241 684 apud
1279 610 1400 667 illos
1451 612 1611 676 ratio,
1650 611 1878 681 ideoque
1926 610 2039 680 ipse

2154 611 2233 663 τὸν
2258 612 2423 683 νόμον
2450 629 2464 643 ·
2496 612 2605 665 τῶν
2629 630 2692 681 γε
2732 612 2839 684 μὴν
2874 612 3079 682 ἐτέρων
3114 609 3342 664 ἐντολῶν
3370 610 3430 664 οὐ
3463 609 3630 672 πολὺς
3657 604 3726 681 ἦν

474 711 735 765 Servator
766 706 872 762 illis
901 707 1147 761 dixerat:
1181 723 1199 755 ι
1231 703 1324 760 Vae
1359 703 1534 767 vobis,
1559 700 1779 757 ‘Scribze
1812 709 1867 755 et
1906 700 2043 755 Pha-

464 804 604 858 risaei
638 800 954 872 hypocritae,
992 798 1244 869 quoniam
1279 795 1567 850 decimatis
1592 794 1873 858 anethum,
1898 809 2044 849 men-

458 894 609 948 ‘ham
662 902 716 946 et
753 890 1066 954 cuminum,
1114 895 1169 941 et
1224 886 1492 943 omisistis
1552 886 1803 957 graviora
1884 885 2042 956 legis,

458 982 743 1052 judicium,
771 978 1201 1035 misericordiam
1229 988 1285 1034 et
1319 977 1480 1033 ﬁdem
1503 975 1571 1032 δο.
1608 995 1626 1029 ι
1666 976 1839 1033 Erant
1864 977 2046 1050 itaque

464 1076 613 1129 lucro
646 1073 811 1128 dediti
846 1082 899 1125 et
927 1080 1174 1125 amantes
1211 1070 1289 1126 rei
1313 1070 1644 1141 pecuniariae
1670 1089 1682 1125 :
1713 1080 1769 1124 et
1840 1070 1883 1125 si
1951 1071 2043 1140 qui

464 1168 604 1222 forte
640 1166 996 1231 offenderent,
1060 1179 1215 1221 acres
1251 1165 1336 1221 his
1375 1163 1572 1220 multas
1610 1162 1948 1234 iiiﬂigebant,
1987 1174 2047 1219 ut

462 1275 577 1324 eos,
636 1259 743 1331 63
800 1271 1121 1329 quocunque
1166 1255 1397 1312 crimine
1451 1254 1785 1325 postulatos,
1828 1256 2045 1311 territa-

463 1362 604 1417 rent,
644 1362 701 1406 et
739 1336 1131 1420 nonnunquam
1174 1349 1339 1404 etiam
1370 1347 1513 1403 ultra
1542 1347 1824 1405 facultates
1850 1346 2047 1404 otl'erre

462 1445 873 1517 persuaderent.
903 1441 1042 1498 Hinc
1078 1441 1212 1497 dicit
1253 1441 1339 1497 his
1378 1441 1469 1512 qui
1530 1440 1783 1509 iniuriam
1830 1442 1898 1496 ab
1944 1441 2048 1498 illis

465 1537 611 1608 passi
667 1546 794 1591 sunt
830 1553 843 1591 :
893 1554 913 1587 ι
952 1533 1155 1605 Popnle
1182 1533 1277 1601 mi,
1310 1532 1638 1602 expilatores
1667 1534 1740 1587 tui
1769 1542 2049 1589 racemant

466 1643 604 1693 vos,
643 1637 698 1683 et
751 1637 1034 1684 exactores
1075 1626 1420 1683 dominantur
1470 1626 1647 1695 vobis.
1684 1644 1703 1678 ι
1764 1626 1899 1681 Cum
1950 1641 2045 1697 po-

466 1721 648 1792 pulum
713 1720 864 1786 dicit,
928 1720 1197 1790 significat
1235 1718 1397 1776 etiam
1425 1718 1603 1774 adhuc
1656 1717 1929 1785 lsraelem,
1961 1728 2050 1773 ut-

469 1825 594 1884 p0te
650 1812 888 1867 lenitatis
927 1820 981 1866 et
1019 1810 1375 1866 humanitatis
1411 1808 1673 1866 beneficio
1730 1809 2045 1877 fruiturum,

2142 702 2282 771 ἄγαν
2300 704 2429 776 παρ’
2454 704 2637 769 αὐτοῖς
2668 707 2697 759 6
2721 705 2897 773 λόγος.
2926 702 3111 776 Ταύτῃ
3129 720 3213 758 τοι
3239 702 3375 775 πρὸς
3406 702 3608 765 αὐτοὺς
3634 703 3728 757 καὶ

2144 798 2309 863 αὐτὸς
2358 799 2596 869 ἔφασκεν
2630 798 2659 853 6
2696 801 2908 873 Σωτήρ⁸
2945 820 2968 855 ι
3001 799 3139 855 Οὐαὶ
3185 800 3335 871 ὑμῖν,
3374 800 3728 872 Γραμματεῖς

2144 892 2240 946 καὶ
2271 893 2553 964 Φαρισαῖοι
2574 893 2886 966 ὑποκριταὶ,
2917 894 2998 947 ὅτι
3022 893 3420 951 ἀποδεκατοῦτε
3448 894 3509 947 τὸ
3532 893 3727 964 ἄνηθον

2146 982 2243 1037 καὶ
2274 981 2337 1035 τὸ
2377 982 2673 1053 ἡδύοσμον,
2728 984 2821 1038 καὶ
2845 983 2906 1038 τὸ
2944 982 3192 1055 κύμινον.
3228 984 3341 1038 Καὶ
3372 984 3622 1053 ἀφήκατε
3661 984 3728 1036 τὰ

2148 1072 2424 1145 βαρύτερα
2477 1074 2573 1128 τοῦ
2610 1074 2800 1146 νόμου,
2837 1074 2937 1148 τὴν
2969 1074 3175 1147 κρίσιν,
3204 1075 3298 1129 καὶ
3323 1074 3386 1129 τὸ
3434 1074 3601 1140 ἔλεος,
3635 1074 3729 1128 καὶ

2144 1166 2244 1237 τὴν
2270 1168 2474 1222 πίστιν.
2511 1187 2530 1221 ι
2565 1165 2747 1225 τΗσαν
2785 1165 2877 1224 οῦν
2928 1168 3035 1241 ἄρα
3062 1168 3396 1240 φιλοκερδεῖς
3424 1169 3518 1222 καὶ
3547 1170 3730 1240 ἐρασι-

2147 1261 2439 1332 χρήματοι,
2463 1262 2558 1317 καὶ
2584 1263 2787 1334 πικράς
2818 1263 2928 1317 ἔσθ’
2954 1266 3044 1318 ὅτε
3074 1265 3186 1328 τοῖς
3218 1262 3501 1318 πταίουσιν
3526 1263 3729 1331 ἐπῆγον

2145 1352 2245 1414 τάς
2281 1350 2455 1418 δίκας,
2484 1352 2571 1406 ἵνα
2594 1351 3039 1424 ἐκδειματούντες
3068 1354 3193 1417 τοὺς
3218 1352 3305 1424 ἐφ’
3336 1351 3541 1423 ὁτῳοῦν
3572 1354 3732 1421 ἐγκα-

2146 1443 2441 1515 λουμένους
2488 1446 2787 1517 προσάγειν
2842 1448 3028 1511 αὐτοῖς
3077 1446 3450 1501 ἀναπείθωσιν
3503 1450 3598 1500 καὶ
3662 1448 3730 1500 τὰ

2148 1536 2288 1608 ὑπὲρ
2312 1536 2539 1609 δύναμιν
2556 1538 2666 1592 ἔσθ’
2681 1540 2790 1597 ὅτε.
2812 1540 2999 1611 Ταύτῃ
3029 1539 3111 1593 τοί
3137 1558 3270 1611 φησι
3297 1540 3430 1606 πρὸς
3453 1541 3578 1603 τοὺς
3600 1540 3730 1611 παρ’

2148 1627 2328 1683 αὐτῶν
2354 1628 2763 1699 ἀδικουμένους
2795 1650 2812 1683 ι
2836 1629 2977 1694 Λαός
3009 1648 3133 1700 μου,
3159 1633 3207 1683 oi
3239 1631 3548 1701 πράκτορες
3577 1631 3731 1701 ὑμῶν

2150 1718 2504 1790 καλαμῶνται
2534 1720 2699 1791 ὑμᾶς,
2758 1722 2853 1775 καὶ
2893 1722 2942 1774 οἱ
2995 1719 3355 1784 ἀπαιτοῦντες
3387 1721 3735 1793 κυριεύουσιν

2151 1809 2328 1880 ὑμῶν.
2352 1830 2370 1863 ι
2406 1812 2519 1866 Καὶ
2543 1810 2633 1866 διὰ
2662 1812 2762 1883 μὲν
2795 1812 2889 1867 τοῦ
2907 1812 3034 1867 λαὸν
3059 1815 3255 1877 είπεῖν,
3287 1813 3367 1866 ἔτι
3393 1813 3485 1867 τὸν
3515 1812 3732 1885 Ἰσραὴλ

470 1919 569 1960 nec
613 1904 828 1975 penitus
860 1904 955 1968 {ab
998 1917 1061 1957 ea
1124 1901 1504 1971 conjunctione
1546 1902 2047 1973 consuetudineque

2154 1899 2328 1957 δίδωσι
2370 1905 2533 1967 νοεῖν,
2589 1880 2675 1966 ὡς
2711 1904 2870 1975 είπερ
2922 1903 3129 1958 ἐλοιντο
3173 1905 3507 1975 μεταφοιτᾷν
3543 1880 3635 1959 ἐπὶ
3674 1880 3735 1959 τὸ

468 2012 590 2054 cum
629 1996 745 2066 ipso
766 1993 1146 2050 avellendum:
1185 1996 1230 2048 si
1267 1991 1483 2065 quidem
1512 1991 1644 2047 velit
1676 1994 1741 2047 ad
1796 1994 1849 2051 id
1903 1996 2047 2066 quod

466 2089 569 2161 ipsi
597 2087 895 2143 collibitum
921 2094 1042 2155 est,
1088 2100 1209 2142 sese
1253 2084 1573 2141 transferre.
1610 2083 1747 2143 Cum
1790 2101 1919 2142 vero
1953 2102 2049 2143 ex-

469 2192 680 2237 actores
712 2194 989 2235 racemare
1023 2178 1119 2246 ait,
1159 2180 1435 2235 immensas
1475 2179 1789 2250 cupiditatis
1832 2180 2047 2235 illorum

468 2284 523 2329 et
553 2272 794 2328 avaritiae
820 2271 1245 2342 magnitudinem
1276 2272 1497 2329 iudicat.
1533 2271 1810 2343 Siquidem
1839 2281 2048 2327 meten-

470 2366 603 2423 tium
656 2364 744 2420 alii
797 2364 1095 2421 resecantis
1148 2378 1311 2419 manu
1374 2365 1688 2423 decidentes
1744 2364 2049 2434 colligunt,

468 2460 713 2531 nihilque
745 2457 951 2515 faciunt
989 2458 1041 2513 in
1082 2458 1226 2529 agris
1272 2458 1567 2514 residuum.
1604 2458 1860 2529 Idemque
1892 2456 2049 2513 facti-

493 2561 609 2617 ant,
657 2548 748 2619 qui
806 2550 947 2603 vites
992 2547 1353 2603 vindemiant.
1414 2566 1433 2600 ι
1472 2548 1773 2605 Racemant
1812 2549 1994 2621 igitur,
2028 2567 2048 2599 ι

469 2646 663 2714 inquit,
698 2660 717 2695 ‹
750 2656 847 2697 vos
876 2648 1159 2695 exactores
1189 2641 1378 2698 vestri.
1421 2659 1440 2693 ι
1472 2641 1699 2699 Perinde
1764 2654 1829 2696 ac
1884 2641 1929 2696 si
1981 2639 2055 2696 di-

471 2747 619 2792 ceret
651 2754 665 2790 :
690 2732 1102 2790 Vindemiarum
1124 2743 1338 2790 vestras
1357 2734 1541 2805 copias
1564 2748 1579 2787 :
1602 2748 1775 2804 neque
1802 2734 1873 2791 ibi
1898 2735 2053 2790 inex-

471 2829 687 2899 plebilis
712 2841 901 2881 eorum
952 2826 1100 2880 sistit
1143 2826 1435 2897 cupiditas,
1486 2829 1578 2883 sed
1647 2825 1761 2896 jam
1810 2841 2055 2881 racemos

470 2921 784 2988 decerpunt,
820 2918 871 2972 id
902 2926 1004 2982 est,
1042 2932 1231 2972 manus
1272 2919 1323 2973 in
1363 2933 1427 2979 ea
1475 2933 1595 2989 qua:
1643 2918 1820 2973 adhuc
1866 2919 2051 2975 relicta

472 3021 619 3075 sunt,
658 3009 929 3080 injiciunt.
955 3008 1259 3063 Bellissiuie
1297 3025 1427 3065 vero
1456 3020 1512 3065 et
1557 3018 1680 3080 apte
1719 3025 1825 3065 non
1858 3025 2057 3079 praece-

471 3114 654 3171 ptores
678 3143 692 3164 .
719 3117 823 3157 non
865 3101 1175 3168 magismis,
1222 3116 1327 3156 non
1367 3102 1569 3172 aliquid
1612 3102 1755 3158 aliud
1789 3103 2056 3174 ejusmodi

2149 1994 2302 2066 αὐτῷ
2322 1995 2535 2061 δοκοῦν,
2570 1997 2679 2050 τῶν
2714 1997 2774 2065 ἐξ
2802 1998 3145 2068 ἡμερότητος
3172 1997 3454 2064 τεύξονται
3486 1999 3579 2053 καὶ¹
3614 1997 3735 2068 φιλ-

2150 2086 2502 2159 ανθρωπίας,
2568 2089 2665 2143 καὶ
2726 2090 2827 2143 οὐκ
2885 2089 3119 2145 εἰσάπαν
3171 2090 3575 2149 ἀποπεσοῦνται
3634 2091 3736 2163 τῆς

2151 2177 2289 2249 πρὸς
2338 2178 2502 2233 αὑτὸν
2554 2178 2887 2252 οἰκειότητος
2924 2180 3203 2252 σχετικῆς.
3265 2181 3631 2253 Καλαμᾶσθαι
3676 2183 3735 2238 δὲ

2152 2270 2322 2323 εἰπὼν
2375 2272 2503 2335 τοὺς
2550 2270 2890 2345 πράκτορας,
2946 2272 3046 2342 τῆς
3091 2272 3316 2346 ἐνούσης
3347 2275 3531 2339 αὐτοῖς
3559 2274 3738 2346 ἀπλη-

2154 2355 2305 2419 στίας
2338 2373 2398 2409 τε
2429 2354 2564 2425 ὁμοῦ
2600 2356 2693 2411 καὶ
2726 2357 3069 2429 φιλοκερδίας
3097 2358 3337 2413 δείκνυσι
3380 2360 3440 2413 τὸ
3476 2360 3729 2430 μέγεθος.

2167 2452 2255 2503 Ἐν
2296 2449 2527 2523 μὲνγὰρ
2560 2453 2672 2515 τοῖς
2700 2452 2873 2523 ληίοις
2898 2455 2946 2507 οἱ
3001 2453 3101 2524 μὲν
3143 2455 3495 2526 ἀποκείρουσι
3536 2458 3744 2529 σιδήρῳ

2153 2542 2245 2595 τὸν
2275 2543 2497 2613 στάχυν,
2536 2544 2585 2596 οἱ
2617 2543 2675 2595 δὲ
2703 2546 2829 2607 τοὺς
2849 2546 3213 2609 ἐκπίπτοντας
3233 2546 3331 2617 τῆς
3351 2548 3444 2600 τοῦ
3466 2549 3739 2621 κείροντος

2155 2633 2337 2704 χειρὸς
2371 2634 2741 2702 συλλέγοντες,
2778 2636 2929 2689 οὐδὲν
2974 2636 3197 2706 ἀφιᾶσιν
3228 2638 3285 2691 ἐν
3319 2637 3532 2708 ἀγροῖς.
3580 2640 3739 2704 Ἐθος

2155 2726 2212 2779 δὲ
2241 2728 2336 2781 καὶ
2363 2729 2476 2792 τοῖς
2505 2726 2603 2792 τὰς
2628 2728 2909 2799 ἀμπέλους
2944 2728 3190 2801 τρυγῶσι
3218 2728 3377 2783 τοῦτο
3397 2730 3550 2801 δρᾷν.
3584 2752 3600 2783 ι
3624 2733 3742 2787 Κα-

2158 2817 2439 2889 λαμῶνται
2466 2819 2642 2873 τοίνυν
2675 2818 2842 2890 ὑμᾶς,
2870 2820 3056 2889 φησιν,
3087 2821 3135 2875 οἱ
3172 2821 3482 2893 πράκτορες
3510 2822 3685 2894 ὑμῶν.
3713 2843 3735 2877 ›

2161 2914 2381 2985 Ὅμοιον
2424 2915 2499 2980 ὡς
2545 2916 2594 2968 εί
2649 2914 2828 2983 λέγοι·
2880 2916 3291 2988 Τετρυγήκασιν
3331 2917 3485 2987 ὑμῶν
3512 2917 3610 2981 τάς
3645 2934 3741 2970 πε·-

2163 3005 2425 3075 ριουσίας,
2461 3005 2554 3057 καὶ
2600 3004 2659 3056 ού
2709 3004 2870 3075 μέχρι
2934 3004 3123 3058 τούτου
3171 3006 3239 3059 τὰ
3286 3008 3386 3077 τῆς
3434 3004 3741 3077 ἀπληστίας

2159 3096 2363 3158 αὐτοῖς.
2410 3094 2547 3146 Ἀλλ’
2585 3096 2685 3166 ἤδη
2722 3094 2817 3148 καὶ
2867 3094 3249 3164 καλαμῶνται,
3286 3095 3431 3149 τοῦτ’
3469 3095 3606 3162 ἔστι,
3641 3096 3741 3159 τὰς

474 3209 594 3248 esse
625 3192 779 3263 dicit,
810 3193 905 3247 sed
933 3200 1241 3257 exactores,
1271 3191 1365 3247 sed
1394 3200 1753 3248 aeruscatores
1785 3194 2050 3257 nominat,

2161 3189 2346 3258 χεῖρας
2372 3186 2658 3253 ἐπάγουσι,
2680 3185 2775 3240 καὶ
2830 3188 2942 3249 τοῖς
2970 3186 3050 3239 ἔτι
3093 3185 3633 3258 καταλελειμμένοις.
3665 3181 3739 3241 Εὖ

475 3288 741 3354 docetque
769 3299 864 3339 eos
901 3283 1168 3339 dominari
1202 3282 1306 3338 illis
1353 3299 1457 3337 non
1489 3294 1544 3337 ut
1574 3284 1852 3347 doctores,
1886 3284 2045 3338 disci-

472 3378 630 3448 pulos
664 3376 856 3431 leniter
903 3384 1213 3440 tractantes,
1242 3375 1338 3430 sed
1376 3384 1433 3429 ut
1484 3375 1639 3445 rigidi
1672 3390 1737 3431 ac
1765 3377 1891 3430 saevi
1956 3378 2052 3430 do-

477 3469 631 3532 mini,
664 3470 806 3538 quod
855 3467 955 3537 ipsi
986 3467 1153 3522 velint
1202 3468 1407 3529 sentire
1429 3475 1704 3537 cogentes,
1736 3476 1792 3522 et
1812 3468 1880 3523 ad
1896 3468 2053 3537 quid-

474 3564 557 3617 vis
601 3575 988 3631 nonnunquam
1030 3558 1385 3630 impellentes.
1441 3558 1711 3614 Caeterum
1762 3559 1814 3613 hi
1851 3560 1940 3626 qui
2002 3559 2053 3613 in

474 3651 690 3707 Christo
743 3659 889 3714 sunt,
923 3664 1044 3703 eum
1105 3663 1329 3718 scopum
1392 3662 1499 3703 non
1557 3647 1658 3704 sibi
1721 3659 2053 3725 proponunt.

477 3742 678 3798 Scribit
706 3742 887 3810 itaque
910 3740 1123 3794 divinus
1172 3738 1366 3793 Petrus
1423 3739 1630 3793 vocatis
1670 3738 1738 3793 ad
1779 3739 2059 3811 episcOpa-

475 3844 611 3898 tum,
676 3833 864 3889 ascitis
891 3832 956 3885 ad
998 3829 1330 3886 functionem
1367 3830 1592 3885 docendi
1650 3844 1778 3885 oves
1850 3831 2060 3885 ratione

476 3926 752 3996 praeditas,
776 3939 881 3977 non
922 3934 980 3976 ut
1005 3921 1352 3976 dominentur
1381 3920 1432 3974 in
1462 3919 1625 3986 clero,
1655 3920 1706 3975 id
1728 3928 1831 3985 est,
1864 3919 2059 3990 p0pulo

474 4018 566 4087 qui
632 4032 753 4071 sors
797 4013 1006 4069 Domini
1055 4024 1158 4080 est,
1196 4014 1289 4069 sed
1326 4022 1385 4067 ut
1424 4013 1537 4077 sint
1577 4011 1758 4083 gregis
1788 4012 2055 4080 exempla-

475 4110 555 4163 ria
578 4108 715 4162 “"’.
736 4106 854 4163 Jani
873 4115 928 4162 et
951 4105 1087 4162 alios
1102 4114 1385 4161 exactores
1401 4105 1551 4159 novit
1569 4119 1749 4160 sermo
1771 4106 2053 4173 mysticus:

475 4216 610 4271 quos
635 4200 832 4255 debent
858 4197 933 4260 hi,
978 4199 1069 4271 qui
1100 4207 1243 4252 recte
1272 4197 1464 4252 victuri
1504 4206 1651 4265 sunt,
1680 4196 1882 4268 fugere.
1925 4196 2058 4251 Nam

474 4292 628 4347 malae
653 4303 707 4348 et
748 4289 1070 4346 adversariae
1117 4297 1412 4360 potestates
1459 4287 1700 4342 omnium
1756 4288 2060 4342 mortalium

474 4384 709 4440 studium
737 4382 1030 4438 sollicitant
1062 4381 1128 4437 ad
1155 4380 1394 4452 {malum,
1453 4387 1782 4451 extorquent
1824 4388 1880 4435 et
1937 4394 2061 4450 pro-

472 4480 758 4548 pemodum
789 4475 1032 4546 exigunt,
1063 4483 1119 4530 et
1152 4473 1319 4528 animi
1373 4474 1439 4527 ad
1466 4471 1901 4543 perturbationes
1937 4489 2061 4545 pro-

2154 3278 2212 3331 δὲ
2246 3278 2309 3349 δὴ
2336 3278 2559 3349 σφόδρα,
2584 3278 2677 3331 καὶ
2716 3278 3035 3350 πρεπόντως
3058 3279 3264 3343 αὐτοῖς,
3294 3279 3355 3332 ού
3387 3281 3702 3352 καθηγητὰς
3723 3322 3739 3345 ,

2154 3372 2214 3425 ού
2261 3371 2633 3438 διδασκάλους,
2673 3372 2772 3443 οὐχ
2814 3372 3000 3443 ἔτερόν
3038 3390 3091 3426 τι
3137 3372 3249 3426 τῶν
3298 3374 3558 3431 τοιούτων
3598 3371 3742 3428 εἴναί

2155 3480 2341 3533 φησιν,
2365 3463 2685 3534 πράκτορας
2716 3463 2774 3517 δὲ
2806 3462 3091 3534 ὀνομάζει,
3140 3464 3236 3517 καὶ
3285 3464 3613 3536 ἀπαιτητάς.
3651 3467 3742 3519 Διο

2155 3555 2344 3609 δάσκει
2392 3554 2449 3608 δὲ
2499 3555 2582 3608 ὅτι
2636 3554 3151 3623 κατεξουσιάζουσιν
3184 3555 3399 3623 αὐτῶν,
3429 3558 3527 3628 οὐχ
3560 3558 3634 3622 ὡς
3662 3558 3743 3610 δι-

2156 3646 2413 3701 δάσκαλοι
2442 3647 2710 3720 μαθηταῖς
2753 3649 2931 3718 ἠπίως
2984 3650 3443 3721 προσφερόμενοι,
3490 3650 3605 3706 ἀλλ’
3631 3647 3740 3704 οἷον

2159 3741 2388 3812 σκληροὶ
2442 3740 2536 3794 καὶ
2594 3740 2778 3812 ἄγριοι
2845 3741 3142 3809 δεσπόται,
3200 3742 3261 3795 τὸ
3317 3742 3509 3797 δοκοῦν
3558 3747 3745 3817 αὐτοῖς

2158 3835 2374 3904 φρονεῖν
2400 3832 2821 3901 ἀναγκάζοντες,
2871 3832 2964 3886 καὶ
2997 3833 3133 3906 πρὸς
3175 3834 3283 3887 πᾶν
3326 3836 3503 3889 ὁτιοῦν
3536 3837 3742 3907 ἀποφέ-

2163 3942 2368 3997 ροντες,
2413 3925 2507 3980 καὶ
2536 3924 2646 3978 τῶν
2676 3924 2827 3997 παρὰ
2873 3924 3097 3997 γνώμην
3131 3925 3243 3980 ἔσθ’
3294 3928 3405 3981 ὅτε.
3442 3928 3591 3987 Ἀλλ’
3616 3930 3644 3983 ὃ
3673 3947 3739 3997 γε

2158 4016 2268 4068 τῶν
2296 4017 2354 4069 ὲν
2386 4013 2607 4086 Χριστῷ
2629 4012 2830 4078 σκοπὸς
2882 4014 2942 4067 οὐ
2973 4014 3211 4078 τοιοῦτος
3245 4010 3333 4086 ἦν.
3376 4016 3583 4088 Γράφει
3610 4019 3743 4087 γοῦν

2159 4109 2188 4160 ὁ
2225 4107 2510 4171 θεσπέσιος
2548 4106 2755 4179 Πέτρος
2784 4107 2899 4170 τοῖς
2929 4106 3288 4178 κεκλημένοις
3313 4109 3392 4173 είς
3413 4110 3739 4183 ἐπισκοπὴν,

2160 4200 2255 4253 καὶ
2284 4197 2639 4270 καθηγεῖσθαι
2673 4195 2895 4268 λαχοῦσι
2928 4197 3037 4250 τῶν
3071 4198 3299 4259 λογικῶν
3330 4201 3618 4272 ποιμνίων,
3665 4204 3740 4276 μὴ

2158 4291 2233 4356 ὡς
2258 4291 2744 4364 κατακυριεύοντες
2769 4290 2877 4343 τῶν
2902 4290 3143 4363 κλήρων,
3172 4291 3309 4347 ἀλλά
3331 4295 3493 4349 τύποι
3515 4298 3743 4368 γενόμε-

2161 4402 2242 4439 νοι
2269 4385 2364 4439 τοῦ
2393 4385 2665 4458 ποιμνίου.
2702 4380 2857 4440 Οἶδεν
2914 4384 2973 4440 δὲ
3009 4387 3038 4438 ὁ
3081 4386 3237 4456 λόγος
3275 4389 3303 4442 6
3355 4391 3613 4459 μυστικὸς
3648 4394 3744 4447 καὶ

2163 4476 2479 4550 πράκτορας
2523 4477 2777 4548 ἑτέρους,
2810 4474 2905 4540 οὓς
2947 4475 3161 4549 ἀνάγκη
3205 4481 3594 4552 παραιτεῖσθαι
3632 4488 3747 4553 τοῖς

473 4569 764 4623 clivitatcm
823 4578 1075 4635 tanquam
1132 4567 1396 4622 tributum
1449 4568 1720 4637 quoddam
1774 4565 2050 4638 colligunt.

2164 4568 2417 4622 ἐθέλουσι
2460 4569 2609 4639 βιοῦν
2644 4568 2843 4640 ὀρθῶς.
2894 4569 2963 4622 Αἱ
3001 4569 3108 4642 γὰρ
3148 4575 3382 4644 πονηραὶ
3444 4576 3541 4630 καὶ
3596 4577 3742 4630 ἀντι-

473 4662 892 4716 Sacrosanctum
924 4660 1068 4713 enim
1118 4658 1340 4714 verbum
1396 4657 1585 4714 beatos
1644 4657 1905 4729 praedicat
1956 4673 2051 4712 eos

472 4753 560 4821 qui
591 4766 777 4806 vocem
808 4751 1080 4806 exactoris
1108 4764 1217 4805 non
1265 4750 1609 4806 audiverunt.
1660 4749 1763 4819 Qui
1808 4750 1951 4805 enim
1991 4764 2053 4805 se

469 4857 503 4897 ιι
536 4843 718 4898 carnis
749 4842 1133 4913 cupiditatibus
1161 4849 1454 4906 sevocant,
1492 4854 1559 4896 ac
1582 4839 1807 4909 juvenili
1843 4840 2049 4896 vivida-

472 4949 579 5003 que
612 4935 917 5005 prudentia,
953 4933 1094 4990 mala
1140 4944 1260 4989 orta
1309 4949 1373 4989 ex
1427 4943 1652 5004 peccato
1709 4933 2047 5005 propulsant,

477 5026 810 5096 principatus
844 5026 1076 5093 calcant,
1148 5035 1203 5080 et
1231 5025 1535 5096 spiritualia
1623 5026 1878 5095 nequitiae
1928 5025 2047 5080 vin-

474 5129 628 5184 cunt,
675 5117 926 5173 fortiores
961 5127 1086 5173 sunt
1118 5133 1279 5188 quam
1337 5126 1396 5171 ut
1426 5132 1553 5173 voce
1584 5119 1861 5173 exactoris
1898 5119 2045 5173 vinci

476 5220 535 5260 se
562 5204 864 5273 patiantur.
890 5205 1122 5261 Proinde
1152 5205 1203 5258 hi
1227 5217 1511 5262 exactores
1540 5205 1743 5261 vitandi
1763 5205 1876 5279 64
1898 5216 2046 5274 sunt,

476 5311 574 5351 nec
605 5298 1005 5351 concedendum
1042 5306 1101 5352 ut
1132 5298 1364 5353 fructum
1391 5298 1459 5353 ad
1490 5307 1771 5368 peccatum
1804 5300 1859 5353 in
1898 5298 2052 5354 nobis

475 5398 699 5454 metant,
732 5389 840 5443 imo
863 5404 962 5444 nec
994 5400 1293 5447 racement.
1316 5391 1431 5446 Hoc
1460 5400 1639 5445 autem
1657 5392 2054 5461 praestabimus,

2157 4658 2405 4729 κείμεναι
2436 4659 2697 4731 δυνάμεις
2753 4658 2982 4712 ἕκαστον
3028 4660 3136 4715 τῶν
3184 4662 3278 4715 ἐπὶ
3324 4663 3426 4734 γῆς
3464 4668 3747 4737 μονονουχὶ

2155 4750 2249 4804 καὶ
2279 4750 2570 4805 ἀπαιτοῦσι
2590 4752 2689 4823 τὴν
2711 4753 2792 4815 εἰς
2810 4750 2872 4804 τὸ
2892 4752 3094 4823 φαῦλον
3122 4755 3356 4825 σπουδὴν
3373 4797 3389 4822 ,
3434 4759 3527 4812 καὶ
3556 4758 3747 4829 ὥσπερ

2168 4844 2293 4897 τινά
2314 4842 2522 4914 δασμὸν
2554 4842 2684 4915 παρ’
2718 4843 2876 4913 ἡμῶν
2912 4843 3247 4913 συλλέγουσι,
3277 4846 3374 4917 τὴν
3395 4848 3569 4910 εἰςττά
3597 4848 3744 4923 πάθη

2151 4934 2253 5004 τῆς
2281 4934 2517 4996 διανοίας
2534 4935 2727 5006 ῥοπήν.
2747 4935 2855 4987 Καὶ
2876 4932 3007 5003 γοῦν
3035 4937 3064 4988 ὁ
3098 4935 3241 5007 ἱερὸς
3272 4936 3565 5010 μακαρίζει
3591 4938 3747 5008 λόγος

2152 5027 2283 5091 τοὺς
2320 5027 2394 5098 μὴ
2451 5025 2795 5089 ἀκούσαντας
2836 5025 3022 5098 φωνὴν
3061 5027 3380 5097 φορολόγου·
3414 5029 3464 5081 οἱ
3498 5027 3608 5100 γὰρ
3638 5028 3748 5081 τῶν

2151 5119 2251 5186 τῆς
2282 5117 2483 5189 σαρκὸς
2512 5116 2819 5187 ἐπιθυμιῶν
2841 5118 3382 5189 κατεξανιστάμενοι,
3401 5122 3495 5175 καὶ
3511 5121 3748 5191 νεανικῷ

2156 5210 2461 5281 φρονήματι
2486 5209 2553 5263 τά
2581 5211 2646 5263 ὲκ
2678 5210 2776 5281 τῆς
2809 5210 3082 5281 ἁμαρτίας
3103 5212 3519 5283 παρωθούμενοι
3549 5212 3744 5284 βλάϐη,

2159 5301 2254 5354 καὶ
2293 5300 2590 5365 πατοῦντες
2630 5302 2841 5375 ἀρχὰς,
2894 5306 2991 5358 κα)⁸
3032 5305 3293 5370 νικῶντες
3336 5305 3407 5359 τὰ
3457 5306 3749 5374 πνεύματα

2157 5392 2259 5463 τῆς
2292 5393 2579 5464 πονηρίας,
2612 5394 2893 5465 κρείττους
2918 5396 3178 5465 γεγόνασι
3210 5398 3308 5467 τῆς
3330 5397 3421 5450 τοῦ
3451 5396 3747 5468 φορολόγου

474 5482 679 5536 viribus
707 5489 763 5536 et
787 5482 941 5551 quasi
1000 5482 1184 5538 nervis
1211 5497 1311 5553 per
1366 5482 1643 5541 Christum
1696 5481 2050 5552 conﬁrmatis,

2158 5486 2363 5559 φωνῆς.
2428 5490 2520 5539 Δεῖ
2584 5488 2761 5541 τοίνυν
2827 5490 2953 5552 τοὺς
3023 5490 3300 5556 τοιούτους
3363 5490 3747 5563 παραιτεῖσθαι

474 5586 528 5627 et
561 5575 742 5642 pravis
770 5580 968 5627 nostra;
1003 5574 1205 5630 mentis
1251 5574 1671 5646 cogitationibus
1732 5574 1948 5646 ejectis,
2002 5586 2050 5633 et

2160 5580 2497 5651 πράκτορας,
2532 5581 2625 5634 καὶ
2661 5581 2799 5652 μήτε
2856 5579 3091 5651 θερίζειν
3125 5586 3182 5637 ἐν
3212 5584 3341 5655 ἡμῖν
3372 5584 3433 5638 τὸ
3453 5586 3534 5648 εἰς
3568 5585 3748 5654 ἀμαρ-

476 5666 617 5722 fccda
651 5665 968 5738 cupiditate,
1001 5666 1264 5741 omnique
1286 5681 1483 5741 genere
1513 5667 1848 5724 vitiositatis.

2155 5670 2275 5725 τίαν
2309 5670 2655 5741 ἀποτέλεσμα
2687 5676 3009 5743 συγχωρεῖν,
3039 5676 3177 5747 μήτε
3222 5675 3328 5747 μὴν
3373 5675 3743 5748 καλαμᾶσθαι.

579 5825 625 5860 ⁸⁸
652 5823 840 5893 Matth.
873 5836 1029 5895 nul,
1062 5823 1153 5883 9.3.
1261 5822 1379 5861 “M
1411 5822 1432 5877 1
1463 5819 1607 5881 Petr.
1651 5838 1702 5893 ν,
1729 5822 1784 5891 2,
1806 5826 1864 5883 5.
