4094 6366
354 383 467 438 H5

1493 381 1575 452 {IN
1614 381 1848 437 ISAIAM
1891 380 2023 437 LIB.
2065 383 2107 438 Ι.
2143 381 2353 440 ORAT.
2398 382 2484 441 lll.

3514 379 3619 435 ιιι

351 499 907 572 Δ·ράσομενδέτοῦτο
928 499 1015 554 διά
1035 500 1271 570 Χριστοῦ
1308 519 1681 572 νευρουμενοι,
1756 502 1851 555 καὶ
1908 502 2006 572 τῆς
2046 502 2254 557 ἑαυτῶν
2303 501 2543 566 διανοίας
2592 516 2966 573 εκπεμποντες
3014 497 3403 569 διαλογισμοὺς
3450 465 3647 565 πονη-ο

367 596 538 667 ροὺς,
603 592 899 663 ἐπιθυμίας
953 594 1187 663 αἰσχράς
1218 636 1232 659 ,

1278 597 1373 647 καὶ
1420 597 1529 649 πᾶν
1572 592 1712 657 εἶδος
1762 593 2117 664 φαυλότητος,

430 686 588 751 Andr;
633 702 776 754 μου,
824 686 880 738 oi
930 685 1356 755 μακαρίζοντες
1406 688 1563 755 ὑμᾶς
1621 688 1938 740 πλανῶσιν

2116 684 2277 743 \"Ens.
2317 688 2401 743 i2.
2456 678 2657 758 Popule
2688 704 2849 754 meus,
2880 688 2969 757 qui
2999 703 3085 742 vos
3117 685 3292 739 beatos
3326 681 3615 753 praedicari.

357 777 533 848 ὑμᾶς,
580 777 679 831 καὶ
711 777 829 847 τὴν
873 774 1074 846 τρίϐον
1124 778 1244 832 τῶν
1279 778 1483 833 ποδῶν
1508 778 1675 849 ὑμῶν
1720 777 1940 848 ταράσ-

354 884 602 924 σουσιν.

430 961 524 1024 Ei;
546 960 708 1030 νῆψιν
736 959 940 1033 ἐγείρει
971 960 1154 1025 πάλιν,
1184 961 1277 1013 καὶ
1305 961 1641 1031 δοκιμαστὰς
1667 954 1807 1014 εἶναι
1832 959 1953 1013 τῶν.

351 1053 704 1123 ⁴πραγμάτων
738 1052 1014 1123 βούλεται,
1048 1052 1109 1107 οὑ
1147 1054 1563 1123 χρηστολογίαις
1598 1053 1785 1115 ἁπλῶς
1810 1068 1942 1122 χαυ-

355 1144 582 1197 νοῦσθαι
625 1144 765 1216 πρὸς
807 1144 1101 1216 ρᾳθυμίαν.
1146 1144 1579 1216 Περιφοιτῶντες
1624 1145 1855 1215 μὲνγὰρ
1893 1145 1948 1196 oi

354 1236 641 1304 Φαρισαῖοι
682 1238 811 1299 τοὺς
867 1236 978 1290 τῶν
1040 1236 1306 1291 Ἰουδαίων
1353 1238 1534 1299 οίκους
1581 1238 1942 1309 χρηστοεπεῖν

358 1327 714 1397 ἐπεχείρουν,
759 1327 1133 1398 ηὑλογημένον
1183 1344 1242 1382 τε
1284 1328 1413 1381 λαὸν
1466 1326 1781 1400 ὠνόμαζον,
1849 1328 1943 1382 καὶ

358 1419 559 1489 κλῆρον
580 1418 737 1472 Θεοῦ.
764 1416 873 1473 Καὶ
892 1421 1031 1491 τάχα
1058 1436 1161 1473 που
1192 1421 1253 1474 τὸ
1282 1420 1370 1474 διά
1398 1423 1582 1492 φωνῆς
1611 1420 1706 1474 τοῦ
1729 1420 1944 1491 Βαροὺχ

358 1509 676 1577 ἐπεφώνουν
718 1512 937 1574 αὐτοῖς·
987 1529 1005 1561 ι
1030 1511 1307 1583 Μακάριοί
1346 1512 1535 1583 ἐσμεν,
1576 1512 1811 1583 Ἰσραὴλ,
1861 1513 1943 1565 ὅτι

361 1600 430 1652 τά
469 1600 778 1670 ἀρέσκοντα
819 1598 939 1670 Θεῷ
978 1601 1197 1669 γνωστὰ
1244 1603 1376 1672 ἡμῖν
1406 1602 1575 1655 ἐστιν.
1607 1625 1627 1653 ι
1662 1603 1781 1655 Ἵνα
1812 1602 1944 1670 γοῦν

360 1691 767 1760 προσεπάγοιεν
814 1691 913 1754 τάς
961 1708 1021 1744 τε
1050 1692 1113 1744 ἐκ
1160 1691 1326 1763 νόμου
1371 1692 1707 1763 τεταγμένας
1761 1694 1945 1757 αὐτοῖς

358 1781 739 1853 δωροφορίας,
782 1782 878 1835 καὶ
922 1780 1028 1854 μὴν
1079 1783 1173 1836 καὶ
1216 1783 1468 1849 δεκάτας,
1497 1784 1665 1855 ήγουν
1689 1785 1943 1857 ἀπαρχὰς

360 1873 700 1943 ἐσκήπτοντο
750 1872 1150 1944 χρηστολογεῖν,
1203 1874 1515 1944 εὐπρόσιτοί
1544 1892 1602 1929 τε
1644 1872 1781 1929 εἶναι
1811 1876 1941 1929 πολ-

357 1964 516 2028 λάκις
555 1964 767 2036 ἧθελον,
791 1966 885 2018 καὶ
912 1964 973 2019 τὸ
1002 1967 1341 2038 ήμεροφανές
1373 1968 1715 2037 ἐπετήδευον·
1738 1968 1943 2040 κερδῶν

2040 780 2300 849 decipiunt
2339 797 2447 846 vos,
2482 790 2529 835 et
2558 779 2795 836 semitam
2822 779 3009 849 pedum
3060 786 3347 831 uestrorum
3378 772 3623 828 turbant.

2112 958 2321 1017 Rursus
2360 959 2724 1032 expergefacit
2744 960 2810 1017 ad
2837 958 3190 1029 vigilantiam,
3218 964 3272 1012 et
3294 956 3617 1026 probatores

2041 1066 2221 1109 rerum
2258 1069 2378 1110 esse
2428 1054 2561 1119 vult,
2606 1068 2714 1108 non
2757 1051 3071 1122 simpliciter
3100 1049 3309 1104 blandis
3349 1046 3616 1103 sermoni-

2042 1146 2142 1200 bus
2167 1148 2233 1200 ad
2264 1145 2532 1215 pigritiam
2568 1142 2799 1199 inhiare;
2840 1142 3175 1198 Oberrabant
3212 1140 3416 1195 etenim
3476 1137 3616 1192 Pha-

2043 1238 2181 1292 τίειεί
2213 1252 2307 1306 per
2344 1235 2647 1291 Iudaeorum
2676 1235 2865 1289 domos
2896 1274 2911 1298 ,
2943 1234 3243 1302 blandaque
3276 1232 3437 1286 verba
3472 1230 3615 1285 fere-

2042 1332 2194 1388 bant.
2223 1327 2644 1385 etbenedictum
2678 1326 2932 1397 populum
2975 1324 3350 1387 nominabant,
3379 1332 3436 1376 et
3496 1336 3616 1375 sor-

2043 1424 2147 1475 tem
2176 1418 2265 1475 Dei
2294 1438 2310 1487 ;
2337 1431 2390 1475 et
2413 1418 2655 1475 fortassis
2669 1417 2827 1472 etiam
2850 1416 3055 1470 Baruch
3073 1429 3202 1469 voce
3231 1412 3336 1468 illis
3352 1412 3617 1468 acclama—

2042 1515 2173 1567 bant
2207 1530 2220 1566 :
2259 1531 2277 1563 ι
2325 1510 2473 1566 Beati
2500 1507 2924 1574 sumus,.lsrael,
2976 1507 3119 1576 quod
3145 1505 3336 1575 placita
3388 1503 3616 1557 Domino

2042 1605 2258 1677 cognita
2304 1604 2459 1660 nobis
2515 1613 2643 1659 sunt
2663 1602 2730 1658 ".
2766 1622 2786 1655 ι
2854 1603 3039 1671 itaque
3067 1614 3173 1669 quo
3223 1597 3445 1652 donaria
3486 1595 3617 1664 ipsis

2044 1710 2111 1749 ex
2156 1695 2273 1765 lege
2314 1704 2535 1760 statuta,
2590 1694 2828 1749 decimas
2891 1702 2947 1747 et.
3014 1688 3284 1762 primitias
3335 1683 3615 1751 oiicrrent,

2044 1787 2413 1844 blandiuscule
2458 1785 2600 1855 loqui
2653 1783 3010 1849 aﬂ‘ectabant;
3051 1781 3253 1834 aditum
3294 1778 3359 1832 ad
3390 1791 3447 1832 se
3480 1772 3617 1830 faci-

2046 1878 2147 1935 lem
2198 1894 2262 1933 ac
2303 1877 2637 1948 frequentem
2694 1876 2913 1938 dabant,
2955 1883 3008 1928 et
3055 1871 3296 1927 comitati
3354 1868 3618 1939 imprimis

2046 1972 2353 2035 studebant,
2383 1978 2732 2037 quaestusqne
2761 1966 2965 2023 etlucri
2992 1966 3183 2036 gratia,
3212 1963 3465 2034 populum
3490 1960 3618 2015 sub-

357 2055 416 2109 δὲ
444 2056 607 2110 ἕνεκα
634 2057 730 2110 καὶ
769 2058 1073 2127 λημμάτων
1120 2058 1215 2111 καὶ
1252 2058 1413 2111 αὐτὸν
1451 2058 1729 2113 ἐδίδασκον
1772 2077 1949 2130 παρα-

2053 2063 2220 2116 ditum
2273 2061 2539 2117 docebant
2572 2058 2746 2130 legem
2801 2059 3027 2114 violare.
3082 2057 3411 2112 lnsimulavit
3457 2054 3618 2126 igitur

358 2147 508 2202 λὺειν
537 2149 630 2202 τὸν
668 2149 833 2220 νόμον
864 2151 989 2213 τοὺς
1028 2149 1131 2203 ὑπὸ
1169 2154 1326 2222 χεῖρα
1351 2151 1530 2217 λαούς.
1567 2153 1788 2223 ᾙτιᾶτο
1817 2151 1946 2221 γοῦν

359 2239 597 2301 αὑτοῖςό
632 2238 840 2310 Κύριος
886 2237 1042 2309 ἡμῶν
1083 2240 1288 2309 Ἰησοῦς
1328 2242 1356 2294 ὁ
1404 2240 1659 2313 Χριστὸς,
1692 2241 1769 2305 ὼς
1808 2242 1945 2296 ἀκυ-

363 2329 591 2401 ροῦντας
620 2330 721 2399 τὴν
750 2330 968 2402 ἐντολὴν
987 2329 1080 2383 τοῦ
1101 2330 1237 2385 Θεοῦ
1270 2332 1358 2385 διὰ
1382 2334 1480 2405 τὴν
1516 2331 1725 2387 ἑαυτῶν
1769 2333 1949 2404 παρά-

360 2417 526 2472 δοσιν.
553 2417 807 2471 Πλανῶσι
856 2419 1033 2473 τοίνυν
1064 2422 1229 2491 ὑμᾶς,
1264 2421 1450 2493 φησὶν,
1475 2424 1522 2474 oi
1555 2423 1949 2494 μακαρίζοντες

360 2508 527 2577 ὑμᾶς,
561 2509 656 2561 καὶ
676 2507 775 2580 τὴν
799 2509 985 2580 τρίϐον
1017 2511 1125 2565 τῶν
1160 2511 1333 2566 ποδῶν
1382 2512 1536 2583 ὑμῶν
1560 2513 1945 2584 ταράσσουσιν.

362 2600 437 2650 Οὐ
473 2597 583 2667 γὰρ
625 2598 790 2654 ἐῶσιν
827 2600 1156 2673 ὀρθοποδεῖν.
1216 2602 1625 2674 Παρεξάγοντες
1664 2603 1719 2656 δὲ
1760 2603 1947 2677 ῶσπερ

366 2693 468 2759 τῆς
495 2692 711 2757 εὐθείας
739 2694 860 2747 ὁδοῦ
892 2695 1032 2747 κατὰ
1067 2697 1327 2767 κρημνῶν
1352 2697 1577 2767 φέρουσι
1602 2698 1695 2751 καὶ
1720 2696 1946 2769 βόθρων.

376 2783 525 2847 Ὁδὸς
549 2783 660 2855 δέή
700 2782 905 2847 εὐθεῖα,
940 2786 1034 2839 καὶ
1056 2786 1255 2857 ὁμαλὴ,
1289 2788 1323 2857 ἡ
1368 2789 1449 2850 είς
1480 2787 1711 2858 Χριστὸν
1739 2787 1949 2841 οἰκείω-

368 2891 450 2937 σις
478 2875 567 2928 διά
600 2875 853 2940 πίστεως.
902 2878 1118 2948 Ἐπειδὴ
1149 2877 1205 2932 δὲ
1227 2878 1424 2948 ᾔδεσαν
1454 2879 1503 2933 οἱ
1532 2878 1641 2932 τῶν
1682 2878 1949 2933 Ἰουδαίων

365 2965 697 3037 καθηγηταὶ,
728 2970 810 3022 ὅτι
842 2969 940 3039 τῆς
967 2968 1057 3022 διὰ
1097 2970 1340 3033 Μωσέως
1375 2969 1824 3048 καταργουμένης
1861 2971 1950 3029 ὲν-

366 3057 549 3128 τολῆς,
581 3059 685 3125 ἔξω
735 3062 1006 3119 κείσονταί
1049 3061 1257 3139 κερδῶν
1303 3069 1397 3123 καὶ
1437 3069 1760 3139 λημμάτων,
1828 3083 1951 3121 συν-

369 3150 881 3230 ετάραττονοίῧσπερ
926 3159 1025 3230 τὴν
1069 3159 1253 3232 τρίϐον
1282 3161 1390 3215 τῶν
1424 3162 1599 3216 ποδῶν
1646 3161 1741 3215 τοῦ
1784 3160 1949 3227 λαοῦ,

368 3245 464 3301 τὸν
484 3250 723 3320 Χριστοῦ
761 3252 917 3321 λόγον
973 3253 1541 3326 κατακιῦδηλεύοντες,
1576 3255 1670 3308 καὶ
1713 3256 1833 3318 ταῖς
1856 3253 1950 3307 τοῦ

2051 2152 2170 2209 illos
2221 2146 2480 2207 Dominus
2530 2161 2715 2207 noster
2750 2150 2909 2207 Jesus
2957 2151 3229 2213 Christus,
3274 2151 3417 2219 quod
3468 2162 3620 2201 man-

2048 2244 2230 2298 datum
2294 2238 2384 2297 Dei
2415 2253 2633 2313 propter
2669 2257 2823 2297 suam
2858 2242 3204 2296 traditionem
3240 2240 3453 2294 irritum
3481 2238 3620 2293 fece-

2050 2336 2178 2390 rint.
2212 2333 2491 2389 Seducunt
2518 2334 2679 2405 igitur
2709 2348 2829 2400 vos,
2890 2333 3083 2402 inquit,
3143 2331 3234 2401 qui
3299 2346 3390 2387 vos
3428 2333 3619 2386 beatos

2048 2427 2367 2496 praedicant,
2414 2434 2467 2481 et
2496 2427 2745 2482 semitam
2788 2425 2980 2495 pedum
3033 2432 3334 2478 vestrorum
3396 2429 3618 2476 contur-

2050 2517 2211 2573 bant:
2251 2532 2349 2571 nec
2381 2515 2525 2571 enim
2583 2516 2769 2571 sinunt
2836 2525 2985 2570 recto
3015 2514 3148 2583 pede
3204 2513 3473 2575 incedere,
3522 2511 3618 2566 sed

2049 2608 2195 2663 velut
2225 2622 2253 2661 ιι
2287 2618 2431 2663 recta
2461 2608 2543 2661 via
2574 2607 2848 2663 abducunt
2888 2606 3258 2671 transversim,
3289 2618 3352 2658 ac
3406 2605 3457 2656 in
3491 2618 3621 2671 prte—

2048 2700 2231 2771 cipitia
2294 2709 2459 2769 atque
2499 2698 2687 2754 foveas
2756 2697 3049 2768 abripiunt.
3088 2697 3184 2752 Via
3240 2705 3415 2750 autem
3475 2705 3619 2748 recta

2050 2804 2104 2848 et
2128 2792 2280 2862 plana
2315 2802 2450 2859 erat,
2483 2790 2791 2859 coniunctio
2820 2799 2875 2845 et
2907 2790 3235 2845 consociatio
3250 2803 3373 2843 cum
3403 2787 3621 2842 Christo

2051 2898 2149 2953 per
2172 2882 2353 2936 fidem.
2395 2883 2461 2937 At
2519 2883 2643 2954 quia
2674 2891 2869 2937 norant
2897 2880 3208 2935 Judaaorum
3235 2881 3418 2945 duces,
3482 2893 3621 2947 prae-

2053 2979 2223 3049 ceptis
2245 2991 2364 3049 quae
2396 2974 2569 3032 Moses
2593 2975 2811 3031 tradidit
2860 2973 3156 3045 abrogatis,
3205 2987 3263 3027 se
3290 2970 3622 3040 compendiis

2051 3083 2108 3129 et
2148 3073 2392 3143 aucupiis
2440 3070 2551 3126 suis
2578 3067 2968 3138 emungendos,
3010 3067 3296 3119 turbarunt
3316 3063 3475 3118 veluti
3499 3063 3622 3117 cal-

2054 3162 2157 3219 lem
2200 3163 2392 3232 pedum
2425 3158 2624 3230 populi,
2683 3158 2809 3212 dum
2873 3156 3074 3212 Christi
3132 3154 3350 3210 verbum
3412 3152 3623 3208 adulte-

2054 3263 2325 3320 raverant,
2360 3266 2414 3307 et
2446 3252 2578 3322 legis
2645 3250 2851 3304 umbris
2902 3250 3272 3303 adhaerescere
3323 3247 3621 3318 iusserant.

371 3340 539 3409 νόμου
570 3345 746 3405 σκιαῖς
793 3346 1146 3412 προσκεῖσθαι
1202 3347 1531 3411 κελεύοντες.
1576 3347 1952 3417 Τετολμήκασι

2056 3346 2338 3402 Audebant
2365 3346 2507 3400 enim
2531 3344 2714 3399 dicere
2747 3342 2927 3397 miseri
2956 3359 2970 3395 :
3005 3359 3024 3393 ι
3068 3340 3181 3395 Nos
3230 3340 3435 3395 scimus
3480 3338 3624 3407 quod

373 3434 482 3504 γὰρ
514 3436 686 3487 εἰπεῖν
729 3436 778 3487 οἱ
831 3436 1072 3491 δείλαιοιο
1108 3457 1126 3490 ι
1174 3439 1364 3510 Ἡμεῖς
1392 3440 1613 3511 οἴδαμεν
1650 3442 1732 3494 ὅτι
1781 3442 1952 3510 Μωσῇ

2059 3438 2194 3496 Mosi
2256 3438 2464 3494 locutus
2493 3446 2577 3493 est
2602 3436 2761 3500 Deus,
2796 3435 2936 3489 hunc
2962 3444 3139 3489 autem
3178 3434 3448 3488 nescimus
3483 3433 3626 3487 unde

374 3524 675 3595 λελάληκεν
696 3528 724 3580 ὁ
743 3526 894 3590 Θεόςο
920 3528 1107 3583 τοῦτον
1127 3528 1185 3584 δὲ
1206 3530 1305 3585 οὐκ
1328 3528 1547 3602 οἴδαμεν
1569 3532 1730 3585 πόθεν
1751 3532 1917 3586 ἐστίν·
1932 3552 1949 3582 ι

376 3617 475 3668 καὶ
504 3615 703 3669 πάλιν
743 3616 848 3669 «Εἰ
894 3614 961 3688 ἦν
985 3614 1138 3683 οὗτος
1190 3621 1298 3676 άπὸ
1342 3621 1475 3675 Θεοῦ
1515 3621 1823 3693 ἄνθρωπος,
1855 3623 1956 3676 οὐκ

377 3708 446 3759 ἂν
469 3707 593 3760 ἔλυε
621 3706 683 3760 τὸ
707 3707 999 3764 Σάϐϐατον.
1018 3731 1035 3763 ι
1063 3713 1172 3765 Καὶ
1192 3711 1251 3765 τὸ
1276 3712 1355 3765 ἔτι
1374 3712 1577 3766 τούτων
1600 3711 1955 3766 δυσσεεέστε-

378 3818 496 3872 ρον,
524 3803 638 3864 τοῖς
670 3804 776 3875 γὰρ
802 3802 1073 3857 ἐθέλουσιν
1102 3805 1402 3874 ἀκροᾶσθαι
1435 3803 1690 3876 Χριστοῦ,
1713 3806 1808 3859 καὶ
1844 3808 1955 3871 τοῖς

377 3895 511 3963 παρ’
561 3894 722 3948 αὑτοῦ
774 3893 1128 3968 προσκεῖσθαι
1181 3896 1380 3965 λόγοις,
1426 3897 1654 3959 ἀνοσίως
1698 3896 1951 3965 ἔφασκονο

382 4003 402 4035 ι
433 3987 726 4054 Δαιμόνιον
764 3986 875 4055 ἔχει
927 3987 1021 4040 καὶ
1053 3985 1324 4058 μαίνεται,
1351 3986 1403 4041 τί
1440 3988 1664 4041 ἀκούετε
1692 3988 1888 4053 atrox);
1930 4006 1951 4041 ι

376 4080 501 4129 Δεῖν
534 4076 591 4131 δέ
619 4077 683 4148 δὴ
707 4079 798 4130 καὶ
820 4079 1021 4150 ἑτέρως
1065 4078 1436 4150 ὑπολαμϐάνω
1459 4078 1548 4131 τὸν
1584 4078 1955 4149 πνευματικὸν

376 4170 669 4240 ἄνθρωπον
720 4172 810 4224 καὶ
876 4173 967 4225 τὸν
1023 4173 1223 4244 ἀρετῆς
1275 4172 1516 4243 ἐργάτην
1574 4171 1955 4243 παραιτεῖσθαι

378 4262 588 4331 σφόδρα
609 4261 731 4325 τοὺς
758 4264 835 4328 εἰς
859 4261 983 4315 νοῦν
1009 4266 1102 4316 καί
1122 4263 1349 4333 καρδίαν
1377 4263 1775 4334 μακαρίζοντας
1796 4263 1956 4317 αὑτὸν

374 4352 693 4423 λογισμούς.
748 4355 928 4417 Δεινὸς
956 4353 1064 4425 γὰρ
1110 4355 1371 4426 ὑπάρχων
1415 4356 1495 4419 είς
1552 4355 1882 4427 κακουργίαν
1928 4355 1957 4406 ὁ

375 4444 645 4507 Σατανᾶς,
677 4444 764 4497 ὅτε
793 4445 920 4508 τοὺς
946 4445 1361 4514 εὐδοκιμοῦντας
1382 4446 1482 4517 τῆς
1503 4446 1684 4510 αὑτοῖς
1714 4446 1959 4515 φιλαιτά-

374 4553 481 4606 της
520 4534 669 4605 ζωῆς
700 4552 757 4588 τε
788 4536 882 4588 καὶ
905 4534 1178 4599 πολιτείας
1203 4534 1589 4606 κατακομίζειν
1621 4535 1681 4589 οὐ
1712 4536 1955 4598 δύναται,

376 4626 516 4697 πρὸς
569 4629 632 4681 τὸ
678 4627 827 4698 αὑτῷ
876 4627 1066 4681 δοκοῦν
1118 4628 1289 4699 ἑτέρῳ
1339 4627 1638 4699 παραλύειν
1700 4630 1956 4699 πειρᾶται

2057 3534 2160 3600 sit;
2198 3551 2217 3583 ι
2250 3541 2303 3587 et
2329 3516 2514 3584 rursus
2542 3542 2557 3582 :
2592 3547 2610 3579 ι
2666 3528 2723 3582 Si
2756 3529 2855 3582 iste
2884 3528 3045 3581 homo
3074 3541 3101 3579 a
3138 3527 3243 3580 Deo
3266 3533 3431 3588 esset,
3464 3524 3625 3578 mini-

2058 3641 2143 3681 me
2169 3623 2418 3679 solvisset
2449 3620 2740 3676 Sabbatum
2763 3618 2829 3672 “.
2873 3638 2892 3669 ι
2926 3618 2993 3672 Ει
3030 3618 3172 3687 quod
3199 3617 3368 3685 magis
3399 3616 3621 3684 impium

2057 3728 2160 3782 est,
2194 3713 2499 3769 volentibus
2534 3711 2805 3768 Christum
2837 3709 3044 3776 audire,
3079 3706 3303 3777 ejusque
3327 3707 3611 3761 attendere

2056 3806 2422 3869 sermonibus,
2454 3803 2615 3872 impie
2637 3802 2890 3858 dixerunt
2920 3816 2934 3854 :
2961 3819 2979 3852 ι
3010 3800 3337 3855 Dzemonium
3374 3800 3536 3852 habet
3571 3807 3627 3851 et

2057 3898 2280 3962 insanit,
2340 3896 2466 3966 quid
2490 3894 2638 3950 illum
2685 3894 2883 3949 auditis
2906 3891 2995 3946 “‘I
3039 3914 3057 3944 ο
3115 3892 3253 3956 Quin
3319 3889 3425 3945 alio
3470 3888 3627 3943 modo

2055 3989 2320 4059 spirituali
2381 3987 2584 4043 homini
2654 3986 2971 4055 virtutisque
3020 3984 3213 4039 cultori
3274 3981 3623 4054 cogitandum

2057 4087 2159 4144 est,
2208 4086 2302 4151 ut”
2327 4075 2770 4132 ratiocinationes
2790 4074 2957 4129 animi
2986 4088 3050 4128 ac
3073 4072 3254 4128 cordis
3297 4087 3419 4143 quae
3450 4072 3625 4142 ipsum

2059 4153 2630 4240 beatum'praedicant,
2698 4180 3039 4235 summopere
3096 4164 3286 4237 fugiat.
3366 4165 3463 4220 Est
3516 4161 3626 4235 65

2059 4266 2201 4318 enim
2233 4263 2302 4318 ad
2330 4262 2588 4317 malitiam
2628 4260 3008 4328 vafritiamque
3037 4259 3336 4315 instructus
3375 4257 3622 4314 Satanas:

2060 4372 2182 4412 cum
2212 4356 2360 4409 viros
2386 4355 2455 4409 ob
2480 4353 2643 4408 vitam
2673 4368 2838 4420 quam
2868 4351 3290 4423 amplectuntur,
3323 4358 3380 4406 et
3402 4350 3472 4407 ob
3503 4365 3628 4406 con-

2057 4450 2415 4505 versationem
2468 4456 2739 4518 spectatos
2795 4448 2863 4501 ad
2920 4460 3074 4502 suam
3123 4444 3452 4500 voluntatem
3518 4458 3627 4498 non

2061 4553 2236 4614 potest
2272 4540 2579 4605 traducere,
2635 4539 2739 4593 alia
2774 4538 3083 4608 aggreditur
3139 4537 3225 4592 via
3254 4551 3363 4607 quo
3390 4536 3622 4605 frangat,

2059 4653 2122 4691 ac
2156 4635 2531 4690 dissolutiores
2562 4631 2743 4687 faciat.
2794 4629 2929 4685 Nam
2958 4629 3112 4700 quasi
3134 4629 3225 4699 qui
3278 4635 3428 4684 recte
3482 4628 3627 4697 egisc

374 4721 587 4789 τρόπῳ.
635 4720 881 4772 Ἐπαινεῖ
904 4721 1011 4791 γὰρ
1045 4719 1121 4783 ὼς
1148 4719 1599 4792 κατωρθωκότας,
1635 4720 1954 4790 ἀποδέχεται

2065 4737 2189 4784 sent
2220 4726 2423 4789 laudat,
2458 4723 2611 4792 quasi
2642 4722 2807 4777 etiam
2852 4731 3070 4777 sanctos
3099 4720 3346 4791 suscipit,
3380 4729 3437 4775 et
3468 4718 3627 4798 quasi

373 4813 433 4867 δὲ
465 4814 541 4876 ὡς
566 4814 752 4882 ἁγίους
781 4814 987 4879 λοιπὸν,
1024 4812 1313 4886 μακαρίζει
1342 4814 1398 4867 δὲ
1418 4814 1512 4867 καὶ
1532 4814 1607 4878 ὡς
1640 4814 1825 4883 φίλους
1851 4813 1961 4885 ἤδη

375 4908 672 4979 γεγονότας
700 4907 857 4972 Θεοῦ,
909 4910 996 4962 καὶ
1027 4910 1106 4971 είς
1131 4907 1283 4978 λῆξιν
1320 4908 1538 4977 ἁπάσης
1574 4908 1775 4979 ἀρετῆς
1825 4909 1950 4962 ἀνα-

377 5003 701 5074 ὗεόηκότας.
742 4997 875 5054 Εἶτα
900 5000 960 5054 τὸ
984 5001 1082 5071 τῆς
1108 4999 1407 5070 ὑπεροψίας
1431 5000 1615 5063 αὐτοῖς
1661 5001 1834 5063 πάθος
1869 5001 1955 5053 ἑν-

376 5095 575 5163 τεκὼν,
611 5094 975 5167 προσκρούειν
1019 5093 1427 5166 παρασκευάζει
1454 5096 1531 5167 τῷ
1561 5093 1700 5165 Θεῷ,
1733 5096 1825 5149 καὶ
1851 5114 1954 5150 κα-

379 5188 588 5242 τασείει
627 5187 810 5240 λοιπὸν
843 5185 1093 5258 καθάπερ
1124 5204 1178 5240 τι
1200 5186 1366 5256 φυτὸν
1396 5189 1461 5241 ἐκ
1495 5186 1718 5258 βάθρου.
1746 5189 1819 5241 Οὐ
1848 5189 1958 5260 γάρ

377 5284 667 5354 ἠγνόηκεν,
702 5282 785 5335 ὅτι
810 5283 1082 5344 ταπεινοῖς
1116 5282 1215 5351 μὲν
1238 5281 1419 5335 δίδωσι
1446 5282 1604 5352 χάριν
1626 5282 1655 5334 ό
1682 5281 1792 5335 τῶν
1820 5282 1957 5337 ὅλων

379 5374 530 5437 Θεὸς,
562 5372 949 5426 ἀντιτάσσεται
993 5371 1051 5425 δὲ
1085 5374 1199 5435 τοῖς
1251 5372 1639 5443 ὑπερηφάνοις.
1675 5373 1955 5444 Παραιτη-

380 5464 497 5519 τέον
521 5463 725 5529 τοίνυν,
762 5463 841 5526 ὡς
874 5462 1033 5533 ἔφην,
1066 5463 1190 5525 τοὺς
1217 5463 1298 5527 εἰς
1318 5460 1443 5515 νοῦν
1481 5462 1587 5516 ἔσω
1607 5463 1700 5517 καὶ
1730 5463 1958 5535 καρδίαν

384 5553 790 5626 μακαρίζοντας
849 5554 997 5626 ἡμᾶς
1040 5553 1353 5624 λογισμούς.
1387 5554 1452 5606 Οἱ
1482 5554 1590 5625 γάρ
1622 5572 1701 5608 τοι
1736 5554 1836 5626 τὴν
1864 5555 1958 5608 εὐ-

384 5644 529 5701 θεῖαν
559 5646 708 5717 ἡμᾶς
737 5644 839 5698 οὑκ
892 5642 1245 5716 ἐπιτρέπουσι
1275 5640 1513 5697 διάττειν
1539 5642 1675 5710 ὁδὸν,
1706 5643 1775 5697 δι’
1804 5636 1873 5716 ἧς
1895 5644 1962 5700 ἄν

2061 4817 2265 4873 amicos
2312 4814 2421 4884 iam
2459 4814 2549 4869 Dei
2588 4812 2777 4878 factos,
2802 4820 2857 4867 et
2903 4811 2971 4867 ad
2994 4812 3208 4867 culmen
3249 4811 3491 4866 omnium
3519 4812 3628 4865 vir-

2064 4920 2233 4965 tutum
2273 4917 2575 4978 provectos,
2618 4907 2803 4961 beatos
2863 4906 3138 4974 praedicat.
3192 4905 3439 4974 Demum,
3473 4914 3626 4976 post-

2060 5016 2223 5072 quam
2254 4998 2508 5054 ali‘ectum
2539 4995 2803 5066 superbia:
2836 4994 2891 5049 in
2941 4995 3049 5050 illis
3107 4994 3319 5060 inserit,
3388 4997 3627 5067 suggerit

2062 5104 2122 5149 ut
2151 5093 2319 5149 Deum
2345 5086 2640 5156 offendant,
2673 5094 2728 5142 et
2766 5087 2832 5142 de
2880 5095 3074 5142 caetero
3116 5096 3373 5156 tanquam
3412 5089 3625 5158 plantu-

2063 5187 2167 5240 lam
2212 5182 2543 5255 quampiam,
2592 5179 2852 5234 radicitus
2892 5189 2948 5233 et
2998 5178 3067 5234 ab
3110 5177 3227 5247 ipsa
3277 5178 3445 5248 stirpe
3498 5195 3630 5236 con-

2064 5278 2213 5333 vellit
2240 5286 2296 5333 et
2324 5274 2585 5331 concutit.
2626 5271 2741 5327 Non
2792 5271 2937 5326 enim
2992 5271 3203 5341 ignorat
3257 5271 3630 5329 universitatis

2065 5369 2233 5424 Deum
2268 5365 2553 5422 submissis
2592 5364 2722 5419 dare
2747 5363 2994 5434 gratiam,
3026 5361 3273 5432 superbis
3325 5376 3455 5418 vero
3496 5363 3630 5417 resi-

2064 5470 2231 5515 stere.
2281 5457 2465 5523 Proin,
2501 5456 2575 5512 ita
2605 5465 2662 5509 ut
2688 5455 2819 5520 dixi,
2855 5453 3207 5523 cogitationes
3233 5468 3353 5525 quae
3379 5454 3431 5508 in
3451 5464 3630 5510 mente

2064 5560 2120 5605 et
2167 5550 2335 5606 corde
2397 5562 2498 5604 nos
2548 5556 2607 5603 ut
2638 5547 2826 5603 beatos
2860 5543 3110 5611 efferunt,
3142 5545 3422 5615 deprecari
3479 5546 3629 5602 dcte-

2068 5644 2310 5715 starique
2344 5642 2601 5702 debemus
2628 5660 2641 5699 :
2679 5641 2872 5712 quippe
2897 5655 2958 5697 ea
2982 5648 3183 5699 rectam
3210 5655 3311 5698 nos
3341 5641 3479 5696 viam
3519 5654 3623 5697 non

485 5796 781 5859 "Barucb.
819 5816 893 5868 tv,
928 5799 981 5855 4.
1060 5798 1104 5832 ⁸⁵
1139 5796 1293 5857 Joan.
1328 5814 1404 5867 ix,
1434 5797 1522 5866 16,
1550 5798 1639 5855 ιο.
1720 5800 1764 5833 ⁸⁸
1797 5797 1950 5858 «ιουη.
1990 5816 2042 5868 x,
2078 5800 2167 5855 21).
