4094 6366
522 382 627 450 “5

1540 385 1599 441 S.
1639 379 1915 442 CYRILLI
1954 387 2426 443 ALEXANDRINI
2468 380 2785 443 AllCHlEP.

3660 393 3759 448 “6

520 501 701 557 sinunt
724 499 877 565 inire,
910 512 1193 568 perquam
1233 497 1482 553 facillime
1532 499 1654 569 quis
1696 501 1762 554 ad
1818 501 1868 553 id
1944 502 2086 571 quod

2192 517 2272 563 τις
2297 501 2364 554 τοι
2398 500 2490 553 καὶ
2514 500 2659 568 μάλα
2681 500 2875 571 ῥᾳδίως
2908 500 3004 552 ἐπί
3026 492 3086 552 τὸ
3111 501 3341 572 ἀρέσκον
3370 501 3505 571 Θεῷ.

520 590 633 645 Deo
660 588 838 659 placet
886 590 1236 659 per‘tingeret.

590 683 753 739 Vnus.
780 681 965 736 13-15.
997 681 1101 735 Sed
1124 699 1259 735 nunc
1297 681 1454 734 stabit
1489 683 1545 735 in
1572 681 1768 745 iudicio
1802 681 2079 745 Dominus,

517 788 564 830 et
593 776 644 830 in
672 775 874 844 judicio
906 768 1048 828 sistet
1069 775 1315 842 populum
1362 791 1537 829 suum.
1590 774 1711 843 Ipse
1740 774 1997 830 Dominus
2027 777 2081 831 in

522 866 772 933 judicium
808 867 972 920 veniet
1015 882 1131 918 cum
1166 866 1460 919 senioribus
1498 867 1675 933 populi
1714 869 1818 932 sui,
1861 878 1910 922 et
1963 886 2081 922 cum

518 958 836 1027 principibus
866 958 999 1026 ejus.
1046 956 1143 1011 Vos
1185 967 1360 1012 autem
1388 960 1515 1029 quid
1547 961 1856 1015 incendistis
1879 963 2081 1016 vineam

518 1050 727 1105 meam!
758 1048 824 1102 Et
855 1050 1040 1119 rapina
1065 1052 1311 1119 pauperis
1347 1052 1400 1105 in
1422 1054 1663 1107 domibus
1692 1055 1917 1107 vestris?
1942 1056 2081 1120 Quid

517 1137 720 1198 iniuria
746 1138 959 1205 efﬁcitis
987 1136 1235 1207 papulum
1266 1156 1458 1206 meum,
1501 1152 1546 1194 et
1586 1140 1772 1210 faciem
1795 1160 2082 1211 pauperum

523 1227 845 1296 confunditis
869 1231 895 1282 ?

591 1398 709 1455 Non
746 1417 847 1471 ope
879 1402 1194 1459 destitutum
1220 1406 1286 1460 iri
1324 1407 1453 1461 dicit
1482 1406 1744 1478 prOpIieta
1788 1424 2080 1481 oppresso-

519 1503 638 1545 rum
672 1493 1096 1559 multitudinem,
1133 1508 1237 1551 non
1262 1499 1404 1552 omni
1429 1512 1557 1553 cura
1575 1515 1798 1555 vacuam
1816 1517 1879 1556 ac
1896 1503 2079 1557 deser-

522 1594 653 1648 tam,
683 1583 790 1639 imo
807 1600 1073 1641 summam
1099 1602 1284 1642 eorum
1317 1605 1501 1644 curam
1523 1593 1763 1647 omnium
1793 1590 2079 1649 Dominum

519 1682 917 1742 suscepturttm,
941 1675 1245 1731 confirmat.
1264 1675 1422 1744 Nam,
1442 1680 1638 1751 inquit,
1656 1697 1877 1737 causam
1893 1698 2081 1739 eorum

519 1771 643 1829 aget
671 1772 865 1818 contra
887 1779 978 1820 eos
995 1767 1085 1836 qui
1121 1778 1363 1834 metunt,
1400 1779 1455 1825 et
1487 1773 1640 1840 quasi
1675 1774 1861 1829 beatos
1898 1777 2079 1830 susci-

2273 678 2455 732 Ἀλλὰ
2506 678 2622 730 νῦν
2661 676 3098 743 καταστήσεται
3151 679 3238 741 εἰς
3270 693 3471 745 κρίσιν
3524 677 3755 745 Κύριος,

2190 771 2289 827 καὶ
2334 770 2549 836 στήσει
2594 772 2679 835 εἰς
2722 770 2927 838 κρίσιν
2974 769 3084 822 τὸν·
3130 770 3287 822 λαὸν
3332 769 3536 823 αὐτοῦ.
3568 770 3759 836 Αὐτὸς

2190 862 2404 929 Κύριος
2432 865 2519 927 εἰς
2572 863 2774 929 κρίσιν
2809 861 2941 928 ἣξει
2982 860 3130 929 μετὰ
3179 859 3297 913 τῶν
3345 860 3760 927 πρεσϐυτέρων

2192 955 2296 1009 τοῦ
2324 954 2499 1017 λαοῦ,
2536 954 2633 1009 καὶ
2655 954 2804 1023 μετὰ
2834 952 2952 1006 τῶν
2985 954 3293 1022 ἀρχόντων
3313 953 3517 1007 αὐτοῦ.
3560 953 3758 1021 ’Υμεῖςι

2189 1043 2257 1096 δὲ
2283 1044 2338 1097 τί
2369 1044 2762 1111 ὲνεπυρίσατε
2785 1044 2892 1096 τὸν
2916 1042 3242 1113 ἀμπελῶνά
3260 1059 3414 1112 μου;
3442 1042 3549 1096 Kal
3592 1045 3629 1111 ἡ
3659 1045 3759 1111 ἀρ-

2190 1134 2351 1204 stari}
2411 1134 2518 1188 τοῦ
2574 1135 2812 1203 πτωχοῦ
2865 1136 2934 1188 ἐν
2991 1134 3115 1199 τοῖς
3179 1134 3369 1200 οἴκοις
3428 1133 3630 1203 spor,-
3700 1138 3761 1187 Τί

2189 1226 2357 1293 ὑμεῖς
2391 1225 2645 1280 ἀδικεῖτε
2686 1225 2794 1279 τὸν
2825 1227 2982 1280 λαόν
3029 1242 3169 1294 μου,
3215 1225 3313 1278 καί
3358 1223 3432 1278 τὰ
3469 1225 3758 1292 πρόσωπα

2189 1316 2309 1371 τῶν
2336 1317 2589 1387 πτωχῶν
2627 1318 3093 1385 καταισχύνετε;

2261 1404 2375 1460 Οὐκ
2406 1405 2833 1477 ἀνεπικούρητον
2865 1406 3081 1459 ἔσεσθαί
3106 1423 3268 1477 φησιν
3295 1407 3323 1459 6
3357 1408 3640 1477 προφήτης
3658 1406 3756 1476 τὴν

2190 1490 2561 1568 ἀδικουμένων
2604 1499 2834 1569 πληθὺν,
2878 1497 3001 1551 οὔτε
3057 1494 3163 1569 μὴν
3211 1500 3427 1568 ἁπάσης
3482 1499 3758 1570 φροντίδος

2190 1590 2424 1659 ἐρήμην,
2484 1587 2882 1658 ὑπεραθλήσειν
2929 1587 2985 1640 δὲ
3038 1587 3235 1656 μᾶλλον
3286 1588 3465 1642 αὐτῶν
3510 1588 3600 1641 τὸν
3648 1587 3757 1640 τῶν

2189 1679 2325 1733 ὅλων
2374 1674 2504 1732 Θεὸν
2544 1675 2601 1732 εὖ
2655 1679 2797 1749 μάλα
2846 1678 3253 1751 διϊσχυρίζεται.
3314 1681 3603 1733 Δικάσεται
3648 1680 3756 1749 γὰρ

2193 1766 2331 1843 ὑπὲρ
2363 1770 2561 1835 αὐτῶν,
2595 1772 2749 1841 φησὶ,
2784 1773 2895 1836 τοῖς
2930 1772 3343 1842 καλαμωμένοις
3383 1772 3477 1825 καὶ
3522 1772 3757 1842 μακαρί-

519 1853 673 1923 piunt
695 1870 705 1902 :
729 1864 783 1910 et
802 1858 1049 1912 semitam
1072 1859 1265 1926 pcdum
1288 1861 1524 1930 ipsorum
1546 1863 1803 1930 turbabit,
1819 1867 2087 1936 etjudicio

2192 1863 2370 1929 ζουσιν
2408 1858 2624 1927 αὐτούς.
2659 1863 2896 1935 Ταράξει
2939 1864 2995 1916 δὲ
3046 1864 3140 1916 καὶ
3174 1861 3269 1933 τὴν
3303 1861 3487 1932 τρί6ον
3519 1861 3626 1915 τῶν
3654 1878 3755 1913 πο·-

520 1958 879 2015 prosequetur
910 1948 1150 2004 seniores
1185 1951 1384 2021 populi,
1408 1961 1461 2007 et
1484 1954 1753 2025 principes
1774 1957 1856 2011 vel
1894 1959 2085 2027 praefe-

521 2047 658 2091 ctos.
687 2038 932 2095 Redemit
953 2040 1095 2094 enim
1120 2043 1322 2097 edomo
1339 2045 1615 2101 servitutis
1639 2048 1889 2117 populum
1907 2065 2091 2115 suum,

524 2138 621 2180 eta
646 2128 1040 2185 dominatorum
1062 2131 1469 2202 importunitate
1491 2134 1763 2203 liberavit,
1779 2139 2087 2195 universam

521 2219 576 2272 in
612 2234 704 2274 eos
746 2222 988 2277 excitans
1019 2234 1347 2280 creaturam.
1401 2226 1467 2282 Et
1497 2242 1629 2283 sane
1667 2244 1837 2298 aquas
1868 2232 1921 2286 in
1961 2248 2089 2289 san-

520 2313 734 2380 guinem
755 2316 996 2381 mutavit,
1024 2317 1287 2386 grandine
1314 2318 1704 2391 profundisque
1731 2338 1796 2378 ac
1822 2324 2091 2381 triduanis

522 2402 792 2469 tenebris,
828 2405 1055 2476 aliisque
1082 2408 1365 2476 omnibus,
1407 2421 1492 2466 est
1541 2414 1686 2468 enim
1713 2414 1932 2486 longum
1976 2419 2092 2473 sin-

520 2495 648 2563 gula
688 2510 1130 2565 commemorare,
1167 2503 1433 2571 percussit
1470 2521 1484 2557 :
1527 2505 1651 2560 dein
1698 2521 1797 2576 per
1852 2510 2087 2565 medium

520 2602 670 2642 mare
699 2589 954 2655 traduxit,
982 2589 1034 2644 in
1058 2592 1275 2648 deserto
1322 2594 1489 2663 pavit,
1532 2596 1585 2651 iu
1617 2602 1819 2653 terram
1854 2603 2090 2669 promis-

523 2680 693 2735 sionis
749 2680 960 2737 induxit
991 2725 1005 2750 ,
1066 2692 1254 2752 gentes
1305 2701 1527 2757 magnas
1560 2700 1615 2745 et
1663 2694 2088 2761 pugnacissimas

523 2781 787 2840 tanquam
814 2770 997 2840 spinas
1043 2773 1265 2840 expulit.
1310 2772 1534 2830 Divinus
1560 2790 1783 2847 quoque
1830 2778 1998 2834 David
2034 2781 2089 2836 id

523 2862 854 2927 declaravit,
890 2865 1131 2918 omnium
1187 2874 1519 2922 servatorem
1580 2875 1636 2923 et
1689 2869 2086 2940 redemptorem

522 2953 800 3021 alloquens
828 2968 851 3006 ι·
878 2973 897 3006 ι
934 2953 1113 3010 Vitem
1133 2970 1199 3011 ex
1231 2954 1465 3029 Egypto
1493 2958 1854 3023 transtulisti,
1881 2960 2087 3029 ejecisti

522 3054 731 3114 gentes,
794 3052 848 3100 et
904 3061 1023 3101 eam
1062 3048 1337 3115 plantasti,
1385 3048 1528 3103 viam
1569 3051 1932 3121 praestruxisti
1964 3061 2089 3106 ante

522 3133 670 3188 illam
695 3150 709 3186 :
742 3134 983 3189 extendit
1005 3136 1256 3205 palmites
1286 3152 1413 3193 suos
1442 3138 1508 3192 ad
1532 3154 1680 3194 mare
1707 3152 1901 3209 usque,
1933 3149 1987 3195 et
2022 3142 2088 3195 ad

2187 1952 2292 2009 δῶν
2324 1957 2523 2009 αὐτῶν.
2574 1955 2861 2009 Δικάσεται
2913 1950 2970 2008 δὲ
3014 1954 3151 2025 πρὸς
3191 1955 3318 2017 τοὺς
3356 1953 3756 2025 πρεσϐυτέρους

2186 2045 2281 2100 τοῦ
2315 2041 2466 2110 λαοῦ,
2500 2047 2592 2099 καὶ
2609 2045 2831 2115 προσέτι
2856 2045 2982 2106 τοὺς
3006 2045 3293 2114 ἄρχοντας,
3322 2043 3441 2114 ἦτοι
3465 2044 3588 2105 τοὺς
3621 2042 3755 2096 καθ-

2186 2136 2544 2207 ηγουμένους.
2609 2132 2981 2207 Ἐλυτρώσατο
3030 2134 3127 2204 μὲν
3174 2134 3282 2206 γὰρ
3334 2134 3393 2198 ἐξ
3439 2136 3586 2187 οἴκου
3637 2134 3756 2186 δου-

2188 2221 2338 2288 λείας
2372 2226 2464 2279 τὸν
2491 2224 2617 2279 λαὸν
2651 2225 2839 2289 αὑτοῦ,
2872 2225 3105 2291 ἐξείλετο
3138 2224 3198 2277 δέ
3223 2224 3322 2295 τῆς
3359 2224 3467 2277 τῶν
3494 2224 3755 2295 κρατούν-

2188 2334 2295 2369 των
2330 2315 2665 2385 σκαιότητος,
2699 2315 2825 2385 ὂλην
2864 2315 3044 2377 αὐτοῖς
3077 2314 3456 2383 ἐπαναστήσας
3503 2313 3601 2384 τὴν
3640 2313 3756 2365 κτί-

2192 2426 2295 2462 σιν.
2328 2408 2436 2462 Kal.
2470 2408 2675 2461 ὑδάτων
2711 2402 2809 2477 μὲν
2841 2408 2919 2469 εἰς
2950 2400 3086 2477 αἷμα
3123 2404 3423 2473 μεταϐολὰς
3449 2406 3761 2476 ἐργασάμε-

2190 2516 2298 2562 νος,
2321 2497 2581 2568 χαλάξαις
2609 2497 2665 2550 δὲ
2697 2496 3037 2561 καταπαίων,
3074 2496 3229 2566 βαθεῖ
3257 2513 3317 2548 τε
3349 2496 3443 2548 καὶ
3478 2495 3762 2567 τριημέρῳ

2194 2590 2393 2660 σκότῳ,
2434 2591 2526 2643 καὶ
2555 2592 2667 2651 τοῖς
2703 2588 2883 2651 ἄλλοις
2916 2588 3107 2642 ἅπασι.
3156 2588 3381 2658 Μακρὸν
3410 2588 3517 2658 γὰρ
3558 2587 3763 2641 ἐκαστα

2195 2682 2443 2735 διειπεῖν.
2482 2677 2613 2734 Εἶτα
2645 2679 2959 2744 διαϐιϐάσας
2981 2680 3068 2733 διὰ
3101 2680 3371 2750 θαλάσσης
3410 2681 3581 2750 μέσης
3610 2680 3766 2751 £095—

2188 2774 2290 2843 ψεν
2335 2776 2392 2827 ἐν
2435 2770 2501 2845 τῇ
2541 2774 2753 2844 ἐρήμῳ.
2802 2764 3196 2841 Εἰσκεκὸμικεν
3253 2774 3334 2835 εἰς
3370 2771 3467 2842 τὴν
3507 2772 3608 2842 γῆν
3662 2771 3762 2837 τῆς

2189 2867 2552 2935 ἐπαγγελίας,
2606 2865 2732 2936 ἔθνη
2800 2865 3010 2934 μεγάλα
3063 2865 3157 2917 καὶ
3213 2863 3573 2935 μαχιμώτατα
3624 2864 3759 2917 καθ-

2189 2960 2333 3029 άπερ
2378 2956 2620 3019 ἀκάνθας
2655 2954 2871 3021 ἐξελών.
2903 2956 3011 3007 Καὶ
3039 2953 3197 3007 τοῦτο
3235 2955 3365 3023 ἡμῖν
3401 2956 3430 3006 6
3478 2954 3762 3016 θεσπέσιος

2190 3049 2353 3102 Δαϐὶδ
2397 3047 2685 3118 κατεδήλου
2735 3046 2906 3113 λέγων
2946 3046 3080 3117 πρὸς
3114 3046 3205 3098 τὸν
3235 3046 3344 3098 τῶν
3377 3046 3513 3098 ὅλων
3543 3047 3761 3115 σωτῆρα

2726 3137 2747 3156 ν

2190 3139 2283 3192 καὶ
2315 3138 2627 3208 λυτρωτήνο
2667 3154 2683 3185 ι
2726 3132 3001 3204 ’Ἄμπελον
3050 3134 3107 3200 ἐξ
3155 3133 3427 3201 Αἰγύπτου
3497 3135 3756 3202 μετῆρας,

524 3226 717 3281 ﬂuvios
748 3228 1072 3297 propagines
1099 3244 1225 3283 suas
1246 3229 1311 3281 ".
1355 3248 1375 3282 ι
1407 3230 1518 3302 66
1544 3231 1671 3286 Erat
1705 3233 1871 3300 enim,
1915 3233 2089 3303 inquit

2192 3229 2444 3295 ἐξέϐαλες
2473 3227 2620 3296 ἔθνη,
2650 3228 2745 3280 καὶ
2777 3222 3182 3294 κατεφύτευσας
3210 3224 3395 3295 αὐτὴν,
3428 3224 3763 3293 dido-minae;

523 3320 783 3389 propheta
814 3318 1098 3388 Jeremias,
1144 3321 1273 3378 vitis
1308 3321 1541 3379 fecunda
1588 3326 1853 3396 pampinis
1900 3326 2088 3392 lsrael,

525 3426 582 3468 et
614 3413 744 3469 felix
773 3414 984 3470 fructus
1008 3415 1145 3486 ejus.
1181 3415 1286 3470 Sed
1315 3430 1438 3471 cum
1458 3416 1780 3473 demandata
1808 3429 1951 3474 esset
1976 3420 2091 3490 ejus

526 3504 765 3562 colendae
822 3521 950 3562 cura
1006 3506 1341 3577 principibus
1405 3507 1629 3578 populi,
1694 3510 1831 3566 adeo
1875 3511 2092 3580 injustis

527 3599 702 3652 modis
724 3608 1112 3667 oppresserunt
1139 3599 1366 3656 herilem
1383 3600 1618 3667 vineam,
1648 3609 1707 3655 ut
1728 3600 1838 3670 jam
1865 3602 2087 3658 incensa

525 3690 740 3758 penitus
783 3704 903 3744 esse
927 3689 1189 3744 videatur.
1222 3689 1371 3747 Hanc
1402 3692 1563 3763 igitur
1584 3706 1803 3747 causam
1834 3693 2095 3763 impinget

527 3779 658 3845 illis,
717 3779 865 3835 hisce
920 3782 1103 3836 verbis
1158 3799 1173 3834 :
1226 3779 1329 3837 Vos
1369 3797 1465 3836 cur
1520 3783 1851 3838 incendistis-
1880 3785 2091 3838 vineam

529 3870 747 3924 meam?
775 3868 909 3923 Nam
943 3884 1077 3938 quos
1118 3884 1331 3938 aequum
1369 3882 1485 3924 erat
1513 3871 1660 3926 illam
1690 3872 1851 3926 vitem
1890 3872 2093 3927 intelli-

529 3960 775 4030 gibilem,
809 3960 1064 4014 nimirum
1092 3960 1367 4027 lsraelem,
1394 3962 1712 4018 fertiliorem
1744 3964 1990 4029 reddere,
2038 3965 2092 4018 hi

530 4054 599 4107 ad
632 4053 940 4107 vastitatem
988 4052 1212 4106 omnino
1252 4052 1625 4118 reduxerunt,
1676 4052 1996 4123 aridamque
2038 4065 2094 4109 et

531 4144 779 4198 inutilem
806 4145 939 4199 hero
968 4144 1285 4198 eliecerunt.
1322 4142 1409 4198 Ab
1444 4144 1549 4198 illis
1598 4145 1781 4213 itaque
1827 4160 2090 4200 succensa

529 4243 635 4298 est,
656 4249 685 4288 a
713 4234 911 4304 quibus
944 4235 1154 4302 turgida
1184 4234 1358 4289 botris
1386 4234 1502 4289 fieri
1525 4274 1540 4299 ,
1575 4234 1951 4304 fructibusque
1978 4250 2097 4306 gra-

528 4322 677 4386 vida,
721 4332 778 4376 et
810 4320 879 4375 ab
910 4322 1057 4375 onmi
1093 4322 1420 4377 detrimento
1472 4324 1728 4378 immunis
1782 4329 2093 4382 conservari

529 4412 735 4467 debuit.
770 4411 889 4466 Jam
925 4412 1377 4480 quemadmodum
1410 4412 1550 4468 hanc
1575 4414 1789 4469 vineam
1842 4415 2098 4482 intelligi-

527 4501 692 4557 bilem
720 4502 1024 4558 incendisse
1054 4502 1323 4569 dicantur,
1358 4502 1542 4558 videre
1592 4513 1678 4559 est
1727 4520 1910 4574 operte
1965 4521 2092 4575 pre-

529 4597 687 4651 tium.
754 4594 1048 4665 Oportebat
1106 4595 1252 4650 enim
1305 4611 1399 4651 eos
1453 4597 1547 4666 qui
1592 4598 1823 4653 docendi
1877 4599 2087 4654 muneri

528 4696 819 4756 praeerant,
851 4696 907 4741 et
934 4686 1027 4756 qui
1055 4687 1228 4757 legem
1275 4689 1342 4742 ad
1373 4691 1553 4743 omnia
1590 4703 1711 4758 quae
1737 4688 1847 4744 Deo
1875 4689 2093 4761 placent

534 4786 823 4838 ducentem
868 4783 1139 4848 tenebant,
1170 4798 1281 4851 prae
1324 4785 1531 4839 caeteris
1573 4785 1639 4837 ad
1676 4785 1810 4854 legis
1848 4787 2095 4854 praescri-

529 4881 682 4942 ptum
712 4873 915 4938 vivere,
946 4882 1001 4927 et
1024 4871 1248 4940 justitia:
1287 4870 1455 4941 gloria
1479 4870 1686 4935 ornari,
1720 4871 1791 4923 ita
1819 4880 1879 4924 ut
1906 4884 2092 4925 eorum

528 4966 640 5022 vita
667 5003 683 5030 ,
740 4964 1028 5035 singularis
1069 4963 1355 5033 cujusdam
1395 4964 1917 5033 perfectissimzeque
1971 4963 2096 5018 vita:

532 5055 809 5124 exemplar
840 5055 1109 5123 quoddam
1137 5064 1192 5109 et
1223 5054 1404 5123 imago
1429 5063 1573 5109 esset
1598 5052 1797 5123 populo
1826 5054 1927 5108 sibi
1968 5054 2097 5108 sub-

532 5143 668 5199 dito.
699 5146 995 5213 Oportebat
1046 5154 1309 5214 praeterea
1342 5159 1438 5199 eos
1474 5144 1607 5214 legis
1654 5145 1995 5201 institutione
2029 5147 2096 5201 ad

530 5250 747 5290 omnem
778 5236 1104 5304 probi-tatem
1127 5238 1371 5293 subditos
1401 5237 1690 5304 adducere,
1719 5238 2095 5307 delinquentes

535 5343 858 5397 coarguere,
888 5328 1066 5399 lapsos
1088 5330 1299 5401 erigere
1322 5370 1337 5396 ,
1385 5330 1602 5401 pietatis
1634 5331 1739 5384 iter
1766 5341 2093 5395 monstrare,

534 5430 589 5475 et
618 5422 682 5474 ad
728 5421 1102 5489 praestantiora
1151 5422 1465 5487 informare,
1504 5432 1557 5478 et
1586 5424 1910 5492 persuadere
1951 5426 2089 5478 utin

536 5511 697 5590 tinem
731 5510 886 5581 legis,
916 5511 1212 5578 Christum,
1247 5514 1489 5583 inquam,
1512 5515 1861 5584 respicerent.
1900 5534 1917 5566 ι
1941 5516 2090 5570 Finis

534 5602 677 5658 enim
705 5601 837 5672 legis
865 5613 919 5657 et
951 5605 1330 5673 prophetarum
1362 5606 1609 5663 Christus
1642 5607 1708 5663 ‘7.
1741 5627 1759 5661 ι
1784 5606 1942 5665 Deeo
1963 5622 2089 5664 vero

606 5761 649 5796 “
678 5760 819 5821 Psal.
859 5775 1044 5828 umx,
1077 5759 1223 5817 9-12.
1298 5761 1342 5794 ³⁷
1376 5761 1534 5819 Rom.
1569 5777 1623 5828 ς,
1656 5762 1708 5817 4.

2192 3319 2495 3392 ἔμπροσθεν
2523 3320 2690 3389 αὐτῆς
2716 3336 2729 3349 ο
2761 3315 3031 3381 ἐξέτεινας
3061 3317 3129 3369 τὰ
3152 3316 3405 3386 κλήματα
3452 3316 3621 3385 αὐτῆς
3660 3316 3762 3377 ἕως

2194 3414 2490 3482 θαλάσσης,
2539 3411 2634 3463 καὶ
2665 3409 2769 3472 ἕως
2814 3409 3074 3479 ποταμῶν
3110 3407 3466 3479 παραφυάδας
3504 3408 3691 3476 αὐτῆς.
3738 3426 3757 3459 s

2193 3504 2386 3573 Γέγονε
2420 3503 2551 3573 γὰρ,
2584 3501 2659 3563 ὠς
2689 3503 2974 3570 προφήτης
3003 3500 3165 3570 φησὶν
3208 3500 3494 3570 Ἱερεμίας,
3523 3498 3764 3568 ἄμπελος

2194 3592 2607 3665 εὐκληματοῢσα
2660 3592 2896 3662 Ἰσραὴλ,
2939 3592 3034 3644 καὶ
3065 3593 3093 3643 6
3142 3590 3352 3662 καρπὸς
3396 3590 3637 3661 εὐθηνῶν
3667 3589 3765 3642 a6-

2192 3689 2311 3758 τῆς.
2354 3682 2515 3740 Ἀλλὰ
2545 3685 2799 3754 τετάχασι
2851 3684 2947 3753 μὲν
2995 3684 3075 3746 εἰς
3103 3684 3383 3753 γεωργοὺς
3427 3678 3475 3735 οἱ
3509 3682 3764 3752 καθηγεῖ-

2196 3780 2318 3832 σθαι
2364 3778 2657 3849 λαχόντες·
2693 3775 2986 3845 ὴδικήκασι
3031 3774 3088 3826 δὲ
3135 3774 3308 3838 οὓτως
3336 3774 3632 3844 ἀμπελῶνα
3672 3774 3763 3827 τὸν

2194 3872 2529 3933 δεσποτικὸν,
2558 3870 2631 3932 ὡς
2649 3871 2726 3931 εἰς
2742 3868 2884 3921 ἆπαν
2907 3866 3004 3937 ἤδη
3030 3866 3124 3919 καὶ
3147 3864 3530 3935 ἐμπεπρῆσθαι
3566 3860 3761 3919 δοκεῖν.

2195 3961 2411 4032 Ταύτην
2439 3956 2531 4015 οὖν
2573 3960 2680 4029 ἄρα
2701 3958 2801 4029 τὴν
2836 3958 3014 4010 αἰτίαν
3041 3958 3201 4019 αὐτὸς
3227 3960 3513 4027 ποιήσεται
3551 3957 3723 4021 λέγων
3743 3972 3756 3986 ·

2207 4054 2393 4122 Ὑμεῖς
2449 4049 2507 4103 δὲ
2546 4049 2597 4101 τί
2645 4048 2998 4117 ἐνεπυρίσατε
3041 4045 3130 4099 τὸν
3158 4045 3454 4116 ἀμπελῶνά
3485 4064 3620 4116 μου;
3655 4045 3763 4109 Οὓς

2195 4145 2301 4215 γὰρ
2330 4140 2398 4214 ἦν
2426 4140 2571 4204 εἰκὸς
2611 4140 2705 4194 καὶ
2748 4138 3131 4210 εὐτελεστέραν
3167 4138 3485 4207 ἀποφαίνειν
3512 4142 3608 4208 τὴν
3636 4156 3761 4208 νοη-

2195 4236 2294 4307 τὴν
2319 4233 2530 4305 ἐκείνην
2560 4234 2653 4285 καὶ
2681 4228 3125 4301 εὐκληματοῦσαν
3153 4230 3415 4299 ἄμπελον,
3446 4229 3587 4282 τοῦτ’
3624 4229 3761 4293 ἔστι,

2194 4325 2285 4377 τὸν
2325 4324 2557 4395 Ἰσραὴλ,
2583 4316 2728 4376 οὗτοι
2774 4321 3139 4391 κατεκόμισαν
3179 4322 3259 4382 εἰς
3300 4321 3579 4390 ἐρήμωσιν
3629 4338 3763 4372 παν-

2194 4416 2345 4487 τελῆ,
2366 4412 2535 4485 ξηράν
2554 4432 2613 4467 τε
2643 4415 2734 4468 καὶ
2753 4414 3024 4484 ἄχρηστον
3045 4411 3378 4464 ἀπετέλεσαν
3405 4412 3482 4480 τῷ
3506 4411 3759 4482 δεσπότῃ.

2209 4506 2640 4580 Ἐμπεπύρισται
2670 4506 2727 4561 δὲ
2757 4506 2935 4560 τοίνυν
2963 4507 3092 4575 παρ’
3118 4498 3193 4557 ὧν
3233 4504 3377 4567 εἰκὸς
3406 4500 3474 4574 ἦν
3502 4504 3761 4575 εὔϐοτρυν

2188 4600 2415 4654 ’ἔσεσθαι
2440 4600 2535 4653 καὶ
2567 4602 2794 4671 καρποῖς
2815 4598 3098 4669 διαόρυθῆ,
3140 4596 3233 4651 καὶ
3277 4596 3477 4659 παντὸς
3507 4597 3763 4650 ἐπέκεινα

2197 4693 2445 4762 βλάϐους.
2500 4692 2634 4746 Τίνα
2684 4692 2743 4745 δὲ
2785 4691 2985 4763 τρόπον
3028 4690 3332 4761 ἐμπυρίσαι
3381 4688 3632 4756 λέγονται
3670 4689 3761 4742 τὸν

2194 4783 2383 4855 νοητὸν
2412 4782 2739 4853 ἀμπελῶνα,
2781 4781 2897 4844 πῶς
2929 4782 3029 4835 οὐκ
3059 4781 3207 4847 ἄξιον
3263 4781 3420 4841 ἰδεῖν;
3479 4778 3624 4831 Ἔδει
3662 4778 3762 4847 μὲν

2196 4875 2304 4945 γὰρ
2330 4874 2391 4927 τὸ
2425 4873 2797 4927 διδασκαλικὸν
2826 4872 3046 4943 ἔχοντας
3088 4871 3443 4943 ἐπιτήδευμα,
3478 4870 3572 4923 καὶ
3598 4869 3763 4939 νόμον

2195 4968 2399 5030 εἰδότας
2450 4967 2541 5018 τὸν
2595 4967 2675 5029 εἰς
2715 4966 2822 5017 πᾶν
2876 4963 3054 5017 ὁτιοῦν
3088 4963 3429 5033 ἀποφέροντα
3479 4961 3587 5014 τῶν
3634 4962 3763 5032 ἀρε-

2196 5060 2433 5115 σκόντων
2464 5059 2603 5129 Θεῷ,
2634 5059 2730 5113 καὶ
2774 5058 2879 5129 πρό
2923 5074 2987 5126 γε
3037 5058 3144 5110 τῶν
3194 5056 3367 5111 ἄλλων
3412 5055 3764 5125 ἐννομώτατὰ

2194 5170 2253 5205 τε
2285 5150 2474 5222 διαζῇν
2526 5150 2744 5214 αὐτοὺς,
2794 5151 2888 5203 καὶ
2928 5152 3040 5211 τοῖς
3079 5150 3160 5212 εἰς
3207 5148 3547 5217 δικαιοσύνην
3583 5148 3757 5217 αὐχήυ

2197 5261 2361 5315 μασιν
2387 5239 2443 5297 εὖ
2482 5243 2628 5313 μάλα
2654 5239 3173 5305 κάτακαλλύνεσθαι,
3198 5239 3337 5291 ὥστε
3359 5241 3453 5309 τῆς
3482 5239 3762 5308 ἐξαιρέτου

2196 5334 2341 5404 ζωῆς
2372 5333 2541 5386 τύπον
2571 5332 2759 5403 ὥσπερ
2798 5332 2918 5399 τινὰ
2967 5330 3060 5383 καὶ
3095 5330 3279 5383 εἰκόνα
3309 5328 3416 5382 τῶν
3459 5330 3560 5381 ὑπὸ
3604 5332 3763 5400 χεῖρα

2194 5426 2338 5479 λαῶν
2365 5426 2455 5478 τὸν
2485 5425 2663 5480 αὐτῶν
2686 5424 2935 5492 γενέσθαι
2974 5423 3105 5493 βίον.
3144 5419 3275 5475 Εἶτα
3298 5422 3433 5491 πρὸς
3461 5420 3633 5490 τούτῳ
3666 5421 3760 5473 καὶ

2195 5518 2315 5579 ταῖς
2341 5518 2405 5569 ἐκ
2427 5516 2591 5585 νόμου
2623 5513 3016 5581 παιδαγωγίαις
3042 5512 3395 5583 ἀποκομίζειν
3417 5510 3758 5581 ἤθελονιτοὺς

2198 5608 2632 5679 ὑπεζευγμένους
2672 5607 2805 5678 πρὸς
2855 5607 2963 5658 πᾶν
3008 5606 3186 5659 ὁτιοῦν
3233 5605 3340 5657 τῶν
3388 5601 3624 5671 ἀγαθῶν,
3664 5599 3760 5654 καὶ
