4094 6366
340 378 449 433 ﬂ?

1481 366 1546 425 IN
1590 368 1823 425 ISAI‘AM
1857 368 1985 425 LIB.
2023 367 2066 424 1.
2105 366 2314 427 ΟΒΔΤ.
2357 364 2447 425 ηιι

3485 357 3601 419 ιη

343 486 798 559 πλημμελοῦντας
831 486 1097 557 ἐλέγχειν,
1130 488 1223 540 καὶ
1259 487 1518 551 παίοντας
1566 485 1922 558 ἐπανορθοῦν,

2029 487 2203 545 Moses
2229 488 2440 543 locutus
2467 494 2552 541 est
2584 485 2638 541 in
2669 482 2875 540 umbris
2905 496 2970 538 ac
3008 480 3217 554 figuris,
3262 478 3457 551 priscis
3486 479 3588 534 bo-

340 581 437 633 καὶ
466 580 564 650 τῆς
593 579 875 643 εὐσεϐείας
905 579 1312 633 καταδεικνύειν
1336 580 1437 651 τὴν
1472 580 1608 645 ὁδὸν,
1659 579 1753 632 καὶ
1783 579 1920 652 πρὸς

340 673 410 725 τὰ
439 671 648 743 ἀμείνω
674 671 1058 740 παιδαγωγεῖν,
1088 672 1183 725 καὶ
1228 671 1366 741 πρὸς
1408 671 1468 724 τὸ
1500 671 1594 724 τοῦ
1623 671 1787 740 νόμου
1828 670 1920 724 τέ-

340 764 435 826 λος
465 763 776 817 ἀναπείθειν
804 763 957 833 ὀρᾷν,
995 763 1137 832 φημὶ
1161 763 1223 834 δὴ
1256 763 1524 833 Χριστόν·
1568 781 1588 815 ι
1623 763 1787 827 Τέλος
1811 763 1919 833 γάρ

342 856 511 925 »ὁμου
538 854 633 908 καὶ
675 854 969 927 προφητῶν
1004 856 1033 907 ὀ
1070 854 1325 925 Χριστός.
1364 874 1381 907 ι
1418 857 1529 908 Καὶ
1582 857 1711 927 περὶ
1755 854 1919 910 αὐτοῦ

343 945 640 1015 λελάληκεν
668 946 697 998 ὀ
726 943 933 1013 Μωσῆς
961 943 1050 997 διὰ
1102 946 1257 1008 σκιᾶς
1305 944 1399 997 καὶ
1429 943 1635 1010 τύπων,
1681 960 1918 1014 προανα-

345 1038 541 1109 φωνῶν
578 1040 694 1101 τοῖς
736 1036 902 1092 πάλαι
931 1035 992 1089 τὸ
1020 1036 1217 1090 σεπτὸν
1264 1038 1359 1090 καὶ
1406 1036 1549 1107 μέγα
1598 1037 1916 1106 μυστήριον.

358 1129 520 1183 Ἀλλά
548 1129 752 1182 τούτων
781 1128 1035 1182 ἁπάντων
1077 1127 1454 1198 ὴφειδηκότες,
1493 1127 1649 1180 αὐτοί
1681 1143 1739 1179 τε
1776 1122 1919 1197 ἦσαν

344 1223 574 1292 πονηροὶ
620 1222 746 1285 τοὺς
795 1221 1062 1292 τρόπους,
1111 1220 1355 1291 ἀχάλινοι
1410 1220 1546 1291 πρὸς
1589 1219 1917 1285 πλεονεξίαν,

344 1315 604 1385 ἀκρατεῖς
636 1317 714 1378 είς
753 1313 1312 1384 φιλοκερδίας,ὀλίγου
1334 1311 1611 1376 παντελῶς
1646 1310 1920 1376 ἀξιοῦντες

346 1406 506 1474 λόγου
548 1406 610 1459 τὸ
638 1406 843 1475 κρίνειν
885 1403 1061 1476 ὀρθῶς
1081 1419 1096 1434 ⁶
1137 1404 1231 1459 καὶ
1264 1397 1345 1466 οἷς
1375 1398 1443 1474 ἦν
1467 1403 1689 1474 ἄμεινον
1725 1403 1920 1472 ἑπερυ-

349 1498 540 1568 θριᾷν,
597 1496 684 1548 ἐπ’
736 1495 925 1557 αὐτοῖς,
964 1493 1029 1563 δὴ
1080 1492 1291 1556 τούτοις
1342 1494 1600 1562 ἐπαυχεῖν
1646 1491 1917 1555 εἰωθότες.

360 1588 797 1656 Ἐμπεπύρισται
828 1584 1004 1638 τοίνυν
1032 1585 1061 1636 ὀ
1087 1583 1367 1655 άμπελὼν,
1396 1581 1519 1637 οὔτε
1573 1582 1651 1654 τῷ
1683 1583 1780 1653 βίῳ
1810 1583 1920 1637 τῶν

349 1676 709 1747 καθηγεῖσθαι
756 1676 1028 1746 λαχόντων
1064 1675 1460 1745 ὠφελούμενος,
1503 1672 1627 1727 οὔτε
1664 1674 1770 1745 μὴν
1798 1675 1921 1737 ταῖς

349 1772 600 1839 νομικαῖς
631 1770 947 1840 είσηγήσεσι
978 1766 1489 1837 παιδαγωγούμενος
1523 1767 1603 1829 είς
1629 1764 1793 1836 ὀρθὴν
1824 1763 1918 1817 καὶ

348 1859 714 1929 ἀνεπίληπτον
760 1858 942 1929 ζωὴν,
982 1860 1157 1930 ἤγουν
1190 1860 1269 1922 εἰς
1314 1858 1622 1926 ἐπίγνωσιν³
1655 1852 1913 1926 Χριστοῦ,

348 1949 443 2002 καὶ
474 1948 646 2003 τοῦτο
688 1949 1095 2019 ὲπιλάμψαντός
1131 1966 1188 2001 τε
1221 1948 1321 2019 ἤδη
1358 1950 1469 2008 τοῖς
1506 1947 1599 1999 ἐπὶ
1652 1945 1751 2015 τῆς
1795 1943 1920 2014 γῆς,

348 2041 445 2094 καὶ
498 2040 748 2109 λέγοντος
809 2041 1090 2111 ἐναργῶς·
1132 2058 1151 2091 ι
1197 2038 1339 2107 Ἐγώ
1395 2040 1511 2108 εἰμι
1550 2037 1611 2090 τὸ
1660 2036 1774 2105 φῶς
1828 2034 1922 2088 τοῦ

348 2133 582 2202 κόσμου,
614 2133 726 2201 ἐγώ
754 2135 866 2204 είμι
895 2137 926 2205 ἡ
970 2134 1106 2197 ὀῶς,
1140 2132 1235 2187 καὶ
1266 2131 1374 2201 εγὼ
1406 2134 1520 2203 είμι
1550 2133 1583 2202 ἡ
1617 2130 1860 2203 ἀλήθεια.
1900 2149 1918 2182 ι

362 2224 734 2278 ’Δκουέτωσαν
774 2226 953 2278 τοίνυν
977 2241 991 2257 ’
1037 2225 1226 2294 Ὑμεῖς
1258 2224 1316 2277 δὲ
1341 2223 1393 2276 τί
1431 2223 1786 2293 ἐνεπυρίσατε
1833 2222 1925 2276 τὸν

348 2314 652 2384 ἀμπελῶνά
703 2333 824 2385 μου,
860 2316 954 2370 καὶ¹
991 2317 1024 2386 ἡ
1076 2314 1299 2388 ἁρπαγὴ
1332 2313 1425 2367 τοῦ
1460 2312 1675 2383 πτωχοῦ
1709 2315 1767 2367 ὲν
1814 2314 1926 2374 τοῖς

349 2407 522 2471 οἷκοις
548 2407 732 2478 ὑμῶν;
766 2408 830 2459 Τί
856 2408 1014 2479 ὑμεῖς
1044 2406 1277 2459 ἀδικεῖτε
1306 2405 1396 2457 τὸν
1425 2404 1551 2457 λαόν
1585 2422 1705 2475 μου,
1741 2404 1835 2457 καὶ
1858 2403 1927 2456 τὰ

350 2501 624 2570 πρόσωπα
670 2501 781 2554 τῶν
828 2499 1057 2571 πτωχῶν
1103 2498 1525 2569 καταισχύνετε;
1578 2495 1927 2568 Συνήρπαζον

350 2593 461 2665 γὰρ
492 2594 619 2657 τοὺς
654 2595 900 2665 πτωχοὺς
930 2597 1008 2658 είς
1042 2594 1255 2647 σύνεσιν
1284 2595 1375 2647 ἐπὶ
1401 2593 1460 2646 τὸ
1494 2592 1678 2655 αὐτοῖς
1709 2589 1922 2654 δοκοῦν,

351 2685 451 2737 καὶ
480 2684 937 2756 καταισχύνεσθαι
984 2682 1394 2756 παρεσκεύαζον
1423 2683 1492 2737 τά
1530 2684 1798 2755 πρόσωπα
1831 2682 1929 2735 αὐ-

352 2774 482 2827 τῶνθ
541 2776 751 2847 Ὀνπερ
794 2779 903 2847 γὰρ
939 2777 1138 2847 τρόπον
1179 2777 1227 2828 οί
1283 2775 1382 2847 τῆς
1414 2773 1758 2845 δικαιοσύνης
1805 2775 1927 2826 ἑπι-

356 2866 585 2938 μεληταὶ
637 2869 919 2939 μονονουχὶ
964 2868 1198 2939 λαμπρῷ
1247 2867 1539 2938 προσώπῳ,
1587 2867 1693 2920 καὶ
1723 2865 1926 2936 πολλῆς

354 2956 577 3027 γέμοντι
606 2960 918 3032 παῤῥησίας
949 2962 1006 3014 ὲν
1032 2946 1328 3029 ὀφθαλμοῖς
1358 2961 1619 3031 ἑστήκασι
1648 2957 1739 3011 τοῦ
1767 2958 1923 3022 Θεοῦ,

352 3047 496 3103 οὕτω
531 3051 710 3121 φαμὲν
742 3052 869 3115 τοὺς
915 3051 1013 3121 τῆς
1060 3052 1390 3121 φαυλότητος
1419 3049 1653 3122 ἐραστὰς
1701 3049 1927 3118 στυγνόν

352 3156 413 3193 τε
449 3142 545 3193 καὶ
564 3142 801 3211 ἀμειδὲς,
830 3143 1089 3214 αἰσχύνης
1116 3161 1177 3196 τε
1202 3145 1297 3197 καὶ
1328 3142 1594 3213 ἐντροπῆς
1623 3142 1932 3211 ἀνάμεστον

351 3233 414 3286 τὸ
440 3234 538 3303 τῆς
567 3234 792 3304 καρδίας
814 3236 1099 3306 πρόσωπον
1120 3236 1284 3306 ἔχειν.
1312 3235 1450 3289 Ἀλλ’
1478 3234 1664 3303 ῶσπερ
1689 3232 1927 3304 ὀνίνησιν

352 3321 382 3371 ὀ
420 3320 789 3388 παιδαγωγῶν
819 3324 898 3385 είς
947 3323 1178 3389 σύνεσιν,
1219 3325 1313 3376 καὶ
1342 3323 1449 3376 τῶν
1482 3322 1782 3377 καλλίστων
1814 3324 1925 3375 είσ-

354 3412 585 3481 ηγητὴς,
632 3412 804 3476 οὕτως
857 3414 1033 3468 ἀδικεῖ
1073 3414 1367 3469 παστισοῦν
1419 3412 1571 3484 οἶμαι
1619 3415 1727 3467 τῶν
1769 3430 1925 3467 τετα-

352 3502 574 3570 γμένων
605 3505 687 3565 είς
730 3504 1098 3570 διδασκάλους,
1128 3508 1176 3559 εί
1214 3506 1288 3577 μὴ
1315 3505 1423 3558 τῶν
1470 3506 1767 3576 ἀμεινόνων
1795 3506 1925 3573 ὲρα-

356 3592 488 3662 στὴν
517 3593 805 3665 ἀποτελοίη
846 3596 936 3648 τὸν
978 3596 1377 3666 παιδευόμενον.
1412 3595 1774 3665 Καταισχύνει
1816 3593 1926 3663 γάρ

2021 580 2257 636 minibus
2314 578 2679 634 venerandum
2731 584 2789 630 et
2850 589 3107 645 magnum
3159 571 3591 644 praesigniﬁcans

2018 673 2374 743 mysterium;
2412 668 2735 738 contemptis
2760 678 3016 723 caeterum
3049 664 3297 720 omnibus
3316 664 3404 718 his
3427 701 3444 727 ,
3484 661 3588 732 ipsi

2017 775 2175 820 erant
2196 763 2436 819 moribus
2463 761 2718 830 improbi,
2747 759 2981 817 habendi
3005 757 3304 828 cupiditate
3328 752 3586 815 eﬂ'renes,

2020 856 2339 924 impotentes
2371 855 2437 907 ad
2460 853 2764 916 avaritiam,
2795 850 2945 921 parvi
2980 850 3243 905 ducentes
3274 854 3421 901 recte
3445 844 3590 915 judi-

2018 961 2188 1000 care:
2233 944 2385 1000 etde
2421 943 2616 1013 quibus
2669 942 2840 997 satius
2882 939 3074 994 fuisset
3128 938 3480 998 erubescere,
3536 933 3590 986 in

2019 1036 2104 1091 liis
2137 1036 2268 1104 ipsis
2307 1034 2451 1089 soliti
2497 1042 2624 1087 sunt
2657 1030 2962 1102 superbire.
3020 1028 3245 1083 incensa
3288 1032 3372 1080 est
3425 1023 3591 1094 igitur

2018 1129 2194 1193 vinea,
2226 1141 2385 1196 quam
2412 1139 2512 1180 nec
2533 1126 2641 1179 vita
2670 1138 2857 1179 eorum
2892 1122 2983 1193 qui
3010 1118 3241 1176 docendi
3278 1117 3426 1172 vices
3460 1129 3587 1186 ges-

2020 1231 2236 1286 serunt,
2280 1218 2503 1286 adjuvit,
2552 1230 2652 1270 nec
2691 1216 2825 1286 legis
2884 1214 3185 1268 rudimenta
3229 1224 3293 1264 ac
3347 1206 3587 1263 introdu-

2018 1310 2225 1365 ctiones
2248 1307 2607 1361 informarunt
2636 1305 2701 1357 ad
2730 1311 2933 1358 rectam
2964 1310 3019 1357 et
3048 1298 3373 1369 inculpatam
3395 1296 3588 1357 vitam,

2018 1402 2115 1455 vel’
2144 1401 2210 1454 ad
2257 1398 2587 1469 agnitionem
2622 1395 2869 1458 Christi,
2920 1392 3146 1458 Christi,
3201 1390 3443 1459 inquam,
3496 1382 3589 1452 qui

2014 1492 2127 1561 jam
2153 1491 2376 1545 interra
2414 1487 2767 1559 resplenduit,
2791 1494 2847 1541 et
2884 1481 3331 1539 luculenter‘dicit
3366 1495 3380 1531 :
3419 1496 3438 1529 ι
3478 1476 3592 1546 Ego

2018 1598 2137 1638 sum
2181 1581 2271 1635 lux
2309 1580 2528 1644 mundi,
2577 1594 2677 1649 ego
2719 1592 2837 1633 sum
2883 1576 2990 1640 via,
3039 1581 3094 1628 et
3141 1585 3241 1642 ego
3284 1584 3400 1643 sum
3445 1566 3590 1620 veri-

2022 1685 2103 1730 tas
2127 1673 2192 1728 δ’.
2226 1692 2244 1726 ι
2304 1671 2444 1740 Ergo
2504 1659 2723 1725 audiant
2760 1667 2962 1733 :‘Quid
3011 1661 3326 1719 incendistis
3375 1657 3593 1712 vineam

2022 1772 2289 1829 meam,et
2307 1760 2535 1831 direptio
2564 1758 2816 1829 pauperis
2841 1756 2893 1809 in
2926 1756 3084 1808 domo
3102 1748 3313 1819 vestra?
3338 1746 3476 1814 Quid
3497 1760 3592 1800 vos

1945 1838 1991 1897 Β
2019 1855 2211 1924 injuria
2251 1853 2470 1907 aiiicitis
2499 1851 2747 1920 populum
2781 1863 2978 1910 meum,
3005 1853 3056 1900 et
3093 1843 3257 1898 facies
3296 1853 3591 1910 pauperum

2024 1944 2386 2017 pudefacitis?
2438 1946 2796 1997 Attraxerunt
2854 1939 2997 1994 enim
3061 1947 3326 2005 pauperes
3372 1933 3438 1985 ad
3479 1926 3596 2001 6⁸1

2025 2038 2388 2108 cognitionem
2443 2042 2606 2105 prout
2661 2032 2791 2102 ipsis
2817 2031 2992 2085 visum
3032 2026 3153 2089 fuit,
3208 2032 3371 2093 atque
3410 2021 3591 2076 vultus

2025 2146 2210 2188 eorum
2232 2128 2409 2185 conati
2436 2134 2562 2182 sunt
2590 2122 2927 2195 pudefacere.
2958 2116 3418 2187 Quemadmodum
3445 2113 3590 2168 enim

2021 2222 2245 2295 iustitia:
2274 2220 2531 2283 cultores,
2576 2225 2783 2271 tantum
2816 2229 2926 2269 non
2975 2210 3142 2265 nitido
3193 2206 3346 2262 vultu
3384 2204 3584 2259 multa-

2032 2330 2136 2385 que
2159 2315 2318 2385 pleno
2346 2311 2541 2366 ﬁducia
2572 2309 2626 2363 in
2653 2307 2825 2363 oculis
2853 2304 2944 2359 Dei
2977 2309 3241 2357 steterant
3289 2317 3302 2351 :
3350 2298 3425 2352 ita
3458 2293 3595 2349 dici-

2026 2419 2148 2460 mus
2176 2403 2323 2458 vitiis
2353 2399 2594 2455 addictos
2629 2398 2872 2452 tetricum
2923 2408 2983 2446 ac
3016 2391 3224 2444 tristem
3276 2386 3585 2453 ruburequo

2028 2514 2091 2552 ac
2120 2496 2326 2568 pudore
2362 2504 2627 2562 opertam,
2673 2489 2854 2543 cordis
2888 2485 3078 2540 faciem
3112 2494 3343 2553 gnsrare.
3388 2476 3494 2531 Sed
3530 2482 3589 2529 ut

2029 2589 2075 2645 is
2120 2588 2213 2658 qui
2268 2587 2336 2640 ad
2387 2582 2747 2654 cognitionem
2784 2578 3100 2648 paedagogus
3152 2583 3257 2636 est,
3295 2581 3588 2637 rerumque

2028 2676 2520 2749 pulcherrimarum
2550 2666 3189 2742 prmmonstrator,juvat
3221 2681 3234 2718 ε
3270 2664 3349 2717 sic
3381 2674 3592 2722 omnes,

2028 2770 2210 2835 credo,
2233 2767 2323 2837 qui
2352 2767 2598 2821 doctores
2621 2762 2852 2817 ordinati
2877 2768 3023 2823 sunt,
3049 2753 3442 2812 incommodum
3467 2749 3601 2805 affe-

2030 2870 2171 2927 reut,
2191 2858 2492 2914 nisirerum
2513 2854 2797 2909 meliorum
2818 2858 3083 2904 amantem
3103 2845 3340 2901 efﬁciant
3359 2858 3478 2895 eum
3502 2841 3595 2908 qui

2031 2948 2353 3005 instituitur.
2382 2944 2599 2999 Rubore
2626 2955 2859 3009 namque
2885 2938 3079 2992 faciem
3107 2936 3225 3006 ejus
3255 2931 3592 2991 suliundunt,

2029 3049 2084 3097 et
2111 3041 2202 3113 qui
2232 3039 2456 3094 scientia
2487 3051 2689 3107 pauper
2720 3044 2800 3087 est
2825 3047 2889 3086 ac
2923 3031 3119 3090 tenuis.
3153 3043 3272 3081 eum
3305 3023 3607 3080 detrudunt

2030 3148 2218 3203 prope,
2250 3140 2303 3186 et
2329 3130 2542 3197 rapiunt
2570 3128 2635 3180 ad
2671 3125 2928 3192 turpiora.
2970 3122 3134 3175 Erant
3170 3120 3297 3173 item
3332 3115 3437 3170 alio
3459 3129 3595 3183 quo-

2033 3238 2137 3294 que
2159 3219 2512 3286 modoiujusti
2534 3233 2594 3270 ac
2618 3229 2837 3280 rapaces
2884 3212 3191 3292 Judmorum
3226 3209 3389 3262 duces
3422 3245 3437 3271 ,
3467 3219 3588 3257 cum

2034 3313 2296 3370 dedecore
2349 3308 2733 3378 perfunderent
2781 3317 3073 3373 pauperum
3118 3300 3323 3364 facies,
3360 3307 3414 3352 et
3444 3296 3595 3349 locu-

2034 3406 2265 3476 pletibus
2299 3403 2753 3459 adhmrescereut,
2790 3396 2951 3450 etiam
2994 3392 3108 3461 lege
3131 3392 3343 3444 dicente
3378 3403 3392 3441 :
3430 3387 3583 3442 ludi-

2033 3497 2397 3565 ciumjuslum
2423 3492 2694 3563 judicate;
2724 3499 2778 3541 et
2820 3489 3019 3556 passim
3048 3483 3397 3555 praecipiente
3435 3497 3447 3531 :
3482 3480 3603 3532 Non

2032 3590 2263 3661 accipies
2292 3599 2582 3657 personam
2616 3583 2671 3637 in
2702 3581 2929 3653 judicio.

354 3687 546 3757 ῶσπερ
585 3688 646 3741 τὺ
695 3689 981 3758 πρόσωπον
1015 3690 1202 3755 αὑτοῦ,
1250 3691 1341 3745 καὶ
1374 3690 1585 3761 πτωχὸν
1612 3690 1743 3745 ὅντα.
1787 3688 1923 3758 πρὸς
1997 3685 2229 3748 σύνεσιν,
2273 3679 2556 3753 μονονουχὶ
2597 3677 2693 3730 καὶ
2756 3672 3164 3737 καταϐιάζεται,
3198 3669 3291 3722 καὶ
3325 3664 3601 3735 συναρπά-

356 3784 441 3848 ζει
472 3783 608 3852 πρὸς
651 3784 720 3837 τὰ
746 3784 961 3855 αἰσχίω.
1006 3780 1185 3841 Ἦσαν
1217 3786 1274 3840 δὲ
1298 3786 1392 3840 καὶ
1420 3786 1622 3856 ὲτέρως
1675 3783 1848 3838 ἄδικοί
1884 3800 1945 3836 τε
1982 3783 2074 3836 καὶ
2112 3782 2358 3850 ἅρπαγες
2424 3776 2472 3828 oi
2513 3771 2621 3826 τῶν
2678 3769 2943 3823 Ἰουδαίων
2979 3764 3305 3838 καθηγηταὶ,
3338 3762 3431 3816 καὶ
3452 3777 3581 3813 κατ-

356 3875 704 3947 αισκύνοντες
772 3877 870 3946 μὲν
914 3877 984 3931 τὰ
1033 3877 1141 3932 τῶν
1200 3878 1429 3949 πτωχῶν
1498 3880 1799 3951 πρόσωπα,
1855 3874 2238 3947 προσκείμενοι
2288 3869 2346 3922 δὲ
2389 3867 2699 3929 πλουσίοις,
2744 3863 2920 3918 καίτοι
2962 3861 3055 3916 τοῦ
3105 3862 3267 3931 νόμου
3318 3856 3608 3925 λέγοντος”

354 3967 550 4037 Κρίμα
580 3967 785 4021 δίκαιον
814 3967 1055 4039 κρίνατε,
1091 3970 1184 4024 καὶ
1226 3970 1648 4041 παρεγγυῶντος
1682 3968 1928 4039 πανταχῆ
1965 3966 2047 4031 τὸ,
2084 3963 2160 4017 Οὐ
2191 3960 2265 4032 μὴ
2293 3958 2439 4029 λήψῃ
2473 3955 2760 4025 πρόσωπον
2794 3955 2850 4005 ὲν
2878 3951 3077 4022 κρίσει.

438 4061 583 4116 Τάδε
635 4062 796 4132 λέγει
850 4064 1064 4131 Κύριος
1087 4079 1100 4092 ·
1159 4062 1311 4117 ’.ἀνθ’
1343 4056 1430 4116 ὦν
1490 4061 1825 4131 ὑψώθησαν
1869 4065 1928 4116 ai

357 4154 678 4225 θυγατέρες
718 4155 889 4218 Σιὼν,
924 4155 1024 4209 καί
1060 4156 1476 4224 ἐπορεύθησαν
1525 4153 1745 4223 ὑψηλῷ
1797 4170 1932 4222 τρα-

358 4247 553 4317 χήλῳ,
602 4247 701 4300 καί
746 4248 1041 4316 νεύμασιν
1087 4247 1423 4317 ὀφθαλμῶν,
1471 4246 1569 4301 καὶ
1604 4245 1680 4315 τῇ
1726 4246 1935 4314 πορείᾳ

360 4339 482 4393 τῶν
536 4339 757 4403 ποδῶν,
809 4339 931 4409 ἅμα
978 4341 1281 4408 σύρουσαι
1321 4339 1461 4404 τοὺς
1508 4337 1779 4406 χιτῶνας,
1835 4335 1937 4388 καί

360 4430 489 4496 τοῖς
509 4429 695 4483 ποσὶν
726 4429 845 4497 ἅμα
867 4429 1202 4495 παίζουσαι,
1232 4428 1329 4484 καὶ
1352 4426 1701 4481 ταπεινώσει
1735 4430 1766 4480 ό
1788 4426 1932 4491 Θεὸς

362 4520 674 4589 ἀρχούσας
699 4519 1025 4590 θυγατέρας
1054 4518 1225 4582 Σιὼν,
1263 4518 1360 4572 καὶ
1387 4518 1600 4586 Κύριος
1631 4517 1935 4571 ἀποκαλύ-

362 4615 468 4681 ψει
492 4612 558 4665 τὸ
587 4612 796 4681 σχῆμα
835 4610 1032 4667 αὐτῶν
1061 4612 1131 4665 ἐν
1166 4610 1238 4678 τῇ
1273 4608 1462 4678 ἡμέρᾳ
1498 4610 1722 4676 ἐκείνῃ.

441 4702 836 4775 Προαπέφηνεν
861 4704 993 4774 ἡμῖν
1025 4704 1054 4756 ὀ
1084 4702 1257 4769 λόγος,
1275 4701 1356 4753 ὅτι
1390 4702 1503 4763 τοῖς
1531 4698 1795 4753 Ἰουδαίων
1810 4697 1946 4750 καθ’

362 4798 597 4865 ηγηταῖς
640 4797 698 4847 ὲν
752 4796 953 4867 σπουδῇ
1000 4794 1208 4848 τέθειτο
1253 4796 1319 4865 τῇ
1390 4790 1822 4863 προύργιαιτάτῃ
1878 4789 1942 4843 τὸ

366 4886 565 4957 χρῆναι
599 4885 868 4950 πλουτεῖν,
903 4887 995 4941 καὶ
1036 4885 1189 4950 δόξαν
1221 4886 1361 4956 ἔχειν
1407 4884 1508 4954 τὴν
1548 4884 1605 4938 ἐν
1650 4900 1715 4953 γε
1768 4882 1943 4953 τούτῳ

370 4977 624 5048 διαφανῆ.
651 4978 885 5045 Πλήρεις
913 4976 969 5028 δὲ
995 4971 1135 5047 ἦσαν
1166 4976 1389 5031 ἀδικιῶν
1419 4975 1514 5028 καὶ
1540 4973 1848 5041 πλεονεξίας
1868 4973 1945 5037 ὡς

369 5070 569 5130 αὐτοὺς
614 5068 713 5137 μὲν
740 5068 998 5138 λαμπράς
1044 5086 1105 5121 τε
1149 5069 1207 5121 ὲν
1233 5067 1406 5131 ἀστει,
1438 5066 1535 5119 καλ⁹
1575 5065 1681 5136 μὴν
1711 5066 1805 5119 καὶ
1843 5063 1943 5127 τάς

371 5162 430 5211 εν
473 5160 667 5230 ἀγροῖς
713 5160 979 5212 ποιεῖσθαι
1014 5160 1292 5231 προόδους,
1340 5160 1529 5222 ἵπποις
1554 5175 1615 5211 τε
1644 5155 1943 5227 ἐποχουμέ-

373 5266 516 5312 νους,
559 5250 654 5303 καὶ
699 5251 818 5313 ταῖς
867 5248 1063 5313 ἔξωθεν
1116 5249 1437 5319 φαντασίαις
1470 5248 1581 5302 τῶν
1626 5249 1946 5320 δορυφορεῖν

372 5337 646 5391 εἰωθότων
671 5337 731 5389 οὐ
761 5337 991 5408 μετρίως
1009 5337 1490 5408 ὲπευρυνομένους.
1509 5339 1822 5409 Κατῃτιᾶτο
1837 5337 1946 5408 γὰρ

372 5429 571 5493 αὐτοὺς
597 5430 655 5481 ὲν
679 5431 792 5492 τοῖς
824 5429 1076 5500 ἀνωτέρω
1104 5429 1279 5498 λέγων
1295 5443 1311 5458 ο
1344 5431 1453 5483 Καὶ
1479 5430 1781 5502 ἐνεπλήσθη
1814 5432 1848 5500 ἡ
1873 5432 1944 5501 γῆ

375 5524 583 5589 ἵππων,
632 5522 727 5575 καὶ
770 5521 871 5574 οὐκ
902 5517 970 5593 ἦν
1007 5521 1241 5592 ἀριθμὸς
1287 5522 1396 5577 τῶν
1443 5524 1703 5594 ἁρμάτων
1729 5522 1943 5578 αὐτῶν·

376 5615 472 5671 καὶ
495 5611 799 5685 ἐνεπλήσθη
847 5614 881 5685 ὴ
912 5612 982 5683 γῆ
1008 5613 1272 5685 ἀργυρίου
1318 5614 1411 5670 καὶ
1453 5616 1695 5687 χρυσίου,
1725 5616 1819 5670 καὶ
1847 5615 1945 5670 οὐκ

452 5771 499 5801 δ’
527 5767 683 5825 Joan.
724 5784 841 5836 vm,
876 5767 972 5839 12;
1005 5785 1114 5838 xw,
1144 5768 1194 5823 6.

2110 4056 2269 4112 Vnus.
2303 4055 2501 4120 16,1’1.
2532 4049 2659 4104 Ηωο
2687 4048 2812 4102 dicit
2847 4045 3101 4099 Dominus
3126 4058 3146 4097 :
3194 4041 3302 4096 Pro
3346 4057 3405 4094 ρο
3461 4042 3600 4110 quod

2036 4152 2189 4206 elata:
2221 4158 2339 4204 sunt
2375 4148 2502 4218 ﬁlia:
2546 4147 2717 4209 Sion,
2752 4153 2795 4196 et
2849 4137 3245 4193 ambulaverunt
3295 4132 3431 4186 elato
3468 4132 3609 4185 colla

2039 4258 2088 4301 et
2128 4245 2342 4300 nutibus
2373 4240 2665 4303 oculorum,
2700 4245 2750 4291 et
2778 4236 3019 4301 ingressu
3050 4233 3240 4300 pedum
3288 4225 3451 4281 simul
3496 4234 3604 4277 tra-

2041 4343 2168 4394 hunt
2194 4338 2418 4399 tunicas,
2446 4333 2705 4401 timuique
2734 4327 2948 4397 pedibus
2978 4325 3222 4388 lutitant,
3261 4329 3309 4375 et
3353 4317 3604 4386 deprimet

2040 4434 2179 4488 Deus
2201 4431 2458 4500 principes
2487 4425 2626 4495 ﬁlias
2650 4420 2805 4485 Sion,
2841 4428 2886 4471 et
2917 4416 3172 4471 Dominus
3206 4414 3407 4482 detegat
3458 4408 3606 4462 habi-

2043 4536 2153 4579 tum
2176 4537 2357 4577 earum
2386 4519 2473 4572 die
2510 4517 2623 4569 illo.

2123 4694 2423 4751 Declaravit
2450 4702 2575 4746 ante
2596 4689 2751 4745 nobis
2783 4700 2962 4742 sermo
2989 4683 3297 4739 Iudaeorum
3323 4678 3607 4749 prazfectos

2048 4790 2151 4845 hoc
2195 4802 2335 4842 curae
2375 4784 2661 4851 studioque
2705 4778 2958 4833 habuisse
2992 4774 3326 4844 potissimum
3370 4781 3426 4822 ut
3470 4769 3609 4822 dite-

2050 4886 2283 4942 scerent,
2315 4884 2371 4931 et
2391 4890 2457 4929 ex
2491 4888 2556 4927 eo
2586 4871 2807 4941 gloriam
2837 4869 3096 4923 illustrem
3130 4870 3606 4932 consequerentur,

2050 4973 2346 5042 plenosque
2370 4963 2812 5033 fuisseinjustitia
2827 4969 2880 5014 et
2898 4958 3123 5013 avaritia
3142 4972 3155 5009 :
3176 4969 3283 5025 quo
3304 4952 3404 5021 ipsi
3425 4951 3609 5020 splen-

2049 5064 2203 5117 didos
2237 5071 2348 5114 tum
2388 5059 2439 5112 in
2464 5057 2614 5119 urbe,
2656 5064 2768 5108 tum
2798 5052 2849 5106 in
2875 5049 3019 5119 agris
3045 5056 3333 5117 proventus
3361 5044 3608 5113 percipe-

2058 5165 2216 5217 rent,
2276 5152 2430 5222 equis
2464 5148 2686 5210 invecti,
2718 5154 3066 5201 externorum
3103 5139 3308 5209 fulgore
3339 5150 3401 5189 ac
3432 5135 3612 5203 Specie

2051 5247 2373 5315 stipatorum
2442 5255 2551 5296 non
2617 5237 2964 5293 mediocriter
3031 5229 3248 5300 turgidi.
3324 5227 3616 5282 Accusavit

2055 5339 2253 5409 quippe
2277 5334 2396 5389 illos
2420 5334 2471 5387 in
2492 5328 2944 5401 praecedentibus,
2961 5324 3145 5379 dicens
3174 5336 3187 5372 :
3217 5319 3285 5374 Et
3312 5319 3512 5389 repleta
3530 5325 3613 5371 est

2056 5439 2201 5483 terra
2237 5428 2415 5494 equis,
2452 5436 2552 5476 nec
2602 5428 2723 5474 erat
2749 5428 3008 5471 numerus
3024 5426 3283 5467 curruum
3321 5410 3559 5480 ipsorum
3593 5421 3609 5461 :

2049 5530 2103 5575 et
2132 5517 2349 5589 impleta
2376 5523 2463 5571 est
2502 5521 2648 5569 terra
2675 5524 2808 5565 auro
2837 5523 2900 5564 ac
2934 5514 3180 5577 argento,
3238 5518 3337 5558 nec
3364 5508 3484 5557 erat
3513 5512 3614 5553 nu-

2049 5586 2231 5668 merus
2253 5608 2653 5664 thesaurorum.
2674 5598 2885 5658 Accidit
2901 5598 3063 5655 etiam
3091 5608 3277 5653 eorum
3296 5603 3493 5648 uxores
3518 5586 3615 5643 di-
