4052 6372
1250 182 1281 205 ς

434 273 535 331 H9

1453 273 1511 327 S.
1556 271 1835 328 CYRILLI
1869 271 2339 331 ALEXANDRINI
2374 274 2693 333 ARCHIEP.

3568 270 3674 326 120

436 384 577 443 vitiis
602 381 967 448 luxuriantes,
993 382 1111 440 auri
1141 394 1196 441 et
1219 384 1455 457 lapidum
1478 386 1766 457 splendore
1794 385 1994 443 insole-

2121 383 2167 459 ᾖν
2186 388 2416 460 ἀριθμὸς
2443 390 2551 442 τῶν
2577 386 2864 459 θησαυρῶν
2884 385 3084 441 αὐτῶν.
3114 381 3248 440 Εἶτα
3276 384 3553 439 ωνέόαινε
3572 385 3670 448 τὰς

435 490 687 543 scere,ac
718 484 858 549 toga,
885 477 1130 548 stolaque
1154 477 1455 550 variegata,
1483 478 1768 548 cultusque
1786 477 1995 549 magni-

436 568 651 625 ﬁcentia
672 568 901 624 multum
918 570 1213 626 exsultare.
1246 569 1343 625 Est
1364 570 1507 625 enim
1534 585 1706 642 genus
1734 568 1999 627 muliebre

436 663 597 717 rebus
634 662 912 734 prosperis
955 669 1009 717 et
1054 660 1372 720 ﬂorentibus
1420 661 1821 737 quodammodo
1877 660 1993 733 glo-

436 752 643 807 riosum
677 761 733 806 et
764 752 1249 819 ostentabundum,
1305 752 1684 824 imprimisque
1717 751 2002 822 splendide

437 844 623 899 vestiri
654 845 826 916 cupit,
866 859 1000 901 auro
1024 845 1231 911 ornari,
1267 845 1469 902 elatum
1500 844 1851 914 supercilium
1894 841 1997 896 tol-

436 936 571 1000 lere,
602 937 851 1008 corporis
881 936 1226 995 formositate
1258 937 1506 1009 gloriari.
1535 937 1690 1007 Saepe
1736 935 1900 991 etiam
1931 932 2002 991 ob

437 1028 540 1083 hoc
566 1028 763 1098 ipsum,
795 1029 1224 1085 cohabitantium
1255 1031 1369 1104 68
1398 1030 1611 1086 animus
1649 1025 1998 1092 intumescit,

438 1134 505 1173 ae
556 1120 776 1190 quidam
828 1120 929 1175 sibi
990 1121 1133 1177 laudi
1166 1124 1368 1177 ducunt
1415 1136 1642 1175 uxorum
1693 1118 2001 1175 mollitiem.

438 1208 555 1264 Hoc
605 1209 858 1265 fortassis
919 1213 1111 1268 morbo
1157 1212 1336 1269 allecti
1405 1213 1626 1268 fuerunt
1692 1209 2002 1267 Judaeorum

438 1316 714 1371 proceres,
750 1303 878 1357 dum
903 1304 1157 1375 pietatem
1190 1318 1312 1375 quae
1343 1305 1396 1359 in
1425 1304 1591 1359 Deum
1622 1311 1707 1360 est
1738 1304 2008 1358 haberent

440 1392 766 1463 despicatui.
815 1394 933 1460 Quo
970 1395 1113 1450 enim
1171 1409 1385 1467 semper
1440 1411 1574 1467 opes
1616 1394 2004 1450 subministra-

439 1495 675 1551 rentur,
727 1486 925 1559 populo
969 1501 1038 1541 ex
1095 1488 1408 1558 praescripto
1467 1486 1732 1543 olferente
1764 1526 1780 1553 ,
1840 1486 2005 1541 (idem

440 1573 808 1633 Christianam
869 1577 1104 1648 amplexi
1164 1592 1271 1635 non
1321 1586 1470 1646 sunt,
1514 1592 1617 1633 nec
1667 1577 2006 1649 persuadere

2097 478 2207 533 τῶν
2251 483 2308 535 ὲν
2346 480 2561 552 πλούτῳ
2585 483 2879 550 γυναῖκας,
2914 479 3011 533 ἅτε
3037 478 3097 533 δὲ
3124 476 3413 550 τρυφώσας
3444 476 3674 547 ἐναϐρύ-

2101 572 2291 627 νεσθαι
2324 572 2529 643 ζητεῖν,
2565 574 2662 629 καὶ
2689 576 2801 636 τοῖς
2831 576 2895 627 ὲκ
2925 571 3148 644 χρυσίου
3189 572 3286 625 καὶ
3317 568 3479 622 λίθων
3503 567 3673 639 ὡραῖ-

2103 665 2282 734 σμοίς,
2315 663 2702 733 ὲπιγάννυσθαι
2742 663 2799 716 δὲ
2833 663 2952 718 λίαν
2980 661 3077 716 καὶ
3111 659 3269 731 στολῇ
3304 657 3557 729 ποικίλῃ,
3585 656 3676 710 καί

2102 754 2428 826 ἐσθημάτων
2462 755 2852 820 πολυτελείαις.
2897 754 3010 808 ’Δεὶ
3043 753 3152 824 γάρ
3184 769 3302 815 πως
3328 751 3391 804 τὸ
3433 749 3568 819 θῆλυ
3592 749 3679 817 γέ-
3748 742 3751 743 ν

2102 863 2192 912 νος
2219 849 2278 903 ὲν
2322 850 2445 913 ταῖς
2484 848 2623 917 ἄγαν
2674 847 2996 919 εὐημερίαις
3029 844 3301 917 φιλόδοξόν
3329 843 3388 897 τέ
3418 845 3533 896 ὲστι
3582 843 3678 896 καὶ

2106 940 2584 1009 φιλεπιδεικτικόν.
2618 940 2846 994 Ἥδιστα
2874 940 2932 994 δὲ
2954 938 3074 991 λίαν
3104 938 3403 1008 εὑῐματεῖς,
3433 935 3528 988 καὶ
3558 933 3680 1004 μέν·

2104 1049 2185 1085 τοι
2257 1034 2349 1087 καὶ
2416 1031 2788 1103 χρυσαῖζεται.
2846 1030 2941 1084 καὶ
2993 1027 3201 1100 ὑψηλὴν
3262 1026 3519 1081 ἀνασπῶν
3578 1025 3677 1093 τὴν

2104 1124 2298 1195 ὀφρὺν,
2337 1125 2568 1194 ὲπαυχεῖ
2599 1124 2664 1194 τῇ
2693 1122 2785 1176 τοῦ
2814 1121 3065 1192 σώματος
3093 1119 3235 1191 ὥρᾳ.
3262 1118 3372 1173 Καὶ
3413 1117 3499 1169 ἐπ’
3528 1114 3678 1185 αύτῷ

2104 1217 2170 1287 δὴ
2216 1216 2390 1287 τούτῳ
2440 1215 2761 1278 πλειστάκις
2805 1217 2865 1267 τὸ
2900 1213 3009 1267 τῶν
3048 1210 3439 1265 συνοικούντων
3489 1208 3678 1269 αὑταῖς

2106 1307 2425 1376 ὲξογκοῐὶται
2450 1307 2707 1379 φρόνημα
2726 1324 2740 1337 ·
2766 1308 2862 1360 καὶ
2885 1306 3042 1373 δόξαν
3065 1305 3201 1359 ἰδίαν
3232 1303 3509 1357 ποιοῦνταί
3530 1318 3673 1362 τινες

2106 1398 2206 1470 τὴν
2226 1399 2335 1454 τῶν
2362 1398 2638 1467 γυναικῶν
2659 1395 2953 1467 ὲξιτηλίαν.
2977 1395 3150 1448 Τοῦτο
3177 1395 3318 1465 τάχα
3349 1392 3676 1446 πεπόνθασιν

2109 1490 2159 1543 οἱ
2189 1489 2297 1543 τῶν
2340 1488 2609 1543 Ἰουδαίων
2656 1488 2924 1557 λαμπροὶ,
2955 1486 3053 1555 τῆς
3094 1489 3173 1548 είς
3223 1485 3353 1537 Θεὸν
3404 1481 3676 1543 εὐσεϐείας

2110 1580 2489 1654 ὴφειδηκότες.
2527 1580 2645 1633 Ἵνα
2676 1580 2783 1650 γάρ
2817 1579 2991 1648 ἔχοιεν
3040 1577 3127 1630 ἀεὶ
3187 1574 3450 1647 μενούσας
3496 1573 3678 1633 αὺτοῖς

440 1664 566 1721 aliis
612 1665 925 1732 voluerunt,
976 1681 1200 1738 regnum
1252 1665 1349 1723 Dei
1403 1666 1770 1735 occludentes,
1821 1680 2011 1737 quem-

2121 1673 2211 1737 τὰς
2257 1673 2353 1726 τοῦ
2410 1672 2659 1728 πλουτεῖν
2710 1671 2995 1744 χορηγίας,
3047 1666 3520 1740 προσκομιζόντων
3570 1663 3683 1717 τῶν

441 1758 733 1812 admodum
764 1758 1028 1828 scriptum
1068 1769 1175 1823 est,
1234 1774 1334 1814 nec
1392 1758 1495 1829 ipsi
1548 1760 1852 1822 intrantes,
1909 1771 2009 1812 nec

2121 1766 2257 1821 λαῶν
2286 1765 2357 1819 τὰ
2402 1764 2546 1819 κατὰ
2591 1765 2683 1821 τὸν
2726 1764 2889 1835 νόμον
2923 1763 2984 1815 ού
3033 1760 3320 1831 προσίεντο
3353 1758 3451 1828 τὴν
3497 1756 3681 1809 πίστιν

442 1849 796 1909 admittentes
827 1864 922 1907 eos
954 1850 1047 1920 qui
1096 1851 1288 1905 volunt
1319 1849 1550 1920 ingredi.
1589 1847 1729 1906 Hinc
1763 1847 2011 1904 Romano

443 1940 710 2000 exercitui
763 1942 818 1997 in
865 1942 1228 1999 vastationem
1272 1956 1337 1998 ac
1378 1943 1431 1997 in
1484 1942 1848 2012 direptionem
1896 1950 2012 1997 tra-

444 2032 542 2087 diti
573 2040 718 2102 sunt,
750 2042 806 2089 et
838 2049 961 2105 cum
998 2034 1321 2092 mulieribus
1351 2033 1511 2091 simul
1549 2042 1606 2093 et
1647 2033 2010 2098 charissimis,

443 2122 651 2181 aedibus
682 2137 742 2179 ac
769 2124 964 2194 opibus
992 2125 1272 2197 perierunt
1298 2142 1313 2183 :
1344 2124 1684 2194 aliorumque
1703 2131 1855 2193 sunt,
1892 2139 2012 2194 qua:

447 2230 662 2273 summo
711 2230 879 2287 Opere
912 2232 977 2273 ac
1015 2217 1195 2274 studio
1225 2226 1637 2284 coacervarant,
1671 2216 1881 2291 ipsique
1912 2216 2013 2270 mi-

443 2307 666 2363 serandi
689 2317 839 2377 sunt,
870 2318 923 2365 et
947 2324 1193 2378 errones,
1220 2318 1276 2365 et
1304 2311 1359 2365 in
1384 2310 1574 2365 ultima
1597 2309 1815 2365 miseria
1836 2308 2014 2378 palam

444 2407 755 2455 versantur.
784 2397 1063 2455 lnvehitur
1087 2414 1217 2470 ergo
1255 2401 1368 2455 haec
1383 2399 1559 2455 oratio
1582 2399 1636 2455 in
1656 2413 1843 2454 eorum
1859 2397 2015 2453 femi-

446 2505 545 2545 nas
560 2490 675 2546 sive
698 2491 857 2558 ﬂlias,
887 2492 1177 2562 primarias
1194 2492 1407 2548 scilicet
1431 2501 1486 2547 et
1504 2494 1737 2547 maxime
1757 2490 2014 2561 insignes,

446 2598 568 2651 quae
605 2583 771 2636 etiam
811 2591 967 2637 erant
997 2583 1410 2652 praepotentium
1438 2624 1455 2652 ,
1485 2598 1549 2639 ac
1577 2582 1751 2651 inquit
1780 2595 1795 2635 :
1827 2599 1846 2635 ι
1881 2579 2018 2634 Pro-

449 2684 635 2745 pterea
652 2675 795 2745 quod
818 2675 974 2729 elatae
998 2674 1218 2731 fuerunt
1242 2675 1367 2728 lilia:
1396 2672 1549 2741 Sion,
1568 2674 1784 2743 altaque
1806 2674 2018 2731 cervice

450 2762 728 2828 incedunt,
759 2773 813 2816 et
838 2764 1062 2819 nutibus
1092 2763 1396 2829 oculorum,
1427 2782 1447 2816 ›
1476 2771 1531 2817 et
1559 2778 1678 2833 qua:
1704 2773 1834 2819 sunt
1861 2762 2014 2817 dein-

450 2867 598 2922 ceps.
665 2854 836 2909 Elatae
884 2864 1064 2909 autem
1118 2864 1287 2919 sunt,
1352 2870 1459 2910 non
1518 2857 1587 2911 de
1653 2856 1874 2917 virtute,
1923 2852 2019 2908 sed

451 2956 675 3016 prepter
730 2946 1004 3001 carnalem
1056 2947 1398 3016 maximeque
1451 2956 1723 3001 terrenam
1784 2946 2019 3015 pruden-

452 3037 604 3091 tiam.
641 3036 823 3091 Altum
853 3036 1000 3091 enim
1029 3036 1132 3091 sibi
1162 3050 1370 3104 sapere,
1415 3036 1589 3105 deque
1627 3052 1686 3091 se
1734 3035 2021 3106 magniﬁce

452 3129 659 3186 sentire
690 3128 1017 3185 videbantur
1047 3168 1064 3194 ,
1127 3136 1348 3198 pr0pter
1400 3129 1711 3199 opulentam
1765 3128 2018 3199 gloriam,

451 3230 845 3289 externamque
875 3219 1368 3291 pulchritudinem,
1423 3236 1585 3290 quam
1632 3234 1699 3273 ex
1732 3219 2022 3290 lapidibus,

456 3320 512 3368 et
541 3326 693 3378 auro,
747 3321 804 3366 et
838 3320 987 3367 veste
1020 3310 1169 3364 varia
1196 3311 1577 3367 conciliarunt.
1628 3310 1685 3366 ln
1723 3311 1807 3367 bis
1842 3322 2021 3366 autem

456 3404 719 3459 describit
741 3403 897 3459 nobis
925 3417 1106 3459 sermo
1139 3404 1493 3472 propheticus
1528 3404 1803 3475 ingenium
1839 3413 1894 3459 et
1927 3405 2023 3458 ba-

455 3496 628 3557 bitum
659 3495 900 3551 mulieris
925 3497 1298 3566 voluptuariae,
1333 3496 1489 3562 levis,
1511 3506 1815 3567 ornatuque
1845 3496 2024 3567 splen-

456 3590 583 3644 dido
622 3590 889 3645 decorata:
919 3606 935 3642 :
960 3600 1087 3659 puta
1120 3598 1179 3642 ut
1198 3590 1269 3643 'ex
1296 3604 1401 3642 una
1425 3590 1669 3645 omnium
1704 3590 1847 3643 inter
1877 3591 2022 3659 ipsas

459 3683 786 3743 feriiinarum
842 3681 1242 3736 demonstraret
1298 3681 1633 3748 superbiam.
1702 3680 2029 3735 lncedebant

456 3771 629 3836 enim,
654 3771 853 3842 inquit,
890 3779 1111 3826 extento
1142 3770 1303 3835 collo,
1339 3781 1394 3824 et
1449 3771 1675 3827 nutibus
1724 3770 2025 3836 oculorum;

459 3882 582 3921 cum
626 3865 843 3920 feminae
865 3863 1247 3929 ornatissime,
1288 3862 1571 3934 vitamque
1597 3878 1719 3917 cum
1762 3864 2029 3935 gravitate

459 3968 515 4017 et
538 3958 805 4028 probitate
829 3955 1053 4024 colenti,
1091 3955 1412 4010 verecundia
1438 3955 1507 4010 sit
1561 3954 1894 4024 gratissima,
1929 3954 2022 4007 mi-

463 4053 717 4120 nimeque
756 4050 946 4107 deceat
986 4050 1227 4103 virorum
1261 4045 1435 4102 oculis
1489 4045 1755 4116 conspici.
1811 4043 1903 4098 Hae
1930 4060 2029 4099 au-

463 4157 571 4201 tem
620 4145 672 4198 in
737 4151 941 4197 tantam
1003 4141 1359 4197 stoliditatem
1411 4148 1576 4209 atque
1632 4137 2029 4208 impudentiam

462 4238 821 4309 impegerunt,
852 4245 911 4289 ut
954 4234 1006 4294 in
1058 4232 1407 4303 processibus
1456 4244 1521 4284 ac
1567 4230 1876 4285 incessibus
1915 4228 2030 4286 suis

460 4343 584 4384 sese
610 4328 979 4394 venditarent,
1031 4323 1302 4379 cervicem
1338 4322 1614 4391 erigerent
1659 4328 1715 4377 et
1769 4320 2032 4374 extende-

2112 1856 2212 1928 τὴν
2243 1856 2322 1920 είς
2351 1856 2605 1929 Χριστὸν,
2626 1854 2749 1908 οὔτε
2782 1854 2887 1924 μὴν
2911 1853 3130 1923 ἐτέρους
3162 1848 3438 1904 πιστεύειν
3468 1846 3677 1916 ἤθελον,

2113 1950 2384 2015 κλείοντες
2413 1950 2515 2022 τὴν
2553 1948 2828 2019 βασιλείαν
2858 1947 2951 2000 τοῦ
2986 1944 3145 2007 Θεοῦ,
3178 1943 3321 1998 καθά
3350 1941 3677 2011 γέγραπται,

2112 2042 2211 2097 καὶ
2243 2042 2381 2112 μήτε
2412 2040 2801 2112 εἰσερχόμενοι,
2836 2040 2972 2109 μήτε
3000 2040 3113 2099 τοῖς
3141 2034 3411 2088 ἐθέλουσιν
3440 2031 3685 2098 ἐφιέντες»

2113 2132 2396 2189 εἰσελθεῖν.
2452 2131 2635 2203 Ταύτῃ
2672 2148 2755 2184 τοι
2806 2129 2900 2186 καὶ
2956 2128 3197 2182 δέδονται
3241 2126 3357 2188 ταῖς
3397 2120 3685 2192 Ῥωμαίων

2117 2227 2398 2298 στρατιαῖς
2429 2226 2510 2287 είς
2564 2224 2862 2294 ἐρήμωσιν,
2912 2222 2994 2284 είς
3040 2216 3370 2290 διαρπαγὴν,
3424 2218 3515 2268 καὶ
3570 2213 3679 2264 άπ-

2114 2317 2399 2381 ολώλασιν,
2426 2313 2668 2385 γυναίοις
2710 2331 2772 2368 τε
2812 2310 2972 2383 ὁμοῦ,
3000 2311 3095 2365 καὶ
3124 2310 3234 2372 τοῖς
3263 2306 3537 2379 φιλτάτοις
3555 2342 3571 2367 ,
3601 2302 3682 2355 οἷο

2116 2428 2235 2474 κοις
2291 2426 2349 2463 τε
2407 2411 2502 2464 καὶ
2566 2407 2801 2477 πλούτῳ.
2864 2405 3127 2474 Γεγόνασι
3187 2401 3295 2473 γὰρ
3348 2398 3550 2469 ἑτέρων
3615 2394 3685 2447 τά

2115 2501 2190 2564 ὡς
2227 2503 2285 2555 ὲν
2326 2500 2558 2571 πλείστῃ
2591 2500 2792 2569 σπουδῇ
2833 2494 3321 2566 συναγηγερμέναο
3379 2492 3587 2562 οἰκτροὶ
3629 2489 3685 2543 δὲ

2117 2592 2273 2645 αὐτοὶ
2322 2592 2419 2646 καὶ
2462 2590 2679 2661 ἀλῆται,
2724 2588 2817 2642 καὶ
2866 2586 3004 2658 πρὸς
3059 2584 3295 2655 ἐσχάτην
3325 2581 3557 2652 ὁρῶνται
3589 2596 3689 2631 τα-

2117 2682 2444 2754 λαιπωρίαν.
2499 2681 2842 2751 Κατατρέχει
2883 2679 3062 2731 τοίνυν
3105 2678 3134 2729 ὀ
3181 2676 3337 2743 λόγος
3391 2672 3501 2725 τῶν
3555 2669 3686 2739 παρ’

2118 2776 2302 2839 αὐτοῖς
2352 2773 2647 2845 γυναικῶν,
2699 2774 2867 2844 ἧγουν
2909 2770 3018 2823 τῶν
3065 2767 3378 2838 θυγατέρων
3422 2759 3534 2817 οἷον
3579 2760 3689 2814 τῶν

2117 2865 2403 2938 ἀρχουσῶν
2462 2865 2729 2936 μάλιστα,
2787 2862 2883 2916 καὶ
2937 2856 3448 2929 περιφανεπκέρων,
3494 2854 3551 2906 αἶ
3594 2851 3692 2905 καὶ

2119 2954 2261 3029 ἦσαν
2288 2958 2397 3014 τῶν
2432 2958 2741 3027 ἰσχυόντων,
2772 2954 2863 3008 καί
2898 2969 3060 3022 φησιν
3079 2965 3093 2978 ·
3132 2968 3150 2999 ι
3200 2946 3337 3000 Ἀνθ’
3365 2940 3439 2999 ὧν
3470 2943 3689 3013 ὑψώθη-

2126 3065 2225 3100 σαν
2279 3049 2335 3101 αἱ
2381 3046 2676 3116 θυγατέρες
2728 3043 2885 3107 Σιὼν,
2938 3042 3033 3095 καὶ
3079 3038 3455 3108 ἐπορεύθησαν
3504 3032 3694 3103 ὑψηλῷ

2123 3138 2398 3209 τραχήλῳ,
2434 3138 2530 3193 καὶ
2574 3137 2838 3208 νεύμασιν
2866 3131 3180 3203 ὀφθαλμῶν,
3234 3149 3253 3181 ›
3300 3128 3396 3182 καὶ
3438 3126 3506 3185 τὰ
3540 3125 3690 3195 ἑξῆς.

2137 3230 2459 3302 ’Υψὼθησαν
2505 3230 2562 3283 δὲ
2590 3230 2652 3282 ού
2698 3227 2841 3282 κατά
2882 3226 3103 3296 ἀρετὴν,
3136 3222 3251 3275 ἀλλ’
3278 3221 3352 3283 ὡς
3400 3221 3457 3272 ὲν
3492 3220 3695 3287 φρονή-

2128 3344 2261 3397 ματι
2305 3324 2550 3396 σαρκικῷ
2584 3324 2677 3377 καὶ
2720 3318 3093 3391 γεωδεστάτῳ.
3132 3314 3291 3385 Μέγα
3340 3313 3449 3382 γὰρ
3489 3311 3695 3371 αὐτοῖς.

2124 3421 2199 3482 ὡς
2234 3419 2389 3489 ἔφην,
2420 3418 2637 3489 φρονεῖν
2665 3415 2861 3479 ἐδόκει,
2894 3414 2988 3466 ἐπὶ
3015 3409 3247 3479 πλούτῳ,
3298 3407 3390 3459 καὶ
3418 3403 3567 3473 δόξῃ.
3598 3402 3696 3453 καὶ

2124 3508 2425 3582 ὡραῖσμοῖς
2468 3509 2582 3569 τοῖς
2629 3505 2847 3571 ἔξωθεν,
2895 3502 2986 3565 οὓς
3012 3503 3078 3555 ἐκ
3113 3500 3276 3553 λίθων
3306 3499 3401 3551 καὶ
3444 3493 3693 3566 χρυσίου.

2126 3601 2220 3653 καὶ
2259 3597 2451 3667 στολῆς
2483 3595 2733 3665 ποικίλης
2783 3593 3119 3661 συλλέγουσι.
3165 3589 3370 3660 Γράφει
3402 3587 3460 3640 δὲ
3490 3586 3622 3656 ἡμῖν
3666 3585 3699 3635 ὁ

2127 3687 2466 3760 προφητικὸς
2492 3689 2551 3741 ὲν
2585 3684 2795 3748 τούτοις
2828 3684 2983 3752 λόγος
3023 3680 3277 3755 φρόνημά
3302 3695 3364 3732 τε
3392 3678 3487 3732 καί
3512 3674 3701 3746 σχῆμα

2128 3779 2411 3850 φιληδόνου
2460 3793 2521 3831 τε
2573 3776 2668 3831 καὶ
2726 3776 2964 3846 ἀσέμνου
3019 3773 3296 3842 γυναικὸς,
3355 3771 3449 3823 καὶ
3509 3766 3701 3837 κόσμῳ

2128 3873 2379 3941 διαφανεῖ
2421 3869 2935 3940 κατηγλαῖσμένης,
2975 3863 3087 3922 οἷον
3131 3868 3197 3920 ὲκ
3252 3865 3382 3935 μιᾶς
3403 3903 3417 3927 ,
3478 3860 3699 3930 ἁπάσης
3758 3918 3765 3929 ,

2127 3965 2228 4036 τῆς
2249 3967 2377 4037 παρ’
2397 3965 2579 4028 αὐτοῖς
2602 3962 2856 4032 γυναικὸς
2877 3960 3229 4022 καταδεικνὺς
3249 3958 3349 4029 τὴν
3368 3953 3698 4027 ἀγερωχίαν.

2143 4055 2548 4128 Ἐπορεύθησαν
2598 4054 2731 4125 γὰρ,
2779 4053 2967 4123 φησὶν,
3024 4049 3213 4120 ὑψηλῷ
3264 4048 3548 4119 τραχήλῳ,
3604 4045 3701 4098 καὶ

2130 4149 2393 4220 νεύμασιν
2429 4146 2742 4217 ὀφθαλμῶνο
2775 4145 2953 4200 καίτοι
2981 4142 3202 4210 γυναικὶ
3226 4144 3292 4211 τῇ
3324 4138 3697 4208 κοσμιωτάτῃ,

2132 4243 2223 4296 καὶ
2267 4240 2358 4294 τὸν
2409 4243 2469 4294 ὲν
2514 4239 2802 4310 σεμνότητι
2848 4238 2941 4291 καὶ
2993 4237 3263 4305 ἐπιεικείᾳ
3302 4230 3517 4304 τιμώση
3562 4230 3697 4301 βίον,

2131 4334 2295 4398 αίδώς
2320 4335 2380 4388 τὲ
2426 4335 2572 4387 ἐστιν
2600 4333 2683 4385 ὅτι
2718 4331 2957 4401 μάλιστα
2987 4328 3137 4397 φίλη,
3173 4329 3270 4382 καὶ
3301 4316 3501 4397 πρέποῖ
3531 4323 3596 4377 ἂν
3638 4322 3702 4373 τὸ

464 4431 604 4489 rent,
637 4420 975 4477 intuentibus
1008 4425 1341 4478 annuereut,
1364 4414 1634 4469 interdum
1686 4412 1850 4467 etiam
1886 4412 2018 4465 arri-

2134 4428 2271 4501 μηδὲ
2298 4426 2527 4501 ὁρᾶσθαι
2563 4429 2675 4487 τοῖς
2721 4424 2965 4495 ἁρρἐων
2996 4421 3294 4491 ὀφθαλμοῖς
3321 4436 3334 4446 ·
3372 4420 3427 4471 αἱ
3459 4417 3518 4471 δὲ
3564 4416 3703 4485 πρὸς

463 4518 675 4578 derent,
705 4520 758 4565 et
814 4510 927 4565 risu
988 4509 1375 4579 propemodum
1431 4520 1491 4561 se
1540 4505 1874 4561 intuentibus
1901 4518 2029 4557 con-

462 4618 706 4675 gressum
748 4600 1154 4672 promitterent.
1192 4598 1290 4653 Est
1319 4597 1466 4657 enim
1525 4596 1871 4653 meretricius
1915 4596 2031 4650 ani-

462 4712 581 4750 mus
612 4692 881 4749 instabilis
908 4705 1121 4760 semper
1162 4700 1217 4745 et
1249 4688 1494 4754 ﬂuctuat,
1535 4687 1874 4756 multumque
1903 4686 2018 4742 otio

462 4788 676 4850 dillluit,
701 4786 841 4841 unde
861 4782 1032 4850 major
1058 4783 1275 4836 exsistit
1298 4781 1367 4836 ad
1390 4780 1692 4849 voluptates
1718 4778 2027 4848 propensio.

463 4882 660 4951 Ubjicit
713 4890 892 4933 autem
936 4887 987 4936 et
1023 4876 1130 4932 illis
1153 4875 1361 4931 crimen
1400 4873 1645 4941 desidiaz,
1696 4881 1751 4928 et
1798 4871 2029 4927 scortari

452 4974 634 5033 dicit:
666 4971 833 5027 simul
878 4970 1101 5024 trahunt
1140 4967 1357 5029 tunicas
1413 4976 1468 5020 et
1520 4964 1747 5019 lusitant
1777 4963 2023 5033 pedibus.

465 5062 733 5123 Nimirum
774 5057 1072 5115 verisimile
1101 5067 1187 5111 est
1218 5064 1271 5110 et
1299 5055 1400 5110 hoc
1427 5054 1495 5107 ab
1530 5054 1636 5117 illis
1694 5052 1763 5108 ad
1810 5054 2029 5121 elegan-

466 5156 594 5209 tiam
617 5151 990 5222 complendam
1054 5148 1170 5212 ﬁeri
1218 5165 1231 5201 :
1275 5156 1465 5216 estque
1516 5146 1881 5205 meretricium
1928 5146 2031 5199 hoc

465 5245 793 5311 institutum,
822 5253 879 5299 et
908 5240 1324 5298 abominationis
1344 5250 1601 5303 extremae
1629 5249 2026 5311 argumentum.

398 5370 404 5378 -
466 5338 578 5415 69
608 5338 742 5394 Nam
779 5336 868 5393 ubi
893 5334 1089 5406 pedum
1111 5334 1370 5404 strepitus
1401 5349 1523 5389 cum
1557 5332 1888 5388 carminibus
1924 5349 2027 5386 ιιιιιε

469 5436 703 5499 merosis
724 5433 1018 5497 consentit,
1066 5430 1142 5489 ibi
1170 5429 1425 5483 videlicet
1458 5429 1679 5487 omnino
1698 5433 1753 5481 et
1775 5440 2029 5482 manuum

468 5532 713 5599 ipsarum
741 5527 963 5597 plausus
996 5533 1236 5589 resonat,
1285 5532 1339 5578 et
1366 5534 1527 5575 omne
1548 5532 1718 5591 genus
1745 5516 2024 5581 lmditatis,

469 5630 525 5674 et
560 5620 861 5676 invitantur
892 5625 1225 5689 spectatores
1256 5616 1324 5671 ad
1369 5613 1779 5685 turpitudinem.
1826 5610 1938 5664 Sub
1974 5611 2027 5665 id

471 5726 602 5769 vero
626 5720 835 5792 tempus
868 5709 1153 5783 deprimet,
1178 5708 1375 5781 inquit,
1420 5706 1560 5764 Deus
1586 5706 1854 5781 principes
1886 5703 2053 5795 tilias

2131 4519 2292 4573 τοῦτο
2315 4516 2605 4583 ἐξώκειλαν
2641 4515 2865 4585 βλαϐίας
2904 4530 2963 4566 τε
2997 4512 3133 4583 ὁμοῦ
3164 4512 3262 4565 καὶ
3292 4509 3700 4579 ἀναισχυντίας,

2131 4612 2208 4676 ὡς
2236 4611 2565 4681 ἐπιδεικτιᾷν
2596 4610 2654 4663 ὲν
2685 4607 2948 4678 προόδοις,
2976 4606 3073 4659 καὶ
3102 4604 3281 4676 αἴρειν
3312 4603 3411 4673 μὲν
3442 4601 3577 4672 ὑψοῦ
3607 4601 3701 4653 τὸν

2130 4704 2367 4775 αὐχένα,
2392 4700 2658 4757 διανεύειν
2697 4700 2754 4753 δὲ
2800 4702 2912 4762 τοῖς
2950 4698 3148 4769 ὁρῶσιν
3193 4696 3382 4758 αὐτὰς,
3438 4709 3703 4763 ’προσμει⁴

2130 4795 2323 4857 διάσας
2359 4792 2468 4849 ἔσθ’
2498 4791 2613 4856 ὅτε,
2657 4788 2754 4844 καὶ
2798 4787 3079 4859 μονονουχὶ
3128 4784 3207 4855 τῷ
3253 4784 3448 4852 γέλωτι
3489 4780 3700 4834 καθυπ-

2138 4881 2493 4953 ισχνουμένας
2521 4880 2623 4950 ἤδη
2674 4881 2787 4942 τοῖς
2841 4877 3005 4947 ὁρῶσι
3050 4878 3148 4946 τὴν
3190 4872 3426 4926 σύνοδον.
3485 4870 3703 4941 Ὑδαρεὶ

2134 4974 2245 5044 γὰρ
2268 4973 2355 5027 ἀεὶ
2377 4972 2441 5026 τὸ
2462 4970 2717 5042 πορνικὸν
2742 4968 2997 5040 φρόνημά
3026 4968 3163 5031 ἐστι,
3189 4966 3284 5020 καὶ
3309 4964 3444 5017 πολὺ
3472 4960 3703 5031 χαλᾶται

2136 5067 2272 5137 πρὸς
2297 5064 2619 5135 ἑτοιμότητα
2644 5061 2743 5133 τὴν
2770 5062 2849 5124 είς
2885 5057 3097 5131 ἡδονὰς,
3132 5056 3391 5111 ἐπιτείνει
3417 5055 3474 5107 δὲ
3511 5055 3705 5114 αὑταῖς

2134 5158 2204 5212 τὰ
2228 5157 2329 5227 τῆς
2355 5155 2629 5227 ῥᾳθυμίας
2666 5152 3002 5223 ἐγκλήματα,
3036 5150 3131 5204 καὶ
3169 5143 3568 5217 πεπορνεῦσθαί
3596 5161 3705 5211 φη-

2138 5267 2245 5313 σιν,
2281 5249 2398 5318 ἅμα
2452 5246 2724 5318 συρούσας
2774 5246 2901 5308 τοὺς
2954 5242 3208 5314 χιτῶνας,
3263 5240 3358 5293 καί
3409 5236 3705 5302 παιζούσας

2136 5345 2250 5407 τοῖς
2276 5341 2456 5396 ποσίν.
2483 5340 2643 5404 Εἰκὸς
2669 5341 2726 5393 δὲ
2751 5335 2821 5411 ἦν
2839 5337 3069 5398 οἴεσθαι,
3093 5332 3364 5389 καὶτοῦτο
3396 5332 3477 5394 είς
3500 5330 3704 5400 κόσμον

2139 5434 2410 5490 συντελεῖν
2441 5434 2666 5496 αὑταῖςο
2708 5430 2963 5502 πορνικὸν
3012 5427 3070 5479 δὲ
3109 5426 3173 5479 τὸ
3203 5424 3562 5497 ἐπιτήδευμα,
3609 5421 3706 5473 καὶ

2139 5526 2419 5597 βδελυρίας
2447 5524 2720 5589 ἀπόδειξις
2748 5522 2847 5591 τῆς
2890 5520 3145 5591 ἐσχάτης.
3184 5520 3358 5571 Ὅπου
3398 5515 3506 5585 γάρ
3542 5516 3571 5566 ὁ
3595 5511 3704 5565 τῶν

2138 5619 2313 5673 ποδῶν
2380 5618 2583 5679 κτύπος
2642 5614 2935 5687 εὐρύθμοις
2990 5611 3197 5683 ᾇσμασι
3262 5610 3518 5679 συνηχεῖ,
3590 5606 3706 5657 ἐκεῖ

2132 5726 2231 5763 που
2282 5707 2502 5772 πάντως
2561 5706 2653 5759 καὶ
2716 5702 2875 5766 αὐτὸς
2931 5702 2961 5755 ὁ
3006 5700 3093 5756 διὰ
3150 5699 3351 5771 χειρῶν
3400 5696 3706 5754 άνακτυπεῑ
