4052 6372
277 398 371 454 121
1396 400 1461 454 ΙΝ
1505 396 1735 454 ISAIAM
1767 396 1849 451 ιιι

1950 398 1983 452 l.
2022 395 2234 453 ORAT.
2278 398 2367 453 ΙΙΙ.
3417 388 3520 443 {2‘2

276 515 490 585 κρότος,
531 512 624 567 καὶ
654 513 764 567 πᾶν
801 511 940 579 εἶδος
968 515 1208 586 αῑσχρῶν
1243 514 1710 586 ἐπιτηδευμάτων,
1753 513 1847 565 καὶ

1950 512 2101 579 Sion,
2139 522 2193 567 et
2225 513 2452 567 formam
2491 512 2729 582 ipsarqu
2765 510 2996 578 detegat,
3033 505 3088 561 id
3133 513 3240 569 est,
3285 505 3372 560 vel
3413 509 3524 561 cir-

277 604 575 675 πρόκλησις
595 608 705 669 τοῖς
724 604 923 675 όρῶσιν
949 608 1029 669 είς
1050 607 1411 677 ἀκαθαρσία-ν.
1430 607 1563 660 Κατ’
1588 606 1764 656 ἐκεῖνο
1787 602 1849 674 δὴ

1953 603 2228 658 eumcidet
2260 611 2315 657 et
2351 601 2563 656 auferet
2592 610 2869 663 ornatum,
2896 597 3365 668 vengnomiuiam
3395 600 3523 653 red-

275 697 365 752 οὖν
390 700 484 753 τοῦ
531 699 725 770 καιροῦ
765 699 1113 763 ταπεινώσει,
1145 700 1329 770 φησὶν,
1358 701 1386 752 ό
1421 700 1551 762 Θεὸς
1579 695 1849 768 ἀρχούσας

1955 696 2047 749 det
2091 693 2460 749 manifestam.
2503 693 2619 748 Erit
2652 703 2833 746 autem
2862 691 3029 757 istud,
3064 690 3280 759 quando
3320 690 3523 758 prosti-

277 790 586 862 θυγατέρας
623 790 782 858 Σιὼν,
814 792 909 846 καὶ
946 792 1284 863 ἀποκαλύψει
1317 794 1379 846 τὸ
1420 794 1605 863 σχῆμα
1646 786 1849 851 αὐτῶν,

1957 793 2181 840 tuentur
2222 785 2451 840 desertae
2492 798 2557 839 ac
2588 784 2746 837 nudae
2777 783 2926 837 omni
2953 780 3227 851 elegantia
3268 787 3322 835 et
3356 793 3525 849 appa-

274 883 417 935 τοῦτ’
448 883 623 949 ἔστιν,
663 884 696 955 ἢ
733 885 975 957 περιελεῖ
1012 886 1105 939 τὸν
1136 886 1360 957 κόσμον,
1393 885 1550 956 ἢτὴν
1588 879 1849 952 αἰσχύνην

1951 884 2096 940 ratu,
2127 875 2477 946 hostiumque
2510 875 2760 929 manibus
2790 874 3077 943 capientur
3118 885 3293 927 serva
3321 885 3386 925 ac
3430 884 3525 924 ca-

278 972 576 1044 καταθήσει
615 976 870 1046 φανεράν.
921 977 1115 1030 Ἔσται
1146 976 1203 1029 δὲ
1246 976 1425 1037 τοῦτο,
1469 976 1599 1029 ὅταν
1646 972 1849 1043 έρημαι

1954 968 2134 1036 ptiva,
2166 976 2222 1023 et
2251 967 2760 1023 calamitosissimae.

279 1066 368 1117 καὶ
390 1065 598 1134 γυμναὶ
620 1065 825 1135 κόσμου
854 1068 1059 1131 παντὸς
1079 1069 1175 1121 καὶ
1201 1065 1493 1136 περιϐολῆς
1551 1056 2004 1128 ἀποδεδειγμέναι
2040 1059 2164 1121 ταῖς
2218 1056 2328 1111 τῶν
2373 1057 2650 1129 πολεμίων
2682 1058 2922 1112 ὲναλοῖεν
2968 1053 3181 1127 χερσὶν,
3207 1052 3388 1106 δοῦλαι
3434 1052 3530 1105 καὶ⁵

279 1160 632 1231 αἰχμάλωτοι,
674 1165 767 1216 καὶ
803 1165 1021 1236 ἀπάσης
1053 1164 1277 1236 ἔμπλεοι
1308 1162 1705 1232 ταλαιπωρίας.

343 1277 454 1328 Καὶ
500 1275 720 1345 ἀφελεῖ
740 1278 954 1348 Κύριος
996 1277 1113 1347 τὴν
1156 1277 1344 1343 δόξαν
1381 1275 1487 1331 τοῦ
1525 1267 1844 1343 ἱματισμοῦ

280 1367 493 1430 αὐτῶν,
526 1368 625 1422 καί
663 1368 769 1423 τοῦ
796 1373 1025 1439 κόσμου
1058 1369 1284 1425 αὐτῶν·
1318 1368 1415 1423 καί
1450 1366 1592 1432 τοὺς
1624 1364 1850 1431 κοσύμ-

279 1460 416 1525 ϐους
435 1457 654 1524 αὐτῶν,
674 1462 771 1515 καὶ
791 1462 863 1516 τὰ
880 1463 1194 1531 ἐμπλόκια,
1216 1462 1469 1528 καὶτοὺς
1486 1460 1844 1530 μηνίσκους,

279 1549 377 1605 καὶ
422 1552 490 1604 τὸ
539 1552 785 1622 κὰθεμα,
822 1555 1055 1609 καὶτὸν
1103 1555 1334 1625 κόσμον
1372 1554 1478 1607 τοῦ
1522 1551 1847 1620 προσώπου

278 1642 492 1710 αὐτῶν,
515 1645 617 1698 καί
641 1646 758 1713 τὴν
784 1648 1081 1703 σύνθεσιν
1118 1647 1222 1717 τῆς
1260 1646 1445 1715 δόξης
1473 1645 1577 1698 τοῦ
1616 1644 1846 1711 κόσμου

278 1731 488 1798 αὐτῶν,
518 1734 619 1787 καὶ
650 1735 792 1802 τοὺς
814 1735 1134 1804 χλιδῶνας,
1170 1738 1267 1791 καὶ
1294 1737 1366 1790 τὰ
1385 1734 1631 1804 ψέλλια,
1654 1732 1752 1785 καί
1778 1729 1846 1783 τὸ

278 1823 624 1891 έμπλόκιον,
676 1826 878 1880 καὶτὰ
932 1826 1254 1894 περιδέξια,
1305 1826 1403 1878 καὶ
1452 1822 1593 1888 τοὺς
1635 1819 1849 1872 δακτυ-

277 1916 465 1982 λίους,
494 1918 597 1970 καὶ
620 1918 693 1972 τὰ
720 1918 948 1985 ἐνώτια,
976 1920 1073 1973 καί
1101 1922 1174 1973 τὰ
1199 1918 1631 1988 περιπόρφυρα,
1653 1912 1751 1966 καὶ
1778 1910 1849 1964 τὰ

272 2006 723 2077 μεσοπόρφυρα,
776 2009 872 2063 καὶ
909 2009 983 2063 τὰ
1015 2010 1404 2078 ἐπιϐλήματα,
1454 2007 1554 2061 καὶ
1584 2004 1658 2059 τὰ
1697 2003 1849 2071 μετὰ

276 2094 387 2160 τὴν
432 2098 650 2159 οὶκίαν,
704 2096 904 2152 καὶτὰ
949 2098 1209 2167 διαφανῆ
1237 2094 1575 2169 μακωνικὰ,
1624 2092 1720 2144 καὶ
1776 2087 1847 2141 τὰ

2029 1261 2193 1320 Vens.
2236 1263 2439 1320 18-23.
2480 1264 2553 1318 Et
2594 1265 2794 1333 auferet
2826 1263 3084 1317 Dominus
3121 1262 3342 1330 gloriam
3380 1257 3534 1312 vesti-

1952 1366 2035 1409 tus
2066 1372 2247 1410 earum
2280 1367 2326 1411 et
2360 1368 2575 1411 ornatus
2627 1372 2830 1423 earum,
2870 1365 2919 1408 et
2956 1354 3223 1408 cincinnos
3245 1365 3445 1409 earum,
3484 1358 3531 1400 et

1954 1447 2222 1515 reticulos,
2268 1458 2316 1502 et
2366 1448 2602 1511 lunulas,
2650 1460 2697 1502 et
2733 1448 2957 1512 monile,
2990 1456 3036 1499 et
3078 1456 3321 1499 ornatum
3374 1440 3533 1511 faciei

1951 1542 2205 1610 ipsarum,
2240 1552 2287 1595 et
2322 1543 2748 1610 compositionem
2777 1540 2993 1611 gloriosi
3026 1551 3242 1593 ornatus
3273 1537 3529 1604 ipsarum,

1953 1642 1999 1684 et
2028 1632 2343 1700 brachialia,
2377 1645 2425 1687 et
2456 1633 2716 1697 armillas,
2751 1643 2796 1686 et
2834 1633 3129 1696 reticulum,
3166 1639 3216 1683 et
3245 1626 3531 1689 dextralia,

1952 1731 2001 1774 et
2042 1724 2295 1787 annulos,
2333 1739 2381 1777 et
2419 1726 2666 1789 inaures,
2701 1735 2749 1777 et
2796 1733 3077 1793 prtelextas
3127 1735 3437 1790 purpureas.
3480 1728 3531 1769 ει

1953 1831 2213 1881 purpuras
2250 1815 2519 1880 clavatas,
2559 1827 2608 1871 et
2658 1817 2997 1870 domesticam
3046 1811 3449 1877 supellectilem,
3482 1815 3530 1860 et

1952 1906 2212 1971 pellucida
2234 1908 2493 1974 laconico,
2520 1919 2568 1963 et
2593 1909 2824 1979 byssina,
2854 1918 2900 1960 et
2921 1907 3281 1975 hyacinthina,
3302 1911 3349 1955 et
3375 1900 3529 1969 puni-

1954 2013 2066 2061 cea,
2089 2006 2137 2050 et
2179 1998 2409 2067 byssum,
2451 2017 2570 2054 cum
2609 2017 2740 2055 auro
2769 2010 2817 2055 et
2843 1999 3125 2070 hyacintho
3183 2001 3445 2058 contexta,
3481 1998 3531 2045 et

1955 2088 2115 2142 lectos
2143 2092 2512 2147 accubilorios.

272 2187 565 2254 βύσσινα,
601 2189 702 2242 καὶ
732 2190 804 2243 τὰ
832 2192 1170 2257 ὑακίνθινα,
1206 2190 1305 2244 καὶ
1340 2190 1413 2243 τὰ
1441 2189 1710 2251 κόκκινα,
1754 2180 1852 2236 καὶ
1878 2179 1995 2250 τὴν
2032 2183 2315 2251 βύσσον,
2350 2184 2474 2239 σὺν
2517 2183 2749 2254 χρυσίῳ
2770 2221 2789 2251 ,
2833 2182 2932 2237 καί
2980 2182 3246 2244 ὑακίνθῳ
3274 2180 3531 2249 συγκαθ-

277 2282 617 2355 υίρασμένα,
650 2284 751 2338 καὶ
776 2285 1053 2355 θέριστρα
1081 2285 1426 2341 κατάκλιτα.

359 2396 936 2471 ’Δποκαλυφθήσεσθαι
960 2399 1134 2469 λέγων
1162 2401 1219 2454 ἐν
1259 2402 1324 2472 τῇ
1354 2400 1536 2472 ἡμέρᾳ
1569 2396 1753 2470 ἐκείνῃ
1788 2395 1850 2449 τὺ

285 2490 463 2561 σχῆμα
486 2491 672 2545 αὐτῶν
701 2492 891 2547 δίεισιν
926 2493 1193 2564 ἀκριϐῶς,
1248 2494 1344 2547 καὶ
1379 2494 1503 2547 τίνα
1542 2492 1608 2564 δὴ
1655 2493 1854 2562 τρόπον

283 2583 342 2635 τὸ
394 2582 578 2653 σχῆμα
618 2584 809 2650 αὑταῖς
862 2585 1225 2657 συμόήσεται.
1264 2587 1386 2639 Ὀτι
1436 2584 1545 2657 γὰρ
1584 2586 1641 2639 ὲν
1676 2582 1856 2655 ἐνδείᾳ

287 2675 377 2729 καὶ
399 2677 643 2747 ἀποϐολῇ
671 2678 887 2732 πάντων
915 2677 1131 2734 έσονται
1167 2679 1275 2733 τῶν
1320 2678 1581 2749 ὲξιτήλως
1615 2677 1854 2751 ἐξηυρηκ-

291 2768 478 2837 μένων,
496 2769 597 2822 καὶ
621 2769 722 2840 τῆς
760 2769 991 2845 ἀρχαίας
1022 2771 1236 2841 ἐκείνης
1267 2770 1569 2842 εὐημερίας
1601 2770 1694 2824 καὶ
1724 2787 1853 2841 τρυ-

288 2860 388 2929 φῆς
435 2861 866 2932 προσαναπείθει
903 2863 1234 2933 προστιθεὶς,
1281 2863 1364 2917 ὅτι
1406 2865 1609 2927 παντὸς
1639 2862 1853 2917 ἔσονται

287 2953 483 3023 κόσμου
514 2956 741 3026 γυμναὶ,
781 2956 905 3020 τοὺς
934 2955 1245 3027 κοσύμόους
1272 2957 1663 3019 ἀποϐαλοῦσαι,
1697 2958 1854 3029 μηνί-

289 3060 441 3109 σκους
464 3063 525 3099 τε
558 3048 656 3101 καὶ
679 3047 741 3100 τὸ
763 3048 996 3119 κάθεμα,
1031 3048 1126 3102 καὶ
1152 3048 1222 3103 τὰ
1257 3048 1467 3112 τούτοις
1509 3049 1851 3120 συνημμένα.

288 3137 360 3188 Δι’
383 3130 455 3191 ὦν
480 3138 632 3191 ἐστιν
660 3140 787 3192 ἰδεῖν
814 3138 1126 3213 ἀκόρέστως
1155 3142 1384 3213 ἐχούσας
1404 3144 1485 3205 εἰς
1513 3140 1850 3212 ὡραῖσμοὺς,

2023 2386 2157 2443 Cum
2187 2383 2412 2441 dixisset
2448 2381 2796 2454 detegendam
2819 2380 2906 2435 die
2943 2380 3033 2435 illa
3060 2379 3288 2434 formam
3319 2393 3528 2442 earum,

1955 2474 2284 2530 adamussim
2338 2481 2690 2528 enumeratur
2740 2468 3191 2540 quemadmodum
3258 2469 3362 2524 hoc
3421 2468 3529 2524 illis

1951 2580 2268 2627 eventurum
2309 2579 2413 2627 est.
2462 2568 2676 2623 Etenim
2729 2566 2965 2621 futuram
3014 2580 3133 2619 esse
3187 2565 3421 2634 inopiam
3473 2572 3529 2618 et

1951 2666 2311 2735 abjectionem
2346 2662 2589 2717 omnium
2617 2659 2890 2729 exquisite
2934 2659 3294 2721 inventorum,
3326 2665 3380 2711 et
3413 2655 3527 2723 pri-

1951 2758 2107 2813 stium
2160 2755 2304 2811 illius
2358 2752 2654 2817 felicitatis,
2703 2760 2759 2806 et
2811 2750 3163 2812 deliciarum,
3216 2748 3524 2819 persuadet,

1960 2865 2082 2905 cum
2134 2851 2430 2912 subnectit,
2479 2846 2627 2901 omni
2666 2852 2858 2899 ornatu
2902 2845 3070 2896 nudas
3120 2841 3257 2908 fore,
3304 2841 3529 2911 abjectis

1962 2938 2159 2994 tunicis
2185 2935 2505 2998 limbriatis.
2540 2942 2596 2987 et
2628 2932 2948 2997 monilibus,
2980 2940 3035 2985 et
3075 2940 3297 2999 torque,
3325 2940 3379 2984 et
3408 2946 3527 2997 qua:

1960 3040 2283 3102 sequuntur.
2317 3027 2472 3083 Unde
2496 3027 2681 3080 videre
2705 3033 2790 3079 est
2817 3040 2977 3095 quam
3009 3023 3389 3079 insatiabiliter
3412 3021 3525 3075 ele-

1958 3127 2154 3197 gantiae
2194 3133 2249 3178 et
2296 3120 2526 3177 ornandi
2570 3134 2664 3184 se,
2703 3115 2813 3172 imo
2863 3116 3035 3186 magis
3081 3115 3193 3185 jam
3249 3110 3525 3168 scortandi

288 3227 375 3279 καὶ
404 3228 482 3290 είς
515 3229 774 3299 φρόνημα
799 3230 859 3283 τὸ
885 3201 1233 3301 φιλόκοσμον,
1262 3201 1589 3303 μᾶλλον-ήδη
1619 3201 1849 3300 τδὶωλδζ

1956 3216 2133 3273 studio
2160 3216 2408 3270 ardeant.
2447 3214 2636 3268 Probae
2667 3226 2722 3269 et
2768 3215 3004 3268 honestae
3049 3208 3302 3262 mulieres
3330 3206 3525 3259 harum

289 3338 493 3391 τόρνον.
518 3323 742 3389 Γυναιξὶ
767 3325 866 3394 μὲν
886 3325 995 3397 γὰρ
1018 3329 1139 3391 ταῖς
1157 3327 1385 3394 ἀγαθαῖς
1406 3328 1505 3399 τὴν
1537 3327 1732 3396 φρένα,
1761 3327 1854 3380 καὶ

288 3415 639 3487 κοσμιότητος
666 3417 848 3486 φίλαις
878 3418 1050 3491 ἐχθρά.
1076 3436 1177 3472 που
1205 3419 1422 3484 πάντως
1442 3420 1559 3474 ἐστὶ
1582 3420 1650 3473 τὰ
1678 3420 1852 3473 τοιάδε

286 3503 387 3557 τῶν
418 3506 887 3578 ἐπιτηδευμάτων,
910 3510 1004 3563 καὶ
1028 3509 1096 3563 τὰ
1124 3509 1191 3562 δι’
1223 3503 1297 3563 ὧν
1321 3510 1384 3564 ἂν
1411 3506 1522 3564 εἶεν
1550 3512 1607 3562 ὲν
1632 3511 1854 3581 ἀσέμνῳ

290 3597 517 3667 σχήματι
559 3599 772 3667 φευκτᾶ
798 3601 889 3653 καὶ
924 3600 1291 3672 μεμισημένα,
1321 3601 1590 3654 τέθεινται
1619 3600 1676 3653 δὲ
1713 3601 1851 3671 μᾶλ-

287 3686 385 3751 λον,
414 3692 474 3743 τὸ
511 3691 629 3744 δεῖν
674 3692 1009 3746 ἐπαινεῖσθαι
1042 3692 1131 3746 διὰ
1164 3692 1414 3764 πράξεων
1442 3692 1682 3761 ἀγαθῶν.
1720 3693 1853 3756 Ταῖς

287 3796 345 3846 γε
372 3781 474 3853 μὴν
503 3784 758 3854 ἑταίραις
794 3779 884 3848 αἷς
909 3785 976 3837 ἂν
1010 3784 1182 3856 ὁρῷτο
1213 3785 1365 3854 φίλον
1394 3785 1454 3839 τὸ
1487 3783 1851 3856 ὲταιρίζεσθαι

288 3871 373 3924 καὶ
402 3874 712 3944 πασχητιᾷν
735 3873 869 3943 πρὸς
898 3875 1008 3926 πᾶν
1045 3874 1355 3927 τούναντίον
1396 3873 1852 3945 μετακεχωρηκεν

286 3960 312 4011 ὁ
338 3961 480 4028 νοῦς,
509 3965 612 4017 καὶ
639 3965 709 4018 τὰ
728 3965 827 4034 τῆς
854 3964 1158 4035 προθυμίας
1192 3967 1384 4029 αὐταῖς
1410 3966 1469 4030 ἐξ
1496 3965 1849 4037 ἀντιστρόφου

288 4053 515 4124 φέρεται.
577 4056 666 4108 Ἐν
720 4056 922 4127 σπουδῇ
968 4057 1025 4110 δὲ
1065 4058 1214 4132 πάσῃ
1242 4057 1304 4111 τὸ
1345 4057 1699 4128 ὡραϊζεσθαι,
1757 4057 1851 4111 καὶ

287 4148 617 4218 πανταχόθεν
657 4147 935 4217 συλλέγειν
986 4150 1057 4203 τὰ
1100 4150 1180 4213 είς
1224 4149 1387 4203 τοῦτο
1442 4151 1709 4221 χρήσιμα.
1740 4150 1852 4203 Καὶ

288 4237 473 4305 πρέποι
504 4239 577 4292 ἂν
606 4240 807 4310 ἑκάστῃ
830 4240 938 4293 τῶν
957 4240 1212 4295 τοιούτων
1234 4240 1451 4294 ἀκούειν
1477 4259 1487 4273 ’
1516 4242 1850 4313 Ἀνεπτερω-

289 4325 416 4395 μένη
441 4328 498 4382 δέ
536 4331 658 4382 ἐστι
709 4331 802 4383 καὶ
833 4331 1057 4395 ἄσωτος.
1100 4332 1388 4402 Μέμνηται
1436 4332 1494 4385 δὲ
1537 4333 1634 4404 τῆς
1677 4332 1852 4396 οὕτως

288 4418 509 4487 ἀσέμνου
542 4423 642 4475 καὶ
695 4423 1066 4493 σεσοϐημένης
1114 4424 1209 4477 καὶ
1250 4427 1278 4478 ὁ
1327 4422 1580 4493 Σολομὼν
1635 4422 1846 4491 λέγων’

1955 3332 2135 3372 rerum
2182 3316 2362 3371 studia
2401 3322 2742 3376 aversantur,
2770 3325 2943 3378 eaque
2970 3322 3037 3360 ex
3078 3304 3272 3375 quibus
3310 3300 3527 3355 habitus

1955 3406 2236 3465 illiberalis
2276 3406 2536 3469 nascitur,
2570 3403 2807 3471 illudque
2833 3400 3014 3470 potius
3055 3393 3388 3464 propositum
3430 3390 3527 3443 lia-

1952 3506 2100 3569 bent,
2128 3518 2194 3558 ex
2234 3498 2390 3555 bonis
2431 3495 2589 3551 lactis
2622 3493 2832 3547 Iaudem
2879 3488 3159 3556 consequi.
3213 3484 3282 3536 At
3327 3480 3527 3550 quibus

1953 3594 2179 3653 scortari
2220 3591 2422 3662 placet,
2480 3594 2535 3641 et
2570 3585 2801 3639 obscene
2833 3579 3082 3651 prurire,
3121 3577 3311 3629 harum
3374 3584 3526 3624 men--

1954 3700 2037 3745 tes
2094 3688 2148 3741 in
2205 3686 2260 3739 id
2306 3679 2711 3737 transferuntur
2750 3674 2896 3745 quod
2960 3671 3119 3741 plane
3171 3676 3258 3721 est
3295 3673 3517 3718 contra-

1953 3780 2094 3836 rium
2135 3786 2191 3832 et
2221 3774 2380 3843 longe
2406 3773 2675 3828 diversum
2702 3781 2717 3821 :
2742 3776 2797 3821 et
2839 3772 2898 3819 ut
2933 3762 3207 3831 elegantes
3238 3758 3347 3811 sint
3373 3753 3526 3810 omni

1952 3872 2132 3927 studio
2160 3868 2500 3929 adnituntur,
2532 3872 2587 3918 et
2616 3875 2736 3931 qua:
2764 3859 2831 3912 ad
2860 3856 2911 3911 id
2941 3850 3347 3909 accommodata
3373 3855 3526 3910 sunt,

1953 3963 2307 4030 undecunque
2329 3957 2681 4029 conquirunt.
2718 3951 2814 4006 Hae
2846 3960 3036 4004 omnes
3066 3944 3253 3997 audire
3280 3940 3474 3994 debent
3504 3954 3518 3990 :

1951 4055 2104 4110 Alata
2134 4063 2219 4109 est
2247 4062 2302 4108 et
2332 4054 2716 4120 intemperans.
2737 4033 3524 4106 Meminitetiam'ﬂ)inhone-

1951 4158 2049 4205 stae
2065 4156 2120 4201 et
2136 4144 2415 4199 insolentis
2434 4142 2689 4197 Salomon
2712 4137 2896 4191 dicens
2916 4150 2930 4188 :
2954 4150 2972 4184 ι
2996 4129 3295 4192 Mulierem,
3319 4138 3437 4194 quae
3456 4122 3524 4173 la-

1950 4258 2125 4313 queus
2155 4249 2470 4296 venatorum
2502 4243 2606 4297 est,
2632 4240 2688 4286 et
2724 4244 2936 4299 sagenm
2964 4242 3059 4281 cor
3088 4224 3222 4290 ejus,
3255 4223 3307 4275 in
3344 4217 3520 4272 mani-

1948 4310 2050 4389 bus
2073 4332 2188 4400 ejus
2216 4328 2453 4384 vincula.
2485 4324 2665 4379 Bonus
2693 4336 2876 4376 coram
2920 4319 3056 4373 facie
3078 4315 3171 4370 Dei
3206 4310 3547 4367 Iiberabitur'

1950 4424 2017 4478 ab
2039 4438 2133 4487 ea,
2172 4429 2227 4475 et
2266 4431 2499 4488 peccans
2525 4414 2767 4485 capietur
2806 4411 2859 4464 in
2891 4425 2952 4463 ea
2975 4408 3037 4461 δ’.
3084 4426 3103 4461 ι
3152 4408 3219 4462 Et
3252 4408 3365 4459 haec
3397 4403 3521 4472 qui-

292 4527 310 4559 ε
330 4509 432 4581 Τὴν
457 4516 692 4579 γυναῖκα
712 4515 832 4584 ἦτις
859 4516 975 4569 ἐστὶ
1000 4513 1251 4587 θήρευμα
1277 4518 1372 4570 καὶ
1396 4516 1626 4587 σαγῆναι
1651 4515 1846 4588 καρδία

1951 4517 2070 4572 dem
2101 4515 2365 4569 hactenus
2395 4510 2539 4565 dicta
2576 4507 2733 4562 uobis
2774 4504 2885 4559 sint
2919 4502 2985 4556 de
3022 4498 3337 4555 mulieribus
3368 4496 3523 4550 illau-

285 4600 461 4671 αὐτῆς,
505 4604 707 4673 δεσμὸς
752 4607 833 4669 είς
870 4608 1057 4676 χεῖρας
1092 4605 1280 4676 αὐτῆς·
1314 4606 1514 4674 ἀγαθὸς
1544 4606 1649 4677 πρὸ
1680 4622 1847 4677 προσ-

285 4691 424 4746 ώπου
465 4695 602 4748 Θεοῦ
642 4696 1050 4767 ἐξαιρεθήσεται
1095 4697 1191 4751 ἀπ’
1220 4698 1415 4767 αὐτῆς,
1462 4700 1557 4750 καὶ
1594 4699 1845 4770 ἁμαρτά-

286 4802 383 4838 νων
433 4788 865 4859 συλληφθήσεται
908 4792 967 4842 ἐν
1015 4791 1210 4860 αὐτῇ.»
1245 4791 1358 4843 Καὶ
1386 4791 1542 4844 ταυτὶ
1578 4790 1677 4860 μὲν
1716 4792 1847 4861 ἡμῖν

287 4878 359 4939 είς
380 4896 441 4947 γε
486 4881 551 4934 τὸ
595 4882 767 4952 παρὸν
819 4882 1094 4953 εἰρήσεται
1139 4884 1267 4953 περὶ
1294 4882 1566 4953 γυναικῶν
1596 4882 1848 4953 ἀσέμνων

289 4971 375 5023 καὶ
418 4973 693 5044 πονηρῶν.
739 4974 933 5027 ’ἰστέον
990 4974 1047 5027 δὲ
1084 4976 1166 5029 ὅτι
1201 4975 1290 5029 διὰ
1342 4976 1523 5046 φωνῆς
1568 4974 1844 5046 Ἰεζεχιὴλ,

298 5064 422 5132 πρὸς
456 5068 553 5137 τὴν
595 5066 863 5122 Ἰουδαίων
890 5068 1217 5141 Συναγωγὴν
1248 5069 1552 5139 διαλέγεται
1588 5070 1741 5136 Θεὸς,
1771 5069 1848 5134 ὡς

290 5155 413 5223 meo;
449 5157 575 5226 μίαν
613 5160 878 5225 γυναῖκα·
935 5159 1005 5229 ἣν
1052 5160 1146 5213 καὶ
1184 5160 1372 5231 κόσμῳ
1419 5160 1645 5232 ποικίλῳ
1677 5179 1846 5215 κατα-

292 5244 534 5347 καλλῦναί
564 5264 749 5318 φησιν.
782 5250 934 5318 Ἔχει
961 5249 1017 5301 δὲ
1054 5249 1195 5303 οὕτω
1228 5250 1358 5321 περὶ
1404 5251 1571 5322 αὐτῆς
1598 5269 1847 5324 γεγραμ-

295 5338 438 5401 μένω
479 5340 615 5392 (Καὶ
640 5338 935 5393 διεπέτασα
965 5340 1062 5403 τὰς
1088 5341 1363 5410 πτέρυγάς
1390 5359 1491 5411 μου
1515 5342 1612 5396 ἐπὶ
1648 5343 1728 5409 σὲ,
1753 5344 1847 5398 καὶ

292 5425 521 5497 ἐκάλυψα
545 5430 643 5499 τὴν
671 5430 1059 5502 ἀσχημοσύνην
1094 5450 1208 5497 σου,
1240 5433 1332 5486 καὶ
1362 5432 1555 5503 ὥμοσά
1594 5451 1695 5487 σοι.
1738 5436 1848 5489 Καὶ

293 5518 520 5587 εἰσῆλθον
552 5523 608 5574 ὲν
635 5522 867 5595 διαθήκῃ
892 5523 1027 5594 μετὰ
1054 5523 1169 5589 σοῦ,
1199 5523 1345 5591 λέγει
1368 5525 1594 5579 Ἀδωναῒ
1620 5525 1844 5597 Κύριος,

297 5608 377 5658 καὶ
423 5610 600 5677 ἐγένου
648 5629 758 5682 μοι,
813 5615 905 5667 καὶ
949 5613 1141 5674 ἔλουσά
1175 5632 1234 5668 σε
1275 5615 1335 5670 ὲν
1401 5615 1574 5685 ὕδατι,
1605 5616 1699 5670 καὶ
1736 5617 1844 5671 ἀπ-

362 5810 397 5840 "
418 5812 580 5869 Eccle.
611 5831 703 5881 vn,
739 5816 827 5873 :l'l.

1944 4610 2085 4665 datis
2107 4618 2161 4663 et
2187 4604 2469 4676 improbis.
2492 4599 2783 4657 Sciendum
2811 4604 2991 4650 autem
3027 4594 3191 4649 Deum
3215 4605 3309 4659 per
3333 4602 3520 4642 vocem

1946 4700 2249 4756 Ezechielis
2294 4697 2361 4753 ad
2407 4694 2717 4751 Juda'orum
2764 4690 3103 4760 Synagogam
3158 4695 3409 4751 tanquam
3457 4680 3527 4734 ad

1945 4809 2107 4849 unam
2155 4791 2411 4846 feminam
2454 4786 2619 4840 verba
2653 4783 2857 4846 facere,
2895 4795 3056 4849 quam
3090 4777 3250 4832 etiam
3284 4772 3416 4827 dicit
3441 4786 3525 4826 or-

1946 4891 2073 4934 natu
2113 4878 2267 4932 vario
2311 4883 2657 4932 exornatam.
2701 4869 2794 4924 Sic
2825 4884 2954 4923 vero
2987 4882 3046 4922 se
3080 4866 3282 4921 habent
3309 4877 3429 4931 quae
3458 4864 3526 4916 de

1947 4972 2039 5026 illa
2063 4970 2261 5039 scripta
2299 4975 2462 5023 sunt:
2498 4983 2519 5016 ι
2554 4963 2622 5018 Ει
2655 4959 2889 5031 expandi
2918 4957 3030 5013 alas
3073 4971 3222 5010 meas
3260 4969 3421 5023 super
3451 4962 3522 5016 te,

1944 5074 2002 5120 et
2041 5062 2227 5133 operui
2271 5056 2653 5127 turpitudinem
2687 5063 2855 5117 tuam,
2886 5058 2943 5103 et
2966 5046 3145 5118 juravi
3185 5046 3303 5108 tibi,
3340 5053 3393 5096 et
3428 5042 3523 5115 inii

1946 5153 2124 5208 fcedus
2168 5160 2367 5216 tecum,
2409 5147 2541 5203 dicit
2570 5144 2778 5201 Adonai
2831 5141 3110 5205 Dominus,
3158 5147 3211 5192 et
3262 5134 3408 5188 facta
3468 5149 3527 5185 es

1946 5245 2099 5300 mihi.
2127 5242 2260 5298 Lavi
2291 5252 2341 5297 te
2367 5255 2528 5309 aqua,
2562 5237 2710 5292 ablui
2750 5234 3070 5305 sanguinem
3124 5245 3154 5284 a
3210 5239 3283 5289 te,
3316 5227 3444 5279 unxi
3477 5234 3529 5277 te

1944 5338 2086 5401 oleo,
2135 5334 2281 5390 indui
2339 5342 2388 5388 te
2421 5348 2522 5387 acu
2572 5329 2757 5399 pictis,
2803 5325 3040 5382 caleeavi
3099 5332 3151 5377 te
3206 5319 3522 5391 hyacintho,

1942 5428 2089 5484 cinxi
2118 5437 2171 5482 te
2201 5426 2397 5487 serico,
2435 5421 2649 5477 amieivi
2696 5431 2750 5475 te
2783 5415 3106 5487 bombycino
3142 5410 3524 5472 subtilissima,

1942 5520 2130 5579 ornavi
2162 5528 2215 5573 te
2243 5524 2460 5581 ornatu,
2504 5513 2726 5584 apposui
2757 5509 2999 5566 armillas
3046 5507 3113 5561 ad
3153 5519 3344 5560 manus
3377 5510 3523 5567 tuas,

1944 5624 1998 5673 et
2026 5624 2271 5685 torquem
2297 5610 2364 5668 ad
2393 5609 2590 5668 collum
2622 5617 2772 5664 tuum
2792 5644 2807 5671 ,
2841 5612 2896 5661 et
2926 5600 3048 5659 dedi
3080 5601 3323 5657 inaurem
3362 5608 3524 5665 super

3561 5469 3571 5504 ί
