4094 6366
1543 360 1604 414 S.
1647 358 1920 414 CYlllLLl
1958 358 2428 413 ALEXANDRINI
2470 358 2787 413 ARCHIEP.

3667 355 3771 411 l!‘

517 484 850 540 nareatuas,
887 486 944 532 et
970 477 1211 546 globulos
1238 478 1307 532 ad
1347 491 1505 531 aures
1542 486 1681 536 tuas.
1720 486 1775 530 et
1826 492 2083 531 coronam

2207 476 2395 528 ίπλυνα
2424 475 2483 527 τὸ
2511 470 2647 545 αἷμα
2669 474 2775 527 ἀπὸ
2803 473 2916 536 σοῦ,
2946 474 3037 526 καὶ
3057 473 3249 545 ἐχρισά
3276 488 3332 525 σε
3369 471 3428 525 ὲν
3450 470 3613 542 ὲλαίῳ
3636 487 3649 500 ·
3678 466 3774 524 καὶ

518 568 853 639 gloriationis
914 570 967 624 in
1008 580 1172 639 caput
1226 579 1394 622 tuum.
1455 568 1724 622 Exornavi
1782 579 1831 622 te
1867 584 2002 624 auro
2042 578 2097 624 et

517 668 780 729 argento:
813 668 869 714 et.
908 663 1138 716 amictus
1171 660 1246 714 lui
1281 659 1512 731 hyssini,
1559 668 1614 713 et
1662 660 1841 715 serica
1883 661 2093 715 tenuis-

514 749 654 803 sima
705 757 761 803 et
800 764 899 804 acu
931 750 1073 819 picta
1100 751 1167 803 '°.
1200 769 1219 801 ι
1244 748 1477 805 Proinde
1523 751 1675 805 Vario
1725 760 1917 805 ornatu
1954 750 2097 806 Deus

517 838 748 909 perpolit
794 842 1028 894 animam
1078 855 1200 909 qua:
1242 857 1362 895 cum
1418 842 1538 911 ipso
1584 842 1881 898 domestica
1940 844 2095 914 quasi

514 930 896 1000 conjunctione
928 932 1181 1001 copulata
1211 942 1313 996 est,
1354 942 1409 986 et
1445 949 1624 988 rerum
1656 936 2097 1005 praeclarissima-

518 1038 636 1077 rum
689 1024 1026 1078 ornamentis
1072 1033 1301 1079 coronat
1353 1024 1729 1081 multifariam.
1788 1025 1888 1093 Qui
1941 1040 2093 1082 suam

517 1109 759 1179 ipsorum
802 1112 967 1166 vitam
1029 1112 1297 1182 incnlpate
1337 1113 1656 1180 instituunt,
1701 1124 1756 1169 et
1796 1124 1984 1169 sancte
2034 1131 2098 1170 ac

517 1204 727 1272 integre
768 1212 1072 1267 versantur,
1120 1204 1311 1258 horum
1348 1204 1699 1276 intelligibilis
1751 1207 2098 1276 pulchritudo

521 1294 694 1361 rnajor
751 1294 809 1347 lit
868 1305 921 1347 et
964 1296 1311 1361 cumulatior,
1350 1307 1404 1350 et
1447 1296 1770 1351 inconcussa
1830 1297 2093 1368 persistit.

519 1384 619 1452 Qui
664 1395 841 1439 autem
876 1385 1031 1440 facile
1072 1394 1127 1441 et
1153 1387 1464 1456 procliviter
1496 1388 1562 1442 ad
1588 1403 1654 1442 ea
1686 1404 1807 1458 quae
1841 1390 2096 1445 indecora

518 1488 643 1533 sntit
680 1478 1067 1549 prolabuntur,
1106 1488 1160 1533 et
1200 1477 1389 1534 leviter
1434 1480 1500 1534 ad
1541 1478 1801 1552 ﬂagitiosa
1856 1482 2096 1537 facinora

520 1568 824 1636 declinant,
876 1569 960 1625 his
1005 1570 1211 1624 accidet
1267 1580 1323 1624 ut
1378 1572 1629 1626 omnibus
1672 1573 1895 1629 omnino
1941 1574 2098 1630 bonis

521 1669 808 1727 cxuantur,
844 1669 899 1714 et
948 1660 1034 1714 his
1073 1660 1236 1715 etiam
1263 1675 1383 1731 quae
1423 1664 1547 1716 data
1595 1672 1722 1717 sunt
1769 1661 1922 1730 olim,
1946 1680 2099 1719 care-

520 1747 674 1807 bunt.
716 1745 846 1803 Nam
888 1752 938 1804 in
969 1750 1139 1806 malos
1171 1762 1224 1805 et
1251 1753 1492 1821 impuros
1529 1765 1806 1811 amatores
1832 1756 2092 1820 incident,

2198 566 2424 620 ὲνέδυσά
2459 583 2515 618 σε
2561 566 2800 625 ποικίλα,
2855 566 2949 618 καὶ
2994 564 3235 618 ὐπέδυσά
3265 580 3323 616 σε
3351 560 3625 627 ὑάκινθον,
3681 563 3775 615 καὶ

2197 658 2375 723 έζωσά
2404 674 2463 709 σε
2504 656 2687 728 βύσσῳ
2706 674 2719 687 ·
2760 659 2849 710 καὶ
2878 655 3199 727 περιέϐαλον
3227 672 3285 707 σε
3319 654 3606 724 τριχάπτῳ
3634 671 3647 684 ·
3679 654 3773 707 καὶ

2198 749 2482 820 ὲκόσμησὰ
2514 766 2572 801 σε
2610 748 2820 818 κόσμῳ,
2852 749 2944 800 καὶ
2972 747 3274 817 περιέθηκα
3302 746 3492 815 ψέλλια
3520 748 3649 815 περι
3676 744 3775 807 τὰς

2197 843 2385 913 χεῖράς
2419 859 2534 904 σου,
2567 842 2660 896 καὶ
2692 841 2907 911 κάθεμα
2941 840 3077 911 περὶ
3094 839 3188 893 τὸν
3215 837 3484 909 τράχηλον
3519 854 3634 890 σου.
3664 837 3775 888 Καὶ

2199 935 2375 987 ἔδωκα
2403 933 2622 988 ἐνώτιον
2654 935 2780 1004 περὶ
2804 934 2895 986 τὸν
2920 932 3175 1005 μυκτῆρα
3199 948 3313 993 σου,
3336 928 3429 984 καὶ
3452 928 3773 999 τροχίσκους

2199 1024 2327 1095 περὶ
2373 1024 2441 1078 τὰ
2479 1019 2595 1079 ῶτά
2648 1042 2741 1078 σου
2765 1042 2779 1056 ο
2820 1024 2913 1079 καὶ
2963 1024 3223 1093 στέφανον
3265 1022 3587 1091 καυχήσεως
3645 1018 3773 1088 περί

2197 1116 2297 1188 τὴν
2358 1118 2603 1187 κεφαλήν
2647 1134 2764 1172 σου.
2801 1116 2909 1169 Καὶ
2945 1114 3228 1186 ὲκόσμησά
3266 1131 3326 1166 σε
3362 1113 3546 1182 κόσμῳ
3588 1109 3774 1182 χρυσῷ

2198 1212 2293 1266 καὶ
2320 1210 2579 1282 ἀργυρῷ·
2629 1209 2723 1263 καὶ
2753 1209 2824 1262 τὰ
2868 1207 3190 1281 περιϐόλαια
3237 1223 3331 1259 σου
3380 1203 3628 1274 βύσσινα,
3680 1202 3775 1256 καὶ

2197 1303 2489 1375 τρίχαπτα,
2534 1303 2628 1357 καὶ
2657 1301 2892 1356 ποικίλα.
2914 1319 2932 1353 ι
2973 1299 3184 1354 Οὐκοῦν
3204 1294 3431 1368 ποικίλῳ
3462 1295 3562 1367 μὲν
3585 1295 3775 1364 κόσμῳ

2198 1392 2622 1466 καταφαιδρύνει
2655 1393 2787 1456 Θεὸς
2817 1391 2916 1463 τὴν
2948 1388 3467 1465 προσοικειουμένην
3497 1385 3646 1457 αὐτῷ
3671 1385 3773 1456 ψ’.»-

2198 1483 2320 1557 χὴν,
2370 1487 2464 1539 καὶ
2517 1488 2627 1549 τοῖς
2683 1484 2742 1549 ἐξ
2790 1483 2996 1556 ἀρετῶν
3052 1484 3364 1553 αὐχήμασιν
3421 1478 3774 1550 πολυτρόπως

2200 1579 2471 1646 στεφανοῖ.
2532 1573 2694 1630 Ἀλλά
2730 1579 2842 1639 τοῖς
2907 1577 3004 1646 μὲν
3043 1572 3369 1638 διασώζουσι
3415 1571 3515 1643 τὴν
3566 1566 3775 1622 ἑαυτῶν

2199 1667 2473 1723 πολιτείαν
2522 1667 2841 1742 ἀμώμητον,
2876 1668 2969 1721 καὶ
3014 1664 3346 1719 διατελοῦσιν
3382 1663 3439 1717 ἐν
3494 1659 3773 1730 ἁγιασμῷ,

2198 1759 2268 1814 τά
2296 1758 2395 1831 τῆς
2426 1758 2722 1830 εὐκοσμίας
2776 1756 2878 1829 τῆς
2915 1758 3111 1829 νοητῆς
3161 1758 3219 1811 ὲν
3277 1756 3577 1809 ἐπιδόσεσιν
3624 1754 3776 1805 ἔσται

522 1843 574 1896 in
609 1835 876 1912 principes
901 1840 1080 1898 saeculi
1105 1844 1281 1914 hujus,
1307 1845 1358 1899 iu
1388 1855 1628 1903 rectores
1650 1850 2014 1912 tenebrarum,
2040 1850 2093 1905 in

2207 1852 2431 1923 μείζοσι,
2462 1851 2556 1906 καὶ
2579 1850 2888 1923 ἀκράδαντα
2921 1851 3183 1921 διαμενεῖ.
3215 1847 3340 1911 Τοῖς
3364 1864 3426 1916 γε
3454 1845 3561 1917 μὴν
3592 1842 3747 1899 διαπί

520 1932 819 2002 spiritualia
872 1935 1156 2003 nequitiae,
1202 1935 1293 2004 qui
1344 1936 1555 1990 animas
1603 1937 1800 1992 virtute
1856 1939 2100 1995 excultas

520 2024 756 2079 maxime
784 2035 1002 2093 captant
1036 2036 1091 2080 et
1123 2039 1404 2083 venantur.
1442 2028 1622 2084 Ludus
1675 2030 1817 2083 enim
1878 2042 1962 2085 est
1997 2032 2100 2087 illis

520 2124 574 2171 et
619 2116 823 2171 delicia:
882 2118 1233 2185 pessumdare
1278 2134 1410 2183 eas,
1461 2135 1569 2174 non
1612 2123 1789 2177 minus
1852 2126 2099 2189 profecto

519 2223 682 2277 quam
712 2223 947 2277 aucupes
978 2223 1087 2262 rem
1117 2209 1330 2279 dignam
1353 2223 1408 2265 et
1431 2214 1705 2283 egregiam
1735 2226 1947 2282 putant,
1974 2233 2094 2287 pas-

519 2315 668 2355 seres
711 2300 939 2355 eximios
987 2315 1200 2370 capere.
1259 2300 1642 2373 Scriptumque
1689 2315 1774 2361 est
1820 2307 1985 2363 etiam
2035 2312 2100 2365 de

518 2395 721 2449 Satana
752 2413 764 2449 :
789 2394 937 2449 Esca:
966 2396 1083 2464 ejus
1111 2396 1441 2452 selec1iores.
1464 2396 1643 2464 Quare
1673 2411 2098 2459 consentaneum

518 2494 604 2538 cst
641 2496 697 2537 ut
748 2499 846 2538 nos
893 2484 1210 2553 vigilemus,
1248 2495 1303 2540 et
1351 2489 1593 2543 masculo
1636 2505 1699 2545 ac
1744 2491 1880 2546 virili
1921 2495 2102 2547 animo

519 2576 713 2641 simus,
770 2576 860 2629 Dei
925 2576 1186 2631 beneficio
1234 2586 1288 2631 et
1343 2594 1466 2647 ope,
1502 2595 1565 2634 ac
1613 2596 1880 2637 memores
1931 2584 2104 2640 simus

519 2661 659 2717 beati
711 2660 860 2716 Pauli
903 2663 1133 2719 dicentis
1166 2682 1181 2720 :
1216 2682 1233 2716 ι
1267 2666 1445 2732 Quare
1482 2669 1572 2737 qui
1624 2685 1769 2725 Stare
1800 2672 1903 2742 71
1949 2675 2100 2729 vide-

521 2764 630 2819 tur,
662 2754 839 2808 videat
871 2771 939 2809 ne
989 2756 1145 2810 cadat
1175 2755 1243 2810 ⁸¹.
1306 2777 1323 2809 ι
1380 2760 1462 2814 Ad
1504 2762 1616 2815 haec
1666 2769 1987 2821 accedentes
2032 2769 2099 2822 ad

522 2842 716 2912 Deum,
748 2847 835 2912 qui
878 2846 1059 2901 omnia
1109 2858 1326 2915 potest,
1370 2851 1420 2905 in
1456 2856 1710 2922 prec-bus
1760 2857 2043 2913 dicendum
2083 2879 2096 2914 :

527 2950 547 2983 ι
597 2933 839 2999 Domine,
880 2938 932 2990 in
972 2938 1243 2995 voluntate
1278 2950 1365 2996 tua
1402 2955 1596 3014 praesta
1629 2947 1812 3004 decori
1850 2965 1968 3005 meo
1993 2953 2103 3007 vir-

523 3031 688 3077 tutem
721 3022 787 3079 ⁸².
821 3044 840 3077 ι

2200 1962 2423 1998 πτουσιν
2455 1946 2542 2015 ἐφ’
2570 1940 2605 1999 ἀ
2633 1944 2707 2015 μὴ
2746 1940 3027 2015 προσῆκεν
3065 1942 3315 2011 ἑτοίμως,
3356 1940 3449 1992 καὶ
3481 1935 3780 1991 ἀπονεύου-

2201 2053 2284 2088 σιν
2320 2036 2571 2107 ἐλαφρῶς
2599 2038 2679 2100 είς
2704 2034 2773 2089 τὰ
2811 2035 2913 2103 τῆς
2939 2030 3273 2103 φαυλότητος
3303 2029 3461 2101 ἔργα,
3501 2027 3777 2099 συμϐήσε-

2196 2144 2287 2181 ται
2310 2128 2526 2191 πάντως
2554 2128 2611 2180 ὲν
2641 2126 2879 2198 ἀποϐολῇ
2904 2125 3157 2195 γενέσθαι
3188 2124 3388 2186 παντὸς
3420 2120 3649 2190 ἀγαθοῦ,
3686 2119 3781 2173 καὶ

2198 2220 2305 2273 τῶν
2332 2220 2498 2274 πάλαι
2522 2220 2911 2292 δεδωρημένων
2943 2219 3167 2288 νοσῆσαι
3204 2217 3302 2288 τὴν
3339 2212 3592 2287 ἐρημίαν.
3618 2210 3781 2282 [lapt-

2206 2314 2449 2365 πεσεῖται
2478 2311 2587 2382 γὰρ
2631 2313 2886 2381 πονηροῖς
2932 2328 2992 2362 τε
3020 2310 3115 2362 καὶ
3144 2307 3471 2377 ἀκαθάρτοις
3501 2305 3778 2376 ἐρασταῖς.

2204 2403 2571 2474 τοίς’ἇρχουσι
2600 2401 2692 2456 τοῦ
2725 2403 2922 2466 αἰῶνος
2953 2400 3165 2461 τούτου,
3218 2401 3312 2453 καὶ
3339 2401 3452 2460 τοῖς
3481 2393 3782 2465 κοσμοκρά-

2205 2511 2357 2564 τορσι
2408 2492 2501 2547 τοῦ
2561 2493 2786 2556 σκότους
2833 2493 3045 2553 τούτου,
3096 2490 3209 2553 τοῖς
3258 2488 3645 2559 πνευματικοῖς
3682 2482 3782 2553 τῆς

2207 2590 2492 2661 πονηρίας,
2532 2588 2581 2640 οἳ
2611 2586 2675 2659 δὴ
2705 2587 2939 2658 μάλιστα
2985 2585 3084 2648 τὰς
3116 2584 3404 2654 ἐναρέτους
3448 2579 3654 2650 θηρῶσι
3683 2577 3784 2645 ψυ-

2205 2680 2325 2751 χάς.
2355 2678 2546 2750 Τρυφὴ
2576 2677 2685 2751 γάρ
2712 2679 2895 2742 αὐτοῖς
2919 2676 2980 2730 τὸ
2998 2675 3396 2747 καταστρέφειν
3422 2672 3609 2734 αὐτάς.
3634 2667 3785 2721 Καθ-

2206 2772 2351 2844 άπερ
2388 2771 2579 2842 ἀμέλει
2623 2773 2716 2825 καὶ
2746 2773 2860 2834 τοῖς
2908 2769 3016 2823 τῶν
3051 2768 3268 2840 πτηνῶν
3296 2767 3605 2837 θηρευταῖς,
3635 2762 3785 2826 ἀξιό-

2205 2864 2410 2935 ληπτον
2442 2861 2580 2918 εἷναί
2628 2883 2681 2918 τι
2713 2864 2775 2918 τὸ
2826 2866 3017 2935 χρῆμα
3056 2862 3205 2916 δοκεῖ
3245 2860 3315 2914 τά
3352 2860 3460 2913 τῶν
3490 2856 3787 2929 στρουθίων

2207 2958 2695 3029 περικαλλέστερα.
2735 2957 3049 3028 Γέγραπται
3101 2954 3160 3007 δέ
3214 2972 3317 3007 που
3371 2953 3465 3005 καὶ
3517 2948 3785 3026 £691.10?)

2209 3050 2445 3114 Σατανᾶ,
2503 3051 2583 3103 ὅτι
2626 3050 2693 3103 τὰ
2743 3049 3008 3120 βρώματα
3059 3044 3223 3100 αὐτοῦ
3272 3043 3525 3098 ὲκλεκτά.
3580 3038 3790 3095 Οὐκοῦν

522 3117 1011 3212 ἀκόλουθονῌήμᾶς
1066 3121 1423 3192 ἐγρηγορέναι
1470 3141 1529 3177 τε
1584 3126 1678 3178 καὶ
1721 3128 2065 3202 ἀνδρίζεσθαι
2129 3140 2268 3207 μετὰ
2292 3142 2447 3209 Θεοῦ,
2478 3146 2572 3195 καὶ
2645 3117 3041 3212 διαμεμνῆσθαι
3067 3140 3315 3207 λέγοντος
3387 3136 3483 3189 τοῦ
3514 3135 3788 3206 μακαρίου

522 3209 758 3306 Παύλου,
816 3208 977 3306 ῶστεᾼ-
1044 3228 1062 3260 ι
1093 3212 1150 3264 't)
1205 3212 1378 3265 δοκῶν
1427 3214 1666 3281 ἑστάναι,
1719 3218 1964 3289 βλεπέτω
2024 3227 2099 3298 μὴ
2139 3229 2301 3303 πέσῃ.
2325 3253 2343 3285 ι
2371 3236 2463 3287 Δεῖ
2490 3234 2545 3287 δὲ
2606 3235 2674 3306 δὴ
2709 3208 2846 3304 πρὸς
2867 3208 3040 3302 τούτῳ
3069 3230 3188 3300 Θεῷ
3214 3229 3291 3300 τῷ
3317 3229 3493 3282 πάντα
3556 3223 3791 3297 ίσχύοντι

522 3303 843 3374 προσιόντας
906 3303 1084 3372 λέγειν
1123 3306 1181 3357 ὲν
1232 3310 1598 3376 προσευχαῖς·

1653 3327 1671 3360 ⁴
1709 3312 1903 3383 Κύριε,
1961 3318 2021 3372 ὲν
2077 3323 2155 3394 τῷ
2196 3324 2459 3398 θελήματί
2495 3345 2590 3380 σου
2620 3325 2893 3396 παρέσχου
2916 3324 2993 3395 τῷ
3021 3323 3208 3376 κάλλει
3240 3321 3487 3391 δύναμιν.
3519 3339 3536 3371 ι

597 3392 757 3447 Vens.
809 3394 999 3450 24-26.
1039 3394 1109 3449 Et
1145 3397 1242 3449 erit
1293 3414 1387 3463 pro
1417 3401 1570 3453 suavi
1612 3406 1770 3458 odore
1806 3407 2009 3476 putris,
2054 3424 2102 3466 et

2277 3392 2385 3473 Καὶ
2416 3420 2585 3473 ἔσται
2623 3392 2755 3473 ἀντὶ
2800 3392 3003 3486 όσμῆς
3039 3414 3247 3485 ἡδείας
3294 3412 3601 3481 κονιορτός
3624 3429 3638 3443 ·
3693 3409 3791 3465 καὶ

523 3502 619 3553 pro
670 3488 881 3555 cingulo
937 3488 1161 3557 cingeris
1209 3489 1487 3557 funiculo,
1552 3503 1603 3546 ct
1654 3513 1747 3564 pro
1801 3512 2107 3559 ornamento

524 3578 707 3643 tapilis
739 3594 929 3641 aureo,
963 3579 1237 3631 calvitium
1270 3576 1486 3636 habebis
1530 3595 1741 3650 propter
1773 3603 1931 3653 opera
1961 3598 2053 3644 tua
2088 3605 2106 3644 :

523 3680 569 3721 et
599 3685 691 3735 pro
721 3672 901 3722 tunica
944 3670 1164 3724 clm-alae
1198 3687 1451 3740 purpura:
1493 3676 1731 3731 accincta
1776 3680 1881 3732 eris
1931 3697 2105 3735 sacco.

527 3756 597 3811 Et
629 3759 774 3826 ﬁiius
807 3774 928 3814 tuus
977 3762 1381 3831 pulcherrimus,
1416 3782 1567 3833 quem
1619 3779 1677 3822 tu
1725 3788 1896 3837 amas,
1932 3774 2109 3844 gladio

526 3853 778 3906 concidet.
817 3854 885 3906 Et
921 3866 1262 3923 pra’potenlcs
1293 3861 1451 3912 vestri
1484 3860 1663 3928 gladio
1682 3863 1894 3930 cadent,
1931 3879 1979 3920 et
2007 3867 2109 3920 Itu-

527 3938 677 3991 miles
714 3940 1017 3992 reddentur.
1061 3937 1353 3995 Ptorabunt
1399 3960 1570 4012 capsa"
1620 3949 1801 4001 mundi
1847 3951 2023 4016 vestri,
2062 3962 2109 4005 et

525 4029 903 4100 deretinqueris
930 4033 1064 4099 sola,
1099 4044 1149 4088 et
1183 4036 1251 4089 ad
1278 4047 1473 4090 (errant
1508 4037 1769 4092 allidcris.

600 4314 714 4370 Non
749 4316 847 4372 abs
881 4334 936 4372 re
966 4319 1072 4385 hic,
1104 4329 1160 4373 ut
1192 4321 1360 4377 videri
1391 4333 1568 4392 poteSt
1611 4327 1904 4395 nonnullis,
1941 4330 2114 4387 subti-

528 4406 653 4463 liter
682 4411 863 4465 omnia
921 4413 987 4466 ad
1039 4414 1217 4466 vivum
1253 4424 1451 4468 tractat
1495 4431 1675 4471 sermo
1729 4421 2109 4490 prOpheticus;

529 4503 622 4556 sed
655 4502 784 4557 dum
829 4505 1037 4574 singula
1086 4507 1137 4558 in
1198 4506 1346 4562 hisce
1391 4509 1695 4567 delicatulis
1732 4523 1787 4567 et
1843 4516 2114 4585 voluptate

530 4592 898 4650 difﬂuentibus
926 4597 1141 4652 feminis
1172 4607 1362 4653 exacte
1399 4604 1762 4672 persequitur,
1807 4615 1917 4659 tum
1952 4622 2114 4662 orna-

534 4697 622 4741 tus
648 4688 877 4758 species,
912 4699 1024 4742 tum
1068 4691 1211 4760 ipsas
1242 4691 1502 4760 pristinas
1533 4694 1754 4750 delicias
1799 4712 1863 4752 ac
1905 4699 2111 4753 luxum.

2213 3510 2348 3565 ἀντί
2380 3508 2582 3577 ζώνης,
2614 3500 2864 3580 σχειν-ίῳ
2907 3507 3081 3577 ζώσῃ,
3114 3509 3210 3561 καὶ
3240 3506 3375 3562 ἀντὶ
3407 3505 3513 3560 τοῦ
3559 3505 3793 3573 κόσμου

2215 3600 2325 3671 τῆς
2357 3601 2630 3671 κεφαλῆς
2677 3602 2783 3656 τοῦ
2819 3601 3076 3671 χρυσίου
3115 3598 3485 3668 φαλάκρωμα
3512 3597 3669 3663 ἕξεις
3697 3598 3795 3651 διὰ

2216 3694 2287 3747 τὰ
2312 3694 2455 3763 ἔργα
2482 3708 2599 3747 σου
2625 3710 2638 3723 ·
2680 3693 2781 3746 καὶ
2808 3693 2941 3747 ἀντὶ
2968 3692 3075 3746 τοῦ
3104 3690 3354 3761 χιτῶνος
3376 3690 3481 3744 τοῦ
3505 3705 3793 3759 μεσοπορο

2216 3786 2431 3854 φύρου,
2462 3783 2752 3853 περιζώσῃ
2781 3784 3033 3838 σάκκον.
3067 3784 3177 3838 Καὶ
3220 3786 3253 3837 ό
3285 3784 3414 3848 υἱός
3444 3798 3560 3835 σου
3589 3784 3622 3835 ό
3651 3781 3796 3834 κάλ-

2158 3914 2163 3919 ς
2216 3878 2448 3942 λιστος,
2483 3876 2555 3930 ὃν
2580 3875 2661 3929 σὺ
2695 3874 2953 3944 ἀγαπᾷς,
2984 3874 3249 3944 μαχαίρᾳ
3276 3872 3561 3927 πεσεῖται.
3589 3872 3697 3925 Καὶ
3740 3874 3797 3925 οἱ

2219 3968 2532 4037 ἰσχύοντες
2552 3966 2719 4037 ὑμῶν
2728 3983 2811 4036 μα
2818 3968 2998 4035 χαίρῃ
3020 3964 3372 4027 πεσοῦνται,
3399 3964 3497 4018 καὶ
3520 3980 3797 4017 ταπεινω-

2218 4060 2528 4125 ddo-mat,
2561 4060 2657 4113 καὶ
2684 4057 3101 4126 πενθήσουσιν
3127 4060 3187 4110 αἱ
3215 4055 3389 4125 θῆκαι
3417 4056 3523 4110 τοῦ
3564 4056 3797 4124 κόσμου

2217 4148 2408 4219 ὑμῶν,
2452 4150 2545 4203 καὶ
2594 4147 3050 4218 καταλειφθήσῃ
3076 4151 3257 4217 μόνη,
3286 4148 3381 4199 καὶ
3429 4150 3513 4212 εὶς
3537 4146 3652 4214 τὴν
3684 4143 3800 4215 γῆν

2219 4239 2619 4309 ἐδαφισθήσῃ.

2290 4333 2366 4386 Οὐ
2403 4332 2579 4404 μάτην
2610 4332 2669 4384 ἐν
2698 4331 2908 4394 τούτοις
2942 4328 3106 4383 οίοιτό
3147 4348 3231 4394 τις
3283 4331 3582 4401 ἰσχνολογεῖ
3618 4330 3737 4383 λίαν
3770 4331 3799 4381 ό

2221 4425 2556 4497 προφητικὸς
2585 4425 2715 4494 ἡμῖν
2742 4422 2917 4492 λόγος,
2949 4424 3156 4476 ’ἐκαστα
3176 4423 3233 4477 δὲ
3253 4424 3323 4476 τὰ
3350 4425 3467 4486 ταῖς
3488 4423 3800 4494 τρυφώσαις

2220 4516 2342 4569 καθ’
2377 4516 2569 4587 ἡδονὴν
2605 4515 2791 4568 δίεισιν
2817 4515 3061 4586 ἀκριϐῶς
3094 4517 3162 4569 τά
3190 4533 3249 4568 τε
3291 4516 3404 4583 εἴδη
3437 4515 3529 4567 τοῦ
3571 4516 3801 4584 κόσμου,

2220 4609 2316 4661 καὶ
2339 4609 2507 4671 αὐτάς
2539 4607 2637 4673 τὰς
2686 4608 2853 4661 πάλαι
2897 4608 3128 4681 τρυφάς,
3166 4604 3301 4661 Εἶτα
3339 4610 3420 4662 ὅτι
3462 4608 3803 4679 συμϐήσεται

2222 4700 2399 4771 πάντη
2446 4718 2505 4754 τε
2552 4701 2646 4754 καὶ
2678 4701 2896 4765 πάντως
2937 4702 3126 4755 παθεῖν
3154 4702 3324 4765 αὐτάς
3354 4703 3452 4772 τὴν
3492 4702 3599 4755 τῶν
3629 4701 3804 4763 οὐτως

531 4776 666 4833 Tum
690 4782 948 4850 quoniam
984 4780 1130 4850 ipsas
1168 4783 1447 4854 continget
1480 4786 1566 4841 his
1606 4789 1827 4844 omnino
1865 4790 2103 4857 destitui,

2214 4793 2445 4864 ἡδίστων
2497 4791 2788 4863 ἀποϐολὴν,
2848 4794 3150 4847 διακεῖσθαι
3215 4793 3468 4863 βούλεται
3522 4794 3802 4863 μονονουχὶ

534 4872 766 4927 morderi
800 4888 893 4928 eas
937 4884 991 4927 et
1026 4875 1256 4929 cruciari
1289 4878 1402 4931 vult
1441 4894 1623 4935 rerum
1664 4882 1801 4937 adeo
1828 4881 2112 4952 iucundis-

534 4964 792 5018 simarum
827 4968 1189 5033 adenmtione,
1224 4971 1553 5026 maroribus
1592 4989 1758 5043 prope
1794 4977 2111 5044 conficiens,

534 5064 589 5109 et
639 5057 791 5124 quasi
822 5057 931 5126 jam
982 5058 1208 5113 afﬂictas
1263 5064 1315 5115 in
1368 5064 1686 5119 memoriam
1737 5069 2113 5138 prosperitatis

536 5147 811 5217 eleganter
860 5162 1107 5217 revocat,
1163 5160 1220 5206 ut
1272 5152 1572 5209 futurorum
1610 5162 2015 5229 exspectatione
2059 5172 2116 5217 et

539 5240 840 5295 terroribus
888 5243 1011 5297 inde
1064 5245 1543 5314 provenientibus,
1604 5248 1715 5305 imo
1764 5251 2119 5309 intolerandis

537 5330 938 5388 calamitatibus
976 5337 1231 5404 percellat
1281 5338 1654 5408 vehementer,
1711 5360 1820 5414 quo
1866 5360 1961 5401 eas
2008 5356 2118 5402 tra-

539 5419 784 5475 ducatad
822 5422 1187 5490 honestatem,
1220 5426 1652 5500 persuadeatque
1687 5435 1753 5488 ad
1788 5435 1883 5490 Dei
1919 5435 2116 5506 placita

540 5526 845 5568 recurrere.
897 5516 1181 5589 Continget
1235 5519 1447 5590 igitur,'
1482 5537 1588 5578 non
1644 5525 1853 5595 solum,
1905 5526 2114 5592 inquit,

544 5614 737 5660 ornatu
782 5606 985 5676 privari
1045 5625 1138 5667 eas
1186 5627 1306 5683 qua:
1350 5619 1428 5673 sic
1472 5617 1837 5689 luxuriarunt,
1880 5624 1974 5677 sed
2015 5620 2119 5678 erit

2222 4885 2505 4956 συντήκων
2538 4886 2617 4948 εἰς
2646 4884 2843 4951 λύπας,
2893 4885 2986 4938 καὶ
3020 4886 3099 4949 είς
3127 4887 3435 4955 ἀνάμνησιν
3480 4885 3577 4955 τῆς
3603 4884 3805 4953 εὐημε-

2222 4977 2343 5048 ρίας
2376 4976 2452 5040 ὡς
2484 4977 2584 5049 ἤδη
2615 4978 2894 5041 παθούσας
2923 4974 3270 5047 ἀνακομίζων
3307 4977 3559 5039 ἀστείως,
3608 4976 3694 5029 ἵνα
3738 4978 3803 5044 τῇ

2218 5070 2327 5124 τῶν
2360 5070 2633 5140 ἐσομένων
2657 5070 2971 5141 προσδοκίᾳ,
3004 5069 3233 5132 καὶτοῖς
3277 5067 3527 5121 ἐντεῦθεν
3563 5068 3802 5136 δείμασι,

2224 5163 2425 5234 μᾶλλον
2476 5163 2533 5214 δὲ
2577 5164 2671 5216 καὶ
2720 5165 3012 5235 ἁφορήτοις
3063 5163 3369 5233 συμφοραῖς
3419 5162 3806 5230 καταπτοήσας

2222 5254 2435 5326 γοργῶς
2472 5256 2786 5327 μεταστήσῃ
2834 5254 2969 5325 πρὸς
3018 5253 3338 5323 εὐκοσμίαν,
3396 5252 3489 5304 καὶ
3528 5253 3609 5314 εἰς
3638 5251 3700 5303 τὸ
3729 5250 3808 5319 τῷ

2223 5347 2342 5419 Θεῴ
2369 5346 2559 5400 δοκοῦν
2587 5347 2858 5420 ἀναπείσῃ
2888 5344 3289 5417 παλινδρομεῖν.
3322 5343 3670 5415 Συμϐήσεται
3698 5342 3807 5396 soi-

2223 5451 2338 5497 νυν,
2374 5434 2557 5504 φησὶν,
2609 5434 2708 5487 οὐκ
2737 5435 2795 5486 ὲν
2828 5435 2965 5507 μόνῃ
2998 5437 3251 5505 στερήσει
3279 5433 3371 5487 τοῦ
3402 5434 3611 5503 κόσμου
3651 5431 3807 5500 γενέ-

2225 5524 2349 5579 σθαι
2378 5526 2478 5589 τὰς
2516 5524 2659 5579 οὓτω
2691 5526 3002 5598 τρυφώσας,
3049 5525 3186 5579 ἀλλά
3225 5525 3336 5596 γὰρ
3369 5525 3463 5578 καὶ
3501 5524 3654 5577 ἔσται
3685 5524 3809 5577 ἀντὶ

2223 5620 2398 5691 ὀσμῆς
2432 5619 2632 5692 ἡδείας,
2689 5620 2982 5692 κονιορτὸς,
3023 5618 3169 5674 τοῦτ’
3196 5617 3363 5689 ἔστιν,
3420 5617 3540 5673 ἀντὶ
3593 5616 3700 5671 τῶν
3729 5616 3809 5671 oio

584 5748 585 5751 ¹
617 5766 663 5799 ⁸ο
691 5764 886 5824 Ezech.
923 5785 1032 5837 xw,
1067 5770 1220 5828 8-l5.
1299 5775 1340 5809 ἰ
1378 5776 1548 5834 ICor.
1588 5793 1640 5845 κ,
1687 5779 1761 5833 12
1847 5780 1889 5812 ³³
1923 5777 2063 5836 Psal.
2106 5795 2255 5847 xm,
2288 5778 2332 5839 ὃ.
