4094 6366
286 408 400 464 ΙΞὸ

1425 395 1492 449 ΙΝ
1535 391 1772 453 ISAIAM
1811 390 1939 446 LIB.
1987 390 2025 443 Ι.
2061 383 2272 442 ORAT.
2311 381 2399 436 Ill.

287 543 408 578 κων
440 522 550 576 τῶν
584 519 1020 591 τεθυμιαμένων,
1058 515 1356 587 όδοιπορίαι
1406 514 1613 586 μακραὶ
1658 512 1752 566 καὶ
1783 527 1874 562 κο-

1996 507 2141 559 :tiam
2182 504 2289 557 illis
2323 515 2423 568 pro
2461 498 2820 552 odoramento
2853 487 3005 545 suavi
3051 485 3214 547 cinis,
3249 483 3300 536 i.l
3331 489 3433 544 est,
3463 494 3564 550 pro

285 612 623 684 νιορτώδεις,
667 607 1095 679 ἀποφερομένων
1134 604 1316 659 αὐτῶν
1367 607 1448 667 εἰς
1500 600 1878 673 αἰχμαλωσίαν

285 705 589 776 τρυφεροῖς
628 701 709 754 ἔτι
752 700 901 754 ποσί.
929 698 1041 752 Καὶ
1075 697 1196 766 οὐχὶ
1238 695 1303 766 δὴ
1335 694 1494 748 τοῦτο
1531 696 1713 764 μόνον,
1743 691 1880 744 άλλά

286 798 407 867 γὰρ
434 796 528 848 καὶ
559 794 772 848 ἔσονται
801 793 894 845 καὶ⁵
917 794 974 845 ὲν
993 792 1256 861 σχήματι,
1286 789 1376 841 καὶ
1410 789 1466 840 ὲν
1497 787 1624 840 εῖδει
1653 784 1731 856 τῷ
1757 783 1878 837 λίαν

287 887 651 958 ἀτιμωτάτῳ,
686 886 763 948 ὡς
789 884 911 938 ἀντὶ
948 882 1124 950 ζώνης
1154 880 1364 951 χρυσῆς
1410 877 1626 948 σχοινίῳ
1659 877 1878 947 περιδε-

281 979 481 1033 δέσθαι
511 979 678 1050 μόνῳ,
731 977 827 1029 καὶ
868 977 925 1028 ὲν
957 972 1256 1045 γυμνότητι
1303 969 1549 1040 κεφαλῆς
1581 969 1748 1038 ἤγουν
1779 983 1883 1035 φα-

285 1071 641 1141 λακρώματι,
669 1069 850 1122 καίτοι
873 1068 1040 1122 πάλαι
1070 1067 1290 1138 χρυσοῖς
1313 1061 1608 1131 κοσύμϐοις
1626 1062 1884 1128 ἀνεσφιγ-

293 1164 485 1235 μένης.
521 1165 759 1233 ’Ἄμφιον
802 1162 861 1214 δὲ
899 1161 1112 1214 δίδωσιν
1163 1159 1376 1220 αὐταῖς,
1401 1157 1430 1209 ὃ
1462 1157 1580 1218 ταῖς
1606 1151 1884 1224 αἰχμαλώ-

289 1271 414 1318 ταις
443 1255 678 1326 πρέπον,
695 1251 839 1322 παχύ
861 1268 918 1304 τε
950 1251 1043 1304 καὶ¹
1065 1250 1303 1314 εὐτελὲς,
1322 1248 1350 1301 ὃ
1367 1248 1457 1301 καὶ
1473 1243 1730 1316 ὀνομάζει
1759 1243 1886 1296 σάκ-

290 1363 410 1406 κον,
461 1345 556 1396 καὶ
584 1343 742 1396 τοῦτο
770 1343 962 1404 αὑταῖς
1004 1341 1125 1393 ἀντὶ
1152 1338 1246 1392 τοῦ
1275 1336 1690 1409 μεσοπορφύρου
1721 1333 1887 1406 χιτῶ-

291 1455 381 1501 νος
403 1438 501 1490 καὶ
521 1435 811 1508 τρυφερῶν
841 1433 1179 1505 ἐσθημάτων.
1196 1431 1544 1502 Προσεπάγει
1567 1429 1625 1482 δὲ
1648 1426 1884 1489 τούτοις,

291 1529 374 1579 δτι
408 1527 519 1578 Καὶ
557 1526 584 1576 ὁ
614 1525 729 1587 υἱός
763 1541 856 1576 σου
883 1526 911 1577 ὀ
943 1523 1248 1586 κάλλιστος,
1277 1521 1334 1576 ὃν
1359 1521 1599 1590 ἀγαπᾷς,
1640 1517 1888 1589 μαχαίρᾳ

291 1621 567 1670 πεσεῖται.
603 1617 764 1677 Ἐθος
813 1615 924 1685 γὰρ
960 1617 1070 1678 τοῖς
1111 1613 1292 1666 ἑλοῦσι
1333 1612 1489 1666 πόλιν
1522 1612 1555 1682 ἢ
1588 1611 1796 1682 χώραν,
1827 1607 1888 1673 ἐξ

293 1711 465 1779 αὐτῆς
493 1707 765 1779 ἁρπάζειν
804 1707 988 1778 θήλεις
1031 1705 1125 1759 καί¹
1171 1705 1386 1758 κόλπων
1427 1704 1654 1774 μητρὸς,
1691 1704 1760 1755 τά
1801 1716 1887 1770 μι-

294 1805 408 1873 κρά
456 1820 516 1855 τε
565 1803 656 1855 καὶ
699 1801 983 1854 ὑποτίτθια
1031 1799 1203 1870 βρέφη
1255 1797 1501 1869 φονεύειν
1551 1794 1753 1866 ὠμῶς,
1798 1793 1886 1845 ἵνα

373 1887 550 1920 ἓξνῆοὲκ

296 1887 567 1956 βαδίζοιεν
607 1888 662 1940 αἱ
696 1887 900 1938 τούτων
935 1885 1168 1956 μητέρες
1197 1885 1257 1936 ού
1298 1861 1752 1954 πεφορτισμέναι,
1793 1878 1888 1931 καὶ
1919 1861 1963 1918 Β

297 1980 372 2051 μὴ
395 1983 464 2050 τῇ
493 1978 598 2032 τῶν
629 1978 840 2049 νηπίων
864 1977 1105 2048 φροντίδι
1133 1972 1587 2046 κατηχθισμέναι.
1616 1967 1825 2024 Οὐκοῦν
1852 1967 1886 2039 ἢ

294 2072 442 2124 κατὰ
471 2070 661 2124 τοῦτον
687 2071 777 2122 τὸν
801 2070 1001 2139 τρόπον
1035 2069 1280 2140 μαχαίρᾳ.
1312 2065 1597 2120 πεσεῖσθαί
1625 2079 1758 2134 φησι
1796 2060 1888 2114 τὸν

294 2163 586 2231 ἀγαπητὸν
615 2161 809 2223 αὑταῖς
837 2161 971 2226 υἱον,
1007 2159 1038 2231 ἢ
1073 2160 1167 2212 καὶ
1194 2158 1397 2228 ἑτέρως
1430 2156 1760 2227 μαχόμενον,
1795 2151 1889 2205 καὶ

294 2259 364 2326 τῇ
398 2255 512 2308 τῶν
544 2254 822 2324 πολεμίων
857 2253 1129 2306 τεθνεῶτα
1167 2251 1329 2322 χειρί.
1357 2249 1657 2319 Πενθήσειν
1693 2263 1758 2316 γε
1783 2244 1888 2317 μὴν

295 2347 397 2410 τὰς
421 2345 600 2417 θήκας
631 2345 736 2416 ἔφη
762 2343 857 2399 τοῦ
883 2345 1089 2416 κόσμου
1119 2343 1316 2409 αὐτῶν,
1341 2343 1440 2414 οὐχ
1461 2343 1537 2405 ὡς
1559 2340 1671 2394 τῶν
1698 2337 1890 2408 αἰσθη-

297 2437 410 2492 τῶν
447 2437 631 2508 θηκῶν
664 2438 884 2491 πενθεῖν
913 2437 1248 2508 δυναμένων,
1274 2435 1387 2490 ἀλλ’
1405 2434 1482 2498 ὡς
1514 2433 1579 2487 ἂν
1609 2432 1770 2495 εἴτις
1795 2429 1887 2482 λέ·-

297 2546 389 2598 γοι
444 2530 538 2582 καὶ¹
587 2525 735 2583 οἷκον
784 2529 998 2583 πενθεῖν
1036 2529 1247 2592 οὐδενὸς
1296 2525 1572 2588 οἰκοῦντος
1619 2525 1676 2577 ὲν
1715 2521 1886 2593 αὐτῷ.

298 2618 650 2690 Προσεπάγει
685 2619 743 2674 δὲ
772 2619 982 2683 τούτοις
1019 2619 1102 2682 τὸ,
1136 2619 1246 2673 Καὶ
1279 2615 1689 2688 καταλειφθήσῃ
1727 2616 1886 2686 μόνη.

299 2713 395 2764 καὶ
422 2714 503 2775 εἰς
537 2712 642 2783 γῆν
675 2711 1032 2782 ἐδαφισθήσῃ,
1064 2709 1207 2763 τοῦτ’
1238 2708 1406 2771 ἐστιν,
1444 2707 1542 2778 ἔσῃ
1569 2724 1654 2770 τις
1682 2705 1890 2777 ἐλεεινὴ

300 2807 396 2859 καὶ
419 2823 550 2859 κατε
560 2805 860 2877 ρριμμένη,
888 2805 982 2857 καὶ
1000 2801 1110 2856 οἷον
1135 2805 1214 2863 είς
1236 2802 1340 2872 γῆν
1366 2801 1615 2872 κειμένη.
1641 2800 1890 2863 Τοιοῦτος

300 2899 414 2970 ¹γάρ
461 2916 579 2962 πως
621 2899 650 2950 ό
691 2898 804 2968 βίος
841 2897 948 2951 τῶν
989 2898 1046 2950 ὲν
1079 2893 1430 2966 αἰχμαλωσίᾳ.
1461 2893 1556 2948 καὶ
1593 2892 1887 2962 ἀθλιότητι,

301 2991 400 3045 καὶ
429 2991 642 3062 σκληρᾷ
670 2992 765 3044 καὶ
792 2990 1051 3062 ἀφορήτῳ
1083 2987 1314 3058 δουλεία.
1351 2985 1642 3040 Πάνδεινον
1668 2979 1761 3038 οῦν
1782 2985 1891 3054 ἄρα

299 3084 363 3137 τὸ
389 3083 768 3154 προσκροῦσαι
797 3082 937 3152 Θεῷ,
970 3083 1065 3136 καὶ
1102 3080 1198 3134 τοῦ
1230 3082 1288 3134 ὲν
1315 3079 1513 3150 ψυχαῖς
1548 3078 1892 3148 καταφρονῆ-

305 3194 396 3232 σαι
425 3177 677 3240 κάλλους.
703 3177 842 3241 Τοὺς
867 3177 1060 3256 γάρτοι
1084 3174 1204 3227 λίαν
1239 3171 1669 3234 ἁπονενευκότας
1705 3170 1798 3222 ἐπὶ
1830 3165 1891 3221 τὸ
1919 3212 1961 3270 C

305 3269 574 3340 ῥᾴθυμον,
608 3269 806 3330 παντὸς
841 3267 1084 3337 ἐξίστησι
1117 3265 1324 3336 κόσμου
1359 3264 1510 3326 Θεὸς,
1543 3263 1699 3334 δῆλον
1727 3261 1782 3315 δὲ
1810 3261 1891 3314 ὅτι

301 3362 396 3414 τοῦ
443 3359 660 3432 νοητοῦ,
701 3362 796 3414 καὶ
839 3360 1078 3430 γυμνοὺς
1116 3358 1401 3427 ἀποφήνας
1439 3356 1661 3420 ἁπάσης
1690 3354 1893 3426 ἀρετῆς

303 3452 652 3523 παραδίδωσι
676 3454 788 3513 τοῖς
815 3450 1045 3521 ἐχθροῖς.
1081 3448 1238 3503 Οὕτω
1264 3448 1444 3520 φαμὲν
1471 3447 1715 3501 δεδόσθαι
1743 3445 1896 3508 τινάς

303 3546 386 3608 είς
422 3545 683 3614 ἀδόκιμον
707 3542 853 3608 νοῦν,
889 3543 986 3596 καὶ
1015 3542 1094 3607 είς
1127 3541 1276 3612 πάθη
1301 3541 1543 3611 ἀτιμίας.
1574 3539 1896 3608 Συνέχοντος

307 3638 406 3706 μὲν
453 3636 566 3707 γὰρ
606 3637 753 3708 ἡμᾶς
801 3637 881 3699 είς
918 3636 1074 3703 ἰσχὺν
1113 3635 1213 3706 τὴν
1259 3632 1636 3704 πνευματικὴν
1669 3631 1763 3684 τοῦ
1804 3631 1897 3683 ἐπὶ

307 3729 522 3790 πάντας
553 3727 708 3793 Θεοῦ,
730 3725 1068 3796 διασώζομεν
1097 3727 1156 3778 ὲν
1186 3727 1398 3787 ἑαυτοῖς
1434 3725 1493 3778 τὸ
1519 3723 1774 3795 λαμπρὸν
1800 3723 1899 3793 τῆς

309 3821 451 3884 ιδίας
480 3819 696 3888 φύσεως
723 3820 937 3882 κάλλος.
979 3817 1330 3888 Ἀφιστάντος
1349 3818 1405 3872 δὲ
1435 3817 1530 3889 τὴν
1555 3815 1895 3887 ἐπικουρίαν,

306 3913 512 3984 γυμνοὶ
552 3904 616 3984 δὴ
655 3912 873 3976 πάντως
908 3911 1145 3982 ἐσόμεθα
1171 3910 1373 3974 παντὸς
1407 3909 1634 3978 ἀγαθοῦ,
1671 3907 1900 3962 καὶτῶν

309 4005 389 4070 hil
409 4005 615 4076 ἀρετῆς
654 4004 988 4075 αὐχημάτων
1028 4002 1393 4066 ἀποϐαλόντες
1435 4001 1535 4072 τὴν
1567 4001 1896 4072 ὡραιότητα,

308 4101 426 4161 τοῖς
468 4099 571 4168 τῆς
602 4098 825 4167 ἀτιμίας
854 4095 1080 4150 πάθεσιν
1107 4093 1530 4166 ύποκεισόμεθα,
1563 4093 1656 4147 καὶ
1678 4092 1901 4146 δουλεύ-

313 4206 484 4260 σομεν
509 4189 747 4260 ἐχθροῖς,

386 4283 500 4336 Καὶ
575 4281 980 4351 ἐπιλήψονται
1037 4280 1188 4335 ἑπτὰ
1245 4279 1528 4350 γυναῖκες
1588 4275 1903 4346 ἀνθρώπου

311 4376 476 4440 ἐμὲ-ς,
525 4372 838 4443 λέγουσαι·
874 4373 984 4426 Τὸν
1014 4371 1196 4440 ἄρτον
1233 4367 1402 4439 ἡμῶν
1443 4369 1768 4439 μαχόμεθα.
1804 4367 1904 4422 καὶ

312 4467 387 4522 τὰ
435 4465 636 4535 ἱμάτια
667 4465 836 4534 ἡμῶν
871 4462 1362 4533 περιϐαλούμεθα.
1409 4461 1578 4528 πλὴν
1613 4459 1680 4513 τὸ
1719 4459 1907 4528 ὄνομα

1981 598 2233 653 domibus
2280 592 2510 656 suliitis,
2543 585 2910 659 profectiones
2955 578 3140 635 multa:
3188 586 3243 630 et
3309 573 3567 644 pulveru-

1983 688 2180 752 lentae,
2238 700 2360 740 cum
2420 684 2474 737 in
2527 677 2900 745 captivitatem
2950 669 3309 730 abducentur,
3341 662 3568 734 pedibus

1981 780 2162 834 adhuc
2198 777 2398 832 teneris
2439 784 2494 828 et
2521 767 2842 826 delicalulis.
2873 763 2983 819 Nec
3015 762 3070 816 id
3109 759 3302 822 solum,
3333 756 3427 810 sed
3461 757 3570 807 l'or-

1982 889 2070 928 ma
2123 886 2187 925 ac
2241 868 2424 938 Specie
2473 872 2634 920 erunt
2662 874 2823 930 quam
2871 853 3256 924 abjectissima,
3311 859 3370 903 ut
3419 862 3569 901 zonae

1981 970 2158 1019 aureae
2195 962 2332 1024 loco,
2363 958 2480 1015 solo
2506 955 2634 1010 fune
2671 948 3142 1016 circumligentur,
3184 942 3570 1013 patienturqne

1965 1035 2284 1110 nuditatem
2314 1049 2532 1120 capitis,
2567 1043 2846 1100 calvitium
2875 1037 3106 1100 scilicet,
3140 1033 3267 1087 licet
3295 1030 3568 1098 quondam

1983 1147 2165 1202 aureis
2190 1142 2514 1214 capillorum
2539 1137 2697 1192 nodis
2725 1131 3035 1189 redimitum
3070 1124 3253 1181 fuerit.
3281 1121 3570 1176 Indumen-

1987 1249 2098 1296 lum
2138 1239 2303 1294 etiam
2357 1235 2452 1289 dat
2503 1231 2610 1286 illis
2665 1229 2882 1298 dignum
2931 1219 3182 1290 captivis,
3222 1228 3464 1270 crassum
3515 1218 3572 1262 et

1985 1331 2114 1396 vile,
2170 1327 2313 1398 quod
2365 1339 2584 1382 saccum
2634 1319 2896 1381 nominat,
2943 1313 3104 1381 idque
3138 1316 3444 1380 purpuratae
3475 1316 3570 1356 ve-

1988 1394 2330 1478 stis—etlauti
2360 1419 2592 1472 amictus
2618 1414 2756 1467 vice.
2795 1405 3086 1477 Subiungit
3113 1414 3309 1473 porro:
3332 1396 3398 1451 Et
3429 1394 3573 1448 ﬁlius

1988 1525 2114 1569 tuus
2136 1511 2562 1584 pulcherrimus,
2598 1518 2758 1574 quem
2799 1510 2854 1555 tu
2891 1497 3093 1567 diligis,
3124 1492 3301 1561 gladio
3329 1495 3568 1544 corruet.

1988 1608 2084 1661 Est
2116 1605 2261 1659 enim
2303 1602 2354 1655 id
2404 1579 2476 1653 in
2505 1611 2655 1651 more
2685 1593 2770 1648 his
2802 1590 2891 1660 qui
2930 1587 3209 1658 regionem
3240 1581 3458 1649 capiunt
3488 1575 3571 1630 vel

1990 1700 2203 1761 urbem,
2241 1692 2497 1766 parvulos
2526 1689 2594 1742 ab
2623 1685 2754 1753 ipsis
2789 1681 3045 1736 uberibus
3072 1685 3125 1731 et
3154 1690 3183 1728 e
3216 1671 3420 1743 gremio
3453 1684 3574 1722 ma-

1989 1795 2119 1860 tris,
2158 1802 2214 1847 et
2269 1788 2369 1845 sub
2404 1781 2710 1842 nutricibus
2753 1777 2891 1831 altos
2935 1768 3229 1826 infantulos
3275 1778 3462 1833 rapere
3517 1768 3573 1812 et

1988 1887 2244 1944 occidere
2280 1878 2593 1941 crudeliter,
2629 1887 2737 1944 quo
2765 1872 2845 1926 ire
2878 1865 3088 1938 possint
3136 1868 3338 1914 matres
3385 1868 3570 1910 eorum

1989 1994 2096 2032 non
2139 1983 2381 2038 onustae,
2419 1983 2520 2025 nec
2554 1963 2903 2038 parvulorum
2949 1957 3187 2028 pondere
3217 1964 3440 2023 pressat.
3479 1944 3575 2000 Vel

1987 2081 2120 2138 ergo
2155 2067 2235 2120 sic
2273 2061 2448 2132 gladio
2485 2067 2805 2112 occasurum
2841 2049 2917 2103 ait
2953 2046 3212 2101 dilectum
3266 2040 3374 2111 72
3425 2040 3575 2105 ipsa-

1989 2175 2109 2214 rum
2162 2156 2353 2216 lilium,
2385 2150 2473 2203 vel
2507 2149 2671 2203 etiam
2711 2145 2764 2197 iu
2807 2139 2993 2212 praelio
3027 2144 3083 2191 et
3132 2132 3371 2188 hostium
3411 2140 3574 2182 manu

1989 2248 2359 2306 interfectum.
2402 2236 2725 2296 Ploraturas
2748 2243 2926 2288 autem
2957 2229 3090 2285 dicit
3121 2224 3330 2280 arculas
3353 2229 3579 2274 ornatus

1989 2344 2258 2414 ipsarum,
2288 2351 2393 2391 non
2437 2333 2592 2403 quasi
2635 2343 2796 2384 sensu
2834 2322 3071 2395 praedita
3115 2319 3226 2373 sint
3263 2313 3482 2375 arcnlae,
3518 2320 3577 2363 ut

1990 2435 2204 2506 plorare
2247 2436 2487 2500 possent,
2523 2423 2616 2478 sed
2648 2419 2870 2491 perinde
2908 2429 2973 2469 ac
3007 2413 3051 2468 si
3079 2410 3276 2466 dixerit
3309 2405 3574 2474 quispiam

1991 2527 2175 2596 lugere
2215 2525 2460 2585 domum,
2495 2532 2617 2570 cum
2653 2526 2812 2567 nemo
2843 2510 2896 2564 in
2942 2522 3006 2562 ea
3038 2501 3265 2559 habilet.
3317 2495 3577 2553 Producit

1991 2627 2062 2682 ad
2099 2626 2213 2680 haec
2242 2631 2298 2677 et
2328 2618 2462 2674 illud
2490 2635 2506 2674 :
2536 2610 2879 2680 lielinqueris
2907 2605 3048 2669 sola,
3091 2610 3146 2654 et
3195 2599 3248 2652 in
3281 2604 3479 2650 terram
3510 2589 3578 2644 ad

1991 2720 2356 2793 pavimentum
2402 2705 2787 2781 prosterneris,
2841 2700 2894 2754 id
2935 2704 3040 2760 est,
3101 2692 3300 2746 misera
3356 2686 3462 2740 eris
3525 2693 3580 2737 et

1992 2775 2266 2886 proiecta,
2304 2813 2358 2861 et
2386 2805 2534 2858 velut
2561 2797 2711 2855 humi
2751 2793 2964 2863 iacens.
3003 2787 3128 2842 Haec
3161 2781 3428 2852 siquidem
3465 2775 3581 2830 fere

1991 2870 2077 2961 est
2121 2903 2228 2955 vita
2275 2911 2464 2954 eorum
2509 2890 2602 2962 qui
2643 2885 2978 2955 captivitate,
3021 2879 3113 2948 qui
3166 2871 3444 2936 aerumnis,
3485 2870 3581 2937 qui

1993 3009 2184 3065 aspera
2217 3002 2275 3046 et
2313 2959 2638 3043 intolerabili
2673 2977 2932 3035 servitute
2961 2976 3299 3040 premuntur.
3334 2963 3430 3017 Est
3481 2959 3584 3029 igi-

1995 3053 2082 3143 tur
2118 3082 2533 3157 gravissimum,
2585 3075 2751 3128 Deum
2783 3065 3081 3126 olIendere,
3137 3067 3193 3114 et
3241 3055 3406 3110 animi
3463 3053 3584 3122 pul-

1994 3176 2356 3234 chritudinem
2428 3165 2814 3236 parviducere.’
2852 3157 2953 3225 Qui
3025 3151 3173 3207 enim
3234 3145 3466 3219 ignavia)
3523 3157 3585 3197 se

1997 3269 2201 3324 dedunt
2230 3274 2284 3318 et
2319 3257 2551 3329 torpori,
2585 3270 2679 3309 eos
2736 3253 2881 3306 Deus
2924 3244 3072 3301 omni
3112 3248 3303 3297 ornatu
3353 3236 3569 3305 spoliat,

1995 3359 2204 3416 scilicet
2231 3328 2427 3408 mentis
2455 3358 2510 3404 et
2537 3346 2868 3406 intellectus,
2904 3354 2968 3394 ac
3000 3336 3145 3393 omni
3173 3334 3374 3387 virtute
3410 3328 3585 3382 nuda-

1997 3462 2082 3508 tos
2126 3447 2292 3504 tradit
2332 3443 2604 3499 hostibus.
2654 3438 2731 3492 Ita
2777 3435 3005 3489 dicimus
3041 3429 3256 3497 aliquos
3299 3425 3352 3477 in
3400 3434 3589 3489 repro-

2005 3543 2129 3596 bam
2175 3551 2413 3592 mentem
2450 3541 2504 3587 et
2550 3527 2986 3602 perturbationes
3035 3517 3424 3590 ignominiosus
3477 3523 3591 3566 tra-

1997 3633 2141 3687 ditos
2213 3641 2354 3683 esse.
2425 3623 2562 3676 Dunt
2624 3619 2769 3674 enim
2822 3615 2964 3668 Deus
3031 3610 3120 3679 qui
3182 3621 3345 3674 super
3399 3616 3588 3656 omnes

1999 3725 2140 3779 Deus
2163 3730 2267 3784 est,
2306 3732 2403 3772 nos
2439 3717 2634 3770 robore
2671 3705 2940 3780 spirituali
2979 3702 3222 3757 continet
3262 3707 3316 3752 et
3347 3703 3588 3758 coercet,

1992 3816 2296 3882 retinemus
2351 3810 2404 3862 in
2466 3804 2624 3860 nobis
2690 3796 3032 3871 splendidum
3090 3791 3327 3862 propriae
3384 3800 3590 3842 natura:

2001 3911 2274 3964 decorem.
2307 3900 2402 3956 Sin
2453 3911 2612 3968 Opem
2645 3907 2800 3950 suam
2850 3888 3157 3949 subtrahat,
3190 3880 3447 3937 denudati
3479 3878 3577 3933 eri-

2003 4017 2125 4058 mus
2152 3997 2402 4054 omnibus
2446 3991 2601 4046 bonis
2648 3986 3050 4050 virtutibusque
3078 4021 3094 4047 ,
3125 3986 3180 4033 et
3219 3977 3425 4046 abiecta
3457 3971 3584 4041 pul-

2003 4091 2342 4153 chritudine,
2374 4085 2534 4141 [tedis
2574 4081 2860 4136 all'ectibus
2892 4073 3330 4134 succumbemus,
3367 4085 3432 4121 ac
3477 4081 3595 4120 ser-

2005 4185 2218 4239 viemus
2245 4175 2514 4232 hostibus.

2079 4272 2211 4327 Car.
2246 4269 2333 4323 ιν.
2378 4267 2542 4321 Vsus.
2580 4262 2633 4316 l.
2678 4259 2742 4314 Et
2788 4258 3173 4329 apprehenderat
3221 4251 3466 4306 mulieres
3520 4265 3596 4302 se.

2005 4379 2144 4438 ptem
2178 4377 2339 4416 unum
2385 4359 2582 4418 virum,
2625 4354 2898 4407 dicentes:
2936 4349 3137 4403 Panem
3184 4355 3423 4400 nostrum
3473 4340 3597 4394 ede—-

2008 4476 2154 4522 ntus,
2215 4462 2265 4507 et
2317 4443 2632 4506 vestimentis
2707 4446 2900 4498 nostris
2975 4443 3302 4510 aperientur;
3361 4444 3598 4487 tantum-

311 4560 383 4614 τὸ
417 4560 538 4614 σὸν
561 4556 876 4622 κεκλήσθω
895 4527 988 4626 ἐφ’
1009 4527 1403 4625 ἡμᾶς,νᾶφελε
1428 4527 1533 4607 edn
1557 4527 1896 4619 ὀνειδισμὸν

2005 4553 2157 4606 modo
2189 4561 2373 4601 nomen
2410 4552 2561 4596 tuum
2601 4554 2757 4607 super
2790 4553 2882 4590 nos
2918 4545 3153 4596 vocetur,
3195 4530 3350 4598 aufer
3375 4527 3600 4580 dedecus

313 4644 511 4717 ἡμῶν.

386 4737 739 4808 Διαπεράνας
771 4729 830 4789 εὖ
867 4735 1012 4807 μάλα
1052 4734 1144 4788 τὸν
1173 4733 1350 4802 λόγον,
1385 4734 1478 4786 ἐπί
1515 4751 1580 4801 γε
1611 4734 1730 4798 ταῖς
1771 4731 1904 4784 Ἰου-

316 4831 484 4884 δαίων
515 4826 728 4896 γυναιξὶ
756 4827 876 4888 ταῖς
908 4829 971 4878 ἐκ
999 4824 1210 4895 τρυφῆς
1241 4825 1334 4878 καὶ
1366 4823 1594 4876 πλούτου
1629 4823 1907 4893 βαδιουμέ-

319 4940 442 4985 ναις
466 4923 546 4982 εἰς
579 4918 975 4991 αἰχμαλωσίαν,
1009 4918 1262 4985 πειρᾶται
1285 4915 1568 4981 δεικνύειν,
1605 4917 1684 4968 ὅτι
1715 4914 1907 4968 κέναν-

321 5015 437 5082 δροι
471 5012 570 5082 μὲν
593 5014 650 5063 αἱ
679 5009 782 5080 τῆς
814 5007 1073 5070 Ἰουδαίας
1096 5007 1429 5076 ἁπομενοῦσι
1456 5007 1657 5070 πόλεις,
1692 5005 1906 5058 ἔσονται

320 5106 380 5159 δὲ
435 5105 532 5158 καὶ
576 5107 636 5156 ὲν
689 5102 884 5155 σπάνει
925 5099 1092 5170 πολλῇ
1130 5099 1237 5152 τῶν
1274 5099 1439 5153 πάλαι
1485 5097 1908 5170 μαχιμωτάτων.

329 5197 475 5268 Ἔφη
493 5198 624 5268 γάρ,
646 5197 728 5249 ὅτι
751 5215 769 5246 ‹
794 5195 1000 5256 Πάντες
1022 5195 1070 5247 οί
1093 5192 1366 5263 ἰσχύοντες
1386 5193 1415 5244 ὑ
1424 5191 1540 5262 μῶν
1559 5191 1803 5262 μαχαίρᾳ.
1819 5207 1914 5242 πε-

329 5290 570 5348 τοῦνται.
585 5309 602 5341 ι
639 5287 772 5341 Ποία
794 5305 877 5350 τις
897 5281 990 5339 οὖν
1012 5279 1087 5339 ὧν
1108 5285 1291 5355 ἕφηνὴ
1309 5284 1500 5349 δεῖξις;
1531 5283 1746 5351 εὐφυῶς
1774 5281 1913 5350 ἄγαν

326 5384 424 5439 καί
449 5380 680 5443 ἀστείως
702 5379 1106 5449 ἐσκευασμένη.
1134 5379 1319 5450 Νόμου
1339 5379 1448 5449 γὰρ
1465 5377 1530 5448 δὴ
1557 5377 1652 5430 τοῦ
1674 5376 1763 5430 διὰ
1783 5378 1914 5430 Μω-

334 5475 467 5536 σέως
497 5472 752 5541 λέγοντος
777 5473 891 5534 τοῖς
925 5472 1060 5535 υἱοῖς
1109 5470 1347 5542 Ἰσραὴλ,
1385 5487 1404 5520 ι
1436 5469 1549 5522 Ούκ
1572 5468 1725 5522 ἔσται
1752 5469 1808 5521 ἕν
1833 5486 1914 5521 σοι

333 5567 524 5634 ἄγονος
562 5566 685 5618 οὐδὲ
729 5565 938 5635 στείρα·
976 5585 993 5614 ›
1035 5567 1092 5617 ἐν
1139 5565 1386 5635 ἐσχάτοις
1411 5561 1734 5632 ὀνειδισμοῖς
1765 5562 1912 5631 παρὰ

335 5660 445 5720 τοῖς
482 5657 759 5720 Ἰουδαίοις
782 5657 1062 5725 λελόγιστο
1087 5657 1145 5709 τὸ
1166 5659 1396 5726 γυναῖκα
1425 5655 1498 5729 μὴ
1524 5657 1726 5722 τεκεῖν,
1749 5655 1914 5725 ἤγουν

404 5815 450 5846 ⁸³
477 5815 631 5870 Deut.
660 5828 762 5879 vn,
794 5811 876 5866 l4.

2008 4647 2266 4694 nostrum.

2081 4726 2311 4782 Pulchre
2369 4721 2482 4790 jam
2538 4715 2798 4772 conclusa
2856 4712 3106 4767 oratione
3174 4711 3240 4763 de
3289 4706 3600 4761 Judzeorum

2010 4817 2346 4879 mulieribus,
2385 4820 2606 4883 propter
2640 4808 2823 4860 luxum
2853 4813 2908 4858 et
2929 4798 3260 4870 opulentiam
3287 4798 3338 4851 in
3373 4796 3602 4865 captivi-

2013 4920 2179 4966 tatem
2216 4905 2494 4966 venturis,
2547 4897 2842 4954 ostendere
2886 4902 3117 4950 conatur
3196 4888 3395 4944 Judaea:
3443 4888 3606 4942 urbes

2015 5003 2148 5058 viris
2182 5001 2346 5055 orbas
2374 5007 2680 5054 mansuras,
2721 4987 2838 5043 [ore
2870 4986 3035 5040 etiam
3068 4983 3289 5038 multam
3325 4980 3604 5034 hominum

2017 5094 2289 5166 quondam
2335 5083 2819 5143 bellacissimorum
2871 5076 3126 5144 inopiam.
3178 5073 3314 5127 Nam
3347 5072 3604 5127 dixerat:

2023 5165 2051 5242 ἑ
2083 5186 2286 5243 Omnes
2336 5177 2689 5250 praevalenlcs
2737 5172 2879 5225 inter
2909 5183 3004 5222 vos
3050 5165 3227 5236 gladio
3261 5174 3538 5221 corruent.
3584 5180 3606 5214 ι

2017 5284 2088 5337 At
2117 5295 2240 5350 qua:
2285 5277 2500 5330 tandem
2533 5281 2616 5325 est
2650 5269 2844 5322 horum
2874 5277 2993 5330 qua:
3020 5262 3134 5316 dixi
3175 5254 3607 5313 demonstratio?

2017 5348 2189 5431 Valde
2210 5378 2536 5441 opportuna,
2567 5374 2622 5420 et
2673 5362 2808 5418 scite
2853 5357 3122 5412 instituta.
3157 5351 3291 5407 Cum
3321 5351 3465 5406 enim
3519 5348 3605 5401 lex

2019 5483 2117 5538 per
2156 5438 2339 5520 Mosen
2368 5463 2516 5517 dicat
2549 5458 2675 5513 ﬁliis
2714 5452 2876 5509 Israel
2907 5469 2921 5506 :
2951 5469 2971 5504 ι
3011 5445 3129 5503 Νοη
3163 5444 3270 5500 erit
3305 5443 3357 5498 in
3389 5449 3442 5495 te
3473 5438 3604 5496 orba

2019 5573 2198 5629 neque
2259 5555 2464 5612 sterilis
2503 5551 2573 5616 ⁵⁸,
2609 5569 2629 5603 ι
2667 5547 2906 5602 maximo
2941 5540 3140 5616 probro
3181 5537 3408 5593 dabatur
3463 5527 3603 5598 apud

2023 5651 2236 5708 Juda‘os
2279 5645 2557 5703 mulierem
2592 5656 2698 5698 non
2740 5649 2962 5709 parere,
3011 5631 3096 5689 vel
3149 5630 3201 5686 in
3239 5626 3369 5684 viris
3421 5622 3608 5680 haberi
