4094 6366
551 387 654 444 127

1578 394 1635 448 S.
1677 393 1951 449 CYBILLI
1994 394 2465 451 ALEXANDBINI
2505 399 2845 485 ΑιιωηΕΡ,

3712 398 3814 454 128

552 511 643 580 qui
704 508 893 565 liberis
936 518 1215 576 carerent;
1276 513 1458 567 statim
1505 514 1647 568 enim
1708 515 1815 569 illis
1861 515 2033 571 et'letae
2082 524 2125 570 et

2236 516 2428 584 ἄγονον
2452 513 2590 571 εἷναί
2621 535 2743 571 τινα
2768 516 2878 571 τῶν
2910 516 3206 570 τελούντων
3241 515 3299 567 ἑν
3323 515 3600 585 ἀνδράσιν.
3643 515 3818 580 Εὐθὺς

552 602 754 659 sterilis
787 601 994 658 macula
1022 603 1201 659 inusta
1239 612 1344 659 est.
1380 604 1543 673 Atqui
1571 607 1869 674 spiritualis
1900 609 2016 665 haec
2046 611 2131 665 lex

551 704 689 750 erat.
746 694 1003 749 Promisit
1054 696 1198 749 enim
1238 695 1614 752 universorum
1678 699 1820 755 Deus
1877 704 2129 759 lsraelent

554 783 970 854 intelligihilem,
1021 782 1126 839 hoc
1167 793 1272 847 est.
1305 798 1537 841 mentem
1571 788 1735 844 Deum
1768 795 2133 864 contemplan-

555 887 691 940 tem,
713 876 1105 932 infructuosam
1132 890 1237 930 non
1261 876 1376 933 fore
1394 893 1493 933 nec
1508 881 1765 947 sterilem,
1782 885 1876 939 sed
1899 886 2129 943 fertilem

553 966 755 1037 potius,
794 966 969 1021 instar
1002 968 1214 1021 eximia:
1253 969 1534 1040 cujusdam
1570 988 1634 1028 ac
1666 975 1906 1031 fecunda:
1949 988 2126 1035 terra}.

554 1057 660 1129 73
710 1057 905 1114 \‘erum
952 1060 1055 1115 hoc
1106 1059 1274 1117 Judaei
1340 1066 1635 1122 secundum
1696 1083 1913 1124 carnem
1974 1071 2132 1126 intel-

554 1150 813 1220 ligebant.
843 1154 1119 1211 Animales
1145 1156 1347 1226 quippe
1383 1168 1562 1227 erant,
1592 1161 1843 1230 spiritum
1894 1178 1999 1219 non
2035 1166 2131 1220 ha-

554 1244 767 1299 bentes.
796 1244 913 1300 Erit
950 1247 1157 1318 itaque,
1194 1249 1391 1321 inquit,
1425 1261 1573 1307 tanta
1608 1269 1705 1323 per
1741 1255 2017 1324 regionem
2050 1258 2129 1311 vi-

556 1351 741 1389 rorum
788 1338 1019 1405 raritas,
1066 1340 1206 1395 bello
1252 1358 1441 1398 sexum
1493 1356 1782 1413 vastante,
1829 1359 1886 1403 ut
1921 1360 2129 1420 septem

554 1427 829 1493 mulieres,
870 1446 1065 1500 netnpe
1100 1436 1319 1499 multa),
1373 1453 1482 1492 uno
1520 1440 1637 1495 viro
1666 1444 2006 1511 apprehenso
2046 1446 2129 1500 di-

551 1526 721 1571 ctura:
752 1521 863 1574 sint
889 1534 906 1575 :
938 1539 955 1573 ι
982 1522 1183 1583 Panem
1209 1539 1454 1582 nostrum
1481 1532 1847 1601 eomedemus,
1878 1544 1935 1590 et
1969 1536 2131 1591 vesti—

546 1607 654 1663 bus
700 1614 904 1669 nostris
957 1619 1287 1685 operietnur,
1321 1635 1386 1675 ac
1426 1623 1645 1679 nomine
1701 1638 1792 1681 tuo
1846 1640 2125 1696 vocemur,

550 1698 705 1754 aufer
734 1704 970 1761 dedecus
998 1719 1299 1764 nostrum.»
1337 1710 1564 1769 Videsne
1586 1729 1683 1770 eas
1710 1719 1960 1775 orbitatis
1987 1722 2127 1776 infa-

550 1792 716 1845 miam
757 1795 1135 1866 extimescere,
1163 1810 1216 1855 et
1254 1803 1402 1857 orba:
1428 1818 1494 1859 ac
1520 1807 1722 1863 sterilis
1758 1825 1954 1866 nomen
1982 1813 2128 1868 refu-

549 1884 724 1955 gere?
761 1886 1040 1945 Accedunt
1082 1893 1229 1947 enim
1264 1910 1369 1950 non
1411 1910 1666 1955 consueta
1702 1915 2030 1971 quaerentes,
2071 1917 2127 1960 et

547 1987 669 2042 qua:
690 1977 860 2033 moris
891 1989 977 2035 est
1011 1994 1207 2038 uxores
1232 1999 1261 2037 a
1302 1987 1514 2044 maritis
1544 1990 1795 2061 accipere
1826 1992 1952 2066 (sibi
1980 1998 2125 2051 enim

549 2064 605 2119 in
639 2066 740 2123 hoc
771 2071 907 2126 satis
927 2074 1371 2143 suppeditaturas
1405 2078 1522 2135 fore
1548 2082 1782 2155 dicunt),
1813 2064 1909 2142 sed
1938 2098 2129 2158 petunt

549 2168 944 2233 tantummodo,
982 2171 1434 2240 quemadmodum
1471 2176 1604 2241 dixi,
1632 2189 1689 2233 ut
1722 2180 1943 2235 tollatur
1964 2181 2129 2238 dede-

547 2269 664 2310 cus.
689 2256 882 2328 Specta
904 2274 1032 2317 vero
1056 2264 1186 2318 mihi
1208 2266 1367 2334 hujus
1389 2270 1657 2324 sermonis
1680 2270 2126 2340 profunditatem.

548 2343 606 2399 Si
658 2349 802 2402 enim
861 2348 1012 2407 dives
1068 2354 1261 2411 fuisset
1297 2360 1389 2427 qui
1450 2363 1760 2429 rogabatur,
1810 2365 2125 2434 neutiquam

546 2436 811 2496 dixissent
873 2444 1177 2503 mulieres:
1224 2447 1423 2505 Panem
1486 2466 1729 2508 nostrum
1780 2457 2024 2518 edemus,
2073 2468 2125 2512 et

547 2532 788 2588 vestibus
832 2539 1034 2593 nostris
1074 2542 1402 2609 aperientur.
1454 2544 1559 2599 Sed
1616 2548 1872 2615 quoniam
1930 2561 2127 2605 norant

546 2624 637 2691 qui
663 2640 728 2679 ex
756 2627 895 2682 bello
937 2633 1140 2685 servati
1178 2645 1305 2687 sunt
1335 2645 1392 2690 et
1421 2638 1504 2690 vix
1540 2636 1864 2707 effugerant,
1892 2643 1959 2696 ad
1997 2643 2123 2696 ulti-

554 2730 697 2770 mam
733 2718 990 2777 recidisse
1024 2726 1454 2791 mendicitatem,
1485 2740 1539 2783 et
1585 2732 1636 2784 in
1682 2748 1871 2804 inagna
1918 2736 2125 2791 versari

548 2808 793 2874 miseria,
826 2814 1053 2868 omnino
1076 2817 1210 2871 nihil
1241 2831 1530 2888 quaerunt;
1573 2823 1674 2877 hoc
1712 2828 1886 2879 solum
1911 2838 2121 2898 petunt,

547 2910 754 2954 matres
784 2915 905 2957 esse
926 2904 1243 2961 liberorum.
1283 2910 1349 2963 Et
1381 2912 1495 2966 haec
1522 2924 1606 2967 est
1651 2915 1911 2971 Ιιιείονίοει
1950 2922 2125 2971 oratio

546 2988 830 3048 hactenus.
852 2993 1182 3067 Detorquent
1202 3010 1381 3055 autem
1411 3004 1630 3071 quidatn
1654 3010 1835 3061 nescio
1857 3012 2126 3077 quomodo

549 3083 600 3136 id
647 3087 788 3153 quod
821 3092 1160 3158 propositum
1202 3100 1287 3147 est
1324 3096 1391 3147 ad
1441 3097 1930 3151 considerationem
1971 3100 2126 3167 spiri-

2233 606 2343 677 γὰρ
2378 608 2562 671 αὐτοῖς
2609 608 2637 658 ό
2669 606 2770 677 τῆς
2806 606 2999 675 ἁγόνου
3044 606 3139 659 καὶ
3173 605 3391 676 στείρας
3427 605 3818 676 προσετρίϐετο

2237 699 2447 769 μῶμος.
2478 702 2587 754 Καὶ
2610 700 2979 772 πνευματικὸς
3007 698 3106 770 μὲν
3129 700 3157 752 ὁ
3183 698 3344 768 νόμος
3372 694 3459 768 ἦν.
3511 698 3809 768 Ἐπηγγέλ-

2233 792 2355 846 λετο
2380 793 2488 865 γάρ
2517 794 2545 847 ό
2565 794 2673 846 τῶν
2700 794 2837 848 ὅλων
2858 794 2991 857 Θεὸς
3026 794 3107 847 ὅτι
3139 793 3168 845 ό
3190 791 3381 862 νοητὸς
3412 790 3643 863 Ἰσραὴλ,
3671 792 3816 844 τοῦτ’

2233 879 2371 947 ἔστι,
2406 882 2529 944 νοῦς
2568 883 2710 954 όρῶν
2742 882 2903 947 Θεὸν,
2945 880 3046 935 οὐκ
3069 882 3318 951 ἄκαρπος
3343 879 3518 943 ἔσται,
3557 877 3680 931 οὗτε
3709 878 3817 931 άπ-

2232 973 2645 1043 εστειρωμένος,
2672 973 2946 1045 ἔγκαρπος
2965 971 3025 1025 δὲ
3048 969 3250 1042 μᾶλλον
3285 971 3379 1023 καὶ
3420 969 3493 1040 γῆ
3515 985 3599 1032 τις
3627 968 3816 1039 ὥσπερ

2234 1064 2373 1135 καλὴ
2402 1065 2497 1118 καὶ
2522 1064 2818 1135 ἐξαίρετος.
2845 1063 2993 1135 Πλὴν
3033 1062 3214 1117 ὲνόουν
3243 1062 3482 1116 Ἰουδαῖοι
3516 1062 3813 1131 σαρκικῶς.

2231 1154 2455 1227 ψυχικοὶ
2482 1156 2592 1228 γὰρ
2612 1152 2773 1226 ἦσαν,
2804 1155 3024 1225 πνεῦμα
3051 1154 3125 1226 μὴ
3141 1154 3375 1225 ἔχοντες.
3406 1156 3595 1207 Ἔσται
3616 1155 3813 1217 τοίνυν,

2231 1247 2420 1319 φησιν,
2474 1247 2708 1318 τοσαύτη
2757 1246 2952 1310 σπάνις
2993 1246 3240 1318 ἀρρένων
3277 1245 3418 1299 κατὰ
3463 1246 3563 1317 τὴν
3609 1244 3811 1316 χώραν,

2230 1339 2643 1409 δαπανήσαντος
2670 1339 2764 1393 τοῦ
2796 1339 3033 1411 πολέμου
3054 1338 3115 1393 τὸ
3136 1338 3311 1408 γένος,
3344 1339 3419 1403 ὡς
3450 1340 3589 1394 ἑπτά
3622 1338 3811 1407 γυναῖ-

2232 1447 2334 1494 κας
2370 1430 2489 1501 ἦτοι
2517 1432 2716 1495 πολλάς
2749 1431 2868 1494 ἑνὸς
2900 1431 3091 1503 ἀνδρὸς
3120 1430 3582 1501 ὲπιλαμὸάνεσθαι
3607 1433 3699 1485 καὶ
3730 1431 3815 1484 λέ-

2230 1536 2369 1591 γειν·
2409 1540 2427 1573 ι
2479 1521 2583 1576 Τὸν
2618 1526 2780 1595 ἄρτον
2812 1521 2970 1594 ήμῶν
3017 1522 3324 1592 φαγόμεθα,
3369 1522 3462 1576 καὶ
3496 1522 3557 1576 τὸ
3601 1523 3813 1593 ἱμάτιον

2231 1612 2390 1684 ἡμῶν
2431 1613 2891 1684 περιδαλούμεθω
2928 1613 3068 1685 πλὴν
3104 1614 3165 1666 τὸ
3200 1614 3370 1684 ὄνομα
3398 1614 3459 1668 τὸ
3491 1614 3581 1668 σὸν
3612 1615 3810 1686 κεκλή-

2233 1706 2346 1760 σθω
2375 1709 2459 1775 ἐφ’
2493 1708 2662 1778 ἡμᾶς,
2691 1707 2881 1778 ᾶφειλε
2920 1711 3011 1761 τὸν
3034 1706 3336 1778 ὀνειδισμὸν
3367 1707 3543 1778 ἡμῶν.
3584 1727 3604 1760 ι
3652 1708 3813 1779 Ὀρᾷς

2231 1800 2380 1863 ὅπως
2399 1800 2630 1854 δεδείασι
2658 1803 2758 1871 τῆς
2787 1801 3006 1865 ἀτοκίας
3030 1800 3121 1854 τὸν
3140 1799 3461 1869 ὀνειδισμὸν,
3501 1802 3597 1855 καὶ
3624 1801 3685 1854 τὸ
3713 1803 3813 1872 τῆς

2158 1874 2199 1931 Β
2227 1893 2422 1963 ἀγόνου
2454 1895 2547 1948 καὶ
2577 1895 2795 1967 στείρας
2828 1893 3220 1966 παραιτοῦνται
3256 1894 3432 1981 ὄνομα,
3456 1893 3606 1961 λίαν;
3630 1895 3810 1965 Προσ-

2227 1985 2480 2057 ἐρχονται
2510 1986 2617 2057 γάρ
2656 1987 2717 2041 οὐ
2742 1984 2811 2041 τὰ
2840 1986 3044 2058 συνήθη
3078 1984 3387 2057 ζητοῦντες,
3419 1986 3513 2040 καὶ
3544 1988 3643 2040 ὅσα.
3662 1987 3812 2058 δέχε-

2230 2079 2357 2134 σθαι
2393 2079 2608 2149 γυναιξὶ
2641 2079 2791 2151 παρὰ
2836 2079 2945 2133 τῶν
2988 2079 3379 2135 συνοικούντων
3417 2079 3556 2144 ἔθος·
3590 2081 3812 2143 ἑαυταῖς

2227 2173 2338 2248 γὰρ
2365 2173 2619 2245 ἀρκέσειν
2662 2175 2753 2237 είς»
2770 2172 2929 2227 τοῦτό
2969 2190 3153 2243 φασιν,
3188 2173 3399 2227 αἰτοῦσι
3436 2174 3493 2228 δὲ
3526 2174 3705 2244 μόνον,
3736 2172 3811 2236 ὡς

2227 2266 2386 2337 ἔφην,
2424 2266 2516 2319 τοῦ
2556 2265 2864 2337 όνειδισμοῦ
2903 2267 3003 2338 τὴν
3036 2266 3344 2337 ἀφαίρεσιν.
3383 2264 3572 2335 Ἀθρει
3614 2265 3677 2335 δὴ
3718 2261 3810 2318 οὖν

2226 2356 2321 2411 τοῦ
2344 2357 2503 2426 λόγου
2538 2355 2597 2410 τὸ
2630 2356 2812 2427 βάθος.
2845 2358 2907 2410 Et
2943 2356 3042 2427 μὲν
3065 2356 3171 2427 γὰρ
3201 2354 3454 2419 πλούσιος
3478 2352 3547 2427 ἦν
3580 2357 3607 2409 ὁ
3634 2372 3812 2425 παρα-

2228 2450 2586 2520 καλούμενος.
2625 2449 2724 2503 οὐκ
2763 2448 2829 2503 ἂν
2862 2448 3070 2518 ἔφασαν
3109 2450 3167 2502 αἱ
3196 2450 3471 2517 γυναῖκες·
3512 2446 3615 2501 Τὸν
3648 2447 3810 2518 ἄρτον

2228 2540 2385 2612 ἡμῶν
2441 2538 2765 2609 φαγόμεθα,
2818 2539 2913 2592 καὶ
2977 2538 3037 2591 τὸ
3099 2538 3311 2610 ἱμάτιον
3366 2536 3523 2609 ήμῶν
3578 2536 3807 2608 περιδα-

2228 2630 2488 2702 λούμεθα.
2525 2629 2743 2699 Ἐπειδὴ
2766 2628 2825 2683 δὲ
2854 2630 3002 2685 ῐσασι
3023 2629 3149 2693 τοὺς
3169 2629 3233 2681 ἐκ
3259 2628 3350 2681 τοῦ
3375 2628 3611 2699 πολέμου
3640 2642 3810 2680 σεσω-

2230 2721 2464 2791 σμένους
2508 2721 2603 2774 καὶ
2642 2719 3003 2788 διαφυγόντας
3034 2719 3186 2790 μόλις
3217 2720 3275 2772 ὲν
3299 2719 3503 2789 ἐσχάτῃ
3544 2718 3807 2781 πεσόντας

2229 2813 2495 2884 πτωχείᾳ,
2541 2811 2636 2865 καὶ
2687 2810 2886 2883 πολλὴν
2941 2810 3164 2882 ἔχοντας
3213 2810 3526 2880 ἀθλιότητα.
3584 2808 3808 2879 ζητοῦσι

2230 2907 2329 2979 μὲν
2352 2906 2483 2977 παρ’
2506 2903 2685 2959 αὐτῶν
2707 2905 2985 2968 παντελῶς
3013 2904 3185 2969 οὐδὲν,
3213 2903 3423 2957 αἰτοῦσι
3458 2903 3512 2955 δὲ
3562 2903 3721 2972 μόνον
3746 2903 3808 2955 τὸ

2225 3001 2431 3055 τέκνων
2460 2999 2714 3068 γενέσθαι
2748 2996 3004 3070 μητέρες.
3030 2997 3140 3051 Καὶ
3164 2999 3192 3051 ὁ
3224 2996 3323 3067 μὲν
3353 2994 3508 3065 λόγος
3532 2995 3633 3066 τῆς
3661 2997 3807 3049 ἱστο-

2230 3092 2352 3163 ρίας
2373 3094 2430 3145 ὲν
2453 3090 2687 3153 τούτοις.
2723 3088 3142 3161 Ἀποκομίζουσι
3168 3088 3224 3142 δὲ
3251 3086 3312 3141 τὸ
3344 3090 3702 3160 προκείμενον
3726 3090 3807 3151 εἰς

549 3175 769 3243 tualem,
808 3193 912 3232 non
973 3196 1104 3236 sane
1165 3185 1297 3239 satis
1330 3200 1479 3241 reete
1510 3204 1522 3240 :
1560 3188 1758 3257 alioqui
1795 3194 1940 3244 enim
1972 3191 2119 3245 omni

2227 3184 2457 3257 θεωρίαν
2481 3182 2878 3253 πνευματικὴν,
2897 3182 2996 3235 οὐκ
3026 3177 3121 3234 οἷδ’
3148 3183 3317 3244 ὅπως,
3348 3182 3489 3244 τινὲς
3518 3182 3576 3233 ού
3603 3180 3807 3251 σφόδρα

545 3264 702 3321 laude
740 3269 884 3338 digni
913 3283 1117 3327 essent.
1161 3274 1439 3344 Siquidem
1478 3290 1731 3333 asserunt
1763 3292 1967 3348 septem
1999 3299 2123 3335 mu-

545 3355 704 3413 lieres
750 3372 953 3429 septem
1008 3379 1129 3419 esse
1178 3369 1425 3435 spiritus,
1472 3372 1647 3425 virum
1706 3372 1901 3429 deimle
1956 3390 2120 3428 unum

546 3450 847 3507 Christum.
903 3452 1037 3509 Tum
1085 3458 1282 3512 decoro
1334 3476 1523 3528 parum
1567 3466 1881 3530 observato,
1914 3478 2121 3534 septem

544 3549 771 3616 spiritus
801 3550 951 3604 aiunt
980 3553 1031 3605 ei
1066 3553 1286 3609 dicere:
1316 3555 1484 3609 Aufer
1510 3556 1746 3613 dedecus
1777 3569 2039 3627 nostrum,
2069 3571 2123 3615 et

543 3656 738 3710 panem
786 3654 1027 3698 nostrum
1064 3649 1308 3713 edemus,
1334 3660 1387 3704 et
1420 3652 1656 3707 vestibus
1686 3654 1886 3708 nostris
1913 3656 2124 3723 aperie-

545 3752 685 3788 mur.
721 3736 1044 3807 Quanquam
1081 3752 1179 3793 cur
1217 3742 1397 3809 patius
1438 3760 1543 3796 non
1583 3744 1893 3809 dicendum,
1917 3755 2120 3814 septem

543 3829 795 3883 mulieres
823 3831 1022 3885 multas
1064 3848 1187 3887 esse
1220 3835 1452 3901 animas,
1486 3852 1605 3906 qua:
1642 3847 1695 3892 et
1735 3837 2010 3893 Christum
2040 3854 2124 3895 re-

544 3929 809 3987 ceperunt
861 3934 957 3990 per
1007 3924 1208 3989 fidem,
1239 3942 1355 3994 qua:
1409 3928 1582 3995 ipsmn
1624 3940 1683 3982 ut
1733 3945 1926 3999 panem
1970 3942 2026 3985 et
2063 3942 2120 3986 ut

547 4023 754 4065 vestem
788 4014 981 4069 salutis
1013 4027 1281 4085 quaerunt,
1315 4028 1368 4072 et
1398 4022 1465 4072 ab
1497 4020 1611 4090 ipso
1636 4021 1869 4075 fructum
1900 4024 2123 4092 petunt?

544 4099 673 4154 Tale
689 4104 830 4156 enitn
847 4105 973 4173 quid
1000 4107 1163 4159 etiam
1182 4108 1372 4162 beatus
1398 4110 1565 4165 David
1583 4111 1773 4164 extulit
1789 4111 1856 4166 de
1875 4113 2120 4168 omnium

546 4192 838 4250 Servatore
866 4195 1086 4252 Christo
1119 4217 1132 4253 :
1166 4217 1184 4251 ι
1216 4201 1315 4265 Qui
1351 4202 1596 4256 habitare
1633 4204 1759 4258 t'acit
1790 4206 2029 4260 sterilem
2067 4208 2120 4263 in

542 4289 703 4341 domo
737 4298 963 4343 matrem
1005 4302 1224 4362 pmpter
1264 4294 1401 4348 filios
1453 4294 1721 4350 lentantem
1752 4297 1815 4348 “.
1856 4317 1875 4350 ι
1915 4297 2123 4354 Dicitur

542 4392 671 4431 vero
694 4380 936 4435 sterilem
965 4382 1261 4450 parituram
1290 4394 1518 4455 septem,
1536 4385 1588 4440 id
1613 4396 1698 4441 est
1725 4390 1911 4443 multa.
1949 4388 2121 4445 Variae

541 4478 671 4524 sunt
701 4484 932 4541 namque
958 4473 1203 4541 virtutes,
1224 4491 1334 4531 non
1357 4492 1481 4541 una,
1510 4477 1618 4533 imo
1648 4478 1851 4546 multat,
1889 4496 2117 4550 quarum

540 4572 746 4619 matres
775 4573 903 4619 sunt
928 4565 1123 4621 animae
1150 4581 1270 4637 qua).
1297 4578 1481 4623 amant
1511 4568 1699 4625 Deum.

612 4814 911 4889 Vens.9,a.
944 4818 1040 4879 Die
1067 4842 1183 4879 vero
1202 4826 1293 4881 illo
1324 4828 1609 4897 splendean
1639 4830 1775 4885 Deus
1806 4849 1861 4886 ιη
1897 4836 2118 4890 consilio

540 4933 658 4970 cum
682 4917 851 4988 gloria
868 4933 1026 4986 super
1047 4932 1240 4973 terram
1271 4922 1341 4973 ad
1362 4922 1703 4975 exattandum
1734 4934 1782 4979 et
1817 4924 2119 4995 gloriﬁcan-

2224 3277 2504 3340 ποιοῦντες
2552 3274 2746 3347 ὀρθῶς·
2796 3274 2830 3345 ἢ
2882 3273 2991 3345 γάρ
3042 3272 3109 3327 ἂν
3161 3273 3383 3326 ἐπαίνου
3426 3274 3622 3336 παντὸς
3667 3269 3806 3344 ἦσαν

2223 3369 2382 3436 ἄξιοι.
2418 3369 2555 3422 Φασὶ
2587 3368 2694 3438 γάρ
2733 3362 2873 3421 εἶναι
2912 3364 3050 3419 ἑπτὰ
3091 3365 3190 3429 τὰς
3234 3367 3515 3433 γυναῖκας,
3555 3364 3621 3418 τὰ
3665 3364 3806 3417 ἑπτὰ

2224 3462 2529 3532 πνεύματα·
2561 3459 2846 3532 ἄνθρωπόν
2876 3476 2939 3529 γε
2986 3460 3090 3530 μὴν
3118 3459 3215 3513 ενα
3252 3458 3342 3511 τὸν
3380 3458 3630 3531 Χριστόν.
3673 3454 3806 3511 Εἶτα

2223 3553 2317 3608 τοῦ
2360 3554 2661 3625 πρέποντος
2698 3552 2857 3621 ὀλίγα
2888 3553 3330 3626 πεφροντικότες,
3366 3553 3433 3608 τὰ
3474 3553 3612 3608 ἑπτὰ
3642 3553 3805 3607 πνεύ-

2227 3646 2376 3717 ματά
2401 3664 2533 3716 φασι
2560 3646 2736 3715 λέγειν
2760 3645 2953 3710 οὕτως’
2973 3646 3170 3715 Ἀφελε
3187 3647 3278 3701 τὸν
3303 3647 3601 3717 ὀνειδισμὸν
3626 3646 3804 3718 ἡμῶν,

2224 3740 2319 3794 καὶ
2348 3740 2440 3793 τὸν
2479 3742 2643 3812 ἄρτον
2671 3739 2832 3812 ἡμῶν
2863 3740 3168 3812 φαγόμεθα,
3201 3739 3295 3793 καὶ
3327 3741 3396 3795 τὰ
3427 3742 3613 3811 ἱμάτια
3651 3739 3806 3809 ἡμῶν

2224 3831 2686 3904 περιϐαλούμεθα.
2721 3832 2912 3886 Καίτοι
2950 3828 3066 3896 πῶς
3096 3833 3197 3886 οὐκ
3226 3832 3446 3903 ἄμεινον
3470 3832 3663 3893 εἰπεῖν,
3706 3835 3804 3892 τὰς

2224 3924 2365 3980 ἑπτὰ
2386 3928 2652 3993 γυναῖκας
2677 3925 2874 3989 πολλὰς
2900 3919 3039 3978 εἶναι
3058 3924 3255 3995 ψυχὰς,
3284 3925 3341 3981 αἳ
3366 3925 3457 3979 καὶ
3479 3924 3804 3977 ἐπελάθοντο

2222 4014 2309 4068 διὰ
2344 4016 2578 4080 πίστεως
2623 4017 2719 4070 τοῦ
2750 4016 3009 4087 Χριστοῦ,
3044 4017 3207 4070 αὑτὸν
3234 4015 3310 4081 ὡς
3349 4016 3512 4087 ἄρτον
3542 4014 3800 4087 ξητοῦσαι

2223 4107 2319 4160 καὶ
2336 4107 2412 4170 ὡς
2436 4108 2651 4179 ἱμάτιον
2684 4108 2974 4179 σωτηρίου,
3001 4108 3095 4161 καὶ
3116 4108 3206 4162 τὸν
3231 4106 3325 4161 ἀπ’
3350 4106 3513 4160 αὐτοῦ
3543 4104 3801 4176 ζητοῦσαι

2222 4201 2453 4270 καρπόν.
2498 4201 2751 4255 Τοιοῦτον
2775 4201 2884 4273 γάρ
2910 4219 2963 4254 τι
3003 4202 3097 4255 καὶ
3135 4203 3163 4254 ὁ
3193 4200 3462 4272 μακάριος
3501 4199 3603 4270 ἔφη
3640 4196 3801 4251 Δαϐὶδ

2223 4292 2353 4361 περὶ
2379 4292 2473 4346 τοῦ
2510 4296 2727 4347 πάντων
2756 4294 3006 4362 Σωτῆρος
3037 4292 3297 4363 Χριστοῦ·
3329 4311 3346 4342 ι
3390 4292 3448 4346 '0
3479 4288 3805 4352 κατοικίζων

2223 4381 2443 4453 στείραν
2490 4384 2547 4435 ἐν
2588 4381 2719 4453 οἴκῳ
2772 4382 2985 4453 μητέρα
3028 4382 3234 4435 τέκνων
3278 4381 3728 4453 εὐφραινομένην.
3779 4397 3795 4429 ο

2221 4471 2452 4544 Εἴρηται
2513 4474 2567 4527 δὲ
2632 4476 2725 4527 καὶ
2792 4475 2980 4545 στείρα
3045 4477 3223 4529 τεκεῖν
3270 4474 3433 4537 ἑπτὰ,
3491 4472 3636 4526 τοῦτ’
3690 4472 3801 4523 ἔστι

2147 4563 2413 4625 Βπολλά.
2478 4565 2732 4636 Διάφοροι
2801 4566 2910 4635 γάρ
2964 4564 3176 4636 ἀρεταὶ,
3242 4565 3337 4617 καὶ
3383 4565 3445 4617 οὑ
3501 4563 3597 4633 μία
3663 4561 3799 4632 μᾶ).-

2227 4655 2345 4721 λον,
2406 4656 2543 4710 ἀλλὰ
2610 4658 2803 4710 πολλαὶ
2849 4652 2923 4714 ὧν
2982 4659 3089 4710 εἰσι
3153 4656 3388 4728 μητέρες
3452 4658 3508 4708 αί
3566 4654 3801 4723 φιλόθεοι

2241 4746 2416 4801 va/ai.

2243 4762 2319 4798 ὐκ
2342 4762 2416 4801 αι.
2862 4775 2867 4779 υ

2224 4762 2265 4816 Ψ
2302 4766 2385 4910 ξ’ξῖ
2411 4841 2479 4895 δὲ
2507 4842 2695 4913 ἡμέρᾳ
2714 4841 2919 4910 ἐκείνῃ
2944 4841 3268 4911 ὲπιλάμψει
3292 4844 3324 4895 ὀ
3356 4843 3496 4906 Θεὸς
3515 4837 3802 4907 ἑνβουλῇ

2219 4937 2370 5007 μετὰ
2400 4937 2585 5003 δόξης
2613 4935 2711 4990 ἐπὶ
2742 4935 2875 5005 γῆς,
2905 4935 3012 4989 τοῦ
3043 4933 3281 5003 ὑψῶσαι
3312 4936 3409 4987 καὶ
3437 4932 3693 4997 δοξάσαι
3732 4932 3799 4985 τὸ

541 5011 667 5061 dum
701 5013 965 5064 residuum
1010 5010 1202 5065 Israel.
1236 5011 1304 5066 Et
1340 5015 1462 5079 erit,
1489 5018 1627 5084 quod
1676 5016 1930 5087 reliquum
1956 5018 2118 5088 fuerit

2224 5031 2618 5097 καταλειφθὲν
2656 5028 2763 5082 τοῦ
2803 5026 3057 5095 Ἰσραήλ.
3109 5025 3217 5080 Καὶ
3252 5027 3421 5080 ἔσται
3452 5024 3519 5077 τὸ
3558 5027 3800 5078 ὑπολει-

539 5100 594 5152 t'n
638 5098 787 5165 Sion,
824 5112 872 5156 et
919 5104 1057 5173 quod
1104 5107 1411 5158 remanserit
1459 5105 1512 5158 in
1560 5104 1857 5162 Jerusalem
1888 5122 1908 5161 :
1945 5112 2115 5164 sancti

2224 5120 2373 5190 φθὲν
2420 5120 2489 5173 ἑν
2532 5119 2703 5184 Σιὼν,
2739 5118 2931 5173 καὶτὸ
2960 5116 3358 5183 καταλειφθὲν
3394 5114 3463 5167 ἐν
3504 5115 3801 5181 Ἰερουσας

542 5191 861 5246 iocabuntur
888 5211 1065 5250 omnes
1097 5200 1185 5266 qui
1224 5201 1389 5252 vocati
1418 5210 1538 5253 sunt
1581 5202 1650 5253 ad
1683 5204 1839 5256 vitam
1871 5204 1922 5257 in
1947 5202 2111 5258 Jeru-

2224 5213 2344 5280 λήμ
2376 5228 2388 5243 ⁸
2440 5211 2594 5280 ἅγιοι
2646 5209 3059 5277 κληθήσονται
3113 5205 3334 5270 πάντες
3375 5207 3428 5258 οὶ
3477 5203 3801 5271 κληθέντες

537 5284 703 5339 salem
714 5328 728 5342 .

2224 5308 2309 5373 εὶς
2338 5304 2489 5373 ζωὴν
2514 5306 2582 5357 ἑν
2620 5300 3034 5370 Ἰερουσαλήμ.

614 5378 723 5451 74.
776 5383 912 5448 Quia
956 5386 1232 5456 ambigunt
1291 5391 1508 5460 quidam
1578 5409 1814 5461 quonam
1874 5405 2117 5464 tempore

2308 5396 2716 5460 Ἑνδοιαζόντων
2748 5394 2908 5447 τινῶν
2937 5391 3079 5445 κατὰ
3124 5390 3277 5441 ποῖον
3322 5386 3473 5439 ἔσται
3506 5386 3695 5453 καιρὸν
3731 5383 3799 5435 τὰ

540 5471 657 5527 haec
712 5488 833 5542 qua:
877 5474 945 5529 de
992 5476 1297 5535 Judteorum
1361 5484 1677 5541 mulieribus
1737 5489 1852 5543 sive
1896 5489 1961 5543 de
2004 5500 2113 5542 tota

2224 5491 2315 5543 ἐπί
2344 5507 2406 5559 γε
2436 5491 2553 5551 ταῖς
2594 5488 2701 5541 τῶν
2733 5485 3000 5541 Ἰουδαίων
3033 5480 3298 5552 γυναιξὶν,
3337 5480 3455 5550 ἦτοι
3483 5478 3662 5546 πάσης
3694 5477 3797 5528 αῦ-

540 5580 729 5621 eorum
767 5572 985 5639 regione
1031 5589 1126 5643 per
1155 5592 1341 5633 vocem
1389 5584 1660 5648 prOpheta:
1698 5585 1950 5653 praedicta
1987 5596 2113 5638 sunt

2224 5582 2329 5635 τῶν
2380 5583 2479 5652 τῆς
2525 5580 2709 5651 χώρας
2746 5574 3265 5651 προανηγορενμένα
3295 5571 3386 5625 διὰ
3413 5572 3511 5641 τῆς
3542 5571 3635 5623 τοῦ
3664 5585 3798 5638 προ-

542 5659 815 5728 evenient,
845 5671 1027 5717 utrum
1055 5675 1178 5723 ante
1209 5670 1427 5745 veIpOst
1450 5673 1757 5730 Servatoris
1785 5675 2070 5732 adventum
2095 5694 2107 5731 :

2224 5677 2393 5747 φήτου
2427 5674 2632 5745 φωνῆς,
2667 5673 2869 5743 πότερα
2897 5672 3003 5744 πρὸ
3038 5671 3137 5743 τῆς
3167 5666 3260 5723 τοῦ
3311 5666 3563 5738 Σωτῆρος
3607 5662 3796 5732 ἐπιδη-

612 5817 661 5850 “
687 5817 830 5877 I‘sal.
863 5836 993 5885 cxtl.
1029 5824 1083 5880 9.
