4094 6366
1423 422 1491 477 ΙΝ
1528 420 1766 479 ISAIAM
1802 421 1933 478 LIB.
1972 421 2013 480 I.
2056 421 2269 479 ORAT.
2305 420 2394 478 Ill.

3442 416 3546 473 150

281 540 436 607 μίας,
485 536 656 607 ἤγουν
706 535 825 606 μετ’
854 532 1045 604 αὐτὴν,
1083 532 1574 607 πεπληροφόρηκεν
1620 534 1869 599 ἀπλανῶς

1976 544 2127 591 certo
2159 536 2449 603 persuadet
2476 532 2668 589 borum
2702 533 2990 589 verborum
3022 546 3212 590 sensus
3238 540 3292 587 et
3319 531 3544 598 vis,non

278 630 392 681 τῶν
434 625 816 699 προκειμένων
864 624 900 696 ἡ
945 622 1193 697 δύναμις,
1218 625 1294 690 ὼς
1333 625 1432 696 οὐχ
1460 626 1647 696 ἕτερον
1680 627 1814 697 ἡμῖν
1844 625 1873 676 6

277 723 574 794 προφήτης
638 716 1038 789 κατασημαίνει
1087 718 1317 792 καιρὸν,
1366 718 1400 789 ἢ
1452 720 1657 772 ἐκεῖνον
1708 720 1872 774 αὐτὸν

279 814 407 867 καθ’
437 814 499 866 ὃν
546 814 645 881 τῆς
696 811 777 873 είς
824 810 1051 881 Χριστὸν
1077 808 1393 872 δυσσεϐείας
1434 809 1613 863 ἕνεκα.
1647 810 1871 881 Πεπαρ-

280 907 533 975 ῳνήκασι
578 901 687 971 γὰρ
742 901 823 963 είς
866 898 1029 955 αὑτὸν
1061 900 1111 955 οἱ
1135 899 1379 963 δείλαιοι,
1412 901 1507 952 καὶ
1539 898 1638 970 τὴν
1688 899 1872 965 αὐτοῖς

279 997 366 1051 δσι
399 994 639 1063 μάλιστα
680 990 997 1061 πρέπουσαν
1040 988 1394 1043 ἀποτετίκασι
1434 986 1608 1057 δίκην,
1643 986 1872 1041 κυκλου-

287 1088 459 1158 μέν-ης
512 1086 618 1138 ὑπὸ
666 1082 1043 1155 στρατοπέδων
1088 1082 1188 1153 τῆς
1220 1082 1735 1153 Ἰερουσαλήμ.”οτε
1777 1079 1871 1133 καὶ

285 1180 364 1241 εἰς
410 1177 574 1229 τοῦτο
632 1174 907 1245 δειμάτων
970 1172 1442 1243 κατακομισθῆναι
1510 1188 1690 1244 φαμεν
1761 1170 1871 1223 τῶν

298 1268 568 1323 Ἰουδαίων
594 1268 687 1320 τὸν
716 1265 856 1331 νοῦν,
882 1266 958 1328 ὡς
982 1265 1147 1332 φάναι
1176 1266 1287 1329 τοῖς
1315 1266 1465 1334 ὄρεσι
1486 1279 1500 1293 ⁸
1531 1283 1548 1315 ι
1575 1263 1870 1333 Καλύψατε

287 1363 455 1431 ἡμᾶς,
494 1360 589 1413 καὶ
613 1362 728 1423 τοῖς
760 1358 989 1428 βουνοῖς·
1010 1358 1212 1410 Πέσετε
1238 1357 1536 1427 ἐφ’ήμᾶς.»
1564 1356 1642 1427 Τῇ
1670 1356 1866 1421 τοίνυν,

287 1454 470 1524 φησὶν,
498 1451 685 1522 ἡμέρα
713 1450 919 1522 ἐκείνῃ,
940 1448 1086 1503 τοῦτ’
1118 1448 1254 1513 ἔστι,
1282 1452 1403 1502 κατ’
1429 1449 1608 1501 ἐκεῖνο
1632 1448 1725 1501 τοῦ
1748 1466 1871 1501 και-

290 1546 381 1617 ροῦ
414 1544 541 1598 καθ’
570 1544 631 1597 ὃν
664 1543 744 1605 εἰς
789 1542 965 1613 πέρας
1005 1542 1293 1613 δραμεῖται
1321 1541 1389 1593 τὰ
1422 1539 1867 1612 προηγγελμένα,

287 1634 584 1705 ἑπιλάμψει
614 1636 642 1689 6
667 1634 801 1697 Θεὸς
828 1635 886 1686 ἐν
916 1632 1099 1703 βουλῇ,
1135 1632 1273 1703 μετὰ
1304 1631 1461 1703 δόξης
1494 1631 1585 1684 ἐπὶ
1619 1632 1716 1701 τῆς
1740 1630 1865 1700 γῆς,

286 1727 375 1780 τοῦ
405 1726 625 1796 ὑψῶσαι
654 1726 748 1779 καὶ
785 1725 1004 1790 δοξάσαι
1032 1724 1093 1775 τὸ
1122 1721 1477 1791 καταλειφθὲν
1502 1720 1596 1775 τοῦ
1631 1721 1866 1793 Ἰσραήλ.

297 1822 354 1873 ’0
381 1820 495 1890 γὰρ
542 1821 610 1871 ἐκ
637 1817 773 1870 Θεοῦ
818 1816 1034 1886 Πατρὸς
1056 1816 1251 1884 Λόγος,
1285 1815 1382 1885 οὐχ
1411 1814 1702 1885 ἁρπαγμὸν
1728 1815 1869 1885 ἡγή-

1974 626 2118 681 aliud
2149 626 2304 682 nobis
2326 636 2539 695 tempus
2569 626 2830 681 denotare
2854 624 3196 695 prophetam,
3223 639 3384 695 quam
3417 624 3546 677 illud

1974 717 2147 787 ipsum
2176 734 2304 787 quo,
2338 726 2557 787 propter
2586 718 2918 786 impietatem
2952 718 3006 771 in
3031 717 3331 780 Christum,
3360 714 3545 769 miseri

1975 808 2025 862 in
2048 823 2171 862 eum
2190 810 2617 874 deblaterarnnt,
2638 811 2980 877 maximeque
3009 824 3066 863 se
3090 810 3304 877 dignam
3331 820 3544 877 pmnam

1972 899 2213 965 luerunt,
2242 916 2364 954 cum
2425 902 2767 956 obsideretur
2808 900 3104 956 Jerusalem
3169 900 3237 954 ab
3280 901 3543 963 exercitu,

1971 992 2185 1062 quando
2213 1007 2335 1047 eum
2375 1003 2635 1047 terrorem
2666 993 2896 1048 dicimus
2929 993 3235 1049 Judaaorum
3276 992 3546 1046 mentibus

1973 1085 2253 1152 injectum,
2304 1094 2362 1137 nt
2405 1086 2677 1139 montibus
2726 1086 3004 1138 dicerent:
3032 1102 3049 1135 ι
3074 1083 3292 1153 Operite
3331 1098 3462 1149 nos;
3491 1091 3549 1135 et

1973 1174 2474 1243 rollibns,0bruite
2517 1192 2616 1231 nos
2647 1176 2715 1231 ".
2757 1196 2777 1228 ι
2815 1177 2990 1242 Quare
3039 1176 3151 1242 illo,
3199 1176 3395 1245 inquit,
3436 1177 3544 1238 die,

1973 1269 2074 1324 boc
2108 1280 2214 1333 est,
2262 1271 2362 1324 sub
2394 1271 2445 1324 id
2492 1272 2751 1338 temporis
2780 1286 2888 1341 quo
2928 1270 2993 1323 ad
3034 1271 3237 1323 exitum
3279 1270 3392 1322 bace
3427 1281 3546 1335 quae

1973 1362 2335 1431 prtenuntiata
2385 1373 2534 1428 sunt,
2590 1373 2932 1432 procurrerit,
2982 1362 3235 1415 emicabit
3298 1360 3437 1414 Deus
3489 1358 3542 1411 in

1971 1452 2199 1507 consilio
2256 1468 2380 1507 cum
2436 1452 2608 1523 gloria
2663 1468 2828 1523 super
2876 1465 3097 1516 terram,
3134 1463 3195 1505 ut
3237 1452 3438 1505 exaltet
3489 1459 3548 1504 et

1969 1541 2234 1612 gloriﬁcet
2260 1543 2402 1611 quod
2448 1554 2533 1597 est
2566 1545 2839 1599 residuum
2872 1546 2923 1597 in
2961 1542 3280 1598 Jerusalem.
3311 1541 3546 1595 Verbum

1968 1634 2111 1685 enim
2147 1633 2240 1688 Dei
2264 1634 2439 1688 Patris
2463 1650 2568 1688 non
2593 1637 2832 1706 rapinam
2861 1636 3011 1689 duxit
3033 1636 3239 1703 aequale
3260 1648 3382 1687 esse
3413 1633 3541 1694 Deo,

1968 1723 2134 1778 altum
2166 1739 2295 1779 vero
2311 1726 2566 1796 quiddam
2600 1742 2968 1797 arcanumque
2995 1728 3061 1782 de
3086 1729 3241 1782 nobis
3266 1726 3541 1796 cogitavit.

1971 1817 2024 1869 ιιι
2072 1816 2245 1871 forma
2297 1817 2441 1872 enim
2490 1828 2545 1873 et
2584 1818 2890 1887 aequalitate
2930 1819 3023 1872 Dei
3063 1828 3118 1873 et
3166 1818 3344 1873 Patris
3396 1819 3545 1872 exsi-

284 1929 411 1964 σατο
456 1911 520 1964 τὸ
562 1906 703 1963 εἶναι
738 1910 827 1961 ἴσα
860 1908 1011 1977 Θεῷ’
1045 1907 1181 1977 βαθὺ
1224 1907 1279 1962 δέ
1320 1924 1372 1959 τι
1413 1908 1507 1960 καὶ
1561 1905 1869 1977 ἀπόρρητον

1975 1916 2150 1972 stens,
2180 1910 2379 1964 factum
2424 1920 2509 1965 est
2551 1921 2748 1964 nostrze
2783 1910 3106 1964 conditionis
3148 1911 3442 1980 particeps,
3489 1920 3545 1965 et

279 2003 645 2058 ἐϐουλεύσατο
693 2002 823 2071 περὶ
870 2001 1157 2072 ἡμῶν.Ἑν
1190 2003 1372 2071 μορφῇ
1396 2000 1504 2069 γὰρ
1538 2000 1633 2053 καὶ
1660 1999 1867 2070 ἰσότητι

278 2098 415 2149 Θεοῦ
472 2096 572 2149 καὶ
612 2094 828 2164 ῐΙατρὸς
881 2094 1161 2164 ὑπάρχων,
1198 2095 1387 2161 γέγονε
1431 2092 1552 2146 καθ’
1577 2094 1745 2163 ἡμᾶς,
1774 2094 1869 2146 καὶ

278 2186 529 2256 ἐπεφάνη
567 2186 666 2255 μὲν
712 2187 823 2246 τοῖς
852 2183 945 2236 ἐπὶ
979 2184 1078 2252 τῆς
1107 2183 1209 2252 γῆς
1230 2200 1244 2214 ·
1281 2182 1419 2252 πλὴν
1446 2182 1504 2235 οὑ
1534 2181 1655 2251 δίχα
1683 2182 1865 2251 δόξης,

271 2281 374 2333 Ξιαὶ
399 2282 450 2332 εί
482 2281 673 2348 γέγονε
704 2278 861 2350 σάρξ.
892 2277 1199 2347 Είργάσατο
1226 2274 1333 2347 γὰρ
1359 2274 1428 2327 τὰ
1455 2274 1753 2347 θεοπρεπῆ,
1773 2274 1867 2327 καὶ

270 2351 346 2441 οη
356 2371 526 2440 μείων
549 2373 771 2439 γέγονεν
792 2368 1178 2439 ἁποτελεστὴς,
1200 2367 1235 2422 ἃ
1258 2368 1323 2438 δὴ
1354 2367 1447 2420 καὶ
1468 2367 1666 2428 παντὸς
1685 2365 1868 2429 ἀξιοῦ-

275 2480 366 2516 ται
412 2463 510 2516 καὶ
556 2464 714 2529 λόγου
745 2459 1525 2532 κα¹ιθαύματος.Ἐπιλάμψας
1575 2459 1685 2531 γάρ
1729 2475 1865 2511 κατ-

276 2550 481 2620 ηλέησε
522 2550 613 2602 τὸν
652 2551 890 2620 Ἰσραὴλ,
923 2551 983 2603 οὑ
1029 2550 1138 2621 γὰρ
1169 2549 1445 2603 ἀπόλωλεν
1474 2549 1727 2602 είσάπαν.
1761 2549 1804 2600 Τ
1808 2567 1866 2601 ε-

276 2646 525 2712 τήρηται
574 2641 630 2694 δὲ
685 2640 746 2694 τὸ
776 2642 1150 2713 κατάλειμμα,
1191 2639 1380 2711 ὑψώθη
1426 2658 1484 2694 τε
1514 2641 1608 2696 καὶ
1652 2640 1867 2708 δεδόξα-

280 2751 428 2797 σται,
463 2736 556 2787 καὶ
609 2736 667 2787 ἐν
706 2733 873 2805 βίὸλῳ
904 2734 1212 2807 γέγραπται
1255 2733 1401 2803 ζωῆς
1450 2733 1756 2803 διαπρέψαν
1807 2735 1866 2787 ἐν

279 2826 704 2899 ἁγιασμῷΊδοι
730 2827 774 2881 δ’
805 2828 876 2881 ἄν
915 2844 996 2891 τις
1050 2825 1226 2897 ἀληθῆ
1269 2827 1365 2897 τῆς
1412 2826 1746 2897 προφητείας
1775 2826 1867 2879 τὸν

277 2921 462 2988 λόγον,
496 2921 573 2983 ὡς
618 2920 678 2971 ἐν
728 2918 952 2989 ἀπαρχῇ
987 2919 1094 2972 τῶν
1144 2919 1504 2989 σεσωσμένων
1546 2922 1659 2983 τοῖς
1690 2920 1866 2988 ἁγίοις

277 3011 625 3075 ἀποστόλοις,
655 3012 705 3064 οἶ
737 3014 832 3065 καὶ
859 3010 1149 3081 ὑψώθησαν
1175 3010 1411 3079 ἀληθῶς,
1443 3012 1535 3063 καὶ
1562 3014 1674 3074 τοῖς
1702 3011 1867 3075 θείοις

277 3104 617 3176 χαρίσμασιν
642 3102 1203 3174 ἐκλελαμπρυσμένοι,
1230 3101 1291 3154 τὸ
1335 3104 1391 3154 ἐν
1416 3102 1543 3175 δόξῃ
1568 3102 1866 3173 περιφανὲς

276 3193 985 3265 πεπλουτήκασιν.Ἐλαϐον
1017 3195 1126 3265 γάρ
1163 3194 1408 3258 ἐξουσίαν
1448 3194 1590 3248 κατὰ
1620 3194 1863 3264 πνευμά-

273 3303 381 3341 των
439 3286 791 3355 ἀκαθάρτων,
820 3284 962 3338 ὥστε
1015 3284 1300 3340 ἐκϐάλλειν
1330 3285 1489 3339 αὑτά.
1517 3284 1867 3355 Τεθεραπεύ-

276 3397 407 3433 κασι
462 3380 573 3450 γὰρ
624 3380 719 3432 καὶ⁵
764 3380 824 3431 ἐν
857 3378 1191 3450 ἀρρωστίαις
1240 3377 1398 3440 ὄντας
1446 3374 1707 3438 πολλούς’
1753 3375 1867 3429 ἀλλ’

272 3466 416 3544 ἦσαν
470 3472 568 3526 καὶ
613 3472 672 3525 ἐν
721 3470 890 3542 βίϐλῳ
937 3469 1317 3541 γεγραμμένοι
1367 3468 1532 3541 ζωῆς.
1576 3471 1687 3523 Καὶ
1734 3468 1867 3538 γοῦν

274 3566 501 3636 ῐχαιρον
549 3564 648 3634 μὲν
679 3564 762 3618 ὅτι
786 3564 856 3617 τὰ
876 3563 1128 3632 δαιμόνια
1157 3562 1495 3617 ὑπετάσσετο
1533 3562 1738 3627 αὐτοῖς,
1770 3562 1867 3617 καὶ

271 3656 436 3712 τοῦτο
455 3655 710 3724 λέγουσιν
732 3656 945 3725 ὑπήντα
972 3655 1226 3725 Χριστὸς,
1251 3654 1345 3708 καὶ
1371 3656 1485 3717 τοῖς
1514 3653 1593 3706 ἔτι
1622 3653 1867 3725 μείζοσιν

274 3746 680 3817 ἐπιγάννυσθαι
724 3746 989 3800 διδάσκων
1041 3747 1272 3811 αὐτούς·
1347 3765 1367 3797 ι
1413 3748 1504 3817 Μὴ
1554 3746 1790 3819 χαίρετε,
1838 3764 1859 3799 ι

274 3840 466 3910 φησὶν,
506 3856 525 3889 ι
556 3838 638 3891 ὅτι
667 3837 735 3891 τὰ
759 3836 1014 3906 δαιμόνια
1048 3838 1415 3891 ὑποτάσσεται
1452 3840 1580 3907 ὑμῖν
1600 3854 1613 3868 ·
1643 3837 1865 3909 χαίρετε

271 3931 331 3986 δὲ
365 3932 577 4003 μᾶλλον
603 3931 686 3984 ὅτι
714 3930 781 3983 τὰ
810 3928 1050 4000 ὀνόματα
1098 3928 1251 3999 ὑμῶν
1278 3930 1596 4000 γέγραπται
1650 3932 1707 3982 ἐν
1751 3930 1866 3992 τοῖς

271 4024 550 4092 οὐρανοῖς.
586 4040 604 4074 ι
649 4019 977 4092 ’Υψώθησαν
1015 4020 1192 4074 τοίνυν
1238 4020 1286 4074 οἱ
1335 4020 1399 4086 ἐξ¹
1440 4019 1671 4092 Ἰσραὴλ,
1702 4020 1866 4083 ὠςλέν

276 4114 450 4184 μοίρᾳ
506 4113 578 4181 τῇ
615 4109 709 4163 τοῦ
760 4109 1309 4180 ἐγκαταλείμματος,
1368 4111 1860 4182 περισεσωσμένοι·

272 4205 539 4277 ἠξίωνται
577 4204 685 4275 γὰρ
723 4203 821 4273 τῆς
848 4201 1002 4273 παρὰ
1033 4201 1271 4272 Χριστοῦ
1312 4202 1617 4273 φιλοτιμίας
1648 4204 1740 4257 καὶ
1765 4204 1867 4274 χά-

275 4311 468 4367 ριτοςο
520 4293 629 4347 υἱοὶ
673 4292 1111 4363 κεχρηματίκασι
1141 4292 1305 4345 Θεοῦ·
1334 4292 1549 4360 ἀδελφοὶ
1594 4292 1650 4345 δέ
1696 4292 1863 4346 αὑτοῦ

274 4387 371 4439 καὶ
418 4384 605 4455 φίλοι·
636 4384 885 4437 κοινωνοὶ
918 4382 1186 4436 τέθεινται
1230 4383 1327 4453 τῆς
1380 4382 1535 4454 δόξης
1558 4396 1575 4413 ο
1604 4382 1863 4453 ἠξίωνται

273 4484 331 4534 δὲ
364 4480 463 4533 καὶ
495 4479 597 4548 τῆς
622 4477 829 4533 ἄνωθεν
872 4476 967 4531 καὶ
1015 4477 1074 4529 ἐν
1117 4475 1367 4549 οὐρανοῖς
1392 4477 1739 4547 ἀπογραφῆς,
1768 4477 1864 4530 καὶ

1972 2002 2129 2056 nobis
2154 2002 2206 2055 in
2230 2013 2373 2056 terra
2400 2003 2680 2074 agentibus
2706 2003 3037 2073 apparuit,at
3064 2019 3167 2057 non
3208 2004 3325 2058 sine
3348 2005 3540 2073 gloria,

1971 2094 2187 2149 tametsi
2220 2110 2347 2149 caro
2392 2094 2594 2149 factum
2639 2104 2742 2149 est.
2778 2092 3072 2163 Operatum
3118 2104 3202 2149 est
3246 2098 3389 2150 enim
3434 2095 3544 2150 Deo

1970 2186 2150 2256 digna,
2177 2194 2229 2239 et
2260 2187 2410 2256 signa
2450 2185 2630 2241 ell‘ecit
2653 2202 2773 2257 qua:
2798 2187 3014 2256 quidem
3049 2190 3193 2243 omni
3217 2190 3458 2243 oratione
3487 2200 3542 2243 et

1969 2280 2328 2336 admiratione
2356 2282 2513 2351 digna
2538 2291 2663 2335 sunt
2693 2299 2707 2337 :
2750 2293 2804 2337 et
2831 2293 3111 2353 postquam
3149 2287 3417 2353 apparuit,
3442 2287 3542 2339 mi-

1969 2383 2148 2427 sertus
2206 2384 2292 2428 est
2336 2373 2657 2431 Jerusalem.
2691 2375 2806 2431 Non
2852 2379 2994 2432 enim
3038 2379 3197 2445 periit
3246 2380 3298 2432 in
3343 2388 3538 2445 tonum,

1971 2466 2064 2518 sed
2103 2476 2436 2523 conservata:
2477 2478 2603 2523 sunt
2642 2470 2903 2540 reliquiae,
2930 2486 3049 2539 qua:
3081 2482 3280 2526 evecta!
3311 2483 3458 2536 sunt,
3484 2480 3541 2526 et

1969 2557 2305 2627 gloriﬁcatm,
2349 2569 2405 2614 et
2442 2562 2735 2617 sanctitate
2764 2564 3144 2629 enitescentes,
3170 2564 3222 2618 in
3253 2563 3392 2618 libro
3417 2565 3541 2618 vitae

1971 2648 2266 2716 inscriptae.
2307 2647 2506 2705 Verum
2550 2660 2728 2706 autem
2765 2668 2883 2708 esse
2923 2654 3292 2722 propheticum
3326 2668 3537 2709 sermo-

1970 2758 2094 2798 nem
2133 2744 2362 2814 quilibet
2396 2746 2577 2800 videre
2598 2754 2795 2816 potest,
2826 2746 2969 2801 velut
2994 2747 3046 2801 in
3070 2748 3324 2817 primitiis
3348 2762 3538 2803 eorum

1968 2832 2059 2900 qui
2110 2834 2310 2888 servati
2366 2835 2586 2890 fuerunt
2629 2839 2834 2893 sanctis
2863 2840 3254 2910 apostolis,qui
3310 2848 3364 2895 et
3412 2839 3539 2895 elati

1968 2937 2097 2978 vere
2124 2932 2269 2987 sunt,
2307 2934 2368 3001 et_
2394 2928 2591 2984 divinis
2622 2930 2813 3000 gratiis
2858 2931 3131 2995 illustrati,
3162 2932 3345 3002 gloria:
3381 2932 3543 2987 clari-

1972 3024 2083 3071 tate
2112 3016 2267 3071 ditati
2295 3027 2441 3072 sunt.
2467 3020 2809 3092 Acceperunt
2834 3025 2975 3076 enim
3002 3033 3321 3092 potestatem
3351 3034 3540 3080 contra

1969 3108 2195 3176 spiritus
2249 3111 2579 3178 immundos,
2608 3123 2667 3167 ut
2706 3130 2801 3169 eos
2853 3116 3134 3185 ejicerent,
3182 3126 3239 3171 et
3282 3128 3543 3172 curarunt

1972 3202 2170 3258 uiultos
2210 3204 2615 3262 inﬁrmitatibus
2664 3206 2903 3270 affectos,
2941 3210 3033 3264 sed
3065 3220 3120 3264 et
3157 3209 3209 3263 in
3236 3209 3373 3264 libro
3417 3210 3543 3263 vino

1973 3292 2229 3363 descripti
2266 3305 2413 3351 sunt.
2440 3297 2647 3369 Quippe
2669 3315 2789 3354 cum
2812 3302 3109 3369 gauderent
3137 3301 3398 3357 daemonia
3439 3301 3541 3355 sibi

1977 3384 2217 3454 subjecta
2251 3390 2573 3458 esse,idque
2612 3391 3120 3455 dicerent,occurrit
3143 3390 3247 3445 illis
3271 3390 3540 3455 Christus,

1969 3486 2024 3531 et
2056 3478 2351 3547 majoribus
2385 3481 2548 3535 rebus
2575 3480 2751 3535 adhuc
2775 3482 3049 3537 lzetaturos
3074 3482 3233 3537 docet
3264 3499 3279 3537 :
3320 3501 3339 3535 ι
3367 3482 3543 3537 Nolite

1968 3568 2273 3637 gaudere,»
2326 3570 2520 3638 inquit,
2577 3572 2762 3639 rqnod
2814 3571 3076 3627 daemonia
3137 3573 3290 3627 vobis
3323 3574 3539 3628 subdita

1968 3659 2097 3722 sint,
2119 3660 2213 3714 sed
2245 3663 2475 3731 gaudete
2502 3666 2673 3733 magis
2706 3665 2848 3735 quod
2890 3665 3103 3720 nomina
3141 3675 3313 3721 vestra
3342 3669 3544 3734 scripta

1966 3752 2077 3807 sint
2124 3754 2175 3807 in
2216 3756 2370 3812 caelis
2398 3756 2465 3810 “.
2498 3775 2520 3807 ι
2557 3754 2692 3811 Sunt
2733 3772 2860 3829 ergo
2917 3758 3087 3812 evecti
3140 3756 3414 3822 Israelitie,
3448 3759 3541 3829 qui

1971 3856 2227 3914 tanquam
2260 3847 2312 3901 in
2341 3862 2508 3903 censu
2541 3864 2606 3905 ac
2644 3859 2792 3905 sorte
2824 3850 3017 3907 harum
3048 3850 3398 3920 reliquiarum
3424 3865 3544 3905 ser-

1965 3937 2076 3992 vati
2116 3947 2259 3993 sunt.
2289 3938 2500 3994 Etenim
2528 3941 2672 4011 digni
2707 3943 2874 3997 habiti
2902 3952 3027 3997 sunt
3052 3944 3257 4000 honore
3282 3959 3346 4001 ac
3369 3944 3545 4016 gratia

1965 4041 1994 4079 a
2024 4025 2281 4098 Christo;
2308 4031 2399 4085 iilii
2430 4037 2604 4088 vocati
2644 4043 2772 4089 sunt
2805 4034 2923 4101 Dei,
2962 4034 3069 4107 75
3101 4036 3404 4109 fratresque
3427 4037 3547 4103 ejus

1963 4128 2019 4174 et
2044 4120 2230 4187 amici,
2272 4122 2564 4196 gloriaeque
2600 4126 2717 4195 ejus
2752 4130 2882 4183 socii
2922 4144 2985 4183 ac
3022 4131 3316 4199 participes
3350 4151 3361 4185 :
3396 4130 3543 4200 digni

1965 4212 2129 4266 etiam
2159 4213 2329 4271 habiti
2351 4227 2479 4273 sunt
2506 4227 2564 4272 ut
2597 4218 2650 4273 in
2680 4219 2883 4276 coalesti
2919 4221 3055 4275 libro
3088 4224 3544 4286 describerentur.

1964 4310 2020 4357 et
2051 4303 2196 4360 cives
2262 4310 2554 4377 nuncupati
2611 4320 2741 4365 sunt
2808 4312 3167 4383 intelligibilis
3216 4312 3546 4379 Jerusalem,

1964 4406 2084 4459 qua:
2114 4404 2200 4449 est
2240 4408 2415 4454 mater
2458 4410 2794 4466 sanctorum,
2820 4404 2974 4471 cujus
3022 4405 3249 4473 ipsemet
3281 4406 3543 4473 propbeta

1964 4480 2132 4540 Isaias
2157 4490 2405 4545 meminit
2436 4494 2623 4549 dicens
2647 4510 2661 4548 :
2712 4513 2731 4547 ι
2752 4493 2904 4550 Oculi
2935 4496 3009 4551 tui
3038 4496 3549 4566 contemplabuutur

275 4571 495 4623 πολῖται
528 4566 970 4640 κεχρηματίκασι
997 4565 1097 4637 τῆς
1125 4564 1321 4633 νοητῆς
1362 4564 1733 4635 Ἰερουσαλὴμ,
1763 4567 1861 4637 τῆς

1970 4572 2266 4629 Jerusalem
2291 4579 2566 4637 civitatem
2598 4583 2844 4651 divitem,
2878 4586 3108 4639 tentoria
3128 4564 3385 4655 quavnon
3412 4599 3548 4653 qua-

274 4663 384 4715 τῶν
434 4659 609 4729 ἁγίων
658 4658 882 4729 μητρὸς,
929 4651 998 4728 ἧς
1050 4654 1213 4720 αὐτὸς
1253 4658 1281 4708 ό
1323 4657 1607 4728 προφήτης
1644 4659 1868 4722 Ἡσαΐας

1978 4667 2178 4722 tientur
2203 4668 2271 4721 ".
2297 4687 2317 4721 ι

276 4758 647 4827 διιμέμνηται
676 4753 882 4820 λέγων·
923 4768 941 4802 ι
969 4750 1031 4804 Οί
1083 4747 1350 4819 ὀφθαλμοί
1396 4764 1489 4801 σου
1549 4748 1769 4818 ὄψονται
1811 4751 2203 4829 Ἰερουσαλήμο
2234 4759 2389 4823 πόλις
2448 4761 2700 4829 πλουσία,
2772 4765 2969 4835 σκηναῖ⁵
3010 4766 3066 4819 αἳ
3098 4767 3156 4820 οὐ
3201 4766 3275 4839 μὴ
3322 4766 3531 4820 σεισθῶ

279 4870 382 4907 σιν.
419 4870 440 4901 ³

349 4937 487 5001 ’Ὅτι
518 4939 815 4998 mxumi
834 4939 1049 5006 Κύριος
1084 4936 1189 4990 τὸν
1211 4938 1414 5005 ῥύπον
1440 4936 1559 4990 τῶν
1589 4937 1735 4991 υἱῶν
1770 4936 1869 4991 καὶ

278 5039 400 5094 τῶν
430 5034 770 5104 θυγατέρων
793 5032 973 5086 Σιών·
1017 5030 1115 5083 καὶ
1141 5028 1207 5083 τὸ
1235 5024 1378 5097 αἷμα
1421 5029 1765 5099 ἐκκαθαριεῖ
1801 5030 1869 5083 ἐκ

2046 4937 2213 4993 Vens.
2248 4939 2302 4994 4.
2345 4939 2482 5006 Quia
2508 4942 2646 4996 eluet
2699 4940 2954 4998 Dominus
3001 4946 3181 5001 sordes
3214 4947 3447 5016 ﬁliorum
3497 4960 3545 5005 et

1975 5030 2206 5099 ﬁliarum
2236 5031 2367 5087 Sion
2389 5051 2409 5099 ;
2440 5042 2490 5087 et
2517 5036 2823 5103 sanguinem
2849 5036 2912 5090 de
2951 5040 3122 5093 medio
3149 5056 3327 5094 eorum
3353 5058 3550 5110 purgaa

274 5128 472 5197 μέσου
504 5124 728 5184 αὐτῶν,
759 5122 830 5175 ἐν
853 5120 1143 5189 πνεύματι
1171 5118 1425 5187 κρίσεως
1448 5117 1548 5172 καί
1578 5119 1869 5188 πνεύματι

1976 5122 2071 5187 bit,
2100 5122 2156 5175 in
2186 5123 2375 5190 spiritu
2398 5124 2590 5193 judicii
2621 5134 2670 5179 et
2691 5126 2880 5192 spiritu
2904 5128 3297 5182 combustionis.

280 5235 559 5282 κιιυσεως
568 5258 580 5269 .

366 5309 663 5377 Ἀνανὴφει
698 5304 858 5360 πάλιν
891 5306 920 5358 6
952 5303 1045 5356 τοῦ
1078 5302 1360 5374 προφήτου
1406 5301 1583 5369 λόγος,
1621 5300 1716 5354 καὶ
1766 5301 1865 5365 τὰς

281 5399 548 5469 ἐσομένας
576 5397 687 5450 ἐσθ’
714 5398 803 5451 ὅτε
831 5396 982 5468 παρά
1007 5412 1169 5447 τινων
1197 5394 1571 5466 εὑρεσιλογίας
1606 5394 1867 5466 περιττὰς

282 5492 600 5559 ἀποφαίνει,
658 5490 751 5542 καὶ
795 5487 902 5541 τῶν
944 5486 1039 5540 τοῦ
1083 5485 1221 5540 Θεοῦ
1266 5487 1549 5559 χριμάτων
1606 5486 1869 5553 κατεξαν-

285 5582 534 5638 ίστασθαί
576 5598 689 5633 τισι
730 5582 848 5634 κατ’
874 5579 1062 5633 οὐδένα
1114 5579 1313 5650 τρόπον
1364 5578 1535 5647 ἐφιεὶς
1569 5578 1871 5647 προαπολο-

283 5678 457 5742 γεῖται
505 5673 795 5745 χρησίμως
820 5686 833 5701 ο
862 5670 1049 5741 ὥσπερ
1080 5670 1190 5740 γάρ
1214 5686 1355 5732 τινος
1397 5669 1573 5722 ἐκεῖνο
1608 5666 1867 5737 βοῶντος·

354 5833 399 5905 [⁸
426 5832 560 5892 Luc.
589 5834 749 5897 urit,
773 5828 861 5883 30.
938 5830 985 5863 ⁸⁸
1014 5827 1147 5884 Luc.
1180 5843 1234 5894 ι,
1268 5825 1360 5881 20.
1437 5826 1480 5857 "
1512 5824 1613 5879 lsa.
1651 5840 1843 5891 xum,
1871 5822 1959 5877 9.0.

2043 5301 2204 5357 Redit
2228 5302 2294 5356 ad
2323 5317 2381 5357 se
2428 5318 2617 5358 rursus
2650 5303 2926 5373 pr0phetae
2945 5304 3145 5369 oratio,
3165 5313 3219 5359 et
3264 5306 3551 5358 nonnullo-

1975 5408 2094 5446 rum
2136 5404 2442 5449 commenta
2483 5395 2636 5449 irrita
2685 5394 2799 5450 fore
2841 5395 3097 5459 ostendit,
3125 5411 3355 5464 cumque
3399 5397 3550 5450 nullo

1978 5485 2135 5538 modo
2164 5485 2443 5553 permittat
2490 5486 2742 5555 cuiquam
2767 5486 2965 5540 divinis
3008 5486 3263 5543 resistere
3307 5487 3547 5555 jndiciis,

1979 5577 2223 5648 apologia
2260 5579 2492 5647 quadam
2535 5579 2821 5648 prmmnnit
2846 5579 3073 5645 utiliter,
3101 5594 3166 5634 ac
3202 5579 3245 5634 si
3278 5578 3546 5647 quispiam

1981 5668 2108 5724 illud
2141 5668 2468 5725 occlamaret
2506 5687 2520 5725 :
2558 5668 2896 5727 Extollentur
2927 5670 2993 5727 de
3017 5670 3226 5741 integro
3254 5669 3346 5723 lilii
3384 5667 3546 5723 Jeru-
