4094 6366
515 424 609 479 151

1547 422 1605 477 S.
1647 421 1928 478 CTRILLI
1969 420 2443 479 ALEXANDRINI
2484 425 2804 483 ARCHIEP.

3674 427 3779 485 132

512 546 701 610 salem,
732 552 786 598 et
833 542 1174 598 ornabuntur
1227 540 1421 612 gloria,
1457 543 1643 598 ethoc
1673 554 1729 597 et
1784 545 1836 597 in
1881 544 2087 599 emlesti

2207 544 2615 615 ’Υψωθήσονται
2664 546 2828 598 πάλιν
2853 546 2901 598 oi
2937 545 3047 598 υἱοὶ
3076 545 3292 616 Ἰσραήλ
3312 560 3323 572 ·
3360 543 3779 616 δοξασθήσονται

512 639 654 692 libro
706 636 939 691 describi
975 635 1346 701 merebuntur,
1366 634 1495 689 licet
1558 635 1891 706 impietatem
1950 638 2093 691 haud

508 730 856 783 mediocriter
892 728 1259 791 excreuerint,
1294 727 1589 797 prophetas
1612 728 1935 794 occiderint,
1971 729 2093 782 mis-

510 838 602 874 sos
648 819 914 891 lapidibus
962 821 1268 886 ohruerint,
1310 822 1484 893 ipsum
1533 822 1750 876 demum
1808 820 2090 876 Christum

510 914 668 967 morti
719 913 1062 979 tradiderint,
1089 929 1386 983 eorumque
1445 930 1638 967 manus
1699 914 1963 983 sanguine
2007 930 2093 967 re--

508 1005 888 1059 duudaverint.
926 1004 1065 1075 Quid
1107 1005 1271 1074 igitur
1311 1006 1615 1075 propheta?
1645 1025 1663 1057 ι
1690 1005 1845 1059 Eluet
1904 1006 2091 1059 Domi-

510 1112 630 1159 nus,
688 1096 881 1165 inquit,
940 1098 1128 1152 sordes
1180 1098 1411 1151 filiorum
1476 1108 1531 1151 et
1582 1098 1815 1151 filiarum
1855 1099 2094 1163 Sion,et

506 1190 827 1258 sanguinem
887 1191 1266 1261 expurgabite
1300 1191 1479 1245 medio
1529 1206 1741 1255 eorum,
1780 1190 1833 1244 in
1897 1192 2090 1259 spiritu

502 1280 689 1349 judicii
745 1290 801 1334 et
847 1281 1038 1349 spiritu
1093 1281 1326 1335 ardoris.
1356 1300 1374 1332 ο
1412 1281 1762 1350 Deliquerunt
1820 1283 2090 1350 siquidem

506 1373 645 1429 citra
676 1371 1469 1442 controversiam,justilicavit
1499 1388 1628 1426 vero
1675 1388 1864 1427 omnes
1921 1374 2091 1443 gratia

506 1483 606 1539 per
659 1466 963 1529 Christum,
1000 1467 1351 1536 ipsorumque
1410 1466 1821 1520 interfectorum
1874 1475 2091 1536 peccata

507 1559 778 1614 oblivione
795 1559 1061 1628 sepelivit.
1100 1559 1441 1612 Nimirumet
1462 1559 1675 1613 divinus
1704 1558 2091 1614 PetrusJudai-

505 1665 626 1704 cum
654 1650 908 1719 populum
943 1649 1140 1703 affatur
1164 1650 1361 1704 alicubi
1393 1651 1611 1704 dicens:
1646 1669 1663 1700 ι
1706 1648 1810 1705 Vos
1834 1648 2091 1704 Sanctum

504 1750 560 1795 et
586 1738 800 1795 Justum
831 1742 1094 1809 negastis,
1132 1752 1186 1795 et
1216 1739 1505 1809 ﬂagitastis
1540 1741 1865 1795 homicidam
1900 1741 2090 1795 donari

505 1834 659 1887 vobis
681 1832 747 1887 ⁸⁸.
789 1852 808 1883 ι
846 1834 1056 1887 Alicuhi
1093 1833 1289 1888 iterum
1321 1851 1333 1887 :
1370 1853 1388 1885 ι
1419 1834 1484 1889 Et
1518 1850 1680 1897 nunc,
1714 1835 1927 1898 fratres,
1968 1834 2091 1887 novi

509 1926 655 1995 quod
690 1942 755 1981 es
786 1926 1089 1995 ignorantia
1122 1926 1350 1991 fecistis,
1405 1927 1565 1981 sicuti
1601 1937 1656 1980 et
1695 1928 1967 1998 principes
1998 1942 2089 1981 ve-

507 2020 629 2074 stri.
688 2020 1007 2091 Resipiscite
1040 2022 1245 2091 itaque,
1297 2031 1351 2074 et
1384 2020 1690 2090 baptizetur
1718 2020 2087 2091 unusquisque

506 2120 744 2164 vestrum
776 2111 828 2163 iu
860 2126 1053 2165 nomen
1082 2110 1292 2165 Domini
1323 2110 1474 2176 Jesu,
1505 2121 1560 2168 et
1580 2111 1858 2179 accipietis
1882 2111 2085 2165 donum

507 2201 684 2255 sancti
710 2201 947 2270 Spiritus
972 2221 988 2259 ;
1020 2201 1176 2256 vobis
1203 2204 1346 2256 enim
1377 2214 1506 2257 sunt
1535 2204 1920 2272 promissiones
1949 2214 2003 2259 et
2031 2205 2090 2259 fl-

506 2294 591 2347 liis
653 2295 854 2349 vestris
885 2294 998 2348 ⁸⁹.»
1034 2294 1393 2364 Quapropter,
1459 2296 1652 2361 inquit,
1709 2298 2085 2351 universorum

504 2384 685 2456 opifex
719 2398 776 2439 et
821 2386 1100 2450 Duniinus,
1137 2386 1364 2440 multum
1424 2388 1761 2451 misericors,
1792 2388 1881 2456 qui
1935 2404 2089 2441 man-

506 2478 791 2532 suetudine
833 2488 888 2531 et
929 2477 1215 2531 clementia
1268 2478 1518 2531 humanae
1570 2481 1767 2532 mentis
1811 2480 2087 2548 angustias

505 2571 739 2634 excedit,
776 2571 866 2638 qui
906 2586 1010 2623 non
1038 2570 1153 2624 vult
1183 2577 1411 2625 mortem
1439 2570 1745 2637 morientis,
1774 2586 1881 2640 quo
1908 2587 2032 2625 eum
2057 2588 2087 2625 a

509 2662 596 2714 via
641 2676 736 2714 sua
770 2674 933 2729 prava
987 2667 1220 2724 avertat,
1248 2667 1302 2714 et
1344 2660 1526 2714 vivat:
1556 2660 1738 2714 abluet
1772 2661 1961 2715 sordes
1992 2675 2086 2715 eo-

510 2769 627 2806 rum
678 2752 772 2822 qui
812 2761 1129 2822 peccaruut,
1170 2759 1224 2804 et
1275 2764 1306 2803 e
1347 2751 1526 2805 medio
1575 2750 1789 2805 illorum
1836 2752 2089 2821 purgabit

508 2846 850 2913 sanguinem,
884 2842 1077 2911 spiritu
1111 2840 1303 2908 judicii
1327 2851 1379 2895 et
1407 2841 1599 2910 spiritu
1627 2841 1859 2896 ardoris.
1887 2840 2085 2898 Judicii

506 2948 685 2990 autem
714 2936 964 3005 spiritum
994 2933 1249 2999 dicimus,
1285 2950 1351 2988 ex
1393 2934 1596 3001 judicio
1619 2945 1767 2989 recto
1797 2944 1851 2988 et
1879 2936 2085 3002 justitia

506 3029 674 3081 latum
704 3028 756 3081 in
790 3041 935 3081 nosa
970 3026 1079 3080 Deo
1109 3026 1399 3080 calculum.
1429 3025 1538 3097 76
1556 3025 1775 3081 Scilicet
1811 3027 1882 3079 ita
1911 3027 2088 3097 inquit

511 3122 771 3177 Servator
807 3137 821 3175 :
863 3138 881 3171 ι
912 3119 1068 3173 Nune
1115 3119 1378 3187 judicium
1430 3130 1516 3175 est
1554 3119 1734 3174 saeculi
1766 3118 1923 3187 hujus
1960 3120 2028 3175 °°.
2060 3139 2079 3172 ι

506 3211 720 3266 Judicio
749 3214 894 3265 enim
935 3212 1213 3266 contendit
1237 3227 1359 3265 cum
1390 3214 1589 3267 mundo
1617 3213 1719 3267 hoc
1751 3223 1804 3267 et
1835 3228 1960 3268 cum
1985 3213 2086 3267 Sa-

2195 635 2276 701 δὲ,
2308 638 2399 690 καὶ
2443 638 2542 708 τὴν
2581 637 2695 691 ἄνω
2738 637 3090 708 κερδανοῦσιν
3120 638 3467 709 ἀπογραφὴν,
3494 638 3670 691 καίτοι
3694 638 3781 691 δε-

2194 726 2595 799 δυσσεϐήκασιν
2639 728 2701 779 ού
2750 727 3010 797 μετρίως,
3052 726 3383 780 ἀπεκτόνασι
3412 727 3538 789 τοὺς
3565 727 3779 797 προφή-

2195 835 2315 881 τας,
2365 818 2749 889 ἐλιθοϐόλησαν
2793 820 2919 881 τοὺς
2961 818 3426 889 ἀπεσταλμένους,
3475 821 3569 872 καὶ
3618 819 3779 874 α’ύτὸν

2193 909 2252 962 δὲ
2278 908 2636 972 τελευτῶντες
2665 909 2996 979 προσέθεσαν
3020 908 3110 961 τὸν
3145 908 3396 979 Χριστὸν,
3434 908 3529 961 καὶ
3547 909 3778 977 γεγόναο

2198 1016 2282 1052 σιν
2308 999 2487 1054 αὐτῶν
2517 1001 2573 1051 αἱ
2602 1002 2783 1069 χεῖρες
2814 1000 3043 1069 αἵματος
3074 998 3321 1070 πλήρεις.
3353 998 3419 1051 Τί
3464 995 3557 1053 οὖν
3588 1002 3617 1052 6
3645 1016 3775 1071 προ-

2197 1092 2408 1161 φήτης;
2463 1090 2811 1155 (Ἐκπλυνεί,
2848 1110 2867 1143 ι
2935 1091 3105 1161 φησὶ,
3161 1108 3179 1141 ι
3214 1089 3418 1160 Κύριος
3463 1090 3555 1142 τὸν
3610 1090 3781 1160 ῥύπον

2194 1184 2304 1236 τῶν
2334 1183 2485 1249 υἱῶν,
2513 1184 2605 1236 καὶ
2636 1184 2745 1237 τῶν
2774 1182 3087 1254 θυγατέρων
3122 1182 3278 1243 Σιὼν,
3311 1182 3487 1234 καὶτὸ
3517 1176 3656 1251 αἷμα
3688 1183 3779 1234 ἐκ·

2196 1276 2450 1347 καθαριεῖ
2487 1277 2551 1328 ἐκ
2594 1277 2759 1345 μέσου
2792 1275 2991 1339 αὐτῶν,
3023 1279 3078 1328 ἐν
3121 1275 3393 1346 πνεύματι
3418 1276 3651 1347 κρίσεως
3682 1278 3776 1328 καὶ

2195 1372 2254 1423 ὲν
2306 1371 2576 1440 πνεύματι
2624 1370 2890 1433 καύσεως.
2921 1389 2940 1422 ι
2992 1368 3497 1440 Πεπλημμελήκασι
3536 1368 3633 1439 μὲν
3667 1368 3776 1439 γὰρ

2195 1462 2666 1533 ὁμολογουμένως·
2698 1462 2933 1516 ἐδικαίου
2976 1463 3034 1515 δὲ
3078 1463 3286 1524 πάντας
3333 1463 3366 1531 ἠ
3419 1461 3576 1531 χάρις
3618 1462 3651 1531 ἡ
3687 1447 3777 1514 διά

2196 1555 2456 1627 Χριστοῦ,
2487 1557 2581 1608 καὶ
2616 1554 2796 1616 αὐτοῖς
2831 1554 2887 1606 δὲ
2917 1557 3030 1617 τοῖς
3074 1554 3461 1622 πεφονευκόσιν
3498 1553 3776 1624 ἐχαρίζετο

2194 1648 2292 1720 τὴν
2326 1648 2652 1718 ἀμνηστίαν.
2688 1648 2798 1700 Καὶ
2847 1647 2977 1716 γοῦν
3016 1650 3044 1699 6
3091 1646 3374 1709 θεσπέσιος
3417 1646 3621 1717 Πέτρος
3665 1648 3774 1709 τοῖς

2210 1741 2475 1797 Ἰουδαίων
2508 1740 2701 1811 δήμοις
2732 1740 3072 1811 προσεφώνει
3107 1740 3278 1808 λέγων
3302 1782 3315 1805 ,
3360 1740 3491 1793 ποτὲ
3526 1741 3626 1810 μὲν
3646 1780 3660 1802 ,
3692 1740 3772 1792 ὅτι

2203 1854 2221 1883 ‹
2245 1835 2257 1851 ’
2271 1835 2306 1885 Υ
2314 1835 2434 1904 μεῖς
2453 1833 2508 1885 δὲ
2524 1834 2613 1885 τὸν
2634 1833 2825 1905 ’Λγιον
2845 1833 2937 1885 καὶ
2954 1832 3167 1885 Δίκαιον
3183 1831 3512 1903 ἠρνήσασθε,
3531 1833 3624 1885 καὶ
3639 1832 3774 1902 ᾐτή-

2125 1916 2163 1969 Β
2196 1939 2324 1974 σατε
2359 1922 2529 1993 ἄνδρα
2555 1921 2721 1989 φονέα
2744 1920 3066 1993 χαρισθῆναι
3096 1923 3245 1989 ὑμῖν.
3282 1940 3299 1972 ι
3335 1921 3470 1973 Ποτὲ
3500 1920 3555 1972 δὲ
3583 1920 3771 1973 πάλιν·

2202 2033 2220 2065 ι
2248 2016 2356 2068 Καὶ
2376 2014 2489 2077 νῦν,
2514 2014 2751 2082 ἀδελφοὶ,
2775 2009 2911 2077 οἴδα,
2945 2012 3087 2066 κατὰ
3112 2013 3335 2085 ἄγνοιαν
3358 2012 3649 2082 ἐπράξατε,
3667 2010 3773 2063 ῶσο

2194 2122 2297 2177 περ
2321 2107 2414 2159 καὶ
2438 2107 2486 2157 οἱ
2511 2108 2769 2177 ἄρχοντες
2794 2107 2822 2159 ὑ
2830 2106 2964 2177 μῶν.
2983 2106 3364 2177 Μετανοήσατε
3385 2100 3497 2169 οὖν,
3517 2107 3608 2157 καὶ
3636 2104 3773 2175 βαπ-

2193 2199 2433 2270 τισθήτω
2453 2198 2679 2260 ἕκαστος
2700 2198 2729 2249 ὑ
2739 2197 2853 2268 μῶν
2871 2201 2947 2261 είς
2964 2198 3024 2251 16
3044 2198 3215 2268 ὄνομα
3234 2196 3327 2249 τοῦ
3344 2197 3549 2270 Κυρίου
3574 2196 3771 2267 Ἰησοῦ,

2195 2295 2291 2347 καὶ
2324 2293 2557 2364 λήψεσθε
2588 2292 2685 2363 τὴν
2722 2292 2932 2362 δωρεὰν
2965 2290 3058 2344 τοῦ
3085 2292 3243 2359 ἁγίου
3267 2288 3581 2359 Πνεύματος
3603 2305 3615 2319 ·
3646 2289 3774 2357 ὑμῖν

2194 2386 2304 2458 γάρ
2334 2388 2470 2439 εἰσιν
2502 2388 2557 2439 αἱ
2591 2386 2914 2455 ἐπαγγελίαι
2946 2386 3041 2438 καὶ
3074 2389 3184 2447 τοῖς
3214 2384 3421 2447 τέκνοις
3453 2382 3626 2453 ὑμῶν.
3658 2400 3676 2432 ι
3715 2382 3773 2433 '0

2194 2483 2396 2549 τοίνυν,
2425 2482 2612 2552 φησὶν,
2645 2483 2673 2535 6
2701 2480 2809 2534 τῶν
2834 2481 2969 2532 ὅλων
2994 2478 3325 2549 δημιουργὸς
3369 2477 3462 2529 καὶ
3485 2476 3687 2546 Κύριος
3704 2513 3718 2536 ,
3745 2475 3774 2525 6

2196 2574 2363 2637 πολὺς
2406 2575 2482 2637 είς
2529 2573 2699 2637 ἔλεος,
2727 2576 2755 2627 ὀ
2782 2573 2949 2627 νικῶν
2977 2571 3276 2643 ήμερότητι
3304 2570 3402 2633 τὰς
3429 2566 3773 2638 ἀνθρωπίνας

2198 2662 2594 2738 μικροψυχίας·
2643 2666 2671 2716 6
2706 2663 2781 2735 μὴ
2811 2663 2980 2715 θέλων
3020 2661 3112 2714 τὸν
3147 2662 3374 2714 θάνατον
3412 2657 3504 2711 τοῦ
3537 2655 3773 2729 ἀποθνήο

2196 2772 2437 2818 σκοντος,
2466 2755 2543 2818 ὡς
2573 2753 2633 2808 16
2658 2753 2984 2826 ἐπιστρέψαι
3012 2752 3173 2807 αὑτὸν
3200 2750 3309 2806 ἀπὸ
3332 2750 3429 2815 τῆς
3456 2747 3575 2803 ὁδοῦ
3608 2743 3772 2801 αὑτοῦ

2192 2848 2294 2918 τῆς
2344 2851 2610 2919 πονηρᾶς,
2650 2849 2744 2901 καὶ
2795 2848 2894 2921 ζῇν
2934 2843 3421 2903 αὐτόν.⁹Εκπλυνεῖ
3466 2843 3558 2896 τὸν
3601 2841 3773 2914 ῥύπον

2192 2942 2301 2995 τῶν
2331 2942 2751 3018 ἡμαρτηκότων,
2786 2940 3109 3008 ἐκκαθαριεῖ
3131 2940 3187 2993 δὲ
3221 2940 3315 2991 καὶ
3340 2937 3401 2990 16
3426 2933 3563 3007 αἷμα
3588 2938 3651 2989 ὲκ
3686 2934 3774 3005 μέο

2195 3052 2287 3088 σου
2334 3035 2517 3088 αὐτῶν
2559 3037 2617 3089 ἐν
2660 3035 2933 3105 πνεύματι
2976 3034 3207 3107 κρίσεως
3254 3032 3347 3085 καὶ
3390 3033 3448 3084 έν
3501 3028 3771 3097 πνεύματι

2192 3127 2459 3191 καύσεως.
2494 3127 2607 3181 Καὶ
2652 3128 2714 3181 16
2771 3129 2867 3198 μὲν
2919 3129 3017 3198 τῆς
3060 3126 3293 3198 κρίσεως
3322 3123 3540 3194 πνεῦμά
3570 3137 3768 3192 φαμεν,

2189 3220 2290 3290 τὴν
2315 3221 2453 3291 μετὰ
2474 3221 2708 3295 κρίσεως
2737 3220 2923 3291 ὀρθῆς,
2946 3221 3064 3290 ἦτοι
3085 3219 3450 3286 δικαιοσύνης,
3477 3212 3770 3284 ἐξενεχθεῖ-

508 3314 631 3356 tana
663 3320 676 3355 :
720 3313 774 3355 et
810 3304 952 3357 hunc
978 3303 1199 3377 quidem
1227 3304 1390 3370 ejecit
1425 3316 1484 3357 ut
1513 3304 1709 3373 injuria
1741 3302 2083 3369 aﬂicieutem,

2191 3282 2290 3363 σαν
2315 3282 2403 3379 ἐφ’
2434 3282 2566 3383 ήμίν
2600 3282 2749 3383 παρὰ
2770 3282 3127 3381 beauty-imit.
3160 3309 3315 3361 Οὕτω
3337 3282 3445 3376 γάρ
3473 3307 3573 3359 πού
3600 3282 3769 3375 φησιν

508 3396 627 3450 illos
679 3411 809 3450 vero
863 3394 1185 3463 justilicavit
1218 3412 1248 3451 e
1284 3398 1483 3451 mundo
1529 3410 1626 3465 per
1676 3396 1857 3460 fidem,
1888 3395 2087 3463 injuria

507 3488 751 3544 aﬂ‘ectos.
782 3489 1010 3543 Ardoris
1042 3504 1172 3543 vero
1195 3488 1446 3558 spiritum
1482 3490 1735 3553 dicimus,
1770 3488 1997 3557 gratiam
2031 3487 2086 3542 ln

509 3591 859 3636 sacrosancto
886 3581 1179 3650 baptismo,
1209 3598 1315 3635 non
1345 3582 1550 3649 absque
1583 3579 1792 3650 Spiritu
1820 3579 1975 3633 nobis
2000 3579 2085 3632 in-

508 3683 841 3741 generatum.
864 3672 1128 3743 Baptizati
1161 3684 1341 3727 autem
1373 3684 1428 3728 et
1450 3673 1543 3727 loti
1583 3688 1791 3738 sumus,
1819 3689 1923 3728 non
1947 3687 2086 3742 aqua

508 3765 671 3830 nuda,
703 3765 796 3818 sed
815 3779 913 3818 nec
941 3767 1122 3819 cinere
1163 3764 1316 3818 vituli
1343 3765 1621 3819 emundati
1650 3780 1859 3829 sumus,
1902 3765 1967 3819 ad
2008 3780 2090 3819 so-

509 3856 614 3909 lam
672 3856 855 3911 carnis
908 3857 1362 3926 purificationem,
1408 3856 1860 3925 quemadmodum
1915 3857 2091 3927 inquit

510 3946 703 4001 heatus
735 3944 934 4000 Paulus
956 3948 1022 4012 “,
1061 3948 1154 4001 sed
1192 3946 1397 4017 Spiritu
1436 3959 1646 4011 sancto,
1677 3960 1728 4002 et
1754 3949 1877 4018 igne
1908 3950 2089 4003 divino

508 4054 573 4091 ac
601 4038 949 4105 intelligibili,
982 4038 1074 4105 qui
1108 4039 1298 4092 sordes
1326 4038 1645 4092 vitiositatis
1683 4040 1733 4091 iu
1760 4040 1916 4093 nobis
1938 4040 2090 4094 dete-

512 4131 581 4183 rit
609 4140 663 4183 et
697 4130 951 4193 absumit,
978 4138 1031 4182 et
1078 4129 1286 4198 peccati
1328 4130 1758 4198 inquinationem
1812 4131 1985 4199 liquat
2032 4141 2087 4187 et

506 4221 776 4291 excoquit.
814 4221 967 4275 Hunc
1001 4221 1308 4276 Servatoris
1350 4222 1640 4275 adventum
1679 4222 1831 4277 nobis
1870 4235 1923 4277 et
1950 4224 2090 4278 alter

506 4329 723 4383 quoque
752 4329 781 4368 e
813 4316 1017 4369 sanctis
1046 4315 1323 4384 prophetis
1345 4316 1786 4385 priesignilicavit
1814 4317 2084 4389 inquiens:

513 4425 532 4458 ι
556 4406 690 4473 Quia
715 4420 841 4459 ecce
870 4407 1179 4476 egredietur
1200 4408 1357 4476 quasi
1397 4407 1538 4476 ignis
1571 4408 1827 4473 fornacis,
1855 4422 1907 4464 et
1933 4411 2085 4479 quasi

508 4501 672 4553 herba
714 4498 970 4563 Iutorum,
1002 4508 1056 4554 et
1104 4500 1355 4570 purgabit
1402 4500 1686 4556 conﬂando
1709 4502 1865 4569 quasi
1893 4518 2087 4575 argen-

2187 3407 2216 3458 6
2250 3405 2475 3476 Σωτήρ·
2526 3424 2545 3456 ι
2576 3404 2691 3457 Νῦν
2734 3404 2913 3472 κρίσις
2964 3403 3081 3455 ἐστὶ
3123 3401 3220 3455 τοῦ
3270 3401 3464 3463 αἰῶνος
3498 3398 3706 3451 τούτου.
3744 3416 3763 3449 ι

2202 3495 2450 3550 Ἐδίκασε
2487 3496 2596 3565 γάρ
2622 3494 2701 3566 τῷ
2729 3495 2885 3548 αἰῶνι
2912 3493 3088 3563 τούτῳ
3134 3492 3231 3547 καὶ
3275 3491 3354 3563 τῷ
3390 3491 3635 3560 Σατανᾷ·
3674 3486 3769 3541 καὶ

2187 3588 2281 3639 τὸν
2329 3588 2428 3658 μὲν
2478 3585 2809 3655 ἐκϐέϐληκεν
2858 3583 2934 3646 ὼς
2977 3582 3302 3655 ἠδικηκότα·
3352 3577 3666 3631 δεδικαίωκε
3711 3574 3769 3628 δὲ

2187 3681 2314 3742 τοὺς
2342 3681 2401 3732 ὲν
2424 3678 2502 3749 τῷ
2532 3679 2720 3749 κόσμῳ
2753 3677 2841 3731 διὰ
2885 3676 2986 3745 τῆς
3018 3676 3251 3735 πίστεως
3283 3672 3358 3735 ὡς
3385 3669 3763 3741 ἠδικημένους.

2188 3772 2454 3834 Καύσεως
2480 3770 2538 3824 δὲ
2568 3770 2788 3839 πνεῦμά
2821 3785 3000 3838 φαμεν
3026 3768 3124 3838 τὴν
3162 3765 3253 3819 ἐπὶ
3294 3764 3371 3834 τῷ
3402 3762 3542 3832 ἁγίῳ
3571 3758 3765 3831 βαπτί-

2191 3879 2356 3937 σματι
2388 3862 2565 3934 χάριν,
2599 3862 2661 3913 οὐ
2689 3860 2810 3930 δίχα
2841 3858 3154 3929 Πνεύματος
3191 3860 3248 3910 ὲν
3283 3856 3413 3929 ημῖν
3453 3851 3766 3923 γινομένην.

2190 3952 2613 4023 Βεϐαπτίσμεθα
2666 3953 2763 4022 μὲν
2818 3952 2931 4022 γὰρ
2982 3952 3083 4002 οὑκ
3133 3949 3191 4000 έν
3228 3946 3379 3999 ύδατι
3412 3943 3624 4015 γυμνῷ,
3652 3940 3765 3993 ἀλλ’

2190 4044 2311 4096 οὐδὲ
2346 4042 2525 4117 σποδῴ
2556 4042 2859 4115 δαμάλεως,
2894 4038 3291 4117 ἐρραντίσμεθα
3326 4037 3384 4090 δὲ
3418 4035 3552 4107 πρὸς
3599 4034 3765 4104 μόνην

2188 4134 2287 4211 τήν
2312 4137 2407 4208 τῆς
2438 4134 2640 4203 σαρκὸς
2674 4133 3041 4204 καθαρότητα,
3074 4130 3217 4185 καθά
3244 4146 3405 4202 φησιν
3434 4130 3463 4181 6
3495 4128 3765 4199 μακάριος

2189 4226 2423 4292 Παῦλος,
2454 4225 2569 4279 ἀλλ’
2596 4227 2653 4279 έν
2682 4227 2963 4295 Πνεύματι
3008 4223 3167 4293 ἀγίῳ,
3198 4224 3291 4276 καὶ
3340 4222 3472 4293 πυρὶ
3515 4219 3593 4291 τῷ
3636 4219 3765 4290 θείῳ

2188 4323 2284 4372 καὶ
2309 4319 2503 4393 νοητῷ,
2532 4320 2659 4382 τοὺς
2706 4319 2807 4389 τῆς
2848 4320 2905 4370 ὲν
2941 4320 3075 4388 ἡμῖν
3104 4317 3435 4388 φαυλότητος
3458 4311 3764 4367 δαπανῶντι

2190 4411 2411 4484 ῥύπους,
2432 4412 2524 4464 καὶ
2544 4411 2633 4463 τὸν
2658 4414 2721 4467 ἐκ
2738 4411 2836 4482 τῆς
2860 4412 3131 4482 ἁμαρτίας
3154 4410 3439 4481 ὲκτήκοντι
3471 4403 3760 4479 μολυσμόν.

2189 4505 2456 4578 Τοιαύτην
2504 4507 2634 4577 ἡμῖν
2681 4505 2777 4559 τοῦ
2828 4506 3075 4577 Σωτῆρος
3101 4505 3200 4576 τὴν
3231 4504 3413 4573 ἄνριξιν
3448 4503 3543 4556 καὶ
3583 4502 3763 4575 ἕτερος

510 4602 620 4644 tum
651 4601 706 4644 et
738 4591 889 4660 quasi
922 4607 1113 4646 aurum
1142 4592 1242 4645 ⁸³.»
1275 4594 1349 4647 De
1379 4590 1580 4648 Iudaeis
1610 4596 1755 4648 enim
1783 4596 1872 4664 qui
1902 4596 2086 4649 inube-

2191 4599 2295 4652 τῶν
2364 4599 2534 4665 ἁγίων
2607 4599 2902 4671 προφητῶν
2973 4598 3505 4667 προκαταμεμήνυκε
3553 4595 3759 4665 λέγων·

506 4684 727 4737 dientiae
784 4684 998 4738 crimini
1055 4682 1240 4738 aﬂines
1299 4695 1717 4753 permanserunt
1767 4704 1782 4738 :
1834 4686 2088 4742 «Defecit

2192 4693 2345 4745 «Ὅτι
2395 4692 2503 4747 ἰδοὺ
2532 4690 2692 4753 αὐτὸς
2724 4689 3099 4760 εἰσπορεύεται
3128 4690 3203 4753 ὡς
3236 4688 3348 4761 πῦρ
3372 4688 3761 4763 χωνευτηρίου,

510 4774 672 4841 follis,
700 4793 718 4826 ι
754 4774 948 4843 inquit,
980 4794 999 4826 ι
1029 4775 1097 4829 ab
1136 4775 1294 4844 igne;
1341 4775 1540 4830 defecit
1573 4776 1871 4845 plumbum,
1906 4778 1959 4831 in
1997 4794 2087 4831 va—

2191 4785 2279 4836 καὶ
2306 4783 2381 4845 ὡς
2414 4782 2520 4835 πόα
2549 4780 2877 4846 πλυνόντων,
2913 4781 3008 4834 καὶ
3037 4780 3301 4833 καθιείται
3328 4780 3576 4850 χωνεύων
3597 4780 3673 4843 ὡς
3704 4778 3766 4831 16

509 4882 636 4919 num
674 4867 829 4923 faber
854 4879 1134 4937 argentum
1161 4869 1360 4926 conllat
1393 4888 1407 4924 :
1444 4870 1664 4924 malitia:
1693 4884 1882 4924 eorum
1912 4870 2084 4940 lique-

2184 4872 2445 4943 ἀργύριον
2468 4873 2563 4926 καὶ
2587 4872 2663 4936 ὡς
2686 4872 2746 4925 τὸ
2770 4873 3010 4944 χρυσίον.
3040 4892 3072 4923 ι.
3088 4872 3219 4943 Περὶ
3246 4873 3345 4942 μὲν
3374 4872 3482 4943 γὰρ
3504 4872 3614 4924 τῶν
3643 4873 3766 4924 Ἰου-

509 4956 666 5011 facta:
706 4968 1179 5030 sunt;argcntum
1221 4963 1571 5033 reprobatum
1598 4971 1789 5018 vocate
1812 4978 1929 5030 eos,
1959 4964 2085 5032 quia

2191 4964 2367 5026 δαίων,
2394 4964 2442 5017 οἳ
2494 4965 2586 5017 καὶ
2632 4968 2743 5026 τοῖς
2786 4967 2885 5035 τῆς
2910 4963 3192 5027 ἀπειθείας
3224 4964 3563 5035 ἐγκλήμασιν
3591 4965 3762 5035 ἔνοχοι

509 5053 820 5120 reprobavit
868 5068 962 5107 eos
1017 5054 1279 5109 Dominus
1307 5056 1418 5109 ⁸³.»
1471 5056 1527 5111 ln
1573 5057 1729 5110 nobis
1768 5066 1946 5110 autem
1993 5058 2084 5124 qui

511 5143 862 5209 credidimus,
890 5161 993 5199 non
1036 5147 1088 5199 in
1121 5146 1333 5201 irritum
1364 5147 1630 5202 laboravit
1654 5149 1801 5203 faber
1831 5158 2085 5215 argenta-

510 5237 644 5297 rius,
675 5251 850 5304 neque
894 5237 1090 5292 defecit
1140 5239 1283 5294 follis
1327 5242 1395 5295 ab
1450 5242 1593 5312 igne,
1627 5258 1725 5295 nee
1773 5242 2082 5311 plumbum;

509 5327 718 5394 purgati
757 5327 900 5379 enim
940 5344 1128 5384 sumus
1169 5331 1220 5383 in
1256 5332 1450 5403 Spiritu
1502 5332 1686 5400 judicii
1729 5342 1781 5385 et
1810 5333 1861 5385 in
1897 5333 2085 5401 spiritu

511 5417 743 5470 ardoris.
767 5417 916 5482 Quod
939 5420 983 5472 si
1007 5421 1127 5489 quis
1154 5422 1282 5475 velit
1303 5424 1483 5477 dicere
1501 5424 1870 5493 purgationem
1900 5424 1950 5477 in
1975 5425 2087 5493 spi~

511 5508 616 5561 ritu
637 5508 823 5575 judicii
856 5510 1118 5578 etspiritu
1145 5514 1531 5569 combustionis
1558 5516 1610 5569 in
1639 5514 1861 5569 Judaico
1890 5517 2089 5587 populo

512 5600 709 5653 factam
736 5615 858 5654 esse
885 5617 980 5670 per
1012 5602 1351 5661 calamitates
1393 5607 1637 5674 bellicas,
1664 5619 1717 5662 et
1746 5623 1842 5677 per
1867 5624 1927 5661 ea
1966 5623 2086 5677 qua:

512 5690 656 5760 passi
694 5700 820 5744 sunt
866 5693 1119 5763 (purgant
1157 5696 1301 5751 enim
1348 5705 1403 5752 et
1429 5701 1724 5754 emundant
1752 5700 2080 5770 punitiones,

2195 5058 2583 5128 μεμενήκασιν·
2612 5076 2629 5107 ι
2654 5056 2950 5123 Ἐξέλιπεμ
2977 5057 3158 5128 φησὶ,‹
3186 5057 3553 5127 φυσητὴράπὺ
3573 5056 3760 5130 πυρὸς,

2191 5147 2404 5212 ἐξέλιπε
2425 5149 2690 5218 μόλιϐδος,
2708 5151 2786 5212 είς
2810 5151 2961 5204 κενὸν
2979 5150 3353 5221 ἀργυροκόπος
3374 5151 3758 5222 ἀργυροκοπεῐ.

2190 5242 2450 5313 Πονηρίαι
2481 5242 2659 5294 αὐτῶν
2694 5244 2793 5295 οὐκ
2823 5244 3093 5312 ἐτάκησαν
3113 5258 3127 5271 ·
3163 5243 3426 5313 ἀργύριον
3450 5242 3761 5297 ἀποδεδοκι-

2194 5335 2471 5405 μασμένον
2496 5335 2761 5389 καλέσατε
2791 5336 3007 5399 αὐτοὺς,
3030 5338 3111 5388 ὅτι
3145 5336 3545 5406 ἀπεδοκίμασεν
3565 5337 3761 5398 αὐτοὺς

2191 5425 2413 5496 Κύριος.
2447 5445 2464 5475 ›
2506 5427 2621 5496 Ἐφ’
2650 5429 2781 5497 ἡμῖν
2827 5428 2883 5480 δὲ
2931 5430 3041 5492 τοῖς
3085 5429 3525 5493 πεπιστευκόσιν,
3552 5427 3650 5481 οὐκ
3680 5429 3761 5491 είς

2191 5518 2347 5571 κενὸν
2401 5521 2730 5573 κεκοπίακεν
2779 5522 3184 5591 ἀργυροκόπος,
3220 5522 3343 5574 οὔτε
3398 5522 3503 5593 μὴν
3548 5520 3760 5585 ἐξέλιπε

2193 5612 2443 5686 φυσητὴρ
2471 5612 2578 5665 ἀπὸ
2605 5613 2773 5685 πυρὸς
2803 5615 2834 5684 ἢ
2864 5614 3131 5684 μόλιϐδος,
3163 5615 3550 5687 κεκαθάρμεθα
3576 5615 3682 5684 γὰρ
3703 5614 3759 5666 έν

2189 5704 2460 5774 πνεύματι
2491 5706 2722 5777 κρίσεως
2748 5707 2841 5759 καὶ
2868 5709 2924 5760 έν
2950 5708 3216 5779 πνεύματι
3239 5712 3502 5771 καύσεως.
3530 5709 3592 5761 El
3619 5707 3673 5759 δὲ
3695 5706 3759 5775 δὴ

582 5848 627 5878 ⁸⁸
655 5848 777 5903 Act.
812 5868 891 5915 Ill,
922 5852 1007 5908 l4.
1051 5854 1096 5884 "
1132 5854 1285 5923 ibid.,
1314 5858 1379 5911 l7
1408 5874 1557 5929 seqq.
1597 5856 1811 5915 “Joan.
1834 5861 2036 5929 xu,3l.
2079 5862 2121 5894 “
2144 5860 2308 5921 Hebr.
2332 5879 2409 5933 ιι,
2433 5864 2520 5931 15,
2552 5865 2640 5920 Η.
2683 5866 2727 5897 ⁶¹
2754 5863 2977 5921 Malach.
3002 5867 3152 5937 111,2,
3179 5867 3230 5925 5.
3274 5869 3536 5925 “Jerem.
3570 5862 3749 5935 v1.29.
