4094 6366
350 426 454 483 I35

1522 422 1589 479 IN
1627 420 1862 479 ISAIAM
1903 421 2033 479 LIB.
2074 424 2115 480 l.
2153 422 2360 481 ORAT.
2401 425 2489 480 ill.

3498 422 3602 479 £56

348 539 588 608 βούλοιτό
626 557 714 604 τις
746 538 847 611 τὴν
876 539 937 593 ὲν
963 537 1237 609 πνεύματι
1274 534 1523 601 καύσεως
1547 535 1925 606 ἀποκάθαρσιν

2032 544 2087 590 et
2133 535 2374 589 omnium
2412 533 2577 606 judici
2612 534 2743 588 dare
2777 546 2986 604 ρωπος,
3022 534 3291 590 interdum
3318 550 3370 611 ,ε
3425 536 3606 601 multis

343 633 673 706 γεγενῆσθαι
698 633 878 704 λέγειν
906 635 1001 688 ἐπὶ
1032 635 1148 697 τοῖς
1181 631 1450 687 Ἰουδαίων
1475 630 1689 702 δήμοις,
1714 630 1803 682 διὰ
1832 630 1925 701 τῆς

2041 626 2255 682 delictis
2305 626 2541 693 liberat),
2573 641 2603 680 a
2638 641 2765 682 vero
2814 641 2882 682 ne
2933 628 3012 685 sic
3064 629 3279 700 quidem
3331 629 3607 685 aberrabis

343 728 411 778 ὲκ
443 726 536 779 τοῦ
572 726 813 797 πολέμου
864 727 1153 797 συμφορᾶς
1205 726 1302 778 καὶ
1336 718 1412 778 ὧν
1444 724 1932 794 ὑπομεμενήκασιν
2037 720 2236 776 oratio.

343 820 363 885 (
387 819 818 890 ἀποκαθαίρουσι
866 819 963 891 μὲν
997 819 1105 891 γὰρ
1130 821 1184 872 αί
1210 818 1483 882 κολάσεις,
1543 817 1638 871 καὶ
1666 815 1998 870 ἀπαλλάττει
2037 814 2150 867 ἔσθ’
2226 813 2316 868 ὅτε
2361 813 2571 867 πολλῶν
2606 813 3096 886 πλημμελημάτων
3131 814 3191 866 τὸ
3220 814 3480 885 ὑποσχεῖν
3505 812 3607 879 τὰς

340 912 498 974 δίκας
524 910 602 981 τῷ
628 913 845 965 πάντων
876 912 1078 982 κριτῇ)
1100 928 1114 941 ·
1150 910 1371 981 φορέσει
1398 910 1493 963 καὶ
1518 907 1662 962 οὕτω
1686 907 1749 961 τὸ
1771 906 1971 978 ἀληθὲς
2003 907 2032 960 6
2057 906 2235 975 λόγος.

412 1005 521 1059 Kal
549 1004 705 1072 ἣξει,
728 1004 825 1058 καὶ
850 1004 1041 1069 ἔσται,
1066 1002 1186 1069 πᾶς
1205 1005 1392 1067 τόπος
1416 1002 1523 1056 τοῦ
1551 1002 1730 1072 ὅρους
1750 1002 1927 1070 Σιὼν,

340 1097 440 1150 καὶ
468 1096 663 1150 πάντα
693 1096 767 1149 τὰ
799 1097 1144 1164 περικύκλῳ
1176 1094 1388 1164 αὐτῆς,
1416 1094 1662 1149 σκιάσει
1698 1092 1927 1165 νεφέλη

340 1188 585 1257 ἡμέρας,
624 1189 723 1243 καὶ
765 1189 847 1255 ὡς
889 1189 1127 1243 καπνοῦ
1151 1228 1166 1253 ,
1210 1188 1310 1242 καὶ
1358 1189 1439 1253 ὠς
1491 1189 1688 1257 φωτὸς
1736 1185 1929 1257 πυρὸς

340 1279 656 1348 καιομένου
680 1279 921 1345 νυκτὸς,
945 1279 1113 1348 πάσῃ
1143 1278 1220 1348 τῇ
1238 1279 1387 1349 δόξῃ
1410 1279 1925 1347 σκεπασθήσεται.

338 1369 450 1423 Καὶ
483 1370 654 1424 ἔσται
684 1373 772 1436 είς
805 1370 986 1425 σκιὰν
1005 1371 1124 1426 ἀπὸ
1156 1372 1479 1439 καύματος,
1500 1370 1599 1425 καὶ
1623 1371 1694 1424 ἐν
1724 1369 1925 1442 σκέπῃ

338 1461 440 1512 καὶ
472 1461 541 1512 ἐν
572 1462 903 1530 ἀποκρύφῳ
932 1463 1052 1517 ἀπὸ
1080 1464 1492 1531 σκληρότητος
1524 1462 1624 1517 καί
1652 1463 1853 1519 ὑετοῦ.

411 1556 547 1624 Περὶ
567 1555 707 1618 τίνος
736 1555 845 1626 ἄρα
870 1557 954 1622 τὸ,
982 1556 1163 1622 Ἥξει,
1185 1556 1350 1627 φησί;
1371 1556 1581 1627 Πότερα
1599 1557 1695 1610 τοῦ
1711 1556 1927 1627 καιροῦ,

344 1647 466 1700 καθ’
490 1647 548 1700 ὃν
588 1648 739 1700 ἔσται
760 1648 956 1711 ταῦτα,
985 1648 1018 1719 ἦ
1047 1650 1175 1719 περὶ
1203 1648 1297 1702 τοῦ
1323 1648 1583 1714 καθέντος
1616 1651 1810 1705 ἑαυτὸν
1846 1652 1929 1716 είς

341 1739 593 1804 κένωσιν,
617 1740 711 1793 καὶ
739 1740 1076 1803 καταϐάντος
1104 1740 1163 1807 ἐξ
1195 1740 1424 1811 οὐρανοῦ
1457 1741 1544 1795 ἵνα
1570 1743 1630 1795 τὸ
1654 1742 1929 1815 ἀνθρώπι-

2105 997 2266 1056 Vsus.
2293 1000 2349 1065 5,
2387 999 2439 1054 6.
2480 999 2548 1054 Et
2591 1002 2773 1065 veniet,
2798 1012 2846 1055 et
2880 1002 2982 1056 erit
3024 1002 3191 1056 omnis
3236 1002 3382 1056 locus
3416 1006 3609 1059 montis

2029 1093 2185 1155 Sion,
2208 1104 2257 1147 et
2275 1093 2453 1147 omnia
2489 1110 2605 1164 qua!
2635 1094 2689 1148 in
2715 1095 2938 1147 circuitu
2958 1093 3071 1163 ejus
3102 1106 3250 1159 sunt,
3274 1095 3607 1149 obumbrabit

2029 1184 2189 1240 nubes
2245 1185 2499 1251 interdiu,
2548 1198 2702 1241 noctu
2746 1203 2867 1241 vero
2919 1189 3092 1240 instar
3138 1188 3273 1256 fumi
3341 1198 3388 1241 et
3440 1188 3610 1242 instar

2028 1276 2326 1348 splendoris
2378 1279 2514 1347 ignis
2558 1278 2781 1344 incensi,
2816 1279 2957 1331 omni
3007 1279 3181 1348 gloria
3215 1279 3502 1349 obtegetttr,
3554 1288 3607 1333 et

2029 1369 2127 1423 erit
2165 1371 2280 1424 loco
2310 1371 2506 1424 umbrae
2547 1372 2611 1424 ab
2643 1381 2797 1439 aestu,
2831 1382 2878 1425 et
2912 1371 3025 1425 loco
3076 1373 3379 1441 tegumenti,
3404 1382 3451 1426 et
3482 1372 3603 1426 abs-

2028 1460 2344 1515 condilionis
2371 1477 2403 1514 a
2434 1461 2638 1515 saevitia
2662 1473 2709 1515 et
2736 1461 2934 1530 pluvia.

2098 1552 2175 1608 De
2195 1567 2302 1623 quo
2328 1552 2496 1623 igitur
2521 1553 2670 1619 dicit,
2690 1551 2917 1607 Veniet?
2959 1551 3096 1607 Num
3126 1554 3192 1609 de
3218 1563 3462 1624 tempore
3492 1570 3602 1627 quo

2027 1645 2140 1702 haec
2170 1645 2351 1701 futura
2401 1655 2550 1715 sunt,
2583 1664 2651 1701 an
2681 1647 2747 1702 de
2780 1663 2843 1702 eo
2868 1649 2958 1716 qui
2991 1662 3049 1701 se
3072 1649 3139 1701 ad
3178 1648 3599 1704 exinanitionem

2026 1737 2264 1804 demisit,
2296 1747 2352 1792 et
2389 1739 2456 1793 de
2486 1739 2640 1795 caelis
2678 1739 2958 1794 descendit
2987 1747 3049 1793 ut
3082 1754 3253 1810 genus
3308 1742 3602 1796 humanum

338 1850 429 1885 vov
473 1831 712 1904 διασώσῃ
758 1832 948 1902 γένοςς
988 1834 1246 1904 Ἀρμόσει
1280 1835 1461 1888 τοίνυν
1486 1836 1513 1887 6
1543 1835 1721 1905 λόγος,
1750 1836 1852 1889 κᾶν
1880 1836 1925 1888 εί

2031 1829 2312 1884 servaret?
2358 1829 2659 1897 Quadrahit
2708 1846 2840 1903 ergo
2891 1835 3089 1897 oratio,
3148 1833 3264 1888 sive
3309 1834 3424 1889 hac
3482 1834 3605 1904 quis

338 1924 398 1977 τέ
430 1941 512 1987 τις
543 1925 692 1993 λέγοι
715 1925 845 1995 περὶ
876 1924 969 1978 τοῦ
994 1924 1188 1996 καιροῦ
1214 1925 1316 1995 τῆς
1343 1927 1637 1998 ἐπιδημίας
1669 1928 1920 2000 εἰρῆσθαι

336 2017 494 2068 ταυτί
512 2032 527 2046 ο
562 2016 664 2069 κᾶν
692 2016 793 2069 εἴτ’
829 2013 923 2070 οὗν
951 2016 1036 2071 ἐπ’
1067 2016 1232 2070 αὑτοῦ
1266 2017 1508 2087 βούλοιτο
1537 2019 1631 2072 τοῦ
1658 2020 1918 2092 Χριστοῦ.

352 2109 706 2179 Ἀφικόμενος
749 2109 859 2181 γὰρ
903 2110 1031 2173 τοὺς
1077 2110 1178 2181 τῆς
1216 2110 1415 2181 νοητῆς
1460 2110 1598 2164 Σιὼν
1638 2112 1787 2174 υἱοὺς
1830 2110 1923 2165 καὶ

337 2202 439 2271 τῆς
473 2201 762 2274 ἐλευθέρας
807 2203 1162 2275 Ἰερουσαλὴμ
1195 2206 1293 2274 τῆς
1325 2222 1439 2275 παρ
1475 2202 1666 2257 ἑαυτοῦ
1702 2204 1923 2274 χάριτος

341 2294 622 2365 στεφανῶ-ν
667 2295 912 2367 ἀπέφηνε
960 2296 1287 2367 μακαρίους,
1318 2296 1414 2350 καὶ
1448 2291 1560 2349 οἷόν
1607 2313 1692 2359 τις
1739 2297 1923 2360 αὐτοῖς

338 2386 532 2453 γέγονε
580 2386 914 2457 σκεπαστὴς,
950 2388 1233 2457 μονονουχὶ
1275 2388 1373 2458 τὴν
1425 2389 1657 2457 ἀρχαίαν
1708 2388 1925 2458 ἐκείνην

340 2477 655 2550 ἑπαρτήσας
680 2475 910 2546 νεφέλην
932 2476 1031 2549 τὴν
1060 2476 1226 2531 πάλαι
1271 2476 1739 2541 κατασκιάζουσαν
1771 2479 1829 2531 ἐν
1855 2479 1921 2548 τῇ

338 2568 535 2638 ἐρήμῳ
582 2568 676 2621 τὸν
710 2568 926 2639 Ἰσραήλ
948 2586 961 2599 ·
995 2568 1169 2641 ταύτῃ
1193 2570 1273 2621 τοί
1322 2586 1491 2640 φησι·
1524 2569 1634 2621 Καὶ
1659 2569 1798 2640 ἥξει,
1830 2569 1925 2623 καὶ

339 2659 495 2713 ἔσται
546 2662 653 2723 πᾶς
686 2660 849 2723 τόπος
895 2658 989 2713 τοῦ
1035 2660 1195 2731 ὅρους
1228 2659 1386 2726 Σιὼν,
1413 2660 1509 2713 καὶ
1537 2659 1606 2713 τὰ
1639 2660 1817 2713 πάντα
1855 2660 1927 2714 τὰ

341 2752 473 2822 περὶ
505 2752 689 2823 κύκλῳ
717 2752 889 2822 αὐτῆς
934 2750 1144 2806 σκιάσει
1185 2753 1380 2824 νεφέλη
1427 2755 1787 2825 ήμέρας.Ἵνα
1816 2754 1925 2827 γὰρ

340 2844 437 2897 τοῦ
466 2845 731 2913 παρόντος
760 2844 874 2915 βίου
900 2845 989 2898 τὸν
1018 2844 1299 2909 καύσωνα,
1326 2846 1421 2901 καὶ
1449 2848 1549 2912 τὰς
1580 2849 1645 2901 ὲκ
1676 2847 1784 2901 τῶν
1806 2864 1927 2901 πει-

344 2936 570 3007 ρασμῶν
612 2936 933 3007 δοκιμασίας
967 2938 1135 3008 ἡγουν
1187 2938 1461 3010 πυρώσεις
1497 2940 1926 3013 διαδιδράσκοιεν

340 3031 392 3081 οἱ
436 3028 536 3100 τὴν
588 3029 782 3101 νοητὴν
819 3030 1096 3094 οἰκοῦντες
1123 3030 1283 3096 Σιὼν,
1316 3032 1459 3086 τοῦτ’
1486 3034 1626 3098 ἐστι,
1666 3034 1765 3107 τὴν
1806 3036 1928 3089 Ἐκ-

341 3121 596 3192 κλησίαν,
611 3122 839 3193 νεφέλης
872 3122 1026 3192 δίκην
1055 3126 1337 3194 μονονουχὶ
1364 3123 1458 3177 καὶ
1482 3126 1926 3196 ἐπικρεμάμενος

2024 1921 2089 1974 de
2134 1922 2399 1976 adventus
2462 1932 2704 1993 tempore
2734 1924 3007 1988 extulerit,
3040 1926 3152 1979 sive
3187 1926 3337 1979 malit
3383 1927 3449 1981 de
3487 1928 3603 1997 ipso

2024 2012 2129 2082 77
2156 2010 2373 2067 Christo
2407 2014 2697 2067 enuntiari.
2725 2013 2859 2068 Nam
2881 2032 3003 2069 cum
3034 2016 3080 2071 is
3102 2018 3269 2083 venit,
3302 2018 3484 2073 Sionis
3503 2018 3605 2075 sub

2024 2101 2435 2168 intelligentiam
2469 2103 2715 2159 cadentis
2746 2114 2801 2159 et
2838 2105 3026 2160 liberae
3080 2104 3383 2163 Jerusalem
3420 2109 3599 2176 ﬁlios,

2023 2205 2118 2245 sua
2160 2206 2431 2247 coronans
2458 2196 2653 2265 gratia,
2691 2195 2880 2251 felices
2905 2196 3164 2262 reddidit,
3197 2209 3251 2252 et
3284 2199 3449 2254 veluti
3473 2216 3601 2269 pro-

2023 2290 2198 2339 tector
2238 2286 2508 2356 quispiam
2558 2287 2664 2343 illis
2707 2288 2938 2354 exstitit,
2978 2300 3185 2343 tantum
3218 2307 3320 2345 non
3359 2301 3597 2348 veterem

2027 2375 2171 2429 illam
2224 2378 2423 2432 nubem
2483 2392 2919 2448 repraesentans,
2971 2396 3090 2449 qua:
3123 2383 3250 2435 olim
3295 2384 3345 2437 in
3384 2385 3601 2441 deserto

2024 2470 2370 2527 obumbravit
2400 2472 2682 2539 lsraeletn;
2722 2476 2846 2529 hinc
2872 2475 3003 2530 dicit
3037 2494 3050 2530 :
3089 2475 3154 2530 Et
3182 2479 3378 2543 veniet,
3411 2490 3464 2533 et
3495 2481 3602 2534 erit

2025 2563 2205 2616 munis
2234 2563 2387 2619 locus
2411 2564 2614 2619 montis
2642 2551 2795 2630 Sion,
2833 2574 2889 2619 et
2915 2568 3095 2619 omnia
3125 2583 3244 2635 qua;
3278 2569 3329 2623 in
3370 2571 3598 2626 circuitu

2026 2653 2142 2722 ejus
2168 2663 2316 2718 sunt,
2344 2656 2693 2711 obttmbrahit
2726 2658 2895 2713 nubes
2929 2658 3037 2712 die.
3079 2658 3147 2714 Ut
3174 2661 3318 2714 enim
3345 2661 3467 2717 vitae
3495 2663 3599 2718 bu-

2022 2746 2112 2814 jus
2161 2758 2352 2802 :estum
2412 2758 2467 2802 et
2528 2746 2879 2815 probationes
2918 2764 3040 2819 qua:
3096 2765 3166 2806 ex
3213 2754 3601 2809 tentationihus

2026 2840 2467 2909 proficiscuntur,
2514 2852 2679 2913 atque
2710 2842 2957 2898 ustiones
2997 2843 3208 2914 fugiant
3238 2845 3290 2899 hi
3321 2846 3412 2914 qui
3466 2846 3598 2901 Sion

2028 2932 2419 3003 intelligibilem
2470 2934 2735 3000 habitant,
2789 2935 2840 2989 id
2874 2945 2958 2990 est
2982 2934 3304 3001 Ecclesiam,
3337 2937 3493 2992 nubis
3519 2938 3602 2991 in-

2027 3036 2143 3080 star
2182 3028 2588 3097 prOpetnodum,
2616 3028 2968 3097 impendehit,
3011 3030 3205 3098 inquit,
3243 3039 3297 3084 et
3328 3040 3602 3099 protector

2028 3120 2132 3172 erit
2167 3117 2439 3183 Christus,
2476 3119 2591 3188 ipse
2622 3120 2989 3188 ignorationis
3019 3131 3075 3174 et
3113 3120 3393 3175 diabolica:
3422 3123 3605 3190 nequi-

344 3216 659 3286 σκεπαστὴς
688 3214 860 3280 ἔσται,
885 3216 1074 3286 φησὶν,
1091 3219 1120 3270 6
1146 3218 1382 3287 Χριστός
1404 3236 1416 3248 °
1447 3220 1475 3272 6
1498 3219 1661 3283 αὐτὸς
1679 3219 1737 3271 δὲ
1762 3219 1923 3274 πάλιν

2029 3213 2118 3267 tia:
2148 3212 2397 3282 dispellet
2447 3212 2718 3276 tenebras,
2769 3211 3094 3267 illucescens
3134 3212 3321 3277 menti,
3348 3222 3602 3282 tanquam

340 3306 435 3357 τὸν
463 3307 528 3358 ἐκ
569 3305 670 3374 τῆς
701 3303 941 3374 ἀμαθίας
970 3305 1064 3357 καὶ
1088 3304 1403 3378 διαϐολικῆς
1437 3308 1755 3378 σκαιότητος
1783 3308 1923 3361 ἀπο-

343 3397 496 3450 σοϐεῖ
524 3398 733 3463 σκότον,
766 3395 1095 3468 ὲπιλάμπων
1121 3400 1201 3463 είς
1228 3399 1374 3464 νοῦν,
1399 3399 1474 3464 ὡς
1502 3399 1618 3470 φῶς
1639 3402 1698 3454 ἐν
1724 3402 1920 3470 σκότῳ,

342 3490 440 3542 καὶ
465 3489 546 3553 ὡς
582 3489 755 3561 πυρὸς
788 3489 951 3560 αὐγή.
999 3489 1316 3561 Γέγραπται
1364 3491 1420 3545 δὲ
1471 3492 1603 3562 περὶ
1646 3491 1755 3547 τῶν
1793 3492 1924 3545 υἱῶν

358 3581 599 3653 Ἰσραὴλ,
630 3582 713 3636 ὅτι
758 3581 1053 3652 Ὧδήγησεν
1098 3582 1295 3646 αὐτοὺς
1349 3584 1408 3636 ὲν
1459 3583 1657 3655 νεφέλῃ
1686 3584 1922 3655 ἡμέρας,

343 3676 441 3728 καὶ
474 3676 601 3745 ὃλην
633 3674 730 3746 τὴν
757 3674 927 3727 νύκτα
975 3676 1033 3727 ὲν
1077 3674 1339 3745 φωτισμῷ
1366 3677 1556 3747 πυρός.
1576 3675 1736 3730 Ἀλλά
1764 3677 1924 3730 τύποι

347 3761 447 3828 μὲν
477 3763 679 3825 ἐκεῖνα,
715 3763 810 3815 καὶ
840 3761 950 3815 τῶν
992 3763 1197 3833 νοητῶν
1223 3765 1426 3828 εἰκόνες
1449 3780 1463 3794 ο
1495 3764 1724 3836 ἀλήθεια
1768 3765 1825 3819 δὲ
1855 3767 1925 3820 τὰ

342 3852 434 3905 διὰ
454 3852 710 3924 Χριστοῦ.
734 3854 844 3907 Καὶ
872 3856 982 3925 γάρ
1015 3855 1163 3908 ἐστιν
1194 3855 1357 3919 αὐτὸς
1381 3858 1413 3926 ή
1442 3855 1691 3926 ἀλήθεια.
1726 3852 1801 3910 Ob
1822 3857 1924 3929 τῆς

344 3943 667 4015 ἐπικουρίας
697 3944 1011 4017 ἠξιωμένοι,
1040 3946 1216 4015 πάντη
1239 3964 1299 4000 τε
1322 3947 1415 4001 καὶ
1444 3948 1662 4013 πάντως
1687 3948 1923 4016 ἔσονται,

345 4037 533 4108 φησιν,
564 4036 642 4100 ῶς
676 4038 757 4100 είς
804 4036 963 4091 σκιὰν
1008 4036 1119 4091 ἀπὸ
1167 4038 1467 4108 καύματος,
1498 4040 1593 4092 καὶ
1639 4041 1698 4093 ὲν
1747 4040 1925 4113 σκέπῃ

345 4130 444 4183 καὶ
474 4130 532 4183 ὲν
557 4128 862 4201 ἀποκρύφῳ
888 4130 997 4184 ἀπὸ
1025 4130 1391 4201 σκληρότητος
1426 4132 1520 4185 καὶ
1546 4131 1724 4187 ὑετοῦ.
1749 4134 1924 4205 Σκλη-

348 4223 534 4295 ρότητι
573 4222 632 4276 δὲ
662 4223 757 4275 καὶ
786 4223 963 4288 ὑετοῖς
1007 4222 1333 4294 παρεικάζει
1362 4223 1526 4277 πάλιν
1551 4226 1649 4295 τὴν
1673 4225 1780 4279 τῶν
1803 4243 1924 4280 πει-

349 4314 579 4385 ρασμῶν
624 4315 956 4388 φαιδρότητα
1020 4317 1115 4369 καὶ
1174 4316 1548 4387 ἀκμαιοτάτην
1598 4317 1922 4389 προσϐολήν.

345 4405 507 4459 οὕτω
556 4405 664 4476 γάρ
710 4405 813 4459 πού
862 4422 1027 4477 φησιν
1055 4406 1083 4457 6
1116 4406 1380 4477 Χριστόςο
1432 4425 1449 4457 ι
1480 4406 1597 4469 Πᾶς
1636 4402 1731 4460 οῦν
1778 4406 1926 4470 ὅστις

343 4498 523 4573 ἀκούῃ
553 4497 746 4567 λόγους
764 4496 987 4563 τούτους
1010 4499 1105 4552 καὶ
1125 4500 1254 4569 ποιῇ
1279 4499 1500 4563 αὐτοὺς,
1529 4498 1926 4569 ὁμοιωθήσεται

345 4594 505 4665 ἀνδρὶ
542 4592 807 4663 φρονίμῳ,
855 4592 1005 4655 ὅστις
1046 4590 1366 4663 ᾠκοδόμησε
1415 4590 1513 4662 τὴν
1556 4592 1733 4645 οἰκίαν
1764 4590 1928 4645 αὐτοῦ

346 4684 441 4736 ἐπὶ
487 4683 587 4753 τὴν
618 4683 828 4754 πέτραν
850 4699 864 4713 ο
909 4683 1005 4738 καὶ
1034 4683 1243 4754 κατέϐη
1274 4685 1307 4755 η
1344 4683 1533 4755 βροχὴ,
1560 4685 1652 4737 καὶ
1687 4680 1848 4756 ἦλθον
1883 4685 1931 4738 οἱ

346 4776 609 4847 ποταμοὶ,
635 4775 730 4829 καὶ
758 4775 1027 4829 ἔπνευσαν
1058 4775 1354 4845 οίᾶνεμοι·
1387 4776 1481 4829 καὶ
1501 4777 1845 4847 προσέπεσαν
1864 4778 1929 4847 τῇ

346 4871 497 4940 οἰκίᾳ
525 4867 729 4940 ἐκείνῃ,
763 4868 859 4921 καὶ
904 4867 1005 4921 οὐκ
1037 4868 1230 4921 ἔπεσεν
1251 4884 1264 4898 ο
1298 4868 1661 4939 τεθεμελίωτο
1697 4868 1932 4940 γὰρλὲπὶ

349 4961 579 5030 πέτραν.
609 4977 627 5009 ι
670 4958 992 5029 Προστιθεὶς
1019 4957 1098 5024 δὲ,
1128 4958 1208 5011 ὅτι
1254 4958 1404 5030 πάσῃ
1454 4961 1519 5030 τῇ
1565 4959 1691 5032 δόξῃ
1727 4976 1932 5013 σκεπαο

350 5052 634 5122 σθήσεται,
667 5050 849 5103 δίδωσι
878 5051 1040 5113 νοεῖν,
1068 5050 1144 5114 ὡς
1170 5050 1230 5103 οὐ
1269 5051 1470 5122 μερική
1495 5068 1579 5114 τις
1604 5051 1754 5103 ἔσται
1777 5052 1930 5122 παρὰ

348 5142 589 5215 Χριστοῦ
614 5145 727 5207 τοῖς
756 5142 1181 5196 πεπιστευκόσιν
1208 5145 1289 5207 είς
1334 5143 1497 5197 αὐτὸν
1524 5145 1558 5213 ἡ
1588 5143 1780 5214 χάρις,
1812 5142 1927 5196 ἀλλ’

351 5232 407 5281 ἐν
437 5230 715 5303 ὁλοκλήρῳ
746 5229 1024 5303 προθυμίᾳ
1052 5231 1152 5300 τῆς
1186 5233 1271 5284 ἐπ’
1294 5231 1473 5294 αὐτοῖς
1511 5231 1663 5286 ἔσται
1693 5233 1925 5302 φειδοῦς.

356 5323 612 5375 Ἔσονται
641 5324 697 5375 δὲ
720 5325 778 5375 ὲν
800 5323 1062 5393 περιϐολῇ
1084 5323 1179 5375 καὶ
1202 5326 1373 5394 σκηνῇ
1397 5322 1492 5376 τοῦ
1511 5321 1704 5388 σώζειν
1722 5324 1929 5397 ἰσχύον-

351 5432 466 5478 τος,
497 5416 593 5469 καὶ
621 5416 824 5479 παντὸς
850 5416 957 5480 ἔξω
985 5416 1227 5481 τιθέντος
1261 5417 1455 5471 κακοῦ.

428 5507 593 5576 ’ᾼσω
628 5503 704 5573 δὴ
744 5502 825 5570 τῷ
861 5505 1223 5576 ἠγαπημένῳ
1263 5500 1428 5577 ᾆσμα
1473 5508 1580 5563 τοῦ
1616 5509 1928 5580 ἀγαπητοῦ

354 5595 437 5662 τῷ
460 5597 770 5666 ἀμπελῶνι
791 5617 933 5669 μου.

441 5684 591 5759 Ὅρος
618 5689 808 5763 ῶσπερ
833 5708 914 5754 τις
949 5690 1042 5746 καὶ
1074 5693 1365 5766 προγραφὴ
1389 5695 1495 5749 τῶν
1529 5696 1778 5767 εἰρῆσθαι
1803 5697 1931 5768 μελ-

433 5842 477 5875 ⁶δ
505 5843 694 5901 Μυιιιι.
730 5859 825 5913 vn,
854 5844 945 5911 24,
969 5845 1060 5900 ‘25.

2029 3302 2120 3357 lux
2156 3304 2209 3358 in
2250 3304 2501 3374 caligine,
2539 3314 2593 3359 et
2625 3314 2881 3374 tauquam
2913 3306 3054 3377 ignis
3090 3307 3418 3362 coruscatio.
3454 3307 3605 3362 Scri-

2030 3411 2178 3469 ptum
2219 3414 2433 3468 quoque
2461 3407 2545 3455 est
2577 3402 2642 3455 de
2671 3399 2797 3454 ﬁliis
2822 3398 3010 3465 Israel,
3046 3399 3103 3453 In
3137 3402 3280 3455 nube
3303 3400 3483 3455 divina
3512 3414 3607 3455 eos

2030 3490 2273 3555 deduxit,
2314 3499 2368 3544 et
2422 3491 2474 3543 in
2519 3492 2809 3560 splendore
2857 3492 2994 3562 ignis
3032 3506 3128 3560 per
3161 3500 3325 3545 totam
3368 3500 3601 3547 noctem.

2028 3579 2225 3635 Verum
2275 3582 2389 3636 haec
2438 3583 2548 3652 typi
2578 3585 2815 3648 fuerunt,
2845 3593 2903 3637 et
2937 3597 3119 3637 rerum
3152 3597 3402 3637 verarum
3434 3584 3605 3638 simu-

2029 3672 2178 3728 lacra
2212 3690 2226 3727 :
2263 3675 2465 3729 veritas
2511 3683 2691 3729 autem
2727 3691 2824 3744 per
2853 3674 3145 3729 Christum.
3192 3674 3286 3729 Est
3316 3676 3458 3730 enim
3491 3676 3607 3745 ipse

2028 3765 2232 3821 veritas
2309 3765 2496 3837 itaque
2545 3767 2637 3836 qui
2684 3767 3045 3838 opitulatione
3079 3767 3222 3838 digni
3256 3779 3381 3823 sunt
3410 3768 3602 3833 habiti,

2028 3859 2232 3928 ubique
2271 3868 2326 3913 et
2374 3858 2611 3930 undique
2652 3869 2834 3928 erunt,
2871 3861 3068 3931 inquit,
3105 3861 3159 3915 iu
3195 3860 3510 3918 umbraculo
3537 3865 3607 3918 ab

2029 3958 2164 4003 :cstu
2200 3958 2255 4003 et
2280 3949 2335 4004 in
2366 3958 2698 4020 tegumenta,
2730 3959 2779 4006 et
2808 3951 2861 4005 in
2890 3951 3104 4007 occulto
3127 3951 3194 4005 ab
3222 3951 3519 4021 asperitate
3550 3962 3607 4008 et

2026 4038 2232 4112 pluvia.
2276 4039 2492 4096 Rursus
2534 4041 2891 4097 tentationum
2945 4041 3345 4099 vehementiam
3377 4052 3433 4097 et
3459 4057 3609 4099 acer.

2028 4132 2229 4188 rimum
2266 4133 2529 4188 assultum
2563 4119 3233 4204 comparat'asperitatimt
3266 4135 3486 4207 pluviis.
3515 4140 3608 4198 Sic

2029 4225 2176 4281 enim
2228 4225 2628 4296 quodammodo
2678 4226 2853 4296 inquit
2885 4226 3179 4283 Christus:
3228 4246 3250 4282 ι
3291 4227 3480 4286 Omnis
3509 4231 3609 4303 igi-

2030 4326 2119 4374 tur
2168 4320 2479 4390 quicunque
2522 4320 2677 4375 audit
2724 4336 3002 4377 sermones
3030 4337 3227 4391 meos,
3284 4333 3341 4378 et
3398 4325 3610 4402 perlicit

2030 4412 2175 4480 illos,
2204 4411 2596 4467 assimilabitur
2619 4411 2735 4467 viro
2763 4412 3038 4482 prudenti,
3067 4413 3157 4481 qui
3196 4411 3483 4469 aediﬁcavit
3510 4415 3609 4469 do-

2034 4520 2180 4559 mum
2211 4519 2363 4558 suam
2416 4519 2578 4573 super
2635 4515 2885 4573 petram;
2931 4514 2986 4559 et
3022 4505 3306 4560 descendit
3330 4507 3523 4572 imber,
3549 4514 3608 4563 et

2035 4605 2302 4652 venerunt
2338 4594 2581 4660 ﬂumina,
2629 4604 2682 4649 et
2727 4594 2996 4650 (laverunt
3034 4596 3204 4662 venti,
3260 4604 3315 4651 et
3357 4596 3609 4653 incubue-

2031 4696 2159 4743 runt
2183 4687 2235 4741 in
2261 4687 2478 4741 domum
2514 4686 2684 4751 illam,
2710 4703 2807 4742 nec
2833 4689 3048 4743 cecidit.
3074 4687 3322 4742 Fundata
3354 4698 3438 4744 cst
3461 4690 3607 4743 enim

2029 4793 2193 4848 super
2224 4793 2411 4849 rupem
2444 4777 2507 4833 “.
2543 4778 2712 4833 )Cum
2740 4794 2870 4833 vero
2892 4780 3098 4850 adjicit,
3124 4778 3279 4835 Omni
3311 4779 3481 4851 gloria
3510 4781 3611 4835 ob-

2033 4881 2265 4942 tegetur,
2310 4871 2487 4925 innuit
2529 4884 2634 4925 non
2662 4871 3047 4940 particularetn
3077 4872 3311 4942 aliquam
3349 4871 3464 4926 fore
3489 4888 3611 4941 gra-

2037 4963 2169 5018 tiam
2201 4963 2403 5018 Christi
2439 4963 2506 5018 iis
2534 4963 2627 5034 qui
2659 4964 2711 5016 in
2739 4978 2861 5017 eum
2890 4962 3255 5030 crediderunt,
3280 4964 3374 5018 sed
3394 4978 3609 5017 omnem

2034 5052 2092 5108 in
2144 5053 2461 5108 universum
2494 5052 2754 5107 honorem
2787 5067 2850 5106 ac
2885 5053 3194 5106 thesaurum
3223 5050 3610 5107 misericordia:

2036 5145 2146 5201 illis
2198 5145 2565 5201 tribuendum.
2609 5144 2782 5200 Erunt
2816 5154 2994 5198 autem
3018 5142 3122 5198 sub
3151 5142 3409 5212 operculo
3431 5153 3489 5196 et
3516 5156 3610 5196 ve-

2036 5238 2276 5294 lamento
2304 5237 2421 5305 ejus
2450 5238 2541 5308 qui
2568 5251 2788 5294 servare
2809 5245 3007 5309 potest,
3038 5243 3093 5290 et
3136 5235 3229 5305 qui
3260 5243 3413 5290 extra
3449 5248 3611 5289 omne

2037 5331 2239 5385 malum
2287 5330 2537 5386 collocat.

2106 5513 2236 5568 CAP.
2268 5509 2327 5567 V.
2376 5510 2540 5568 Vens.
2583 5510 2635 5564 1.
2684 5508 2921 5566 Cantabo
2956 5527 3092 5566 nunc
3129 5510 3320 5566 dilecto
3348 5514 3609 5570 canticum

2034 5605 2210 5659 dilecti
2239 5606 2400 5659 uinea!
2424 5619 2570 5657 meat.

2110 5697 2324 5753 Primus
2360 5712 2547 5753 versus
2589 5697 2877 5767 prepositm
2918 5698 3197 5755 sententia:
3231 5698 3397 5755 veluti
3420 5697 3610 5757 deﬂui-
