4094 6366
470 419 575 475 155

1490 413 1549 467 S.
1590 408 1865 467 CYRILLI
1906 407 2381 466 ALEXANDRINI
2421 411 2692 468 ACHIEP.

3619 406 3719 460 136

476 535 551 588 tio
575 531 820 602 quaedam
845 539 927 587 est
944 546 1038 587 seu
1056 531 1304 597 limes,et
1323 530 1671 585 dicendorum
1690 528 2046 599 praescriptio.

2153 530 2351 584 λόντων
2385 532 2413 583 6
2447 531 2660 602 πρῶτος
2689 532 2756 586 ἂν
2780 530 2866 603 εἴη
2898 529 2992 585 τοῦ
3022 526 3383 602 προκειμένου
3421 524 3619 597 στίχος.
3654 521 3720 578 Τί

470 624 609 692 Quid
656 624 802 678 enim
840 633 1061 679 acturus
1086 624 1159 678 sit
1188 624 1476 694 propheta,
1514 622 1792 677 subinnuit
1817 621 2041 674 dicens:

470 717 712 771 Cantabo
757 716 954 772 dilecto
1003 731 1161 772 meo:
1221 716 1274 771 id
1316 724 1397 771 est
1424 756 1440 781 ,
1480 715 1718 770 Christo.
1777 713 1869 769 Sic
1901 713 2044 767 enim

475 809 631 862 nobis
682 824 803 863 eum
844 817 900 861 et
926 807 1066 862 Deus
1092 816 1146 862 et
1182 806 1344 861 Pater
1375 807 1692 869 nominavit,
1723 822 1847 861 cum
1875 805 2003 859 dicit
2029 823 2044 859 :

479 920 498 951 ε
527 901 624 956 Hic
645 910 728 955 est
755 899 923 955 Filius
942 914 1091 953 meus
1119 900 1368 961 dilectus,
1400 898 1453 952 in
1478 914 1584 967 quo
1609 897 1894 966 conquievi
1927 895 1992 947 ⁸⁸.
2020 913 2038 945 ι

473 990 722 1060 Nunquid
740 1004 890 1061 ergo,
910 991 1235 1060 opropheta,
1253 990 1363 1060 78
1381 999 1525 1042 tuam
1544 1004 1727 1043 vocem
1744 985 2046 1043 audiemus?

474 1093 527 1137 ot
542 1099 603 1138 ex
623 1082 729 1137 tuis
748 1083 875 1138 solis
899 1082 1311 1152 cogitationibus
1328 1081 1487 1135 verba
1506 1078 1762 1134 eliluunt?
1776 1078 1845 1132 At
1862 1089 2047 1147 specta

473 1188 732 1244 quorsum
747 1174 865 1228 οὐκ
879 1187 1093 1241 scopus,
1121 1180 1175 1227 et
1200 1172 1327 1242 quid
1350 1171 1651 1239 eloquatur.
1681 1169 1816 1235 Etsi,
1847 1166 2043 1237 inquit,

473 1280 571 1337 per
610 1279 698 1321 me
732 1265 999 1320 habeatur
1034 1279 1214 1320 sermo
1246 1264 1353 1328 hic,
1390 1279 1494 1318 non
1520 1272 1605 1317 est
1637 1276 1809 1327 meus,
1834 1261 1929 1317 sed
1962 1269 2047 1315 est

474 1358 675 1413 dilecti.
702 1357 1000 1413 Confectus
1034 1365 1117 1411 est
1145 1365 1325 1410 autem
1351 1356 1417 1410 de
1447 1354 1641 1410 dilecto
1670 1354 1840 1407 viuere
1868 1368 1999 1407 mea
2025 1369 2043 1407 :

475 1465 596 1516 seu,
632 1460 692 1505 ut
740 1449 830 1504 alii
877 1450 1206 1518 interpretes
1247 1448 1454 1514 dicttnt,
1487 1449 1553 1503 de
1581 1446 1735 1500 vinea
1775 1445 1911 1516 ejus.
1945 1443 2041 1499 Sin

472 1550 652 1595 autem
704 1539 771 1594 de
824 1539 983 1594 vinea
1040 1552 1159 1593 mea
1197 1537 1434 1602 dixerit,
1474 1551 1579 1591 non
1615 1537 1730 1591 haec
1782 1536 2039 1603 loquitur,

475 1634 618 1703 quod
668 1632 837 1704 ipsius
866 1640 1012 1687 esset
1038 1631 1217 1696 vinea,
1249 1628 1340 1684 sed
1367 1628 1510 1698 quod
1535 1628 1650 1697 ipse
1680 1642 1820 1682 unus
1853 1629 1922 1682 sit
1951 1642 2044 1682 eo-

474 1737 596 1778 rum
643 1724 737 1793 qui
778 1723 831 1776 in
858 1723 1014 1776 vinea
1046 1731 1415 1776 recensentur.
1440 1719 1813 1775 lnvenerimus
1839 1720 2041 1774 etenim

475 1813 766 1883 prophetas
794 1813 961 1866 etiam
993 1814 1061 1866 de
1109 1811 1307 1880 populo
1348 1811 1440 1864 Dei
1478 1811 1734 1878 ejusmodi
1772 1810 2039 1866 interdum

2152 621 2260 689 γὰρ
2301 611 2549 691 βούλεται
2575 622 2707 691 δρᾷν
2737 625 2766 676 6
2795 623 3078 693 προφήτης
3103 616 3485 690 ὑποσημαίνει,
3521 616 3717 684 λέγων’

2155 712 2307 782 "Actu
2338 712 2401 782 δὴ
2429 712 2506 783 τῷ
2531 713 2870 784 ἠγαπημένῳ
2893 729 2911 747 ο
2950 712 3094 766 τοῦτ’
3134 710 3249 764 ἐστι
3284 707 3522 781 Χριστῷ.
3565 706 3723 762 Οὖτιν)

2151 804 2261 875 γὰρ
2295 805 2429 874 ἡμῖν
2473 803 2634 855 αὐτὸν
2661 805 2755 856 καὶ
2781 805 2810 856 ὁ
2840 803 2971 865 Θεὸς
3005 802 3099 855 καὶ
3127 798 3318 871 Πατὴρ
3349 796 3596 868 ὠνόμαζε
3634 794 3721 850 λέ-

2151 908 2282 961 γων’
2312 912 2330 943 ι
2360 888 2524 955 Οὗτός
2548 893 2693 946 ἐστιν
2716 893 2745 945 6
2764 893 2889 957 Υἱός
2915 910 3016 964 μου
3038 893 3066 945 ὁ
3086 890 3392 961 ἀγαπητὸς,
3421 889 3479 940 ἐν
3495 880 3540 955 ᾧ
3562 886 3721 957 ηὐδό-

2151 1002 2314 1056 κησα.
2349 1004 2367 1036 ι
2397 980 2522 1055 Ἆρ’
2555 981 2667 1050 οὖν,
2703 976 2749 1038 ὦ
2780 985 3054 1056 προφῆτα,
3083 984 3182 1053 τῆς
3222 982 3321 1051 σῆς
3361 977 3721 1048 ἀηυσώμεθα

2151 1075 2371 1144 φωνῆςς
2406 1078 2501 1129 καὶ
2526 1073 2603 1137 ὡς
2631 1077 2696 1128 ἐκ
2734 1074 2908 1145 μόνων
2934 1074 3041 1127 τῶν
3078 1073 3185 1126 σῶν
3213 1072 3428 1125 ἐννοιῶν
3456 1069 3721 1125 ἀναδύου-

2152 1182 2234 1219 σιν
2255 1165 2304 1217 οἱ
2335 1165 2516 1234 λόγοις
2557 1164 2742 1235 βλέπει
2769 1165 2828 1219 δὲ
2858 1167 2982 1219 ὅποι
3014 1166 3218 1237 φράσον
3252 1165 3351 1235 τῆς
3368 1164 3512 1235 ᾠδῆς
3537 1165 3566 1217 6
3594 1177 3721 1216 σκο-

2150 1259 2271 1321 πός.
2314 1257 2521 1312 Οὐκοῦν
2557 1260 2605 1310 εἰ
2644 1258 2740 1312 καὶ
2766 1258 2832 1311 δι’
2861 1257 3017 1328 ἐμοῦ,
3046 1259 3233 1329 φησὶν,
3259 1256 3372 1311 ἀλλ’
3401 1258 3500 1310 οὐκ
3534 1255 3662 1326 ἐμὸς
3688 1256 3720 1309 6

2148 1350 2323 1418 λόγος,
2354 1348 2466 1403 ἀλλ’
2497 1351 2611 1403 ἐστι
2640 1348 2734 1402 τοῦ
2772 1349 3077 1421 ἀγαπητοῦ·
3100 1350 3390 1419 πεποίηται
3422 1348 3479 1401 δὲ
3518 1349 3611 1399 ἐπὶ
3642 1345 3719 1417 τῷ

2149 1441 2416 1512 ἀγαπητῷ
2436 1440 2716 1513 ἀμπελῶνί
2745 1457 2868 1511 μου*
2891 1440 2948 1511 ἢ,
2972 1440 3116 1495 καθὰ
3143 1456 3303 1510 φασιν
3331 1440 3381 1492 οί
3410 1440 3584 1509 ἕτεροι
3611 1438 3719 1491 τῶν

2150 1533 2519 1604 ἐρμηνευτῶν,
2550 1531 2628 1601 τῷ
2660 1530 2942 1601 ἀμπελῶνι
2965 1530 3148 1584 αὑτοῦ.
3176 1529 3239 1584 Ei
3266 1529 3324 1582 δὲ
3351 1528 3415 1600 δὴ
3444 1530 3538 1605 καί
3569 1529 3718 1597 λέγοι

2148 1626 2242 1678 ἐπὶ
2267 1624 2344 1695 τῷ
2366 1624 2647 1694 ἀμπελῶνί
2671 1640 2793 1694 μου,
2825 1623 2923 1692 οὐχ
2950 1621 3024 1685 ὡς
3044 1622 3202 1676 αὐτοῦ
3231 1621 3392 1692 τυχὸν
3420 1620 3515 1674 τοῦ
3538 1621 3720 1692 ἀμπε-

2148 1715 2314 1780 λῶνος
2359 1715 2510 1779 ὄντος
2554 1714 2623 1768 τὰ
2660 1715 2837 1770 τοιάδε
2879 1714 3061 1786 φησὶν,
3096 1714 3211 1769 ἀλλ’
3235 1714 3312 1778 ὡς
3339 1715 3598 1785 ὑπάρχων
3638 1709 3720 1779 εἷς

2146 1805 2256 1860 τῶν
2302 1805 2595 1860 τελούντων
2638 1807 2720 1871 είς
2756 1806 2847 1860 τὸν
2889 1805 3205 1877 ἀμπελῶνα.
3249 1806 3566 1878 Εὑρήσομεν
3609 1806 3719 1877 γὰρ

473 1904 698 1957 vocibus
754 1903 850 1956 uti.
903 1901 1148 1972 Exempli
1200 1917 1384 1967 causa,
1431 1902 1690 1972 prOpheta
1740 1900 2040 1958 Jeremias:

2150 1899 2272 1962 τοὺς
2324 1898 2631 1969 προφήτας,
2683 1899 2777 1951 καὶ
2821 1898 2914 1951 ἐπὶ
2964 1896 3058 1950 τοῦ
3108 1896 3236 1950 λαοῦ
3282 1897 3375 1950 τοῦ
3417 1897 3550 1949 Θεοῦ
3598 1898 3720 1960 ταῖς

479 2010 499 2044 ι
539 1992 671 2057 Quis
703 1990 853 2046 dabit
882 1992 1013 2045 mihi
1044 1992 1098 2045 in
1140 1992 1434 2047 solitudine
1471 1993 1738 2061 tugurium
1770 1994 2045 2061 ultimum,

475 2084 791 2137 etdeseram
812 2084 1067 2152 populum
1095 2099 1300 2149 meum,
1328 2092 1382 2138 et
1406 2085 1680 2139 discedam
1700 2085 1892 2141 abillis
1914 2086 1998 2141 ⁸⁸⁸9
2020 2106 2039 2140 ι

477 2173 642 2239 Quasi
672 2174 815 2228 enim
840 2190 978 2228 unus
1012 2176 1083 2230 sit
1110 2189 1141 2229 e
1172 2175 1392 2245 pupulo,
1429 2176 1682 2245 populum
1716 2192 1869 2231 suum
1893 2178 2042 2243 dicit,

475 2268 740 2336 sanguine
772 2267 1025 2320 nimirum
1053 2276 1107 2321 et
1130 2281 1327 2337 genere
1356 2270 1706 2339 propinquos.
1730 2271 1923 2325 Canlat
1951 2272 2050 2325 ita-

472 2371 581 2425 que
613 2357 874 2425 propheta
912 2355 1154 2423 dilecto;
1188 2357 1393 2411 dictum
1422 2367 1601 2412 autem
1634 2370 1717 2413 est
1738 2374 1953 2414 carmen
1981 2362 2049 2416 de

474 2445 635 2497 vinea
673 2445 888 2508 dilecta,
936 2446 989 2499 id
1035 2456 1142 2510 est,
1171 2446 1411 2501 lsraelis.
1446 2448 1717 2518 Scriptum
1746 2452 1888 2504 enim
1918 2462 2042 2507 est:

481 2553 499 2585 ι
539 2535 710 2589 Vinea
753 2535 980 2590 'Domini
1026 2535 1266 2591 Sabaoth
1317 2539 1480 2594 homo
1504 2537 1662 2607 Juda,
1700 2541 1935 2611 plantula
1967 2546 2047 2598 di-

475 2624 613 2680 lecta
660 2627 723 2683 ".
770 2644 790 2677 ι
830 2627 967 2695 Quid
1003 2639 1185 2683 autem
1239 2628 1402 2697 hujus
1448 2632 1704 2686 carminis
1743 2641 1894 2687 tenor
1924 2634 2048 2689 velit

477 2720 788 2786 ostendere,
821 2736 887 2775 ex
920 2721 1330 2792 insequentibus
1350 2723 1730 2792 intelligemus.

549 2896 712 2952 Natis.
740 2897 795 2952 2.
841 2896 1002 2952 Vinea
1028 2900 1174 2969 facta
1205 2883 1281 2954 es}
1313 2901 1526 2967 dilecto,
1562 2902 1616 2957 in
1638 2918 1821 2969 cornu,
1847 2903 1904 2958 in
1931 2904 2049 2957 loco

474 2990 670 3059 opimo.
697 2988 763 3043 Et
785 3005 954 3055 sepem
982 2991 1323 3059 circumdedi,
1352 3002 1399 3045 et
1433 2992 1707 3059 obvallavi,
1737 3003 1785 3046 et
1815 2994 2048 3060 plantan

475 3082 626 3134 uitem
685 3079 865 3148 Sorec,
918 3090 966 3135 et
1010 3083 1268 3150 wdiﬁcavi
1310 3084 1503 3137 turrim
1537 3085 1594 3138 in
1637 3086 1807 3139 medio
1834 3088 1968 3155 ejus,
1999 3097 2048 3140 et

479 3171 712 3227 torcular
735 3173 926 3242 (cdit'n
953 3188 1036 3239 ea,
1079 3185 1127 3229 et
1162 3178 1456 3244 exspectavi
1481 3190 1537 3230 tu
1584 3177 1743 3247 ferret
1793 3195 1938 3244 uvas,
1983 3196 2047 3233 ac

478 3263 698 3331 protulit
728 3263 928 3328 spinas.

547 3438 747 3496 lsraele
794 3458 915 3497 cum
968 3444 1123 3498 vinea
1177 3445 1398 3511 collato,
1432 3448 1675 3516 persistit
1703 3448 1755 3502 in
1786 3464 1847 3504 ea
1882 3462 2052 3505 meta-

475 3532 667 3602 pltora'
694 3547 790 3603 per
834 3542 1003 3589 totam
1033 3536 1358 3592 orationem.
1393 3556 1412 3589 ε
1450 3538 1582 3593 Erat
1617 3540 1781 3608 igitur
1810 3542 1984 3608 vinea,
2026 3561 2044 3594 ι

480 3622 676 3693 inquit,
715 3641 735 3675 ι
798 3624 1018 3691 dilecto,
1048 3625 1102 3680 in
1131 3640 1325 3693 cornu,
1362 3628 1415 3681 in
1447 3627 1567 3683 loco
1594 3630 1793 3700 opimo.
1830 3650 1849 3682 ›
1886 3631 2052 3687 Aiunt

477 3714 753 3769 nonnullis
802 3715 1163 3785 interpretum
1220 3718 1355 3773 satis
1406 3720 1607 3785 videri,
1654 3722 1696 3774 si
1744 3722 1960 3777 dicant:
1993 3722 2048 3777 in

479 3804 597 3860 loco
629 3806 836 3876 opimo,
866 3809 1019 3877 quasi
1065 3823 1234 3863 cornu
1266 3811 1423 3866 nobis
1452 3812 1595 3868 aliud
1623 3814 1874 3883 quiddam
1910 3815 2052 3869 desi-

477 3904 691 3963 gnaret.
735 3895 1023 3966 Nonnullis
1069 3909 1249 3955 autem
1299 3901 1472 3971 placet
1531 3903 1584 3958 itt
1642 3918 1811 3959 cornu
1852 3906 2053 3961 intelli-

479 3998 630 4053 gere,
665 3984 821 4053 quasi
872 3986 965 4040 Dei
1014 3987 1215 4043 virtute
1255 3998 1311 4043 et
1357 3992 1618 4059 patentia.
1661 3991 1797 4048 Nam
1846 3997 2053 4065 accepit

479 4074 643 4128 Israel
708 4084 905 4130 terram
957 4080 1336 4145 promissionis
1393 4082 1812 4149 hzereditariam,
1871 4086 2050 4141 divina

479 4179 581 4233 ope
616 4166 700 4220 his
728 4167 887 4221 victis
924 4170 1017 4238 qui
1043 4169 1170 4223 olim
1200 4184 1320 4225 eam
1364 4172 1758 4230 inhabitarunt.
1787 4175 2051 4243 Quocirca

483 4258 777 4326 alloquitur
830 4260 1004 4329 ipsum
1062 4262 1117 4315 in
1154 4264 1569 4334 quadragesimo
1598 4268 1759 4321 tertio
1791 4270 2001 4339 psalmo
2035 4292 2049 4328 :

486 4370 503 4402 ι
544 4352 597 4404 In
658 4360 709 4405 te
756 4352 1006 4409 inimicos
1038 4365 1252 4410 nostros
1281 4372 1453 4412 cornu
1488 4360 1890 4427 ventilabimus,
1916 4364 2051 4419 etin

485 4446 705 4500 n0ntine
742 4454 831 4500 tuo
858 4460 1176 4516 spernemus
1205 4449 1550 4519 insurgentes
1582 4462 1770 4507 contra
1803 4470 1900 4510 nos
1925 4455 1991 4511 ⁸⁸.
2025 4476 2045 4510 ι

482 4535 726 4591 Sumitur
772 4551 932 4606 porro
965 4553 1133 4593 cornu
1185 4541 1238 4594 in
1270 4542 1448 4596 divina
1480 4543 1756 4613 Scriptura
1780 4562 1876 4617 pro
1896 4547 2052 4603 forti-

482 4630 664 4683 tudine
692 4634 747 4683 et
797 4630 1059 4698 potentia,
1093 4641 1148 4685 et
1181 4632 1350 4700 gloria
1384 4635 1550 4705 regia.
1586 4635 1739 4692 Licet
1764 4640 1928 4709 igitur
1954 4654 2052 4694 au-

480 4720 597 4773 dire
649 4720 862 4774 beatum
913 4720 1123 4788 David,
1172 4725 1439 4779 interdum
1492 4727 1758 4784 dicentem
1800 4731 1959 4785 veluti
1994 4732 2049 4787 in

483 4826 713 4880 persona
743 4812 873 4882 justi
905 4815 1143 4884 cujusvis
1174 4835 1188 4871 :
1227 4836 1246 4869 ι
1281 4817 1555 4875 Evehetur
1577 4821 1747 4878 instar
1774 4825 2049 4880 unicornis

482 4920 651 4957 t-ornu
703 4921 880 4960 meum
934 4906 976 4937 “
1007 4923 1022 4967 :
1055 4926 1076 4959 ι
1138 4909 1407 4965 interdum
1442 4913 1606 4967 etiam
1661 4914 1726 4969 de
1779 4915 2044 4970 Christo:

490 5012 508 5042 ι
546 4994 726 5048 Cornu
758 4996 878 5064 ejus
908 4997 1187 5051 attolletur
1219 4999 1464 5070 ingloria
1500 5003 1568 5056 ⁷ο.
1608 5022 1626 5056 ι
1666 5003 2050 5073 Splendidissi-

487 5073 630 5131 tiihm
664 5083 860 5151 quippe
888 5083 997 5153 79
1029 5094 1114 5139 est
1138 5100 1365 5157 regnum
1398 5089 1624 5149 Christi.
1650 5091 1895 5162 Opimam
1921 5111 2050 5152 vero

488 5185 605 5224 esse
629 5181 821 5224 terram
849 5176 1239 5243 promissionis,
1273 5188 1562 5236 attestatur
1578 5183 1854 5253 Scriptura
1872 5200 2047 5240 sacra.

492 5260 698 5328 Ubique
758 5264 900 5316 enim
950 5280 1069 5319 eam
1123 5280 1281 5324 vocat
1312 5282 1510 5327 terram
1537 5272 1790 5329 ﬂuentem
1823 5276 1965 5332 lacte
1998 5290 2052 5333 et

489 5350 664 5404 melle.
698 5350 996 5409 Confirmat
1040 5357 1234 5415 deinde
1265 5363 1367 5417 hoc
1402 5365 1612 5420 divinus
1646 5366 1872 5434 Psalles,
1906 5371 2051 5439 psal-

490 5444 603 5497 lens
651 5452 704 5498 et
762 5444 984 5515 loquens
1041 5451 1108 5505 de
1156 5451 1396 5511 lsraele:
1441 5474 1461 5508 ι
1498 5456 1673 5514 Vitem
1709 5475 1775 5513 ex
1814 5459 2053 5533 Egypto

489 5537 829 5602 transtulisti,
876 5540 1083 5608 ejecisti
1138 5552 1344 5613 gentes,
1379 5556 1435 5601 et
1473 5549 1724 5618 plantasti
1760 5570 1878 5609 eam
1908 5555 1976 5610 ".
2026 5575 2045 5608 ι

559 5715 602 5785 ξ’
633 5715 822 5772 Matth.
853 5735 933 5785 ut,
961 5721 1049 5777 l7.

488 5725 1049 5816 ..i§.§'."."1;!'.".l7'
1150 5726 1195 5756 ⁸⁸
1219 5725 1417 5783 ³θτε¹ηο
1453 5744 1530 5795 ιιν
1551 5730 1604 5784 9-
1699 5734 1741 5765 "
1775 5734 1877 5790 lsa-
1905 5750 1957 5804 v.
1988 5736 2041 5792 7.

563 5784 704 5843 Psal.
742 5804 926 5860 um,
954 5791 1007 5846 9.

2145 1989 2419 2052 τοιαύταις
2446 1989 2555 2043 ἐσθ’
2587 1992 2676 2043 ὅτε
2709 1991 3083 2062 κεχρημένους
3115 1992 3335 2059 φωναῖς.
3366 1983 3490 2043 Οἷον
3517 1991 3545 2042 6
3584 2007 3718 2062 προ-

2148 2081 2325 2150 φήτης
2383 2080 2674 2151 Ἱερεμίας·
2724 2102 2740 2132 t
2778 2082 2874 2146 Τίς
2928 2081 3090 2134 δώσει
3144 2098 3231 2153 μοι
3278 2083 3336 2133 ἐν
3393 2084 3457 2152 τῇ
3528 2083 3717 2153 ἐρήμῳ

2150 2172 2384 2243 σταθμὸν
2446 2172 2690 2243 ἔσχατον,
2742 2174 2837 2227 καὶ
2894 2174 3205 2243 καταλείψω
3273 2173 3363 2226 τὸν
3406 2172 3535 2226 λαόν
3594 2190 3715 2243 μου,

2147 2265 2241 2319 καὶ
2266 2264 2635 2335 ἀπελεύσομαι
2664 2265 2755 2318 ἀπ’
2786 2266 3001 2332 ainant;
3027 2284 3047 2317 ι
3086 2264 3175 2328 Ὦς
3204 2265 3314 2336 γὰρ
3347 2260 3428 2328 εἷς
3460 2265 3720 2335 ὑπάρχων

2146 2355 2240 2409 τοῦ
2274 2354 2425 2417 λαοῦ,
2458 2355 2583 2409 λαὸν
2611 2356 2802 2409 ἐαυτοῦ
2844 2373 2975 2426 φησι
3026 2356 3151 2420 τοὺς
3190 2357 3310 2410 καθ’
3344 2351 3486 2426 αἷμά
3520 2373 3579 2408 τε
3626 2357 3720 2408 καὶ

2147 2450 2301 2519 γένος
2337 2448 2588 2512 οἰκείους.
2627 2448 2775 2521 ’ᾼδει
2803 2449 2978 2502 τοίνυν
3019 2450 3048 2501 ό
3087 2451 3368 2520 προφήτης
3395 2446 3475 2518 τῷ
3502 2449 3719 2517 ἠγαπη-

2151 2541 2315 2611 μένῳ,
2360 2541 2454 2593 καὶ
2504 2540 2648 2592 ἔστιν
2677 2539 2840 2593 αὑτοῦ
2880 2539 2941 2592 τὸ
2980 2535 3131 2610 ᾆσμα
3178 2539 3462 2610 εἰρημένον
3513 2540 3604 2590 ἐπὶ
3640 2536 3719 2607 τῷ

2147 2632 2427 2703 ἀμπελῶνι
2450 2631 2528 2702 τῷ
2555 2630 2843 2701 ἀγαπητῷ,
2874 2630 3016 2685 τοῦτ’
3051 2631 3186 2697 ἐστι,
3220 2631 3314 2684 τοῦ
3347 2630 3583 2701 Ἰσραήλ.
3624 2631 3722 2683 Γέ-

2147 2741 2387 2795 γραπται
2412 2724 2542 2795 γὰρ,
2571 2724 2654 2776 ὅτι
2680 2743 2697 2774 ‹
2723 2724 2776 2777 Ἀ
2788 2724 3006 2793 μπελὼν
3036 2724 3241 2794 Κυρίου
3265 2721 3491 2776 Σαὸαὼθ
3515 2720 3724 2793 ἄνθρω-

2148 2832 2248 2878 πος
2269 2813 2363 2867 τοῦ
2393 2813 2582 2880 Ἰούδα,
2607 2813 2864 2880 νεόφυτον
2887 2815 3073 2883 ἠγαπη
3084 2814 3297 2881 μένον.»

2233 2906 2529 2976 Ἀμπελὼν
2563 2905 2817 2976 ἐγενήθη
2865 2903 2944 2969 τῷ
2983 2904 3363 2974 ἠγαπημένῳ,
3408 2903 3477 2957 ἐν
3504 2902 3718 2971 κέρατι,

2144 3002 2217 3054 ἐν
2276 3003 2436 3067 τόπῳ
2490 2999 2673 3053 πίονι.
2729 2998 2838 3052 Καὶ
2892 2996 3164 3066 φραγμὸν
3226 2996 3563 3063 περιέθηκαν,
3621 2994 3719 3047 καὶ

2145 3091 2524 3160 ἐχαράκωσα,
2559 3091 2658 3145 καὶ
2697 3091 3003 3159 ἐφύτευσα
3048 3088 3320 3157 ἄμπελον
3354 3086 3584 3155 Σωρὴκ,
3623 3084 3722 3139 καί

2147 3183 2503 3252 ᾠκοδόμησα
2520 3183 2747 3252 πύργον
2767 3181 2836 3235 ἐν
2857 3180 3025 3250 μέσῳ
3048 3178 3255 3244 αὐτοῦ,
3275 3177 3374 3231 καὶ
3394 3176 3722 3245 προλήνιον

2150 3274 2351 3342 dipan
2380 3276 2450 3329 ἐν
2474 3271 2651 3338 αὐτῷ,
2679 3272 2779 3327 καὶ
2824 3270 3029 3341 ἔμεινα
3064 3266 3171 3324 τοῦ
3209 3267 3458 3337 ποιῆσαι
3489 3283 3719 3336 σταφυ-

2147 3364 2290 3431 λὴν,
2322 3364 2571 3430 ἐποίησε
2596 3361 2664 3414 δὲ
2694 3360 2980 3426 ἀκάνθας.

2233 3454 2541 3525 ’Δμπελῶνι
2589 3453 2929 3523 παρεικάσας
2965 3451 3054 3503 τὸν
3104 3448 3339 3520 Ἰσραὴλ,
3376 3448 3621 3520 ἐπιμένει
3657 3447 3721 3500 δι’

2150 3546 2270 3600 ὅλου
2298 3550 2365 3617 τῇ
2394 3544 2487 3598 τοῦ
2517 3544 2678 3613 λόγου
2716 3545 3015 3615 μεταφορᾷ·
3051 3562 3069 3594 ι
3102 3542 3296 3609 Γέγονε
3336 3540 3533 3605 τοίνυν,
3572 3561 3590 3592 ι
3624 3558 3724 3613 φη-

2154 3638 2259 3700 σὶν,
2290 3655 2309 3689 t
2339 3636 2598 3707 ἁμπελὼν
2640 3636 2719 3707 τῷ
2748 3634 3114 3706 ἠγαπημένῳ,
3140 3635 3198 3687 ἐν
3241 3633 3453 3704 κέρατι,
3483 3634 3539 3687 ὲν
3576 3636 3723 3702 τόπῳ

2152 3732 2318 3787 πίονι.
2352 3750 2369 3782 ι
2395 3732 2528 3783 Φασὶ
2545 3730 2669 3793 τοὺς
2690 3729 2912 3801 ἐτέρους
2936 3729 3043 3781 τῶν
3074 3728 3421 3799 ἐρμηνευτῶν
3451 3726 3723 3798 ἀρκεσθῆ-

2151 3840 2239 3877 ναι
2270 3822 2329 3876 τὸ
2367 3823 2538 3874 εἰπεῖν
2578 3824 2635 3874 ὲν
2671 3821 2817 3890 τόπῳ
2865 3820 3027 3887 πίονι,
3066 3819 3142 3883 ὡς
3188 3819 3281 3872 τοῦ
3323 3818 3547 3890 κέρατος
3591 3820 3722 3887 ἡμῖν

2148 3915 2300 3968 οὐδὲν
2342 3915 2548 3986 ἕτερον,
2597 3913 2629 3983 ἢ
2681 3912 2837 3966 τοῦτο
2884 3912 3015 3966 αὐτὸ
3062 3912 3435 3983 σημαίνοντος.
3486 3910 3721 3964 Δοκεῖδέ

2152 4023 2293 4059 τισιν
2325 4005 2386 4057 τὸ
2414 4006 2488 4068 ὡς
2509 4007 2565 4057 ἐν
2588 4004 2775 4075 κέρατι
2799 4006 2959 4068 νοεῖν,
2991 4004 3067 4067 ὡς
3094 4005 3159 4059 ἐν
3178 4004 3403 4073 δυνάμει
3429 4002 3584 4056 Θεοῦ.
3612 4003 3721 4055 Κε-

2152 4095 2529 4167 κληρονόμηκε
2549 4096 2656 4166 γὰρ
2676 4096 2704 4147 6
2735 4094 2948 4167 Ἰσραὴλ
2974 4095 3075 4163 τῆς
3107 4095 3437 4166 ἐπαγγελίας
3469 4093 3569 4165 τὴν
3596 4095 3718 4164 γῆν,

2150 4189 2277 4251 τοὺς
2306 4187 2475 4240 πάλαι
2509 4185 2899 4256 κατῳκηκότας
2931 4186 2988 4239 ἐν
3022 4186 3160 4256 αὐτῇ
3191 4185 3418 4254 νικήσας
3445 4182 3533 4236 διὰ
3563 4182 3721 4236 Θεοῦ.

2152 4280 2439 4350 Τοιγάρτοι
2468 4278 2601 4347 φησὶ
2633 4278 2768 4349 πρὸς
2802 4277 2985 4343 αὑτὸν,
3018 4279 3076 4330 ἐν
3107 4275 3526 4348 τεσσαρακοστῷ
3554 4276 3723 4346 τρίτῳ

2150 4371 2369 4442 ψαλμῷ·
2402 4389 2421 4423 ι
2464 4371 2559 4423 Ἕν
2591 4386 2672 4422 σοι
2705 4370 2829 4436 τοὺς
2875 4369 3098 4440 ἐχθροὺς
3142 4369 3297 4439 ἡμῶν
3343 4366 3721 4439 κερατιοῦμεν,

2153 4464 2245 4516 καὶ
2273 4464 2334 4515 ἐν
2361 4462 2439 4532 τῷ
2466 4460 2687 4532 ὀνόματί
2714 4478 2806 4513 σου
2835 4460 3259 4530 ὲξουδενώσομεν
3291 4461 3415 4523 τοὺς
3434 4461 3723 4513 ἐπανιστα-

2157 4554 2350 4625 μένους
2373 4555 2524 4623 ήμῖν.
2561 4571 2579 4604 ι
2613 4552 2958 4623 Λαμϐάνεται
2982 4551 3038 4604 δὲ
3059 4550 3120 4603 τὸ
3150 4552 3315 4623 κέρας
3346 4550 3492 4621 παρὰ
3519 4554 3585 4621 τῇ
3605 4550 3723 4622 θείᾳ

2158 4646 2375 4717 Γραφῇ,
2408 4649 2487 4709 είς
2520 4645 2671 4715 ίσχὺν
2701 4644 2795 4697 καὶ
2829 4646 2907 4708 είς
2935 4643 3179 4715 δύναμιν,
3206 4645 3299 4697 καὶ
3332 4645 3411 4706 είς
3438 4643 3592 4707 δόξαν
3629 4642 3724 4713 τὴν

2157 4738 2463 4810 βασιλικήν.
2501 4738 2655 4789 Ἐστι
2689 4734 2819 4804 γοῦν
2851 4734 3080 4789 ἀκοῦσαι
3126 4735 3219 4789 τοῦ
3260 4736 3525 4807 μακαρίου
3562 4735 3725 4789 Δαίῗιδ

2156 4831 2288 4882 ποτὲ
2326 4829 2424 4900 μὲν
2455 4828 2720 4895 λέγοντος,
2746 4827 2821 4890 ὡς
2850 4828 2914 4880 ἐκ
2951 4826 3243 4898 προσώπου
3267 4827 3475 4880 δικαίου
3506 4828 3720 4890 παντός’

2161 4938 2181 4972 ε
2203 4918 2578 4989 Ὑψωθήσεται
2601 4918 2678 4981 ὡς
2708 4919 3074 4989 μονοκέρωτος
3093 4918 3154 4971 τὸ
3183 4918 3347 4989 κέρας
3377 4935 3502 4987 μουο
3540 4938 3559 4970 ι
3596 4918 3724 4972 ποτὲ

2150 5011 2209 5064 δὲ
2234 5011 2394 5065 πάλιν
2429 5011 2558 5081 περὶ
2585 5009 2843 5080 Χριστοῦο
2890 5029 2907 5060 ι
2945 5010 3019 5063 Τὸ
3055 5010 3221 5077 κέρας
3255 5010 3417 5063 αὑτοῦ
3447 5010 3698 5081 ύψωθήσε

2152 5119 2245 5155 ται
2288 5103 2347 5155 ὲν
2389 5101 2537 5171 δόξῃ.
2582 5121 2601 5154 ι
2642 5101 3082 5175 Περιφανεστάτη
3116 5102 3224 5172 γὰρ
3252 5104 3286 5173 ἡ
3320 5101 3563 5172 βασιλεία
3599 5102 3706 5172 Χρι

2154 5194 2445 5249 στοῦ.”οτι
2498 5195 2553 5247 δὲ
2603 5196 2740 5249 πίων
2776 5196 2875 5265 τῆς
2929 5194 3256 5264 ἐπαγγελίας
3301 5197 3333 5266 ἡ
3385 5195 3478 5264 γῆ,
3510 5211 3663 5265 μεμα

2152 5285 2358 5357 τύρηκε
2384 5285 2446 5338 τὸ
2476 5285 2714 5357 Γράμμα
2739 5286 2796 5339 τὸ
2821 5287 2983 5358 ἱερόν.
3015 5288 3267 5357 Πανταχῆ
3295 5286 3403 5359 γὰρ
3428 5286 3596 5356 αὐτὴν
3618 5286 3700 5340 ὀνς

2160 5377 2319 5449 pacet
2340 5378 2442 5447 γῆν
2462 5378 2687 5447 ῥέουσαν
2713 5378 2852 5447 γάλα
2877 5379 2970 5432 καὶ
2994 5378 3131 5447 μέλι.
3156 5377 3529 5448 Προσεμπεδοϊ
3553 5377 3609 5428 δὲ
3637 5377 3725 5429 τὸν

2156 5466 2312 5536 λόγον
2336 5469 2430 5521 καὶ
2461 5469 2489 5519 ὁ
2511 5468 2795 5531 θεσπέσιος
2812 5468 3061 5538 Μελῳδδς
3087 5468 3302 5537 ψάλλων
3333 5484 3392 5520 τε
3424 5468 3520 5520 καὶ
3551 5467 3725 5535 λέγων

2159 5560 2288 5628 περὶ
2312 5560 2406 5613 τοῦ
2434 5560 2666 5631 Ἰσραήλσ
2698 5578 2716 5611 ι
2746 5562 2809 5612 Ἀ
2821 5560 3023 5628 μπελον
3063 5560 3123 5627 ἐξ
3150 5560 3427 5629 Αἰγύπτου
3463 5559 3724 5631 μετῆρας,

2144 5738 2190 5771 ⁸⁸
2223 5738 2363 5795 Psal.
2401 5755 2555 5805 xutt,
2584 5739 2640 5795 6.
2738 5741 2783 5772 ⁸⁸
2806 5739 2947 5798 Psal.
2979 5756 3081 5809 xm,
3113 5743 3198 5799 ll.
3278 5744 3324 5775 ⁷⁸
3356 5740 3499 5798 Psal.
3528 5759 3639 5809 CXI,
3665 5743 3723 5797 9.
