4094 6366
334 351 437 412 ιετ

1466 346 1536 407 ἴΝ
1573 346 1813 406 lSAlAM
1851 346 1981 403 LIB.
2020 344 2064 401 ι.
2106 345 2315 404 ORAT.
2351 345 2442 402 Ill.

3479 349 3580 407 1⁵58

333 469 588 536 ἐξέϐαλες
624 468 775 544 ἔθνη.
810 468 903 523 καὶ
926 466 1558 552 κατεφύτευσαςναύτήν.
1597 491 1615 523 ι
1658 470 1820 540 Ὁρᾷς
1852 466 1913 520 τὸ

2042 464 2205 522 iiden’
2249 465 2400 532 illud,
2450 466 2503 520 in
2531 479 2723 532 cornu,
2750 467 3044 534 potentiam
3070 464 3165 521 Dei
3199 464 3250 519 in
3288 463 3375 519 bis
3403 464 3587 520 verbis

334 564 395 616 ἐν
413 562 626 634 κέρατι,
652 562 714 616 τὸ
736 562 812 626 ὡς
831 565 891 617 ὲν
914 562 1141 634 δυνάμει
1162 562 1294 616 Θεοῦ
1320 565 1581 633 σημαῖνον
1606 563 1663 616 ὲν
1681 560 1913 625 τούτοις;

333 652 833 721 Καταπεφύτευται
864 653 974 727 γάρ
1002 654 1418 726 ἐκϐεϐλημένων
1441 653 1632 706 ἐθνῶν.
1652 651 1918 724 Είρῆσθαι

337 741 395 794 δὲ
424 744 518 796 καὶ
545 741 754 813 ἑτέροις
794 743 856 796 τὸ
891 744 949 796 ὲν
985 744 1177 816 κέρατι
1220 743 1384 808 δοκεῖ,
1431 743 1505 806 ὡς
1552 744 1609 796 ὲν
1637 739 1825 812 ὑψηλῷ
1858 757 1919 793 τε

341 832 436 884 καὶ
462 832 755 903 ἐπηρμένῳ
792 834 1010 904 χωρίῳ·
1052 833 1274 905 τοιαύτη
1310 834 1419 905 γὰρ
1462 836 1497 905 ἡ
1534 832 1671 886 Σιὼν
1713 834 1770 884 ὲν
1801 831 1919 901 ὄρει

341 922 590 990 κειμένη.
618 922 1051 992 Καταφυτεύσας
1081 923 1144 996 δὴ
1175 920 1267 978 οὖν
1290 925 1383 978 τὸν
1416 923 1733 996 ἀμπελῶνα,
1765 922 1918 991 φησὶ,

340 1013 439 1065 διαὶ
482 1014 737 1085 φραγμὸν
782 1015 1106 1087 περιέθηκα,
1138 1016 1233 1069 καὶ
1272 1015 1618 1086 ἐχαράκωσα,
1656 1014 1750 1067 καὶ
1784 1031 1919 1067 κατ-

343 1101 615 1170 εφύτευσα
657 1103 900 1173 ἄμπελον
931 1104 1145 1175 Σωρήκ.
1183 1104 1525 1176 Περιεδέδετο
1568 1104 1625 1158 δὲ
1672 1104 1921 1175 καθάπερ

344 1193 730 1264 τινὶφραγμῷ,
789 1195 884 1247 καὶ
935 1195 1255 1264 ἀγγελικαίς
1309 1194 1591 1265 δυνάμεσι,
1652 1196 1747 1247 καὶ
1802 1196 1923 1258 ταῖς

340 1281 549 1335 ἄνωθεν
590 1284 932 1354 ἐπικουρίαις
963 1286 991 1337 ό
1023 1285 1258 1356 Ἰσραήλ.
1303 1282 1657 1356 Ἐχαρακὼθη
1687 1283 1743 1336 δὲ
1787 1283 1924 1353 πρὸς

346 1374 537 1444 τούτῳ.
572 1376 682 1429 Καὶ
709 1376 761 1429 τί
791 1377 855 1448 δὴ
883 1376 1041 1430 τοῦτό
1070 1379 1247 1443 tactv;
1273 1378 1336 1430 Οἱ
1380 1376 1481 1447 τῆς
1518 1375 1628 1429 τῶν
1662 1373 1925 1446 ἀμπελώ-

347 1485 453 1521 νων
482 1468 757 1539 γεωργίας
790 1470 1152 1540 ἑπιστήμονες
1179 1470 1408 1532 δόνακας
1431 1469 1635 1539 ἑκάστῃ
1670 1483 1927 1537 παραπη-

346 1558 568 1628 γοῦντες
603 1560 890 1630 εύτεχνῶς,
924 1560 1141 1631 αῖρουσί
1171 1578 1232 1614 τε
1271 1560 1438 1624 αὑτὰς
1480 1559 1638 1630 ὑψοῦ,
1668 1561 1762 1613 καὶ
1797 1559 1928 1613 ἁνα-

340 1652 604 1721 δεσμοῦσι
641 1655 741 1724 τῆς
780 1653 905 1723 γῆς.
932 1653 1081 1716 Σῶος
1116 1652 1224 1725 γὰρ
1261 1653 1431 1718 οὕτως
1465 1654 1493 1705 ό
1524 1652 1581 1719 ea
1614 1652 1790 1706 αὐτῶν
1832 1649 1929 1706 καὶ

349 1745 715 1816 ἀδωλὼϐητος
740 1746 893 1799 ἔσται
927 1747 1156 1819 καρπός.
1191 1747 1444 1803 Τοιοῦτόν
1468 1766 1521 1801 τι
1554 1749 1801 1818 πέπραχε
1834 1748 1929 1801 καὶ

2017 557 2362 629 signiﬁcare?
2397 557 2491 614 Est
2518 559 2663 614 enim
2694 559 2933 629 plantata
2958 558 3148 631 ejectis
3172 557 3438 629 gentibus.
3472 556 3589 611 Cae-

2021 659 2195 705 terum
2229 651 2444 706 videtur
2474 650 2596 707 aliis
2635 652 2687 706 in
2716 666 2885 707 cornu
2914 652 3037 718 dici,
3071 660 3325 722 tauquam
3358 649 3410 704 in
3441 647 3590 704 edito

2018 752 2073 798 et
2122 742 2335 799 excelso
2386 743 2544 799 loco:
2588 744 2710 800 talis
2744 745 2888 800 enim
2942 754 3030 800 est
3087 745 3237 806 Sion.
3297 744 3373 799 in.
3404 750 3590 799 monte

2021 835 2214 904 posita.
2260 834 2515 890 Wantavi
2569 834 2755 908 igitur,
2804 836 3001 908 inquit,
3049 836 3285 899 vineam,
3322 841 3378 888 et
3403 846 3589 901 sepem

2023 926 2353 980 circumdedi
2385 936 2440 982 et
2465 927 2893 993 circumvallavi,
2932 938 2987 983 et
3015 926 3250 997 plantavi
3284 926 3447 979 vitem
3484 923 3592 978 So-

2025 1027 2116 1067 rec
2173 1013 2545 1069 lectissimam.
2581 1014 3033 1070 Circumdabatur
3060 1013 3202 1069 enim
3231 1011 3394 1068 Israel
3423 1010 3592 1067 veluti

2024 1106 2256 1173 quodam
2298 1106 2601 1174 sepimento
2631 1116 2738 1161 tum
2769 1106 3080 1177 angelorum
3110 1105 3328 1169 virtute,
3362 1113 3473 1159 tum
3504 1117 3595 1157 su-

2023 1198 2208 1267 pernis
2241 1198 2510 1268 prmsidiis
2539 1198 2932 1254 obvallabatur.
2956 1196 3025 1252 Et
3050 1198 3177 1269 quid
3207 1197 3307 1253 hoc
3331 1205 3417 1253 est
3443 1196 3466 1250 ἲ
3488 1192 3595 1262 Qui

2025 1287 2252 1342 culturae
2280 1288 2563 1344 vinearum
2594 1290 2753 1358 periti
2786 1299 2932 1356 sunt,
2959 1290 3108 1360 palos
3137 1289 3330 1358 cuique
3358 1290 3595 1343 scienter

2026 1387 2319 1448 apponunt,
2365 1390 2419 1435 et
2475 1380 2530 1434 in
2580 1380 2747 1433 altum
2806 1380 3027 1446 tollunt,
3058 1380 3194 1435 etin
3230 1363 3372 1435 terra
3403 1379 3593 1447 ligunt.

2028 1472 2118 1529 Sic
2150 1474 2291 1527 enim
2342 1488 2526 1528 earum
2581 1474 2791 1531 l‘ructus
2838 1476 2946 1530 erit
2982 1475 3160 1531 salvus
3207 1483 3260 1531 et
3292 1462 3595 1531 incolumis.

2029 1561 2161 1617 Tale
2195 1562 2450 1631 quiddam
2500 1565 2662 1617 etiam
2705 1564 2833 1619 fecit
2872 1566 3245 1621 universorum
3283 1564 3446 1630 Deus,
3480 1564 3599 1633 lege

2029 1653 2265 1710 Mosaica
2322 1671 2485 1725 prope
2536 1656 2816 1712 obvallans
2844 1658 3057 1714 vineam
3092 1658 3503 1727 intelligibilem,
3533 1673 3600 1712 ne

2033 1748 2084 1800 iu
2122 1756 2263 1801 terra
2303 1746 2562 1817 projecta,
2596 1760 2651 1804 et
2687 1751 2857 1804 solum
2892 1766 3012 1821 qua:
3056 1752 3238 1806 carnis
3288 1760 3414 1805 sunt
3466 1752 3602 1805 resi-

344 1839 382 1890 ὁ
414 1839 523 1891 τῶν
568 1839 706 1892 ὅλων
736 1839 890 1905 Θεὸς,
929 1841 1080 1910 νόμῳ
1121 1840 1199 1911 τῷ
1228 1841 1315 1894 διὰ
1354 1840 1597 1905 Μωσέως
1648 1841 1929 1911 μονονουχὶ

2042 1842 2206 1909 piens,
2261 1841 2445 1895 multis
2486 1843 2657 1896 modis
2686 1844 2910 1911 periret,
2944 1854 3109 1912 utque
3139 1859 3256 1912 qua:
3284 1858 3444 1912 supra
3477 1850 3604 1895 sunt

350 1930 681 2003 χαρακώσας
700 1932 794 1985 τὸν
821 1933 1118 2003 ἀμπελῶνα
1144 1934 1237 1987 τὸν
1261 1934 1471 2005 νοητὸν,
1502 1934 1588 1986 ἵνα
1620 1933 1694 2005 μὴ
1721 1935 1799 1996 είς
1827 1932 1930 2003 γῆν

350 2022 704 2093 ἐρριμμένος,
750 2024 844 2077 καὶ
876 2023 1013 2094 μόνα
1050 2024 1262 2095 φρονῶν
1296 2025 1364 2078 τὰ
1395 2024 1599 2095 σαρκὸς
1640 2022 1933 2093 καταφθεί-

348 2130 516 2186 ρηται
562 2114 937 2187 πολυτρόπως,
971 2115 1185 2170 δύναιτο
1228 2116 1286 2169 δὲ
1328 2117 1422 2170 καὶ
1452 2119 1511 2169 τὸ
1544 2116 1655 2169 ἀνω
1690 2119 1929 2187 φρονεῖν.

366 2206 657 2278 ’Δποφέρει
686 2207 793 2278 γάρ
832 2206 940 2260 τῶν
965 2208 1167 2278 γηΐνων
1213 2209 1242 2261 ό
1286 2208 1380 2261 τοῦ
1418 2208 1555 2261 Θεοῦ
1604 2208 1786 2277 νόμος,
1822 2203 1933 2261 οἷον

350 2297 562 2367 ἀνέχων
590 2298 726 2368 ὑψοῦ
747 2296 856 2351 τῶν
885 2299 1416 2370 παιδαγωγουμένων
1444 2298 1534 2352 τὸν
1563 2298 1706 2355 νοῦν.
1733 2300 1854 2353 Ὅτι
1874 2300 1934 2354 δὲ

356 2390 450 2443 καὶ
478 2391 706 2462 εὐγενὴς
728 2392 760 2443 ὁ
781 2391 1063 2463 άμπελὼν,
1095 2393 1372 2464 διατρανοῖ
1402 2392 1594 2460 λέγων,
1622 2394 1720 2463 οὐχ
1752 2392 1935 2457 ἁπλῶς

355 2480 457 2552 τὴν
515 2482 781 2552 τυχοῦσαν
834 2484 1076 2554 ἄμπελον
1128 2485 1186 2537 ὲν
1242 2483 1320 2555 τῷ
1368 2484 1510 2537 πίονι
1566 2484 1936 2554 πεφυτεῦσθαι

356 2574 543 2644 τόπῳ,
593 2575 731 2628 ἀλλά
787 2574 897 2647 γὰρ
948 2576 1167 2648 Σωρὴκ,
1226 2576 1369 2629 τοῦτ’
1421 2576 1590 2641 ἔστιν,
1651 2576 1933 2649 ὲκλεκτήν.

374 2664 643 2737 Ἑϐραίοις
670 2666 726 2719 δὲ
762 2667 927 2729 δοκεῖ,
954 2667 1045 2720 καὶ
1073 2663 1210 2731 εἶδος
1236 2667 1505 2737 ἀμπέλου,
1538 2666 1621 2737 ἤτ’
1644 2663 1736 2720 οὖν
1769 2666 1941 2737 ὄνομα

359 2755 535 2826 καλῆς
568 2758 663 2810 καὶ
693 2758 1076 2828 εὐφορωτάτης
1099 2757 1186 2811 διὰ
1210 2757 1306 2811 τοῦ
1335 2759 1532 2830 Σωρὴκ
1556 2759 1937 2829 σημαίνεσθαι.

363 2867 393 2901 ‹
437 2850 773 2923 ’ῼκοδόμησα
814 2849 893 2915 δὲ,
925 2852 1076 2922 φησι,
1109 2851 1207 2904 καὶ
1243 2850 1451 2921 πύργον
1481 2852 1539 2904 ὲν
1571 2851 1722 2923 μέσῳ
1749 2850 1939 2918 αὐτοῦ,

362 2944 460 2996 καὶ
499 2944 789 3015 προλήνιον
821 2942 1007 3015 ὥρυξα
1038 2946 1094 2997 ἐν
1121 2943 1288 3014 αὐτῷ.
1329 2962 1348 2995 ι
1394 2944 1716 3015 Ἐγήγερται
1750 2945 1859 3016 γὰρ
1887 2946 1943 2998 ἐν

360 3037 478 3097 cui;
510 3036 901 3107 Ἱεροσολύμοις
936 3038 966 3089 ὁ
992 3036 1273 3108 διαϐόητος
1296 3037 1499 3099 ἐκεῖνος
1523 3035 1658 3101 νεὼς
1677 3080 1693 3103 ,
1725 3032 1837 3090 οἷόν
1861 3055 1945 3101 τις

364 3124 577 3196 πύργος
611 3126 706 3179 καὶ
734 3127 1052 3197 ἐνδιαίτημα
1094 3125 1251 3191 Θεοῦ,
1298 3127 1393 3180 καὶ
1434 3127 1540 3198 μὴν
1577 3126 1820 3199 ὡρυκται
1850 3127 1945 3180 καὶ

363 3217 675 3288 προλήνιον.
725 3218 971 3272 Τέθειται
1014 3219 1072 3272 δὲ
1117 3218 1502 3290 θυσιαστήριον
1547 3221 1604 3274 ὲν
1647 3219 1816 3290 αὐτῷ,
1852 3220 1946 3272 καὶ

365 3308 596 3379 κορϐὰν,
625 3309 653 3361 ὃ
690 3310 805 3361 ἐστι
840 3308 1261 3378 γαζοφυλάκιον,
1289 3311 1345 3362 ἐν
1375 3305 1420 3379 ᾧ
1458 3314 1607 3365 πᾶσα
1642 3309 1947 3380 δωροφορία

364 3400 480 3453 τῶν
516 3401 848 3471 προσιόντων
870 3401 1273 3471 συνεκομίζετο.
1320 3403 1534 3473 Ἐπειδὴ
1562 3404 1618 3456 δὲ
1652 3403 1739 3456 τὸν
1768 3404 1950 3470 ἀμπε-

367 3491 536 3557 λῶνα,
567 3496 753 3563 φησὶν,
790 3489 849 3547 εὖ
878 3493 1069 3563 ἔχοντα
1100 3493 1186 3547 διά
1212 3493 1426 3547 πάντων
1460 3494 1736 3566 ἀπέφηνα,
1786 3509 1951 3563 προσ-

368 3587 606 3655 εδόκησα
638 3586 731 3639 τοῦ
766 3586 989 3656 ποιῆσαι
1022 3587 1315 3657 σταφυλήν.
1359 3587 1559 3659 ’ῼόμην
1588 3588 1716 3657 γὰρ,
1738 3587 1947 3658 ᾠόμην,

360 3678 469 3747 οὐχ
507 3677 695 3748 ἕτερόν
745 3694 797 3730 τι
849 3678 1094 3746 ποιήσειν
1143 3676 1326 3739 αὑτὸν,
1379 3677 1413 3747 ἢ
1470 3677 1560 3729 τὸν
1612 3677 1806 3745 εὐγενῆ
1851 3676 1950 3746 τῆς

369 3770 621 3841 ἀμπέλου
649 3770 881 3841 καρπόψ
908 3770 1131 3840 ἐποίησε
1156 3769 1212 3821 δὲ
1239 3768 1500 3831 ἀκάνθας.
1533 3768 1739 3821 Οὐκοῦν
1772 3767 1952 3838 ἡμάρ-

370 3881 511 3934 τηκε
543 3864 642 3927 τῆς
668 3863 880 3925 ἐλπίδος
901 3907 914 3929 ,
956 3862 1220 3931 ἐψεύσατο
1243 3861 1317 3925 δὲ,
1349 3861 1444 3915 καὶ
1469 3860 1707 3923 ἀκάνθας
1734 3860 1952 3913 τέτοκεν

370 3957 499 4008 ἀντὶ
537 3954 777 4027 βοτρύων
802 3955 838 4006 ὁ
872 3955 1104 4025 Ἰσραήλ.
1139 3955 1211 4006 Ού
1240 3953 1348 4024 γάρ
1379 3970 1459 4006 τοι
1497 3953 1687 4021 γέγονε
1721 3951 1954 4019 νομοφύ-

372 4048 499 4115 λαξ,
527 4048 645 4100 οὐδὲ
671 4051 783 4110 τοῖς
811 4047 910 4116 τῆς
943 4046 1243 4109 ἐπιεικείας
1272 4045 1673 4116 κατεκαλλύνθη
1699 4047 1950 4115 καρποῖς,

373 4141 494 4195 ἀλλ’
528 4140 814 4206 ἐξώκειλεν
838 4139 1201 4210 ἁλλοτρόπως,
1248 4140 1342 4192 καὶ
1372 4138 1667 4208 πεποίηκεν
1692 4136 1954 4200 ἀκάνθας,

372 4232 525 4287 τοῦτ’
566 4233 733 4298 ἐστιν,
782 4231 918 4303 ἔργα
972 4230 1164 4302 πυρὸς,
1214 4230 1381 4300 ἤγουν
1423 4228 1523 4281 ὅσα
1569 4228 1795 4299 πλήττει
1832 4228 1958 4290 τοὺς

374 4326 775 4397 ὲπαφωμὲνους
824 4326 920 4378 καὶ
980 4322 1458 4395 προσεγγίζοντας.
1503 4322 1681 4373 Λυπεῖ
1723 4319 1780 4372 δὲ
1827 4318 1959 4371 Θεὸν

374 4418 525 4487 ἥπερ
558 4418 624 4471 ἂν
652 4416 867 4483 γένοιτο
906 4413 1034 4483 παρ’
1063 4411 1224 4483 ἡμῶν
1250 4410 1512 4481 ἁμαρτία,
1550 4407 1645 4461 καὶ
1675 4408 1810 4479 ὅπερ
1844 4408 1961 4462 ἐστὶ

2031 1939 2213 2001 posset
2261 1948 2472 2002 sapere.
2537 1932 2770 1988 Abducit
2813 1936 2956 1989 enim
3009 1951 3040 1990 a
3095 1935 3328 1991 tertenis
3368 1933 3461 1989 Dei
3494 1932 3598 1988 lex.

2033 2022 2321 2077 sublevans
2377 2023 2624 2078 videlicet
2657 2024 2710 2078 in
2754 2025 2985 2080 sublime
3019 2036 3254 2081 mentem
3289 2041 3475 2082 eorum
3511 2024 3603 2093 qui

2036 2113 2411 2170 instituuntur.
2464 2116 2619 2183 Quod
2668 2127 2850 2172 autem
2901 2129 2954 2173 et
3005 2133 3266 2189 generosa
3313 2118 3470 2171 vinea
3510 2118 3603 2177 sit,

2034 2209 2267 2277 explicat
2302 2225 2420 2262 cum
2454 2209 2549 2276 ait,
2587 2224 2694 2263 non
2729 2210 3046 2278 simpliciter
3076 2210 3321 2281 quamvis
3354 2210 3514 2264 vitem
3552 2210 3603 2262 iu

2035 2301 2217 2370 Opimo
2264 2300 2381 2355 loco
2432 2302 2749 2370 plantatatn,
2798 2304 2891 2357 sed
2939 2302 3125 2367 Sorec,
3154 2304 3203 2356 id
3236 2313 3320 2357 est
3352 2303 3603 2357 electam.

2036 2391 2275 2447 Hebraeis
2329 2404 2506 2446 autctn
2554 2393 2770 2447 videtur
2803 2394 3014 2463 species
3060 2404 3114 2448 et
3142 2409 3339 2447 nomen
3370 2393 3609 2461 pulchra

2038 2494 2093 2538 et
2122 2483 2475 2540 feracissimae
2500 2485 2624 2540 vitis
2654 2500 2751 2554 per
2779 2484 2949 2541 Sorec
2976 2485 3238 2541 declarari
3267 2493 3327 2540 et
3356 2484 3607 2553 exprimi.

2042 2595 2064 2628 ι
2100 2575 2419 2641 Ᾱὶἀίῐίοονί,
2458 2576 2677 2646 inquit,
2722 2589 2777 2632 et
2823 2578 3013 2632 turrim
3064 2578 3115 2631 iu
3166 2577 3343 2631 medio
3375 2577 3520 2647 ejus,
3555 2585 3613 2631 et

2041 2670 2277 2722 torcular
2318 2668 2428 2722 fodi
2462 2669 2515 2722 in
2558 2684 2642 2722 ea.
2666 2687 2687 2720 ο
2723 2668 3047 2739 Erigebatur
3076 2682 3267 2737 nempe
3302 2667 3611 2738 Hierosoly-

2044 2761 2145 2817 mis
2167 2762 2661 2818 celebratissimum
2693 2763 2820 2817 illud
2850 2762 3129 2832 templum,
3167 2771 3421 2832 tanquam
3446 2763 3613 2817 turris

2043 2855 2286 2924 quadam
2326 2863 2381 2909 et
2425 2855 2715 2925 hospitium
2750 2857 2847 2911 Dei
2884 2874 2898 2911 :
2927 2858 3056 2927 quin
3088 2868 3143 2912 et
3166 2856 3477 2913 fodiebatur
3497 2869 3615 2915 tor-

2046 2946 2217 3013 cular,
2252 2956 2305 3001 et
2333 2963 2460 3002 arca
2495 2950 2548 3003 in
2583 2950 2675 3004 illa
2702 2952 3009 3020 ponebatur
3039 2960 3090 3006 et
3111 2951 3341 3017 cnrban,
3370 2952 3511 3016 quod
3534 2961 3619 3007 est

2046 3040 2507 3111 gamphylacium,
2542 3057 2636 3096 seu
2665 3044 2904 3098 thesauri
2936 3042 3202 3109 custodia,
3231 3044 3284 3097 in
3314 3059 3473 3113 quam
3501 3059 3619 3098 om-

2050 3130 2134 3183 nis
2155 3130 2354 3184 oblatio
2377 3132 2779 3185 advenientium
2810 3132 3220 3202 conjiciebatur.
3247 3132 3379 3187 Cum
3412 3142 3617 3199 autem,

2050 3222 2265 3290 inquit,
2304 3236 2422 3275 eam
2458 3222 2709 3276 otnnibus
2748 3222 2907 3276 rebus
2968 3223 3384 3286 instruxissent,
3423 3236 3619 3292 exspe-

2051 3312 2261 3366 ctabam
2316 3319 2373 3364 ut
2405 3327 2563 3365 uvam
2604 3312 2890 3382 proferret.
2920 3312 3179 3366 Putabam
3227 3314 3390 3378 enim,
3426 3314 3619 3385 inquit,

2047 3404 2305 3471 putabam
2356 3416 2475 3456 eam
2512 3419 2617 3459 non
2650 3403 2794 3457 aliud
2826 3419 2987 3473 quam
3040 3405 3163 3458 vitis
3200 3404 3436 3458 fructum
3470 3405 3624 3460 nobi-

2052 3493 2156 3547 lem
2182 3509 2245 3547 ac
2272 3510 2592 3563 generosum
2623 3510 2743 3550 esse
2770 3496 3098 3549 reddituram
3128 3512 3142 3560 ;
3181 3505 3237 3549 at
3266 3497 3488 3565 protulit
3511 3498 3625 3566 spi-

2054 3602 2169 3641 nas.
2223 3585 2408 3656 Itaque
2446 3601 2569 3655 spes
2618 3586 2875 3640 frustrata
2915 3595 3016 3651 est,
3058 3596 3113 3641 et
3140 3586 3332 3641 fefellit
3357 3587 3542 3654 Israel,
3570 3600 3628 3643 et

2052 3679 2171 3732 vice
2202 3679 2480 3732 botrorum
2533 3678 2739 3746 peperit
2773 3679 2975 3747 spinas.
3010 3678 3119 3732 Nec
3146 3680 3294 3733 enim
3333 3678 3502 3748 legem
3531 3681 3628 3734 ob-

2054 3771 2313 3837 servavit,
2332 3786 2430 3825 nec
2451 3771 2734 3840 probitatis
2757 3771 3024 3826 fructibus
3039 3781 3263 3826 ornatus
3278 3772 3390 3843 80
3406 3781 3510 3835 est,
3531 3775 3625 3827 sed

2056 3862 2299 3930 pluribus
2323 3863 2496 3917 modis
2522 3863 2763 3931 impegit,
2791 3872 2845 3917 et
2871 3863 3056 3933 spinas
3085 3863 3226 3927 tulit,
3253 3865 3303 3918 id
3330 3873 3435 3928 est,
3462 3879 3625 3932 opera

2057 3953 2196 4021 ignis
2218 3993 2234 4016 ,
2291 3965 2382 4007 aut
2421 3968 2754 4023 quaecunque
2786 3969 2878 4008 eos
2910 3955 3000 4023 qui
3030 3962 3342 4021 attrectent,
3373 3967 3428 4010 et
3456 3973 3629 4027 prope

2056 4046 2342 4111 accedunt,
2373 4045 2741 4099 consauciauit.
2768 4044 3004 4099 Oll‘endit
3032 4054 3207 4101 autem
3242 4048 3406 4101 Deum
3429 4049 3569 4117 quod
3592 4065 3630 4102 α

2061 4136 2215 4191 nobis
2251 4136 2308 4190 lit
2332 4144 2651 4206 peccatum;
2678 4138 2886 4206 etquod
2909 4138 3065 4192 nobis
3085 4148 3168 4193 est
3188 4139 3362 4208 spina,
3388 4140 3438 4193 id
3464 4139 3631 4194 etiam

2059 4237 2144 4280 est
2195 4225 2268 4279 illi
2318 4225 2609 4281 vitiositas.
2668 4225 2773 4281 Sed
2811 4235 2870 4280 ut
2921 4226 3114 4281 beatus
3168 4225 3370 4281 Paulus
3402 4227 3629 4283 scribit:

2066 4334 2085 4368 ι
2124 4315 2292 4372 Terra
2317 4332 2437 4385 quae
2453 4332 2596 4388 saepe
2616 4317 2845 4371 imbrem
2869 4318 2920 4372 in
2944 4331 3006 4373 se
3027 4317 3328 4373 venientem
3351 4318 3632 4385 combibit,

2062 4420 2117 4461 et
2168 4407 2393 4462 herbam
2442 4408 2615 4479 gignit
2649 4408 3054 4463 accommodant
3088 4408 3195 4463 illis
3220 4424 3251 4461 ιι
3280 4408 3473 4478 quibus
3501 4408 3635 4462 coli-

375 4511 512 4579 παρ’
537 4508 671 4580 ἡμῖν
696 4508 731 4578 ἡ
750 4504 981 4568 ἄκανθα,
1008 4503 1167 4557 τοῦτο
1192 4504 1284 4556 καὶ
1304 4502 1433 4573 παρ’
1455 4500 1603 4571 αὐτῷ
1627 4501 1940 4571 φαυλότητος

2068 4510 2173 4564 tur,
2224 4500 2423 4569 accipit
2480 4500 2909 4558 benedictionem
2963 4515 2993 4553 a
3023 4499 3179 4567 Deo;
3211 4508 3269 4554 at
3303 4515 3423 4569 quat
3449 4500 3637 4570 spinas

370 4602 600 4673 τρόπος.
657 4598 797 4651 Ἀλλ’
825 4596 902 4659 ὡς
935 4596 971 4648 ὁ
1015 4594 1282 4665 μακάριος
1323 4592 1523 4663 γράφει
1556 4590 1787 4654 Παῦλοςο
1824 4610 1842 4642 ι
1882 4592 1963 4662 Γῆ

374 4694 486 4767 μὲν
519 4694 554 4761 ἠ
614 4689 819 4743 πιοῦσα
870 4688 963 4740 τὸν
1016 4686 1102 4740 ἐπ’
1154 4685 1322 4755 αὐτῆς
1360 4684 1653 4756 ἐρχόμενον
1701 4682 1961 4747 πολλάκις

2069 4591 2276 4663 profert
2327 4603 2383 4647 et
2445 4592 2694 4658 tribulos,
2754 4591 2983 4661 reproba
3038 4600 3142 4658 est,
3186 4600 3243 4647 et
3271 4591 3635 4646 ntaledirtioni

2066 4682 2337 4753 proxima,
2372 4681 2528 4750 cujus
2552 4682 2673 4736 linis
2704 4683 2755 4735 in
2790 4683 3215 4738 combustionetu
3246 4685 3312 4739 ".
3348 4702 3366 4734 ι

381 4790 560 4853 ὑετὸν,
584 4788 679 4841 καὶ
704 4787 965 4839 τίκτουσα
995 4782 1226 4854 βοτάνην
1253 4780 1467 4834 εὔθετον
1496 4779 1747 4843 ἐκείνοις,
1775 4779 1842 4831 δι’
1897 4778 1991 4843 οὓς
2026 4777 2123 4832 καὶ
2178 4779 2523 4849 γεωργεῖται,
2566 4776 2969 4848 μεταλαμϐάνει
3039 4778 3287 4851 εὐλογίας
3328 4777 3437 4832 ἀπὸ
3478 4778 3638 4835 Θεοῦ.

390 4882 740 4953 Ἐκφέρουσα
768 4878 828 4931 δὲ
863 4876 1107 4940 ἀκάνθας
1148 4875 1243 4928 καί
1286 4872 1567 4946 τριϐόλους
1616 4872 1894 4942 ἀδόκιμος,
1933 4871 2032 4926 καὶ
2064 4871 2311 4944 κατάρας
2339 4872 2531 4939 ἐγγυς,
2559 4864 2625 4941 ἧς
2659 4870 2720 4923 τὸ
2745 4870 2897 4933 τέλος
2926 4872 3005 4953 εἰς
3042 4870 3257 4927 καῦσιν.
3296 4890 3315 4923 ι

456 4976 571 5031 Καὶ
614 4974 754 5037 νῦν,
809 4974 843 5026 ὁ
875 4971 1194 5040 ἅνθρωπος
1238 4969 1347 5024 τοῦ
1399 4967 1615 5034 Ἰούδα,
1646 4967 1746 5020 καὶ
1777 4967 1831 5021 οἱ
1858 4967 1968 5041 σέγ-

381 5069 695 5133 amour-rec
749 5063 1155 5133 Ἰερουσαλὴμ
1223 5062 1460 5131 κρίνατε
1514 5061 1583 5114 ἐν
1644 5058 1808 5129 ἐμοὶ,
1868 5057 1968 5112 καὶ

382 5161 699 5231 ἀναμέσων
746 5157 857 5212 τοῦ
906 5154 1261 5226 ἀμπελῶνός
1301 5171 1442 5224 μου.
1501 5152 1565 5208 Τί
1607 5149 1843 5219 ποιήσω
1886 5148 1969 5216 τῷ

381 5253 700 5325 ἀμπελῶνί
756 5267 898 5320 μου,
948 5248 1049 5303 καὶ
1096 5249 1208 5301 οὐκ
1261 5246 1522 5313 ἐποίησα
1573 5242 1768 5309 aﬂuit;
1814 5242 1970 5296 Διότι

384 5349 591 5417 ἔμεινα
656 5343 765 5398 τοῦ
834 5340 1087 5410 ποιῆσαι
1150 5335 1506 5408 σταφυλὴν,
1583 5335 1836 5403 ἐποίησε
1896 5332 1966 5386 δὲ

386 5439 676 5505 ἀκάνθας.

459 5533 722 5605 Πειρᾶται
761 5525 1028 5582 δεικνύειν
1074 5524 1480 5594 ἀπροφάσιστον
1533 5517 1810 5584 παντελῶς
1858 5516 1969 5572 τῶν

2146 4964 2307 5022 Vens.
2335 4966 2392 5031 5,
2419 4965 2472 5020 4.
2503 4962 2574 5017 Et
2619 4981 2777 5027 nunc,
2816 4951 2971 5019 homo
2998 4963 3172 5028 Iuda,
3205 4976 3252 5018 et
3287 4965 3376 5034 qui
3414 4964 3641 5017 incolitis

2079 5057 2438 5122 Hierusalem,
2465 5057 2707 5126 judicate
2734 5058 2869 5108 inter
2891 5073 2971 5109 me
2995 5066 3043 5110 et
3066 5057 3204 5110 inter
3224 5058 3424 5111 vineam
3446 5071 3635 5111 meam.

2073 5149 2213 5216 Quid
2271 5148 2465 5219 faciam
2523 5146 2665 5201 ultra
2725 5147 2887 5201 vinea:
2916 5162 3043 5201 mea?
3082 5147 3225 5216 quod
3274 5162 3379 5199 non
3431 5143 3645 5213 fecerint

2070 5244 2161 5297 ei?
2211 5239 2474 5307 Quoniam
2514 5240 2805 5305 exspectavi
2848 5249 2903 5293 ut
2954 5238 3115 5309 ferret
3165 5255 3329 5305 uvas,
3376 5238 3470 5293 sed
3523 5236 3645 5289 tum

2071 5351 2269 5406 spinas.

2151 5512 2533 5569 Demonstrare
2560 5518 2792 5567 conatur
2830 5507 3254 5564 inexcusabilem
3289 5507 3510 5562 omnino
3550 5502 3648 5561 Ju-

399 5599 671 5681 Ὶοῶίων
706 5624 770 5676 τὸ
799 5620 1041 5693 ῥᾴθυμον
1079 5618 1174 5673 καὶ
1209 5617 1344 5690 πρός
1372 5632 1437 5686 γε
1471 5613 1644 5686 τούτῳ
1674 5611 1772 5685 τὴν
1799 5611 1877 5677 εῐς
1908 5627 1940 5681 γ

2084 5607 2322 5666 ᾶωοῑοοι
2362 5604 2650 5677 ignaviam,
2671 5612 2727 5660 et
2757 5602 3016 5659 adversus
3044 5601 3213 5673 legem
3242 5599 3646 5669 impudentiam.

464 5740 516 5817 ’τι
540 5783 704 5840 Πείτ.
734 5796 808 5845 γι,
841 5779 893 5840 7.
923 5778 973 5831 8.

637 5880 908 5940 PATROL.
962 5874 1077 5933 Gn.
1118 5869 1293 5933 LXX.

3223 5844 3271 5921 ἆ
