4094 6366
441 326 546 385 Ιῦθ

1457 309 1516 365 S.
1556 305 1834 363 CYBILLI
1874 301 2348 360 ALEXANDRINI
2388 294 2708 357 ARCHIEP.

3623 302 3726 356 HO

440 445 578 498 Cum
628 439 771 497 enim
799 434 1118 508 praeclaram
1150 442 1207 488 et
1235 429 1510 487 laudatam
1539 427 1795 498 legitimae
1821 426 1946 481 vitae
1977 436 2031 479 et

2152 422 2225 476 τὸν
2256 422 2418 493 νόμον
2448 420 2854 492 ἀναισχυντίαν.
2883 421 3060 473 Μετὺν
3094 420 3201 493 γὰρ
3234 419 3417 483 αὐτοῖς
3452 417 3545 472 xui
3580 418 3724 487 μάλα

443 533 770 590 Christiana
809 527 1166 587 institutionis
1213 526 1356 581 viam
1399 524 1539 579 inire
1571 522 1896 593 potuissent,
1929 519 2032 588 ipsi

443 627 720 698 obliquam
759 634 815 681 et
839 624 1052 679 deviam
1080 618 1370 676 coluerunt
1401 637 1414 673 :
1457 625 1513 672 et
1543 612 1905 670 fructificandi
1940 626 2033 666 ne-

442 720 648 792 glectu,
701 716 1035 772 infructuosa
1087 711 1234 767 velut
1266 719 1410 765 terra
1446 707 1573 762 facti
1614 714 1762 771 sunt,
1798 717 1918 775 qua:
1950 701 2034 756 al-

445 815 556 868 trix
586 820 692 877 est,
743 817 800 864 et
849 807 1035 863 nutrix
1079 819 1189 859 non
1223 803 1433 857 mitium
1462 800 1759 863 fructuum,
1788 800 1882 854 sed
1914 812 2036 867 qua:

444 902 679 973 agrestis
731 910 815 956 est
863 899 1042 968 potius
1074 898 1292 965 spinosa
1337 903 1393 950 et
1438 892 1723 949 silvestris.
1765 889 2037 946 Prodeant

446 997 635 1069 igitur,
680 993 879 1063 inquit,
910 991 1000 1061 qui
1028 992 1170 1043 inter
1197 1003 1293 1042 vos
1317 995 1444 1042 sunt
1472 986 1771 1056 sapientes,
1792 983 2038 1053 judicent

455 1089 602 1144 inter
626 1101 713 1141 me
740 1085 913 1139 vinea:
943 1081 1219 1138 dominum
1246 1089 1299 1136 et
1330 1081 1475 1149 ipsas
1502 1079 1663 1133 vites.
1700 1076 1841 1144 Quid
1868 1075 2033 1147 igitur

446 1178 578 1235 boni
615 1177 723 1233 illis
763 1175 932 1231 defuit
960 1182 1017 1227 ut
1058 1171 1279 1227 inutiles
1318 1169 1545 1225 fierent?
1595 1169 1653 1223 Si
1686 1169 1827 1222 enim
1856 1182 2035 1220 rerum

449 1272 519 1328 ad
547 1284 703 1327 usum
743 1266 1181 1324 necessariarum
1214 1264 1489 1335 quippiam
1526 1278 1555 1315 a
1584 1276 1669 1315 me
1695 1262 1786 1329 qui
1820 1259 2036 1329 planta-

446 1380 659 1430 veram,
694 1363 835 1419 forte
882 1358 1308 1431 praetermissum
1355 1355 1538 1421 fuerit,
1593 1370 1771 1409 causa:
1796 1352 1931 1407 nihil
1959 1350 2041 1406 di-

450 1474 597 1524 cam,
652 1471 753 1511 nec
813 1469 1007 1527 poenas
1056 1451 1290 1521 exigam.
1324 1448 1461 1515 Quid
1486 1448 1628 1503 enim
1658 1446 1917 1508 facerem,
1952 1444 2039 1498 in-

450 1552 601 1622 quit,
641 1549 785 1619 quod
831 1563 937 1602 non
976 1546 1025 1600 ei
1080 1542 1346 1599 fecerim?
1375 1541 1507 1595 Cum
1563 1554 1693 1594 vero
1730 1536 1891 1593 rebus
1919 1550 2038 1590 eam

452 1642 680 1697 utilibus
708 1640 921 1711 plenam
947 1636 1255 1705 nulliusque
1290 1634 1367 1689 rei
1388 1633 1627 1703 indigam
1658 1631 1903 1696 fecerim,
1929 1628 2041 1698 spi-

2137 516 2340 588 ῥᾳδίως
2365 516 2465 587 τὴν
2493 516 2692 569 εὐκλεᾶ
2714 516 2808 568 xui
2840 514 3127 585 εὐδόκιμον
3160 514 3258 586 τῆς
3284 515 3342 567 ἐν
3371 512 3521 584 νόμῳ
3553 510 3722 580 ζωῆς,

2134 612 2301 683 ἤγουν
2336 610 2434 682 τῆς
2455 611 2513 663 ἐν
2540 608 2761 681 Χριστῷ
2795 609 3092 674 πολιτείας,
3129 608 3291 676 ἱέναι,
3330 607 3538 679 τρίϐον,
3574 607 3729 659 αὐτοὶ

2134 705 2467 775 τετιμήκασι
2492 703 2590 775 τὴν
2612 703 3074 774 διεστραμμένην.
3102 703 3211 757 Καὶ
3244 692 3349 773 μὴν
3377 701 3437 754 τὸ
3462 699 3727 754 δύνασθαι

2136 798 2510 868 καρποφορεῖν
2543 796 2772 864 ἀφέντες
2802 795 2878 859 ὡς
2906 795 3093 859 ἕωλον,
3134 794 3205 864 γῆ
3246 811 3324 857 τις
3350 792 3539 861 ὥσπερ
3569 790 3730 858 γεγό-

2137 906 2296 944 νασιν
2333 890 2396 942 οὐ
2438 888 2668 960 καρπῶν
2710 888 2932 959 ἡμέρων
2972 888 3185 958 τροφή·
3223 884 3393 956 ἀγρία
3430 883 3487 937 δὲ
3529 881 3729 953 μᾶλλον

2135 978 2231 1032 καὶ
2279 978 2645 1041 ἀκανθοτόκος
2694 979 2788 1031 καὶ
2830 978 3126 1049 ὑλομανής.
3163 976 3478 1037 Ἢκέτωσᾳν
3528 972 3729 1033 τοίνυν,

2138 1073 2325 1142 φησιν,
2353 1072 2401 1123 οἱ
2435 1071 2493 1122 ἐν
2524 1071 2651 1141 ύμῖν
2678 1070 2849 1140 σοφοὶ,
2877 1069 3247 1134 δικαζέτωσαν
3284 1069 3340 1120 ἐν
3362 1066 3486 1137 ἐμοὶ
3526 1063 3603 1134 τῷ
3636 1062 3729 1115 τοῦ

2138 1164 2463 1236 ἀμπελῶνος
2502 1163 2760 1235 δεσπότῃ,
2813 1163 2909 1216 xui.
2942 1162 3134 1225 αύταῖς
3171 1160 3227 1213 δὲ
3268 1162 3388 1222 ταῖς
3440 1158 3748 1229 ἀμπέλοις.“

2139 1258 2298 1321 Τίνος
2331 1256 2396 1328 δὴ
2436 1251 2528 1309 οὖν
2566 1256 2674 1327 ἄρα
2713 1254 2822 1307 τῶν
2858 1252 3078 1322 ἀγαθῶν
3112 1250 3499 1305 ἐλλελοιπότων
3543 1248 3733 1307 αὐταῖς

2139 1351 2346 1422 ἀχρεῖοι
2374 1350 2699 1419 γεγόνασιν;
2733 1348 2795 1401 Εἰ
2828 1346 2927 1418 μὲν
2958 1346 3066 1418 γάρ
3086 1362 3140 1398 τι
3170 1345 3279 1398 τῶν
3308 1343 3622 1412 ἀναγκαίων
3653 1340 3733 1403 είς

2139 1443 2326 1513 ὄνησιν
2397 1441 2691 1514 παρῶπταί
2757 1440 2917 1510 τυχὸν
2956 1440 3080 1511 ἐμοὶ¹
3119 1438 3194 1510 τῷ
3232 1435 3619 1507 πεφυτευκότι,
3657 1432 3735 1486 δι⁴

2141 1534 2412 1606 ελεγχέτω
2460 1550 2545 1595 τις
2590 1532 2687 1585 καὶ
2730 1530 3107 1600 πεπαύσομαι.
3164 1527 3487 1598 Ἀποστήσω
3532 1523 3732 1587 αἰτίας,

2142 1625 2238 1678 xui
2270 1625 2370 1678 οὐκ
2399 1624 2607 1694 αἰτήσω
2644 1621 2822 1684 δίκας.
2855 1621 2921 1674 Τί
2961 1620 3071 1691 γὰρ
3105 1621 3337 1691 ποιήσω,
3372 1618 3558 1688 φησὶν,
3593 1615 3623 1669 ὂ
3660 1616 3735 1686 μὴ

456 1752 555 1792 nas
596 1745 777 1790 tamen
814 1734 1057 1803 peperit,
1104 1730 1231 1786 licet
1283 1735 1656 1798 exspectarem
1690 1733 1751 1777 ut
1776 1738 1895 1800 eam
1924 1721 2044 1790 pul-

2152 1716 2422 1785 πεποίηκα
2452 1716 2633 1786 αύτῷς
2678 1713 2897 1784 Ἐπειδὴ
2935 1712 2993 1766 δὲ
3026 1711 3130 1765 τῶν
3154 1709 3438 1782 χρησίμων
3470 1708 3650 1777 πλήρη
3676 1723 3735 1758 τε

408 1896 417 1903 κ
455 1834 605 1890 chris
653 1828 917 1884 fructibus
969 1835 1219 1883 ornatam
1278 1824 1558 1877 viderem:
1597 1835 1716 1889 qua:
1762 1792 1977 1873 tandem
2008 1829 2037 1867 a

2152 1808 2400 1878 ἀπέφηνα
2429 1807 2524 1859 καὶ
2548 1804 2761 1867 οὐδενὸς
2794 1804 3005 1869 ἐπιδεᾶ,
3034 1798 3154 1856 εἶτα
3178 1801 3402 1870 γέγονεν
3435 1797 3735 1853 ἀκανθοτό-

455 1927 641 1997 judice
673 1924 879 1979 feretur
915 1918 1229 1977 sententia?
1259 1916 1398 1972 Num
1430 1916 1598 1986 igitur
1624 1915 1873 1976 inertem,
1907 1925 2037 1965 num

458 2019 788 2073 desidiosum
822 2014 1116 2085 agricolam
1150 2011 1329 2067 dicet?
1353 2025 1419 2064 an
1459 2010 1635 2078 potius
1667 2006 1788 2059 illos
1815 2019 2041 2058 accusa-

457 2113 647 2183 bitqui
676 2119 823 2165 tanta
839 2106 1204 2163 sollicitudine
1227 2101 1401 2158 curati
1428 2116 1456 2154 a
1496 2115 1604 2163 me,
1630 2098 1764 2151 adeo
1795 2094 2041 2150 fertilita-

458 2212 569 2258 tem
602 2217 755 2257 suam
784 2199 1159 2269 neglexerunt,
1195 2204 1255 2248 ut
1282 2194 1496 2246 inanem
1530 2189 1718 2243 silvam
1742 2201 1803 2249 ac
1829 2184 2039 2238 turbam

458 2297 739 2365 spinarum
790 2307 889 2362 pro
944 2290 1177 2345 racemis
1206 2281 1553 2358 pepererint?
1585 2278 1738 2347 Quod
1764 2288 1944 2333 autem
1979 2277 2043 2329 de

459 2389 615 2459 spina
650 2385 893 2442 sensibili
928 2397 1234 2439 sermonem
1279 2394 1385 2434 non
1419 2376 1635 2439 habeat,
1669 2388 1768 2428 nec
1795 2372 1859 2426 de
1889 2384 2043 2424 race-

464 2482 569 2535 mis
587 2488 825 2543 autuva,
857 2475 1027 2530 cuivis
1050 2473 1392 2545 perspicuum
1420 2478 1522 2523 est.
1551 2466 1607 2522 Si
1640 2480 1767 2520 vero
1791 2462 1946 2516 vinea
1974 2465 2043 2515 sit

463 2574 565 2627 sub
620 2568 1037 2640 intelligentiam
1096 2565 1321 2631 cadens,
1384 2561 1520 2616 tales
1576 2558 1799 2614 omnino
1842 2562 2046 2611 suntet

463 2665 695 2735 fructus.

534 2923 643 2996 81
677 2920 842 2977 Vsus.
878 2921 933 2984 5,
974 2918 1028 2974 6.
1078 2914 1236 2970 Nunc
1297 2920 1475 2967 autem
1531 2907 1858 2964 annuntiabo
1904 2905 2047 2959 vobis

465 3020 592 3090 quid
627 3015 821 3087 faciam
846 3014 1011 3066 vineae
1037 3015 1164 3063 nica?
1192 3021 1211 3060 :
1238 3005 1476 3074 auferam
1513 3017 1681 3072 sepem
1708 3000 1840 3068 ejus,
1869 3007 1916 3051 et
1945 2998 2046 3050 erit

467 3109 771 3178 direptioni,
797 3115 844 3161 et
877 3104 1087 3158 diruam
1132 3114 1337 3155 murum
1367 3095 1503 3166 eius,
1547 3107 1594 3149 et
1628 3094 1723 3148 erit
1773 3089 2049 3144 conculca-

2146 1919 2280 1967 κος,
2337 1899 2515 1953 καίτοι
2565 1895 2973 1970 προσδοκῶντος
3025 1892 3159 1964 ἐμοῦ
3223 1895 3455 1960 καρποῖς
3514 1889 3738 1960 ὡραίοις

2147 1992 2402 2065 κομῶντα
2432 1991 2670 2062 βλέπειν.
2717 1987 2853 2042 Ποία
2876 2005 2959 2050 τις
2989 1985 3143 2040 ἔσται
3166 1984 3352 2037 λοιπὸν
3395 1984 3428 2054 ἠ
3464 1982 3614 2052 παρά
3641 1979 3736 2032 τοῦ
3830 1986 3833 1989 ’

2146 2086 2460 2151 δικάζοντος
2497 2084 2709 2154 ψῆφος
2742 2077 2889 2153 *Αρα
2933 2079 3043 2151 γὰρ
3086 2077 3336 2149 ἀτημελῆ
3374 2076 3468 2129 xui
3496 2074 3738 2144 ῥᾴθυμον

2147 2180 2407 2251 ὀνομάσει
2436 2177 2527 2230 τὸν
2554 2176 2813 2246 γηπόνον,
2843 2173 2877 2245 ἢ
2920 2170 3123 2243 μᾶλλον
3161 2169 3401 2232 ἐκείνους
3433 2167 3737 2221 αἰτιάσεται

2146 2272 2273 2334 τοὺς
2301 2273 2358 2323 ὲν
2390 2268 2604 2341 μεθέξει
2641 2264 2933 2336 γεγονότας
2972 2264 3071 2334 τῆς
3100 2265 3231 2334 παρ’
3264 2259 3397 2332 ἐμοῦ
3433 2256 3734 2329 φροντίδος,

2148 2362 2496 2436 ἠμεληκότας
2551 2361 2608 2413 δὲ
2666 2358 2808 2413 οὓτω
2870 2357 2971 2427 τῆς
3028 2356 3235 2411 ἑαυτῶν
3280 2352 3609 2425 εὐκαρπίας,
3663 2348 3739 2411 ὡς

2150 2455 2361 2511 εἰκαίαν
2419 2453 2552 2525 ὓλην
2617 2453 2712 2506 xui
2772 2450 3026 2506 ἀκανθῶν
3089 2448 3247 2518 δχλον
3311 2444 3433 2500 ἀντὶ
3498 2441 3739 2514 βοτρύων

2151 2544 2430 2617 ἐκτεκεῖν;
2471 2548 2595 2601 Ὅτι
2625 2548 2681 2600 δὲ
2716 2547 2776 2600 ού
2812 2545 2941 2615 περὶ
2968 2545 3069 2615 τῆς
3092 2540 3417 2613 αίσθητικῆς
3442 2535 3684 2607 ἀκάνθης
3712 2538 3741 2590 ό

2150 2642 2307 2712 λόγος
2335 2640 2505 2711 αὐτῷ,
2538 2637 2662 2693 οὔτε
2689 2638 2795 2710 μὴν
2822 2636 3061 2710 βοτρύων
3090 2636 3121 2707 ἢ
3149 2632 3445 2703 σταφυλῆς,
3477 2630 3641 2683 παντί
3662 2644 3741 2697 τῳ

2153 2733 2345 2802 σαφές.
2387 2730 2558 2803 Εἴπερ
2599 2731 2717 2784 ἐστὶ
2757 2728 2945 2800 νοητὸς
2990 2728 3019 2780 ὁ
3065 2722 3351 2797 ἀμπελὼν,
3399 2719 3633 2775 τοιοῦτοι
3683 2716 3741 2770 δὲ

2151 2826 2370 2887 πάντως
2398 2825 2495 2877 xui
2516 2825 2565 2875 oi
2593 2822 2818 2892 καρποί.

2222 2917 2353 2971 Νῦν
2377 2915 2443 2969 δὲ
2465 2911 2785 2983 ἀπαγγελῶ
2808 2911 2953 2981 ὑμῖν
2979 2911 3037 2964 τί
3064 2909 3297 2975 ποιήσω
3333 2904 3412 2972 τῷ
3433 2900 3744 2974 ἀμπελῶνί

2148 3025 2290 3081 μου·
2337 3007 2540 3079 ἀμελῶ
2581 3006 2689 3059 τὸν
2730 3002 3002 3075 φραγμὸν
3051 3001 3263 3063 αὑτοῦ,
3315 2998 3413 3053 καὶ
3452 2997 3624 3051 ἔσται
3655 2998 3744 3060 εὶς

2155 3097 2512 3169 διαρπαγήν·
2570 3096 2671 3150 καί
2723 3091 2956 3148 καθελῶ
3001 3091 3109 3145 τὸν
3150 3090 3356 3159 τοῖχον
3398 3085 3603 3150 αὑτοῦ,
3643 3085 3745 3139 καὶ

469 3206 619 3258 tioni.
660 3202 728 3255 Et
756 3201 1021 3255 dimittam
1065 3197 1267 3251 vineam
1298 3209 1489 3255 nteant,
1535 3200 1581 3243 et
1618 3203 1718 3240 non
1756 3184 2048 3254 pulabitur,

2153 3162 2327 3247 ἔσται
2353 3162 2448 3256 είς.
2470 3188 2883 3257 καταπάτημα.
2908 3184 3018 3239 Καὶ
3051 3184 3260 3251 ἀνήσω
3285 3183 3393 3237 τὸν
3418 3177 3746 3251 danaum-ti

470 3311 632 3366 neque
663 3294 897 3365 fodiatur
924 3308 941 3346 :
973 3300 1023 3345 et
1052 3288 1330 3343 ascendent
1360 3287 1418 3338 in
1448 3299 1560 3338 eam
1587 3282 1720 3334 velut
1755 3280 1810 3332 in
1858 3287 2050 3329 terram

2152 3304 2290 3357 μου,
2332 3284 2430 3338 καὶ
2471 3285 2541 3337 οὐ
2591 3282 2677 3352 μὴ
2708 3278 2926 3351 τμηθῇ,
2974 3277 3101 3332 οὐδ’
3142 3278 3213 3331 οὐ
3238 3275 3325 3345 μὴ
3373 3271 3605 3342 σπαρῇ·
3645 3271 3743 3324 καὶ

469 3387 726 3444 incultam
785 3388 971 3455 spina’.
1030 3382 1092 3437 Et
1140 3379 1403 3436 mandabo
1459 3376 1707 3439 nubibus,
1772 3388 1835 3425 ne
1870 3367 2050 3438 pluunt

2153 3378 2563 3445 ἀναϐήσονται
2605 3378 2693 3442 εὶς
2723 3374 2935 3440 αὐτὸν,
2975 3372 3055 3438 ὡς
3083 3372 3171 3436 εἰς
3211 3368 3438 3440 χέρσον
3467 3366 3742 3420 ἄκανθαι.

470 3498 627 3552 super
652 3495 768 3536 eam
799 3479 1037 3533 imbrem.

544 3652 664 3709 Non
695 3663 871 3717 caret,
917 3660 979 3706 ut
1025 3649 1154 3704 mihi
1210 3649 1442 3711 videtur,
1497 3642 1857 3699 admiratione
1900 3639 2057 3694 istius

472 3746 735 3801 orationis
771 3744 982 3801 forma:
1010 3740 1210 3796 etenim
1240 3738 1376 3807 ipsa,
1414 3736 1717 3790 tacentibus
1759 3730 1922 3786 etiam
1972 3728 2057 3783 his

473 3839 566 3911 qui
591 3837 659 3891 ad
686 3834 963 3891 ferendam
998 3833 1326 3887 sententiam
1361 3829 1502 3882 inter
1532 3826 1707 3896 ipsum
1756 3834 1810 3879 et
1842 3823 2054 3876 vineam

476 3929 636 3984 asciti
677 3935 856 3991 erant,
901 3939 1115 3996 pinnam
1156 3923 1356 3978 decidit
1412 3921 1689 3989 deinceps,
1754 3925 1808 3973 et
1859 3916 2057 3985 quibus

474 4024 607 4078 item
639 4022 754 4077 hanc
788 4029 1049 4076 eventura
1089 4025 1237 4080 sunt,
1279 4016 1481 4071 diserte
1527 4010 1871 4082 praenuntiat.
1922 4008 2056 4061 Cum

475 4116 622 4173 enim
654 4112 787 4168 nihil
816 4111 864 4167 ei
902 4110 1116 4164 deesset
1146 4122 1333 4162 eorum
1374 4120 1494 4176 quae
1527 4105 1658 4174 ipsis
1698 4102 1851 4156 utilia
1905 4108 2057 4164 sunt,

476 4223 573 4265 sua
605 4215 798 4278 sponte
836 4203 1039 4259 sterilis
1077 4201 1392 4272 permansit.
1430 4197 1729 4266 Oportebat
1778 4195 1945 4265 igitur
1999 4200 2061 4245 ut

477 4308 568 4377 qui
602 4307 670 4360 ad
707 4312 910 4359 tantam
946 4300 1356 4371 perversitatem
1401 4292 1762 4351 devertissent,
1810 4301 1969 4341 manu
2005 4291 2061 4338 et

482 4415 617 4454 cura
672 4406 727 4453 et
777 4394 980 4450 auxilio
1029 4390 1243 4447 Domini
1290 4389 1343 4443 in
1391 4394 1663 4457 posterum
1691 4382 2059 4451 privarentur.

2154 3470 2264 3525 Καὶ
2294 3469 2423 3534 ταῖς
2450 3468 2732 3536 νεφέλαις
2763 3461 3136 3533 ἐντελοῦμιιι,
3160 3461 3269 3515 τοῦ
3301 3458 3388 3530 μὴ
3410 3456 3627 3527 βρέξαι
3654 3455 3747 3509 ἐπ’

2155 3562 2345 3618 αὐτὸν
2369 3561 2567 3616 ὑετόν.

2229 3657 2344 3710 Ούκ
2370 3653 2742 3724 ἀθαύμαστον,
2773 3648 2906 3718 ῶσγ’
2930 3646 3053 3719 ἐμοὶ
3083 3646 3357 3715 φαίνεται,
3386 3642 3479 3698 τοῦ
3500 3642 3657 3710 λόγου
3686 3641 3749 3693 τὸ

2159 3748 2366 3817 σχῆμαο
2395 3743 2575 3797 Μόνον
2594 3740 2702 3812 γὰρ
2731 3740 2853 3810 οὐχὶ
2879 3738 2975 3792 καὶ
2999 3737 3369 3808 σεσιγηκὸτων
3397 3734 3507 3787 τῶν
3548 3732 3747 3800 κεκλη-

2162 3837 2337 3909 μένων
2360 3838 2443 3899 είς
2464 3835 2523 3889 τὸ
2548 3831 2791 3897 δικάσαι,
2824 3828 2973 3899 αὐτῷ
2998 3846 3056 3882 τε
3089 3829 3183 3882 καὶ
3210 3827 3287 3899 τῷ
3321 3825 3629 3898 ἀμπελῶνι,
3649 3824 3748 3894 τὴν

2158 3928 2316 3997 δίκην
2368 3927 2553 3990 αὐτοῖς
2602 3923 2776 3993 ὁρίζει
2824 3920 3030 3975 λοιπόν·
3062 3918 3160 3972 xui
3199 3918 3270 3971 τὰ
3317 3918 3377 3970 ἐν
3421 3916 3562 3969 τίσιν
3595 3914 3748 3967 ἔσται

2160 4018 2524 4092 προαγορεύει
2554 4016 2762 4085 σαφῶς.
2809 4011 3214 4073 Ἐλλελοιπότος
3243 4009 3347 4080 γὰρ
3374 4009 3511 4072 ὅλως
3535 4008 3748 4070 οὐδενὸς

2160 4108 2307 4179 αύτῷ
2335 4106 2445 4160 τῶν
2473 4108 2552 4169 εἰς
2579 4106 2641 4158 τὸ
2662 4101 2719 4159 εὖ
2748 4098 2889 4157 εἶναι
2916 4101 3223 4173 χρησίμων,
3254 4098 3417 4163 αὐτὸς
3449 4097 3508 4165 ἐξ
3542 4096 3749 4159 οἰκείας

2160 4195 2559 4269 κατεχερσοῦτο
2606 4194 2852 4266 γνώμης.
2898 4194 3044 4247 Ἔδει
3089 4191 3154 4263 δὴ
3200 4186 3293 4245 οὖν
3344 4190 3453 4261 ἄρα
3498 4190 3626 4252 τοὺς
3668 4192 3749 4252 εἰς

2161 4290 2320 4344 τοῦτο
2383 4290 2716 4360 φαυλότητος
2750 4285 3113 4357 καθιγμένους
3148 4284 3255 4350 ἔξω
3300 4299 3361 4336 τε
3414 4282 3596 4353 χειρὸς
3653 4283 3750 4336 xui.

2162 4382 2464 4459 φροντίδος,
2502 4382 2597 4435 καὶ
2637 4382 2743 4452 μὴν
2767 4381 2862 4433 xui
2883 4378 3203 4448 ἐπικουρίας
3232 4376 3325 4429 τοῦ
3351 4376 3623 4429 Δεσπότου
3655 4392 3749 4443 γε-

477 4490 666 4557 Proin,
692 4488 887 4557 inquit,
917 4483 1162 4539 auferam
1190 4495 1372 4551 sepem
1415 4478 1619 4549 ipsius,
1655 4485 1710 4530 et
1756 4472 1859 4528 erit
1916 4471 2050 4525 dire-

2164 4476 2350 4530 νέσθαι
2401 4474 2606 4529 λοιπόν.
2660 4471 2869 4526 Οὐκοῦν
2911 4470 3117 4541 ἀφελῶ,
3157 4470 3312 4541 φησὶ,
3361 4469 3452 4522 τὸν
3496 4467 3752 4539 φραγμὸν

476 4585 672 4656 ptioni,
696 4590 752 4637 et
777 4579 1018 4634 auferam
1053 4574 1343 4630 maceriam
1372 4572 1515 4640 ejus,
1549 4581 1601 4625 et
1625 4568 1802 4624 eritin
1840 4562 2060 4619 concul-

478 4679 772 4734 Cationem.
798 4671 968 4727 Vinea
1002 4668 1267 4739 siquidem
1309 4680 1429 4735 qua:
1475 4662 1778 4731 sepimento
1813 4668 1868 4712 et
1903 4671 2060 4712 muro

480 4780 665 4835 caret,
709 4766 914 4838 patebit
957 4765 1179 4819 omnino
1227 4758 1508 4830 quibusvis
1552 4755 1789 4824 diripere
1830 4749 2063 4807 volenti—

481 4863 605 4927 bus,
650 4875 748 4915 ceu
802 4857 1113 4913 convivium
1162 4852 1413 4908 omnibus
1474 4846 1957 4918 expositissimum,
2008 4850 2063 4896 et

480 4969 580 5007 ceu
632 4953 755 5005 trita
801 4951 990 5005 semita
1044 4949 1149 5001 iter
1216 4942 1556 5004 facientibus,
1625 4938 1841 4993 nemine
1887 4936 2064 5005 prohi-

481 5041 660 5094 bente.
714 5038 847 5091 Nam
894 5037 1116 5091 Christo
1166 5050 1266 5089 nos
1316 5033 1689 5097 obmuuieutc,
1748 5038 1801 5083 et
1853 5027 2069 5082 arcanis

482 5131 802 5200 quibusdam
843 5128 1188 5182 adminiculis
1246 5141 1344 5181 ceu
1395 5124 1631 5179 maceria
1693 5130 1902 5175 tantum
1960 5132 2066 5172 non

483 5224 753 5290 cingente,
785 5223 926 5276 obvii
954 5230 1008 5273 ct
1040 5219 1272 5289 expositi
1319 5233 1422 5272 non
1467 5217 1692 5278 erimus,
1752 5228 1926 5280 neque
1972 5210 2068 5265 im-

483 5311 809 5364 muudorum
864 5310 1149 5378 spirituum
1223 5308 1551 5374 incursioni,
1616 5321 1715 5361 nec
1774 5302 2065 5373 direptioni

486 5405 721 5458 ferarum
765 5402 1056 5469 agrestium
1109 5399 1327 5469 objecti,
1390 5414 1488 5453 nec
1550 5399 1706 5452 ludus
1756 5406 1812 5451 et
1859 5395 2067 5451 delicia}

484 5494 755 5562 vulpibus,
791 5493 858 5545 de
884 5493 1157 5562 quibusin
1193 5492 1417 5546 Cantico
1443 5491 1777 5547 canticorum
1804 5488 2064 5557 scriptum

485 5598 571 5641 est
618 5604 633 5639 :
699 5603 717 5635 ι
782 5585 1234 5652 Comprehcudite
1285 5585 1439 5639 nobis
1499 5584 1809 5654 vulpeculas
1868 5598 2067 5653 parvas

486 5676 1043 5756 destruentcsviueas
1096 5676 1162 5730 ⁷³.
1214 5695 1232 5729 ι
1296 5678 1561 5732 Dicuntur
1604 5679 1768 5733 etiam
1821 5680 2062 5737 nonnulli

562 5795 784 5853 "Cant.
823 5810 880 5862 tt,
917 5793 997 5849 15.

2164 4567 2352 4629 αὑτοῦ,
2382 4568 2477 4621 καὶ
2507 4567 2659 4619 ἔσται
2691 4567 2769 4628 είς
2791 4562 3120 4635 διαρπαγὴν,
3158 4563 3249 4614 xui
3272 4559 3487 4614 καθελῶ
3520 4560 3613 4612 τὸν
3637 4562 3749 4612 τοῖ-

2163 4675 2256 4728 χον
2294 4655 2481 4719 αὐτοῦ,
2520 4656 2613 4709 καὶ
2657 4653 2808 4707 ἔσται
2845 4655 2925 4716 εἰς
2965 4651 3354 4723 καταπάτημα.
3393 4649 3654 4721 Φραγμοῦ
3693 4649 3751 4702 δὲ

2164 4750 2259 4802 καὶ
2317 4750 2527 4818 τείχους
2565 4746 2769 4819 ἕρημος
2810 4744 3092 4817 ἀμπελὼν,
3136 4743 3486 4815 προκείσεται
3535 4743 3751 4805 πάντως

2164 4844 2277 4905 τοῖς
2311 4840 2633 4910 διαρπάζειν
2667 4838 2939 4891 ἐθέλουσιν
2987 4836 3135 4908 θοίνη
3178 4853 3263 4899 τις
3300 4836 3623 4906 ἐτοιμοτάτη
3658 4836 3753 4887 xui

2167 4936 2281 4996 τοῖς
2329 4931 2624 4985 διοδεύουσι
2676 4930 2882 4999 τρίϐος,
2925 4928 3261 5001 ἐξείργοντος
3312 4927 3545 4990 οὐδενός.
3586 4927 3753 4997 Περι-

2168 5026 2499 5098 φράττοντος
2536 5024 2635 5095 μὲν
2667 5022 2776 5093 γάρ
2812 5023 2959 5093 ἡμᾶς
2982 5020 3077 5074 τοῦ
3108 5019 3265 5083 Θεοῦ,
3300 5021 3394 5072 xui
3418 5020 3755 5091 ἀπορρήτοις

2166 5119 2306 5171 τισὶν
2346 5116 2689 5187 ἐπικουρίαις
2723 5114 3003 5184 μονονουχὶ
3033 5114 3128 5166 xui
3156 5110 3588 5181 ἀνατειχίζοντος
3608 5149 3622 5172 ,
3652 5109 3755 5161 οὐκ

2165 5210 2403 5280 ἐσόμεθα
2448 5209 2600 5279 βατοὶ
2631 5208 2725 5261 καὶ
2767 5208 2825 5259 ἐν
2856 5204 3009 5271 τάξει
3046 5203 3234 5276 τρίϐου
3270 5206 3385 5267 τοῖς
3422 5202 3756 5272 ἀκαθάρτοις

2174 5303 2497 5375 πνεύμασιν·
2543 5300 2665 5354 οῦτε
2714 5298 2821 5371 μὴν
2869 5299 3077 5370 ἕτοιμοι
3120 5297 3257 5368 πρὸς
3292 5294 3599 5368 διαρπαγὴν
3642 5297 3755 5358 τοῖς

2171 5397 2381 5468 θηρίοις
2410 5395 2503 5448 τοῦ
2533 5391 2725 5464 ἀγροῦ,
2760 5390 2856 5443 xui
2890 5389 3130 5456 ἀλώπεξι
3165 5391 3369 5461 τρυφή.
3394 5389 3531 5460 Περὶ
3558 5381 3631 5440 ὧν
3665 5386 3758 5452 γέ-

2169 5508 2410 5563 γραπται
2436 5487 2528 5542 xui
2548 5489 2606 5540 ἐν
2634 5484 2711 5555 τῷ
2740 5483 2979 5555 ’ᾼσματι
3008 5482 3114 5537 τῶν
3143 5482 3425 5553 ᾀσμάτων·
3460 5500 3479 5533 ι
3510 5480 3755 5534 Πιάσατε

2169 5588 2300 5658 ἡμῖν
2354 5582 2644 5643 ἀλώπεκας
2701 5576 2932 5647 μικροὺς
2978 5576 3338 5647 ἀφανίζοντας
3384 5574 3683 5646 ἀμπέλους.
3732 5591 3754 5623 ι

2170 5681 2432 5749 Λέγονται
2470 5675 2528 5729 δὲ
2564 5673 2655 5729 xui
2696 5671 2911 5743 μερίδες
2954 5668 3259 5726 ἀλωπέκων
3303 5668 3556 5739 γενέσθαι
3584 5665 3752 5731 τινες.
