4094 6366
370 410 464 479 ut

1502 411 1569 468 IN
1611 394 1849 468 ISAIAM
1885 394 2016 465 Lm.
2058 406 2098 463 ι.
2141 402 2349 463 οιιΑτ.
2397 392 2482 462 ut.

3532 402 3631 465 li!

371 514 642 600 ἦΛνιέντος
692 538 748 588 τε
803 532 913 597 τοῖς
960 524 1166 588 ἀδικεῖν
1207 529 1502 595 ἐθέλουσιν,
1543 529 1639 582 καὶ
1671 525 1951 598 φροντίδος

2065 523 2232 590 portio
2261 521 2494 591 vulpium
2531 522 2669 576 ﬁeri.
2705 523 2775 575 At
2810 521 2854 573 si
2882 513 3024 575 Deus
3051 514 3150 576 nos
3175 518 3426 590 injuriam
3454 523 3635 583 facete

363 635 464 701 τῆς
482 627 689 683 ἄνωθεν
713 623 1193 698 άπαμφιεννῦντος
1221 621 1379 686 Θεοῦ,
1410 622 1612 684 παντὸς
1645 621 1723 685 είς
1755 622 1952 689 πεῖραν

361 720 564 792 ἥξομεν
588 716 785 772 κακοῦ’
810 719 905 772 καὶ
933 718 1041 781 πᾶς
1062 714 1311 769 ὁστισοῦν
1333 714 1661 786 ὲντρυφήσει
1687 714 1800 775 τοῖς
1829 711 1951 765 καθ’

362 814 544 884 ἡμῶν.
573 810 679 864 κᾶν
717 811 767 863 εἰ
803 809 994 880 νοητός
1023 825 1107 872 τις
1140 808 1226 878 εἴη
1246 807 1480 879 λῃστὴςο
1512 806 1616 859 κᾶν
1702 807 1730 858 6
1755 806 1813 856 ὲν
1841 806 1954 866 τοῖς

365 904 555 977 μέλεσι
593 901 796 975 σαρκὸς
834 900 1129 972 ἀγριαίνων
1153 900 1337 969 νόμος⁹
1366 898 1463 951 καὶ
1496 896 1641 951 ἅπαν
1673 896 1831 966 ἡμῶν
1856 896 1953 964 τῆς

363 996 603 1060 διανοίας
623 996 686 1049 τὺ
712 994 919 1065 κίνημα
952 993 1350 1064 καρποφορήσῃ
1372 990 1449 1062 τῷ
1474 991 1709 1061 Σατανᾷ.
1743 990 1955 1043 Οὐκοῦν

361 1089 487 1160 δίχα
521 1105 581 1141 τε
613 1085 891 1161 φραγμοῦ,
917 1084 1013 1137 τοῦ
1045 1082 1151 1155 μὴν
1184 1075 1487 1154 ἀτείχιστος
1524 1081 1809 1153 ἀμπελὼν,
1842 1084 1956 1146 τοῖς

367 1180 645 1233 ἐθέλουσιν
704 1176 1030 1249 ἀνεθήσεται
1082 1174 1219 1246 πρὸς
1267 1170 1599 1245 διαρπαγήν.
1641 1172 1751 1228 Καὶ
1787 1175 1847 1226 οὐ
1880 1174 1955 1245 μὴ

366 1272 573 1343 τμηθῇ,
602 1271 712 1326 οὐδ’
741 1270 802 1324 οὐ
829 1269 904 1340 μὴ
938 1268 1143 1337 σκαφῇ,
1173 1265 1319 1320 τοῦτ’
1347 1264 1517 1332 ἔστιν,
1546 1264 1803 1337 οὐδεμιᾶς
1838 1269 1957 1319 ἐπι-

367 1363 615 1429 τεύξεται
642 1358 944 1434 φροντίδος,
974 1357 1310 1432 ἐπανορθοῦν
1345 1357 1652 1431 δυναμένης
1691 1360 1783 1413 καὶ
1820 1360 1955 1413 ἀναὲ

368 1459 615 1527 κομίζειν
639 1455 734 1509 ἐπὶ
765 1454 826 1507 τὸ
849 1455 1091 1525 ἄμεινον,
1113 1453 1208 1507 καὶ
1235 1451 1332 1523 τῆς
1355 1450 1497 1505 οὕτω
1520 1450 1700 1521 δεινῆς
1731 1452 1955 1524 χερσίας

368 1547 740 1600 ἀπαλλάττειν
788 1544 973 1599 αὐτόν.
1027 1543 1380 1614 Ἐντελοῦμαι
1431 1542 1543 1614 γὰρ
1588 1543 1651 1613 δὴ
1696 1546 1790 1597 καὶ
1836 1547 1957 1609 ταῖς

370 1640 587 1709 νοηταῖς
622 1638 899 1709 νεφέλαις,
927 1635 1071 1691 τοῦτ’
1099 1636 1234 1704 ἐστι,
1269 1638 1383 1700 τοῖς
1413 1636 1589 1705 ἁγίοις
1629 1637 1956 1708 προφήταις,

369 1729 538 1802 ἤγουν
571 1731 832 1800 δυνάμεσι
870 1732 991 1793 ταῖς
1028 1728 1371 1798 άγγελικαῖς,
1407 1727 1502 1783 τοῦ
1542 1727 1617 1800 μὴ
1647 1728 1836 1800 βρέξαι
1878 1732 1961 1793 εἰς

373 1820 537 1875 αὐτὸν
567 1820 740 1873 ὑετόνδ
768 1818 929 1889 δῆλον
952 1818 1009 1872 δὲ
1031 1819 1113 1872 ὅτι
1136 1819 1228 1872 τὸν
1248 1817 1458 1889 νοητὸν,
1488 1818 1579 1873 τὸν
1603 1817 1679 1882 ὡς
1704 1820 1762 1871 ὲν
1782 1835 1961 1889 παρα-

373 1912 567 1982 κλήσει
620 1914 687 1984 τῇ
724 1913 804 1974 είς
842 1910 967 1964 νοῦν
994 1912 1088 1964 καὶ
1124 1911 1373 1983 καρδίαν,
1405 1908 1500 1965 καὶ
1536 1910 1678 1982 λόγῳ
1723 1906 1800 1983 τῷ
1829 1910 1959 1982 θείῳ

374 2003 771 2075 πραττόμενον.
805 2001 952 2074 Πλὴν
980 2000 1230 2056 ἐντεῦθεν
1265 2001 1383 2056 ἔστι
1414 2002 1651 2073 μάλιστα
1693 2003 1842 2069 ἰδεῖν,
1875 2003 1959 2056 ὅτι

371 2098 488 2164 τοῖς
540 2098 677 2160 υἱοῖς
733 2094 953 2167 Ἰσραὴλ
991 2094 1051 2149 οὐ
1102 2094 1208 2167 πρό
1248 2111 1313 2163 γε
1355 2094 1464 2149 τῶν
1509 2097 1609 2167 τῆς
1665 2095 1961 2159 ἐπιδημίας

372 2187 586 2259 καιρῶν
640 2186 711 2241 τὰ
745 2186 923 2241 τοιάδε
954 2186 1331 2259 συμϐήσεσθαί
1358 2191 1525 2259 φησιν
1564 2190 1594 2242 ό
1628 2188 1961 2260 προφητικὸς

371 2280 507 2350 ἡμῖν
537 2278 718 2349 λόγος,
748 2277 864 2332 ἀλλ’
884 2278 973 2332 ὅτε
997 2278 1463 2350 πεπαρῳνήκασιν
1488 2280 1569 2342 είς
1596 2278 1852 2349 Χριστόν.
1884 2273 1959 2332 Οὐ

374 2373 483 2442 γὰρ
508 2370 676 2436 ἐστιν,
698 2371 801 2425 οὐκ
825 2369 971 2424 ἔστιν
994 2370 1192 2435 εἰπεῖν,
1210 2370 1378 2441 ἤγουν
1408 2368 1719 2435 καταδεῖξαι
1746 2370 1958 2441 καιρὸν,

373 2463 498 2516 καθ’
547 2463 608 2516 ὃν
652 2462 1075 2518 κατατετέλεκεν
1119 2464 1148 2516 6
1189 2462 1403 2534 Ἰσραὴλ
1447 2462 1745 2534 προφητῶν
1791 2463 1962 2531 ἁγίων

372 2553 520 2625 δίχα.
549 2554 808 2623 Γεγόνασι
860 2555 958 2626 μὲν
993 2554 1103 2627 γάρ
1151 2554 1489 2626 αἰχμάλωτοι
1532 2555 1675 2609 κατὰ
1712 2558 1958 2626 καιροὺς,

375 2646 473 2699 καὶ
504 2646 586 2711 εἰς
613 2646 711 2718 τὴν
746 2646 973 2718 Περσῶν
1004 2647 1099 2699 καὶ
1126 2646 1328 2717 Μήδων
1357 2645 1641 2716 άπῴχοντο
1660 2646 1842 2717 χώραν
1865 2654 1963 2715 γυέ

376 2736 552 2802 ναιξὶν
588 2738 724 2808 ὁμοῦ
757 2738 853 2791 καὶ
878 2736 1177 2807 φιλτάτοις.
1210 2737 1356 2809 Πλὴν
1398 2738 1461 2791 οὐ
1503 2737 1628 2807 δίχα
1665 2737 1964 2810 προφητῶν

373 2830 548 2898 ἁγίων
581 2829 893 2900 κατέϐησαν
925 2830 1005 2892 είς
1026 2830 1322 2898 Αἴγυπτον,
1354 2830 1641 2903 ᾑρηκότων
1669 2832 1808 2885 κατά
1839 2847 1963 2885 και-

379 2919 509 2989 ροὺς
553 2920 653 2990 τὴν
696 2918 982 2989 διαϐόητον
1023 2918 1382 2990 Ἰερουσαλὴμ
1422 2919 1530 2973 τῶν
1584 2918 1961 2983 Βαϐυλωνίων,

374 3008 516 3063 ἀλλὰ
547 3010 712 3081 συνῆν
732 3010 919 3073 αὐτοῖς
943 3012 971 3063 6
998 3011 1286 3082 προφήτης
1326 3010 1599 3081 Ἱερεμίας
1617 3049 1633 3074 ,
1677 3012 1789 3073 τοῖς
1818 3011 1963 3064 ἄνω-

373 3103 470 3157 θεν
500 3105 595 3158 καὶ
625 3103 776 3175 παρὰ
798 3104 939 3158 Θεοῦ
974 3105 1391 3176 διακονούμενος
1416 3105 1613 3174 λόγοις.
1657 3103 1879 3177 Ἐπειδὴ
1906 3104 1965 3158 δὲ

373 3198 848 3268 πεπαρῳνήκασιν
873 3200 953 3262 εἰς
983 3199 1237 3269 Χριστὸν,
1268 3198 1466 3271 ἔρημοι
1496 3197 1754 3269 φραγμοῦ
1785 3198 1965 3251 διατε-
1990 3232 2038 3297 c

371 3288 651 3354 τελέκασι,
677 3291 773 3344 καὶ
796 3292 948 3345 πᾶσα
975 3292 1155 3345 αὐτῶν
1170 3291 1440 3362 ἀσφάλεια
1462 3292 1771 3346 πέπτωκεν.
1795 3289 1966 3344 Τοῦτο

372 3382 507 3454 τὰρ,
534 3378 707 3454 οἶμαι,
726 3384 843 3437 ἐστὶ
867 3383 929 3437 τὸ
948 3384 1327 3455 καθαιρεῖσθαι
1349 3384 1524 3454 λέγειν
1544 3384 1637 3437 τὸν
1660 3386 1839 3455 τοῖχον
1865 3383 1965 3436 αὺ-

370 3472 496 3527 τοῦ.
524 3474 810 3527 Πέπαυται
845 3474 903 3527 δὲ
942 3476 1037 3528 καὶ
1074 3476 1220 3540 ἄπας
1264 3475 1562 3547 προφητῶν
1604 3475 1776 3543 ἁγίων
1808 3478 1836 3528 6
1875 3476 1964 3528 ἐπ’

373 3565 564 3629 αὐτοῖς
598 3565 776 3634 λόγος,
803 3564 899 3619 καὶ
937 3565 1096 3619 ὑετοῦ
1132 3567 1290 3639 δίκην
1320 3565 1573 3637 ἀνασχὼν
1598 3567 1799 3637 τρόπον
1819 3566 1960 3620 τινά·

374 3658 473 3711 καὶ
511 3656 914 3713 διαλελοίπασιν
963 3661 1017 3714 αἱ
1051 3659 1159 3713 τῶν
1210 3660 1381 3729 ἁγίων
1418 3655 1613 3728 φωναί·
1652 3660 1746 3714 καὶ
1783 3659 1962 3724 τοῦτο,

372 3746 555 3820 οἶμαι,
587 3751 706 3805 ἐστὶ
733 3752 793 3805 τὸ
822 3752 888 3805 δι’
919 3752 1037 3817 ἐνὸς
1077 3753 1260 3816 αὐτοῖς
1300 3753 1589 3824 εἰρημένον
1620 3752 1772 3823 παρὰ
1804 3752 1961 3806 Θεοῦ*

379 3858 400 3890 ι
424 3839 560 3893 Ἰδοὺ
592 3842 799 3914 ἡμέραι
829 3842 1098 3914 ἔρχονται,
1129 3842 1278 3911 λέγει
1310 3841 1534 3913 Κύριος,
1562 3842 1658 3895 καὶ
1681 3842 1867 3907 ἐπάξω
1892 3842 1965 3895 λι-

376 3928 481 4000 μὸν
507 3930 601 3983 ἐπὶ
626 3931 727 4001 τὴν
756 3932 880 4003 γῆν,
907 3932 969 3984 οὐ
999 3931 1156 4002 λιμὸν
1187 3930 1378 4002 άρτου,
1412 3931 1534 3985 οὐδὲ
1564 3930 1721 4001 δίψαν
1751 3930 1963 3995 ὓδατος·

374 4021 519 4075 ἀλλὰ
540 4023 698 4092 λιμὸν
716 4022 811 4076 τοῦ
841 4024 1070 4079 ἀκοῦσαι
1103 4022 1260 4093 λόγον
1286 4023 1515 4094 Κυρίου.
1540 4024 1652 4078 Καὶ
1677 4023 1784 4076 ἀπὸ
1812 4026 1968 4077 Ἀνα-

373 4113 552 4167 τολῶν
587 4114 695 4179 ’έως
733 4116 829 4169 καὶ
883 4115 1115 4186 Δυσμῶν
1158 4114 1625 4189 περιδραμοῦνται
1675 4114 1965 4187 ζητοῦντες

372 4207 471 4259 τὸν
509 4207 669 4275 λόγον
712 4208 941 4279 Κυρίου,
987 4209 1084 4263 καὶ
1118 4210 1177 4263 οὐ
1215 4209 1293 4281 μὴ
1324 4207 1548 4281 εῦρωσι.
1586 4226 1606 4261 ι
1656 4209 1767 4262 Καὶ
1810 4206 1967 4260 ταυτὶ

375 4298 504 4368 μὲν,
533 4297 610 4362 ὼς
642 4298 799 4368 ἔφην,
822 4301 932 4363 τοῖς
966 4299 1025 4365 ἐξ
1061 4299 1273 4372 Ἰσραὴλ
1303 4299 1673 4372 συμϐέϐηκεν,
1701 4299 1793 4353 καὶ
1820 4298 1967 4369 μάλα

374 4389 625 4452 εἰκότως.
669 4389 1015 4444 ’Ᾱπεὼσαντο
1062 4391 1173 4462 γὰρ
1219 4392 1374 4445 αὐτοὶ
1415 4392 1509 4445 τὸν
1545 4392 1654 4445 τῶν
1684 4391 1968 4461 δυνάμεων

376 4481 607 4553 Κύριον,
637 4480 729 4534 τὸν
765 4481 1102 4551 κατάρδοντα
1132 4483 1338 4553 νοητῶς
1372 4483 1551 4553 ψυχὰς
1585 4484 1679 4536 καὶ
1714 4482 1962 4554 καρδίας,

2057 615 2355 671 volentibus
2387 614 2671 685 relinquat,
2710 623 2763 668 et
2787 629 2916 669 cura
2955 626 3189 685 superna
3231 615 3399 671 nudet
3444 628 3500 672 et
3541 620 3635 673 de.

2055 709 2245 763 stituat
2266 746 2282 771 ,
2312 708 2363 763 in
2393 707 2637 762 omnium
2667 706 2932 762 malorum
2977 707 3271 763 discrimen
3302 710 3584 766 veniemus
3617 730 3632 766 :

2055 810 2110 855 et
2129 801 2308 870 quivis
2338 814 2437 855 nos
2463 814 2528 854 ac
2568 799 2708 853 bona
2742 808 2923 854 nostra
2960 797 3121 855 facile
3146 800 3386 864 invadet,
3422 802 3536 858 sive
3562 805 3636 858 sit

2056 892 2194 948 latro
2226 892 2492 964 quispiam
2518 891 2891 964 intelligibilis,
2932 894 3046 948 sive
3072 894 3123 947 in
3161 893 3420 948 membris
3455 897 3635 951 carnis

2055 999 2308 1056 grassans
2356 985 2465 1053 lex,
2501 984 2617 1041 sive
2653 984 2906 1054 qualibet
2941 984 3164 1056 agitatio
3201 996 3490 1057 motusque
3515 988 3634 1041 ani-

2058 1093 2267 1134 morum
2293 1087 2604 1134 nostrorum
2641 1077 2734 1147 qui
2781 1077 2999 1132 Satanae
3034 1076 3400 1132 fructiﬁcahit.
3452 1078 3636 1148 Itaque

2057 1171 2191 1226 citra
2215 1175 2571 1240 s'eplmentum
2596 1180 2650 1224 et
2677 1169 2813 1225 eitra
2839 1182 3051 1223 murum
3083 1170 3238 1223 vinea
3262 1169 3432 1224 cuivis
3466 1171 3633 1225 relin-

2058 1266 2252 1333 quetur
2292 1263 2359 1317 ad
2405 1260 2878 1333 depraedationem.
2952 1262 3020 1316 Et
3071 1278 3176 1317 non
3218 1263 3533 1333 purabitur,
3579 1272 3638 1317 et

2059 1368 2164 1409 non
2196 1353 2449 1420 fodietur,
2477 1354 2529 1409 id
2559 1360 2665 1417 est,
2699 1353 2839 1407 nulla
2878 1354 2928 1408 ei
2960 1366 3091 1408 cura
3125 1355 3485 1425 impendetur,
3513 1369 3634 1425 quae

2057 1458 2177 1499 eam
2201 1444 2370 1514 possit
2400 1445 2695 1513 corrigere,
2735 1454 2792 1499 et
2821 1444 2874 1499 in
2902 1444 3096 1501 melius
3124 1449 3403 1511 reducere,
3458 1455 3514 1502 et
3564 1446 3634 1501 ab

2060 1536 2161 1592 hac
2183 1544 2291 1590 tam
2321 1537 2471 1607 gravi
2514 1536 2798 1592 sterilitate
2840 1537 3095 1594 liberare.
3138 1537 3401 1594 Mandaho
3451 1539 3631 1596 autem

2060 1626 2317 1693 nubibus,
2350 1628 2452 1682 sub
2491 1627 2900 1697 intelligentiam
2933 1628 3274 1695 cadentibus,
3301 1629 3353 1683 id
3376 1639 3481 1697 est,
3507 1638 3633 1686 san-

2058 1720 2163 1775 ctis
2184 1721 2484 1791 prophetis,
2518 1720 2601 1775 vel
2644 1721 3001 1789 potestatibus
3032 1722 3312 1793 angelicis,
3357 1737 3427 1778 ne
3473 1732 3635 1792 super

2065 1812 2232 1882 ipsam
2262 1812 2487 1866 imbrem
2523 1812 2799 1883 depluant,
2832 1811 2943 1883 82
2968 1813 3179 1869 scilicet
3222 1813 3632 1884 intelligibitem,

2061 1910 2121 1956 ut
2160 1901 2250 1970 qui
2299 1901 2677 1957 exhortatione
2734 1904 3003 1972 verboque
3049 1903 3229 1959 divino
3256 1904 3307 1959 in
3353 1914 3532 1959 mente
3581 1915 3635 1959 et

2059 1994 2223 2049 corde
2266 1995 2563 2065 peragitur.
2614 1993 2813 2051 Verum
2876 1995 3005 2052 hinc
3052 1996 3286 2052 maxime
3327 1998 3635 2068 perSpicere

2060 2087 2206 2154 licet,
2237 2094 2543 2143 SermOnem
2574 2087 2947 2158 propheticum
2991 2088 3191 2158 dicere,
3227 2105 3337 2145 non
3382 2093 3507 2145 ante
3538 2092 3634 2144 ad:

2060 2189 2251 2235 ventus
2276 2189 2512 2250 tempora
2555 2179 2680 2237 [iliis
2703 2180 2869 2237 lsrael
2892 2191 3152 2237 eventura
3192 2182 3331 2249 haec,
3374 2184 3468 2239 sed
3511 2190 3634 2239 cum

2062 2272 2116 2326 in
2149 2271 2420 2327 Christqu
2458 2272 2708 2328 bacchati
2744 2272 2965 2328 fuerint.
3003 2272 3120 2329 Non
3155 2275 3301 2329 enim
3344 2276 3633 2330 memorari

2061 2364 2145 2421 vel
2169 2348 2524 2422 demonstrari
2568 2378 2781 2438 tempus
2812 2370 3028 2439 poterit,
3070 2385 3178 2439 quo
3221 2369 3387 2426 lsrael
3432 2372 3637 2426 sanctis

2062 2460 2338 2529 prophetis
2395 2460 2682 2515 destitutus
2717 2461 2997 2515 manserit.
3054 2461 3187 2517 Nam
3250 2463 3377 2519 olim
3437 2466 3675 2534 captivi'

2063 2548 2297 2615 luerunt,
2335 2560 2385 2605 et
2413 2551 2466 2605 in
2494 2550 2779 2606 Persarum
2805 2566 2870 2607 ac
2900 2551 3174 2608 Medorum
3211 2555 3485 2625 regionem
3513 2558 3634 2614 ,ιιὶί-

2062 2652 2289 2711 grarunt
2312 2659 2415 2696 una
2444 2658 2565 2697 cum
2612 2644 2870 2699 uxoribus
2916 2653 2971 2699 et
3022 2645 3383 2701 charissnnis.
3440 2638 3636 2712 Verum

2061 2738 2180 2791 sine
2203 2735 2479 2807 prophetis
2508 2736 2713 2792 sanctis
2750 2736 2802 2791 in
2837 2734 3130 2808 Egyptum
3186 2753 3290 2792 non
3342 2738 3639 2795 descende.

2065 2837 2189 2910 runt
2250 2845 2266 2882 :
2333 2841 2454 2882 cum
2517 2826 2796 2898 Babylonii
2861 2828 3275 2883 celeberrimam
3331 2827 3636 2884 Jerusalem

2064 2917 2411 2982 evertissent,
2456 2919 2647 2975 aderat
2689 2928 2868 2974 tamen
2898 2935 3022 2974 cum
3061 2919 3165 2974 illis
3189 2920 3449 2991 propheta
3496 2920 3644 2976 ιει-ει

2064 3010 2239 3075 mias,
2284 3010 2535 3081 supernis
2586 3021 2641 3066 et
2684 3010 2883 3067 divinis
2925 3011 3265 3067 sermonibus
3318 3012 3639 3068 instructus.

2064 3102 2197 3158 Cum
2233 3117 2360 3157 vero
2396 3103 2449 3157 in
2483 3101 2761 3158 Christum
2819 3102 3210 3174 blasphemiam
3253 3107 3640 3169 evomuissent,

2067 3195 2368 3265 sepimento
2400 3208 2499 3249 suo
2522 3210 2747 3265 prorsus
2782 3200 3100 3263 caruerunt,
3142 3205 3198 3251 et
3232 3198 3410 3253 omnis
3453 3214 3641 3253 eorum

2066 3286 2334 3342 Securitas
2367 3287 2622 3342 concidit.
2663 3286 2777 3343 Hoc
2816 3289 2987 3353 enim,
3036 3288 3293 3352 arbitror,
3352 3304 3644 3358 possumus

2067 3379 2267 3445 dicere,
2309 3380 2598 3435 maceriam
2645 3394 2831 3435 eorum
2873 3381 3167 3435 Sublatam.
3212 3381 3459 3437 CeSSavit
3516 3398 3645 3437 vero

2066 3473 2243 3526 omnis
2295 3472 2461 3527 etiam
2518 3471 2659 3526 inter
2708 3471 2829 3527 illos
2878 3478 3192 3527 sanctorum
3255 3473 3641 3542 pmphetarnm

2066 3565 2260 3629 oratio,
2296 3573 2352 3618 et
2376 3563 2546 3619 instar
2577 3563 2772 3633 pluviae
2823 3563 3049 3618 inhibita
3097 3573 3180 3618 est
3219 3564 3641 3633 quodammodo,

2066 3663 2118 3708 et
2142 3656 2418 3710 desierunt
2444 3669 2605 3710 voces
2623 3663 2955 3709 sanctorum.
2979 3654 3153 3725 Atque
3180 3655 3282 3710 hoc
3299 3664 3404 3720 est,
3427 3657 3646 3725 opinor,

2066 3748 2209 3815 quod
2237 3746 2339 3803 illis
2373 3762 2469 3816 per
2500 3748 2787 3817 quemdam
2815 3762 2844 3800 a
2891 3746 3000 3802 Deo
3026 3748 3227 3802 dictum
3264 3755 3346 3803 est
3376 3766 3390 3803 :
3430 3767 3450 3800 ι
3506 3748 3647 3805 Ecce

2067 3839 2185 3893 dies
2228 3839 2472 3904 Veniunt,
2507 3840 2639 3894 dicit
2697 3839 2979 3903 Dominus,
3039 3840 3287 3895 inducam
3344 3841 3539 3896 famem
3590 3844 3643 3896 in

2070 3940 2290 3997 terram,
2328 3932 2433 3987 non
2480 3932 2676 3987 famem
2722 3933 2899 4003 panis,
2963 3947 3063 3988 nec
3115 3932 3260 3988 sitim
3319 3947 3497 4001 aquae,
3550 3937 3645 3989 sed

2070 4023 2264 4082 famem
2307 4025 2561 4081 audiendi
2597 4026 2823 4081 verbum
2874 4026 3113 4082 Domini.
3169 4027 3252 4080 Ab
3301 4024 3523 4081 Oriente
3578 4031 3645 4081 ait

2067 4101 2414 4172 Occidentem
2434 4116 2728 4172 cursabunt
2749 4120 3053 4187 quaerentes
3070 4132 3374 4174 sermonem
3408 4120 3644 4185 Domini,

2068 4218 2253 4263 etnon
2301 4208 2580 4263 invenient
2614 4208 2679 4261 τί.
2727 4230 2745 4263 ι
2803 4211 3162 4280 Contigerant
3210 4227 3343 4267 sane
3384 4210 3646 4267 Israelitis

2069 4302 2204 4369 haec,
2235 4312 2293 4357 ut
2320 4302 2586 4368 dicebam,
2620 4322 2724 4359 non
2758 4305 3044 4361 immerito.
3070 4303 3400 4376 Repnlerunt
3441 4307 3642 4362 etenim

2071 4398 2444 4451 universorum
2481 4396 2789 4459 Dominum,
2813 4398 2905 4467 qui
2938 4397 3147 4452 animas
3173 4409 3229 4453 et
3268 4400 3431 4453 corda
3486 4399 3646 4466 spiri-

2072 4488 2251 4544 taliter
2275 4489 2486 4559 irrigat,
2509 4499 2564 4543 et
2588 4505 2710 4545 rore
2728 4490 2994 4559 spirituali
3028 4489 3387 4559 pinguefacit;
3414 4506 3644 4559 quorum

374 4575 476 4627 καὶ
528 4572 956 4627 καταπιαίνοντα
1000 4573 1211 4646 δρόσοις
1247 4576 1368 4638 ταῖς
1420 4577 1840 4644 πνευματικαῖςο
1889 4568 1963 4627 ὧν

2068 4578 2233 4632 etiam
2285 4584 2474 4635 beatus
2519 4580 2683 4634 David
2732 4580 3057 4634 mentionem
3096 4580 3255 4646 fecit,
3297 4598 3418 4636 cum
3467 4584 3593 4636 dicit
3629 4603 3643 4637 τ

376 4668 476 4719 καὶ
511 4667 540 4719 6
568 4666 837 4738 μακάριος
863 4666 1027 4720 Δαῦὶδ
1062 4666 1392 4738 διεμέμνητο
1418 4664 1615 4735 λέγων·
1651 4684 1671 4717 ι
1725 4667 1812 4729 Ὠς
1842 4666 1966 4737 δρόδ

379 4776 475 4823 σος
520 4758 737 4828 Ἐρμὼν
766 4758 1170 4813 καταϐαίνουσα
1203 4759 1294 4811 ἐπὶ
1318 4759 1386 4812 τὰ
1412 4758 1514 4830 ὅρη
1541 4758 1701 4811 Σιών.
1738 4777 1758 4810 ι
1804 4759 1968 4829 Ἐγή-

378 4868 576 4922 γερται
602 4851 660 4905 δὲ
687 4848 950 4921 ἁμπελὼν
976 4850 1090 4903 ἀντ’
1119 4851 1328 4903 ἐκείνου
1370 4850 1508 4913 νέος,
1544 4852 1572 4903 6
1602 4850 1712 4903 τῶν
1745 4850 1834 4903 διὰ
1872 4851 1964 4903 πίε-

380 4958 553 5005 στεως
602 4940 960 5011 κεκλημένων
1005 4942 1085 5004 εἰς
1127 4942 1416 5013 ἁγιασμόν.
1449 4943 1558 4996 Καὶ
1605 4944 1732 5013 περὶ
1788 4942 1968 4995 αὐτῶν

379 5051 548 5104 φησιν
576 5034 605 5086 ὁ
637 5033 891 5103 Νυμφίος
925 5032 954 5085 6
996 5033 1054 5100 ἐξ
1096 5034 1352 5105 οὐρανοῦ,
1388 5033 1532 5087 τοῦτ’
1556 5034 1673 5088 ἔστι
1709 5035 1964 5106 Χριστός

379 5128 448 5179 Ai
490 5124 727 5195 ἄμπελοι
765 5125 1145 5198 κυπρίζουσιν,
1185 5126 1392 5180 ἔδωκαν
1417 5127 1614 5197 ὀσμήν.
1656 5129 1764 5180 Καὶ
1804 5128 1967 5191 αὐτὸς

383 5217 485 5287 μέν
515 5218 633 5271 ἐστι
656 5219 691 5290 ἡ
722 5217 915 5291 πρώτη
936 5233 995 5271 τε
1022 5219 1118 5273 καὶ
1144 5220 1409 5289 παναγία,
1440 5221 1535 5272 καὶ
1564 5219 1770 5292 ἀληθὴς
1796 5220 1967 5293 ἄμπε-

378 5307 493 5372 λος.
527 5308 923 5381 Ἀπηρτήμεθα
960 5310 1018 5363 δὲ
1060 5310 1226 5364 αὐτοῦ
1267 5312 1427 5382 ἡμεῖς
1460 5312 1755 5382 κλημάτων
1789 5312 1970 5382 δίκην,

378 5399 478 5471 τῆς
514 5402 645 5473 παρ’
677 5402 842 5457 αὑτοῦ
879 5402 1144 5468 ζωοποιοῦ
1183 5404 1438 5474 πιότητος
1470 5404 1971 5475 ἀναπιμπλάμενοι.

381 5492 491 5545 Καὶ
526 5494 658 5562 γοῦν
701 5495 944 5565 ἔφασκεν
978 5497 1244 5568 ἐναργῶςο
1282 5515 1301 5549 ι
1332 5495 1475 5565 Ἐγὼ
1511 5498 1627 5567 εἰμι
1664 5498 1696 5566 ἡ
1732 5495 1976 5566 ἄμπελος

382 5583 610 5656 ἀληθὴς,
642 5588 739 5642 καὶ
775 5590 803 5640 6
835 5589 1026 5659 Πατήρ
1061 5606 1165 5658 μου
1202 5590 1445 5661 γεωργός
1474 5592 1610 5643 ἐστι’
1644 5591 1752 5643 πᾶν
1789 5590 1974 5660 κλῆμα

382 5673 444 5727 ἓν
471 5678 596 5748 ἐμοὶ
628 5680 703 5751 μὴ
732 5680 896 5752 φέρον
919 5683 1131 5754 καρπὸν
1163 5682 1309 5753 αἴρει
1337 5683 1490 5747 αὐτό,
1516 5682 1609 5735 καὶ
1641 5683 1748 5735 πᾶν
1787 5683 1845 5734 τὸ
1874 5679 1972 5751 φέ-

2080 4688 2098 4719 ι
2115 4668 2267 4725 Velut
2292 4687 2378 4725 ros
2392 4668 2628 4726 llermon
2645 4671 2980 4726 descendens
2996 4686 3156 4741 super
3172 4683 3378 4728 montes
3396 4674 3524 4728 Sion
3538 4676 3603 4725 τ’.
3621 4696 3639 4725 ›

2074 4762 2393 4818 Exsurrexit
2422 4776 2601 4819 autem
2635 4766 2749 4817 loco
2778 4764 2919 4819 illius
2957 4765 3105 4817 vinea
3134 4782 3301 4831 nova,
3343 4782 3527 4821 eorum
3553 4769 3643 4835 qui

2076 4855 2248 4908 vocati
2277 4865 2403 4908 sunt
2434 4870 2528 4924 per
2577 4855 2733 4910 [idem
2776 4856 2842 4908 att
2891 4856 3397 4912 sanctiliczttionem.
3454 4861 3530 4911 Ac
3580 4860 3646 4911 (IP.

2074 4947 2181 5003 illis
2225 4947 2398 5017 inquit
2430 4947 2671 5017 Sponsus
2703 4945 2969 5011 ccclesiis,
2998 4948 3047 5001 ἰιΙ
3081 4957 3164 5003 est
3188 4947 3458 5015 Christus,
3488 4949 3643 5004 Vites

2073 5038 2401 5108 germinant,
2444 5038 2711 5092 dederunt
2757 5037 3085 5092 odorem.Et
3123 5038 3211 5092 ille
3252 5051 3335 5094 est
3378 5042 3549 5109 prima
3594 5052 3649 5095 et

2073 5131 2414 5186 sanctissima
2445 5142 2499 5185 et
2522 5146 2648 5187 vera
2674 5132 2799 5187 vitis
2832 5148 2898 5186 :a
2934 5147 3038 5203 qua
3066 5149 3163 5189 nos
3210 5138 3508 5203 pendemus
3548 5154 3649 5191 ceu

2076 5224 2345 5291 palmites,
2383 5224 2596 5279 viviﬁca
2626 5226 2952 5295 pinguedine
2986 5227 3055 5282 ab
3090 5225 3180 5281 illo
3214 5226 3425 5297 repleti.
3469 5227 3649 5297 Simu-

2076 5317 2197 5369 dem
2229 5315 2375 5370 clare
2404 5315 2580 5369 dixit:
2619 5333 2638 5366 (
2686 5313 2797 5384 Ego
2830 5330 2950 5369 sum
2999 5318 3124 5371 vitis
3176 5332 3324 5383 vera,
3377 5327 3432 5372 et
3490 5316 3650 5373 Pater

2077 5419 2228 5459 meus
2257 5403 2488 5476 agricola
2531 5414 2658 5470 est;
2697 5418 2912 5459 omnem
2971 5406 3246 5474 palmitem
3295 5407 3347 5460 in
3409 5424 3495 5461 me
3543 5425 3647 5462 non

2077 5495 2338 5551 ferentem
2370 5494 2606 5552 fructum
2652 5495 2812 5560 tollit,
2862 5506 2917 5551 et
2957 5511 3171 5551 omnem
3238 5499 3330 5568 qui
3384 5498 3489 5553 fert
3536 5500 3650 5554 (τοι

2074 5599 2243 5650 ctum.
2263 5597 2475 5661 purgat,
2506 5600 2565 5645 ut
2604 5588 2836 5645 fructum
2862 5589 3169 5645 uberiorem
3201 5589 3341 5648 ferat
3365 5593 3433 5647 ⁷⁸.
3454 5611 3474 5646 ι
3513 5594 3647 5649 Cum

2074 5698 2202 5737 vero
2233 5682 2304 5738 illi
2335 5683 2512 5755 agnati
2550 5698 2612 5738 ac
2660 5682 2804 5738 insiti
2851 5683 3021 5739 simus
3068 5698 3165 5753 per
3210 5684 3647 5753 canjunctionem

490 5839 698 5921 ‘Ainos
733 5858 852 5911 \‘ltt,
890 5842 972 5897 il.
1050 5842 1095 5873 ⁷⁵
1130 5842 1264 5897 l’snl.
1300 5857 1507 5913 cum,
1539 5842 1591 5895 5.
1671 5842 1715 5873 ⁷⁵
1748 5839 1906 5897 Joan.
1938 5855 2025 5906 xv,
2066 5838 2112 5907 l,
2141 5841 2193 5895 2.
