4094 6366
446 388 553 445 145

1438 384 1496 439 S.
1536 379 1810 436 CYRILLI
1848 380 2320 437 ALEXANDRINI
2359 379 2681 437 ARCHIEP.

3604 390 3707 444 Mi

436 499 692 556 videlicet
725 495 1090 567 spiritualem,
1125 494 1391 550 fructuosi
1436 493 1635 548 redditi
1689 509 1896 548 sumus.
1949 494 2020 548 Ad

2135 512 2228 568 ρον
2258 496 2473 566 καρπὸν
2500 496 2759 567 καθαίρει
2785 496 2936 560 αὐτὸ,
2973 497 3061 550 ἵνα
3098 498 3310 568 καρπδν
3346 498 3571 555 πλείονα
3612 507 3707 571 φέ-

438 595 544 649 hoc
580 606 678 647 nos
703 591 987 647 conllrmat
1021 590 1135 659 ipse
1162 603 1285 643 cum
1326 588 1403 641 ait
1441 605 1454 643 :
1492 605 1511 640 ι
1560 586 1773 642 Manele
1814 590 1867 641 in
1914 602 2020 654 me,

436 687 547 759 83
575 695 628 740 et
649 700 747 756 ego
767 685 820 739 in
843 684 1017 738 vobis.
1043 680 1507 749 Quemadmodum
1543 680 1750 749 palmes
1790 696 1896 734 non
1936 697 2024 750 po-

440 790 547 835 test
587 781 820 833 fructum
852 777 997 832 ferre
1027 790 1057 829 a
1099 774 1297 843 seipso,
1344 773 1446 829 nisi
1482 783 1697 827 maneat
1742 773 1795 827 in
1843 774 1950 827 vite
2005 792 2017 827 :

438 871 519 928 sic
544 884 720 939 neque
755 884 869 933 vos,
903 867 1006 923 nisi
1034 866 1304 922 maneatis
1332 864 1387 919 in
1427 880 1535 920 me.
1577 863 1689 934 Ego
1712 879 1830 919 sum
1874 864 2017 927 vitis,

437 979 535 1018 vos
564 963 811 1033 palmites
847 981 862 1015 :
894 962 982 1028 qui
1018 971 1201 1014 manet
1239 960 1292 1013 in
1327 972 1436 1023 me,
1465 967 1520 1012 et
1549 972 1652 1026 ego
1703 959 1753 1012 in
1795 957 1905 1022 illo,
1932 958 2023 1013 ille

439 1053 542 1108 fert
587 1051 819 1106 fructum
851 1052 1128 1120 copiosum
1162 1068 1177 1105 :
1215 1051 1343 1119 quia
1378 1049 1496 1104 sine
1526 1063 1610 1103 me
1648 1063 1754 1102 non
1795 1050 2022 1117 potestis

437 1143 617 1198 facere
668 1143 958 1212 quidquam
1002 1141 1071 1195 ⁷⁷.
1113 1160 1132 1192 ι
1184 1139 1318 1195 Dico
1377 1140 1560 1209 itaque
1610 1147 1863 1210 oportere
1927 1154 2021 1207 per

437 1232 597 1288 tidem
623 1242 676 1287 et
706 1233 1050 1287 dilectionem
1078 1243 1133 1287 et
1168 1232 1529 1287 obedientiam
1570 1245 1666 1300 per
1691 1232 1892 1296 omnia,
1925 1233 2018 1287 viti

437 1342 601 1391 verae,
636 1326 687 1380 id
728 1335 831 1389 est,
878 1310 1116 1391 Christo,
1154 1325 1544 1379 adhaerescere.
1590 1324 1706 1393 Ipse
1752 1324 2018 1393 siquidem

438 1420 629 1475 reddet
651 1435 752 1475 nos
791 1418 1099 1490 frugiferos,
1149 1418 1266 1489 ipse
1309 1416 1664 1472 circumdabit
1716 1432 1924 1485 sepem,
1969 1424 2021 1470 et

436 1512 697 1568 excitabit
728 1527 961 1576 murum,
997 1521 1053 1566 et
1077 1511 1286 1566 arcebit
1318 1518 1680 1564 transeuntes.
1726 1508 1793 1561 Et
1836 1510 1901 1561 ad
1946 1511 2022 1577 ip-

436 1620 555 1660 sum
581 1602 779 1658 alicubi
805 1603 934 1657 dicit
962 1617 1175 1657 sacrmn
1206 1601 1483 1657 oraculum
1518 1618 1533 1655 :
1571 1619 1591 1652 ι
1626 1599 1693 1654 Ει
1730 1612 2018 1654 exstruen-

438 1702 527 1748 tur
572 1692 890 1747 solitudines
935 1702 1037 1747 tum
1084 1701 1378 1762 perpetuae,
1413 1702 1469 1745 et
1504 1700 1912 1745 monumentum
1967 1689 2018 1742 in

436 1794 641 1851 aetates,
676 1796 731 1839 et
770 1785 1056 1839 vocaberis
1089 1784 1391 1838 aedificator
1432 1785 1662 1854 sepium,
1698 1792 1752 1837 et
1797 1783 2020 1838 semitas

438 1878 790 1932 intermedias
812 1891 1027 1931 cessare
1055 1877 1221 1931 facies
1251 1877 1318 1929 ⁷⁸.
1362 1896 1381 1928 ι

2129 604 2217 658 ρῃ.
2264 606 2282 638 ι
2331 586 2549 658 Ἐπειδὴ
2575 588 2631 640 δὲ
2665 587 2812 657 αὑτῷ
2841 588 3307 660 προσπεφύκαμεν
3341 590 3407 642 δι’
3442 593 3707 663 οἰκειότη-

2123 697 2238 743 τος,
2269 678 2429 748 δῆλον
2487 680 2570 732 ὅτι
2619 680 2719 750 τῆς
2773 681 3168 750 πνευματικῆς,
3234 681 3707 754 ἀπτετελέσμεθα

2123 772 2487 843 καρποφόροι·
2529 773 2622 825 καὶ
2653 772 2789 842 πρός
2814 789 2877 840 γε
2909 772 3065 826 τοῦτο
3093 775 3240 844 ἡμᾶς
3277 776 3504 846 ὲμπεδοῖ
3534 777 3715 845 λέγων

2124 864 2305 928 αὐτός’
2342 884 2360 915 ι
2398 864 2632 919 Μείνατε
2665 866 2723 919 ὲν
2762 866 2909 936 ἐμοὶ,
2943 865 3100 934 κάγὼ
3140 869 3197 920 ὲν
3224 868 3374 938 ὑμῖν.
3410 868 3611 934 Καθὼς
3645 871 3713 924 τὸ

2122 956 2311 1026 κλῆμα
2340 956 2400 1009 οὐ
2429 956 2653 1009 δύναται
2680 957 2891 1027 καρπὸν
2915 958 3101 1029 φέρειν
3130 960 3223 1028 ἀφ’
3254 960 3469 1024 ἑαυτοῦ,
3501 964 3595 1015 ἐὰν
3631 965 3707 1033 μὴ

2126 1048 2290 1119 μείνῃ
2332 1049 2389 1101 ὲν
2420 1051 2486 1120 τῇ
2531 1050 2793 1119 ἀμπέλῳ·
2827 1050 3000 1112 οὓτως
3027 1050 3149 1103 οὐδὲ
3188 1052 3365 1122 ὑμεῖς,
3401 1052 3497 1105 ὲάν
3538 1054 3611 1124 μὴ
3650 1058 3715 1107 ἐν

2122 1141 2247 1210 ἐμοὶ
2284 1141 2525 1211 μείνητε.
2562 1142 2702 1211 Ἐγώ
2728 1145 2842 1214 είμι
2865 1143 2897 1214 ὴ
2927 1144 3189 1214 ἄμπελος,
3222 1145 3379 1215 ὑμεῖς
3405 1145 3459 1198 δὲ
3487 1146 3556 1199 τὰ
3576 1148 3709 1218 κλή-

2126 1248 2293 1302 ματα*
2337 1235 2365 1285 6
2412 1233 2592 1301 μένων
2619 1235 2677 1286 ὲν
2710 1234 2852 1303 ἐμοὶ,
2879 1233 3034 1302 κάγὼ
3068 1236 3126 1287 ὲν
3163 1235 3332 1305 αὐτῷ,
3368 1230 3521 1300 οὗτος
3553 1238 3707 1308 φέρει

2072 1399 2080 1407 ⁸
2124 1324 2334 1395 καρπὸν
2385 1324 2573 1390 πολὺν,
2624 1325 2706 1378 ὅτι
2746 1332 2916 1397 χωρὶς
2964 1327 3117 1396 ἐμοῦ·
3147 1327 3207 1379 οὐ
3255 1327 3486 1381 δύνασθε
3535 1333 3713 1383 ποιεῖν

2121 1416 2292 1469 οὐδέν.
2334 1436 2353 1468 t
2398 1417 2614 1487 Χρῆναι
2647 1418 2704 1471 δὲ
2744 1415 2836 1471 οὖν
2862 1418 3038 1487 ἔγωγέ
3072 1437 3211 1491 φημι
3244 1422 3704 1493 προσερηρεῖσθαι

2120 1508 2229 1561 δεῖν
2255 1508 2341 1562 διὰ
2382 1510 2618 1574 πίστεως
2658 1511 2753 1564 καὶ
2783 1512 3003 1582 ἀγάπης
3045 1512 3141 1565 καὶ
3166 1513 3263 1582 τῆς
3291 1514 3373 1576 εἰς
3398 1516 3505 1567 πᾶν
3529 1514 3707 1567 ὁτιοῦν

2123 1599 2432 1663 εὐπειθείας
2469 1604 2535 1671 τῇ
2569 1601 2799 1672 ἀμπέλῳ
2828 1605 2893 1673 τῇ
2928 1601 3181 1674 ἀληθινῇ,
3219 1603 3364 1656 τοῦτ’
3399 1604 3533 1667 ἔστι,
3567 1605 3703 1676 Χρι-

2124 1690 2253 1762 στῷ.
2287 1693 2457 1755 Αὐτὸς
2494 1692 2603 1763 γὰρ
2639 1696 2787 1764 ἡμᾶς
2818 1694 3087 1764 ἀποφανεῖ
3116 1696 3517 1767 καρποφόρους,
3544 1697 3707 1761 αὐτὸς

2124 1781 2410 1852 περιθήσει
2444 1782 2717 1853 φραγμὸν,
2750 1783 2844 1837 καὶ
2889 1785 3074 1855 ἐγερεῖ
3103 1785 3163 1837 τὸ
3198 1788 3395 1857 τεῖχος,
3438 1787 3530 1840 καὶ
3565 1789 3705 1841 ἀπο-

2050 1863 2091 1917 Β
2123 1876 2309 1944 στήσει
2336 1873 2690 1938 διοδεύοντας.
2733 1878 2844 1931 Καὶ
2871 1876 3008 1947 πρὸς
3040 1876 3201 1930 αὐτόν
3234 1877 3337 1929 πού
3367 1894 3499 1947 φησι
3527 1877 3713 1945 λόγιον

438 1970 601 2041 ἱερόν·
650 1988 667 2020 ι
705 1968 816 2022 Καὶ
866 1966 1380 2038 οἱκοδομηθήσονταί
1421 1982 1513 2018 σου
1553 1966 1750 2037 ἔρημοι
1788 1963 2018 2027 αἰώνιοι,
2060 1963 2154 2014 καὶ
2218 1962 2563 2032 μνημόσυνον
2602 1962 2805 2031 γενεῶν
2872 1966 3110 2033 γενεαῖς,
3141 1966 3235 2019 καὶ
3273 1966 3519 2039 κληθήσῃ
3559 1969 3707 2022 οίκο-

438 2062 599 2134 δόμος
624 2062 915 2133 φραγμῶν,
946 2060 1163 2124 καὶτὰς
1198 2061 1417 2132 τρίϐους
1438 2060 1537 2123 τὰς
1558 2060 1662 2114 ἀνά
1693 2059 1856 2130 μέσον
1889 2056 2135 2119 παύσεις.
2180 2075 2197 2107 ι

511 2158 680 2214 Vens.
736 2156 788 2210 '7.
844 2154 1006 2209 Vinea
1058 2156 1197 2209 enim
1255 2154 1468 2208 Domini
1524 2153 1776 2217 Sabaoth,
1833 2154 2021 2207 domus

438 2249 646 2313 Israel,
692 2258 740 2302 et
796 2249 950 2301 homo
1007 2245 1183 2311 Juda,
1238 2246 1441 2302 novella
1499 2246 1758 2314 plantatio
1806 2244 2019 2298 dilecta.

438 2340 749 2410 Exspectat-i
791 2351 841 2391 ut
872 2338 1063 2407 faceret
1089 2338 1375 2407 judicium,
1404 2344 1459 2389 at
1506 2335 1627 2403 fecit
1668 2335 2019 2405 iniquitatem,

437 2442 484 2488 et
528 2449 631 2487 non
650 2433 937 2501 justitiam,
966 2429 1056 2484 sed
1088 2429 1389 2483 clamorem.

506 2524 734 2593 Liquido
782 2525 832 2577 in
868 2524 952 2576 Itis
986 2522 1167 2576 verbis
1212 2520 1475 2584 ostendit,
1518 2534 1622 2573 non
1663 2534 1723 2574 se
1758 2518 1901 2587 loqui
1954 2518 2022 2573 de

437 2616 593 2668 vinea
642 2613 892 2668 sensibus
943 2610 1193 2679 objecta,
1261 2609 1354 2663 sed
1421 2610 1694 2663 intellectu
1746 2618 2018 2678 percepta.

437 2706 617 2761 Sumit
640 2704 784 2757 enim
821 2704 934 2756 fere
979 2715 1195 2771 semper
1238 2700 1520 2769 Scriptura
1559 2698 1817 2753 divinitus
1856 2698 2022 2765 inspi-

436 2807 552 2850 rata
591 2793 837 2862 exempla
868 2807 991 2862 qua:
1038 2800 1300 2861 apparent
1338 2799 1393 2843 et
1437 2798 1643 2858 patent,
1689 2789 1755 2841 ad
1800 2787 2020 2841 demon-

437 2888 757 2947 strationem
814 2899 997 2939 rerum
1042 2882 1447 2946 obscuriorum,
1484 2891 1540 2935 et
1572 2882 1671 2934 sub
1720 2879 2015 2947 intelligen-

436 2984 564 3037 tiam
616 2978 939 3035 viventium.
982 2975 1080 3029 Est
1132 2975 1301 3038 enim,
1357 2974 1552 3042 inquit,
1603 2972 1761 3025 vinea
1810 2969 2019 3024 Domini

438 3073 694 3136 Sabaoth,
720 3083 775 3126 et
803 3084 1021 3141 germen
1040 3068 1319 3133 dilectmn,
1347 3066 1537 3120 domus
1564 3064 1746 3127 Israel,
1776 3075 1831 3117 et
1860 3063 2022 3116 homo

438 3167 591 3223 Iuda.
632 3166 1014 3221 Verumtamen
1052 3176 1175 3215 cum
1216 3159 1363 3213 illam
1396 3157 1544 3212 omni
1575 3153 1942 3210 misericordia
1968 3162 2023 3207 et

436 3259 727 3315 dilectione
750 3257 1027 3326 dignarer,
1057 3261 1111 3308 et
1142 3251 1290 3307 omni
1327 3266 1455 3304 cura
1484 3261 1843 3319 prosequerer
1868 3284 1884 3308 ,
1914 3259 2020 3298 non

437 3351 539 3407 fuit
574 3361 912 3405 racemorum
952 3344 1130 3409 ferax,
1179 3358 1284 3396 non
1338 3340 1464 3394 vitis
1516 3353 1799 3409 generosa,
1848 3335 2019 3404 legem

2210 2150 2271 2203 '0
2312 2152 2422 2220 γὰρ
2464 2150 2750 2222 ἀμπελὼν
2803 2152 3025 2220 Κυρίου
3074 2152 3350 2217 Σαϐαὼθ,
3400 2148 3566 2218 οἶκος
3595 2153 3706 2208 τοῦ

2136 2242 2383 2312 Ἰσραήλ
2409 2244 2561 2307 ἐστι,
2581 2243 2679 2297 καὶ
2700 2244 3010 2313 ἅνθρωπος
3035 2244 3141 2299 τοῦ
3172 2244 3386 2307 Ἰούδα,
3408 2248 3705 2314 νεόφυτον

2120 2333 2527 2403 ἠγαπημένον.
2550 2336 2796 2402 Ἕμειγα
2812 2333 2917 2388 τοῦ
2950 2334 3199 2403 ποιῆσαι
3219 2336 3440 2403 κρίσιν,
3454 2337 3711 2403 ἐποίησε

2120 2423 2189 2477 δὲ
2205 2427 2461 2495 ἀνομίαν
2484 2426 2582 2480 καὶ
2610 2428 2682 2480 οὐ
2715 2425 3133 2495 δικαιοσύνην,
3158 2427 3319 2481 ἀλλὰ
3341 2426 3630 2496 κραυγήν.

2203 2513 2571 2584 Ἀποδέδειχεν
2601 2516 2847 2586 ἐναργῶς
2896 2519 2954 2568 ὲν
3007 2517 3237 2581 τούτοις,
3273 2516 3466 2588 ὅτιπερ
3490 2520 3519 2570 6
3546 2518 3709 2587 λόγος

2121 2608 2271 2679 αὐτῷ
2305 2607 2531 2677 γέγονεν
2556 2611 2620 2663 οὐ
2656 2611 2785 2681 περὶ
2827 2611 3087 2681 αἰσθητοῦ
3121 2612 3322 2680 μᾶλλον
3350 2611 3703 2681 ἀμπελῶνος,

2121 2699 2256 2757 ἀλλά
2282 2701 2408 2771 περὶ
2433 2700 2645 2771 νοητοῦ.
2661 2702 2885 2771 Δέχεται
2912 2701 3020 2773 γὰρ
3040 2703 3125 2755 ἀεί
3152 2720 3267 2765 πως
3290 2703 3323 2773 ή
3348 2702 3703 2767 θεόπνευστος

2121 2792 2311 2861 Γραφὴ
2342 2792 2411 2844 τὰ
2441 2793 2659 2863 ἐμφανῆ
2700 2794 2809 2846 τῶν
2856 2793 3316 2865 παραδειγμάτων
3354 2797 3434 2860 είς
3480 2796 3703 2861 ἔνδειξιν

2119 2885 2227 2938 τῶν
2255 2885 2638 2953 ἀφανεστέρων
2682 2884 2775 2937 καὶ
2804 2884 3010 2956 νοητῶν
3050 2887 3413 2956 πραγμάτων.
3455 2889 3566 2942 Καὶ
3594 2889 3705 2960 γάρ

2122 2980 2265 3045 ἐστι,
2292 2978 2476 3049 φησὶν,
2510 2979 2538 3030 6
2558 2976 2820 3048 ἀμπελὼν
2852 2977 2947 3031 τοῦ
2978 2978 3184 3050 Κυρίου
3220 2978 3466 3045 Σαϐαὼθ,
3511 2981 3605 3034 καὶ
3644 2981 3704 3033 τὸ

2122 3072 2376 3141 νεόφυτον
2422 3069 2801 3139 ἠγαπημένον,
2841 3072 2869 3123 6
2931 3065 3077 3134 οἶκος
3129 3071 3225 3123 τοῦ
3268 3070 3500 3142 Ἰσραὴλ,
3547 3072 3640 3125 καὶ
3675 3074 3708 3124 6

2120 3163 2405 3233 ἄνθρωπος
2449 3162 2542 3215 τοῦ
2597 3161 2786 3216 Ἰούδα.
2837 3161 2999 3215 Ἀλλά
3051 3163 3227 3215 καίτοι
3278 3163 3378 3233 τῆς
3424 3162 3706 3234 παρ’ἐμοὶ

2123 3255 2336 3325 φειδοῦς
2362 3256 2458 3310 καὶ
2481 3255 2703 3326 ἀγάπης
2732 3253 3056 3325 ἠξιωμένος,
3110 3254 3204 3307 καὶ
3226 3254 3406 3325 πάσης
3426 3255 3704 3324 φροντίδος

2127 3345 2534 3410 ἀπολελαυκὼς,
2588 3345 2649 3398 οὐ
2702 3346 2923 3413 γέγονεν
2986 3344 3269 3416 εῦὸοτρυς,
3324 3345 3422 3398 οὐκ
3461 3345 3708 3417 ἄμπελος

438 3460 545 3499 non
590 3441 776 3506 coluit,
812 3453 918 3493 non
948 3435 1171 3506 probam
1218 3446 1391 3501 neque
1436 3440 1677 3486 sanctam
1729 3428 1891 3480 vitam
1931 3426 2020 3479 de—

2124 3430 2372 3502 εὑγενὴς,
2413 3432 2475 3483 οὐ
2502 3430 2767 3501 τετίμηκε
2799 3430 2986 3501 νόμον,
3020 3430 3140 3482 οὐδὲ
3178 3432 3395 3502 ἐπιεικῆ
3420 3433 3513 3484 καὶ
3542 3431 3713 3500 ἁγίαν

436 3537 537 3608 git.
573 3534 665 3590 sed
711 3546 859 3602 spem
893 3527 1146 3598 agricolae
1179 3524 1341 3580 veluti
1378 3521 1585 3577 fefellit.
1638 3521 1749 3590 Ego
1804 3517 2020 3588 quidem

436 3628 745 3696 exspectavi
776 3622 1061 3691 judicium,
1106 3617 1157 3670 id
1202 3626 1309 3679 est,
1340 3631 1405 3667 ex
1438 3612 1618 3666 animo
1675 3613 1887 3665 sincero
1932 3622 2019 3662 re-

442 3728 609 3779 ctam,
643 3727 698 3770 et
724 3716 776 3767 in
808 3711 1060 3766 omnibus
1090 3709 1252 3763 rebus
1278 3706 1502 3775 agendis
1538 3703 1849 3774 opinionem
1887 3701 2023 3754 irre-

438 3805 856 3881 prelteusibileut
891 3818 983 3857 seu
1010 3800 1296 3869 judicium.
1336 3797 1441 3851 Sed
1474 3796 1583 3858 illa,
1618 3795 1811 3863 inquit,
1838 3801 2020 3862 patra-

437 3903 515 3955 vit
548 3899 908 3966 iniquitatem.
944 3892 1160 3961 Alioqui
1182 3891 1324 3945 enim
1356 3887 1629 3957 quomodo
1670 3885 1795 3938 vitis
1836 3884 2020 3953 spinas

438 3991 689 4063 pareret?
735 3990 925 4058 Itaque
977 3984 1187 4047 fefellit,
1238 3992 1295 4035 ut
1349 3982 1459 4049 jam
1513 3978 1644 4033 dixi.
1678 3977 1834 4038 Unde
1877 3974 2021 4029 enim

437 4098 653 4155 aequum
685 4090 803 4134 erat
835 4077 1060 4155 iustitia:
1097 4075 1303 4129 fructus
1338 4084 1607 4133 crescere,
1650 4068 1774 4121 inde
1829 4078 2023 4136 praeter

436 4153 895 4246 exspectationem
938 4153 1080 4223 edita
1115 4175 1201 4221 est
1232 4165 1338 4219 vita
1369 4178 1489 4231 quae
1524 4172 1579 4215 et
1622 4176 1650 4213 a
1680 4159 1849 4214 sacris
1890 4157 2021 4228 legi-

438 4272 541 4325 bus
568 4266 743 4321 aliena
793 4273 933 4324 erat,
983 4270 1037 4314 et
1079 4258 1278 4313 divinis
1330 4254 1614 4324 prmceptis
1667 4250 2018 4321 repugnabat.

440 4359 646 4414 Idcirco
678 4354 808 4410 fecit
837 4353 1178 4422 iniquitatem
1208 4358 1262 4404 et
1309 4362 1413 4401 non
1449 4345 1740 4412 justitiam,
1776 4341 1871 4396 sed
1907 4341 2020 4394 cla-

442 4466 671 4506 morem.
704 4447 1008 4500 Clamorem
1038 4451 1218 4495 autent
1251 4440 1373 4504 hoc,
1407 4438 1621 4508 opinor,
1641 4435 1771 4489 dicit
1802 4444 2023 4487 :osten-

440 4545 576 4597 dens
598 4542 762 4595 vitam
791 4551 981 4591 eorum
1013 4532 1293 4586 iracundia
1334 4528 1688 4600 precipitetn,
1726 4536 1783 4582 et
1811 4526 2020 4596 plenam

445 4629 786 4689 tumultibus.
825 4626 1005 4693 Quare
1050 4633 1104 4676 et
1154 4624 1366 4676 divinus
1416 4619 1617 4673 Paulus
1668 4619 2023 4673 sanctiﬁcatis

445 4725 691 4796 pracipit
720 4725 907 4777 dicens
935 4736 949 4772 :
981 4716 1095 4789 84
1122 4735 1140 4768 ι
1173 4714 1361 4771 Omnis
1386 4723 1564 4767 autem
1585 4710 1807 4772 clamor,
1844 4718 1897 4763 et
1916 4713 2021 4774 ira,

441 4830 495 4873 et
528 4819 703 4881 furor,
734 4827 788 4870 et
832 4813 1178 4869 maledictum
1229 4809 1446 4863 tollatur
1485 4822 1513 4859 a
1546 4804 1719 4867 vobis,
1759 4813 1815 4857 et
1861 4816 2023 4857 omne

446 4912 635 4963 vitium
675 4908 743 4961 ⁷³.
781 4924 800 4958 ι
836 4903 1022 4973 Neque
1050 4916 1181 4956 vero
1208 4901 1364 4955 decet
1412 4912 1506 4953 eos
1554 4898 1643 4967 qui
1687 4904 1867 4950 mente
1910 4903 2022 4947 sta-

442 5002 535 5055 bili
572 5017 638 5056 ac
668 4999 853 5056 sedata
882 4997 1093 5067 praediti
1126 5003 1271 5053 sunt.
1304 4991 1517 5047 stolidis
1567 4989 1644 5043 uti
1681 4986 2025 5043 vociferatio-

442 5096 600 5149 nibus
629 5113 643 5147 :
674 5092 768 5147 sed
800 5093 883 5146 his
911 5090 1166 5145 convenit
1198 5085 1371 5155 magis
1399 5084 1601 5154 quibus
1639 5082 1748 5136 vita
1778 5090 1864 5136 est
1898 5079 2025 5134 labi-

441 5186 507 5239 lis
526 5195 582 5239 et
616 5183 843 5247 lubrica,
876 5184 983 5236 imo
1006 5182 1071 5233 ad
1099 5194 1259 5234 omne
1289 5176 1498 5231 facinus
1523 5173 1796 5244 proclivis,
1832 5182 1886 5227 et
1925 5172 2017 5240 qui

444 5277 628 5329 furore
662 5274 834 5343 magis
862 5287 1025 5341 quam
1067 5270 1349 5339 prudentia
1386 5268 1553 5321 vitam
1588 5266 1895 5319 instituunt.
1924 5261 2019 5317 Vi-

443 5373 601 5423 detur
618 5366 777 5419 etiam
816 5363 1210 5418 atrocissimam
1232 5359 1544 5415 Judazorum
1576 5357 2020 5412 exclamationem

442 5459 793 5519 subinnuere,
837 5470 997 5522 quam
1056 5462 1245 5507 contra
1279 5454 1454 5522 ipsum
1508 5449 1783 5504 Christum
1825 5450 2025 5503 excita-

446 5561 591 5605 runt.
648 5546 951 5615 Objiciente
984 5559 1216 5612 namque
1244 5541 1419 5597 Pilato
1450 5557 1517 5595 an
1556 5553 1736 5607 regem
1779 5552 1933 5591 suum
1969 5537 2022 5591 in

449 5649 666 5691 crucem
701 5634 784 5700 agi
803 5632 1025 5699 vellent,
1052 5632 1198 5685 omni
1227 5632 1453 5685 honesto
1482 5638 1536 5683 et
1566 5630 1763 5698 pietate
1804 5626 2025 5697 postha-

2121 3528 2304 3583 διεϐίω
2353 3525 2532 3598 ζωήν·
2584 3525 2853 3595 ἐψεύσατο
2902 3525 2959 3578 δὲ
3006 3525 3194 3597 ῶσπερ
3237 3528 3331 3579 καὶ
3365 3526 3464 3597 τὴν
3482 3527 3576 3579 τοῦ
3600 3542 3708 3595 γη-

2124 3617 2411 3680 πονοῦντος
2437 3615 2647 3670 ἐλπίδα.
2682 3615 2823 3684 Ἐγὼ
2852 3616 2948 3686 μὲν
2974 3616 3083 3685 γὰρ
3108 3616 3482 3688 προσεδόκησα
3503 3620 3706 3689 κρίσιν,

2123 3712 2269 3765 τοῦτ’
2292 3711 2430 3773 ἔστι,
2489 3710 2588 3780 τὴν
2637 3712 2702 3762 ὲκ
2749 3708 2986 3770 διανοίας
3041 3708 3367 3779 εἰλικρινοῦς
3411 3710 3577 3782 ὀρθὴν
3611 3712 3708 3764 καὶ

2122 3804 2422 3876 ἀμώμητον
2452 3803 2550 3875 τὴν
2604 3804 2688 3872 ἐφ’
2718 3802 2888 3856 άπασι
2926 3806 3039 3866 τοῖς
3084 3807 3405 3871 πρακτικοῖς
3457 3805 3710 3875 αἵρεσιν,

2122 3899 2239 3969 ἤτοι
2274 3896 2478 3968 κρίσιν.
2521 3896 2578 3947 Ὀ
2603 3895 2680 3960 δὲ,
2711 3896 2865 3965 φησὶ,
2897 3896 3197 3967 πεποίηκεν
3226 3896 3471 3966 ἀνομίαν.
3512 3898 3708 3951 Καίτοι

2124 3989 2243 4052 πῶς
2293 3989 2357 4042 ἂν
2389 3988 2633 4058 ἄμπελος
2677 3987 2917 4050 ἀκάνθας
2959 3987 3143 4055 τέκοι;
3176 3988 3371 4041 οὐκοῦν
3418 3987 3711 4058 ἐψεύσατο,

2124 4080 2373 4151 καθάπερ
2408 4080 2544 4150 ἔφην
2575 4079 2799 4150 ἀρτίως.
2833 4078 2994 4134 Ὅθεν
3032 4079 3140 4149 γὰρ
3172 4074 3239 4149 ῆν
3270 4078 3416 4142 εἰκὸς
3452 4080 3578 4143 τοὺς
3610 4081 3709 4149 τίς

2122 4172 2473 4241 δικαιοσύνης
2521 4170 2792 4238 ἀναφῦναι
2848 4170 3124 4242 καρποὺς,
3186 4171 3395 4223 ἐκεῖθεν
3448 4171 3708 4241 ἀδόκητος

2122 4266 2395 4319 ἐκδέδοται
2437 4264 2570 4334 βίος,
2603 4265 2630 4315 ὁ
2665 4265 2757 4315 καὶ
2781 4263 2962 4333 νόμων
2987 4262 3091 4326 ἔξω
3132 4262 3238 4315 τῶν
3283 4263 3443 4333 ἱερῶν
3474 4263 3569 4315 καὶ
3598 4264 3709 4313 τῶν

2122 4360 2187 4412 ὲκ
2236 4357 2333 4427 τῆς
2379 4355 2528 4417 θείας
2585 4353 2807 4424 ἐντολῆς
2868 4354 3230 4424 κατάρρησιν»
3266 4354 3423 4423 ἔχων.
3497 4352 3708 4406 Οὐκοῦν

2122 4444 2376 4513 ἐποίησεν
2405 4442 2657 4512 ἀνομίαν,
2677 4443 2771 4494 καὶ
2788 4442 2849 4494 οὐ
2876 4441 3244 4513 δικαιοσύνην,
3279 4443 3414 4496 ἀλλά
3434 4445 3702 4513 κραυγήν.

2123 4536 2387 4607 Κραυγὴν
2424 4534 2482 4588 δέ
2531 4550 2696 4605 φησιν
2746 4535 2922 4588 ἐκεῖνο
2952 4532 3105 4605 οἶμαί
3163 4553 3263 4588 που
3312 4536 3594 4599 δεικνύων,
3625 4537 3709 4589 ὅτι

2122 4628 2343 4696 γέγονεν
2404 4629 2587 4690 αὐτοῖς
2659 4626 3027 4697 σεσοϐημένος
3090 4628 3189 4697 μὲν
3242 4630 3323 4692 εἰς
3376 4629 3551 4700 ὀργὰς
3611 4630 3707 4682 καὶ

2125 4720 2353 4791 θορύϐου
2409 4721 2602 4792 μεστὸς
2630 4721 2659 4772 ὁ
2690 4719 2827 4790 βίος.
2855 4720 2945 4773 Διὸ
2984 4722 3077 4773 καὶ
3108 4724 3135 4775 6
3174 4721 3460 4785 θεσπέσιος
3495 4722 3706 4786 Παῦλος

2122 4815 2234 4876 τοῖς
2255 4813 2609 4883 ἡγιασμένοις
2632 4812 2933 4865 ἐντέλλεται
2958 4811 3153 4880 λέγων⁹
3178 4831 3196 4864 ι
3223 4813 3379 4865 Πᾶσα
3393 4813 3449 4866 δὲ
3468 4814 3704 4885 κραυγὴ,

2122 4902 2216 4955 καὶ
2244 4902 2403 4973 ὀργὴ,
2459 4903 2553 4956 καὶ
2602 4901 2797 4972 θυμὸς,
2837 4903 2933 4955 καὶ
2982 4901 3300 4973 βλασφημία
3350 4903 3572 4975 ἀρθήτω
3612 4904 3710 4973 ἀφ’

2122 4993 2276 5062 ὑμῶν
2304 4995 2400 5046 σὺν
2446 4994 2599 5064 πάσῃ
2646 4994 2837 5064 κακία.
2870 5013 2888 5045 ι
2924 4993 3134 5063 Πρέποι
3190 4993 3298 5063 γάρ
3348 4993 3436 5060 ἂν,
3485 4995 3546 5047 ού
3592 4998 3707 5059 τοῖς

2121 5084 2475 5138 καθεστῶσαν
2522 5084 2705 5156 έχουσι
2754 5086 2855 5154 τὴν
2914 5085 3108 5156 φρένα,
3143 5085 3206 5138 τὸ
3252 5088 3373 5149 ταῖς
3404 5085 3707 5156 ἀσυφήλοις

2124 5177 2424 5247 κεχρῆσθαι
2462 5178 2766 5247 κραυγαῖς,
2799 5176 3026 5240 ἐκείνοις
3056 5175 3113 5229 δὲ
3168 5175 3389 5245 μᾶλλον,
3424 5174 3505 5239 οἷς
3531 5178 3562 5227 6
3594 5176 3707 5245 βίος

2124 5266 2224 5317 οὐκ
2274 5264 2519 5337 ἀσφαλής
2548 5282 2562 5295 ο
2610 5264 2809 5335 μᾶλλον
2839 5264 2898 5316 δὲ.
2928 5264 3066 5336 πρὸς
3103 5266 3212 5318 πᾶν
3262 5265 3444 5319 ὁτιοῦν
3472 5267 3709 5329 εὐκόλως

2119 5356 2226 5409 τῶν
2257 5356 2463 5422 κακῶν,
2482 5356 2576 5410 καὶ
2598 5355 2753 5427 θυμῷ
2773 5356 2973 5427 μᾶλλον
2999 5356 3031 5428 ἢ
3052 5356 3264 5409 συνέσει
3292 5355 3709 5426 διοικουμένοις.

2126 5448 2308 5500 Ἐοικε
2372 5446 2431 5500 δὲ
2505 5447 2601 5500 καὶ
2669 5448 2768 5519 τὴν
2840 5448 3189 5517 παγχάλεπον
3250 5447 3361 5501 τῶν
3439 5447 3709 5501 Ἰουδαίων

2122 5539 2372 5611 κραυγὴν
2405 5539 2841 5606 ὑπαινίττεσθαι,
2883 5542 2949 5611 ἣν
2984 5540 3072 5593 ἐπ’
3107 5540 3254 5611 αὐτῷ
3279 5539 3602 5610 πεποίηνται
3630 5538 3709 5608 τῷ

2122 5626 2362 5700 Χριστῷ.
2403 5629 2636 5689 Πιλάτου
2672 5628 2779 5701 γὰρ
2819 5630 3187 5696 ὀνειδίζοντος,
3240 5631 3287 5683 εί
3339 5630 3403 5702 δὴ
3435 5628 3713 5700 βούλοιντο

522 5795 567 5828 ’⁷
596 5792 729 5849 Joan
756 5808 870 5861 ειν,
906 5790 956 5856 4,
1000 5791 1054 5845 5.
1129 5789 1173 5821 ⁷⁸
1204 5789 1305 5845 lsa.
1366 5804 1519 5859 LVIII,
1577 5789 1664 5844 l2.
1742 5789 1799 5864 "_
1843 5787 2040 5859 Ephes.
2099 5786 2307 5861 tv,.~3l.
