4094 6366
363 446 473 521 ut;

1509 444 1573 502 IN
1612 446 1847 503 ISAIAM
1886 447 2017 505 LIB.
2058 447 2099 506 ι.
2141 445 2350 505 ORAT.
2390 446 2472 504 111.

3537 439 3638 495 ΗΘ

370 564 735 639 σταυροῦσθαι
781 566 873 621 τὸν
905 566 1128 638 βασιλέα
1164 566 1255 623 τὸν
1285 570 1516 634 ἑαυτῶν,
1549 571 1769 642 ἀπάσης
1797 571 1954 625 εὐκο-

2069 572 2193 638 bita,
2220 570 2596 627 exclamarunt
2626 584 2643 620 :
2680 584 2700 618 ι
2739 563 2911 630 Tolle,
2931 560 3075 626 tolle,
3100 560 3248 616 cruci
3271 545 3423 629 aiiige
3451 527 3634 625 illum;

371 659 531 728 σμίας
558 673 618 709 τε
654 656 793 727 όμοῦ
820 658 913 711 καὶ
941 657 1221 727 φιλοθεΐας
1260 658 1620 731 ὴφειδηκότες
1653 659 1959 729 ἀνακεκρᾶ-

370 764 537 816 γεσαν
563 748 739 801 αὐτοί·
774 766 794 799 ι
828 744 981 821 Αἶρε,
1004 745 1148 821 αἶρε,
1169 749 1483 822 σταύρωσον
1502 752 1683 805 αὐτόν’
1714 753 1814 805 οὐκ
1841 750 1961 823 έχο-

374 857 475 909 μεν
506 839 729 911 βασιλέα
747 842 798 896 εί
825 842 900 914 μὴ
931 842 1205 913 Καίσαρα.
1222 861 1239 893 ι
1272 843 1503 914 Κραυγὴ
1522 844 1702 897 τοίνυν
1724 844 1956 915 πονηρὰ,

370 931 472 1001 τῆς
518 933 785 987 Ἰουδαίων
813 934 1134 1005 συναγωγῆς
1171 936 1199 987 6
1237 935 1469 1006 καρπὸς,
1495 936 1561 988 δι’
1587 937 1655 1006 ἣν
1681 936 1960 1008 ἀφῄρηται

372 1024 467 1075 καὶ
496 1022 774 1095 φραγμοῦ,
795 1025 891 1077 καὶ
912 1022 1116 1094 τοίχου,
1148 1026 1239 1078 καὶ
1261 1026 1479 1096 ἀρδείας
1502 1027 1601 1097 τῆς
1630 1029 1695 1080 ἐκ
1723 1027 1960 1096 νεφελῶν

371 1114 562 1181 ἁγίων.
608 1115 961 1186 Ἐστέρηνται
987 1115 1043 1168 δὲ
1078 1117 1171 1169 καὶ
1199 1117 1418 1189 ἀπάσης
1449 1119 1785 1188 ἐπιμελείας.
1814 1121 1959 1189 Ἔφη

366 1207 501 1275 γὰρ,
526 1207 609 1259 ὅτι
646 1207 856 1278 Ἀνήσω
880 1208 972 1260 τὸν
993 1208 1293 1278 ἀμπελῶνά
1318 1226 1439 1280 μου,
1465 1211 1559 1262 καὶ
1580 1213 1642 1263 οὺ
1666 1210 1740 1281 μὴ
1755 1212 1959 1282 τμηθῇν

367 1302 477 1353 οὐδ’
522 1303 583 1355 οὐ
625 1303 700 1373 μὴ
747 1305 951 1374 σκαφῇ.
986 1302 1390 1374 Κατεχερσώθη
1437 1302 1493 1354 δὲ
1537 1301 1657 1366 ὅλος
1714 1302 1959 1365 ἀκάνθας

369 1393 693 1458 ἐκτετοκὼς,
728 1396 785 1447 αἳ
815 1395 1012 1464 φλογός
1044 1396 1151 1448 είσι
1179 1396 1379 1466 τροφή.
1830 1406 1835 1412 ’

447 1484 588 1538 Οὐαὶ
622 1488 676 1539 οἱ
720 1486 1139 1551 συνάπτοντες
1176 1488 1375 1540 οὶκίαν
1409 1487 1561 1555 πρὸς
1608 1488 1824 1548 οὶκίαν,
1864 1485 1963 1538 καὶ

365 1576 557 1644 ἀγρὸν
584 1576 736 1644 πρὸς
764 1577 950 1645 ἀγρὸν
1004 1575 1356 1646 ἐγγίζοντες,
1396 1579 1498 1631 ἵνα
1538 1579 1644 1631 τοῦ
1696 1579 1965 1645 πλησίον

368 1666 715 1735 agatur-tat
741 1686 814 1723 τι.
847 1669 944 1738 Μὴ
990 1670 1272 1737 οἰκήσετε
1315 1672 1489 1739 μόνοι
1534 1671 1632 1723 ἐπὶ
1664 1670 1773 1737 τῆς
1814 1668 1963 1738 γῆς;

393 1759 689 1826 Ἠκούσθη
724 1761 835 1828 γὰρ
864 1763 951 1825 εἰς
987 1760 1056 1813 τὰ
1086 1755 1206 1813 ὦτα
1231 1763 1453 1829 Κυρίου
1491 1761 1733 1815 Σαϐαὼθ
1755 1762 1960 1815 ταῦτα.

446 1849 563 1903 Ἵνα
593 1852 667 1921 μή
700 1868 784 1914 τις
812 1852 989 1921 οίηται
1026 1852 1202 1922 μάτην
1218 1853 1585 1924 κατειρηκότα
1609 1852 1705 1905 τοῦ
1745 1853 1960 1925 Ἰσραὴλ

367 1940 494 2010 είκῆ
527 1957 586 1993 τε
622 1941 720 2011 τὴν
749 1942 994 2011 ἄμπελον
1022 1928 1317 2005 διαϐαλεῖν,
1356 1945 1431 2005 ὡς
1461 1945 1662 2014 ἥκιστα
1694 1945 1794 2013 μὲν
1832 1923 1960 1997 στα-
1994 1923 2037 1983 Β

371 2032 547 2104 φυλὴν
582 2035 959 2098 ὲκτετοκυῖαν,
990 2036 1190 2105 μᾶλλον
1228 2036 1285 2089 δὲ
1319 2036 1580 2101 ἀκάνθας,
1608 2038 1755 2090 τοῦτ’
1787 2037 1956 2101 ἔστιν,

370 2125 496 2177 ἀντὶ
525 2125 783 2195 κρίσεως,
820 2126 937 2196 ἦτοι
969 2126 1254 2197 χριμάτων
1294 2128 1524 2182 δικαίων
1554 2130 1809 2200 ἀνομίας,
1840 2131 1961 2185 ἀντὶ

374 2214 431 2266 δὲ
457 2215 553 2285 τῆς
585 2215 936 2287 δικαιοσύνης
980 2220 1230 2289 κραυγήν
1257 2236 1270 2250 ’
1324 2220 1722 2292 ἀπαριθμεῖται
1768 2223 1962 2293 χρησίο

375 2323 492 2375 μως
528 2306 596 2360 τὰ
624 2308 691 2359 δι’
714 2302 791 2362 ὧν
827 2305 896 2380 ἦν
924 2310 1090 2387 εἰκὸς,
1135 2312 1194 2364 οὐ
1228 2311 1464 2383 μετρίως
1509 2316 1962 2384 κατεγνωσμένον

377 2396 529 2462 ίδεῖν,
560 2399 655 2450 καί
678 2400 779 2451 οὐκ
816 2401 912 2452 ἐπὶ
949 2404 1059 2464 τοῖς
1085 2402 1340 2472 τυχοῦσιν
1371 2403 1580 2467 ἁπλῶς,
1603 2405 1716 2457 ἀλλ’
1737 2408 1829 2458 ἐπὶ
1850 2407 1962 2470 τοῖς

374 2486 516 2555 ἄγαν
546 2490 963 2559 ὲκνομωτάτοις,
1001 2493 1095 2545 καὶ
1122 2497 1230 2557 τοῖς
1260 2494 1343 2548 ὅτι
1376 2495 1610 2564 μάλιστα
1628 2512 1964 2566 κατεστυγη-

376 2580 562 2648 μένοις
590 2583 740 2652 παρά
772 2599 834 2651 γε
864 2582 941 2653 τῷ
971 2584 1245 2656 φιλαρέτῳ
1273 2585 1411 2656 Θεῷ.
1449 2587 1719 2659 Ταύτῃτοί
1753 2604 1919 2657 φησιν
1945 2600 1959 2614 ⁸

383 2690 401 2721 ι
442 2673 576 2726 Οὐαὶ
611 2675 661 2726 οί
692 2676 1056 2739 συνάπτοντες
1080 2677 1257 2731 οἰκίαν
1288 2678 1422 2749 πρὸς
1443 2679 1641 2744 οὶκίαν,
1676 2681 1771 2732 καὶ
1795 2679 1964 2751 ἀγρὸν

379 2762 516 2831 πρὸς
552 2763 723 2835 ἀγρὸν
753 2763 1083 2833 ἐγγίζοντες,
1122 2767 1209 2819 ἵνα
1252 2767 1347 2820 τοῦ
1384 2768 1611 2839 πλησίον
1656 2770 1964 2836 ἀφέλωνταί

381 2869 453 2905 τι.
484 2872 503 2904 ο
547 2854 763 2907 Ἔνεστι
793 2855 904 2926 γὰρ
927 2855 1001 2919 ὡς
1027 2856 1231 2933 ἐπίπαν
1262 2860 1376 2920 τοῖς
1409 2856 1651 2911 ἐθέλουσι
1694 2858 1963 2924 πλουτεῖν,

378 2943 473 2996 καὶ
518 2943 624 3014 μὴν
652 2946 746 2999 καὶ
772 2946 833 2999 τὸ
851 2946 1109 3000 δύνασθαι
1138 2948 1361 3018 λαχοῦσι
1399 2950 1535 3021 πρὸς
1572 2949 1749 3015 τοῦτο,
1777 2951 1837 3003 τὸ
1879 2950 1965 3013 ἀεί

380 3051 433 3087 τι
465 3034 643 3090 θέλειν
695 3039 808 3101 τοῖς
838 3039 939 3109 ἤδη
980 3041 1405 3111 πεπορισμένοις
1455 3042 1814 3112 ἐπισωρεύειν
1860 3043 1963 3108 ἔτι,

385 3125 481 3178 καὶ
516 3126 585 3179 τὰ
611 3127 711 3196 τῆς
752 3129 939 3192 οὐσίας
988 3131 1172 3194 αὐτοῖς
1214 3133 1271 3185 ἐν
1314 3132 1714 3203 ἀκαταλήκτοις
1744 3134 1969 3188 πλεονα-

380 3218 561 3320 σμοῖς,
615 3218 847 3320 rip-iaetu.
908 3224 1097 3278 ποιεῖν.
1138 3223 1249 3276 Καὶ
1281 3223 1412 3291 γοῦν
1478 3225 1802 3293 ἐπιφύονται
1856 3227 1966 3290 τοῖς
1993 3263 2036 3320 C

372 3309 597 3380 ὁμόροις
617 3311 704 3365 ἀεὶ
731 3314 824 3366 καὶ
852 3314 1110 3382 γείτοσιν·
1141 3314 1440 3387 εὐρυτέρας
1459 3333 1519 3370 τε
1539 3316 1639 3381 τὰς
1661 3318 1718 3371 ὲν
1739 3318 1958 3372 ἄστεσιν

375 3404 557 3468 οἰκίας
600 3406 882 3460 ἀποτελεῖν
936 3408 1361 3475 σπουδάζοντες,
1406 3411 1864 3482 καταϐιαζόμενοι
1898 3410 1957 3464 δὲ

378 3494 506 3554 τοὺς
533 3495 643 3548 τῶν
663 3498 1004 3569 ὁμορούντων
1050 3501 1234 3564 αὐτοῖς
1282 3505 1497 3574 χωρίων
1535 3505 1819 3570 δεσπότας,
1864 3505 1958 3558 καὶ

377 3588 493 3650 τοῖς
534 3587 685 3651 ἰδίοις
720 3591 1101 3656 συνάπτοντες.
1153 3593 1471 3664 Ἀκόρεστον
1504 3597 1611 3667 γάρ
1659 3614 1712 3649 τι
1767 3599 1958 3668 χρῆμα

378 3677 637 3742 πλούσιος
669 3679 830 3752 ἀνὴρ,
850 3684 898 3734 εἰ
923 3684 1254 3755 παρακέοιτό
1288 3706 1406 3751 πως
1444 3688 1593 3758 αὐτῷ
1618 3689 1678 3742 τὸ
1697 3688 1957 3742 δύνασθαι

380 3768 583 3839 ῥᾳδίως
609 3771 755 3842 άπερ
784 3771 851 3827 ἀν
883 3772 1124 3843 βούλοιτο
1156 3776 1475 3845 κατορθοῦν.
1518 3778 1802 3832 Πέπαυται
1849 3778 1957 3850 γὰρ

379 3857 633 3929 οὐδαμῶς
690 3863 803 3925 τοῖς
841 3862 937 3916 τοῦ
982 3864 1152 3928 πέλας
1192 3866 1507 3938 ὲπιπηδῶν·
1547 3869 1642 3921 καὶ
1692 3868 1817 3940 διψῇ
1859 3869 1958 3940 μὲν

379 3950 472 4002 ἀεὶ
504 3952 565 4004 τὸ
601 3951 757 4006 οὔπω
782 3956 1005 4027 .παρὸν,
1055 3958 1302 4029 γλίχεται
1343 3960 1399 4012 δὲ
1440 3959 1548 4012 τῶν
1586 3961 1753 4031 μήπω
1787 3978 1958 4014 πεπο-

380 4042 677 4113 ρισμένων.
702 4046 839 4100 Οὐαὶ
864 4047 1062 4112 τοίνυν,
1092 4050 1245 4120 φησὶ,
1262 4054 1373 4116 τοῖς
1402 4054 1693 4107 συνάπτειν
1716 4054 1959 4114 ἐθέλουσι

379 4132 482 4197 τὰς
518 4135 728 4189 ἑαυτῶν
756 4139 933 4203 οἰκίας
960 4143 1081 4204 ταῖς
1118 4143 1344 4212 ἐτέρων,
1381 4146 1476 4197 καὶ
1516 4146 1707 4217 ἀγροῖς
1732 4146 1959 4217 ἀγροὺς,

385 4226 476 4281 ἵνα
502 4227 599 4281 τοῦ
637 4230 864 4300 πλησίον
909 4232 1215 4302 ἀφέλωνταί
1268 4253 1340 4290 τι.
1383 4237 1665 4308 Πρόφασιν
1706 4240 1813 4309 γάρ
1846 4256 1964 4303 πως

382 4320 473 4373 ἀεὶ
509 4320 605 4374 τοῦ
629 4322 827 4392 χρῆναι
872 4323 1212 4380 πλεονεκτεῖν
1247 4328 1520 4381 ποιεῖσθαι
1565 4329 1961 4395 σπουδάζουσι,

384 4411 448 4465 τὸ
482 4415 559 4483 μὴ
596 4414 709 4467 δεῖν
739 4414 961 4487 ἑτέρους
988 4419 1227 4487 γειτνιᾷν
1252 4420 1435 4481 αὐτοῖς
1459 4435 1474 4450 ·
1534 4414 1655 4474 εἶτα
1692 4421 1964 4491 βιάζονται

384 4505 512 4568 τοὺς
541 4505 989 4577 ἀσθενεστέρους,
1007 4510 1103 4561 καὶ
1124 4508 1537 4563 πλεονεκτοῦσιν
1570 4512 1799 4576 ἀνοσίως
1835 4530 1967 4566 κατ-

2061 677 2165 716 non
2196 662 2458 716 habemus
2485 673 2665 729 regem
2696 656 2800 712 nisi
2825 656 3092 715 Caesarem
3127 653 3195 706 '°.
3227 671 3246 703 ι
3269 651 3486 706 Clamor
3506 665 3637 720 ergo

2060 751 2374 821 improbus,
2428 750 2704 819 improbus
2754 745 2961 803 Judaici
3042 741 3379 799 conciliabuli
3434 739 3641 795 fructus

2060 852 2163 907 est,
2196 858 2291 913 per
2317 857 2478 913 quem
2511 840 2684 895 orbati
2723 850 2847 894 sunt
2878 847 2933 893 et
2983 851 3110 908 sepe
3131 874 3148 900 ,
3194 843 3249 889 et
3299 833 3554 898 maceria,
3586 841 3642 886 et

2061 935 2386 989 irroratione
2412 950 2442 989 e
2473 933 2676 989 sanctis
2706 930 2959 993 nubibus,
2990 928 3244 998 omnique
3281 925 3444 980 etiam
3485 940 3636 980 cura.

2061 1027 2268 1098 Quippe
2293 1028 2425 1082 dicit
2455 1046 2469 1082 :
2505 1027 2780 1081 Dimittam
2819 1025 3029 1078 vineam
3072 1036 3268 1086 meam,
3303 1028 3358 1074 et
3389 1034 3494 1073 non
3540 1032 3642 1086 pu-

2063 1120 2289 1184 tabitur,
2330 1134 2436 1174 non
2468 1119 2720 1173 fodietur.
2752 1111 2972 1170 Vastata
3004 1122 3087 1169 est
3113 1113 3255 1167 enim
3292 1117 3424 1175 tota,
3452 1108 3645 1178 spinas

2062 1213 2308 1280 gignens,
2343 1225 2465 1280 qua:
2495 1208 2635 1277 ignis
2662 1207 2983 1261 aiimentum
3009 1212 3134 1257 sunt

2137 1498 2302 1553 Vens.
2335 1498 2390 1559 8,
2416 1497 2469 1553 9.
2512 1496 2599 1550 Va:
2634 1497 2714 1548 his
2736 1495 2825 1561 qui
2856 1492 3179 1561 conjungunt
3202 1488 3413 1540 domum
3444 1483 3511 1536 ad
3540 1484 3640 1535 do-

2065 1607 2226 1651 mum,
2266 1598 2317 1643 et
2342 1603 2528 1656 agrum
2558 1588 2625 1638 ad
2670 1601 2854 1653 agrum
2883 1582 3326 1649 appropinquant,
3374 1584 3430 1627 ut
3470 1574 3642 1627 vicino

2066 1683 2265 1752 utquid
2301 1681 2570 1742 auferant.
2606 1679 2687 1730 An
2734 1676 2830 1728 soli
2872 1672 3172 1726 habitabilis
3209 1672 3264 1722 in
3316 1668 3492 1721 terra?
3533 1665 3645 1717 Au-

2065 1777 2179 1827 dita
2210 1784 2328 1827 sunt
2359 1772 2496 1824 enim
2526 1772 2636 1824 ha'c
2672 1769 2727 1821 in
2764 1768 2979 1819 auribus
3012 1763 3220 1816 Domini
3250 1760 3502 1815 Sabaoth.

2136 1864 2213 1919 Ne
2241 1866 2363 1934 quis
2388 1863 2661 1916 existimet
2688 1860 2887 1913 frustra
2918 1871 3038 1910 eum
3075 1854 3126 1908 in
3146 1852 3394 1908 lsraelem
3418 1849 3644 1910 dixisse,

2065 1968 2119 2013 et
2146 1958 2265 2012 sine
2295 1971 2458 2011 causa
2495 1950 2815 2008 calumniari
2844 1951 3081 2014 vineam,
3111 1955 3299 2013 utpote
3331 1958 3435 1998 non
3489 1955 3642 2002 uvas,

2063 2052 2157 2105 sed
2180 2050 2361 2119 spinas
2391 2047 2713 2115 parientem,
2752 2042 2807 2095 id
2841 2050 2944 2105 est,
2998 2054 3098 2108 pro
3131 2036 3334 2105 judicio
3381 2041 3436 2088 et
3482 2031 3647 2100 atqui-

2066 2152 2193 2205 tate,
2228 2140 2589 2209 iniquitatem,
2622 2149 2719 2205 pro
2745 2132 2957 2203 iustitia
2990 2130 3313 2188 clamorem,
3363 2120 3645 2179 commode

2063 2242 2345 2288 enumerat
2374 2247 2434 2285 ea
2462 2246 2525 2283 ex
2552 2227 2771 2296 quibus,
2800 2224 3151 2295 quamobrem
3190 2217 3642 2273 fueritaccusata,

2064 2326 2263 2379 intueri
2310 2339 2375 2378 ac
2404 2325 2589 2377 videre
2625 2322 2785 2375 liceat
2819 2332 2973 2377 :,non
3013 2322 3231 2384 propter
3260 2309 3500 2379 vulgaria
3531 2306 3652 2375 jam

2063 2430 2119 2474 et
2141 2418 2470 2483 communia,
2517 2416 2609 2470 sed
2646 2421 2864 2483 propter
2905 2425 2969 2464 ea
3002 2424 3121 2477 qua:
3159 2406 3503 2459 vehementer
3542 2399 3659 2468 legi‘

2069 2510 2420 2566 dissentanea
2458 2516 2601 2570 sunt,
2640 2506 2981 2571 maximeque
3020 2501 3128 2554 Deo
3172 2497 3388 2550 virtutis
3440 2491 3647 2546 amanti

2067 2601 2262 2655 invisa.
2296 2599 2419 2654 Ideo
2447 2597 2580 2652 dicit
2614 2616 2626 2650 :
2666 2613 2683 2645 ι
2711 2593 2803 2649 ναι
2838 2593 2920 2646 bis
2947 2591 3037 2660 qui
3069 2589 3406 2657 coniungunt
3429 2585 3645 2636 domum

2067 2691 2274 2757 domui,
2301 2699 2356 2744 et
2402 2703 2590 2758 agrum
2641 2700 2763 2740 cum
2809 2698 2939 2751 agro
2977 2679 3254 2748 copulant,
3295 2685 3354 2729 ut
3403 2671 3650 2743 proximo

2067 2783 2269 2853 aliquid
2315 2780 2582 2834 auferant.
2623 2798 2641 2828 ι
2683 2778 2829 2831 lnest
2864 2775 3006 2831 enim
3040 2770 3262 2827 omnino
3304 2768 3387 2821 bis
3432 2765 3521 2834 qui
3565 2762 3648 2817 di-

2071 2884 2276 2927 tescere
2321 2869 2527 2934 volunt,
2573 2879 2628 2924 et
2675 2866 2765 2935 qui
2802 2865 3042 2935 potentia
3094 2862 3291 2922 valent,
3333 2866 3391 2910 ut
3435 2867 3650 2921 semper

2069 2956 2353 3034 acquisitis
2382 2962 2517 3031 jam,
2567 2958 2767 3028 aliquid
2816 2959 2922 3011 huc
2966 2954 3131 3007 velint
3183 2948 3543 3010 accumulare,
3597 2953 3656 2999 et

2071 3068 2132 3110 nt
2166 3071 2292 3109 suas
2336 3053 2627 3109 facultates
2662 3067 2727 3106 ac
2759 3050 2945 3117 copias
2983 3045 3205 3100 inﬁnitis
3247 3038 3659 3097 accessionibus

2070 3162 2392 3203 coacervare
2420 3146 2726 3200 videantur.
2760 3142 3090 3196 lnsidiantur
3125 3137 3267 3190 enim
3314 3147 3528 3202 semper
3567 3144 3653 3182 ac-

2071 3237 2204 3291 colis
2232 3236 2446 3300 vicinis,
2473 3244 2528 3289 et
2558 3233 2798 3287 urbanas
2835 3246 2920 3285 res
2952 3228 3285 3298 ampliﬁcare
3321 3228 3558 3284 student,
3597 3227 3653 3274 et

2070 3324 2322 3379 dominos
2366 3324 2480 3377 suis
2505 3321 2723 3391 praediis
2768 3319 3027 3373 ﬁnitimos
3066 3316 3403 3386 opprimunt,
3435 3321 3491 3365 et
3527 3325 3650 3363 cum

2070 3419 2184 3473 suis
2234 3415 2588 3483 coniungunt.
2628 3412 2724 3466 Est
2767 3412 2910 3466 enim
2940 3407 3246 3463 insatiabile
3286 3405 3539 3473 quiddam
3573 3401 3657 3455 vir

2066 3510 2238 3574 dives,
2272 3506 2539 3575 siquidem
2575 3504 2717 3572 quod
2759 3502 2887 3555 velit
2917 3500 2964 3555 ei
3000 3500 3159 3553 liceat
3182 3496 3336 3550 facile
3369 3494 3650 3564 perﬁcere.

2063 3596 2171 3667 85
2204 3597 2457 3662 Quiescet
2482 3593 2625 3646 enim
2649 3602 3136 3659 nunquam,neque
3158 3586 3393 3640 cessabit
3424 3585 3656 3653 proximi

2065 3690 2222 3743 bonis
2251 3686 2492 3741 inhiare:
2513 3684 2655 3754 quod
2678 3682 2915 3737 nondum
2947 3681 3116 3745 adest,
3137 3678 3274 3743 sitit,
3300 3689 3488 3746 etquze
3522 3691 3658 3729 non-

2065 3781 2189 3836 dtnn
2206 3790 2393 3847 parata
2409 3785 2555 3843 sunt,
2569 3773 3025 3844 concupiscitﬂm
3045 3771 3228 3842 igitur,
3247 3770 3442 3838 inquit,
3463 3766 3543 3826 his
3561 3767 3654 3835 qui

2065 3870 2491 3938 voluntjungere
2511 3866 2625 3922 suis
2650 3866 2853 3920 aedibus
2873 3864 3097 3927 alienas,
3139 3869 3190 3915 et
3208 3874 3368 3931 agros
3405 3859 3572 3928 agris,
3595 3855 3658 3908 ut

2066 3964 2315 4031 proximo
2344 3962 2593 4015 auferant
2633 3957 3096 4027 aliquid.Semper
3126 3954 3267 4007 enim
3291 3967 3509 4006 causam
3537 3962 3657 4003 stn-

2067 4054 2197 4107 dent
2213 4051 2531 4115 obtendere,
2548 4064 2648 4104 cur
2664 4048 2785 4116 plus
2804 4048 2899 4117 ipsi
2921 4046 3199 4115 possidere
3218 4044 3468 4105 debeant,
3483 4050 3536 4095 et
3553 4055 3652 4095 cur

2069 4146 2202 4200 alios
2215 4145 2315 4199 sibi
2330 4144 2612 4213 contiguos
2632 4154 2873 4197 essenon
2894 4148 3139 4209 Oporteat
3158 4156 3169 4189 :
3187 4136 3309 4190 dein
3332 4132 3653 4189 imbecillio-

2073 4258 2158 4296 res
2184 4249 2401 4312 cogunt,
2425 4248 2479 4293 et
2504 4238 2668 4308 impie
2692 4237 2909 4303 rapiunt
2929 4234 2995 4287 ab
3016 4232 3120 4287 illis
3137 4229 3462 4300 ejulantibus
3482 4228 3656 4281 inter~

2071 4336 2220 4397 dum,
2240 4341 2295 4388 et
2317 4341 2508 4387 contra
2540 4344 2725 4384 eorum
2766 4327 3026 4383 smvitiam
3047 4321 3494 4377 vociferantibus.
3512 4318 3653 4384 Quid

2073 4425 2237 4494 igitur
2256 4424 2361 4478 illis
2379 4422 2509 4476 dicit
2530 4434 2706 4474 sermo
2724 4415 3104 4489 propheticus?
3120 4412 3325 4481 Ecquid
3344 4410 3660 4465 babitabitis

2075 4518 2173 4572 soli
2202 4517 2255 4570 in
2281 4514 2461 4570 terra?
2501 4510 2709 4582 Ecquid
2755 4510 2921 4573 enim,
2955 4508 3148 4575 inquit,
3184 4519 3279 4559 vos
3329 4515 3452 4557 esse
3509 4500 3659 4554 solos

382 4593 721 4663 οιμώζοντας
745 4595 858 4648 ἔσθ’
887 4596 997 4660 ὅτε,
1034 4598 1129 4652 καὶ
1160 4598 1260 4668 τῆς
1297 4599 1523 4671 ἐνούσης
1561 4601 1744 4663 αὐτοῖς
1772 4602 1966 4669 ,σκαιό-

2070 4612 2123 4665 in
2154 4618 2296 4661 terra
2327 4602 2703 4660 arbitramini?
2755 4615 2931 4653 annon
2985 4597 3261 4667 praesidet,
3302 4604 3356 4648 ct
3383 4609 3500 4662 quae
3536 4601 3657 4644 acta

386 4702 550 4756 τητος
583 4687 1091 4758 κατακεκραγότας.
1127 4688 1192 4740 Τί
1236 4684 1330 4742 οῦν
1371 4689 1477 4760 ἄρα
1523 4693 1685 4761 φησὶν
1729 4693 1910 4756 αὐτοῖς
1940 4694 1970 4746 6

389 4776 729 4848 προφητικδς
753 4779 946 4847 λόγος;
974 4782 1066 4852 Μὴ
1097 4782 1349 4851 οἰκήσετε
1390 4784 1542 4852 μόνοι
1574 4785 1668 4837 ἐπὶ
1699 4784 1796 4853 τῆς
1826 4785 1966 4856 γῆς;

390 4862 537 4939 Ἀρα
566 4869 695 4942 γὰρ,
730 4873 915 4941 φησὶν,
946 4872 1121 4926 οἴεσθε
1163 4874 1355 4945 μόνους
1393 4875 1539 4945 ὑμᾶς
1569 4877 1710 4930 κατά
1740 4880 1837 4947 τὴν
1864 4878 1969 4948 γῆν

390 4961 681 5031 ὑπάρχειν,
725 4962 800 5033 μὴ
838 4964 1203 5034 ἐφεστηκότος
1224 4965 1380 5033 Θεοῦ,
1427 4967 1522 5020 καὶ
1576 4968 1880 5040 ἐφορῶντος
1899 4970 1968 5023 τὰ

393 5054 678 5125 δρώμενα;
701 5056 893 5110 Καίτοι
911 5057 1032 5112 λίαν
1062 5060 1228 5127 ἐγγὺς
1253 5060 1282 5112 6
1308 5061 1416 5113 τῶν
1448 5061 1584 5116 ὅλων
1615 5062 1732 5115 ἐστὶ
1758 5063 1967 5116 Δεσπό-

396 5162 514 5216 της·
543 5146 789 5218 ἠκούσθη
815 5148 884 5202 τὰ
911 5151 1042 5219 παρ’
1077 5150 1252 5221 ὑμῶν.
1290 5154 1398 5205 Καὶ
1430 5154 1548 5206 τίνα
1573 5154 1808 5223 τρόπον;
1843 5156 1973 5219 ἴσως

396 5239 596 5309 ἐρεῖτε.
632 5240 1152 5312 Κατακεκραγότων
1185 5243 1426 5315 δηλονότι
1458 5244 1568 5297 τῶν
1604 5246 1975 5315 ἠδικημένων.

400 5330 656 5387 Τοιοῦτόν
679 5350 731 5387 τι
764 5336 857 5387 καὶ
887 5335 916 5386 ὁ
946 5336 1197 5407 Σωτῆρος
1241 5339 1374 5407 ἡμῖν
1419 5338 1665 5407 γέγραφε
1699 5340 1972 5411 μαθητής·

406 5443 426 5475 ς
441 5427 575 5494 ’Δγε
594 5426 713 5490 νῦν,
732 5429 781 5480 oi
803 5427 1069 5494 πλούσιοι,
1093 5429 1362 5482 κλαύσατε
1378 5429 1722 5496 ὀλολύζοντες
1744 5433 1836 5486 ἐπὶ
1858 5437 1978 5498 ταῖς

401 5513 801 5587 ταλαιπωρίαις
856 5517 985 5587 ὑμῖν
1026 5520 1147 5579 ταῖς
1190 5517 1603 5588 ἐπερχομέναις.
1629 5538 1647 5569 ι
1703 5520 1813 5571 Καὶ
1844 5520 1979 5590 πρὸς

403 5627 466 5677 γε
498 5612 670 5683 τούτῳ
715 5610 902 5682 φησίνο
944 5630 962 5663 ι
986 5611 1117 5665 Ἰδοὺ
1154 5613 1184 5664 6
1237 5611 1427 5681 μισθὸς
1458 5611 1567 5665 τῶν
1596 5612 1842 5684 ἐργατῶν
1872 5613 1979 5665 τῶν

406 5704 736 5776 ἀμησάντων
765 5703 865 5768 τὰς
890 5701 1073 5775 χώρας
1105 5702 1280 5774 ὑμῶν.
1319 5704 1377 5757 Ὁ
1409 5706 1849 5779 ἀπεστερημένος
1887 5707 1979 5775 ἀφ’

476 5888 709 5947 “Joan.
750 5906 863 5958 xtx,
920 5889 1003 5946 15.
1079 5889 1122 5923 ’ί
1178 5889 1293 5948 Jac.
1348 5890 1567 5959 ν,1,ι.

2077 4709 2206 4755 sunt
2269 4697 2493 4764 inspicit
2552 4693 2725 4748 Deus?
2762 4691 3081 4758 Quanquam
3133 4685 3419 4741 admodum
3481 4697 3649 4752 prope

2074 4801 2158 4846 est
2219 4789 2594 4842 universorum
2648 4784 2821 4837 Deus:
2865 4783 3046 4835 audita
3108 4786 3236 4832 sunt
3293 4778 3407 4829 hzec
3462 4782 3650 4828 vestra

2075 4882 2339 4939 facinora.
2364 4879 2435 4932 At
2456 4875 2766 4947 quomodo?
2802 4872 2986 4928 forsan
3026 4870 3239 4927 dicetis.
3270 4866 3662 4921 Exclamarunt

2076 4973 2324 5028 videlicet
2349 4970 2403 5025 hi
2438 4971 2526 5039 qui
2559 4968 2753 5037 injuria
2778 4965 2955 5021 affecti
2991 4972 3137 5019 sunt.
3173 4960 3361 5016 Simile
3393 4958 3653 5028 quiddam

2076 5066 2384 5120 Servatoris
2409 5062 2706 5134 discipulus
2732 5060 2969 5129 scripsit.
3002 5075 3021 5109 ι
3054 5056 3212 5126 Agite
3242 5069 3404 5119 nunc,
3435 5051 3655 5115 divites,

2075 5156 2283 5227 plorate
2309 5155 2573 5210 ululantes
2597 5155 2648 5207 in
2682 5152 2913 5207 miseriis
2938 5164 3058 5220 qua:
3088 5162 3185 5202 vos
3224 5145 3503 5200 invadunt.
3535 5162 3552 5194 ι
3587 5142 3656 5197 Et

2077 5249 2142 5303 ad
2165 5249 2279 5303 haec
2307 5246 2469 5301 dicit:
2497 5265 2515 5298 ι
2551 5245 2690 5300 Ecce
2717 5258 2923 5298 merces
2940 5240 3312 5311 operariorum
3331 5236 3421 5306 qui
3446 5237 3659 5290 dentes-
3708 5247 3713 5280 ι

2077 5348 2301 5409 suerunt
2331 5340 2532 5410 praedia
2576 5347 2776 5392 vestra.
2811 5334 3138 5391 Defraudata
3173 5347 3203 5385 a
3232 5330 3385 5385 vobis
3425 5329 3652 5391 clamat,

2075 5444 2129 5489 et
2181 5432 2596 5488 vociferationes
2624 5446 2810 5486 eorum
2857 5428 2948 5498 qui
2998 5432 3337 5482 messuerunt
3364 5422 3430 5475 ad
3498 5434 3661 5473 aures

2082 5525 2287 5580 Domini
2314 5524 2549 5579 Sabaoth
2568 5519 3008 5592 pervenerunt".
3036 5537 3055 5570 ι
3076 5516 3299 5585 Accepit
3314 5513 3456 5569 enim
3474 5526 3659 5581 prom-

2080 5617 2324 5686 ptissime
2359 5630 2519 5671 voces
2549 5629 2736 5670 eorum
2787 5613 2876 5682 qui
2927 5611 3103 5667 vexati
3150 5619 3278 5663 sunt
3317 5621 3345 5658 a
3400 5603 3659 5659 divitibus

2082 5708 2427 5766 Sanctissima
2479 5716 2532 5763 et
2570 5704 2938 5777 improbitatis
2976 5701 3198 5757 inimica
3256 5705 3471 5753 natura.
3505 5691 3673 5763 Quod,
