4094 6366
415 417 524 495 υτ

1411 424 1468 480 S.
1506 422 1783 499 (ιγῃιιιι
1823 422 2298 478 ΑιΕιιΑΝῡιιιΝι
2338 421 2659 493 ARCHIEP.

3585 417 3688 498 us

410 552 590 599 autem
617 554 723 595 non
754 542 979 597 recessit
1026 543 1094 599 ab
1122 542 1457 608 hominibus,
1485 544 1834 605 confirmabit
1884 545 2001 615 ipse

2126 543 2260 615 ip.th
2290 542 2502 614 κράξει,
2543 541 2639 595 καὶ
2701 539 2757 594 αἱ
2813 536 2936 606 βοαὶ
2991 534 3099 591 τῶν
3128 532 3460 608 Θερισάντων
3493 535 3573 599 είς
3620 534 3689 589 τά

412 646 536 685 cum
581 630 755 686 dicit:
805 631 995 692 «Deus
1052 633 1493 706 appropinquans
1554 652 1659 707 ego
1711 652 1852 699 sum,
1919 636 1998 691 ait

413 724 692 787 Dominus,
718 733 775 780 et
807 741 913 779 non
969 726 1111 781 Deus
1172 726 1362 797 procul
1397 725 1469 798 ε’.
1507 745 1527 779 ι
1565 727 1801 782 Audiam
1866 742 2003 798 ergo

411 814 500 882 qui
535 814 781 870 avaritiae
812 816 975 886 dediti
1018 827 1167 885 sunt,
1202 827 1254 871 et
1282 821 1374 888 qui
1423 818 1531 872 vim
1562 818 1825 875 fratribus
1862 818 2000 873 infe-

414 900 870 975 runt:Numquid
904 904 1224 975 habitabilis
1256 908 1353 962 soli
1407 907 1460 962 in
1508 909 1692 963 terra?
1731 909 2001 966 .Prazseus

414 1000 501 1044 est
548 992 693 1044 enim
740 992 1119 1065 universorum
1166 993 1331 1067 Deus.
1359 996 1655 1065 Sciendum
1688 1014 1822 1067 vero
1858 1002 2002 1073 quod

421 1082 685 1166 propheta
736 1084 880 1139 aliud
935 1086 1190 1155 quiddam
1254 1103 1361 1147 non
1429 1089 1776 1153 invenustum
1846 1093 2005 1161 nobis

417 1175 569 1232 hisce
638 1179 819 1233 verbis
885 1178 1081 1235 innuit.
1118 1178 1162 1235 Ο
1192 1182 1385 1239 divites
1445 1184 1615 1251 enim,
1643 1186 1841 1257 inquit,
1875 1188 2005 1260 quid

418 1268 652 1336 proximi
712 1269 849 1325 bona
905 1273 1095 1341 rapitis
1148 1282 1203 1329 et
1246 1274 1486 1331 vicinum
1520 1276 1645 1333 odio
1684 1278 2008 1336 habuistis?

420 1359 645 1416 Eveniet
692 1376 845 1430 sane,
886 1374 946 1419 ut
983 1380 1081 1421 vos
1135 1366 1233 1422 soli
1303 1367 1615 1425 inhabitetis
1703 1371 2007 1444 regionem,

419 1453 725 1507 exturbatis
758 1452 880 1508 aliis
905 1456 1179 1513 omnibus.
1212 1458 1521 1515 Desolatam
1549 1460 1779 1529 proinde
1806 1470 2008 1518 terram

420 1553 477 1598 et
503 1559 730 1599 vacuam
771 1546 1173 1607 habitatoribus
1212 1552 1470 1609 reddetis.
1510 1552 1699 1625 Itaque
1746 1557 2008 1628 optimum

419 1645 476 1690 et
541 1636 1031 1710 consultissimum,
1074 1656 1136 1697 ea
1217 1644 1392 1700 solum
1438 1650 1717 1717 suscipere
1784 1664 1906 1719 qua:
1945 1649 2014 1705 ad

423 1727 588 1781 vitam
629 1729 812 1805 seipsa
880 1740 1193 1806 contentam
1230 1747 1295 1789 ac
1336 1736 1671 1805 moderatam
1715 1739 2013 1808 pertinent.

422 1819 523 1893 Est
552 1821 754 1875 etenim
774 1823 952 1905 portio
980 1826 1156 1896 tenuis
1183 1841 1305 1895 cum
1336 1828 1531 1895 timore
1564 1829 1776 1887 Domini
1823 1832 2016 1889 melior

2100 630 2215 690 ὦτα
2255 635 2462 707 Κυρίου
2494 630 2722 687 Σαϐαὼθ
2770 628 3209 701 εἰσεληλύθασιν.
3244 646 3263 680 ι
3318 628 3541 697 Δέχεται
3581 626 3693 699 γὰρ

2101 730 2196 793 καὶ
2228 729 2349 782 λίαν
2404 726 2636 797 ἑτοίμως
2663 724 2762 790 τὰς
2807 722 2918 777 τῶν
2976 719 3483 790 πλεονεκτουμένων
3507 718 3694 786 φωνὰς

2101 823 2135 893 ἡ
2166 821 2411 889 παναγία
2469 836 2528 872 τε
2563 818 2658 872 καὶ
2692 816 3058 888 μισοπόνηρος
3104 812 3286 883 φύσις.
3329 811 3451 865 Ὅτι
3493 809 3551 863 δὲ
3593 810 3694 863 οὑκ

2103 913 2383 984 ἀφέστηκε
2411 912 2520 965 τῶν
2560 911 2654 965 ἐπὶ
2705 912 2805 981 τῆς
2843 910 2967 978 γῆς,
3023 902 3357 959 πιστώσεται
3402 900 3574 969 λέγων
3598 900 3698 954 αὐ-

2102 1007 2213 1071 τός·
2258 1006 2429 1069 «Θεὸς
2460 1004 2696 1074 ὲγγίζων
2731 1001 2843 1073 ἐγώ
2872 1002 3009 1072 είμι,
3054 999 3203 1067 λέγει
3240 995 3467 1069 Κύριος,
3501 993 3596 1049 καὶ
3630 992 3695 1046 οὐ

2106 1099 2237 1164 Θεὸς
2261 1098 2565 1170 πόρρωθεν.
2598 1117 2615 1149 ι
2663 1093 3038 1156 Ἀκουέτωσαν
3066 1090 3246 1145 τοίνυν
3266 1089 3317 1142 οἱ
3356 1086 3699 1141 πλεονεκτεῖν

2107 1187 2405 1251 ἐθέλοντες,
2437 1188 2531 1240 καὶ
2559 1186 2787 1257 βιάζειν,
2820 1186 2915 1238 καὶ
2936 1182 3258 1254 διαρπάζειν
3286 1177 3571 1248 ἀδελφούς-μ
3603 1174 3697 1247 Μὴ

2107 1281 2359 1352 οἰκήσετε
2388 1280 2539 1351 μόνοι
2573 1278 2666 1332 ἐπὶ
2692 1279 2790 1349 τῆς
2816 1280 2947 1349 γῆς;
2979 1273 3347 1346 Πάρεστιγὰρ
3367 1273 3395 1326 ὁ
3422 1269 3530 1324 τῶν
3561 1267 3699 1323 ὅλων

2108 1372 2260 1435 Θεός.
2292 1372 2488 1427 ’ἰστέον
2513 1371 2570 1425 δὲ
2602 1371 2631 1425 ὃ
2660 1387 2744 1437 τι,
2781 1369 2959 1425 καίτοι
2988 1366 3130 1421 κατά
3154 1365 3217 1419 τὺ
3241 1365 3388 1428 εἰκὸς
3420 1361 3531 1424 τῶν
3559 1360 3700 1429 ἄγαν

2110 1461 2500 1532 ἀστειοτάτων,
2530 1463 2559 1515 ὁ
2595 1460 2883 1533 προφήτης
2906 1460 3040 1529 ἡμῖν
3069 1458 3128 1512 ὲν
3172 1454 3381 1517 τούτοις
3416 1449 3696 1520 ύποδηλοί’

2113 1551 2186 1610 Ὦ
2210 1554 2321 1628 γὰρ
2353 1554 2620 1620 πλούσιοι,
2652 1552 2807 1623 φησὶ,
2842 1549 2894 1609 τί
2918 1548 2989 1603 τὰ
3013 1547 3109 1602 τοῦ
3136 1545 3363 1618 πλησίον
3394 1542 3702 1615 ἀρπάζετε,

2116 1650 2213 1707 καὶ
2259 1650 2607 1722 μεμισήκατε
2650 1645 2743 1700 τὸν
2793 1642 2999 1713 ὲγγύς;
3066 1640 3416 1711 Συμϐήσεται
3485 1636 3706 1698 πάντως

2115 1745 2252 1815 ὑμῖν
2278 1742 2343 1813 δὴ
2381 1740 2476 1802 καὶ
2514 1739 2699 1812 μόνοις
2735 1738 2955 1808 οἰκῆσαι
2992 1734 3093 1806 τὴν
3147 1730 3352 1804 χώραν,
3382 1727 3490 1789 τῶν
3529 1726 3706 1782 ἄλλων

2117 1836 2373 1892 ἁπάντων
2406 1830 2817 1903 ἐξωθουμένων.
2840 1829 3091 1900 Ἐρημον
3117 1820 3210 1881 οὖν
3240 1822 3351 1889 τῶν
3387 1817 3709 1891 κατῳκηκό-

423 1927 585 1988 quam
618 1913 769 1968 multi
804 1924 1100 1985 proventus
1137 1933 1261 1989 cum
1298 1919 1589 1991 injustitia.
1637 1923 1816 1995 thue
1851 1928 2014 1982 etiam

2126 1942 2228 1980 των
2280 1924 2615 1992 ἀποφανεῖτε
2673 1920 2772 1992 τὴν
2832 1921 2955 1991 γῆν.
3006 1917 3263 1987 Ἀριστον
3308 1908 3403 1966 οὖν
3453 1910 3566 1982 ἀρα
3608 1906 3709 1965 καὶ

424 2004 629 2077 aliquid
648 2020 713 2060 ex
735 2007 906 2063 sacris
928 2007 1152 2080 Litteris
1170 2012 1510 2082 desumptum
1527 2026 2014 2075 commemoretur:

425 2096 641 2179 praefuit
667 2099 888 2179 quidam
931 2101 1059 2157 olim
1084 2103 1269 2159 lsraeli
1310 2105 1362 2160 in
1411 2104 1682 2172 Samaria,
1716 2108 1805 2178 qui
1858 2109 2019 2165 domo

426 2197 744 2258 sumptuosa
805 2202 860 2246 et
934 2193 1221 2263 magniﬁca
1318 2195 1420 2251 sibi
1472 2205 1790 2264 exstructa,
1835 2198 1904 2256 de
1953 2215 2016 2257 ea

426 2280 651 2348 decidit,
706 2296 771 2338 ac
819 2282 1107 2340 confestim
1163 2286 1345 2356 periit.
1408 2286 1567 2344 Hunc
1628 2289 1771 2347 Deus
1829 2306 2015 2362 repre-

427 2372 669 2444 bendens
691 2383 751 2428 ut
780 2376 870 2446 qui
898 2375 1104 2432 frustra
1125 2376 1464 2438 laborasset:
1489 2380 2017 2455 Ediﬁcastiﬁnquit,

2122 2016 2305 2087 σοφὸν,
2340 2010 2750 2087 μεταποιεῖσθαι
2785 2011 2962 2083 μόνων
2996 2007 3106 2063 τῶν
3134 2007 3217 2070 είς
3255 2003 3585 2074 αὐτάρκειαν
3609 1997 3710 2087 τὴν

2123 2086 2571 2179 μεμετρημένην.
2602 2101 2889 2175 Κρείσσων
2907 2100 3017 2170 γὰρ
3048 2098 3206 2170 μερὶς
3239 2092 3413 2167 μικρά
3451 2088 3591 2161 μετά
3614 2086 3710 2141 τοῦ

2120 2201 2285 2273 φόϐου
2326 2201 2562 2273 Κυρίου,
2601 2196 2835 2271 ἢπολλὰ
2855 2196 3141 2266 γενήματα
3198 2191 3338 2263 μετά
3370 2188 3603 2248 ἀδικίας.
3647 2184 3713 2239 Εἰ

2119 2296 2178 2350 δὲ
2206 2295 2270 2367 δή
2304 2313 2357 2349 τι
2385 2293 2493 2367 χρὴ
2524 2294 2619 2348 καὶ
2652 2291 2710 2359 ἐξ
2742 2288 2906 2362 ἱερῶν
2954 2285 3298 2359 γραμμάτων
3333 2281 3599 2344 λαϐόντας
3628 2278 3712 2332 εί-

2126 2389 2269 2453 πεῖν,
2301 2384 2652 2457 βεϐασίλευκὲ
2675 2400 2759 2448 τις
2785 2380 2892 2435 τῶν
2916 2381 2973 2435 ἐν
3006 2377 3291 2451 Σαμαρείᾳ
3318 2373 3463 2430 κατά
3487 2368 3713 2443 καιροὺς

430 2465 525 2519 tibi
548 2466 647 2549 ipsi
670 2468 885 2524 domum
904 2469 1018 2542 86
1048 2472 1317 2529 concinne
1339 2472 1714 2542 fabrefactam,
1749 2478 2023 2535 cenacula

2126 2478 2223 2533 τοῦ
2270 2476 2507 2549 Ἰσραὴλ,
2540 2477 2599 2539 ὃς
2637 2476 2702 2547 δὴ
2723 2475 2819 2529 καὶ
2862 2468 3011 2527 οἶκον
3050 2469 3506 2524 πολυτελέστατον
3535 2460 3714 2533 ἑαυτῷ

426 2544 735 2639 perﬂatilia,
761 2558 980 2615 diducta
1005 2559 1291 2629 fenestris,
1311 2565 1599 2621 materiata
1617 2568 1803 2636 cedro,
1830 2576 1883 2622 et
1902 2584 2025 2639 per-

2125 2572 2463 2642 ἀναστήσας,
2497 2568 2688 2623 πίπτει
2741 2567 2840 2639 μὲν
2873 2567 3006 2638 παρ’
3040 2562 3207 2618 αὑτοῦ
3246 2560 3344 2615 καὶ
3371 2555 3717 2630 παραχρῆμα

429 2631 595 2735 uncta
616 2650 802 2707 minio.
849 2651 966 2708 Non
1012 2655 1286 2725 regnabis,
1314 2657 1439 2727 quia
1479 2667 1533 2711 tu
1580 2631 1918 2730 exasperain
1971 2662 2023 2718 in

2126 2631 2753 2731 διόλλυταιίλιελέγχων
2780 2660 2838 2713 δὲ
2889 2631 3024 2721 Θείις
3063 2658 3138 2720 ὡς
3172 2653 3299 2724 εἰκῆ
3344 2648 3706 2720 πεποιηκότα,

426 2740 649 2816 Achaco
676 2752 831 2813 patre
874 2752 985 2800 tuo.
1019 2744 1209 2803 Melius
1268 2748 1362 2803 tibi
1406 2748 1600 2817 fuisset
1634 2749 1900 2820 judicium
1963 2764 2020 2810 et

2127 2756 2311 2828 φησίν·
2346 2754 2716 2827 ᾭκοδόμησας
2734 2750 2947 2823 σεαυτῷ
2963 2746 3111 2804 οἷκον
3137 2747 3472 2818 σύμμετρον,
3489 2738 3718 2811 ὑπερῷα.Δ

429 2833 745 2913 przeclaram
783 2836 1049 2913 justitiam
1089 2840 1465 2914 esercuisseJ
1494 2841 1613 2908 Non
1640 2845 1784 2900 enim
1824 2847 2020 2916 prode-

432 2933 562 2978 runt
589 2926 831 2984 thesauri
865 2929 1088 3001 iniquis,
1119 2950 1139 2984 ι
1168 2931 1332 2988 sicuti
1365 2932 1629 3005 scriptum
1655 2945 1740 2992 est
1757 2935 1826 3004 ⁸³,
1864 2955 1886 2993 (
1921 2937 2017 2994 sed

426 3015 637 3105 justitia
671 3019 922 3078 liberabit
975 3037 1008 3078 a
1043 3035 1270 3081 morte.»

2128 2846 2377 2921 ριπιστά,
2406 2846 2770 2918 διεσταλμένα
2795 2843 3030 2915 θυρίσιν,
3061 2838 3377 2910 ὲξυλωμένα
3399 2837 3465 2889 ὲκ
3486 2833 3714 2903 κέδρων,

2123 2942 2220 3002 καὶ
2249 2939 2586 3012 κεχρισμένα
2632 2938 2691 2992 ὲν
2748 2937 2943 3008 μίλτῳ.
2996 2932 3090 3005 Μὴ
3138 2925 3597 3012 βασιλεύσῃς,ὄτι
3648 2921 3717 2974 σὺ

2124 3010 2485 3105 παρωξύνθης
2527 3032 2586 3086 ὲν
2626 3030 2792 3101 Ἀχάς
2820 3027 2897 3099 τῷ
2928 3025 3094 3099 πατρί
3146 3041 3262 3078 σου.
3290 3020 3508 3074 Βέλτιον
3546 3010 3616 3087 ἦν
3655 3029 3717 3066 σε

433 3114 608 3184 ποιεῖν
637 3114 811 3186 κρίμα
857 3117 952 3170 καὶ
1000 3119 1347 3192 δικαιοσύνην
1400 3122 1591 3195 καλήν.
1632 3144 1651 3177 ι
1685 3126 1759 3181 Ού
1820 3127 1927 3199 γάρ
1974 3128 2042 3184 ἂν
2078 3130 2335 3202 όνήσουσι
2369 3127 2634 3201 θησαυροὶ
2670 3126 2929 3197 ἀνόμους,
2962 3142 2982 3176 ι
3016 3120 3161 3175 κατὰ
3202 3118 3265 3173 τὸ
3304 3112 3715 3187 γεγραμμένον

443 3227 460 3257 ι
499 3207 812 3279 δικαιοσύνη
851 3209 909 3263 δὲ
949 3210 1173 3281 ῥύσεται
1211 3214 1277 3265 ὲκ
1310 3212 1564 3272 θανάτου.
1597 3237 1615 3269 ι

511 3298 677 3375 Vens.
704 3302 865 3357 9.10.
893 3301 953 3357 Si
986 3303 1124 3358 enim
1164 3305 1360 3374 fuerint
1382 3308 1569 3365 domus
1591 3310 1793 3376 multm,
1818 3328 2024 3383 magna:
2051 3315 2096 3376 C

436 3403 486 3469 et
525 3393 776 3461 pulcltrw.
818 3394 1038 3449 deserta:
1089 3407 1276 3451 erunt:
1313 3413 1404 3452 nec
1454 3410 1606 3454 erunt
1645 3402 1734 3472 qui
1789 3403 2022 3457 habitent

438 3486 493 3536 in
562 3484 691 3537 illis.
741 3483 844 3538 Ubi
898 3486 1037 3539 enim
1102 3487 1278 3541 decem
1341 3487 1476 3559 juga
1535 3492 1690 3545 boum
1756 3491 2025 3559 laborant,

439 3575 634 3651 facient
683 3576 1022 3647 lagunculam
1062 3594 1258 3632 unam:
1299 3589 1348 3634 et
1386 3581 1477 3651 qui
1523 3582 1749 3637 seminat
1812 3583 2024 3638 artabas

438 3683 551 3731 sex,
589 3667 744 3738 faciet
776 3685 1051 3725 mensuras
1081 3681 1207 3726 tres.

515 3761 778 3817 Audierat
814 3763 958 3817 enim
1011 3761 1200 3837 procul
1253 3762 1421 3831 dubio
1482 3760 1745 3817 Dominus
1785 3760 2025 3818 Sabaoth

441 3853 665 3925 auribus
700 3853 815 3908 suis
864 3854 1150 3925 avaritiam
1210 3853 1574 3923 potentiorum
1621 3868 1726 3924 qua
1782 3853 1863 3909 usi
1901 3862 2025 3910 sunt

443 3945 500 4015 in
564 3943 720 3999 alios.
754 3942 893 4010 Quid
924 3945 1101 4019 ergo?
1150 3942 1288 4013 Num
1330 3944 1630 4015 conticuit?
1684 3959 1811 3999 num
1867 3945 2031 3999 tacite

443 4038 688 4113 dimisit:
708 4052 833 4090 num
860 4038 954 4108 ira:
977 4038 1183 4092 frenum
1205 4037 1386 4101 intulit
1401 4037 1424 4095 ἲ
1440 4034 1811 4107 Nequaquam,
1832 4036 2028 4106 inquit.

443 4128 622 4199 Atque
679 4128 843 4201 hujus
893 4129 971 4191 rei
1026 4128 1373 4202 perspicuum
1439 4137 1843 4200 argumentum,
1884 4129 2029 4196 quod

443 4222 683 4287 ostendit
718 4222 936 4293 irritum
1001 4221 1241 4278 studium
1290 4235 1413 4277 esse
1466 4236 1654 4283 eorum
1703 4220 1800 4291 qui
1849 4234 2031 4275 rerum

444 4314 741 4369 alienarum
825 4328 1012 4368 amore
1092 4321 1364 4380 tenentur.
1420 4310 1553 4366 Nam
1630 4325 1752 4381 qua
1813 4310 2031 4365 tandem

444 4406 675 4473 utilitas,
718 4406 909 4476 inquit,
948 4406 1163 4461 domqu
1224 4405 1403 4461 domui
1446 4405 1697 4475 jungere,
1749 4401 2033 4472 splendide

444 4502 610 4556 etiam
667 4508 831 4569 atque
883 4499 1172 4565 ambitiose
1227 4500 1496 4558 adornare
1543 4499 1708 4564 mdes,
1757 4497 1806 4559 si
1854 4495 2034 4562 nullus

447 4595 663 4661 futurus
697 4595 805 4659 sit,
839 4593 1041 4665 inquit,
1066 4592 1157 4663 qui
1184 4593 1237 4647 in
1272 4592 1353 4647 eis
1403 4592 1749 4647 habitaturus
1769 4589 1865 4655 sit,
1888 4588 2031 4644 bello

2213 3310 2357 3366 Ἐὰν
2388 3308 2500 3381 γὰρ
2527 3308 2814 3380 γένωνται
2833 3304 3015 3359 οἰκίαι
3041 3298 3283 3363 πολλαὶ,
3304 3299 3393 3365 εὶς
3410 3295 3720 3367 ἐρήμωσιν

2123 3403 2373 3461 ἔσονται
2415 3398 2673 3472 μεγάλαι
2718 3396 2819 3452 καὶ
2850 3394 3053 3450 καλαί·
3104 3390 3204 3447 καὶ
3234 3392 3347 3445 οὐκ
3393 3388 3639 3444 ἔσονται
3663 3391 3720 3444 oi

2125 3493 2509 3559 ἐνοικοῦντες
2554 3491 2625 3544 ἐν
2673 3486 2904 3553 αὑταῖς.
2969 3479 3051 3542 Οὗ
3086 3482 3198 3555 γὰρ
3247 3481 3524 3553 ἄρνυνται
3573 3478 3722 3541 δέκα

2127 3580 2300 3651 ζεύγη
2322 3580 2492 3646 βοῶν
2521 3578 2764 3647 ποιήσει
2802 3574 3086 3645 κεράμιον
3128 3572 3219 3627 ἓν·
3258 3570 3360 3626 καὶ
3392 3573 3426 3625 d
3452 3570 3721 3639 σπείρων

2127 3672 2390 3743 ἀρτάϐας
2406 3670 2476 3737 ἐξ
2513 3668 2755 3737 ποιήσει
2778 3668 2968 3738 μέτρα
2991 3666 3146 3734 τρία.

2212 3744 2491 3835 Ἠκούσθη
2516 3764 2615 3834 μὲν
2650 3761 2760 3833 γὰρ
2792 3758 3260 3832 ὁμολογουμένως,
3288 3756 3478 3827 φησὶν,
3531 3754 3614 3818 εἰς
3650 3752 3723 3817 τὰ

2129 3854 2245 3916 ὦτα
2271 3859 2480 3930 Κυρίου
2510 3854 2761 3923 Σαϐαὼθ,
2793 3853 2863 3907 τὰ
2885 3852 2987 3925 τῆς
3024 3850 3145 3905 καθ’
3174 3849 3377 3921 ἑτέρων
3410 3846 3721 3913 πλεονεξίας

2131 3947 2454 4019 ἐγκλήματα
2480 3945 2589 3999 τῶν
2622 3943 3026 4014 δυνατωτέρων.
3061 3940 3125 3995 Τί
3155 3936 3249 3995 οὖν
3276 3938 3564 4009 σεσίγηκεν
3589 3937 3722 4008 ἄρα,

2133 4042 2383 4112 παρῆκεν
2412 4042 2610 4111 ήσυχῇ,
2635 4038 2732 4093 καὶ
2768 4036 2987 4109 χαλινὸν
3025 4035 3297 4106 ἐπήνεγκε
3330 4034 3452 4095 ταῖς
3493 4024 3723 4102 ὀργαῖςς

2133 4132 2422 4204 Οὐδαμῶς,
2452 4132 2606 4202 φησί.
2655 4130 2764 4184 Καὶ
2832 4128 3022 4183 τούτου
3085 4125 3264 4197 σαφής
3311 4121 3608 4187 ἀπόδειξις,
3660 4120 3725 4174 τδ

2134 4225 2344 4289 είκαῖον
2399 4223 2683 4293 ἀποφῆναι
2737 4224 2850 4285 τοῖς
2876 4220 2986 4274 τῶν
3022 4218 3322 4291 ἀλλοτρίων
3375 4216 3635 4289 ἐρασταῖς
3661 4213 3725 4268 τὸ

2135 4316 2229 4370 ἐπὶ
2256 4316 2431 4387 τούτῳ
2492 4316 2834 4384 σπούδασμα.
2894 4313 3031 4367 Ποία
3082 4312 3193 4383 γὰρ
3253 4310 3444 4381 δνησις
3469 4308 3564 4363 τοῦ
3599 4324 3729 4367 συντ

2137 4406 2333 4462 ἅπτειν
2386 4407 2563 4466 οἰκίαν
2594 4406 2730 4479 πρὸς
2756 4405 2954 4472 οίκίαν,
2989 4403 3259 4475 λαμπρῶς
3286 4419 3348 4456 τε
3385 4401 3481 4456 καὶ
3511 4400 3723 4471 φιλοτίττ

2140 4514 2258 4567 μως
2286 4496 2721 4560 κατασκευάζειν
2760 4493 2966 4557 ἑστίας,
3002 4494 3052 4546 εί
3093 4493 3168 4563 μή
3215 4507 3298 4554 τις
3347 4489 3519 4553 ἔσται,
3552 4487 3722 4558 φησὶ,

2138 4591 2481 4662 κατοικήσων
2516 4590 2575 4643 ὲν
2598 4590 2810 4651 αὐταῖς,
2858 4586 3271 4656 δαπανήσαντος
3327 4581 3423 4636 τοῦ
3480 4580 3722 4652 πολέμου

444 4701 646 4755 parvos
700 4701 857 4755 teque
910 4699 974 4740 ac
1012 4699 1238 4755 magnos
1283 4681 1673 4755 consumente?
1705 4681 1846 4750 Quid
1903 4694 2023 4747 vero

2143 4682 2375 4753 μικροὺς
2402 4680 2496 4733 καὶ
2524 4679 2831 4751 μεγάλους;,
2860 4677 2925 4730 Τί
2955 4676 3012 4730 δὲ
3035 4675 3145 4741 τῶν
3173 4672 3515 4746 εύρυοτάτων
3541 4671 3726 4732 αὐτοῖς

448 4776 555 4843 illis
623 4775 973 4831 emolumenti
1024 4774 1132 4828 erit
1176 4789 1241 4841 ex
1290 4774 1439 4844 agris
1490 4771 1868 4843 amplissimis,
1903 4786 2027 4827 cum

447 4876 672 4939 propter
716 4866 1008 4935 avaritiam
1039 4866 1459 4937 possidentium,
1495 4864 1600 4920 hoc
1627 4874 1732 4929 est,
1762 4864 2030 4934 diripien-

450 4963 585 5014 tium
610 5001 625 5026 ,
663 4960 871 5016 fructus
905 4959 1183 5031 percipere
1232 4958 1374 5013 Deus
1415 4971 1521 5012 non
1562 4955 1884 5025 permittat?
1913 4955 2037 5010 Erit

450 5054 622 5119 enim,
664 5054 767 5127 erit
798 5061 944 5108 tanta
975 5052 1028 5106 in
1068 5050 1214 5122 agris
1247 5047 1629 5119 infecunditas.
1665 5057 1722 5102 ut
1750 5064 1817 5109 ex
1847 5049 2038 5118 viginti

453 5146 639 5217 boum,
672 5159 767 5198 seu
817 5144 1006 5210 decem
1086 5143 1337 5214 iugerum
1394 5140 1675 5206 laboribus
1731 5140 1784 5195 in
1842 5140 2039 5207 vineis,

454 5236 541 5295 vix
571 5249 674 5287 una
703 5243 891 5303 surgat
914 5232 1208 5304 ampliora;
1240 5242 1296 5287 et
1324 5247 1389 5286 ex
1437 5231 1570 5291 satis
1622 5230 1891 5286 mensuris
1917 5245 2037 5295 sex,

458 5324 661 5399 reditus
721 5323 988 5378 fructuum
1033 5340 1099 5379 ex
1149 5325 1358 5379 semine
1403 5323 1574 5390 jacto,
1615 5324 1703 5393 vis
1760 5323 2042 5378 dimidiata

457 5426 611 5485 parte
650 5415 989 5485 proveniant.
1027 5415 1278 5471 Sufficiet
1322 5427 1525 5483 autem,
1561 5415 1775 5485 opinor,
1801 5414 1869 5470 ad
1907 5429 2044 5486 opus

460 5506 764 5562 faciendum
815 5507 955 5576 jugis
988 5507 1173 5562 decem
1230 5509 1413 5573 boum,
1471 5508 1701 5563 multum
1753 5508 1866 5578 agri
1912 5508 2040 5561 viti-

459 5597 561 5649 bus
605 5596 819 5662 consiti,
872 5596 1097 5652 multum
1157 5597 1284 5652 item
1352 5607 1511 5654 terra:
1574 5600 1775 5655 arabis.
1830 5598 2043 5655 Inutilis

462 5689 627 5758 igitur
681 5690 969 5762 possessio,
1003 5700 1058 5745 ct
1098 5690 1250 5761 plura
1279 5691 1587 5760 possidendi
1617 5694 1853 5750 studium
1883 5693 2043 5751 iuaue

540 5846 583 5877 ε’
638 5844 836 5915 ἔοι-ειη.
874 5861 1037 5917 χχιιι,
1067 5846 1158 5902 ‘25.
1271 5849 1313 5879 "
1345 5846 1503 5903 Prov.
1540 5863 1595 5917 ι,
1628 5846 1687 5917 ‘2.

2137 4773 2332 4842 ὄφελος
2355 4772 2562 4844 ἀγρῶν,
2591 4772 2886 4843 εὐκαρπεῖν
2917 4769 3102 4832 αὐτοῖς
3119 4768 3219 4822 οὐκ
3249 4765 3447 4828 ἐῶντος
3466 4762 3623 4825 Θεοῦ,
3638 4760 3728 4815 διὰ

2141 4865 2239 4928 τὰς
2264 4863 2374 4916 τῶν
2396 4863 2773 4934 κτησαμένων,
2802 4862 2969 4931 ἤγουν
2986 4858 3349 4932 ἁρπασάντων
3378 4852 3725 4919 πλεονεξίας;

2146 4955 2341 5009 Ἔσται
2374 4954 2504 5025 γὰρ,
2536 4955 2689 5008 ἔσται
2714 4954 2772 5008 ὲν
2806 4950 3009 5023 ἀφορίᾳ.
3035 4948 3271 5022 τοσαύτῃ
3308 4946 3379 5000 τὰ
3407 4946 3466 5000 ὲν
3504 4943 3727 5014 ἀγροῖς,

2144 5049 2220 5111 ὡς
2245 5048 2419 5101 εῖκοσι
2446 5048 2680 5118 μόσχων,
2722 5045 2842 5115 ἦτοι
2873 5041 3083 5113 ζευγῶν
3135 5040 3274 5094 δέκα
3325 5035 3631 5092 πονούντων
3666 5035 3727 5086 ὲν

2143 5139 2489 5211 ἀμπελῶσιν,
2529 5138 2587 5191 ἓν
2640 5137 2737 5191 καὶ
2795 5135 2949 5208 μόλις
2996 5132 3251 5203 γενέσθαι
3305 5130 3590 5202 κεράμιον
3631 5125 3726 5178 καὶ

2145 5233 2463 5303 σπαρέντων
2498 5232 2713 5303 μέτρων
2737 5230 2797 5297 ἓξ
2828 5230 2887 5282 ὲν
2907 5228 3096 5300 ήμίσει
3125 5226 3224 5295 τῆς
3251 5222 3360 5279 τῶν
3394 5219 3731 5292 σπερμάτων

2144 5324 2455 5395 καταϐολῆς
2480 5324 2579 5396 τὴν
2607 5323 2715 5376 τῶν
2747 5321 2976 5393 καρπῶν
3001 5318 3253 5374 ἀπόδοσιν
3285 5315 3434 5369 ἰδεῖν.
3472 5310 3725 5383 Ἀρκέσει

2142 5417 2222 5484 δὲ,
2256 5413 2430 5488 οἶμαι,
2458 5415 2595 5488 πρὸς
2630 5413 2889 5486 ἐργασίαν
2918 5411 3138 5480 ζεύγεσι
3163 5408 3296 5463 δέκα
3317 5405 3476 5478 βοῶν,
3498 5401 3725 5470 πλείστη

2152 5510 2251 5579 μὲν
2275 5506 2655 5578 ἀμπελόφυτος
2704 5504 2799 5576 γῆ,
2842 5504 3085 5557 πλεῖστοι
3131 5501 3189 5555 δὲ
3226 5499 3429 5571 ὁμοίως
3473 5495 3727 5566 ἀρόσιμοι

2151 5600 2364 5672 κλῆροι.
2402 5599 2611 5654 Οὐκοῦν
2644 5598 2900 5670 ἀνόνητος
2930 5598 2963 5668 ή
2994 5597 3187 5666 κτῆσις
3209 5635 3223 5658 ,
3248 5592 3343 5647 καὶ
3394 5588 3487 5644 τοῦ
3533 5586 3728 5640 πλεον-

2151 5695 2330 5748 εκτεῖν
2384 5694 2587 5756 εἰκαῖος
2624 5692 2651 5742 ὁ
2697 5691 2877 5756 πόνος,
2907 5691 2953 5743 εί
2986 5688 3122 5759 μήτε
3170 5701 3253 5748 τις
3286 5684 3495 5752 οἰκήσει
3543 5677 3642 5740 τὰς
3671 5677 3729 5733 ὲν
