4094 6366
434 336 535 396 ηε

1566 354 1631 410 ΙΝ
1670 355 1903 414 lSAlAM
1944 359 2073 415 LIB.
2116 362 2153 417 l.
2199 364 2414 425 ORAT.
2453 369 2543 426 Ill.

3577 381 3684 439 150

430 464 542 526 τοῖς
558 473 777 515 αστεσιν
791 461 988 529 οίκίας.
1021 465 1112 536 Μὴ
1139 466 1246 537 μὴν
1277 470 1574 543 εὐφορήσει
1600 474 1669 528 τὰ
1690 477 1747 529 ἐν
1778 478 1982 552 ἀγροῖς1

2096 492 2201 547 est,
2243 485 2345 542 nisi
2394 488 2466 544 sit
2515 489 2607 559 qui
2643 488 2835 546 domos
2861 489 2917 546 in
2949 492 3176 550 urbibus
3239 496 3526 557 inhabitet.
3569 502 3685 563 Nec

428 552 562 607 θεοῦ
583 553 1056 625 καταφθείροντος,
1082 560 1176 613 καὶ
1196 559 1295 631 τὴν
1313 562 1421 615 τῶν
1440 564 1730 637 άπλήστων
1751 570 2003 643 ἐλέγχον-

428 663 519 709 τος
546 645 775 699 ἀδικίαν.
819 646 1039 721 Ἐπειδὴ
1084 650 1141 703 δὲ
1190 652 1284 705 xui
1340 655 1498 725 ἡμῶν
1536 658 1766 725 ἕκαστος
1806 664 1866 717 ἐν
1896 666 2003 740 ἰδίᾳ

428 737 584 829 ψυχῇ-
616 736 802 807 νοητὸν
834 738 947 809 ἔχει
974 740 1261 815 γεώργιον,
1299 747 1393 799 xui
1417 748 1510 801 τὸν
1539 749 1638 820 τῆς
1660 736 2003 829 δικαιοσύνης

428 825 712 921 ἐργάζεται
742 830 963 921 σπόρον,
986 833 1383 906 φυλαττώμεθα
1401 838 1461 891 τὸ
1486 844 1845 913 προσκρούειν
1861 825 1999 921 Θεῷ.

428 918 561 972 Τότε
587 920 693 990 γὰρ
726 919 869 987 τότε,
906 923 1158 997 καθάπερ
1204 922 1354 981 οἶκον
1393 930 1606 1004 ἀσφαλῆ
1636 934 1731 987 xui
1778 918 2000 1010 ἐρηρει-

427 1010 643 1078 σμένον,
689 1012 981 1083 οἰκήσομεν
1023 1016 1121 1087 τὴν
1170 1018 1422 1092 πολυειδῆ
1479 1024 1574 1075 καὶ
1634 1028 2003 1096 παμποίκιλον

424 1099 641 1171 ἀρετὴν,
686 1102 1064 1177 πληθυνοῦμεν
1088 1108 1147 1161 δὲ
1183 1111 1345 1164 σίτων
1377 1111 1567 1187 ὥσπερ
1596 1118 1860 1184 κοιλάδες·
1912 1123 2001 1176 εὐ-

423 1190 717 1264 λογήσειδὲ
762 1197 791 1248 6
840 1196 950 1250 τῶν
996 1199 1131 1253 ὅλων
1161 1202 1292 1267 Θεὸς
1321 1203 1413 1257 τὸν
1443 1207 1645 1278 σπόρον
1686 1210 1874 1281 ἡμῶν,
1904 1214 1999 1266 xui

421 1283 645 1356 αὐξήσει
678 1287 747 1340 τά
791 1289 1075 1359 γενήματα
1105 1293 1205 1362 τῆς
1244 1294 1589 1370 δικαιοσύνης
1636 1301 1813 1372 ἡμῶν,
1853 1304 2001 1359 καθά

422 1392 586 1446 φησιν
606 1378 634 1430 ὀ
664 1376 951 1443 θεσπέσιος
976 1380 1209 1448 Παῦλος.

492 1577 633 1669 ρειαί
682 1581 737 1633 οἱ
784 1580 1141 1652 ἐγειρόμενοι
1184 1584 1266 1652 τῷ
1305 1589 1474 1657 πρωῒ,
1528 1592 1629 1646 καὶ
1666 1595 1734 1649 τὸ
1784 1600 1999 1669 σίκερα

416 1667 751 1738 διώκοντες,
797 1676 852 1725 οἱ
883 1673 1175 1744 μένοντες
1206 1678 1273 1732 τὸ
1307 1680 1423 1749 ὀψέ
1452 1698 1466 1713 ⁶
1495 1686 1528 1737 ὁ
1552 1685 1664 1754 γὰρ
1690 1684 1857 1757 οἶνος
1888 1667 1996 1747 αὑ-

414 1760 558 1826 τοὺς
574 1765 931 1831 συγκαύσει.
953 1768 1116 1822 Μετὰ
1139 1769 1249 1841 γὰρ
1277 1772 1520 1841 κιθάρας
1538 1779 1636 1830 καὶ
1654 1782 1997 1851 ψαλτηρίου

2107 577 2338 637 feliciter
2389 583 2711 651 provenient
2760 600 2882 655 qua:
2932 596 3060 642 sunt
3092 588 3145 643 in
3196 593 3377 660 agris,
3433 594 3543 653 Deo
3586 612 3686 655 va-

2105 678 2287 726 stante
2320 680 2376 726 et
2405 688 2591 728 eorum
2626 674 2946 743 injustitiam
2987 691 3333 750 coarguente.
3370 681 3509 749 Quia
3554 700 3686 745 vero

2104 761 2334 835 quisque
2373 772 2612 818 nostrum
2651 765 2832 821 animo
2864 780 2964 821 suo
3016 767 3180 823 habet
3238 770 3693 847 agricolationem,

2104 852 2205 907 sub
2236 853 2639 924 intelligentiam
2676 857 2976 923 cadentem,
3009 867 3067 913 et
3107 870 3403 916 sementem
3428 918 3437 930 ,
3460 863 3685 932 iustitiae

2102 944 2277 1003 facit:
2329 962 2619 1004 caveamus
2658 963 2727 1003 ne
2775 950 2830 1004 in
2880 949 3240 1008 offensionem
3297 955 3543 1018 divinam
3597 959 3682 1014 in-

2102 1053 2404 1096 curramus.
2458 1039 2613 1099 Tunc
2657 1042 2823 1108 enim,
2884 1051 3015 1101 tunc
3077 1043 3308 1102 virtutes
3358 1047 3681 1117 multiplices

2102 1144 2166 1186 ac
2204 1130 2368 1185 varia:
2418 1132 2471 1186 in
2521 1130 2674 1187 nobis
2709 1143 2963 1207 tanquam
3028 1133 3083 1188 in
3110 1135 3385 1193 domicilio
3455 1148 3570 1196 tuto
3613 1158 3680 1197 ac

2102 1221 2309 1274 munito
2341 1220 2682 1286 habitabant,
2738 1231 2793 1277 et
2828 1222 3159 1281 frumentum
3209 1227 3365 1295 quasi
3416 1229 3479 1289 in
3526 1240 3675 1287 terra

2098 1309 2364 1381 profunda
2419 1313 2938 1383 multiplicabimus:
2987 1323 3042 1370 et
3096 1315 3474 1374 universorum
3532 1320 3681 1380 Deus

2098 1403 2292 1458 semini
2327 1411 2516 1458 nostro
2558 1404 2860 1471 benedicet,
2894 1414 2949 1460 et
2976 1404 3187 1460 iructus’
3220 1406 3446 1477 iustitia:
3473 1419 3671 1469 nostra:

2099 1494 2336 1563 augebit,
2360 1494 2515 1549 sicuti
2547 1504 2602 1549 et
2632 1495 2843 1550 divinus
2866 1495 3063 1551 Paulus
3094 1496 3275 1566 inquit
3298 1498 3346 1529 ⁸⁸

2165 1584 2277 1654 87
2318 1584 2481 1641 Vens.
2545 1585 2631 1652 H,
2699 1584 2785 1639 12.
2819 1583 2911 1639 Va:
2964 1586 3048 1640 Itis
3080 1586 3171 1656 qui
3240 1586 3672 1657 expergiscantur

2096 1692 2270 1743 mane,
2306 1686 2353 1730 et
2376 1686 2646 1731 sectantur
2698 1678 2942 1745 siceram,
2977 1689 3024 1732 et
3080 1678 3149 1731 ad
3184 1693 3451 1749 uesperum
3511 1692 3673 1747 usque

2096 1782 2297 1819 moram
2346 1769 2583 1821 trahunt.
2630 1764 2819 1822 Vinum
2868 1770 3007 1823 enim
3054 1769 3328 1823 succendet
3359 1783 3467 1823 eos.
3525 1765 3671 1822 Nam

414 1854 514 1905 καὶ
539 1854 885 1923 τυμπάνων,
913 1859 1020 1912 τὸν
1044 1856 1213 1914 οἶνον
1241 1864 1513 1932 πίνουσι,
1537 1868 1636 1922 καὶ
1666 1873 1891 1939 αὐλῶν,
1917 1874 1982 1929 τὰ

2092 1874 2209 1912 cum
2240 1858 2441 1912 cithara
2480 1868 2528 1912 et
2552 1858 2827 1927 psalterio,
2866 1868 2917 1914 et
2940 1861 3200 1929 tympanis
3234 1869 3284 1915 et
3322 1859 3463 1915 tibiis
3492 1861 3671 1914 vinum

412 1944 489 2035 δέ
508 1947 652 2015 ἔργα
666 1949 909 2017 Κυρίου,
933 1952 1046 2005 οὐκ
1072 1952 1461 2023 ἐμϐλέπουσι,
1491 1960 1589 2014 καὶ
1617 1962 1689 2017 τὰ
1712 1965 1855 2037 ἔργα
1874 1967 1994 2023 τῶν

410 2041 629 2109 χειρῶν
651 2041 840 2095 αὑτοῦ
874 2044 947 2096 οὐ
974 2046 1397 2103 κατανοοῦσιν.

482 2130 751 2182 Συνάπτει
785 2134 898 2194 τοῖς
935 2132 1172 2204 πρώτοις
1200 2135 1364 2208 ἕτερα
1398 2140 1493 2195 καὶ
1525 2143 1854 2213 παγχάλεπα
1882 2147 1992 2203 τῶν

411 2218 682 2273 πλουσίων
703 2219 1043 2291 ἐγκλήματα.
1075 2221 1355 2295 Πάρεσται
1384 2226 1493 2299 γὰρ
1520 2230 1729 2296 αὐτοῖς,
1762 2234 1898 2305 πρός
1925 2252 1989 2304 γε

408 2310 487 2380 τῷ
517 2309 802 2380 βούλεσθαι
849 2312 1192 2369 πλεονεκτεῖν
1238 2316 1332 2370 xui
1364 2318 1676 2391 ἀκορέστως
1709 2323 1990 2393 βιάζεσθαι

406 2404 535 2465 τοὺς
561 2402 1009 2475 ἀσθενεστέρους,
1038 2406 1133 2461 καὶ
1158 2407 1217 2461 τὸ
1238 2409 1294 2462 ἐν
1314 2410 1498 2475 πότοις
1520 2409 1659 2467 εἶναι
1678 2416 1875 2485 φιλεῖν,
1896 2420 1989 2473 xui

406 2496 638 2562 τρυφαῖς
670 2496 1086 2565 ὲπιγάννυσθαι,
1113 2498 1321 2569 κώμοις
1351 2518 1410 2556 τε
1434 2504 1528 2557 xui
1560 2505 1753 2575 μέθαις
1778 2509 1987 2563 ἀκατα-

406 2581 624 2652 λήκτοις
649 2624 664 2649 ,
696 2586 794 2640 xui
832 2588 947 2650 τοῖς
995 2589 1059 2642 ὲκ
1111 2590 1469 2662 φιλοσαρκίας
1532 2601 1986 2669 καταμιαίνεσθαι

406 2679 623 2738 κακοῖς·
664 2679 759 2731 καὶ
798 2678 956 2733 τοῦτο
993 2680 1286 2754 ἐνδελεχῶς
1323 2684 1531 2740 οἴεσθαι
1561 2690 1671 2742 δεῖν
1699 2692 1898 2757 αὐτοὺς
1927 2695 1987 2746 ἐν

402 2771 568 2823 παντὶ
627 2775 691 2843 δὴ
744 2772 903 2826 τοῦτο
964 2775 1226 2843 πράττειν
1285 2778 1482 2850 καιρῷ.
1543 2782 1750 2848 Ἱκανὸς
1795 2786 1903 2856 γὰρ
1955 2787 1985 2839 6

402 2859 634 2927 πλοῦτος
663 2865 927 2936 ἁκονῆσαι
971 2866 1108 2938 πρὸς
1148 2869 1384 2940 τρυφὰς,
1429 2873 1523 2926 xui
1553 2874 1645 2928 τὸν
1681 2876 1768 2930 ἐπ’
1799 2878 1985 2944 αὐτοῖς

402 2953 665 3020 ἀφανίσαι
702 2955 883 3026 κόρον.
930 2957 1071 3010 Ἀλλ’
1105 2975 1124 3013 ι
1164 2960 1193 3012 6
1229 2961 1467 3033 σπείρων
1502 2965 1583 3028 είς
1607 2966 1705 3037 τὴν
1734 2968 1935 3041 σάρκα,
1957 2989 1977 3022 ο

400 3046 548 3099 καθά
587 3064 752 3119 φησιν
781 3050 809 3103 6
834 3049 1066 3117 Παῦλος,
1101 3070 1118 3103 ι
1142 3053 1207 3106 ἐκ
1240 3053 1341 3125 τῆς
1373 3057 1573 3127 σαρκὸς
1617 3056 1822 3131 θερίσει
1855 3061 1983 3132 φθο-

403 3140 524 3209 ράν.
565 3160 585 3192 ι
620 3142 787 3206 Τέλος
831 3142 941 3214 γὰρ
970 3145 1071 3216 τῆς
1118 3148 1457 3220 προσκαίρου
1508 3151 1725 3222 τρυφῆς
1769 3155 1980 3226 μακρὸν

399 3233 495 3285 καὶ
530 3232 776 3304 διηνεκὲς
816 3235 970 3291 ἔσται
1007 3238 1279 3310 δάκρυον,
1328 3242 1423 3295 καὶ
1474 3245 1744 3317 σαρκικῆς
1786 3246 1980 3318 ἡδονῆς

399 3323 622 3395 ὄλεθρος
647 3326 676 3379 6
707 3326 939 3411 καρπός.
986 3329 1196 3401 Γράφει
1240 3333 1420 3388 τοίνυν
1452 3336 1587 3406 ἡμῖν
1632 3339 1661 3390 ὁ
1693 3340 1983 3411 προφήτης

398 3415 500 3478 τὰς
532 3415 641 3481 τῶν
682 3410 952 3472 Ἰουδαίων
978 3421 1312 3495 ἀγερωχίας,
1360 3427 1454 3480 καὶ
1501 3429 1562 3482 τὸ
1604 3410 1871 3501 ἐξίτηλον
1900 3433 1981 3496 είς

394 3506 633 3577 τρυφὰς,
674 3509 769 3563 xui
808 3511 866 3564 τὸ
898 3514 1197 3586 κεχυμένον
1220 3518 1303 3583 είς
1339 3520 1599 3585 ἀσωτίας.
1636 3524 1822 3577 Πάντα
1847 3524 1977 3597 γὰρ,

396 3600 551 3666 φησὶ,
625 3599 817 3671 καιρὸν
872 3603 1243 3675 ἀπονέμοντες
1302 3610 1426 3672 ταῖς
1488 3611 1975 3682 γαστριμαργίαις,

396 3687 504 3741 ὑπὸ
528 3690 627 3760 τὴν
668 3692 743 3746 ἓω
778 3690 1002 3763 ζητοῦσι
1032 3696 1094 3749 τὸ
1124 3696 1341 3768 σίκερα,
1388 3700 1485 3754 καὶ
1526 3703 1640 3765 τοῖς
1668 3703 1822 3773 ἡλίου
1856 3703 1978 3775 δρό-

396 3796 521 3850 μοις
571 3786 968 3840 συνεκτείνουσι
1004 3790 1131 3852 τούς
1174 3791 1394 3856 πότους,
1426 3792 1532 3845 ικαὶ
1564 3792 1760 3865 μέχρις
1809 3794 1979 3865 αὐτῆς

396 3871 652 3941 μένοντες
678 3876 776 3946 τῆς
800 3878 1061 3950 ἑσπέρας.
1108 3881 1167 3934 'O
1194 3882 1304 3954 γὰρ
1334 3877 1475 3948 οἶνος
1502 3883 1702 3949 αὐτοὺς
1733 3886 1977 3954 συγκαύ-

394 3981 500 4019 σει.
538 3966 1017 4040 Ὁμολογουμένως
1056 3972 1156 4043 μὲν
1198 3974 1309 4046 γὰρ
1342 3975 1564 4045 ἐμποιεῖ
1614 3994 1738 4031 τινα
1782 3978 1979 4033 καῦσιν

391 4055 528 4126 ἄδην
558 4059 846 4129 πινόμενος
886 4066 998 4126 τοῖς
1044 4063 1376 4135 σπλάγχνοις
1405 4069 1434 4120 6
1473 4062 1635 4132 οἶνος.
1668 4069 1977 4137 Συγκαέσει

390 4147 451 4199 δὲ
478 4148 575 4200 καὶ
612 4150 815 4222 ἑτέρως
847 4152 943 4205 τοῦ
971 4154 1190 4225 μεθύειν
1214 4158 1343 4222 τοὺς
1371 4159 1630 4238 ἐραστὰς,
1682 4161 1836 4215 ἔσται
1865 4161 1975 4234 γὰρ

393 4238 581 4301 αὐτοῖς
610 4240 749 4311 πρὸς
780 4242 941 4297 τοῦτο
996 4246 1316 4312 κολάζοντος
1348 4250 1593 4322 ἀφορμή.
1650 4252 1975 4325 Συγκαυθή-

394 4344 584 4383 σονται
612 4331 670 4389 δὲ
702 4333 881 4406 πάντη
913 4353 973 4389 τε
992 4338 1087 4392 xui
1115 4340 1331 4405 πάντως
1350 4343 1429 4404 εἰς
1455 4341 1659 4411 φλόγας
1684 4344 1974 4415 πεμπόμε-

387 4439 472 4476 νοι
499 4422 602 4489 τὰς
624 4426 914 4499 διηνεκεῖς,
947 4432 1041 4485 καὶ
1069 4434 1477 4505 ήτοιμασμένας
1504 4435 1584 4506 τῷ
1611 4437 1844 4508 διαϐόλῳ
1876 4440 1974 4492 xui

386 4522 503 4584 τοῖς
533 4522 798 4621 άγγέλοις
826 4524 1014 4579 αὐτοῦ.
1063 4527 1330 4600 Ταύτῃτοι
1375 4530 1470 4584 καὶ
1502 4532 1530 4583 ὁ
1571 4531 1802 4602 μέθυσος
1832 4532 1970 4604 ὁμοῦ
2001 4564 2048 4621 D

385 4614 502 4674 τοῖς
525 4613 706 4679 ἄλλοις
731 4615 980 4687 βεϐήλοις
1005 4620 1215 4691 ἁπόκλη
1226 4639 1317 4691 ρος
1348 4622 1498 4676 ἔσται
1523 4624 1675 4695 παρὰ
1708 4624 1848 4697 Θεῷ,
1874 4627 1969 4681 xui

386 4706 469 4768 εἰς
512 4705 612 4778 τὴν
659 4707 770 4775 τῷν
809 4710 1056 4781 οὐρανῶν
1103 4712 1380 4783 βασιλείαν
1427 4716 1527 4769 οὐκ
1578 4717 1963 4773 εἰσελεύσεται.

388 4794 532 4867 Ὅρα
565 4797 677 4869 γὰρ
719 4799 820 4870 ὅση
863 4800 972 4853 τῶν
1016 4802 1286 4858 Ἰουδαίων
1319 4806 1509 4875 γέγονε
1554 4808 1698 4862 κατὰ
1740 4812 1968 4881 καιροὺς

386 4887 420 4958 ἡ
464 4888 559 4941 ὲπί
609 4890 672 4942 τὸ
718 4894 913 4962 χρῆναι
975 4897 1497 4968 τρυφᾷν-ὲξιτηλία.
1550 4900 1722 4955 Ὅπου
1769 4904 1877 4975 γὰρ
1937 4904 1967 4955 6

384 4979 621 5051 κιθάρας
654 4983 898 5051 κτύπος,
934 4986 1029 5039 καὶ
1058 4990 1357 5059 τυμπάνων
1398 4986 1554 5062 ἦχος,
1595 4994 1691 5046 xui
1721 4994 1830 5048 τῶν
1869 4994 1967 5048 αὐ-

383 5071 625 5126 λούντων
661 5076 1132 5147 συναναφώνησις,
1175 5080 1273 5134 σὺν
1303 5081 1573 5154 εὐρυθμίᾳ
1603 5084 1697 5137 καὶ
1723 5084 1964 5155 κρότοις,

380 5163 502 5215 ἐκεῖ
544 5181 648 5217 που
685 5165 904 5231 πάντως
946 5169 1064 5220 ἐστὶ
1098 5169 1193 5222 xui
1240 5172 1349 5224 πᾶν
1395 5167 1961 5244 εἶδος-ἀκαθαρσίας,

378 5256 476 5308 xui
510 5255 581 5309 τὰ
618 5257 804 5328 κρυφῆ
833 5258 1133 5329 γιγνόμενα
1162 5264 1293 5333 παρ’
1320 5262 1520 5328 αὐτῶν,
1543 5263 1580 5317 ἃ
1615 5266 1708 5318 καὶ
1738 5266 1963 5337 αἰσχρόν

381 5349 495 5402 ἔστι
521 5349 722 5419 λέγειν.
755 5354 953 5423 Ζημιοῖ
985 5353 1042 5407 δὲ
1074 5353 1231 5408 τοῦτο
1263 5356 1462 5420 αὐτοὺς
1489 5356 1549 5410 τὸ
1591 5358 1666 5429 μὴ
1691 5358 1951 5412 δύνασθαι

379 5442 619 5515 καθορᾷν
667 5444 769 5517 τὴν
799 5444 893 5498 τοῦ
931 5445 1068 5500 Θεοῦ
1096 5447 1278 5515 δόξαν,
1308 5451 1446 5521 μήτε
1484 5448 1592 5520 μὴν
1636 5452 1962 5517 ὲνατενίζειν

377 5536 493 5598 τοῖς
547 5536 733 5608 ἔργοις
792 5538 982 5591 αὐτοῦ.
1046 5540 1259 5613 Ὠσπερ
1310 5540 1419 5613 γὰρ
1478 5545 1507 5596 6
1560 5541 1655 5595 τοῦ
1710 5543 1963 5614 σώματος

378 5625 656 5698 ὀφθαλμὸς
678 5671 691 5695 ,
724 5630 758 5702 ἢ
802 5630 1002 5697 κόνεως
1033 5632 1380 5704 ἐμϐαλούσης
1400 5673 1414 5699 ,
1448 5634 1480 5705 ἢ
1524 5634 1704 5707 λήμης
1738 5638 1961 5707 ἐγκεχυ-

449 5778 496 5812 ⁸⁸
518 5776 560 5835 ll
583 5778 714 5838 Cor.
765 5797 844 5843 Ix,
912 5782 996 5840 lO.
1094 5786 1137 5818 ⁸⁸
1177 5786 1354 5843 Galat.
1400 5788 1557 5848 v1.8.

2092 1949 2294 2013 bibunt,
2332 1965 2489 2018 opera
2531 1966 2649 2004 vero
2673 1950 2883 2003 Domini
2907 1967 3007 2005 non
3056 1951 3352 2019 intuentur,
3402 1966 3495 2006 nec
3512 1964 3671 2022 opera

2091 2054 2345 2093 manuum
2374 2040 2490 2107 eius
2537 2040 2888 2094 considerant.

2161 2132 2415 2202 Adjungit
2450 2134 2641 2202 primis
2658 2132 2759 2187 alia
2792 2133 2959 2187 etiam
2986 2133 3311 2203 gravissima
3347 2130 3581 2188 crimina
3608 2129 3673 2186 in

2090 2223 2300 2279 divites.
2373 2223 2506 2278 Nam
2556 2234 2916 2296 praeterquam
2978 2224 3121 2295 quod
3191 2224 3433 2280 avaritiae
3496 2221 3677 2279 dediti.

2087 2316 2219 2380 sint,
2244 2326 2298 2371 et
2335 2331 2499 2385 supra
2557 2317 2774 2372 modum
2817 2317 3107 2372 “tenuiores
3149 2316 3500 2385 opprimant,
3560 2312 3668 2369 hoc

2088 2407 2216 2461 mali
2272 2409 2482 2463 accedit
2528 2409 2715 2474 etiam,
2760 2417 2820 2464 ut
2872 2408 2984 2463 sint
3021 2407 3335 2478 frequentes
3357 2406 3413 2460 in
3467 2417 3665 2474 perpo-

2090 2500 2409 2568 tationibus,
2442 2511 2501 2557 ut
2530 2501 2742 2556 luxuria
2768 2500 3032 2566 diﬂluant,
3063 2509 3122 2555 ut
3148 2496 3664 2563 comessationibus,

2087 2593 2443 2649 ebrietatibus
2503 2594 2807 2660 continuis,
2847 2595 3167 2663 caeterisque
3220 2591 3378 2648 malis
3421 2604 3542 2662 qua:
3591 2603 3679 2653 ex,

2086 2686 2267 2740 carnis
2320 2685 2546 2741 libidine
2603 2687 2875 2751 oriuntur,
2942 2684 3441 2741 commaculentur:
3500 2681 3667 2751 idque

2084 2774 2300 2844 iugiter,
2344 2776 2567 2845 perinde
2594 2777 2747 2848 quasi
2775 2779 2879 2833 hoc
2902 2778 3053 2833 omni
3095 2788 3336 2847 tempore
3374 2788 3434 2832 se
3464 2774 3665 2830 debere

2084 2866 2264 2924 facere
2287 2869 2685 2925 existimarent.
2726 2868 3013 2938 Opulentia
3043 2868 3189 2923 enim
3220 2866 3437 2923 abunde
3465 2864 3663 2922 stimu-

2084 2960 2198 3014 lare
2251 2968 2427 3030 potest
2466 2960 2536 3015 ad
2598 2959 2923 3031 voluptates,
2968 2972 3294 3029 omnemque
3343 2956 3651 3019 satietatem

2082 3052 2137 3107 in
2183 3053 2289 3107 illis
2336 3053 2545 3109 tollere.
2593 3054 2666 3109 At
2727 3072 2748 3106 ι
2777 3053 2870 3124 qui
2919 3053 3151 3108 seminat
3194 3052 3250 3107 in
3307 3064 3494 3114 carne,
3522 3067 3543 3102 ι
3597 3055 3681 3111 ιιι,

2083 3141 2257 3211 inquit
2289 3142 2504 3209 Paulus,
2541 3161 2558 3195 ι
2592 3157 2659 3199 θα
2690 3158 2854 3199 carne
2889 3141 3507 3211 metiet'corruptionem
3538 3138 3606 3193 ⁸³.
3635 3157 3679 3195 ιι..

2084 3233 2236 3289 Finis
2282 3234 2423 3289 enim
2480 3235 2795 3305 temporarii
2853 3236 3034 3300 luxus,
3093 3233 3255 3304 longa
3311 3241 3367 3288 et
3402 3228 3661 3303 perennis

2082 3328 2189 3380 erit
2233 3326 2498 3398 lacryma,
2531 3338 2585 3383 et
2625 3328 2858 3383 carnalis
2904 3326 3194 3396 voluptatis
3225 3325 3455 3391 fructus,
3496 3324 3681 3378 intero,

2082 3421 2208 3475 itus.
2252 3420 2520 3477 Describit
2590 3422 2774 3491 itaque
2819 3420 3081 3489 propheta
3132 3416 3289 3472 nobis
3342 3413 3663 3471 Judznorutn.

2081 3512 2301 3578 fastum,
2357 3523 2412 3569 et
2496 3513 2995 3569 immoderationem
3073 3511 3278 3576 luxus,
3321 3507 3657 3579 cli'usamque

2080 3604 2572 3673 intemperantiam.
2629 3603 2801 3660 Omne
2859 3603 3004 3657 enim
3074 3610 3284 3672 tempus
3347 3597 3525 3653 ventri
3590 3610 3658 3651 ac

2078 3693 2218 3763 gula:
2254 3693 2517 3759 tribuunt,
2557 3693 2660 3749 sub
2690 3706 2943 3747 auroram
2998 3691 3232 3747 siceram
3280 3696 3550 3760 quaerunt,
3597 3695 3655 3740 et

2077 3786 2146 3840 ad
2184 3784 2316 3840 solis
2345 3799 2564 3839 cursum
2584 3782 3014 3854 compotationes
3046 3781 3395 3852 protrahunt,
3432 3791 3651 3847 perma-

2077 3886 2270 3932 nentes
2295 3890 2466 3946 usque
2516 3877 2583 3930 ad
2631 3889 2935 3946 vesperum.
2980 3872 3175 3928 Vinum
3224 3871 3367 3926 enim
3402 3869 3654 3925 incendet

2076 3982 2191 4023 eos.
2224 3970 2438 4023 Excitat
2485 3970 2683 4040 quippe
2727 3971 2780 4022 in
2814 3966 3112 4023 visceribus
3139 3964 3362 4035 largiter
3414 3962 3663 4018 bibentis.

2074 4060 2234 4130 plane
2293 4061 2567 4131 quoddam
2632 4061 2963 4115 incendium.
3036 4059 3177 4125 Quin
3230 4066 3286 4112 et
3328 4055 3435 4112 alio
3492 4054 3654 4111 modo

2078 4152 2258 4208 vinum
2298 4153 2590 4208 succendet
2628 4151 2745 4206 haec
2778 4150 3058 4205 ebrietatis
3098 4147 3387 4219 mancipia.
3424 4145 3651 4203 Occasio

2074 4248 2331 4303 nimirum
2388 4247 2495 4303 erit
2559 4254 2617 4302 ut
2670 4242 2993 4314 supplicium
3064 4244 3132 4298 de
3186 4242 3293 4297 illis
3357 4248 3644 4305 sumatur;

2074 4340 2340 4410 siquidem
2375 4339 2753 4407 incendentur,
2794 4338 3025 4410 ablegati
3059 4337 3113 4391 in
3154 4334 3405 4388 ﬂamman
3451 4331 3654 4402 sempi-

2076 4439 2305 4493 ternam,
2342 4429 2556 4484 diabolo
2575 4428 2800 4499 ejusque
2827 4429 3033 4499 angelis
3053 4426 3401 4483 destinatam.
3426 4421 3651 4478 Scilicet

2075 4521 2202 4576 hinc
2223 4521 2469 4576 ebriosus
2503 4536 2610 4575 una
2633 4536 2756 4575 cum
2791 4522 2919 4583 aliis,
2956 4518 3258 4590 profanisa
3291 4516 3402 4571 Deo
3456 4528 3651 4569 exsors

2074 4614 2199 4678 erit,
2229 4622 2284 4669 et
2320 4628 2546 4682 regnum
2601 4613 2864 4669 oculorum
2912 4611 3225 4682 neutiquam
3296 4608 3647 4677 ingredietur.

2074 4706 2313 4762 Observa
2343 4717 2526 4760 autem
2564 4716 2770 4777 quanta
2824 4703 2993 4759 fuerit
3042 4704 3172 4759 olim
3230 4701 3541 4757 Judzeorum
3591 4698 3650 4754 in

2073 4799 2437 4871 voluptatibus
2480 4798 2858 4856 consectandis
2897 4798 3201 4855 eﬁ‘renatio.
3252 4796 3358 4853 Ubi
3413 4806 3652 4864 namque

2074 4893 2298 4949 citharae
2316 4908 2481 4949 sonus
2510 4902 2614 4959 est,
2638 4902 2693 4948 et
2734 4904 3111 4964 tympanorum
3142 4890 3353 4962 pulsus,
3379 4902 3445 4944 ac
3474 4886 3652 4942 tibici-

2072 5000 2202 5041 num
2238 4992 2533 5041 concentus
2570 5001 2696 5040 cum
2747 4998 3097 5041 numerorum
3156 4982 3525 5038 concinnitate
3590 4989 3649 5035 et

2070 5077 2370 5149 plausibus,
2396 5079 2468 5133 ibi
2494 5081 2714 5135 omnino
2757 5088 2841 5134 est
2876 5088 2931 5133 et
2960 5090 3124 5134 omne
3159 5090 3330 5146 genus
3363 5072 3651 5140 foeditatis",

2071 5187 2245 5241 eaque
2319 5171 2456 5226 ﬁunt
2530 5173 2669 5227 clam
2745 5173 2813 5228 ab
2873 5172 2981 5227 illis
3031 5185 3151 5241 quae
3212 5180 3369 5241 turpe
3423 5176 3510 5225 est
3562 5168 3650 5223 vel

2072 5264 2270 5318 dicere.
2317 5263 2471 5329 Quod
2509 5264 2727 5333 quidem
2766 5263 3155 5335 impedimento
3206 5261 3313 5318 illis
3347 5269 3452 5326 est,
3507 5275 3648 5331 quo-

2071 5356 2251 5410 minus
2289 5354 2516 5425 gloriam
2543 5356 2636 5411 Dei
2682 5357 3020 5421 intueantur,
3056 5353 3284 5425 ejusque
3343 5366 3510 5423 opera
3563 5362 3650 5406 at-

2071 5450 2310 5504 tendant.
2342 5450 2475 5507 Nam
2515 5460 2569 5506 ut
2595 5452 2844 5522 corporis
2871 5450 3079 5516 oculus,
3108 5448 3193 5505 vél
3244 5446 3469 5519 pulvere
3507 5444 3650 5515 inje-

2069 5552 2194 5608 cto,
2252 5542 2335 5598 vel
2385 5544 2642 5614 lippidine
2683 5544 2891 5611 oli‘usa,
2948 5543 3035 5600 vel
3079 5544 3403 5599 obturbante
3452 5537 3638 5591 vul‘nca

2072 5651 2151 5705 re,
2206 5636 2351 5695 clare
2401 5652 2509 5693 non
2557 5644 2733 5707 potest
2780 5636 3002 5693 videre:
3057 5634 3137 5694 sic
3190 5647 3343 5691 mens
3403 5628 3642 5686 humana
