4094 6366
372 314 470 370 151

1364 320 1422 376 S.
1462 317 1741 377 CYRILLI
1780 320 2258 380 ALEXANDRIN!
2296 325 2621 381 ARCHIEP.

3540 317 3644 373 £53

369 426 485 499 88
513 440 694 484 carnis
726 426 1090 501 voluptatibus
1135 430 1423 503 degravala
1473 448 1538 488 ac
1578 435 1822 490 demersa
1845 476 1859 500 ,
1891 436 1958 491 ad

2083 439 2257 512 ιένης,
2280 440 2316 511 ἢ
2348 437 2807 512 παρενοχλοῦντος
2836 436 3153 510 τραύματος
3181 434 3311 489 ίδειτν
3334 432 3392 486 οὔ
3413 430 3645 487 δύναται.

372 520 540 575 Deum
566 521 758 591 nequit
795 523 1093 595 respicere;
1132 538 1233 580 nec
1260 523 1401 581 facta
1448 524 1567 595 ejus
1611 525 1722 582 ﬁxo
1767 527 1957 581 obtutu

373 612 783 684 contemplari:
843 628 876 671 e
926 615 1125 687 quibus
1188 618 1657 682 manifestissime,
1702 619 1831 690 quis
1894 633 1960 675 ac

375 703 556 773 qualis
580 704 774 777 Opifex
806 719 913 776 est,
939 710 1129 766 liceret
1150 711 1604 768 animadvertere.
1632 712 1711 767 Ex
1742 723 1963 769 creatu-

376 808 562 853 rarum
622 799 768 855 enim
831 799 1237 872 pulchritudine
1291 806 1657 877 cognoscitur,
1731 821 1964 876 eumque

378 890 638 948 admirari
687 902 747 951 et
772 896 1053 966 suspicere
1077 896 1295 955 abunde
1316 900 1518 970 poterit
1565 900 1612 956 is
1641 900 1735 970 qui
1776 914 1961 956 rerum

380 981 452 1036 ab
488 982 608 1055 ipso
635 982 900 1042 factarum
929 988 1291 1047 admiratione
1319 991 1445 1061 capi
1493 991 1748 1048 voluerit.
1792 990 1966 1049 Sicuti

379 1074 527 1130 enim
587 1072 781 1135 beatus
822 1078 1023 1135 Paulus
1064 1072 1303 1137 scribit:
1359 1100 1383 1137 ι
1425 1080 1721 1139 lnvisibilia
1769 1085 1889 1156 ejus
1934 1099 1968 1141 a

381 1167 658 1223 creatione
680 1170 873 1226 mundi
899 1186 997 1242 per
1029 1187 1099 1229 ea
1145 1190 1267 1247 quae
1325 1174 1471 1232 facta
1506 1184 1635 1232 sunt
1693 1177 1968 1233 intellecta

382 1258 812 1329 conspiciuntur,
855 1275 1058 1322 aeterna
1102 1269 1316 1323 scilicet
1380 1269 1501 1339 ejus
1532 1269 1617 1325 vis
1663 1279 1721 1325 et
1768 1271 1967 1326 divini-

384 1359 470 1408 tas
506 1350 577 1411 ⁸⁸.
627 1371 648 1407 s
710 1355 1024 1415 Verisimile
1070 1369 1256 1417 autem
1302 1372 1409 1427 est,
1438 1364 1756 1434 prophetam
1808 1378 1971 1419 accu-

383 1457 510 1500 sare
533 1442 782 1513 Judaaos,
802 1450 957 1517 quasi
988 1451 1080 1522 qui
1114 1455 1610 1522 compotationibus
1647 1470 1707 1512 se
1739 1456 1969 1523 dedant,

385 1545 442 1591 et
468 1536 535 1591 ad
557 1537 783 1595 delicias
803 1542 1148 1613 cupidissime
1176 1545 1479 1612 convolent,
1506 1563 1605 1602 nec
1626 1548 1806 1604 animo
1828 1549 1971 1604 inte-

386 1626 490 1680 sim
538 1627 718 1685 futura
754 1636 1012 1704 cogitent,
1045 1635 1099 1692 id
1144 1647 1246 1702 est,
1285 1638 1561 1709 quaeipsis
1606 1654 1673 1695 ex
1706 1639 1785 1695 ira
1826 1640 1974 1695 velut

388 1716 572 1776 divina
625 1733 885 1779 eventura
935 1737 1117 1793 erant,
1161 1742 1283 1797 qua:
1312 1730 1474 1785 etiam
1515 1746 1677 1801 opera
1717 1748 1971 1787 manuum

389 1810 485 1867 Dei
518 1827 819 1886 nuncupat.
846 1816 1044 1874 Pacem
1096 1794 1243 1876 enim
1291 1794 1580 1878 constituit
1625 1823 1976 1895 diligentibus
2004 1794 2049 1850 Β

388 1916 471 1969 se,
513 1904 655 1960 mala
691 1922 822 1964 vero
846 1920 998 1965 creat
1024 1911 1110 1966 his
1144 1913 1234 1981 qui
1280 1912 1349 1967 ad
1382 1914 1517 1968 iram
1549 1915 1851 1971 concitant.
1918 1913 1977 1969 Si

389 1997 536 2051 enim
595 1994 781 2053 futura
836 2010 1026 2056 contra
1079 2017 1138 2058 se
1196 2004 1409 2060 Domini
1455 2021 1624 2077 opera
1685 2008 1974 2074 vidissent,

388 2090 857 2158 perpotationibus
895 2094 1123 2149 minime
1151 2095 1529 2164 indulsissent,
1575 2100 1669 2153 sed
1709 2113 1853 2153 curae
1914 2113 1979 2155 ac

390 2182 542 2238 cordi
583 2182 815 2240 fuissent
878 2185 984 2243 illis
1040 2188 1333 2261 lacrymte,
1400 2199 1586 2260 gratus
1639 2191 1833 2247 fuisset
1894 2191 1977 2245 lu-

390 2282 536 2343 ctus,
567 2274 805 2344 labores,
839 2292 1053 2348 preces,
1099 2284 1432 2352 pmnitentia:
1472 2282 1670 2349 oilicia,
1715 2285 1977 2339 malorum

390 2379 513 2436 qua:
582 2383 648 2425 ex
713 2371 1136 2446 intemperantia
1222 2382 1573 2447 proveniunt,
1638 2379 1797 2451 longe
1854 2396 1982 2452 gra-

392 2458 552 2515 κίοι-ο.

466 2650 632 2708 Vsus.
658 2653 750 2721 15,
786 2653 875 2710 16.
909 2654 1160 2727 Captivus
1183 2657 1349 2729 igitur
1374 2659 1600 2730 populus
1632 2677 1775 2715 meus
1805 2662 1981 2731 factus

392 2753 496 2810 est,
536 2747 665 2817 quia
691 2745 979 2803 Dominum
1031 2766 1137 2805 non
1163 2752 1434 2822 cognovit,
1481 2765 1531 2807 et
1567 2755 1729 2808 multi
1767 2756 1912 2824 fame
1929 2763 1983 2810 et

394 2837 491 2892 siti
512 2854 663 2910 aqua:
694 2841 864 2895 necati
892 2852 1038 2898 sunt.
1071 2842 1138 2896 Et
1159 2843 1401 2899 dilatavit
1459 2846 1704 2916 infernus
1748 2848 1983 2902 animam

395 2940 547 2985 suam
566 2969 583 2997 ,
613 2941 665 2987 et
712 2936 923 3002 aperuit
952 2951 1009 2990 os
1063 2952 1249 3004 suum,
1280 2940 1394 2992 sine
1423 2939 1826 2995 intermissione.
1873 2939 1983 2996 De-

395 3025 739 3089 ssendsntque
797 3027 993 3084 nobiles
1034 3038 1085 3082 et
1142 3031 1341 3100 magni,
1408 3031 1596 3085 divites
1652 3043 1699 3086 et
1744 3045 1985 3101 pastores

2061 533 2318 604 καθαρῶς
2336 550 2350 565 ⁸
2372 532 2516 588 οὕτω
2538 533 2634 587 καὶ
2657 529 2997 604 ἀνθρώπινος
3017 526 3141 592 νοῦς
3166 528 3287 591 ταῖς
3306 526 3400 597 τῆς
3433 525 3640 595 σαρκὸς

2062 625 2113 677 ei
2163 623 2604 695 καταπαχύνοιτο
2666 624 2923 695 τρυφαῖς.
2980 618 3249 691 ἀναμύειν
3305 617 3368 671 οὐ
3417 616 3645 670 δύναται

2063 717 2200 788 πρὸς
2234 716 2388 782 Θεὸν,
2437 716 2562 770 οὕτε
2596 715 2701 788 μὴν
2735 712 2941 785 ἀκρισῆ
2970 714 3083 775 τοῖς
3125 712 3254 782 παρ’
3304 708 3466 763 αὐτοῦ
3495 725 3648 778 γινο-

2067 809 2249 881 μένοις
2280 807 2567 880 ὲνερείδειν
2607 806 2708 878 τὴν
2743 806 2895 877 ὄψιν·
2946 804 3013 858 δι’
3060 794 3136 856 ὧν
3192 801 3309 855 ἔστι
3357 801 3449 855 καὶ
3495 801 3645 873 μάλα

2067 898 2275 969 σαφῶς,
2318 899 2402 962 τίς
2429 914 2489 951 τε
2536 899 2631 952 καὶ
2663 898 2787 960 ὅσος
2818 896 2965 949 ἐστὶν
2995 897 3026 949 ὁ
3049 892 3414 966 Δημιουργὸς,
3448 894 3648 947 ἐννοεῖν

2066 990 2351 1047 δύνασθαι.
2388 988 2723 1044 Γινώσκεται
2747 987 2859 1060 γὰρ
2881 987 2991 1042 ἀπὸ
3018 985 3285 1056 καλλονῆς
3310 984 3649 1054 κτισμάτων·

2067 1082 2162 1137 καὶ
2189 1080 2520 1152 θαυμάσειεν
2558 1079 2625 1134 ἂν
2660 1079 2823 1134 αὐτὸν
2852 1078 2947 1133 καὶ
2979 1076 3128 1149 μάλα
3169 1074 3445 1138 πλουσίως
3476 1073 3503 1125 ὁ
3533 1074 3650 1140 τοῖς

2070 1178 2202 1250 παρ’
2234 1175 2405 1231 αὐτοῦ
2431 1174 2828 1246 πεποιημένοις
2850 1174 2914 1228 τὸ
2946 1172 3133 1244 θαῦμα
3165 1170 3362 1235 διδούς.
3406 1168 3494 1233 Ὠς
3530 1168 3643 1240 γὰρ

2068 1274 2100 1326 ὁ
2122 1271 2395 1344 μακάριος
2427 1269 2627 1341 γράφει
2658 1266 2869 1331 Παῦλος
2889 1284 2902 1296 ·
2942 1285 2965 1317 ο
2990 1264 3075 1319 Ta
3100 1264 3310 1337 ἀόρατα
3341 1260 3507 1317 αὐτοῦ
3538 1261 3657 1315 ἀπὸ

2068 1364 2303 1426 κτίσεως
2330 1362 2535 1433 κόσμου
2568 1363 2680 1423 τοῖς
2712 1359 2982 1430 ποιήμασι
3007 1357 3279 1428 νοούμενα
3311 1355 3648 1427 καθορᾶται,

2069 1459 2106 1530 ἥ
2135 1475 2194 1511 τε
2228 1457 2395 1520 ἀΐδιος
2425 1453 2589 1509 αὐτοῦ
2620 1453 2848 1522 δύναμις
2879 1451 2973 1504 καὶ
3017 1450 3285 1518 θειότης.»
3316 1448 3475 1511 Εἰκὸς
3502 1447 3557 1500 δὲ
3585 1447 3650 1519 δὴ

2071 1552 2163 1607 τὸν
2193 1552 2479 1625 προφήτην
2515 1547 2903 1603 καταιτιᾶσθαι
2929 1547 3055 1610 τοὺς
3094 1544 3380 1605 Ἰουδαίους
3407 1542 3481 1605 ὡς
3510 1544 3653 1610 ἀγα-

2076 1646 2285 1701 πῶνται
2319 1644 2517 1707 πότους
2540 1683 2556 1709 ,
2603 1638 3030 1710 συλλεγομένους
3055 1638 3111 1690 δὲ
3137 1637 3232 1691 καὶ
3275 1636 3421 1708 μάλα
3448 1632 3654 1706 προθύ-

2080 1756 2196 1812 μως
2243 1739 2323 1802 εἰς
2366 1735 2605 1809 τρυφάς·
2644 1733 2718 1805 μὴ
2773 1731 2878 1804 μὴν
2925 1730 3007 1783 ἔτι
3060 1731 3156 1783 καὶ
3195 1731 3275 1793 εἰς
3321 1728 3445 1782 νοῦν
3488 1727 3655 1798 ἔχειν,

2079 1832 2247 1903 ἤγουν
2276 1831 2356 1892 εἰς
2384 1827 2453 1881 τὰ
2485 1826 2747 1898 μέλλοντα
2779 1823 3027 1895 θεωρεῖν,
3062 1819 3209 1873 τοῦτ’
3240 1818 3375 1882 ἔστι,
3409 1816 3477 1871 τά
3508 1834 3648 1883 συμ-

2079 1922 2319 1993 ϐήσοντα
2352 1921 2535 1982 αὐτοῖς
2566 1918 2641 1982 ὡς
2670 1920 2735 1971 ὲκ
2763 1916 2915 1978 θείας
2954 1913 3127 1985 ὀργῆς
3148 1952 3162 1975 ,
3185 1915 3220 1966 ἃ
3239 1913 3333 1965 καὶ
3364 1910 3500 1981 ἔργα
3525 1908 3660 1980 φησὶ

2078 2015 2189 2069 τῶν
2230 2012 2425 2085 χειρῶν
2452 2010 2547 2065 τοῦ
2572 2009 2731 2064 Θεοῦ.
2769 2010 2922 2064 [Ιοιεῖ
2949 2007 3060 2078 γάρ
3104 2006 3325 2078 εἰρήνην
3374 2005 3483 2066 τοῖς
3520 2004 3658 2069 ἀγα-

2081 2104 2259 2157 πῶσιν
2290 2102 2473 2164 αὑτὸν,
2504 2100 2599 2153 καὶ
2623 2102 2736 2161 τοῖς
2759 2095 3159 2169 παροτρύνουσι
3190 2093 3373 2157 κτίζειν
3400 2091 3566 2145 κακά.
3588 2091 3654 2143 Εἰ

2080 2197 2189 2267 γὰρ
2224 2194 2409 2266 ἐώρων
2439 2193 2512 2247 τά
2537 2192 2772 2263 ἐσόμενα
2800 2190 2919 2244 κατ’
2946 2188 3125 2243 αὐτῶν
3149 2186 3286 2259 ἔργα
3320 2184 3664 2257 Κυρίου,ούκ

2080 2290 2145 2344 ἂν
2188 2289 2479 2359 ἠνέσχοντο
2509 2285 2710 2347 πότον,
2747 2283 2860 2338 ἀλλ’
2908 2277 2976 2352 ἦν
3022 2279 3088 2333 ἂν
3119 2279 3303 2341 αὐτοῖς
3350 2278 3408 2333 ὲν
3457 2274 3662 2346 σπουδῇ

2080 2382 2142 2435 τὸ
2169 2381 2425 2450 δάκρυον,
2469 2378 2563 2431 καὶ
2594 2375 2744 2445 φίλος
2792 2375 2820 2427 ὁ
2866 2372 3081 2443 θρῆνος,
3110 2369 3263 2424 πόνοι
3286 2385 3346 2420 τε
3373 2366 3468 2421 καὶ
3496 2382 3665 2437 προσι

2083 2473 2260 2544 ευχαι,
2280 2472 2377 2526 καὶ
2403 2469 2473 2523 τά
2496 2470 2595 2539 τῆς
2624 2463 3017 2538 μεταγνώσεως
3047 2461 3207 2531 ἔργα,
3237 2456 3345 2512 τῶν
3367 2458 3425 2511 ἐν
3458 2456 3668 2527 ἀσωτίᾳ

2084 2569 2273 2623 κακῶν
2310 2568 2516 2639 ἡδίονα.

2158 2661 2372 2716 Τοίνυν
2403 2655 2782 2726 αἰχμάλωτος
2823 2654 2856 2706 ό
2904 2651 3054 2717 λαός
3087 2666 3209 2718 μου
3243 2644 3531 2717 ἐγενήθη,
3570 2639 3668 2694 διὰ

2083 2751 2151 2807 τὸ
2188 2751 2274 2822 μὴ
2308 2750 2532 2805 εἰδέναι
2577 2745 2801 2810 αὐτοὺς
2837 2742 2948 2797 τὸν
2989 2742 3233 2809 Κύριον.
3274 2737 3383 2793 Καὶ
3432 2732 3668 2803 πλῆθος

2082 2844 2336 2916 ἐγενήθη
2382 2841 2634 2911 νεκρῶν,
2683 2838 2783 2893 διὰ
2821 2837 3004 2907 λιμὸν
3041 2835 3140 2890 καὶ
3184 2834 3376 2902 δίψαν
3423 2830 3674 2893 ὕδατος.

2084 2937 2195 2993 Καὶ
2247 2936 2589 2990 ἐπλάτυνεν
2624 2936 2656 2987 ὁ
2700 2931 2851 3000 ᾅδης
2896 2928 3014 2996 τὴν
3062 2925 3277 2996 ψυχὴν
3320 2921 3531 2987 αὐτοῦ,
3570 2917 3676 2973 και

2086 3030 2393 3101 διήνοιξεν
2442 3029 2508 3082 τὸ
2563 3027 2760 3096 στόμα
2805 3023 3015 3089 αὑτοῦ,
3057 3020 3164 3075 τοῦ
3215 3016 3301 3088 μὴ
3345 3012 3669 3069 διαλιπεῖν.

396 3115 535 3185 ejus.
578 3115 864 3187 Dejicietnr
906 3120 1084 3187 homo,
1134 3131 1183 3177 et
1225 3123 1517 3193 ignominia
1563 3124 1819 3193 afficietur
1876 3126 1976 3191 vir,

2084 3124 2193 3179 Kal
2220 3121 2663 3188 καταϐήσονται
2691 3120 2745 3172 οἱ
2777 3115 3038 3182 ἔνδοξοι,
3066 3114 3165 3166 καὶ
3188 3114 3241 3165 οἱ
3264 3107 3539 3180 μεγάλοι,
3569 3104 3669 3159 καὶ

393 3216 448 3261 et
495 3209 635 3263 oculi
684 3210 812 3265 elati
830 3212 1273 3270 humiliabunlur.
1298 3214 1603 3270 Extolletur
1647 3226 1824 3270 autem
1879 3216 1983 3270 Do-

396 3302 572 3361 minus
600 3300 837 3359 Sabaoth
878 3306 934 3361 in
968 3307 1199 3378 judicio,
1249 3318 1299 3364 et
1338 3308 1482 3363 Deus
1528 3320 1741 3365 sanctus
1786 3311 1985 3381 glorio-

396 3412 491 3453 sus
531 3396 631 3452 erit
670 3398 729 3453 in
758 3397 1001 3468 iustitia.

473 3667 611 3725 Rem
640 3669 698 3725 in
739 3669 1033 3740 perniciem
1062 3671 1278 3737 cedere,
1309 3674 1376 3728 ad
1402 3672 1589 3729 ultima
1615 3675 1755 3731 mala
1785 3676 1993 3731 ducere

399 3774 498 3818 eos
546 3761 638 3831 qui
664 3759 851 3815 volunt
878 3761 1109 3818 delicate
1134 3777 1201 3818 ac
1251 3762 1487 3819 molliter
1538 3765 1744 3829 vivere,
1799 3766 1986 3821 divina

403 3868 505 3910 nos
541 3853 597 3909 in
635 3854 722 3910 bis
764 3854 922 3911 docet
953 3856 1151 3913 oratio.
1200 3855 1336 3912 Cum
1393 3859 1541 3911 enim
1592 3857 1833 3916 Iudaicae
1896 3875 1987 3914 re-~

403 3948 583 4019 gionis
633 3948 845 4016 incolae,
891 3949 1013 4004 aliis
1052 3949 1316 4005 clariores
1365 3950 1818 4021 illustrioresque,
1852 3966 1985 4020 Ope-

404 4056 527 4096 sum
588 4039 684 4096 Dei
746 4054 935 4096 curam
983 4040 1320 4111 negligerent
1392 4051 1647 4112 tanquam
1713 4045 1987 4109 inutilem,

406 4145 640 4201 cumque
691 4131 948 4202 Operibus
994 4147 1249 4187 manuum
1309 4131 1425 4201 ejus
1489 4134 1694 4189 nullum
1748 4136 1985 4190 studium

406 4224 830 4294 impenderent,
890 4226 1385 4283 comessationibus
1457 4237 1640 4283 autem
1714 4231 1989 4299 perpetuis

406 4326 693 4384 vacarent,
767 4317 1020 4374 ebrietati
1101 4318 1467 4389 indulgerent,
1542 4334 1609 4375 ac
1700 4320 1989 4375 immodice

408 4411 945 4481 intemperanterque
1004 4410 1156 4467 tibiis
1226 4421 1528 4478 canentes,
1593 4411 1648 4466 in
1724 4427 1792 4468 eo
1847 4421 1989 4467 totos

2085 3220 2141 3272 οὶ
2188 3216 2493 3277 πλούσιοι,
2542 3212 2644 3267 καὶ
2693 3213 2748 3265 οὶ
2794 3208 2999 3279 νομεῖς
3052 3203 3264 3273 αὐτῆς.
3319 3200 3429 3256 Καὶ
3465 3213 3671 3252 ταπει-

2084 3306 2420 3376 νωθήσεται
2484 3302 2797 3370 ἄνθρωπος
2821 3342 2841 3365 ,
2894 3298 2993 3353 καὶ
3043 3294 3438 3358 ἀτισθήσεται
3492 3286 3668 3357 ἀνὴρ.

2085 3403 2195 3456 Καὶ
2241 3402 2296 3452 οἱ
2336 3395 2630 3467 ὀφθαλμοὶ
2673 3396 2727 3448 οἱ
2774 3392 3056 3462 μετέωροι
3096 3382 3673 3452 ταπεινωθήσονται,

2087 3490 2185 3548 καὶ
2238 3487 2625 3558 ὑψωθήσεται
2685 3486 2903 3553 Κύριος
2961 3482 3230 3548 Σαϐαὼθ,
3292 3477 3394 3534 καὶ
3442 3480 3476 3532 d
3527 3476 3673 3542 Θεὸς

2087 3584 2254 3654 ἅγιος
2277 3578 2722 3646 δοξασθήσεται
2748 3578 2819 3632 ἐν
2845 3577 3239 3645 δικαιοσύνῃ.

2160 3677 2282 3729 ’Ότι
2330 3674 2443 3736 τοῖς
2482 3672 2696 3725 θέλουσι
2748 3670 2961 3741 τρυφᾷν
3015 3668 3309 3740 ὲκτελευτᾷ
3361 3668 3425 3722 τὺ
3480 3666 3673 3739 χρῆμα

2087 3769 2226 3839 πρὸς
2258 3766 2379 3821 δλεθ
2390 3783 2479 3839 ρον
2517 3765 2612 3818 καὶ
2637 3763 2774 3835 πρὸς
2802 3764 2933 3816 αὐτό
2956 3780 3060 3815 που
3086 3761 3148 3815 τὸ
3179 3761 3392 3816 λοῖσθον
3421 3762 3676 3830 ἀφικνεῖ-

2088 3880 2180 3917 ται
2213 3861 2322 3914 τῶν
2362 3858 2572 3925 κακῶν,
2618 3859 2647 3910 ὁ
2692 3857 2835 3921 θεῖος
2879 3857 3025 3927 ἡμᾶς
3070 3857 3129 3908 ὲν
3172 3854 3387 3918 τούτοις
3431 3854 3677 3917 διδάσκει

2089 3955 2268 4025 λόγος.
2308 3952 2525 4023 Ἐπειδὴ
2582 3950 2699 4022 γὰρ
2735 3952 2785 4003 οἱ
2840 3948 2943 4019 τῆς
2983 3946 3254 4001 Ἰουδαίων
3308 3945 3513 4018 χώρας,
3565 3945 3683 4000 τῶν

2090 4048 2266 4104 ἄλλων
2321 4042 2814 4116 περιφανέστεροι,
2879 4040 3138 4113 μεθέντες
3200 4040 3276 4102 ὡς
3333 4039 3561 4110 ἀκερδὲς
3613 4037 3678 4092 τὸ

2091 4143 2292 4214 χρῆναι
2336 4134 2798 4209 περιεργάζεσθαι
2838 4133 2907 4187 τὰ
2956 4132 3096 4204 ἔργα
3132 4130 3228 4185 τοῦ
3272 4130 3432 4195 Θεοῦ,
3474 4129 3571 4185 καὶ
3612 4130 3676 4183 τὸ

2090 4233 2390 4306 ἐμϐλέπειν
2432 4229 2503 4284 τὰ
2545 4229 2684 4301 ἔργα
2727 4227 2844 4282 τῶν
2876 4226 3074 4300 χειρῶν
3117 4223 3306 4288 αὑτοῦ,
3338 4223 3477 4296 παρ’
3524 4222 3681 4277 οὐδὲν

2091 4324 2426 4398 ποιήσασθαι
2470 4320 2938 4394 μεμελετηκότες,
2996 4318 3207 4389 κώμοις
3259 4334 3319 4370 τε
3366 4315 3674 4388 διηνεκέσιν

2091 4415 2409 4490 ἐσχόλαζον,
2445 4415 2543 4469 καὶ
2570 4411 2787 4484 μεθύειν
2810 4409 3002 4481 ἤθελον
3024 4409 3345 4465 ἀσωτότατα
3376 4406 3677 4460 καταυλού-

408 4503 529 4558 tlies
557 4479 955 4572 producerent:
1007 4502 1253 4559 abituros
1283 4518 1416 4558 sane
1476 4505 1718 4573 captivos
1772 4506 1867 4569 ait,
1933 4515 1982 4561 et

2096 4479 2273 4583 μενοι,
2303 4479 2435 4563 fuat
2487 4479 2649 4561 τοῦτο
2707 4479 3158 4575 διημερεύοντες·
3212 4502 3523 4573 οἰχήσονται
3576 4500 3684 4571 μὲν»

407 4598 711 4655 servituros
774 4595 1036 4660 inimicis,
1106 4604 1419 4665 tantamque
1475 4595 1593 4652 fore
1622 4612 1717 4667 per
1774 4593 2037 4652 omnem‘

2092 4603 2431 4675 αἰχμάλωτοι
2486 4600 2583 4654 καὶ
2638 4597 3017 4652 δουλεύσουσιν
3060 4594 3313 4666 ἐχθροῖς,
3358 4593 3568 4664 πληθὺς
3618 4592 3677 4645 δὲ

409 4689 687 4762 regionem
748 4697 1084 4745 mortuorum
1141 4687 1322 4743 inedia
1380 4697 1439 4743 et
1513 4688 1604 4743 siti
1650 4689 1982 4758 pereuntium

2090 4696 2331 4765 τοσαύτη
2353 4693 2563 4766 νεκρῶν
2593 4690 2738 4745 κατά
2766 4690 2951 4744 πᾶσαν
2979 4688 3136 4742 ἔσται
3159 4687 3258 4759 τὴν
3290 4686 3499 4760 χώραν,
3529 4683 3677 4756 λιμῷ

408 4781 835 4848 multitudinem,
863 4789 922 4835 ut
961 4778 1208 4836 infernus
1267 4779 1532 4851 praelargo
1556 4790 1613 4836 et
1670 4780 1983 4851 inexplebili

408 4873 527 4947 αθ
571 4888 689 4941 ore,
731 4873 1111 4942 hiantibusque
1166 4872 1413 4928 faucibus
1439 4872 1739 4929 absorbens
1782 4889 1877 4929 eos
1900 4874 1992 4943 qui

411 4967 822 5032 descenderent,
853 4967 1074 5035 suisque
1096 4977 1192 5020 eos
1257 4964 1531 5021 thesauris
1562 4966 1823 5037 spolians,
1853 4984 1991 5037 quo-

412 5062 701 5117 dammodo
745 5060 817 5117 sit
862 5060 1252 5117 exsultaturus.
1298 5058 1432 5115 Nam
1463 5077 1586 5118 cum
1634 5061 1828 5118 inferni
1876 5063 1994 5117 ani-

413 5168 561 5208 mm
614 5152 894 5208 dilatatam
944 5152 1124 5218 audis,
1177 5152 1324 5210 aliud
1357 5153 1493 5208 nihil
1526 5169 1688 5222 quam
1717 5156 1858 5224 quod
1879 5154 1989 5223 jam

414 5252 557 5316 dixi,
588 5251 896 5321 signiﬁcare
935 5268 1059 5308 eum
1098 5252 1235 5312 velle
1260 5253 1679 5310 existimandum
1712 5263 1815 5309 est.
1856 5253 1991 5308 Nam

415 5341 701 5412 Scriptura
752 5343 1015 5401 divinitus
1068 5346 1305 5413 aspirata
1377 5346 1690 5401 nominibus
1766 5344 1996 5416 ﬁgurate

416 5433 591 5487 utitur
650 5432 944 5499 interdum,
996 5444 1053 5491 et
1107 5436 1266 5506 quasi
1300 5437 1690 5507 metaphnrice,
1745 5439 1909 5492 etiam
1941 5436 1994 5490 in

420 5524 583 5579 rebus
603 5538 723 5592 qua:
751 5522 1037 5581 animabus
1072 5539 1282 5596 carent,
1316 5528 1426 5583 imo
1454 5543 1575 5598 quae
1599 5542 1700 5583 nec
1730 5527 1782 5582 in
1808 5526 2002 5583 ordine

422 5631 487 5671 ac
541 5618 685 5672 serie
743 5614 1057 5674 animalium
1103 5630 1485 5689 numerantur,
1524 5631 1615 5677 aut
1648 5636 1769 5692 qua:
1810 5635 2000 5677 rcvcra

499 5774 542 5804 ιο
576 5772 727 5831 nom.
776 5789 817 5843 ι,
845 5772 945 5829 20.

2094 4786 2193 4840 καὶ
2220 4785 2364 4857 δίψει
2389 4782 2740 4848 διολωλότων,
2766 4780 2842 4844 ὡς
2885 4779 3169 4852 μονονουχὶ
3207 4778 3554 4848 σωταλῆσαι
3582 4776 3677 4830 τὸν

2099 4878 2234 4951 ᾅδην
2277 4877 2475 4931 πλατεῖ
2530 4876 2627 4929 καὶ
2666 4873 2933 4944 ἀπλήστῳ
2977 4870 3226 4941 στόματι,
3276 4869 3470 4940 χανδὸν
3519 4868 3681 4939 ἐκρος

2099 4973 2303 5045 φοῦντα
2338 4971 2464 5034 τοὺς
2514 4966 2966 5030 καταϐαίνοντας,
3018 4966 3113 5018 καὶ
3162 4965 3276 5027 τοῖς
3336 4962 3488 5026 ἰδίοις
3542 4962 3685 5014 arro-

2099 5064 2350 5119 κλείοντα
2397 5062 2710 5132 θησαυροῖς.
2759 5058 2931 5111 Ὅταν
2975 5055 3086 5127 γὰρ
3134 5054 3264 5126 ᾅδου
3313 5053 3494 5125 ψυχὴν
3541 5053 3679 5106 πλα-

2100 5156 2399 5227 τυνομένην
2430 5152 2668 5215 ἀκούεις,
2694 5150 2975 5222 νομιστέον
3005 5149 3191 5219 ἕτερον
3208 5145 3362 5199 οὐδὲν
3392 5144 3679 5215 βούλεσθαι

2096 5249 2292 5322 δηλοῦν
2330 5246 2514 5309 αὐτὸν,
2547 5245 2581 5315 ἢ
2615 5245 2753 5313 ὅπερ
2775 5242 2914 5313 ἔφην
2936 5241 3157 5311 ἀρτίως·
3195 5239 3477 5309 Κέχρηται
3501 5237 3606 5309 γὰρ
3639 5237 3675 5307 ἡ

2099 5343 2455 5404 θεόπνευστος
2488 5334 2681 5409 Γραφὴ
2710 5338 2823 5397 τοῖς
2860 5332 3089 5403 ὀνόμασι
3117 5329 3394 5399 τροπικῶς
3421 5327 3533 5382 ἐσθ’
3564 5329 3674 5392 ὅτε,

2100 5436 2195 5488 καὶ
2225 5428 2336 5487 οἷον
2368 5434 2433 5485 ὲκ
2473 5428 2787 5500 μεταφορᾶς
2814 5466 2829 5490 ,
2882 5426 2977 5478 κα)⁵
3013 5424 3108 5478 ἐπὶ
3137 5422 3247 5476 τῶν
3296 5422 3396 5475 οὐκ
3447 5420 3682 5491 ἐχόντων

2099 5528 2300 5597 ψυχὴν,
2323 5524 2438 5578 ἀλλ’
2468 5523 2591 5577 οὐδὲ
2616 5525 2674 5575 ὲν
2702 5519 2853 5586 τάξει
2886 5518 3042 5583 ζώων
3067 5514 3278 5588 ἠριθμη
3289 5514 3488 5586 μένων,
3517 5511 3551 5582 ἢ
3584 5508 3682 5564 καὶ

2102 5619 2272 5673 ὄντων
2302 5616 2509 5670 τούτων
2546 5614 2667 5667 κατ’
2697 5610 2978 5683 ἀλήθειαν.
3015 5610 3152 5665 Ποία
3190 5608 3299 5680 γὰρ
3333 5605 3460 5677 ᾅδου
3494 5601 3679 5673 ψυκήὶ
