4094 6366
416 427 525 486 155
1561 426 1624 481 lN
1663 424 1899 481 lSAlMl
1941 419 2033 476 LII

2116 419 2159 476 1.
2198 421 2412 477 ORAT.
2456 420 2542 477 Ill.
3595 406 3698 461 154

414 534 673 605 Τόποςδὲ
707 540 910 611 μᾶλλον
936 540 965 594 ὀ
986 540 1141 613 ᾅδης,
1173 543 1268 597 καὶ
1312 542 1500 613 ψυχῶν
1543 541 1745 596 άθλίων
1788 538 2010 611 ἀμειδὲς

2083 587 2085 593 .
2114 537 2400 591 exsistunt.
2435 536 2569 603 Qua:
2612 535 2756 590 enim
2788 542 2873 589 est
2919 528 3116 587 inferni
3148 527 3331 583 anima
3353 526 3381 579 ?
3413 524 3589 580 Locus
3612 537 3700 592 po-

415 631 817 704 δεσμωτήριον.
850 632 1062 687 Οὐκοῦν
1101 634 1212 687 τῶν
1263 635 1322 688 ὲν
1368 634 1507 705 τῷδε
1552 632 1632 704 τῷ
1679 632 1782 705 βίῳ
1811 633 2006 702 ὲντρυο

2112 631 2218 684 tius
2249 639 2333 684 est
2382 631 2650 694 infernus,
2683 637 2739 683 et
2790 626 3096 682 animarum
3144 622 3474 676 miserarum
3514 630 3702 671 carcer

417 726 651 798 φώντων
700 725 873 798 ψυχαὶ
932 729 1354 798 κατοιχήσονται
1415 704 1515 799 μὲν
1568 729 1649 790 εἰς
1684 704 1786 779 τὸν
1838 725 2006 796 ᾅδην,

2109 721 2384 777 horridus.
2416 722 2625 775 Animae
2674 719 2837 791 igitur
2884 731 3072 771 eorum
3109 714 3198 784 qui
3223 714 3277 767 in
3310 713 3412 766 hac
3437 710 3547 763 vita
3578 704 3703 759 deli-

415 820 870 893 κατεμπλήσουσι
898 820 955 874 δὲ
976 819 1166 893 ῶσπερ
1187 820 1288 891 τὴν
1318 820 1518 892 ψυχήν.
1553 819 1663 875 Καί
1682 836 1735 873 τι
1765 816 2010 873 τοιοῦτον

2111 817 2209 871 ciis
2235 825 2292 869 et
2313 811 3010 883 voluptatibusindulgent,
3045 809 3111 862 ad
3154 804 3432 861 infernum
3476 802 3701 854 descen-

417 888 575 982 ἡμῖν’
604 910 634 963 ὁ
684 888 972 973 θεσπέσιος
1028 888 1267 981 μελίρδδς
1333 888 1620 981 ῦποδηλοϊ,
1660 908 1836 977 λέγων
1878 906 2010 979 περὶ

2111 909 2254 972 dent,
2284 916 2342 962 et
2382 907 2684 974 implebunt
2728 904 2882 973 quasi
2927 900 3047 971 ejus
3088 901 3349 953 animam.
3385 888 3703 962 Cuiusmodi

420 979 629 1073 πάσης,
649 998 822 1072 οἶμαι,
850 979 1039 1073 ψυχῆς.
1052 979 1338 1074 φιληδόνου
1367 1018 1427 1055 τε
1461 979 1557 1056 καὶ
1585 1001 2010 1074 φιλαμαρτήμο-

2110 1009 2197 1053 est
2258 999 2400 1068 quod
2432 997 2589 1052 nobis
2635 995 2852 1050 divinus
2906 989 3213 1046 modulator
3257 984 3588 1042 subindicat.
3628 979 3706 1032 lo-

423 1108 549 1157 νος’
581 1082 965 1147 Εἰσελεύσετᾶι
1009 1093 1116 1157 ἓως
1147 1094 1341 1162 γενεᾶς
1380 1093 1635 1164 πατέρων
1680 1092 1869 1157 αὐτοῦ,
1905 1090 2010 1155 ἕως

2112 1104 2309 1159 quens,
2361 1089 2581 1159 opinor,
2633 1090 2701 1142 de
2751 1086 2898 1142 omni
2943 1084 3123 1138 anima
3176 1095 3295 1151 qua:
3340 1074 3707 1144 voluptatibus

422 1183 622 1247 αἰῶνος
664 1186 766 1237 οὐκ
812 1184 1005 1253 ὄψεται
1052 1184 1188 1254 φῶς.
1237 1185 1451 1257 Ὠσπερ
1493 1186 1601 1257 γὰρ
1646 1186 1777 1249 τοὺς
1820 1182 2009 1254 ἁγίους

2112 1190 2167 1236 et
2197 1180 2344 1235 vitiis
2375 1180 2588 1235 addicta
2619 1189 2734 1234 est:
2792 1176 3131 1247 ingredietur
3184 1173 3249 1227 ad
3290 1168 3703 1243 generationem

421 1275 940 1346 ἀπαλλαττομένους
971 1276 1083 1329 τῶν
1108 1276 1234 1332 καθ’
1266 1280 1416 1349 ἡμᾶς
1444 1278 1812 1350 πραγμάτων,
1840 1293 2013 1347 προσ-

2112 1282 2325 1341 patrum
2376 1288 2618 1337 suorum,
2658 1272 2709 1325 in
2762 1269 3017 1325 saeculum
3077 1280 3183 1319 non
3248 1264 3454 1318 videbit
3503 1260 3702 1313 lucem.

423 1366 651 1438 τεθῆναί
697 1384 831 1439 φησι
883 1367 945 1421 τὸ
987 1368 1231 1441 Γράμμα
1280 1370 1345 1423 τὸ
1391 1370 1535 1442 ἱερὸν
1577 1372 1692 1432 τοῖς
1736 1368 2013 1440 πατράσιν

2112 1364 2249 1420 Nam
2296 1375 2355 1420 ut
2388 1375 2605 1420 sanctos
2660 1372 2847 1418 nostra
2887 1364 2985 1416 hac
3031 1357 3241 1415 mortali
3271 1356 3583 1410 conditione
3610 1353 3704 1405 de-

426 1458 612 1513 αὐτῶν
628 1476 640 1488 ·
660 1460 877 1531 εἴρηται
893 1460 1003 1531 γάρ
1030 1461 1297 1532 πουπρὸς
1309 1462 1400 1515 τὸν
1421 1463 1693 1533 μακάριον
1719 1462 1972 1531 Ἀϐραάμ
1996 1474 2009 1489 ⁸

2115 1461 2328 1515 functos
2397 1460 2642 1529 patribus
2697 1460 2811 1513 suis
2870 1455 3148 1526 aggregari
3211 1466 3367 1506 sacra
3425 1448 3708 1515 Scriptura

434 1570 453 1602 ι
482 1553 591 1605 Καὶ
616 1553 681 1605 σὺ
709 1553 1056 1625 προστεθήσῃ
1088 1553 1228 1623 πρὸς
1247 1556 1374 1618 τοὺς
1395 1555 1639 1627 πατέρας
1664 1571 1757 1608 σου
1787 1554 2014 1625 τραφεὶς

2115 1562 2541 1619 commemorat;
2572 1551 2774 1606 etenim
2825 1552 3026 1605 dictum
3056 1556 3139 1602 est
3168 1548 3327 1599 beato
3357 1540 3667 1594 Abraltamo
3694 1554 3709 1589 :

428 1645 489 1697 ὲν
531 1646 677 1716 γήρᾳ.
722 1645 909 1717 καλῷ*
943 1666 963 1700 ι
1014 1646 1157 1703 οὕτω
1204 1649 1299 1702 καὶ
1353 1651 1480 1712 τοὺς
1535 1647 1908 1711 τελευτῶντας
1956 1649 2015 1699 ἐν

2121 1665 2139 1697 ι
2180 1648 2243 1701 Ει
2297 1657 2353 1701 ιιι
2407 1646 2695 1715 apponeris
2749 1644 2817 1699 ad
2878 1652 3059 1713 patres
3125 1650 3277 1702 tuos,
3337 1633 3604 1688 enutritus
3657 1631 3712 1684 in

429 1734 730 1805 ἁμαρτίαις
755 1738 834 1799 είς
863 1738 1059 1805 γενεὰν
1093 1738 1347 1809 πατέρων
1373 1737 1556 1792 αὐτῶν
1577 1736 2015 1808 ἁποδραμεῖσθαί

2115 1745 2401 1793 senectute
2445 1738 2588 1791 bona
2619 1736 2703 1788 "z
2743 1754 2761 1786 ι
2800 1735 2877 1788 sic
2910 1744 2964 1787 et
3011 1741 3257 1786 mortuos
3289 1728 3340 1781 in
3372 1725 3607 1795 peccatis
3647 1723 3715 1775 ad

428 1835 641 1890 φαμεν,
670 1823 913 1896 πατέρας
937 1826 1116 1879 αὐτῶν
1138 1824 1276 1880 εἶναι
1317 1826 1566 1895 λέγοντες
1593 1827 1718 1890 τοὺς
1743 1827 2013 1898 ὁμοιοειδῆ

2117 1846 2285 1898 genus
2348 1838 2562 1898 patrum
2624 1842 2844 1882 suorum
2884 1837 3175 1879 recurrere
3220 1821 3479 1878 dicimus,
3524 1822 3710 1885 patres

430 1914 530 1966 καὶ
551 1913 639 1968 διὰ
670 1915 891 1969 πάντων
934 1918 1055 1988 ἴσην
1091 1920 1186 1972 καὶ
1224 1920 1424 1989 ὁμοίως
1455 1918 1685 1990 ἔχουσαν
1712 1917 2017 1982 διαζῶντας

2120 1936 2215 1976 eos
2263 1920 2597 1990 appellantes
2638 1919 2727 1988 qui
2766 1933 2861 1986 per
2890 1916 3072 1970 omnia
3124 1909 3440 1969 consimiles
3474 1917 3632 1973 sunt,
3659 1914 3715 1960 et

428 2001 597 2076 ζωήν.
645 2006 709 2060 Εἰ
743 2007 802 2061 δὲ
854 2008 918 2079 δὴ
966 2009 1177 2078 λέγοιτο
1214 2010 1418 2081 πλῆθος
1469 2008 1608 2065 εἶναι
1651 2011 1885 2083 νεκρῶν,
1926 2010 2018 2063 διὰ

2121 2014 2379 2082 aequalem
2406 2012 2571 2065 vitam
2605 2012 2814 2065 vivunt.
2842 2009 2939 2063 Sin
2966 2022 3093 2061 vero
3125 2007 3266 2060 dicat
3299 2000 3700 2065 multitudinem

426 2097 587 2167 λιμὸν
612 2099 708 2152 καὶ
729 2100 891 2170 δίψαν
922 2100 1134 2166 ὓδατος,
1161 2104 1335 2157 ἐκεῖνό
1365 2121 1567 2174 φαμεν,
1598 2104 1626 2157 ὃ
1647 2121 1699 2156 τι
1737 2104 2017 2175 γέγραφεν

2120 2120 2243 2160 esse
2270 2114 2605 2158 mortuorum
2649 2118 2757 2172 prae
2798 2102 2941 2155 fame
2992 2109 3044 2154 et
3074 2099 3162 2153 siti
3211 2112 3385 2165 aqum,
3416 2093 3548 2147 illud
3575 2090 3714 2146 diei-

440 2187 733 2293 Ἰέῦσηπος
754 2192 783 2243 ὁ
818 2191 921 2263 τῆς
962 2193 1229 2248 Ἰουδαίων
1264 2198 1551 2267 συμφορᾶς
1593 2196 2017 2268 ἐκτραγῳδήσας

2120 2214 2244 2254 mus
2270 2197 2410 2265 quod
2434 2195 2659 2265 scripsit
2677 2193 2965 2262 Iosephus.
3000 2191 3093 2262 qui
3119 2189 3360 2244 Judaicte
3384 2183 3720 2242 calamitatis

426 2279 508 2351 τῷ
543 2281 643 2354 βίῳ
684 2283 747 2336 τὸ
792 2284 1027 2355 μέγεθος
1055 2302 1070 2317 ·
1127 2287 1212 2341 ὅτι
1260 2287 1733 2359 πολιορκουμένης
1776 2289 1877 2358 τῆς
1920 2288 2017 2341 Ἰε-

2121 2290 2548 2363 magnitudinem
2620 2287 2825 2357 tragice
2886 2286 3083 2340 litteris
3143 2283 3401 2352 prodidit.
3466 2277 3716 2334 Obsessis

432 2374 717 2446 ρουσαλὴμ
740 2376 941 2446 γύναια
977 2379 1075 2449 μὲν
1097 2379 1459 2449 κατεδήδοκεν
1484 2380 1520 2434 ὃ.
1548 2380 1800 2435 τετόκασι
1832 2381 2013 2452 κορία,

2114 2383 2224 2454 jam
2266 2380 2678 2451 Hierosolymis,
2711 2377 3042 2431 muliercula:
3071 2377 3300 2429 ederunt
3327 2388 3465 2441 quos
3495 2384 3719 2439 pepere-

426 2466 658 2537 ἥττοντο
686 2468 745 2523 δὲ
785 2471 987 2535 παντὸς
1014 2471 1119 2525 ὑπὸ
1150 2471 1310 2543 λιμοῦ
1347 2474 1443 2527 καὶ
1473 2475 1722 2545 ἀνάγκης
1758 2472 1852 2527 τοῦ
1903 2479 2018 2538 τοῖς

2118 2489 2245 2533 rant
2286 2477 2506 2539 liberos,
2538 2482 2592 2526 et
2626 2469 2887 2541 quidquid
2928 2471 2983 2522 in
3022 2469 3215 2521 dentes
3274 2466 3443 2527 venit,
3479 2462 3619 2516 fame
3653 2476 3720 2516 ac

424 2559 643 2617 ὀδοῦσιν
668 2562 931 2628 εἴκοντος.
961 2564 1086 2619 Ὅτι
1120 2565 1179 2619 δὲ
1207 2566 1309 2619 οὐκ
1346 2567 1406 2620 ὲν
1454 2567 1590 2638 μόνῃ
1624 2567 1781 2622 τοῦτο
1826 2570 2017 2637 γέγονε

2120 2569 2447 2624 necessitate
2504 2571 2757 2635 urgente,
2790 2562 3143 2614 devorarunt.
3182 2554 3369 2624 Neque
3402 2554 3507 2607 hoc
3545 2552 3718 2605 solum

426 2654 498 2723 τῇ
553 2653 951 2727 Ἰερουσαλὴμ,
1014 2656 1152 2711 ἀλλὰ
1210 2658 1306 2711 καὶ
1364 2661 1423 2712 ὲν
1467 2662 1586 2723 ταῖς
1646 2660 1863 2731 ἑτέραις
1918 2662 2019 2733 τῆς

2121 2660 2508 2731 Hierosolymis
2541 2658 2741 2712 factum
2778 2668 2899 2709 esse
2920 2696 2934 2717 ,
2969 2651 3066 2706 sed
3103 2660 3156 2703 et
3189 2649 3241 2702 in
3277 2646 3490 2701 cmteris
3523 2643 3720 2697 Judteze

444 2747 708 2811 ,ιουδαίας
751 2749 996 2814 πόλεσιν,
1044 2750 1162 2814 πῶς
1188 2751 1255 2805 ἂν
1299 2751 1331 2822 ἢ
1376 2751 1543 2806 πόθεν
1576 2753 1871 2808 ὲνδοιάσειέ
1892 2772 2016 2822 τις;

2120 2755 2381 2816 urbibus,
2440 2750 2710 2822 quomodo
2772 2746 2986 2802 dubitet
3039 2742 3351 2813 quispiam,
3424 2748 3479 2793 et
3528 2735 3723 2790 unde?

432 2841 644 2896 Οὐκοῦν
678 2842 922 2896 πλεῖστοι
954 2842 1054 2913 μὲν
1081 2844 1196 2897 ὅσοι
1242 2844 1639 2915 δεδαπάνηνται
1664 2845 1741 2917 τῷ
1772 2847 2017 2920 πολέμῳ,

2121 2844 2447 2914 Complures
2473 2842 2734 2897 nimirum
2758 2839 2901 2894 bello
2937 2834 3244 2905 consumpti
3271 2842 3418 2897 sunt,
3463 2841 3517 2885 et
3545 2830 3725 2899 gladio

427 2934 527 2987 καὶ
552 2934 908 2993 πεπτώκασιν
938 2937 997 2991 ὲν
1020 2936 1318 3009 μαχαίραις
1337 2955 1354 2973 ο
1382 2938 1595 2992 πολλῶν
1624 2940 1683 2994 δὲ
1714 2940 1823 2993 τῶν
1849 2941 2021 3007 οὕτως

2121 2939 2478 2994 ceciderunt:
2529 2942 2585 2988 at
2645 2932 2834 2988 multis
2869 2932 2949 2987 sic
2982 2945 3013 2984 e
3036 2928 3216 2983 medio
3256 2924 3506 2986 sublatis,
3541 2923 3723 2991 plures

427 3029 789 3085 ἀπολωλότων
814 3030 1069 3095 πλείονας
1089 3033 1122 3103 ή
1142 3031 1236 3085 τοῦ
1255 3030 1416 3103 λιμοῦ
1434 3034 1796 3106 κατέφθειρεν
1825 3035 2020 3107 ἀγριό-

2125 3042 2302 3086 tamen
2331 3028 2523 3083 inediae
2550 3026 2730 3080 rabies
2769 3023 3028 3096 perdidit.
3055 3019 3149 3075 Sin
3172 3033 3305 3073 vero
3328 3017 3476 3071 dicat
3502 3014 3724 3084 aliquis,

426 3138 551 3192 της.
584 3122 649 3175 Ei
668 3122 726 3176 δὲ
748 3124 811 3195 δή
838 3140 923 3188 τις
963 3123 1134 3194 λέγοι,
1158 3126 1254 3180 καὶ
1291 3126 1501 3196 νοητῶν
1525 3127 1735 3181 ὑδάτων
1767 3106 2021 3197 γενέσθαι

2125 3137 2389 3194 aquarum
2440 3118 2541 3176 sub
2573 3117 2985 3188 intelligentiam
3024 3112 3354 3177 cadentium,
3389 3107 3606 3178 cibique
3638 3106 3726 3160 di-

432 3216 653 3278 σπάνιν,
700 3217 796 3269 καὶ
830 3217 1041 3288 τροφῆς
1083 3217 1185 3288 τῆς
1228 3216 1380 3281 θείας
1430 3218 1858 3289 δεδυσσεϐηκόσι
1909 3221 2022 3282 τοῖς

2130 3214 2241 3271 vini
2300 3212 2538 3282 inopiam
2605 3208 2794 3272 fuisse,
2851 3204 3056 3259 ludatis
3120 3201 3286 3271 impie
3350 3198 3730 3266 scelerateque

440 3264 653 3278 ""‘"'v
703 3264 794 3269 ""'
843 3264 1038 3288 'F'T'IF
1094 3264 1182 3288 "tt
1233 3264 1377 3281 ""‘I
1435 3264 1858 3289 """"'t""'
1920 3264 2019 3282 "'3

440 3308 751 3372 Ἰουδαίοιςο
774 3309 1115 3364 ἀπολωλέναι
1146 3310 1204 3364 δὲ
1225 3309 1398 3374 οὕτως
1423 3310 1643 3375 αὐτοὺς,
1671 3312 1766 3364 καὶ
1796 3306 1907 3366 οἷον
1939 3314 2018 3376 είς
2048 3272 2057 3315 ⁴

2125 3304 2458 3368 viventibus,
2496 3303 2680 3371 itaque
2723 3314 2818 3354 eos
2876 3296 3104 3368 periisse
3147 3302 3202 3349 et
3230 3292 3378 3348 velut
3413 3292 3481 3346 ad
3516 3289 3725 3345 inferos

430 3401 561 3476 ᾅδου
602 3401 967 3471 καθικέσθαι,
1007 3403 1098 3457 διά
1134 3421 1199 3473 γε
1240 3403 1338 3457 τοῦ
1388 3404 1463 3476 μὴ
1507 3376 1891 3469 ζωοπῖιεῖσθαι
1933 3404 2022 3459 διὰ

2123 3396 2452 3461 concedisse,
2489 3401 2773 3464 propterea
2806 3389 2949 3459 quod
2988 3401 3085 3457 per
3122 3386 3397 3439 Christum
3442 3383 3509 3435 ad
3554 3382 3723 3435 vitam

430 3474 698 3567 Χριστοῦ,
772 3496 898 3551 καθ’
949 3497 1246 3569 ὁμοιότητα
1300 3474 1410 3549 τῶν
1453 3474 1870 3552 πιστευσάντων
1942 3499 2023 3560 είς

2124 3490 2360 3547 revocati
2420 3503 2528 3543 non
2562 3485 2787 3548 fuerint,
2843 3478 3093 3548 exemplo
3140 3490 3333 3531 eorum
3368 3474 3460 3545 qni
3490 3474 3543 3528 in
3599 3488 3728 3528 eum

435 3565 625 3644 αῦτόν·
659 3590 761 3643 οὐκ
791 3589 858 3644 ἂν
887 3565 1129 3662 ἁμάρτοι
1149 3565 1246 3643 τοῦ
1279 3589 1537 3660 ἀληθοῦς.
1560 3590 1885 3664 Συμΰέϐηκε
1912 3591 2021 3663 γὰρ

2123 3583 2499 3639 crediderant:
2541 3580 2584 3633 is
2617 3575 2938 3645 neutiquam
2973 3587 3003 3627 a
3033 3585 3163 3626 vero
3191 3568 3551 3623 aberraverit.
3590 3565 3724 3620 Nam

433 3682 639 3745 αὐτοὺς
680 3681 777 3735 καὶ
805 3658 967 3735 τοῦτο
1003 3658 1219 3734 παθεῖν.
1238 3658 1405 3734 Ἀλλά
1427 3681 1574 3744 τίνες
1605 3658 1671 3734 ἂν
1702 3658 1945 3753 νοηθεῖεν
1972 3658 2022 3734 οἱ

2122 3687 2178 3732 et
2216 3676 2321 3731 hoc
2356 3674 2435 3728 eis
2456 3671 2674 3727 accidit.
2713 3668 2986 3723 Caeterum
3010 3665 3062 3719 hi
3094 3663 3185 3733 qui
3210 3659 3574 3722 descendunt,
3606 3658 3726 3728 qui-

433 3772 861 3838 καταϐαίνοντες
888 3812 903 3836 ,
929 3767 1013 3836 οἷς
1051 3773 1147 3826 καὶ
1177 3772 1342 3837 αὐτὸς
1378 3774 1407 3826 ὁ
1439 3773 1574 3844 ᾆδης
1614 3772 2023 3827 καταπλατύνει

2124 3768 2225 3823 bus
2247 3767 2359 3835 ipse
2388 3764 2523 3817 adeo
2566 3761 2810 3815 infernus
2844 3773 2997 3813 suam
3031 3757 3269 3810 animam
3293 3752 3502 3816 dilatat,
3530 3750 3643 3822 90
3671 3760 3727 3806 et

433 3864 717 3936 τήνσὶδίαν
759 3863 971 3936 ψυχὴν,
1026 3864 1121 3918 καὶ
1160 3865 1221 3917 τὸ
1254 3865 1530 3937 ἄπληστον
1573 3866 1777 3933 ἀνοίξει
1815 3866 2020 3938 στόμα,

2124 3876 2185 3916 os
2217 3855 2565 3914 insaturabile
2607 3853 2834 3924 aperiet,
2878 3852 3101 3922 quinam
3169 3846 3543 3911 intelligantur
3581 3859 3727 3910 esse,

435 3934 785 4027 προσεπάγει
817 3934 993 4024 λέγων
1013 3970 1028 3983 ·
1060 3956 1122 4009 Οἱ
1148 3953 1354 4019 ἔνδοξοι
1381 3934 1474 4009 καὶ
1498 3958 1548 4009 οἱ
1580 3957 1827 4026 μεγάλοι,
1854 3934 1947 4010 καὶ
1974 3959 2023 4010 οἱ

2125 3952 2303 4024 pergit
2345 3963 2509 4020 porro
2556 3947 2869 4010 ostendere,
2918 3958 3041 3998 cum
3084 3940 3191 3994 ait:
3228 3937 3468 4002 Nobiles,
3506 3934 3712 4004 magni,

437 4048 723 4115 πλούσιοι,
760 4047 856 4101 καὶ
906 4048 957 4100 oi
999 4047 1179 4118 λοιμοὶ
1228 4048 1419 4119 αὐτῆς.
1471 4047 1688 4118 Ἐπειδὴ
1729 4048 1837 4119 γὰρ
1883 4044 2026 4119 ἦσαν

2126 4044 2343 4109 divites,
2372 4051 2428 4097 et
2460 4049 2642 4109 pestes
2674 4037 2816 4109 ejus.
2858 4035 2993 4089 Nam
3029 4049 3149 4087 cum
3180 4031 3345 4086 totius
3373 4028 3613 4100 regionis
3643 4027 3724 4081 fa-

436 4141 551 4193 τῶν
580 4139 687 4193 ἀνὰ
728 4141 910 4193 πᾶσαν
931 4138 1031 4209 τήν
1054 4138 1240 4208 χώραν
1276 4137 1571 4208 ἡγούμενοι
1603 4138 1698 4200 καὶ
1729 4138 2027 4210 περιφανέ-

2127 4137 2229 4192 cile
2258 4134 2530 4206 principes
2558 4130 2884 4185 exsisterent
2939 4136 2995 4181 et
3059 4124 3388 4194 insigniores
3412 4161 3427 4185 ,
3471 4135 3569 4190 par
3606 4128 3727 4173 erat

439 4248 648 4303 στεροι,
679 4230 747 4284 δι’
780 4228 961 4283 αὐτῶν
989 4225 1057 4300 ἦν
1096 4226 1246 4291 εἰκὸς
1280 4227 1874 4299 παιδαγωγηθήσεσθαι
1926 4247 2027 4283 κα-

2128 4237 2188 4283 ut
2225 4227 2424 4282 subditi
2460 4223 2784 4279 rudimentis
2830 4219 3191 4289 ptedagogicis
3230 4231 3326 4286 per
3366 4214 3489 4269 illos
3513 4217 3619 4267 rite
3644 4214 3728 4266 in-

436 4323 550 4386 λῶς
576 4323 640 4376 τὸ
667 4323 940 4392 ὑπήκοονο
964 4318 1104 4373 ἀλλὰ
1141 4318 1301 4372 τοῦτο
1338 4319 1437 4390 μὲν
1470 4319 1571 4372 οὐκ
1618 4320 1810 4390 ἔδρων.
1849 4321 2026 4374 Τύποι

2128 4318 2517 4373 stituerentur:
2575 4315 2717 4383 quod
2784 4312 2856 4365 illi
2914 4312 3133 4379 quidem
3189 4308 3416 4361 minime
3456 4306 3728 4359 fecerant.

438 4418 498 4471 δὲ
529 4415 718 4487 ὥσπερ
745 4415 841 4468 καὶ
869 4413 1239 4484 ὑπογραμμὸς
1272 4414 1532 4481 γεγόνασι
1560 4415 1673 4476 τοῖς
1715 4413 1895 4477 ἄλλοις
1929 4414 2027 4485 τῆς

2130 4410 2265 4482 Typi
2302 4410 2504 4478 quippe
2543 4419 2597 4462 et
2626 4406 2874 4475 exempla
2910 4404 3136 4458 fuerunt
3166 4402 3287 4456 aliis
3314 4401 3438 4455 vita:
3470 4414 3728 4454 exsecra-

440 4509 721 4579 ἑπαρὰτου
762 4507 932 4577 ζωῆς,
967 4507 1062 4560 καὶ
1109 4506 1245 4576 πρὸς
1290 4505 1488 4568 αὐτούς
1526 4504 1629 4558 πού
1664 4522 1798 4576 φησι
1824 4505 2027 4576 ,λόγιον

2128 4502 2287 4557 bilis:
2322 4515 2458 4571 quos
2485 4513 2697 4553 sacrum
2732 4495 3011 4549 oraculum
3041 4492 3244 4546 alicubi
3279 4490 3485 4544 affatur
3514 4507 3527 4543 :
3568 4508 3586 4539 ι
3624 4487 3730 4542 La.-

442 4605 623 4674 ῑερόν·
665 4621 686 4656 t
718 4602 843 4655 Ὅτι
891 4601 1059 4668 παγὶς
1088 4598 1385 4669 ἐγενήθητε
1417 4600 1484 4669 τῇ
1536 4600 1739 4669 σκοπιᾷ
1761 4637 1777 4662 ,
1810 4598 1908 4652 καὶ
1950 4599 2026 4664 ὡς

2131 4609 2304 4665 queus
2340 4591 2470 4646 facti
2501 4590 2636 4644 estis
2682 4585 3061 4657 speculationi,
3094 4593 3149 4639 et
3178 4582 3331 4637 velut
3380 4591 3493 4635 rete
3521 4593 3731 4648 expan-

441 4668 660 4749 δίκτυον
687 4690 1051 4761 ἐκτεταμένον
1080 4689 1175 4742 ent
1204 4688 1265 4741 τὸ
1296 4668 1616 4759 Ἰταϐύριον,
1640 4689 1668 4741 ὃ
1696 4668 1745 4742 οἱ
1768 4688 2029 4761 ἀγρεύον-

2135 4701 2255 4741 sum
2290 4697 2452 4752 super
2510 4677 2800 4748 ltabyrion,
2837 4676 2961 4746 quia
3008 4682 3277 4728 venantes
3322 4671 3491 4725 feram
3518 4668 3728 4724 deﬁxe-

440 4805 536 4853 τες
583 4787 682 4859 τὴν
726 4785 900 4856 θήραν
953 4781 1291 4853 κατέπηξαν.
1350 4802 1369 4834 ι
1436 4782 1599 4854 Ὁρᾷς
1659 4783 1809 4846 ὅπως
1861 4785 2029 4851 παγὶς

2138 4777 2381 4833 ῐυιιι⁸⁸.›
2443 4772 2682 4827 Videsne
2737 4784 2844 4840 quo
2876 4770 3105 4837 laqueus
3163 4775 3218 4819 et
3254 4764 3440 4833 pedica
3501 4762 3732 4831 reliquis

446 4882 543 4936 καὶ
572 4853 847 4952 θήρατρον
872 4877 1130 4946 γεγόνασι
1185 4877 1298 4938 τοῖς
1336 4853 1547 4937 λοιποῖς
1575 4914 1590 4939 ,
1635 4875 1721 4927 ὅτι
1765 4875 1861 4929 καὶ
1906 4877 2031 4939 ταῖς

2138 4869 2383 4925 fuerint?
2426 4865 2694 4920 Nimirum
2769 4860 3149 4933 praefectorum
3220 4856 3581 4927 probitatem,
3642 4853 3729 4909 vel

444 4976 556 5032 τῶν
577 4971 901 5045 ἡγουμένων
921 4968 1265 5033 ὲπιεικείαις,
1284 4968 1378 5021 καὶ
1406 4967 1592 5037 μέντοι
1613 4967 1709 5020 καὶ
1734 4966 2032 5039 ῥᾳθυμίαις

2127 4964 2291 5020 etiam
2347 4959 2649 5016 socordiam
2697 4954 2897 5010 imitari
2954 4953 3276 5022 plerumque
3327 4956 3732 5005 consueverunt

444 5068 535 5122 ἀει
558 5042 675 5128 πως
694 5063 926 5117 ἕπεσθαι
948 5062 1093 5130 φιλεῖ
1120 5060 1180 5113 τὸ
1212 5060 1472 5131 ὑπήκοον.
1495 5059 1708 5113 Οὐκοῦν
1731 5060 1807 5123 ὡς
1833 5060 2035 5131 παραί-

2131 5052 2351 5110 subditi.
2390 5050 2574 5120 Itaque
2606 5064 2705 5102 ceu
2751 5055 3003 5102 auctores
3047 5052 3102 5100 et
3147 5058 3326 5097 causa;
3355 5042 3613 5096 interitus
3659 5051 3716 5096 et

444 5177 553 5213 τιοι
574 5156 861 5227 γεγονότες
889 5154 1072 5222 σφίσιν
1113 5154 1347 5215 ἑαυτοῖς,
1379 5152 1474 5204 καὶ
1502 5153 1617 5215 τοῖς
1645 5150 1826 5214 ἄλλοις
1857 5151 2030 5205 ἅπασι

2134 5145 2236 5202 sibi
2284 5144 2416 5213 ipsis
2466 5154 2522 5197 et
2545 5142 2665 5196 aliis
2718 5139 2988 5205 omnibus,
3045 5137 3205 5210 primi
3258 5135 3613 5202 descendent,
3664 5140 3720 5186 et

444 5250 545 5305 τοῦ
574 5223 877 5303 άπολέσθαι
906 5246 1048 5310 δεῖν,
1081 5244 1291 5316 πρῶτοι
1328 5244 1732 5310 καταϐήσονται
1772 5244 1868 5296 καὶ
1900 5260 2033 5314 προ-

2135 5236 2442 5308 praecipites
2476 5236 2633 5289 ibunt
2667 5234 2735 5287 ad
2789 5232 3015 5296 inferos,
3065 5229 3248 5283 divina
3309 5226 3391 5280 ira
3436 5233 3561 5279 ante
3594 5223 3734 5279 alios

445 5342 733 5397 τλάσουσιν
782 5339 863 5402 εἰς
923 5337 1086 5409 ᾅδου,
1127 5334 1481 5404 ὲπιπηδώσης
1534 5334 1737 5406 τρόπον
1781 5334 1906 5387 τινὰ
1940 5334 2035 5387 καὶ

2136 5328 2539 5401 quodammodo
2595 5326 2650 5380 in
2695 5325 2842 5394 ipsos
2883 5322 3176 5377 insiliente.
3229 5318 3531 5373 Punientur
3574 5331 3728 5381 vero,

449 5436 562 5504 πρό
585 5450 650 5501 γε
680 5431 791 5485 τῶν
821 5429 997 5483 ἄλλων
1025 5429 1211 5491 αὐτοῖς
1236 5427 1338 5496 τῆς
1359 5425 1511 5490 θείας
1531 5425 1719 5496 ὀργῆς.
1752 5426 2035 5496 Κολασθή-

2139 5440 2243 5477 non
2291 5423 2420 5493 quia
2479 5419 2675 5475 divites
2731 5425 2786 5471 et
2821 5415 3029 5470 nobiles
3076 5422 3220 5479 sunt,
3253 5412 3346 5467 sed
3380 5412 3505 5478 quia
3528 5417 3727 5479 pestes,

450 5542 641 5580 σονται
683 5523 742 5577 δὲ
786 5522 885 5592 οὐχ
925 5522 1007 5575 ὅτι
1056 5520 1299 5574 πλούσιοι
1343 5518 1441 5573 καὶ
1483 5516 1682 5582 ἔνδοξοι
1723 5518 2033 5586 γεγόνασιν,

2139 5519 2191 5573 id
2221 5527 2325 5581 est,
2364 5516 2509 5570 labes
2538 5522 2593 5569 et
2617 5512 2733 5566 lues
2781 5522 2892 5564 tum
2919 5510 3000 5563 sui
3037 5507 3302 5577 ipsorum,
3340 5504 3418 5558 uti
3455 5501 3590 5566 dixi,
3614 5509 3727 5556 tum

448 5617 568 5673 ἀλλ’
614 5618 699 5670 ὅτι
734 5613 936 5686 λοιμοὶ,
979 5612 1124 5667 τοῦτ’
1156 5612 1297 5675 ἐστι,
1349 5611 1538 5683 φθοροὶ
1594 5613 1691 5665 καὶ
1729 5609 2031 5681 λυμεῶνες,

2142 5607 2320 5679 gregis
2373 5604 2630 5660 universi.
2673 5602 2759 5669 lli,
2803 5602 2997 5670 inquit,
3048 5599 3137 5669 qui
3169 5610 3363 5668 magno
3399 5603 3610 5648 tumore
3644 5590 3728 5644 in-

450 5710 546 5763 καὶ
580 5682 918 5773 ἑαυτῶνξῶς
949 5704 1107 5775 ἔφην,
1137 5703 1231 5757 καὶ
1262 5703 1362 5773 τῆς
1385 5704 1646 5770 ἀγελαίας
1679 5702 1935 5775 πληθύος.
1972 5703 2035 5757 υἱ

2144 5701 2253 5757 ﬂati
2307 5707 2455 5764 sunt,
2498 5696 2793 5755 reddentur
2845 5690 3039 5764 abiecti
3099 5698 3152 5747 et
3194 5684 3524 5745 inhonorati.
3553 5682 3730 5752 Quem

529 5867 573 5901 ’τ
638 5866 776 5923 Gen.
812 5881 903 5933 xv,
1132 5863 1179 5895 "
1217 5863 1353 5920 Osce
1381 5876 1431 5926 ν,
1477 5862 1523 5916 Ι.
