4094 6366
437 366 546 425 155

1430 361 1486 417 S.
1526 357 1804 416 CYlllLlJ
1844 354 2316 413 ALEXANDRINI
2354 352 2675 412 ARCIIIEP.

3596 336 3701 396 156

438 483 582 539 enim
620 478 811 534 mortis
850 487 1029 532 terror
1056 489 1160 531 non
1197 473 1541 545 prosternet?
1570 470 1663 527 Vel
1699 485 1858 538 quem
1873 467 2021 524 'ocu-

2134 466 2182 520 δὲ
2204 465 2418 537 μεγάλα
2442 463 2741 534 φυσῶντες,
2775 454 2963 529 φησὶν,
2987 454 3203 508 ἔσονται
3238 436 3701 520 τεταπεινωμένοι

443 575 554 627 lunt
598 572 798 628 elatum
830 569 1072 624 etaltmn
1115 565 1501 636 suspicientem
1552 562 1733 633 gravis
1759 559 2026 615 etintole—

447 666 617 720 randa
676 663 958 718 calamitas
1007 661 1247 731 quietum
1294 668 1350 713 et
1376 657 1609 726 sopitum
1633 671 1739 709 non
1796 652 2027 722 reddet?

442 757 591 822 lla-c,
626 754 835 824 inquit,
881 754 1062 808 omnia
1093 750 1184 804 ubi
1230 748 1534 815 evenerint,
1586 744 1874 802 extolletur
1916 743 2024 798 Do-

443 850 623 903 minus
677 845 914 901 Sabaoth
949 844 1036 899 die
1071 843 1179 905 illa,
1210 842 1261 896 id
1304 850 1406 907 est,
1442 849 1552 894 tum
1584 839 1798 909 quando
1829 837 1942 891 haec
1961 838 2027 891 dc

444 940 553 994 illis
586 938 849 1007 praedicta
881 934 944 989 ad
979 934 1184 988 exitum
1229 933 1538 986 decurrent.
1578 926 1873 982 Extollitur
1898 939 2026 978 vero

444 1030 705 1087 Dominus
752 1027 990 1083 Sabaoth
1044 1027 1097 1080 in
1123 1024 1327 1093 judicio
1365 1032 1419 1077 et
1445 1021 1678 1089 justitia,
1707 1035 1829 1073 cum
1874 1027 2026 1072 recto

442 1139 541 1176 suo
570 1132 624 1177 et
654 1129 1000 1175 sacrosancto
1028 1118 1238 1173 calculo
1278 1115 1331 1169 in
1373 1114 1626 1183 populum
1652 1112 1941 1180 superbum
1972 1118 2029 1164 et

442 1210 843 1280 voluptuarium
909 1207 1315 1262 animadvertit.
1372 1203 1536 1259 Proin
1579 1203 1821 1257 aversari
1864 1201 2026 1255 lasci-

443 1305 609 1368 viam,
637 1302 930 1370 carnisque
963 1300 1213 1354 libidines
1263 1295 1483 1351 inutiles
1527 1294 1613 1349 vel
1639 1294 1816 1363 potius
1852 1292 2028 1360 impu-

446 1396 694 1449 rissimas
723 1411 883 1463 quant
910 1392 1228 1463 longissime
1258 1388 1552 1460 proﬂigare
1594 1387 1928 1447 Studeamus.
1962 1399 2028 1439 ne

445 1491 636 1534 contra
670 1480 888 1535 insultet
936 1480 1091 1533 nobis
1137 1477 1382 1533 infernus
1434 1475 1798 1545 inexplebilis.
1835 1475 2027 1530 Memi-

445 1573 625 1628 nimus
663 1576 805 1626 enim
856 1574 1197 1627 Servatorem
1237 1571 1481 1625 dixisse:
1526 1587 1545 1621 ι
1589 1567 1678 1623 Vae
1706 1569 1857 1622 vobis
1894 1568 2029 1622 divi-

446 1665 614 1731 tibus,
637 1666 761 1735 quia
812 1665 1025 1719 habetis
1076 1663 1503 1718 consolationem
1546 1670 1781 1715 vestram
1824 1661 1927 1711 ⁸³.»
1966 1659 2031 1713 Et

445 1772 669 1812 rursus:
710 1777 728 1809 ι
762 1756 907 1811 Beati
948 1757 1037 1826 qui
1065 1757 1259 1825 lugetis
1304 1770 1466 1821 nunc,
1503 1756 1629 1826 quia
1659 1754 2023 1809 ridebitis'h

2128 558 2225 611 καί
2246 558 2450 628 ἄτιμοι.
2473 555 2585 609 Καὶ
2611 552 2731 606 τίνα
2760 549 2871 621 γὰρ
2904 547 2965 601 οὐ
2994 542 3360 599 ταπεινοίτοῦ
3387 542 3617 597 θανάτου
3638 541 3703 595 τὸ

2126 649 2318 720 δεῖμα;
2356 650 2427 701 Ἦ
2464 648 2616 699 ποῖον
2647 640 2927 713 ὀφθαλμὸν
2953 635 3261 709 ἐπηρμένον
3303 635 3399 689 καὶ
3435 634 3547 688 ἄνω
3583 632 3705 703 βλέ-

2129 757 2298 794 ποντα
2320 738 2467 811 δεινὴ
2488 739 2583 791 καὶ
2614 735 2892 795 δύσοιστος
2920 730 2980 784 οὐ
3008 727 3387 798 κατακοιμίζει
3409 724 3700 795 συμφορά;

2128 834 2347 887 Τούτων
2380 833 2459 897 δὲ,
2500 829 2688 902 φησὶν,
2724 827 2982 881 ἁπάντων
3014 818 3443 892 συμϐεϐηκότων
3480 816 3701 886 ὑψωθή-

2130 940 2284 977 σεται
2314 922 2517 993 Κύριος
2550 916 2801 983 Σαϐαὼθ,
2841 916 2899 969 ὲν
2949 916 3015 985 τῇ
3065 910 3250 983 ἡμέρᾳ
3289 908 3508 978 ἐκείνῃ,
3557 903 3702 959 τοῦτ’

2128 1015 2265 1079 ἐστι,
2295 1015 2415 1067 κατ’
2443 1014 2619 1065 ἐκεῖνο
2645 1008 2738 1062 τοῦ
2770 1004 2992 1077 καιροῦ,
3030 1002 3151 1057 καθ’
3175 1002 3232 1054 ὃν
3261 1002 3342 1062 είς
3370 1000 3542 1069 πέρας
3571 997 3704 1067 δρα-

2132 1110 2314 1179 μεῖται
2347 1104 2416 1157 τὰ
2462 1104 2549 1156 ἐπ’
2589 1084 2773 1164 αυτοῖς
2820 1094 3301 1170 προηγορευμένα.
3350 1090 3612 1161 ’Υψοῦται
3647 1089 3708 1145 δὲ

2132 1199 2291 1270 μόνος
2316 1196 2521 1268 Κύριος
2548 1191 2772 1247 Σαϐαὼθ
2809 1193 2866 1244 ὲν
2896 1190 3148 1260 κρίματι,
3179 1186 3270 1239 καὶ
3292 1186 3349 1237 ὲν
3368 1179 3705 1252 δικαιοσύνῃ,

2128 1268 2204 1352 ῶς
2245 1286 2378 1359 ὀρθῇ
2425 1284 2519 1339 καὶ
2568 1284 2693 1355 ὁσίᾳ
2727 1283 2795 1352 τῇ
2845 1281 3013 1351 ψήφῳ
3059 1275 3296 1338 κολάσας
3336 1272 3425 1326 τὸν
3471 1268 3709 1334 ἀλαζόνα

2128 1356 2289 1444 λαὸν,
2326 1356 2417 1431 τὸν
2456 1374 2658 1444 ἀπειθῆ
2706 1374 2800 1426 καὶ
2851 1369 3153 1440 φιλήδονον.
3201 1362 3572 1434 Παραιτητέον
3616 1356 3709 1415 οὖν

2129 1476 2241 1546 ἄρα
2285 1471 2384 1535 τάς
2412 1469 2644 1541 τρυφὰς,
2689 1467 2783 1521 καὶ
2820 1465 2895 1528 ὡς
2920 1461 3195 1517 ἀπωτάτω
3231 1456 3504 1511 ποιεῖσθαι
3552 1471 3710 1509 σπουσ

2130 1544 2379 1635 δάζωμεν
2401 1563 2500 1626 τὰς
2537 1562 2827 1630 ἀνονήτους
2862 1552 3254 1625 φιλοσαρκίας,
3289 1548 3489 1622 μᾶλλον
3520 1547 3579 1599 δὲ
3610 1544 3712 1608 τὰς

2135 1634 2570 1727 μυσαρωτάτας,
2605 1651 2695 1703 ἵνα
2737 1647 2814 1719 μὴ
2848 1642 3248 1715 κατατρυφήσῃ
3272 1640 3365 1694 καὶ
3394 1637 3480 1707 ἐφ’
3512 1637 3647 1708 ἡμῖν
3679 1634 3711 1687 ὁ

2131 1747 2407 1818 ἄπληστος
2456 1744 2609 1815 ᾇδης.
2651 1738 3004 1812 Μεμνήμεθα
3036 1735 3146 1806 γὰρ
3185 1733 3279 1787 τοῦ
3318 1731 3573 1802 Σωτῆρος
3620 1728 3711 1782 λέ-

448 1847 667 1902 Desinet
710 1847 855 1902 enim
893 1821 1044 1901 labor
1096 1821 1149 1899 in
1180 1847 1438 1915 quietem,
1473 1821 1537 1898 et
1580 1845 1844 1900 bonorum
1876 1844 2030 1899 sudo-

2140 1854 2360 1908 γοντος·
2400 1856 2418 1890 ι
2450 1835 2589 1890 Οὐαὶ
2623 1836 2752 1906 ὑμῖν
2779 1833 2892 1894 τοῖς
2920 1828 3215 1891 πλουσίοις,
3248 1827 3329 1880 ὅτι
3358 1824 3591 1895 ἀπέχετε
3614 1821 3715 1894 τὴν

448 1931 567 1992 ru'm
596 1938 717 1993 ﬁnis
752 1939 1053 2006 voluptates
1089 1937 1400 1993 conciliabit
1423 1949 1684 1991 aeternum
1708 1938 2019 2001 duraturas,

446 2029 580 2084 Nam
623 2030 756 2098 ιηυί
794 2031 1027 2085 seminat
1075 2032 1125 2084 in
1177 2044 1360 2094 carne,
1414 2037 1470 2084 et
1529 2044 1596 2083 ex
1640 2043 1805 2082 carne
1860 2036 2023 2082 metet

449 2123 746 2188 interitum,
772 2140 790 2175 ι
831 2120 992 2177 sicuti
1027 2122 1284 2190 scriptum
1316 2131 1399 2175 est
1423 2121 1492 2185 9‘,
1530 2138 1549 2171 ι
1574 2127 1629 2175 et
1658 2120 1746 2189 qui
1790 2119 2024 2173 seminat

448 2215 501 2271 in
542 2215 755 2283 spiritu,
795 2222 850 2269 et
873 2229 939 2267 ex
979 2213 1172 2283 spiritu
1208 2221 1372 2267 metet
1402 2213 1562 2266 vitam
1593 2222 1907 2267 mternam.»

2127 1931 2474 2003 παράκλησιν
2504 1926 2678 1998 ὑμῶν.
2714 1946 2733 1979 ι
2787 1924 2897 1979 Καὶ
2927 1922 3088 1976 πάλιν
3111 1960 3126 1985 ,
3161 1920 3241 1972 ὅτι
3282 1935 3299 1968 ι
3347 1916 3627 1985 Μακάριοι
3663 1914 3714 1973 οἱ

2123 2022 2444 2085 πενθοῦντες
2472 2020 2588 2085 νῦν,
2610 2022 2691 2074 ὅτι
2715 2018 2992 2089 γελάσετεο
3023 2033 3041 2066 ι
3069 2008 3359 2080 καταλήξει
3382 2009 3489 2079 γάρ
3507 2008 3535 2060 6
3555 2006 3714 2076 πόνος

2124 2120 2204 2182 εἰς
2232 2114 2544 2187 ἀναψυχήν,
2586 2113 2681 2167 καὶ
2710 2109 2932 2180 ἀγαθῶν
2964 2104 3203 2176 ἱδρώτων
3238 2102 3299 2155 τὸ
3338 2100 3510 2170 πέρας
3530 2138 3545 2162 ,
3578 2114 3713 2169 τρυ-

2130 2208 2236 2278 φῆς
2278 2208 2410 2277 ἡμῖν
2462 2204 2614 2257 ἔσται
2651 2202 2752 2271 τῆς
2790 2202 2868 2262 εἰς
2917 2197 3091 2251 αἰῶνα
3128 2193 3405 2268 πρόξενον.
3455 2209 3474 2241 ι
3514 2190 3571 2242 '0
3603 2188 3713 2260 γὰρ

450 2310 691 2379 σπείρων
743 2310 824 2373 εἰς
877 2308 978 2379 τὴν
1030 2308 1239 2379 σάρκα,
1294 2310 1359 2369 ὲκ
1415 2310 1514 2379 τῆς
1570 2307 1772 2379 σαρκὸς
1815 2306 2020 2378 θερίσει
2096 2303 2325 2376 φθορὰν,
2364 2321 2384 2354 ι
2448 2299 2594 2356 καθά
2642 2297 2996 2367 γέγραπται·
3045 2310 3063 2343 ι
3102 2290 3199 2344 καὶ
3243 2291 3271 2345 6
3347 2284 3587 2355 σπείρων
3631 2284 3714 2347 είς

447 2403 509 2456 τὸ
550 2401 799 2473 πνεῦμα,
842 2402 908 2455 ὲκ
952 2400 1047 2455 τοῦ
1096 2401 1407 2471 πνεύματος
1450 2400 1656 2473 θερίσει
1696 2400 1842 2471 ζωὴν
1890 2400 2132 2453 αἰώνιον.
2180 2416 2199 2450 ι

517 2496 623 2566 91
658 2495 826 2550 Vens.
866 2495 953 2551 17.
996 2494 1063 2549 Et
1091 2508 1372 2565 pascentur
1411 2497 1631 2563 direpti,
1664 2504 1720 2546 ut
1757 2494 1933 2560 tauri,
1973 2502 2023 2546 et

447 2588 759 2644 solitudines
787 2604 968 2643 eorum
997 2588 1087 2658 qui
1115 2588 1255 2657 capti
1286 2597 1428 2651 sunt,
1461 2587 1586 2658 agni
1615 2588 1984 2655 depascentur.

519 2761 826 2818 Constituta
881 2761 1058 2816 adhuc
1112 2761 1327 2830 regione
1371 2758 1712 2824 Judaaornm,
1756 2757 2026 2827 rebusque

451 2855 703 2910 secundis
731 2853 977 2917 ﬂorente,
1004 2862 1192 2907 contra
1228 2853 1486 2921 sanguine
1516 2849 1812 2906 Israelitico
1840 2849 2025 2904 oriun-

452 2951 550 3002 dos
584 2947 824 3000 ﬁnitimze
865 2956 1056 3017 gentes
1094 2945 1516 3015 belligerabant;
1548 2944 1767 3013 Deoque
1807 2943 2028 2997 univer-

453 3040 631 3095 sitatis
666 3037 912 3093 lsraelem
948 3036 1102 3106 quasi
1139 3047 1295 3092 scuto
1329 3045 1671 3107 contegente,
1708 3033 2031 3090 rebellantes

2199 2489 2307 2544 Καὶ
2342 2482 2843 2552 ,ϐοσκηθήσοντιιι
2892 2480 2945 2532 ol
2979 2474 3419 2545 διηρπασμένα
3454 2469 3534 2537 ὡς
3571 2467 3715 2523 ταῦ-

2122 2599 2242 2651 ροι,
2286 2580 2385 2633 καὶ
2428 2576 2537 2643 τὰς
2574 2572 2833 2643 ἐρήμους
2878 2569 2998 2625 τῶν
3036 2564 3495 2635 ἀπειλημμένων
3537 2560 3717 2630 ἄρνες

2129 2673 2444 2744 φάγονται.

2200 2761 2552 2832 Συνεστώσης
2574 2759 2653 2813 ἔτι
2680 2759 2780 2829 τῆς
2811 2754 3076 2810 Ἰουδαίων
3098 2751 3283 2824 χώρας
3311 2748 3402 2803 καὶ
3428 2748 3487 2801 ὲν
3511 2744 3717 2817 ἀκμαῖς

2131 2856 2299 2929 οῠσης
2326 2856 2419 2909 τοῦ
2455 2854 2768 2924 εὐημερεῖν,
2793 2849 3060 2921 ἐμάχοντο
3091 2845 3190 2917 μὲν
3224 2843 3360 2915 πρὸς
3386 2843 3511 2904 τοὺς
3539 2838 3598 2906 ἐξ
3630 2838 3719 2929 aui—

2136 2924 2305 3021 ματος
2338 2943 2555 3017 Ἰσραὴλ
2582 2942 2652 2995 τὰ
2685 2942 2943 3013 περίοικα
2968 2937 3075 2991 τῶν
3110 2934 3298 2989 ἐθνῶν.
3316 2931 3532 3004 Ἐπειδὴ
3560 2930 3617 2983 δὲ
3650 2924 3721 3005 ἦν

2131 3042 2161 3093 6
2190 3039 2298 3093 τῶν
2330 3038 2467 3093 ὅλων
2490 3034 2622 3100 Θεὸς
2652 3036 2679 3087 6
2710 3031 3057 3095 συνασπίζων
3084 3027 3163 3099 τῷ
3188 3025 3426 3099 Ἰσραὴλ,
3454 3022 3722 3097 κεκράτη-

456 3132 535 3185 sic
568 3130 787 3194 devicit,
825 3139 882 3184 ut
916 3143 1106 3183 omnes
1148 3128 1281 3183 citra
1328 3144 1560 3199 pugnam
1601 3128 1924 3197 expugnarit
1973 3134 2030 3181 et

2134 3149 2229 3187 κεν
2268 3130 2441 3194 οὕτως
2486 3128 2593 3184 τῶν
2636 3125 3049 3197 ἀνθεστηκότων
3081 3121 3156 3184 ὡς
3185 3121 3341 3191 νικᾷν
3372 3116 3595 3189 ἀμαχεὶ,
3626 3114 3723 3169 καὶ

457 3225 697 3293 fregerit,
730 3234 1013 3293 terrasque
1041 3238 1228 3278 eorum
1263 3222 1567 3292 diripuerit,
1605 3221 1769 3276 urbes
1802 3219 2030 3290 popula-

458 3327 542 3371 tus
573 3315 755 3379 t‘uerit,
786 3325 840 3369 et
872 3329 957 3369 res
984 3314 1186 3369 alienas
1213 3322 1466 3382 tanquam
1498 3321 1770 3383 potestate
1798 3312 2031 3382 quadam

456 3417 513 3470 et
560 3407 881 3461 auctoritate
927 3404 1170 3475 przediti,
1223 3403 1429 3469 tulerit,
1479 3402 1671 3472 egerit.
1725 3399 1797 3454 At
1838 3399 1932 3454 ubi
1974 3398 2029 3453 in

458 3500 729 3559 Christum
753 3498 914 3567 impie
929 3506 1177 3569 egerunt,
1199 3495 1426 3550 Romani
1451 3494 1721 3550 exercitus
1744 3491 2031 3546 vastationi

458 3590 852 3659 direptionique
878 3588 1107 3659 expositi
1139 3596 1294 3652 sunt,
1340 3586 1505 3641 urbes
1537 3592 1822 3648 crematae,
1853 3583 2034 3638 omnia

459 3698 645 3742 eorum
678 3682 815 3737 bona
837 3682 1045 3752 direpta
1078 3696 1108 3735 a
1141 3679 1477 3735 victoribus:
1506 3677 1629 3732 dein
1664 3675 2034 3731 Romanorum

459 3776 629 3844 copiis
652 3775 1070 3839 subducentibus
1100 3789 1158 3828 se
1186 3785 1478 3843 parumper
1506 3784 1571 3825 ac
1590 3768 1921 3833 cedentibus,
1943 3766 2035 3837 qui

458 3868 587 3931 olim
611 3868 806 3937 direpti
836 3875 980 3931 sunt,
1015 3865 1373 3921 incursionem
1405 3860 1630 3927 iaciunt,
1651 3862 1813 3915 urbes
1842 3875 1907 3913 ac
1940 3858 2037 3913 do-

464 3975 580 4013 mos
604 3959 991 4026 pervestigant,
1011 3965 1064 4029 et
1086 3955 1320 4025 reliquas
1343 3968 1431 4009 res
1464 3950 1782 4020 compilatas
1805 3950 1858 4004 in
1881 3963 2036 4004 suam

461 4051 662 4127 quique
710 4050 979 4120 regionem
1039 4048 1354 4117 important.
1402 4043 1714 4114 Cujusmodi
1767 4051 1848 4096 est
1892 4039 2038 4110 quod

464 4141 619 4195 nobis
650 4139 792 4195 Deus
827 4137 1194 4193 universitatis
1237 4134 1507 4207 signiﬁcat
1546 4148 1678 4195 voce
1719 4132 2034 4201 prophetae:

468 4251 489 4285 ι
535 4233 856 4297 Racemate,
902 4243 1169 4285 racemate
1203 4228 1357 4296 quasi
1396 4226 1609 4288 vineam
1659 4223 1917 4293 reliquias
1957 4220 2037 4277 ls-

462 4325 629 4380 raelis
662 4343 675 4378 :
708 4323 1033 4378 revertimini
1069 4331 1320 4398 tanquam
1353 4317 1712 4382 vindemiator
1743 4316 1809 4369 ad
1834 4314 2036 4369 cartal-

2130 3225 2458 3279 καταπτοεῖν
2498 3222 2764 3285 ἅπαντας,
2798 3218 2891 3271 καὶ
2918 3211 3243 3285 διαρπάζειν
3273 3208 3453 3264 αὐτῶν
3489 3208 3589 3271 τὰς
3612 3204 3722 3279 χώ-

2134 3335 2255 3390 ρας,
2290 3318 2384 3369 καὶ
2417 3311 2719 3384 καταδῃοῦν
2748 3310 2847 3372 τὰς
2876 3309 3083 3371 πόλεις,
3120 3307 3274 3374 ἄγειν
3306 3320 3365 3357 τε
3409 3302 3503 3355 καὶ
3533 3300 3725 3372 φέρειν

2130 3408 2203 3461 τὰ
2246 3406 2448 3476 ἑτέρων
2493 3403 2607 3475 μετ’
2637 3399 2907 3465 ἐξουσίας.
2927 3395 3146 3467 Ἐπειδὴ
3175 3396 3231 3449 δὲ
3265 3392 3725 3462 δεδυσσεὸήκασιν

2133 3500 2213 3560 εἰς
2257 3494 2513 3566 Χριστὸν,
2549 3491 2643 3545 καὶ
2686 3489 2928 3542 δέδονται
2961 3485 3080 3549 ταῖς
3112 3484 3402 3555 Ῥωμαίων
3448 3481 3727 3553 στρατιαῖς

2134 3588 2214 3650 είς
2257 3585 2476 3655 ὄλεθρον
2522 3584 2617 3635 καὶ
2660 3577 2994 3651 διαρπαγὴν,
3048 3575 3470 3648 ἐνεπρήσθησαν
3523 3574 3623 3642 μὲν
3667 3572 3724 3625 αί

2135 3679 2342 3745 πόλεις,
2370 3674 2786 3747 διηρπάσθησαν
2814 3671 2871 3724 δὲ
2903 3671 3083 3723 πάντα
3113 3668 3179 3723 τὰ
3207 3668 3333 3721 ὄντα
3361 3666 3544 3729 αὐτοῖς
3573 3664 3727 3735 παρά

2133 3771 2244 3824 τῶν
2267 3768 2651 3840 νενικηκότων.
2694 3762 2829 3818 Εἶτα
2860 3763 2960 3833 τῆς
3002 3759 3289 3832 Ῥωμαίων
3318 3758 3575 3831 στρατιᾶς
3620 3756 3726 3808 ὐπ-

2136 3862 2393 3933 ενδούσης
2421 3858 2616 3932 βραχὺ,
2649 3856 2976 3927 κατέτρεχον
3003 3855 3053 3907 οί
3081 3853 3249 3906 πάλαι
3279 3847 3726 3920 διαρπαζόμενοι,

2137 3956 2323 4018 πόλεις
2355 3970 2417 4007 τε
2450 3953 2545 4006 κού⁴
2579 3948 2765 4011 οἴκους
2796 3944 3242 4018 διερευνώμενοι,
3286 3940 3641 4012 συνεκόμιζόν
3669 3955 3729 3994 τε

2135 4048 2205 4106 τά
2230 4045 2412 4109 λοιπὰ,
2450 4044 2546 4097 καὶ
2572 4045 2651 4106 είς
2687 4041 2787 4105 τὰς
2828 4040 2979 4109 σφῶν
3006 4037 3186 4092 αὐτῶν
3214 4035 3489 4105 ἀπέφερον
3517 4031 3723 4103 χώρας.

2138 4137 2248 4192 Καί
2300 4153 2353 4189 τι
2400 4134 2641 4187 τοιοῦτον
2687 4133 2821 4202 ἡμῖν
2875 4127 3133 4197 ὑποδηλοῖ
3190 4125 3364 4194 λέγων
3396 4126 3425 4177 6
3455 4123 3562 4176 τῶν
3591 4122 3729 4175 ὅλων

2138 4229 2271 4291 Θεὸς
2290 4226 2378 4280 διά
2405 4226 2587 4297 φωνῆς
2617 4224 2899 4295 προφήτου
2920 4238 2934 4253 ο
2973 4239 2989 4272 ι
3016 4216 3352 4287 Καλαμᾶσθε
3369 4255 3383 4279 ,
3409 4213 3730 4285 καλαμᾶσθε

2139 4319 2216 4383 ὡς
2244 4316 2491 4389 ’ἄμπελον
2534 4313 2605 4367 τά
2647 4311 2811 4366 λοιπά
2843 4311 2938 4365 τοῦ
2977 4308 3195 4380 Ἰσραήλ
3215 4323 3233 4340 ο
3260 4305 3624 4377 ἐπιστρέψατε
3654 4302 3731 4366 ὡς

463 4419 572 4477 ium
606 4432 760 4473 suum
783 4416 851 4470 ".
887 4434 905 4475 ι
946 4393 1192 4470 Ριωόίοἰι
1221 4412 1412 4481 igitur,
1450 4424 1555 4463 non
1588 4408 1720 4463 satis
1760 4406 1895 4470 fore,
1924 4406 2030 4465 haec

2141 4412 2169 4464 6
2193 4407 2410 4482 τρυγῶν
2438 4408 2533 4460 ἐπὶ
2561 4404 2653 4459 τὸν
2684 4402 2988 4476 κάρταλλον
3018 4398 3204 4454 αὑτοῦ.
3240 4416 3259 4451 ι
3284 4397 3404 4450 Ὅτι
3433 4395 3611 4448 τοίνυν
3632 4393 3733 4447 οὐκ

464 4509 637 4565 solum
676 4524 704 4562 a
741 4509 988 4569 Romano
1029 4506 1193 4570 milite
1226 4518 1416 4574 passos
1453 4516 1595 4571 esse,
1641 4501 1735 4556 sed
1776 4508 2030 4569 praeterea

2143 4503 2371 4576 ἀρκέσει
2430 4501 2566 4571 μόνα
2613 4497 2805 4552 παθεῖν
2837 4496 3033 4557 αὐτοὺς
3075 4493 3143 4546 τὰ
3187 4492 3252 4544 ὲκ
3296 4489 3395 4560 τῆς
3443 4486 3732 4558 Ῥωμαίων

463 4618 531 4658 ex
564 4602 912 4657 ﬁnitimarum
944 4598 1182 4668 gentium
1214 4594 1532 4650 crudelitate
1575 4593 1690 4654 hate
1729 4604 2030 4652 accessura,

2145 4593 2437 4664 στρατιᾶς,
2470 4587 2901 4661 προστεθήσεται
2928 4583 2985 4637 δὲ
3022 4582 3117 4635 καὶ
3144 4579 3210 4633 τά
3240 4580 3303 4631 ὲκ
3326 4578 3421 4649 τῆς
3452 4576 3732 4646 ὠμότητος

464 4698 650 4751 dicens
686 4713 699 4749 :
737 4713 755 4745 ι
781 4692 849 4747 Ει
892 4701 1180 4762 pascentur
1221 4688 1311 4758 qui
1342 4686 1537 4757 direpti
1573 4695 1733 4749 sunt,
1782 4693 2030 4753 tanquam

2139 4662 2249 4745 τῶν
2284 4682 2501 4761 ὁμόρων
2531 4676 2765 4749 ἐχθρῶν,
2801 4670 3169 4748 προαγορεύει
3199 4668 3377 4736 λέγων
3398 4683 3411 4697 ·
3450 4686 3468 4718 ι
3504 4665 3612 4718 Καὶ
3650 4662 3734 4733 βο-

469 4791 627 4845 tauri.
643 4809 660 4842 ι
680 4788 781 4855 Qui
808 4788 952 4841 enim
973 4784 1121 4848 olim,
1145 4784 1340 4852 inquit,
1364 4778 1651 4851 direptioni
1672 4792 1857 4831 eorum
1883 4774 2030 4835 facile

2145 4756 2510 4850 σκηθήσονται
2539 4771 2588 4823 οἱ
2615 4766 3015 4840 διηρπασμένοι
3044 4764 3117 4825 ὡς
3137 4759 3347 4832 ταῦροι.
3374 4777 3392 4810 ι
3416 4759 3479 4813 Οἱ
3500 4757 3606 4829 γὰρ
3628 4756 3734 4810 πά-

466 4880 743 4950 patebant.
758 4879 881 4948 quia
903 4876 1040 4931 Deus
1061 4847 1469 4945 opem-ferebat,
1490 4847 1541 4925 bi
1563 4871 1834 4939 regionem
1851 4881 2030 4922 eorum

2142 4868 2253 4933 λαι,
2290 4847 2476 4937 φησιν,
2497 4863 2706 4933 ἕτοιμοι
2755 4856 3148 4930 διηρπασμὲνοι
3182 4854 3273 4907 ὑπ’
3308 4850 3510 4915 αὐτῶν,
3540 4849 3627 4903 διὰ
3672 4847 3735 4901 τὸ

468 4976 757 5044 depascent
794 4986 894 5026 ceu
944 4969 1112 5033 tauri,
1155 4968 1206 5023 id
1250 4974 1353 5033 est,
1387 4965 1631 5029 feroces,
1688 4957 2030 5030 magnanimi,

2146 4957 2445 5029 ἐπαμύνειν
2474 4954 2628 5020 Θεὸν,
2658 4948 3202 5020 κατανεμηθήσονται
3225 4944 3322 5015 τὴν
3344 4941 3529 5013 χώραν
3550 4940 3733 4993 αὐτῶν

469 5074 525 5119 et
563 5064 654 5133 qui
694 5063 948 5118 invictam
996 5060 1063 5115 ad
1116 5059 1475 5116 resistendum
1522 5053 1630 5107 vim
1679 5029 1924 5105 all'erent.
1976 5046 2030 5101 El

2145 5049 2220 5113 ὡς
2250 5048 2465 5119 ταῦροι,
2499 5044 2643 5098 τοῦτ’
2670 5042 2805 5107 ἔστι,
2836 5039 2998 5093 δεινοὶ
3024 5036 3120 5090 καὶ
3144 5034 3442 5105 ἀγέρωχοι,
3476 5031 3570 5084 καὶ
3591 5029 3737 5098 ἄμα-

470 5156 784 5211 solitudines
812 5168 997 5209 eorum
1036 5152 1128 5222 qui
1165 5149 1337 5206 relicti
1369 5156 1515 5213 sunt,
1561 5145 1684 5216 agni
1728 5144 2030 5211 depascent.

2142 5156 2238 5209 χον
2267 5137 2482 5207 ἔχοντες
2528 5134 2629 5205 τὴν
2664 5131 2999 5187 ἀντίστασιν.
3045 5126 3154 5179 Καὶ
3200 5123 3298 5186 τάς
3345 5122 3585 5192 ἐρήμους
3627 5120 3738 5173 τῶν

472 5249 712 5304 Relictos
742 5246 874 5300 dicit
902 5245 1174 5300 obsessos.
1212 5241 1349 5310 Agui
1381 5238 1685 5300 comedent,
1715 5240 1817 5289 hoc
1838 5241 1947 5297 cst,
1970 5229 2046 5284 illi

472 5355 661 5397 rursus
701 5338 794 5408 qui
836 5346 1058 5393 suntex
1104 5334 1373 5405 gentibus.
1416 5330 1552 5386 Cum
1600 5331 1745 5384 enim
1791 5328 1937 5383 velut
1978 5325 2048 5381 de

476 5435 647 5489 tauris
698 5432 857 5486 verba
910 5428 1160 5492 fecisset,
1204 5427 1501 5497 persistens
1547 5423 1601 5478 in
1640 5431 1829 5491 tropo,
1881 5433 2049 5491 agnos

477 5526 680 5596 adjecit
718 5542 731 5579 :
761 5533 820 5576 ut
846 5533 1029 5576 tauros
1049 5535 1170 5576 esse
1194 5519 1353 5573 valde
1382 5517 1633 5572 robustos
1662 5513 2047 5584 intelligamus.

475 5620 627 5683 Alios
654 5630 781 5671 vero
805 5613 897 5686 qui
936 5612 1070 5668 tales
1102 5627 1206 5666 non
1236 5619 1381 5676 sunt,
1412 5608 1512 5664 sed
1533 5600 1818 5663 inferiores
1850 5620 1911 5659 ac
1944 5603 2051 5657 mi-

2144 5229 2586 5301 ἀπειλειμμένων
2631 5227 2795 5297 ἄρνες
2844 5222 3128 5293 φάγονται.
3149 5214 3614 5287 Ἀπειλειμμένων
3648 5214 3737 5277 δὲ,

2152 5326 2307 5397 φησὶ,
2335 5323 2442 5376 τῶν
2488 5316 2978 5391 πολιορκηθέντων.
3007 5312 3120 5375 Τάς
3161 5309 3359 5375 τοίνυν,
3393 5307 3575 5378 φησὶν,
3608 5307 3741 5377 ἐρη-

2160 5415 2434 5488 μωθείσας
2469 5413 2653 5477 πόλεις
2684 5410 2792 5463 τῶν
2830 5402 3297 5477 πολιορκηθέντων
3340 5398 3502 5470 ἄρνες
3536 5396 3740 5467 βοσκη-

2158 5487 2452 5579 θήσονται,
2481 5502 2625 5556 τοῦτ’
2654 5501 2771 5554 ἐστι
2812 5499 2974 5555 πάλιν
3019 5498 3069 5551 οἱ
3120 5494 3181 5560 ἐξ
3223 5488 3652 5559 ὲθνῶν.Ἐπειδή
3683 5487 3742 5540 δὲ

2157 5599 2322 5654 πάλιν
2363 5596 2440 5661 ὡς
2486 5595 2616 5667 περὶ
2660 5592 2875 5666 ταύρων
2919 5591 3056 5664 ἡμῖν
3100 5586 3397 5657 πεποίηται
3425 5581 3519 5640 τὸν
3556 5579 3738 5646 λόγον,

550 5775 592 5807 ³⁹
625 5773 736 5831 Luc
772 5788 845 5835 v1,
877 5770 968 5828 24.
1042 5770 1086 5802 ⁹⁰
1145 5766 1336 5825 Matth.
1361 5780 1389 5821 v
1418 5807 1431 5829 ,
1465 5767 1520 5823 5.
1594 5766 1635 5800 ⁹¹
1669 5763 1843 5821 Galat.
1877 5778 1950 5824 vt.
1982 5764 2030 5817 8.

2136 5764 2154 5795 ³
2214 5758 2414 5817 Jcrcm.
2464 5771 2539 5817 vt.
2588 5753 2643 5811 9.
