4094 6366
346 460 452 517 157

1532 446 1601 504 ΙΝ
1640 442 1881 502 ISAIAH
1918 442 2049 499 LIB.
2084 440 2125 497 1.
2164 438 2372 499 ΟῐιΑΤ.
2415 437 2505 494 ιν.

352 573 629 647 μεμένηκε
670 573 736 643 τῇ
781 572 956 642 τροπῇ
986 608 1001 634 ,
1049 568 1144 638 καὶ
1194 566 1583 646 προστέθεικεν
1628 566 1833 638 ἄρνας,
1866 562 1986 623 ἵνα,

2089 561 2175 613 lori
2210 557 2406 613 robore
2431 550 2667 633 praediti,
2703 563 2873 621 agnos
2895 526 3250 618 appellemus.
3275 538 3359 596 Ad
3392 538 3645 599 eumdem

349 628 479 737 τοῦς
508 628 607 738 μέν
640 628 778 735 ᾶγάν
808 628 1298 735 ίσχυιροὺςνοῶμεν
1325 664 1404 725 εἰς
1437 628 1694 732 μόσχους.
1730 658 1870 719 Τοὺς
1891 655 1948 708 δὲ

2092 665 2266 721 noque
2297 632 2518 703 modum
2564 642 2757 698 inertis
2786 640 3050 710 cujusque
3090 645 3145 691 et
3184 632 3363 705 supini
3407 628 3647 687 hominis

356 764 434 836 μὴ
466 761 640 824 οὕτως
674 760 917 831 ἔχοντας,
951 757 1361 827 ὑποϐεϐηκότας
1390 755 1446 807 δὲ
1477 756 1533 807 ἐν
1560 752 1706 836 ἰσχύῖ
1735 750 1909 821 μείονι
1928 787 1943 811 ,

357 822 591 924 λέγομεν
620 822 814 923 ἀρνας.
835 822 990 905 Οῦτω
1019 851 1083 922 δὴ
1118 822 1211 903 καλ.
1242 849 1340 920 τὴν
1378 822 1753 903 έκάστουτίτῶν
1789 840 1954 928 ῥαθυ-

360 946 608 1031 μούντων
653 944 882 1016 καρδίαν
924 943 981 997 αἱ
1029 941 1265 1014 πονηραὶ
1314 941 1412 994 καὶ
1449 937 1751 1014 ἀκάθαρτοι
1785 952 1956 1005 νεμη-

358 1025 616 1108 θήσονται
660 1036 947 1103 δυνάμεις,
982 1034 1057 1099 ὡς
1097 1034 1287 1106 μόσχοι
1320 1033 1415 1086 καὶ
1462 1031 1646 1102 ἄρνες.
1680 1026 1869 1106 Τροφὴ
1899 1025 1957 1080 δὲ

363 1129 556 1197 αὐταῖς
593 1127 654 1181 τὸ
680 1127 962 1198 φιλήδονον
987 1167 1002 1193 ,
1052 1126 1145 1180 καὶ
1174 1123 1268 1179 νοῦ
1299 1123 1440 1195 ῥοπὴ
1471 1121 1759 1193 βλέποντος
1791 1100 1869 1186 εἰς
1897 1116 1960 1181 τὸ

364 1221 711 1293 πλημμελές.

1003 1332 1225 1386 ΛΟΓΟΣ
1254 1332 1329 1385 Δ’.

442 1468 590 1523 Οὐαὶ
630 1465 1037 1536 ἐπισπώμενοι
1086 1466 1196 1531 τὰς
1242 1465 1535 1535 ἁμαρτίας
1578 1464 1659 1530 ὡς
1710 1460 1965 1531 σχοινῐῳ

362 1560 573 1632 μακρῷ
593 1560 691 1612 καὶ
720 1562 800 1625 ὡς
817 1557 997 1627 ζυγοῦ
1020 1557 1217 1627 ἱμάντι
1242 1555 1551 1627 δαμάλεως
1566 1555 1672 1621 τὰς
1686 1554 1962 1622 ἀνομίας,

2052 719 2379 812 con-prava:
2405 748 2459 794 et
2493 738 2717 804 impura:
2750 739 3048 803 potestates
3079 726 3224 782 velut
3248 725 3415 779 boves
3444 729 3493 776 et
3521 719 3646 789 agni

2054 808 2484 890 devci-abutitur,
2510 826 2726 893 illisque
2755 820 2951 876 cedent
3003 818 3055 872 iu
3088 816 3267 871 cibum
3294 808 3643 881 voluptuarii,

2055 933 2113 979 et
2152 921 2245 992 qui
2294 919 2510 973 animos
2566 924 2733 996 atque
2782 908 2973 975 oculos
3028 909 3354 969 convertunt
3402 901 3471 956 ad
3517 912 3650 976 pec-

2059 1012 2311 1068 randum.

2593 1316 2705 1388 93
2743 1310 3005 1368 onmo
3042 1308 3130 1363 tv.

2135 1460 2267 1516 CAP.
2316 1457 2384 1512 ν.
2431 1453 2723 1517 Vens.18,
2774 1451 2860 1505 l9.
2926 1447 3019 1503 Va:
3060 1414 3396 1500 trahentibus
3441 1446 3657 1506 peccata

2068 1562 2322 1620 tanquam
2349 1545 2592 1618 funiculo
2625 1544 2806 1612 longo,
2831 1550 2879 1595 et
2906 1549 3155 1600 tanquam
3178 1533 3297 1603 jngi
3326 1531 3442 1585 loro
3461 1528 3655 1599 jureno

364 1642 424 1707 ὀὶ
465 1623 747 1723 λέγοντες
768 1623 789 1680 ⁸-
831 1623 903 1703 Td
942 1623 1124 1718 τάέος
1149 1623 1443 1718 ἐγγιαάτω
1483 1645 1521 1701 ἁ
1546 1646 1828 1716 ποιήσει,
1864 1645 1967 1698 ἵνα

2089 1657 2143 1697 τω
2172 1641 2504 1709 iniquitates,
2556 1633 2851 1689 dicentibus
2881 1643 2900 1683 :
2934 1628 3050 1683 Cito
3093 1623 3506 1695 appropinqueut
3542 1633 3660 1688 qua:

372 1746 608 1814 Ζδωμεν,
640 1745 736 1797 καὶ
766 1743 987 1797 ἐλθέτω
1021 1743 1059 1814 ἠ
1084 1740 1292 1810 ,βουλὴ
1323 1739 1430 1795 τοῦ
1468 1740 1643 1811 ἁγίου
1693 1737 1964 1808 Ἰσραὴλ,

373 1841 475 1893 ἵνα
502 1837 753 1909 γνῶμεν.

2070 1735 2249 1801 faciet,
2270 1743 2322 1785 ut
2348 1729 2636 1789 videamus,
2654 1736 2701 1780 et
2726 1724 2897 1779 ueniat
2923 1718 3203 1775 consilium
3224 1714 3396 1769 sancti
3414 1708 3659 1774 lanulis,

2070 1837 2125 1879 ut
2152 1838 2405 1879 seramus.

457 1956 515 2010 '0
562 1954 660 2025 μὲν
705 1952 816 2008 τῶν
846 1953 984 2007 ὅλων
1014 1950 1349 2030 δημιουργὸς
1379 1949 1476 2004 καὶ
1498 1947 1724 2018 Κύριος,
1766 1943 1967 2016 ἡμερό-

2144 1933 2527 1993 Universitatis
2554 1929 2735 1999 opifex
2772 1936 2825 1982 et
2864 1924 3147 1985 Dominus,
3176 1922 3427 1974 humana:
3455 1923 3665 1975 natura;

2261 2029 2266 2030 ⁷
2517 2025 2527 2030 “
2766 2018 2781 2030 “
2951 2016 2983 2030 -’
3113 2028 3159 2030 ——
3190 2019 3402 2030 -A------
3429 2005 3631 2030 *ΔΑ-ιιι,-

374 2066 497 2120 τητι
546 2046 713 2101 νικῶν
763 2049 863 2121 τῆς
910 2045 1200 2119 ἀνθρώπου
1252 2046 1468 2115 φύσεως
1514 2041 1613 2113 τὴν
1660 2038 1968 2102 ἀσθένειαν,

376 2138 701 2211 προσελάλει
733 2140 846 2205 τοῖς
887 2137 1263 2210 ἀρχαιοτέροις
1293 2135 1382 2190 διὰ
1409 2135 1519 2189 τῶν
1553 2132 1725 2202 ᾀγίων
1752 2146 1971 2200 προφη-

376 2233 507 2295 τῶν,
534 2231 606 2285 τὰ
650 2230 718 2284 δι’
759 2222 834 2285 ὧν
862 2224 932 2301 ἦν
966 2229 1113 2294 εἰκὸς
1157 2228 1548 2301 μεταχωρῆσαι
1585 2225 1721 2295 πρὸς
1750 2223 1820 2277 τά
1854 2220 1974 2292 βελ-

377 2324 500 2391 τίω,
528 2323 599 2377 τὰ
628 2324 796 2393 χείρω
844 2321 1128 2394 μεθέντας,
1158 2319 1255 2374 καὶ
1296 2318 1631 2388 φαυλότητος
1666 2315 1766 2387 μὲν
1809 2329 1976 2368 κατα-

378 2414 537 2485 λῆξαι
573 2415 666 2467 καὶ
700 2415 999 2486 ἁμαρτίας,
1036 2412 1321 2467 διαϐιῶναι
1350 2411 1408 2464 δὲ
1445 2409 1644 2481 μᾶλλον
1686 2410 1743 2462 ἐν
1780 2407 1974 2479 ἀρετῇ.

381 2509 476 2561 καὶ
502 2505 804 2577 κατορθοῦν
833 2504 1051 2560 ἑλέσθαι
1096 2504 1158 2557 τὸ
1206 2502 1435 2573 ἀγαθόν.
1469 2501 1687 2571 Ταύτης
1720 2516 1781 2552 τε
1811 2497 1977 2553 ἓνεκα.

382 2599 479 2668 τῆς
527 2596 730 2664 αἰτίας,
760 2595 891 2649 ποτὲ
949 2595 1048 2666 μὲν
1094 2594 1281 2657 αὐτοῖς
1331 2590 1616 2663 παρετίθει
1645 2589 1714 2643 τά
1741 2587 1879 2658 γέρα
1908 2584 1979 2639 τά

382 2691 497 2751 τοῖς
527 2688 703 2756 ἁγίοις
724 2685 1143 2758 ηὐτρεπισμένα
1159 2700 1173 2714 ·
1197 2684 1328 2737 ποτὲ
1346 2683 1402 2736 δὲ
1430 2682 1557 2745 τοὺς
1576 2679 1679 2749 τῆς
1702 2678 1978 2740 κολάσεως

384 2783 654 2850 ἀφηγεῖτο
679 2780 937 2851 τρόπους,
967 2780 1094 2842 τοὺς
1124 2780 1239 2841 τοῖς
1269 2775 1723 2847 φιλαμαρτήμοσι
1743 2771 1981 2840 πρέπον-

386 2893 505 2940 τας,
548 2876 637 2929 ἶνα
690 2872 1028 2944 πανταχόθεν
1077 2870 1347 2941 συνελάσῃ
1400 2870 1539 2940 πρὸς
1596 2868 1658 2921 τὸ
1709 2860 1995 2934 ὠφελοῦν.’

398 2969 542 3021 Ἀλλ’
571 2966 743 3030 οὐδεὶς
786 2961 857 3038 ἦν
907 2966 1106 3037 τρόπος
1158 2968 1187 3029 ὁ
1232 2964 1332 3028 τὰς
1382 2960 1653 3016 Ἰουδαίων
1706 2956 1981 3028 ὲξιτηλίας

387 3058 717 3113 ἀπώσασθαι
759 3052 1546 3127 δυνάμενος.Ἀπονενευκὸτες
1578 3052 1687 3123 γὰρ
1718 3052 1798 3112 εἰς
1828 3048 1980 3117 φιλο-

388 3150 611 3223 κερδίαν
646 3151 737 3203 καὶ
775 3148 1008 3220 τρυφὰς,
1044 3147 1137 3201 καὶ
1167 3148 1267 3218 τὴν
1296 3146 1533 3217 ἐσχάτην
1559 3143 1663 3216 ήδη
1701 3140 1985 3204 νοσοῦντες

387 3244 652 3313 ἀπόνοιαν
675 3241 817 3296 κατὰ
836 3240 970 3294 Θεοῦ
992 3275 1007 3299 ,
1028 3241 1141 3303 τοῖς
1161 3238 1334 3308 ἁγίοις
1355 3222 1663 3309 προφήταις
1680 3234 1984 3303 ἐπεφύοντο

388 3334 577 3389 δεινοί.
609 3333 720 3387 Καὶ
748 3334 798 3385 οἱ
827 3332 926 3404 μὲν
959 3330 1315 3399 ἀπιστοῦντες
1341 3328 1621 3392 παντελῶς
1645 3330 1758 3392 τοῖς
1788 3326 1855 3381 δι’
1881 3327 1978 3380 αὐ·

388 3429 500 3500 τῶν
547 3426 862 3501 λεγομένοις
905 3424 1170 3494 ἔφασκονσ
1197 3444 1215 3476 ι
1246 3423 1418 3479 Ἀλλα
1456 3424 1587 3494 ἡμῖν
1620 3420 1854 3490 λαλεῖτε,
1890 3420 1985 3472 καὶ

391 3514 758 3583 ἀναγγέλλετε
793 3514 981 3585 ἑτέραν
1008 3513 1277 3583 πλάνησιν
1301 3530 1315 3543 ο
1350 3532 1369 3563 ι
1404 3513 1454 3565 οἱ
1486 3511 1543 3565 δὲ
1576 3510 1860 3583 μονονουχὶ
1890 3508 1986 3578 καὶ

393 3607 823 3677 καταιτιώμενοι
858 3607 918 3659 τὸ
946 3606 1047 3677 τῆς
1084 3604 1236 3669 θείας
1290 3604 1507 3674 φύσεως
1536 3603 1856 3669 ἀνεξίκακον
1896 3603 1990 3656 ἁλ-

392 3691 579 3761 λήλοις
620 3690 765 3744 κατά
796 3691 857 3745 τὸ
900 3691 1047 3754 εἰκὸς
1076 3690 1488 3761 προσγελῶντες
1513 3690 1755 3760 ἔφασκον
1783 3706 1797 3719 ·
1829 3688 1988 3742 Ἀλλὰ

402 3783 621 3855 μακρὰν
645 3785 703 3837 αἱ
732 3786 960 3855 ἡμέραι,
986 3782 1235 3837 ἀπόλωλε
1267 3784 1420 3836 πᾶσα
1450 3784 1661 3854 ὅρασις.
1705 3782 1817 3835 Καὶ
1857 3780 1990 3850 γοῦν

397 3876 503 3947 ἔφη
538 3892 644 3927 που
688 3874 821 3937 Θεὸς
867 3875 1003 3947 πρὸς
1050 3876 1142 3928 τὸν
1193 3876 1464 3946 μακάριον
1506 3872 1804 3945 ἰεςεχιήλο
1844 3891 1863 3925 ι
1894 3871 1991 3925 Υἱὲ

396 3967 713 4038 ἀνθρώπου,
752 3966 860 4021 ἰδοὺ
902 3969 930 4020 ὁ
973 3961 1122 4030 οἶκος
1173 3966 1387 4037 Ἰσραὴλ
1432 3968 1460 4019 ὁ
1506 3963 1993 4037 παραπικραίνων,

398 4061 653 4129 λέγοντες
690 4058 961 4128 λέγουσιν·
998 4061 1065 4113 Ἦ
1094 4061 1284 4133 ὅρασις
1318 4060 1387 4131 ἢν
1415 4051 1571 4124 οὗτος
1599 4060 1721 4131 ὁρᾷ,
1753 4059 1833 4122 είς
1859 4058 1996 4128 ἡμέ-

401 4174 505 4232 ρας
554 4155 777 4219 πολλὰς,
812 4156 908 4208 καὶ
936 4155 1015 4218 είς
1049 4155 1275 4225 καιροὺς
1311 4156 1558 4225 μακροὺς
1593 4147 1749 4217 οὗτος
1782 4169 1998 4224 προφη-

398 4248 572 4302 τεύει.
606 4248 706 4301 Διὰ
752 4246 915 4313 τοῦτο
963 4246 1117 4300 εἰπὸν
1156 4247 1373 4310 αὐτοῖς·
1405 4245 1543 4300 Τάδε
1574 4244 1723 4315 λέγει
1767 4243 1999 4298 Ἀδωναῒ

401 4340 634 4412 Κύριος·
673 4340 747 4393 Οὐ
802 4341 877 4411 μὴ
916 4340 1201 4411 μηκύνωσι
1232 4340 1436 4402 πάντες
1478 4340 1527 4391 οι
1559 4338 1708 4405 λόγοι
1739 4354 1865 4409 μου,
1904 4335 1999 4401 οὓς

404 4434 472 4485 ἂν
522 4430 775 4503 λαλήσω·
813 4431 895 4482 ὅτι
938 4429 1161 4501 λαλήσω
1208 4429 1387 4497 λόγον,
1423 4429 1519 4490 καὶ
1567 4429 1801 4498 ποιήσω,
1852 4425 2001 4493 λέγει

417 4522 644 4577 Ἀδωναῒ
687 4521 914 4593 Κύριος.
944 4540 961 4572 ι
990 4520 1212 4592 Ἔτεροι
1265 4519 1329 4593 δὲ.
1377 4518 1540 4572 πάλιν
1578 4517 1861 4589 μονονουχὶ
1907 4512 2003 4568 καὶ

403 4613 790 4688 ἀπεγνωκότες
819 4613 919 4682 τῆς
954 4608 1164 4663 ἑαυτῶν
1214 4607 1491 4679 σωτηρίας
1524 4607 1618 4659 καὶ
1669 4604 1833 4675 ζωῆς,
1867 4616 2002 4654 κατ-

404 4707 768 4780 εθρασῦνοντο
792 4704 893 4775 τῆς
916 4704 1087 4774 ὀργῆς
1106 4742 1122 4767 ,
1148 4702 1243 4755 καὶ
1268 4700 1335 4773 δὴ
1359 4700 1454 4754 καὶ
1479 4698 1718 4780 ἔφασκον
1738 4713 1751 4726 ·
1788 4694 2003 4749 Ἦκέτω

405 4774 668 4871 τδ-τάχος
695 4800 724 4852 ὁ
746 4797 845 4875 ςτοῦ
878 4797 1118 4868 πολέμου
1147 4794 1360 4865 καιρὸς,
1390 4793 1491 4846 οὐκ
1521 4774 1819 4861 ἀνάνδρους
1853 4788 2002 4859 ἡμᾶς

408 4896 440 4963 ἦ
468 4893 753 4969 ψοφοδεεῖς
785 4891 945 4953 ὄντας
973 4889 1298 4959 εὑρήσουσιν
1313 4888 1362 4939 οἱ
1379 4882 1686 4957 καταδηοῦν
1703 4882 1999 4942 ἐθέλοντες.

421 4983 923 5057 Ἐμπειροπόλεμοι
943 4983 1038 5035 καὶ
1054 4983 1234 5052 ἡμεῖς,
1254 4978 1347 5033 καὶ
1362 4973 1421 5031 εὖ
1442 4976 1644 5040 εἰδότες
1660 4974 1728 5029 τὰ
1742 4972 2001 5027 τακτικά.

412 5080 555 5142 Τοὺς
602 5076 781 5157 ταῦτει
827 5072 1244 5144 πεφρονηκότας
1288 5070 1569 5141 ταλανίζει
1612 5070 1858 5134 δικαίως,
1912 5067 2005 5121 καί

414 5188 601 5242 φησιν’
627 5191 643 5220 ι
671 5169 809 5221 Οὐαὶ
824 5169 873 5220 οἱ
891 5164 1271 5234 ἐπισπώμενοι
1288 5164 1385 5228 τὰς
1404 5164 1675 5235 ἁμαρτίας
1691 5163 1765 5227 ὼς
1785 5161 2004 5232 σχοινίῳ

414 5262 633 5335 μακρῷ,
657 5262 753 5331 καὶ
768 5260 844 5329 ib;
875 5258 1041 5327 ζυγοῦ
1069 5258 1258 5330 ἱμάντι
1280 5256 1567 5327 δαμάλεως
1591 5255 1691 5319 τὰς
1715 5254 1963 5326 ἀνομίας.
1979 5273 1998 5306 ι

425 5356 735 5428 ’Δμαρτίας
764 5353 823 5406 δὲ
849 5354 947 5424 καὶ,
973 5352 1206 5424 ἀνομίας
1236 5352 1294 5405 ὲν
1321 5349 1531 5413 τούτοις
1564 5348 1697 5419 φησὶ
1727 5347 1825 5412 τὰς
1863 5347 2005 5417 ὑπέρ

417 5465 479 5517 γε
511 5447 622 5512 τῶν
652 5442 940 5515 ἁμαρτιῶν
983 5441 1257 5514 τιμωρίας
1304 5440 1424 5510 ἦτοι
1462 5437 1743 5502 κολάσεις,
1778 5436 1999 5515 μακράν

421 5541 523 5611 μὲν
544 5538 710 5601 οὔσας
739 5506 843 5598 ἔτι,
877 5536 973 5589 καὶ
991 5506 1145 5589 οῦπω
1177 5506 1429 5604 πλησίον,
1457 5531 1548 5585 διά
1566 5548 1649 5584 τοι
1668 5530 1730 5584 τὸ
1748 5506 2005 5595 ἀνεξικα-

420 5633 537 5703 ξιεῖν
584 5629 667 5682 ἔτι
710 5626 998 5699 βούλεσθαι
1032 5627 1125 5681 τὸν
1164 5626 1332 5691 Θεὸν,
1367 5623 1664 5694 ἑλκομένας
1707 5622 1765 5676 δὲ
1807 5623 2009 5695 τρόπον

422 5724 542 5781 τινὰ
566 5722 700 5795 παρ’
726 5722 925 5786 αὐτῶν,
949 5721 1035 5775 διὰ
1065 5720 1159 5774 τοῦ
1196 5718 1481 5791 βούλεσθαι
1516 5718 1609 5771 καὶ
1635 5719 1747 5781 τοῖς
1772 5720 1835 5772 ὲκ
1862 5717 2011 5781 θείας

493 5881 542 5930 υ
578 5883 683 5953 isa.
724 5897 855 5949 xxx,
916 5880 1002 5935 lO.
1072 5877 1335 5935 "Much.
1365 5892 1458 5944 xu,
1508 5844 1711 5944 πρέ.

2074 2029 2444 2088 inﬁrmitatem
2481 2025 2703 2076 vinecus
2733 2016 3042 2078 clementia,
3065 2028 3161 2083 per
3187 2019 3406 2064 sanctos
3428 2005 3662 2076 prophe-

2074 2135 2158 2181 tas
2194 2122 2389 2183 aﬂatus
2432 2127 2516 2172 est
2567 2116 2833 2184 majores,
2882 2111 3023 2163 unde
3074 2121 3169 2160 eos
3218 2103 3285 2157 ad
3333 2101 3562 2156 meliora
3606 2110 3667 2159 se

2080 2214 2352 2282 recipere,
2382 2208 2653 2262 deteriora
2688 2202 3019 2269 relinquere,
3048 2212 3077 2249 a
3102 2194 3249 2247 vitiis
3276 2207 3341 2245 ac
3364 2187 3667 2246 sceleribus

2076 2308 2364 2369 desistere,
2406 2316 2470 2355 ac
2502 2300 2555 2353 in
2592 2296 2795 2351 virtute
2830 2290 3009 2363 potius
3046 2287 3397 2347 reviviscere,
3427 2297 3492 2336 ac
3516 2278 3665 2349 quod

2076 2398 2277 2453 bonum
2316 2402 2398 2449 est
2426 2390 2715 2460 diligenter
2746 2381 3022 2455 persequi,
3057 2386 3178 2433 erat
3211 2382 3667 2432 consentaneum,

2078 2491 2320 2559 Eamque
2349 2485 2419 2542 oh
2450 2500 2562 2539 rem
2596 2480 2702 2536 illis
2736 2491 2879 2533 nunc
2916 2472 3137 2545 praemia
3170 2466 3377 2524 sanctis
3401 2462 3668 2518 destinata

2080 2556 2362 2653 proponit,
2415 2590 2559 2632 nunc
2607 2569 2998 2642 suppliciorum
3042 2578 3244 2636 genera
3287 2556 3674 2629 peccatoribus

2081 2645 2243 2741 digna
2267 2645 2514 2738 exponit,
2546 2672 2607 2718 ut
2630 2660 2886 2718 omnibus
2911 2656 3088 2711 modis
3116 2653 3183 2708 ad
3208 2651 3259 2712 id
3286 2649 3431 2721 quod
3454 2645 3673 2715 expedit

2082 2740 2365 2835 perducat.
2404 2758 2513 2813 Sed
2563 2767 2675 2811 tum
2708 2752 2889 2808 nullus
2922 2756 3043 2805 erat
3081 2746 3278 2805 modus
3315 2751 3407 2795 aut
3437 2740 3523 2794 via
3552 2752 3674 2807 qua:

2081 2832 2391 2913 iludatorum
2446 2849 2672 2923 ignaviae
2727 2842 3063 2915 depellenda!
3110 2840 3245 2899 satis
3299 2850 3422 2891 esse
3475 2832 3671 2905 potuit.

2083 2948 2220 3003 Nam
2260 2949 2312 3001 in
2356 2942 2644 3002 avaritiam
2675 2949 2729 2994 et
2761 2937 3036 2991 libidinem
3077 2928 3336 3003 prolapsi,
3381 2935 3438 2981 et
3480 2923 3675 2985 morbo

2089 3039 2449 3098 contumacia:
2478 3036 2530 3088 in
2554 3033 2720 3087 Deum
2745 3038 2989 3084 extreme
3018 3024 3350 3087 laborantes,
3376 3021 3430 3074 in
3455 3026 3677 3073 sanctos

2089 3135 2383 3208 prophetas
2424 3128 2666 3201 graviter
2709 3120 2969 3179 concitati
3017 3126 3183 3182 sunt;
3235 3122 3290 3169 et
3332 3110 3425 3167 alii
3459 3109 3680 3180 quidem

2093 3198 2253 3282 dictis
2301 3198 2492 3279 eorum
2541 3218 2701 3273 tidem
2757 3229 2866 3270 non
2919 3211 3182 3266 habentes
3229 3207 3459 3261 dicere:
3502 3219 3520 3252 ι
3560 3198 3679 3256 Alia

2011 3299 2056 3357 Ο
2088 3319 2246 3375 nobis
2276 3312 2578 3383 loquimini,
2607 3318 2662 3363 et
2694 3305 3017 3362 annuntiate
3052 3300 3216 3355 alium
3250 3310 3493 3351 errorem
3521 3292 3607 3357 ";
3652 3308 3674 3345 ι

2095 3412 2185 3469 alii
2222 3424 2371 3475 vero,
2411 3414 2618 3461 natura:
2646 3401 2843 3457 divinae
2885 3393 3201 3467 patientiam
3244 3402 3412 3459 prope
3450 3383 3680 3441 dixerim

2090 3508 2433 3561 accusantes,
2467 3496 2607 3550 inter
2634 3507 2714 3557 se,
2750 3499 2810 3543 ut
2839 3493 3083 3559 apparet,
3118 3480 3264 3551 loqui
3297 3492 3363 3533 ac
3389 3476 3682 3536 deridere;

2090 3592 2289 3651 Procul
2336 3589 2494 3644 abest
2535 3586 2674 3652 dies,
2724 3581 2885 3648 periit
2928 3577 3107 3632 omnis
3149 3574 3307 3629 visio.
3355 3570 3565 3625 Idcirco
3605 3567 3683 3620 ait

2092 3687 2234 3742 Deus
2274 3682 2341 3738 ad
2387 3683 2603 3735 beatum
2646 3670 3029 3730 Ezechielem:
3068 3687 3086 3719 ι
3121 3665 3224 3721 Fili
3254 3662 3518 3727 hominis,
3555 3673 3689 3713 ecce

2093 3783 2286 3837 domus
2314 3773 2474 3833 Israel
2502 3782 2856 3840 exasperatis,
2887 3778 3103 3833 semper
3131 3759 3263 3815 dicit
3288 3777 3303 3812 :
3332 3754 3484 3811 Visio
3520 3767 3686 3824 quam

2095 3875 2186 3929 hie
2218 3871 2383 3936 videt,
2416 3876 2501 3923 est
2532 3865 2585 3920 in
2633 3862 2829 3922 multos
2868 3860 3005 3921 dies,
3037 3866 3092 3912 et
3136 3855 3189 3909 in
3222 3852 3515 3921 longinqua
3548 3858 3686 3901 teni-

2096 3981 2227 4037 pora
2266 3964 2355 4019 hic
2402 3958 2751 4014 vaticinatur.
2798 3953 3093 4017 Propterea
3138 3947 3227 4001 dic
3256 3946 3363 4001 illis
3398 3965 3411 3998 :
3441 3940 3567 3995 llzce
3612 3938 3690 3991 ait

2099 4056 2307 4113 Adonai
2333 4054 2588 4109 Dominus
2610 4065 2625 4104 :
2649 4048 2767 4103 Non
2790 4044 3177 4117 protrahentur
3198 4051 3388 4093 omnes
3410 4042 3693 4089 sermones

2109 4150 2214 4207 mei
2250 4163 2385 4219 quos
2422 4147 2632 4215 loquar,
2663 4141 2789 4213 quia
2824 4139 3011 4207 loquar
3042 4145 3354 4191 sermonem
3381 4124 3689 4187 etfaciam,

2101 4247 2233 4301 dicit
2260 4243 2469 4299 Adonai
2504 4237 2761 4295 Dominus
2781 4235 2847 4289 ”.
2884 4252 2903 4285 ι
2940 4230 3178 4285 Rursum
3211 4226 3301 4281 alii
3339 4232 3547 4277 tantum
3583 4232 3691 4273 non

2103 4334 2171 4389 de
2202 4349 2299 4386 sua
2344 4332 2585 4400 ipsorum
2626 4326 2800 4381 salute
2829 4332 2885 4378 et
2914 4322 3023 4376 vita
3056 4320 3433 4388 desperantes,
3468 4314 3539 4366 ita
3570 4310 3691 4364 ani-

2105 4424 2240 4479 mosi
2275 4433 2333 4479 et
2378 4423 2612 4476 audaces
2654 4416 2786 4473 facti
2832 4423 2978 4478 sunt,
3024 4412 3116 4483 qui
3165 4409 3330 4465 etiam
3382 4406 3692 4460 dixerunt:

2105 4516 2299 4571 Veniat
2321 4516 2429 4570 cito
2450 4514 2575 4569 belli
2604 4523 2815 4580 tempus
2841 4547 2856 4574 ,
2893 4523 3002 4562 non
3031 4503 3306 4559 invenient
3329 4514 3426 4555 nos
3451 4495 3696 4551 imbelles

2108 4621 2163 4666 ct
2197 4610 2262 4664 ad
2297 4610 2547 4680 quemvis
2580 4603 2865 4672 strepitum
2899 4599 3232 4670 pavitantes,
3259 4593 3349 4663 qui
3380 4590 3693 4645 vastitatem

2034 4672 2078 4727 υ
2109 4672 2496 4763 illaturi-sunt.
2538 4694 2736 4750 Sumus
2767 4701 2821 4745 et
2866 4705 2965 4744 nos
3008 4685 3242 4743 bellandi
3278 4698 3383 4737 non
3430 4678 3695 4749 imperiti,

2105 4804 2161 4848 et
2192 4793 2267 4846 rei
2310 4790 2562 4844 militaris
2606 4803 2710 4841 non
2752 4784 2949 4854 ignari.
2998 4782 3105 4835 llos
3138 4792 3271 4848 ergo
3302 4775 3367 4829 ad
3406 4774 3551 4827 hunc
3582 4787 3701 4826 mo-

2107 4889 2232 4940 dmn
2265 4883 2487 4938 aﬂ'ectos
2522 4880 2714 4934 merito
2740 4878 2906 4948 luget,
2936 4885 2987 4929 et
3024 4873 3235 4943 inquit:
3269 4869 3379 4940 93
3411 4888 3428 4920 ι
3460 4866 3549 4922 Va:
3583 4874 3696 4921 tra-

2108 4977 2364 5032 hentibus
2392 4984 2612 5046 peccata
2638 4971 2783 5026 velut
2806 4966 3047 5024 funiculo
3074 4966 3250 5033 longo,
3271 4971 3326 5015 et
3347 4960 3501 5030 quasi
3529 4958 3699 5028 jugali

2107 5073 2223 5126 loro
2243 5071 2511 5141 juvenem,
2543 5068 2915 5137 iniquitates.»
2941 5061 3167 5117 Pcecata
3196 5069 3249 5113 et
3274 5054 3590 5125 iniquitates
3613 5050 3703 5108 hic

2113 5165 2247 5219 dicit
2280 5163 2544 5234 supplicia
2576 5170 2632 5215 et
2666 5172 2855 5229 punias
2890 5170 2990 5226 pro
3027 5152 3263 5223 peccatis
3302 5170 3313 5203 ;
3345 5142 3535 5217 procul
3571 5156 3706 5197 vero

2112 5259 2308 5312 abesse
2342 5255 2519 5309 adhuc
2557 5262 2610 5308 et
2652 5252 2892 5306 nondqu
2928 5259 3114 5317 pr0pc,
3155 5239 3296 5311 quod
3337 5239 3479 5294 Deus
3522 5234 3703 5288 adhuc

2115 5349 2225 5420 pati
2275 5347 2445 5412 velit;
2503 5344 2646 5399 trahi
2694 5352 2876 5397 autem
2929 5331 3328 5408 quodammodo
3373 5326 3605 5390 abillis,
3633 5339 3707 5380 eo

2115 5440 2260 5511 quod
2295 5437 2492 5493 divina:
2523 5436 2617 5491 iraa
2641 5431 2997 5489 acrimoniam
3026 5437 3081 5482 et
3107 5424 3456 5495 asperitatem
3487 5415 3699 5474 sensuri

2114 5510 2245 5588 sint.
2288 5530 2495 5599 Quibus
2524 5542 2624 5599 ego
2665 5524 2893 5596 singulis
2940 5521 3069 5576 illud
3113 5510 3605 5585 congruentissima
3646 5516 3703 5562 et

2118 5639 2246 5680 vere
2277 5624 2383 5680 diei
2432 5636 2590 5693 posse
2631 5620 2871 5675 arbitror
2907 5633 2921 5670 :
2959 5634 2977 5666 ι
3015 5611 3154 5668 Νυιιι
3191 5607 3407 5665 divitias
3439 5601 3706 5659 bonitatis

2120 5718 2237 5790 ejus
2277 5726 2331 5774 ct
2361 5715 2658 5773 tolerantia:
2691 5722 2743 5769 ct
2782 5709 3025 5769 lenitatis
3069 5701 3371 5763 contemnis
3402 5697 3429 5753 ἳ
3470 5693 3702 5767 Ignoras
