4152 6366
500 341 604 398 159

1491 352 1550 407 S.
1593 353 1866 409 CYRILLI
1904 354 2377 415 ALEXANDRINI
2414 362 2745 421 ARCHIEP.

3673 362 3780 420 160

495 462 797 517 bonitatem
866 462 959 518 Dei
1010 462 1082 519 ad
1130 464 1563 535 resipiscentiam
1616 480 1667 525 te
1714 472 1981 527 invitare?
2019 476 2059 526 A

2185 474 2359 546 ὀργῆς
2404 482 2724 549 περιπεσεῖν
2778 477 3098 548 κινήμασιν.
3134 471 3305 549 Οἶμαι
3350 475 3421 531 δὲ’
3452 473 3629 546 ἔγωγε
3668 477 3778 529 τῶν

495 552 795 607 secundum
844 555 1265 611 obstinationem
1315 568 1482 624 tuam,
1519 571 1574 616 et
1614 578 1712 617 cor
1764 566 2068 635 resipiscere

2180 566 2440 619 τοιούτων
2469 570 2687 640 ἑκάστῳ
2711 567 3147 640 πρεπωδέστατά
3168 586 3228 621 τε
3251 570 3346 622 καὶ
3374 566 3591 636 ἀληθῶς
3618 566 3779 620 δύνα-

495 645 738 699 nescium
772 645 1111 703 thesaurizas
1142 650 1235 704 tibi
1274 651 1375 719 ipsi
1414 652 1549 707 iram
1583 656 1634 709 in
1662 658 1748 711 die
1782 659 1875 714 ira:
1906 669 1961 713 et
1992 675 2078 713 re-

492 731 782 789 wlationis
801 733 932 805 justi
964 737 1152 807 judicii
1188 740 1367 809 Dei“.
1404 761 1422 794 ι
1451 744 1698 801 Trahunt
1714 749 1857 803 enim
1883 749 1977 818 ita,
2002 751 2078 805 uti

492 822 629 886 dixi,
662 824 766 894 ipsi
812 827 866 881 in
903 844 963 883 se
1004 831 1306 899 punitionis
1353 843 1583 902 tempus,
1619 838 1869 897 fortassis
1906 845 2071 897 etiam

494 913 657 969 soluti
684 916 811 973 inde
832 928 885 972 et
910 924 1110 987 securi,
1134 924 1262 992 quia
1297 925 1479 981 dill‘ert
1508 932 1698 997 punire
1727 948 1843 996 eos,
1874 944 1925 990 et
1950 939 2077 1006 quia

494 1008 731 1077 turpiter
752 1010 1192 1081 delinquentibus
1211 1030 1429 1084 pmnaut
1454 1036 1559 1074 non
1586 1022 1806 1093 irt'ogat.
1829 1023 2078 1084 Trahunt

491 1112 627 1167 ergo
656 1111 883 1169 peccata
924 1104 1078 1172 quasi
1126 1105 1368 1163 funiculo
1402 1109 1586 1178 longe,
1621 1125 1673 1166 et
1716 1117 1870 1185 quasi
1908 1116 2073 1188 jugali

492 1185 615 1242 loro
643 1188 914 1256 juvencze,
949 1192 1287 1262 iniquitates.
1314 1196 1781 1264 Quemadmodum
1812 1208 1954 1260 enim
1977 1185 2073 1277 qui

484 1278 747 1348 juvencas
775 1283 858 1337 vel
893 1286 1059 1339 boves
1083 1286 1227 1357 jugis
1250 1292 1601 1357 submittunt,
1630 1296 1854 1351 trahunt
1883 1315 2062 1369 quan-

489 1370 669 1440 doque
689 1372 740 1425 vi
769 1372 958 1440 multa,
985 1386 1036 1430 et
1060 1376 1283 1447 alligant
1316 1380 1381 1433 ad
1420 1380 1634 1437 labores
1659 1402 1674 1436 :
1704 1385 1770 1438 ad
1798 1390 2070 1455 eumdem,

489 1460 677 1524 credo,
699 1462 868 1531 ipsum
894 1466 1132 1530 modum,
1154 1469 1204 1520 hi
1231 1469 1321 1537 qui
1351 1484 1411 1524 se
1432 1471 1694 1537 objiciunt
1726 1475 1819 1530 irae
1850 1478 2067 1545 divinaa,

486 1552 703 1607 dicunt:
722 1572 741 1605 ι
767 1558 1211 1627 Appropinquent
1234 1561 1342 1614 cito
1358 1577 1477 1631 quae
1496 1563 1674 1629 faciet,
1695 1576 1753 1621 ut
1772 1569 2069 1639 videamus,

483 1653 543 1697 et
569 1645 1044 1700 veniatconsiliutu
1069 1651 1241 1704 sancti
1268 1651 1503 1717 lsraelis,
1526 1666 1583 1709 ut
1604 1659 1892 1717 sciamus.»
1921 1662 2072 1719 Alius

487 1735 619 1788 item
652 1751 684 1789 e
717 1739 922 1792 sanctis
957 1743 1233 1808 prophetis
1271 1743 1413 1812 luget
1444 1760 1659 1816 quoque
1689 1764 1780 1804 eos
1804 1753 1893 1820 qui
1928 1754 2068 1807 lSllltl

2183 657 2307 710 σθαι
2337 658 2515 727 λέγειν
2550 663 2727 731 ἡμᾶς’
2764 680 2783 713 ι
2824 660 2897 714 Ἣ
2915 658 3011 713 τοῦ
3033 659 3264 713 πλούτου
3287 659 3385 729 τῆς
3409 658 3778 731 χρηστότητος

2180 749 2373 814 αὐτοῦ,
2411 754 2505 805 καὶ
2536 754 2636 824 τῆς
2669 753 2890 824 ἀνοχῆς,
2920 752 3017 806 καὶ
3060 753 3159 822 τῆς
3194 750 3578 823 μακροθυμίας
3607 768 3776 805 κατα-

2180 845 2420 913 φρονεῖς,
2457 845 2671 912 ἀγνοῶν
2716 846 2799 899 ὅτι
2848 845 2911 898 τὸ
2958 843 3193 917 χρηστὸν
3221 842 3315 896 τοῦ
3343 841 3478 896 Θεοῦ
3510 845 3589 905 είς
3621 843 3778 913 μετά-

2179 934 2330 986 νοιάν
2364 950 2421 985 σε
2452 935 2610 1003 ἄγεις
2642 935 2798 989 Κατὰ
2817 934 2875 988 δὲ
2898 935 2997 1005 τὴν
3028 933 3374 1005 σκληρότητά
3404 949 3500 985 σου
3524 932 3619 985 καὶ
3641 934 3778 1003 ἀμε-

2177 1026 2714 1098 τανόητονααρδίαν
2771 1027 3131 1099 θησαυρίζεις
3193 1024 3409 1096 σεαυτῷ
3464 1023 3654 1097 ὀργὴν,
3717 1026 3777 1077 ἑν

2177 1114 2361 1184 ἡμέρᾳ
2411 1116 2579 1186 ὀργῆς
2641 1119 2737 1171 καὶ
2785 1117 3183 1186 ἀποκαλύψεως
3229 1117 3325 1170 καὶ
3378 1114 3775 1186 δικαιοκρισίας

2175 1202 2270 1253 τού
2304 1203 2494 1258 Θεοῦ.»
2522 1205 2779 1260 Ἔλκουσι
2799 1208 2930 1278 γὰρ,
2954 1208 3031 1269 ὡς
3055 1207 3214 1276 ἔφην,
3239 1206 3395 1259 αὐτοὶ
3418 1205 3539 1259 καθ’
3566 1205 3773 1259 ἑαυτῶν

2174 1293 2268 1346 τὸν
2301 1295 2401 1365 τῆς
2435 1296 2710 1361 κολάσεως
2740 1299 2953 1371 καιρὸν,
2983 1298 3125 1369 τάχα
3146 1316 3249 1352 που
3285 1297 3768 1369 μικροψυχοῦντες,

2174 1384 2255 1437 ὅτι
2298 1385 2485 1454 μέλλει
2534 1388 2778 1453 κολάζων
2829 1391 3065 1453 αὐτοὺς,
3093 1390 3188 1443 καὶ
3234 1391 3311 1461 μὴ
3358 1389 3771 1461 πλημμελοῦσιν

2173 1477 2494 1542 ἀκαθέκτως
2527 1481 2765 1534 ἐπετίθει
2812 1483 2911 1546 τὰς
2959 1482 3403 1546 δίκας.”Ελκουσι
3445 1482 3622 1536 τοίνυν
3671 1482 3770 1546 τάς

2173 1570 2451 1640 ἁμαρτίας
2500 1572 2576 1635 ὼς
2629 1574 2825 1645 σχοίνῳ
2867 1576 3085 1645 μακρῷ,
3116 1576 3209 1628 καὶ
3254 1575 3329 1638 ὼς
3375 1575 3541 1642 ζυγοῦ
3587 1575 3769 1645 ἱμάντι

2171 1661 2458 1731 δαμάλεως
2504 1664 2605 1729 τὰς
2654 1667 3133 1740 ἀνομίας.Ὦσπερ
3178 1668 3288 1740 γὰρ
3333 1669 3433 1731 τάς
3481 1667 3766 1738 δαμάλεις,

2172 1755 2291 1826 ἤτοι
2326 1756 2423 1821 τὰς
2456 1756 2581 1827 βοῦς
2615 1760 2981 1832 ὑποφέροντες
3009 1764 3122 1823 τοῖς
3154 1761 3359 1830 ζυγοῖς,
3385 1760 3633 1813 ἕλκουσιν
3655 1758 3767 1813 ἐσθ’

486 1826 677 1881 dicunt
700 1828 947 1899 idemque
974 1836 1236 1890 sentiunt.
1261 1835 1376 1901 νω,
1400 1837 1591 1907 inquit,
1628 1841 2067 1901 desiderantibus

2171 1848 2261 1901 ὅτε
2291 1850 2388 1901 σὺν
2424 1826 2516 1921 βίᾳ
2540 1826 2858 1923 «allii,qu
2893 1826 3389 1921 καταδεσμεύουσιν
3424 1854 3505 1915 είς
3550 1851 3764 1915 πόνουςο

485 1918 626 1973 diem
646 1918 878 1987 Domini,
897 1934 951 1977 et
976 1924 1061 1977 illa
1088 1940 1169 1980 est
1196 1928 1370 1998 caligo
1393 1940 1447 1983 et
1470 1947 1576 1984 non
1603 1933 1717 2000 lux,
1744 1945 1799 1989 et
1821 1938 2067 2004 epacitas

483 2024 591 2065 non
641 2011 846 2068 habens
888 2015 1067 2070 lumen
1099 2034 1275 2073 suum.
1305 2020 1592 2087 Quocirca,
1623 2040 1743 2078 cum
1781 2026 1944 2080 Deum
1977 2030 2065 2083 of-

483 2101 697 2159 fensum
724 2121 844 2162 esse
874 2108 1247 2178 intelligimus,
1269 2112 1554 2169 confestim
1580 2118 1698 2171 duci
1731 2122 2066 2186 paenitudine

482 2206 720 2263 oportet,
753 2208 809 2251 et
841 2201 1090 2266 precibus
1120 2202 1360 2259 assiduis
1399 2205 1548 2259 illum
1583 2208 1832 2278 mitigare
1861 2214 2062 2280 potius,

480 2301 588 2339 non
640 2302 969 2345 comtnomm
1017 2293 1130 2362 jam
1180 2296 1424 2361 irritare,
1490 2315 1591 2355 nec
1639 2304 2063 2361 comminantem

483 2390 851 2436 contemnere.
902 2383 998 2439 Est
1039 2388 1183 2440 enim
1216 2388 1355 2443 lenis
1385 2401 1440 2444 et
1470 2393 1696 2447 multum
1730 2397 2063 2462 misericors.

479 2471 737 2530 auferens
771 2475 1113 2546 iniquitates,
1135 2489 1191 2534 et
1222 2497 1485 2552 superans
1514 2484 1829 2554 injustitias,
1852 2496 1908 2544 et
1931 2506 2065 2559 pau-

477 2564 558 2617 cis
593 2566 916 2637 quandoque
946 2568 1204 2641 lacrymis
1234 2575 1599 2640 peccantium,
1627 2577 1693 2629 ad
1732 2577 2066 2646 placabilita-

482 2667 587 2710 Iem
631 2660 1096 2733 serenitatentque
1126 2665 1225 2719 sibi
1264 2668 1630 2735 gratissimam
1668 2674 1987 2729 traducitur.

2168 1938 2260 1991 τὸν
2293 1941 2453 1993 αὑτὸν
2473 1980 2488 2004 ,
2520 1937 2673 2013 οἶμαι
2696 1982 2712 2005 ,
2741 1945 2942 2015 τρόπον
2976 1946 3218 1998 κάκεῖνοι
3241 1946 3354 2007 τοῖς
3392 1947 3457 1997 ἑκ
3490 1942 3641 2006 θείας
3673 1943 3769 2014 ὀρ-

2170 2029 2276 2097 γῆς
2314 2032 2786 2104 ἑπισυμϐήσεσθαι
2825 2035 3106 2106 μέλλουσιν
3146 2037 3373 2099 ἑαυτοὺς
3400 2037 3769 2109 ὑποφέροντες

2168 2122 2431 2192 ἔφασκον·
2461 2145 2480 2176 ι
2504 2127 2810 2197 Ἐγγισάτω
2833 2129 2893 2181 τὸ
2913 2130 3099 2199 τάχος,
3122 2128 3158 2183 ἃ.
3184 2130 3417 2197 ποιήσει,
3437 2128 3524 2181 ἵνα
3545 2128 3766 2196 ἴδωμεν,

2169 2217 2265 2270 καὶ
2295 2217 2497 2272 ἐλθέτω
2524 2223 2556 2292 ἡ
2592 2221 2756 2293 βουλὴ
2780 2222 2873 2275 τοῦ
2914 2224 3069 2292 ἁγίου
3112 2220 3329 2293 Ἰσραὴλ
3357 2221 3444 2274 ἵνα
3473 2219 3711 2290 γνῶμεν.
3742 2239 3762 2273 s

2168 2309 2340 2363 Τοῦτο
2378 2311 2637 2381 λέγοντας
2681 2316 2777 2367 καὶ
2814 2314 2957 2369 οῦτω
3008 2314 3423 2387 πεφρονηκότας
3454 2314 3551 2367 καὶ
3582 2314 3769 2385 ἕτερος

2167 2404 2276 2457 τῶν
2312 2406 2483 2473 ἁγίων
2518 2409 2815 2479 προφητῶν
2849 2409 3124 2474 ταλανίζει
3166 2410 3363 2477 λέγων·
3401 2408 3538 2461 Οὐαὶ
3566 2407 3616 2460 οἱ
3645 2408 3767 2459 ἑπι-

2167 2496 2469 2567 θυμοῦντες
2497 2500 2599 2572 τὴν
2623 2502 2837 2572 ἡμέραν
2870 2505 3102 2572 Κυρίουο
3131 2501 3226 2555 καὶ
3247 2500 3387 2571 α’ύτη
3413 2501 3529 2554 ἐστὶ
3555 2499 3763 2565 σκότος,

2170 2592 2267 2643 καὶ
2293 2592 2355 2644 ού
2387 2592 2524 2662 φῶς,
2560 2594 2653 2647 καὶ
2685 2594 2884 2664 γνόφος
2911 2596 3013 2648 ούκ
3041 2593 3179 2665 ἔχων
3203 2592 3403 2662 φέγγος
3434 2590 3617 2647 αὐτοῦ.
3647 2590 3766 2664 Χρὴ

2167 2682 2348 2737 τοίνυν
2390 2687 2760 2756 μανθάνοντας
2792 2689 2874 2742 ὅτι
2902 2687 3203 2757 λελύπηται
3235 2685 3390 2750 Θεὸς,
3426 2682 3766 2757 παραχρῆμα

478 2758 779 2825 μετανοεῖν,
811 2758 906 2811 καὶ
950 2759 1353 2832 ἀκαταλήκτοις
1401 2768 1735 2836 προσευχαῖς
1786 2770 2159 2839 μειλίσσεσθαι
2236 2780 2436 2849 μᾶλλον
2468 2783 2665 2849 αὑτὸν,
2732 2785 2792 2836 ού
2826 2784 3190 2854 παροτρύνειν
3248 2783 3331 2836 ἑτι
3360 2778 3762 2850 κεκινημένον·

473 2848 600 2902 οὔτε
637 2851 743 2922 μὴν
772 2852 1126 2919 ἀπειλοῦντος
1154 2860 1541 2927 καταφρονεῖνο
1583 2846 1939 2934 μακρόθυμος
1961 2868 2071 2938 γάρ
2103 2846 2247 2940 ἑστι,
2302 2876 2398 2928 xui.
2447 2846 2757 2944 πολυέλεος,
2824 2846 3119 2948 ἀποφέρων
3167 2879 3422 2950 ἀνομίας,
3457 2846 3574 2929 καί*
3597 2874 3766 2944 ὑπερ-

477 2939 679 2995 ϐαίνων
713 2942 926 3008 ἀδικίας
954 2963 967 2976 ·
998 2947 1093 3000 καὶ
1135 2952 1352 3020 μικροῖς
1396 2949 1512 3004 ἐσθ’
1558 2952 1645 3007 ὅτε
1683 2954 1940 3027 δακρύοις
1985 2958 2093 3013 τῶν
2130 2964 2535 3037 ἡμαρτηκότων
2590 2969 2683 3021 ἐπὶ
2885 2939 3036 3040 αὑτῶ
3071 2939 3764 3041 φιλαιτάτην-γαληνότητα

474 3034 896 3106 μεθιστάμενος.

553 3128 826 3194 \'sns.‘20,
873 3131 966 3186 21.
1022 3131 1109 3188 Va?
1152 3136 1448 3192 dicentibus
1497 3137 1697 3192 malum
1743 3140 1970 3206 bonum,
2017 3153 2065 3197 et

2244 3144 2388 3197 Οὐαὶ
2419 3146 2476 3198 οὶ
2502 3145 2786 3215 λέγοντες
2808 3145 2874 3199 τὸ
2906 3146 3176 3216 πονηρὸν
3200 3146 3415 3213 καλὸν,
3438 3146 3537 3201 καὶ
3563 3146 3631 3199 τὸ
3658 3164 3762 3202 κα-

477 3221 676 3277 bonum
706 3223 948 3291 malum;
982 3229 1071 3295 qui
1112 3242 1310 3295 ponunt
1343 3230 1581 3285 tenebras
1609 3232 1801 3296 lucem,
1828 3248 1873 3288 et
1897 3238 2068 3291 lucem

477 3316 859 3386 tenebras;qui
878 3329 1077 3387 ponunt
1099 3336 1341 3374 amarum
1365 3322 1539 3391 dulce,
1564 3336 1609 3378 et
1631 3328 1784 3381 dulce
1801 3345 2066 3388 amarum.

499 3404 584 3458 l'te
613 3405 696 3458 his
726 3408 818 3476 qui
857 3407 955 3461 sibi
1000 3410 1127 3478 ipsis
1178 3412 1418 3466 videntur
1454 3416 1746 3483 sapientes,
1790 3430 1841 3472 et
1888 3435 2067 3474 coram

479 3498 773 3564 semetipsis
797 3499 1075 3567 prudentes
1103 3512 1248 3557 sunt.

552 3587 874 3657 lnsipientes
919 3604 1042 3645 esse
1082 3592 1302 3645 omnino
1340 3608 1435 3649 eos
1476 3596 1641 3651 etiam
1693 3598 1842 3654 hisce
1885 3602 2068 3658 verbis

481 3682 691 3748 arguit,
731 3680 821 3748 qui
858 3690 1081 3749 peccata
1124 3684 1279 3751 quasi
1328 3685 1489 3756 longo
1515 3687 1628 3760 94
1660 3688 1905 3746 funiculo
1950 3702 2067 3748 tra-

478 3769 637 3835 hunt,
675 3770 811 3825 Cum
853 3772 997 3826 enim
1036 3774 1412 3841 paenitentiam
1453 3782 1602 3832 omni
1654 3781 1811 3837 laude
1850 3784 2065 3855 dignam

477 3860 812 3923 existimare,
831 3871 887 3914 et
916 3877 974 3916 se
993 3863 1061 3915 ab
1085 3863 1163 3915 ira
1198 3864 1544 3933 impendente
1571 3871 1740 3936 probe
1762 3888 1828 3927 ac
1857 3874 2067 3943 integre

477 3950 713 4005 vivendo
763 3966 1109 4017 conservare,
1153 3963 1208 4007 et
1256 3955 1369 4010 Deo
1419 3960 1779 4029 omnipotenti
1834 3963 2063 4031 offenso,

478 4054 641 4109 prece
666 4052 721 4095 et
748 4044 1162 4112 supplicatione,
1201 4062 1262 4101 se
1294 4051 1528 4117 probare
1561 4064 1882 4122 oporteret:
1910 4074 2067 4112 num-

480 4134 695 4188 ntularii
742 4137 968 4204 improbi
1014 4152 1330 4207 evaserunt,
1369 4145 1611 4213 turpiora
1659 4148 1712 4201 in
1750 4152 1928 4218 pretio
1968 4152 2066 4205 ha-

480 4229 691 4293 bentes,
710 4238 958 4284 notantes
978 4247 1110 4285 vero
1138 4245 1195 4287 ut
1216 4235 1584 4291 adulterinum
1611 4240 1748 4293 citra
1774 4242 2062 4299 discrimen

480 4316 532 4371 id
564 4319 707 4388 quod
740 4322 1102 4389 praestabilius
1128 4336 1233 4391 est,
1264 4336 1319 4380 et
1352 4329 1419 4380 ad
1446 4344 1599 4383 suam
1638 4331 1875 4399 ipsorum
1919 4336 2065 4389 salu-

481 4416 591 4461 tem
639 4408 1007 4465 utilissimum.
1038 4416 1305 4470 Convenit
1332 4432 1463 4488 ergo
1508 4420 1632 4485 hoc,
1669 4422 1759 4477 Ven
1801 4424 1928 4493 illis,
1984 4428 2064 4483 sie

478 4498 721 4569 allectis,
776 4503 904 4573 quia
962 4504 1014 4558 in
1070 4509 1280 4577 seipsos
1330 4509 1477 4580 impii
1535 4522 1589 4567 et
1644 4516 1795 4570 stulti
1848 4517 2062 4587 judices
2094 4495 2142 4555 ί)

479 4594 827 4649 exstiterunt.
854 4596 1067 4651 Etenim
1103 4615 1227 4653 cum
1268 4602 1467 4655 malum
1503 4604 1701 4659 bonum
1747 4622 1870 4663 esse
1915 4610 2060 4665 dice-

480 4695 624 4750 rent,
650 4696 705 4742 et
736 4691 989 4746 tenebras
1016 4690 1187 4746 lucem
1215 4693 1495 4760 ducerent,
1521 4709 1575 4751 et
1606 4714 1850 4754 amarum
1882 4703 2057 4770 dulce,

480 4787 536 4831 et
583 4779 739 4835 dulce
787 4796 1032 4837 amarum
1081 4785 1413 4842 afﬁrmarent
1446 4808 1458 4843 :
1493 4806 1728 4863 cumque
1772 4795 2062 4853 maluerint

482 4870 822 4928 calamitates
853 4874 975 4929 belli
1003 4878 1220 4943 subire,
1250 4896 1371 4933 cum
1408 4881 1608 4953 alioqui
1647 4885 1805 4942 facile
1840 4903 1869 4940 a
1900 4889 2059 4943 malis

482 4958 749 5019 immunes
777 4979 897 5019 esse
939 4969 1262 5036 potuissent,
1302 4975 1584 5041 repudiata
1614 4976 1778 5030 etiam
1819 4979 1932 5049 ipsa
1967 4996 2065 5049 per

480 5051 759 5110 Christum
797 5056 1178 5129 illustratione,
1210 5063 1261 5117 in
1291 5067 1533 5121 tenebris
1568 5080 1965 5126 remanserunt.
1996 5069 2065 5124 Et

484 5143 616 5200 dicit
660 5148 961 5217 propheta:
994 5170 1013 5203 ‹
1048 5153 1180 5207 Cum
1227 5168 1607 5226 exspectarent
1652 5161 1859 5227 lucem,
1906 5162 2064 5219 facta:

480 5245 612 5291 sunt
653 5238 757 5294 illis
809 5242 1078 5311 tenebras;
1130 5258 1517 5316 exspectantes
1571 5252 1952 5323 splendorem,
2010 5256 2065 5309 in

482 5330 716 5400 caligine
765 5337 1140 5393 versabantur.
1188 5359 1207 5393 ι
1260 5342 1340 5395 Ad
1394 5357 1513 5398 eam
1558 5359 1686 5401 vero
1734 5346 2065 5418 impietatem

482 5424 763 5493 animique
793 5424 1167 5486 eﬂ‘erationem
1198 5433 1468 5502 provoluti
1502 5448 1650 5504 sunt,
1680 5446 1739 5493 ut
1776 5450 2067 5509 quantum-

483 5516 568 5569 vis
603 5516 696 5571 Dei
726 5515 1031 5574 clementiae
1061 5520 1286 5593 ejusque
1314 5527 1426 5597 spei
1462 5527 1811 5585 dulcissimus
1854 5532 2065 5589 fructus

482 5605 592 5662 illis
625 5608 935 5678 propositus
967 5623 1143 5681 esset,
1179 5631 1460 5688 [uenarum
1495 5630 1675 5680 tamen
1706 5623 1808 5696 ipsi
1845 5626 2057 5684 acerbi-

570 5762 621 5796 "
655 5762 813 5821 Rom.
854 5782 915 5838 tt,
949 5768 1002 5838 4,
1054 5768 1109 5823 5.

2170 3234 2287 3287 λόν
2319 3236 2608 3304 πονηρὸν,
2643 3239 2698 3290 οἱ
2735 3237 2999 3304 τιθέντες
3028 3238 3095 3291 τὸ
3119 3239 3341 3302 σκότος
3379 3237 3524 3307 φῶς,
3551 3238 3652 3292 καὶ
3694 3240 3765 3295 τὸ

2171 3321 2299 3392 φῶς
2327 3326 2569 3391 σκότος,
2598 3329 2651 3379 οἱ
2692 3325 2954 3393 τιθέντες
2982 3326 3047 3380 τὸ
3076 3326 3291 3396 πικρὸν
3316 3328 3534 3396 γλυκὺ,
3566 3327 3666 3383 καί
3695 3330 3761 3384 τὸ

2169 3416 2367 3486 γλυκὺ
2409 3419 2644 3485 πικρόν.
2675 3418 2822 3473 Οὐαὶ
2871 3422 2925 3473 οἱ
2972 3419 3217 3473 συνετοὶ
3252 3419 3322 3474 ἐν
3362 3418 3623 3488 ἑαυτοῖς,
3663 3419 3763 3476 και

2169 3509 2435 3563 ἐνώπιον
2460 3510 2692 3564 ἑαυτῶν
2715 3511 3144 3581 ἐπιστήμονες.

2256 3602 2573 3664 Ἀσυνέτους
2594 3602 2758 3665 ὄντας
2781 3602 3061 3666 παντελῶς
3089 3604 3183 3657 καὶ
3208 3604 3299 3659 διὰ
3324 3604 3528 3659 τούτων
3548 3604 3761 3677 ἐλέγχει

2169 3695 2296 3756 τοὺς
2325 3693 2424 3757 τάς
2456 3694 2733 3765 ἁμαρτίας
2764 3696 3186 3764 ἑπισπωμένους
3205 3696 3281 3760 ὡς
3302 3698 3520 3769 σχοινίῳ
3546 3698 3759 3769 μακρῷ.

2168 3786 2299 3836 Δέον
2333 3785 2445 3855 γὰρ
2468 3784 2689 3837 ἐπαίνου
2718 3784 2920 3848 παντὸς
2940 3783 3127 3851 ἀξιοῦν
3147 3786 3208 3838 τὸ
3232 3786 3430 3857 χρῆναι
3456 3789 3759 3858 μετανοεῖν,

2170 3876 2264 3927 καὶ
2306 3876 2393 3928 διὰ
2448 3876 2631 3947 πάσης
2663 3875 2963 3939 ἐπιεικείας
3004 3876 3368 3931 ἀπαλλάττειν
3398 3880 3623 3941 ἑαυτοὺς
3662 3882 3760 3952 τῆς

2169 3967 2273 4037 ὲπη
2282 3985 2380 4038 ρτη
2391 3968 2556 4039 μένης
2584 3969 2778 4040 ὀργῆς,
2812 3969 2906 4021 καὶ
2930 3972 3049 4033 ταῖς
3075 3971 3353 4040 νηστείαις
3375 3972 3761 4039 ἀπολογεῖσθαι

2167 4056 2527 4127 λελυπημένῳ
2580 4056 2659 4127 τῷ
2706 4058 2923 4111 πάντων
2978 4058 3266 4129 κρατοῦντι
3312 4060 3467 4130 Θεῷ·
3510 4061 3759 4130 ἀδόκιμοι

2168 4148 2426 4217 γεγόνασι
2456 4146 2802 4218 τραπεζῖται,
2830 4147 3102 4218 τιμῶντες
3126 4149 3223 4219 μὲν
3251 4148 3319 4202 τὰ
3341 4150 3559 4219 αἰσχίω,
3586 4168 3759 4204 κατα-

2168 4240 2579 4311 κιὸδηλεύοντες
2613 4240 2671 4293 δὲ
2715 4239 2778 4293 τὸ
2810 4241 3160 4312 ἀσυγκρίτως
3190 4241 3436 4311 ἄμεινον,
3466 4242 3558 4295 καὶ
3591 4243 3651 4296 τὸ
3677 4244 3758 4295 ὅτι

2170 4333 2409 4404 μάλιστα
2454 4331 2732 4395 λυσιτελὲς
2778 4332 2857 4396 εἰς
2903 4332 3179 4404 σωτηρίαν
3223 4332 3425 4395 αὐτοῖς.
3462 4333 3668 4404 Πρέπει
3691 4333 3757 4404 δὴ

2167 4422 2261 4479 οῦν
2316 4425 2426 4495 ἄρα.
2475 4427 2586 4487 τοῖς
2635 4423 2776 4477 οὕτω
2827 4424 3197 4495 πεφρονηκόσι
3249 4423 3310 4477 τὸ
3362 4424 3757 4479 ούαί.Ἀνόσιοι

2168 4518 2277 4591 γὰρ
2338 4518 2432 4571 καὶ
2475 4518 2724 4571 ἀσύνετοι
2770 4516 2892 4570 καθ’
2932 4517 3141 4570 ἑαυτῶν
3181 4518 3437 4585 γεγόνασι
3482 4518 3755 4573 δικασταί.

2170 4612 2245 4664 Τὸ
2276 4612 2374 4682 μὲν
2403 4610 2511 4682 γὰρ
2542 4610 2776 4681 πονηρὸν
2802 4609 2967 4663 καλὸν
2999 4604 3139 4663 εἶναι
3168 4608 3440 4679 λέγοντες,
3466 4611 3759 4681 καταλογι-

2170 4700 2389 4777 ζόμενοι
2421 4704 2481 4755 τὸ
2509 4702 2699 4765 σκότος
2728 4703 2864 4771 φῶς,
2900 4702 2995 4754 καὶ
3019 4702 3082 4754 τὸ
3115 4702 3213 4773 μὲν
3245 4702 3443 4772 πικρὸν
3475 4704 3670 4771 γλυκὺ,
3697 4704 3759 4758 τὸ

2169 4796 2228 4848 δὲ
2270 4795 2442 4865 γλυκὺ
2478 4794 2673 4865 πικρὸν
2710 4791 2851 4848 εἶναι
2879 4793 3381 4864 διαϐεϐαιούμενοι,
3425 4794 3515 4847 διά
3559 4812 3623 4864 γε
3661 4792 3756 4849 τοῦ

2172 4889 2369 4942 παθεῖν
2395 4888 2611 4941 ἑλέσθαι
2650 4888 2748 4951 τὰς
2793 4890 2859 4940 ἑκ
2889 4886 2984 4939 τοῦ
3014 4886 3252 4957 πολέμου
3280 4886 3564 4958 συμφορὰς
3586 4928 3601 4954 ,
3635 4889 3758 4942 καί·

2170 4997 2255 5034 τοι
2290 4981 2451 5052 μετὸν
2494 4980 2734 5043 εὐκόλως
2774 4978 2878 5044 ἔξω
2923 4978 3178 5048 γενέσθαι
3223 4978 3315 5031 τοῦ
3369 4977 3539 5032 κακοῦ
3562 5017 3579 5042 ,
3615 4994 3759 5049 παρ-

2170 5073 2443 5144 ωσάμενοι
2475 5073 2534 5126 δὲ
2570 5073 2665 5125 καῖ¹
2706 5072 2871 5125 αὐτὸν
2916 5072 3008 5125 τὸν
3055 5070 3143 5124 διά
3175 5068 3415 5141 Χριστοῦ
3448 5071 3755 5143 φωτισμὸν,

2175 5166 2550 5236 μεμενήκασιν
2584 5166 2641 5217 ἑν
2684 5164 2881 5235 σκότῳ.
2911 5165 3022 5217 Καὶ
3057 5164 3111 5216 τί
3142 5180 3306 5235 φησιν
3351 5165 3380 5216 ὁ
3432 5165 3755 5237 προφήτης;

2172 5275 2191 5310 ι
2214 5258 2655 5328 ’Υπομεινάντων
2688 5256 2804 5325 φῶς
2832 5256 3051 5325 ἐγένετο
3079 5255 3265 5320 αὐτοῖς
3291 5256 3508 5320 σκότος’
3540 5256 3758 5326 μείναν-

2163 5368 2257 5414 τες
2289 5352 2464 5421 αύγὴν
2499 5352 2557 5403 ἑν
2586 5349 2777 5421 σκοτίᾳ
2807 5348 3240 5421 περιεπάτησαν.
3270 5366 3289 5400 ι
3324 5347 3676 5403 Κατώλισθον
3698 5346 3758 5400 δὲ

2162 5441 2482 5505 δυσϐουλίας
2514 5443 2594 5505 εἰς
2629 5440 2790 5495 τοῦτο
2828 5442 2924 5494 καὶ
2954 5439 3167 5512 φρενῶν
3197 5440 3521 5512 ἀγριότητος
3541 5478 3558 5502 ,
3610 5437 3754 5493 ὥστε

2164 5535 2259 5591 καὶ
2291 5533 2660 5606 προκειμένης
2702 5532 2885 5597 αὐτοῖς
2918 5534 2998 5597 είς
3026 5533 3326 5587 ἀπόλαυσιν
3356 5533 3455 5604 τῆς
3482 5530 3756 5604 ἡμερότη-

2168 5643 2261 5691 τος
2301 5625 2395 5681 τοῦ
2443 5624 2600 5692 Θεοῦ,
2632 5627 2727 5680 καὶ
2772 5626 2872 5696 τῆς
2916 5624 3165 5681 ἐντεῦθεν
3210 5624 3469 5697 γλυκείας
3517 5623 3751 5691 ἐλπίδος,
