4152 6366
379 398 477 454 ili!

1532 391 1595 447 IN
1636 391 1870 448 lSAIAM
1911 391 2041 447 LIB.
2084 396 2127 450 Ι.
2169 394 2378 453 ΟΒΛΤ.
2419 396 2509 453 ιν.

3539 402 3645 456 162

375 521 579 573 εἴλοντο
613 514 815 588 μᾶλλον
848 514 1002 569 αὐτοὶ
1028 512 1126 579 τὰς
1151 512 1218 566 ἐκ
1247 511 1340 565 τοῦ
1365 512 1688 578 κολάζεσθαι
1712 513 1958 584 πικρίας,

2070 521 2233 568 tatem
2278 516 2588 584 elegerunt,
2623 525 2678 570 et
2724 515 2809 572 bis
2851 514 3187 586 gravissimis
3222 515 3436 585 quidem
3484 519 3642 571 malis

377 613 472 665 καὶ
499 612 611 672 τοῖς
646 607 792 661 οὕτω
822 607 1017 670 δεινοῖς
1050 604 1412 676 ἐκτρύχεσθαι
1451 607 1661 668 κακοῖς.
1697 604 1970 657 Πεπονθέ-

375 720 462 755 ναι
493 700 551 753 δὲ
578 699 737 752 τοῦτό
765 715 929 769 φησιν
959 696 1178 759 αὐτοὺς,
1208 698 1291 749 ὅτι
1322 695 1607 763 γεγόνασιν
1654 698 1711 748 ἐν
1757 696 1971 757 ἑαυτοῖς

378 792 609 857 συνετοὶ,
666 792 761 843 καὶ
809 788 1040 841 ἐνώπιον
1090 787 1300 841 ἑαυτῶν
1347 786 1969 857 ἐπιστήμονες.’Δληθὲς

380 886 458 938 ὅτι
482 884 624 936 κατά
638 884 734 952 τὴν
755 881 847 935 τοῦ
868 883 945 934 Πα
958 878 1273 951 ροιμιαστοῦ
1295 880 1501 950 φωνὴν,
1521 899 1538 930 ι
1563 878 1970 948 Ἀνεξέλεγκτος

382 978 540 1046 σοφία
563 976 855 1029 πλανᾶται.
886 994 903 1025 ι
925 974 1184 1044 Φορτικὸν
1204 973 1261 1026 δὲ
1287 974 1380 1025 καί
1402 973 1694 1043 ἐπιζήμιον
1724 972 1785 1025 τὸ
1814 989 1969 1042 περι-

380 1069 692 1133 αυτίζεσθαι
726 1069 904 1137 φιλεῖν
937 1069 1051 1129 τοῖς
1084 1065 1243 1119 τοῦτο
1281 1066 1415 1136 δρᾷν
1441 1065 1657 1118 εἰωθόσι
1679 1106 1693 1131 ,
1718 1064 1810 1117 καὶ
1836 1066 1970 1118 ἀπο-

380 1162 573 1214 διδόναι
602 1160 739 1231 μόνῃ
768 1162 833 1229 τῇ
876 1158 983 1229 ίδία
1009 1157 1202 1229 γνώμῃ
1234 1158 1294 1210 τὸ
1322 1158 1500 1211 δοκεῖν
1521 1158 1719 1211 εἰδέναι
1742 1158 1801 1211 τὸ
1824 1158 1969 1227 ὠφε-

380 1252 521 1305 λοῦν.
553 1250 708 1304 Οῦτω
742 1251 835 1303 καὶ
869 1249 1107 1320 Γράμμα
1138 1250 1300 1318 φησὶν
1336 1249 1479 1317 ἱερόν
1503 1266 1518 1279 ·
1565 1247 1625 1300 Ὀ
1651 1249 1707 1301 δὲ
1752 1248 1968 1302 κατοιό-

385 1361 541 1413 μενος
569 1344 663 1396 καὶ
701 1341 1120 1412 καταφρονητὴς
1170 1341 1310 1411 ἀνὴρ
1354 1339 1571 1404 ἀλαζὼν
1602 1341 1753 1393 οὐδὲν
1787 1340 1846 1392 ού
1892 1340 1967 1411 μὴ

381 1435 613 1505 περάνῃ.
648 1433 863 1504 Ταύτην
897 1432 1113 1502 ἔχοντες
1148 1432 1246 1502 τὴν
1276 1432 1589 1503 ἀρρωστίαν
1627 1433 1706 1494 είς
1728 1432 1852 1485 νοῦν
1873 1432 1969 1485 καὶ

384 1529 615 1598 καρδίαν
660 1529 707 1579 οἱ
744 1526 850 1579 τῶν
881 1526 1153 1578 Ἰουδαίων
1186 1524 1521 1594 καθηγηταὶ,
1555 1523 1653 1586 τὰς
1686 1523 1837 1594 παρά
1873 1523 1965 1575 τοῦ

386 1619 638 1690 Σωτῆρος
684 1620 781 1671 οὐκ
818 1618 1061 1686 ἐδέχοντο
1096 1613 1616 1687 συμϐουλάςῘΗσαν
1645 1617 1773 1687 γὰρ,
1803 1612 1965 1687 ἦσαν,

387 1713 487 1764 ούκ
535 1710 761 1763 ἐνώπιον
799 1711 1004 1781 Κυρίου
1060 1710 1282 1780 μᾶλλον,
1335 1709 1451 1763 ἀλλ’
1484 1709 1712 1763 ἐνώπιον
1761 1709 1967 1762 ἑαυτῶν

383 1796 757 1873 ἐπιστήμονες,
800 1801 1204 1873 ἐξοφρυώμενοι
1236 1803 1333 1872 μὲν
1360 1804 1451 1853 καὶ
1476 1802 1617 1871 μέγα
1646 1801 1968 1871 φρονοῦντες

2070 605 2311 660 divexari
2344 606 2669 663 maluerunt.
2717 609 2881 676 quue
2913 616 3195 676 propterea
3236 607 3344 661 illis
3381 611 3647 664 accidisse

2068 697 2165 760 ait,
2197 700 2341 767 quod
2384 700 2522 768 apud
2562 700 2769 770 seipsos
2818 700 3114 770 sapientes,
3148 709 3205 755 et
3237 700 3290 754 in
3322 700 3496 756 oculis
3535 705 3646 757 suis

2070 791 2362 858 prudentes
2393 793 2720 845 viderentur.
2746 791 2895 859 Quod
2924 791 3142 860 quidem
3169 806 3355 846 verum
3384 803 3487 857 est,
3518 797 3648 861 quia

2064 880 2218 949 juxta
2248 878 2618 935 Partemiastaa
2645 896 2833 935 vocem
2858 883 2905 913 ⁸⁸
2940 900 2952 934 :
2995 899 3013 933 ι
3044 882 3323 952 Sapientia
3355 884 3648 953 reprelien-

2068 973 2237 1027 sionis
2268 974 2579 1043 impatiens,
2597 984 2763 1027 errat.
2796 993 2815 1025 ι
2838 974 2905 1027 Et
2930 974 3028 1028 sibi
3063 976 3341 1042 przclidere
3368 975 3565 1037 solere,
3589 984 3648 1029 et

2070 1076 2133 1114 ex
2164 1076 2263 1115 suo
2303 1063 2529 1117 arbitrio
2564 1064 2878 1132 judicioque
2922 1063 3061 1127 solo,
3087 1065 3217 1133 quid
3261 1064 3391 1118 utile
3421 1065 3644 1130 cognitu

2068 1153 2158 1216 sit,
2184 1153 2472 1222 explicare,
2504 1156 2554 1209 id
2580 1170 2741 1225 grave
2765 1165 2848 1209 est
2879 1166 2933 1210 et
2975 1157 3337 1225 perniciosum
3361 1157 3448 1212 his
3472 1158 3565 1228 qui
3592 1160 3648 1212 id

2070 1246 2254 1299 facere
2308 1258 2727 1304 consueverunt.
2788 1249 2881 1303 Sic
2930 1249 3094 1303 etiam
3148 1264 3302 1304 sacra
3363 1250 3646 1321 Scriptura

2069 1338 2244 1407 inquit
2274 1356 2286 1391 :
2317 1338 2557 1393 lnsolens
2584 1348 2638 1393 et
2675 1350 3015 1407 contemptor
3037 1356 3101 1395 ac
3132 1343 3218 1395 vir
3246 1358 3504 1414 arrogans
3537 1357 3645 1396 non

2071 1431 2342 1499 proliciet.
2377 1432 2509 1486 Cum
2550 1432 2652 1486 hoc
2690 1433 2853 1486 animi
2891 1434 3076 1488 morbo
3106 1434 3646 1490 laborarentJudzeo-

2071 1538 2188 1577 rum
2232 1527 2419 1591 duces,
2455 1524 2683 1579 consilio
2732 1523 3042 1581 Servatoris
3094 1542 3200 1581 non
3235 1528 3643 1596 acquieverunt.

2067 1613 2238 1669 Erant
2265 1617 2434 1681 enim,
2463 1626 2621 1671 erant
2660 1620 2975 1686 prudentes,
3021 1633 3127 1673 non
3156 1620 3296 1689 apud
3335 1618 3650 1683 Dominum,

2068 1706 2159 1760 sed
2202 1707 2341 1775 apud
2381 1722 2460 1772 se,
2503 1707 2791 1778 supercilia
2827 1708 3093 1772 tollentes,
3140 1716 3196 1761 et
3226 1707 3333 1760 alte
3371 1708 3650 1775 sapientes

2070 1808 2290 1866 propter
2329 1798 2634 1851 divinarum
2682 1798 2858 1868 legum
2908 1799 3216 1863 scientiam,
3257 1812 3380 1851 cum
3423 1797 3655 1851 omnim:

380 1898 471 1949 ἐπὶ
519 1900 585 1967 τῇ
630 1896 739 1948 τῶν
787 1896 951 1948 θείων
995 1896 1197 1967 είδήσει
1239 1898 1438 1966 νόμων,
1481 1898 1779 1965 ἐγνωκότες
1812 1896 1868 1949 δὲ
1908 1897 1965 1950 τὸ

2071 1889 2203 1942 nihil
2251 1889 2528 1944 sciverint.
2579 1888 2718 1944 Caici
2753 1891 2895 1945 enim
2940 1899 3115 1953 erant,
3150 1890 3302 1960 juxta
3340 1887 3653 1943 Servatorio

381 1985 601 2055 σύμπαν
628 1985 803 2037 οὐδέν.
833 1984 1035 2053 Τυφλοὶ
1063 1986 1166 2056 γὰρ
1190 1981 1329 2055 ἦσαν
1356 1986 1571 2055 τυφλῶν
1598 1986 1801 2056 ὁδηγοὶ,
1828 1986 1967 2039 κατά

378 2078 477 2147 τὴν
504 2076 669 2130 αὐτοῦ
695 2077 788 2129 τοῦ
819 2078 1075 2147 Σωτῆρος
1108 2078 1312 2148 φωνήν.

453 2172 595 2226 Οὐαί
624 2175 678 2225 oi
715 2174 1033 2241 ισχύοντες
1060 2171 1247 2241 ὑμῶν,
1272 2174 1327 2224 οἱ
1355 2172 1461 2225 τὸν
1480 2168 1646 2225 οἶνον
1666 2172 1963 2234 πίνοντες.

380 2265 479 2320 καὶ
516 2267 568 2319 οἱ
605 2264 900 2319 δυνασταὶ
942 2266 996 2317 οὶ
1036 2264 1437 2332 κεραννύντες
1488 2263 1554 2316 τὸ
1606 2265 1819 2330 σίκερα
1844 2281 1857 2294 -
1912 2264 1966 2315 οὶ

381 2355 757 2420 δικαιοῦγτες
798 2355 907 2407 τὸν·
952 2353 1142 2421 ἀσεϐῆ
1171 2354 1349 2407 ἕνεκα
1383 2353 1604 2422 δώρων,
1648 2353 1743 2406 καὶ
1776 2353 1843 2405 τὸ
1875 2350 1967 2405 δί-

382 2466 556 2502 καιον
577 2446 680 2501 τοῦ
708 2446 945 2501 δικαίου
973 2447 1269 2515 αἴροντες.

455 2540 519 2592 υἱ
547 2544 646 2610 τῆς
692 2539 959 2592 Ἰουδαίων
997 2538 1322 2608 συναγωγῆς
1355 2537 1635 2608 ἁδρότεροι
1663 2554 1722 2590 τε
1755 2537 1847 2589 καὶ
1874 2536 1966 2589 εύ-

383 2627 718 2700 κλεέστεροι,
740 2628 836 2681 καὶ
858 2629 917 2681 τὸ
945 2627 1202 2699 προύχειν
1227 2627 1335 2680 τῶν
1362 2627 1534 2680 ἄλλων
1560 2630 1617 2680 ἐν
1636 2627 1836 2698 είδήσει
1858 2628 1966 2679 τῶν

385 2720 546 2772 θείων
579 2721 795 2790 ἔχοντες
834 2719 1036 2787 νόμων,
1074 2720 1169 2771 καὶ
1203 2719 1301 2781 τὰς
1331 2716 1462 2789 παρ’
1494 2718 1680 2779 αὐτοῖς
1710 2716 1968 2785 ποιούμε-

383 2828 465 2866 νοι
494 2808 1083 2882 κρίσεις,διε6έ6ληντο
1112 2809 1253 2872 λίαν,
1285 2808 1361 2871 ὼς
1389 2808 1661 2877 ἄπληστον
1692 2809 1770 2870 είς
1802 2807 1968 2876 δωρο-

380 2901 565 2953 δοκίαν
587 2899 918 2960 ἐκτείνοντες
950 2900 1108 2968 χεῖρα
1130 2937 1143 2958 ,
1178 2898 1271 2951 καὶ
1301 2900 1413 2958 τοῖς
1443 2897 1647 2949 ἀδικεῖν
1694 2895 1968 2949 ἐθέλουσιν

381 2993 645 3059 ἀδελφοὺς
685 2989 783 3060 τὴν
819 2991 947 3060 παρ’
988 2988 1195 3041 ἑαυτῶν
1228 2988 1463 3050 εὐκόλως
1519 2986 1967 3050 καταπωλοῦντες

380 3085 561 3155 ψῆφον
586 3100 600 3114 ·
626 3084 800 3136 καίτοι
828 3081 920 3135 τοῦ
955 3083 1118 3151 νόμου
1154 3081 1401 3148 λέγοντος
1422 3079 1662 3150 ἐναργῶς
1682 3097 1695 3109 ’
1739 3098 1756 3129 ⁴
1780 3078 1969 3149 κρίμα

379 3172 591 3225 δίκαιον
634 3172 876 3242 κρίνατε.
912 3190 930 3221 ι
962 3172 1084 3223 Ὅτι
1108 3170 1163 3222 δέ
1191 3172 1340 3223 ἐστιν
1374 3169 1569 3238 ἀληθὲς
1613 3171 1641 3222 ὃ
1685 3186 1847 3239 φημι,
1879 3186 1967 3220 πι-

2066 1995 2277 2045 vocem,
2308 1979 2474 2035 duces
2499 1995 2790 2035 caecorum.

2138 2177 2304 2231 Vsus.
2328 2176 2418 2242 22,
2448 2178 2538 2233 25.
2608 2176 2694 2232 Va
2737 2179 2817 2232 his
2848 2181 2936 2249 qui
2972 2180 3106 2232 inter
3150 2197 3235 2234 vos
3268 2181 3473 2233 robusti
3522 2192 3649 2233 sunt

2066 2268 2136 2321 ad
2158 2270 2430 2322 bibendum
2452 2273 2652 2332 uinum,
2677 2279 2723 2323 et
2747 2270 2907 2323 validi
2934 2272 3001 2325 ad
3026 2272 3347 2325 miscendam
3377 2274 3599 2326 siceram
3626 2287 3649 2327 :

2066 2362 2154 2429 qui
2173 2360 2469 2431 justiﬁcant
2512 2362 2726 2429 impium
2772 2371 2985 2433 propter
3026 2379 3262 2428 munera,
3297 2371 3346 2416 et
3376 2363 3648 2433 justitiam

2058 2454 2199 2521 justi
2229 2452 2416 2505 tollunt
2441 2454 2504 2508 ab
2531 2469 2612 2506 eo.

2137 2540 2408 2595 Primores
2441 2551 2495 2596 et
2561 2542 2877 2597 nobilissimi
2940 2541 3177 2600 Judaicze
3228 2544 3546 2617 Synagogze,
3593 2555 3648 2602 et

2067 2633 2158 2702 qui
2198 2634 2340 2686 inter
2364 2633 2497 2686 alios
2522 2634 2831 2703 cognitione
2866 2634 3173 2687 divinarum
3199 2636 3375 2705 legum
3432 2638 3643 2692 emine-

2070 2724 2559 2792 bant,ju‘diciaqne
2608 2726 2746 2793 apud
2798 2739 2893 2779 eos
2929 2724 3037 2794 95
3083 2727 3427 2791 exercebant,
3467 2729 3649 2798 gravi.

2070 2823 2153 2867 ter
2186 2812 2344 2881 hujus
2374 2812 2621 2866 criminis
2649 2814 3085 2877 arcessebantur,
3134 2815 3287 2882 quasi
3347 2817 3413 2868 ad
3484 2816 3647 2884 largi.

2072 2902 2246 2956 tiones
2304 2902 2647 2971 accipiendas
2680 2903 3053 2972 inexplebilem
3084 2921 3299 2957 manum
3346 2909 3648 2963 extenden-

2071 3003 2169 3056 tes,
2190 3004 2244 3046 et
2272 2993 2467 3060 quibus
2492 2993 2706 3047 animus
2729 3002 2847 3048 erat
2876 2995 3129 3066 injuriam
3161 2996 3341 3052 facere
3366 2998 3648 3065 fratribus,

2069 3085 2153 3138 his
2177 3084 2337 3138 facile
2386 3100 2541 3139 suum
2571 3084 2883 3155 suffragium
2926 3089 3242 3155 vendentes,
3322 3090 3449 3145 licet
3500 3091 3647 3145 clare

2070 3177 2215 3228 dicat
2258 3177 2378 3228 lex:
2416 3194 2433 3227 ι
2468 3175 2737 3230 Judicium
2763 3178 2968 3244 justum
3006 3179 3245 3246 jndicate
3273 3182 3339 3233 ⁸⁷.
3384 3200 3403 3233 ι
3439 3181 3643 3236 Verum

382 3265 649 3318 στώσεται
699 3264 874 3331 λέγων
924 3265 951 3315 ὁ
999 3264 1285 3332 προφήτης
1336 3262 1692 3331 Ἀμὸακούμ·
1749 3280 1768 3311 ‹
1820 3262 1964 3325 Ἕως

2067 3281 2185 3320 esse
2210 3268 2349 3334 quod
2390 3268 2511 3321 dico
2540 3270 2883 3322 conﬁrmabit
2908 3272 3175 3340 propheta
3215 3271 3511 3335 Habacum,
3560 3276 3645 3329 tli-

378 3356 545 3421 τίνος,
588 3356 780 3426 Κύριε,
814 3353 1172 3425 κεκράξομαι,
1210 3355 1300 3406 καὶ
1334 3355 1431 3405 οὐκ
1462 3354 1793 3425 εἰσακούσῃ;
1840 3353 1965 3424 βοή-

2066 3375 2235 3413 cens:
2273 3378 2292 3411 ι
2332 3359 2624 3429 Quousque
2677 3361 2945 3426 clamabo,
2981 3375 3037 3417 et
3064 3379 3168 3417 non
3195 3367 3491 3419 exaudies?
3544 3382 3643 3420 vo-

380 3467 546 3521 σομαι
596 3449 730 3519 πρὸς
769 3448 826 3500 σὲ
861 3449 1235 3517 ἀδικούμενος,
1277 3448 1371 3499 καὶ⁹
1402 3448 1462 3498 ού
1496 3444 1728 3512 σώσεις;
1766 3448 1883 3498 Ἵνα
1912 3447 1963 3498 τί

2066 3450 2334 3505 citerabor
2377 3451 2441 3503 ad
2489 3462 2538 3505 te
2579 3452 2683 3503 vim
2736 3453 2967 3521 patiens,
3041 3465 3096 3508 et
3167 3471 3271 3510 non
3360 3458 3649 3511 servabis?

376 3543 589 3606 ἐδειξάς
630 3558 718 3613 μοι
752 3542 953 3603 κόπους
981 3541 1074 3593 καὶ
1104 3539 1320 3603 πόνους,
1346 3539 1659 3592 ἐπιϐλέπειν
1691 3539 1965 3592 ταλαιπω-

382 3635 506 3705 ρίαν
536 3634 630 3687 καὶ
658 3633 946 3695 ἀσέϐειαν;
980 3632 1069 3698 Ἐξ
1103 3632 1349 3693 ἐναντίας
1387 3648 1487 3701 μου
1523 3630 1713 3698 γέγονε
1747 3631 1961 3701 κρίσις,

378 3729 474 3780 καὶ
498 3728 527 3778 ό
550 3727 742 3796 κριτὴς
767 3725 1050 3794 λαμὸἀνει.
1074 3724 1174 3777 Διὰ
1197 3724 1356 3776 τοῦτο
1376 3723 1746 3776 διεσκέδασται
1768 3724 1959 3792 νόμος,

378 3822 475 3871 καὶ
508 3820 566 3871 ού
601 3817 907 3885 διεξάγεται
934 3820 1013 3879 είς
1043 3816 1192 3878 τέλος
1223 3815 1397 3887 κρίμα
1421 3855 1435 3877 ,
1470 3817 1551 3868 ὅτι
1581 3815 1780 3885 ἀσεϐὴς
1803 3831 1965 3868 κατα-

374 3911 692 3965 δυναστεύει
717 3911 810 3963 τὸν
836 3910 1270 3964 δίκαιον.”Ενεκα
1308 3909 1496 3961 τούτου
1536 3907 1872 3973 ἐξελεύσεται
1902 3906 1965 3959 τὸ

378 4005 556 4076 κρίμα
600 4003 1050 4073 διεστραμμένον.
1084 4020 1102 4052 ι
1140 4002 1249 4054 Καὶ
1280 4000 1439 4061 αὐτὸς
1482 3999 1540 4052 δέ
1587 3998 1690 4051 πού
1743 4015 1905 4069 φησιν
1935 3999 1963 4051 ό

378 4097 668 4158 θεσπέσιος
707 4096 936 4156 Ἡσαΐας
964 4092 1101 4163 πρὸς
1148 4093 1248 4163 τὴν
1281 4090 1652 4161 Ἰερουσαλὴμ,
1704 4092 1822 4163 ἤτοι
1865 4090 1963 4161 τὴν

376 4188 519 4241 Σιών
544 4206 555 4217 ·
601 4207 619 4237 ‹
650 4188 713 4238 Οί
747 4184 1006 4256 ἄρχοντές
1050 4200 1145 4236 σου
1182 4182 1517 4245 ἀπειθοῦσιν,
1552 4184 1796 4236 κοινωνοὶ
1840 4183 1965 4236 κλε-

374 4279 552 4345 πτῶν,
585 4278 908 4346 ἀγαπῶντες
937 4277 1104 4347 δῶρα,
1132 4274 1420 4337 διώκοντες
1447 4275 1794 4344 ἀνταπόδομα
1822 4291 1834 4303 ·
1867 4274 1961 4345 ὀρ-

375 4374 566 4442 φανοῖς
591 4372 652 4423 ού
684 4370 980 4441 κρίνοντες,
1008 4368 1103 4422 καὶ
1145 4367 1323 4439 κρίσει
1366 4368 1542 4437 χήρας
1570 4367 1629 4417 οὐ
1671 4366 1963 4436 προσέχον-

371 4483 488 4528 τες.
524 4483 543 4516 ι
590 4463 776 4516 Ταῦτα
821 4462 878 4515 δὲ
936 4461 1105 4533 ἔδρων
1148 4459 1390 4530 αίσχρῶν
1448 4459 1750 4530 λημμάτων
1789 4457 1965 4529 ἡττῶ-

2064 3542 2242 3607 Qnare
2258 3542 2539 3596 ostendisti
2578 3542 2708 3596 mihi
2743 3544 2954 3599 labores
2977 3554 3029 3598 et
3054 3546 3268 3601 dolores
3323 3558 3382 3601 ut
3409 3549 3642 3602 viderem

2064 3634 2339 3687 miseriam
2386 3645 2435 3686 et
2496 3635 2866 3702 impietatem?
2914 3636 3113 3691 Contra
3146 3653 3232 3692 Ine
3297 3638 3497 3693 factum
3559 3651 3646 3695 est

2058 3722 2345 3788 judicium,
2373 3732 2429 3778 et
2475 3722 2639 3789 judex
2697 3726 2916 3793 accipit.
2961 3727 3083 3782 Ideo
3114 3731 3369 3798 dissipata
3414 3740 3499 3787 est
3532 3733 3641 3797 lex,

2064 3824 2117 3867 et
2140 3828 2243 3865 non
2271 3815 2584 3879 perductum
2609 3823 2694 3869 est
2718 3816 2782 3868 ad
2816 3818 2971 3871 linem
2992 3817 3278 3885 judicium,
3299 3823 3423 3891 quia
3450 3824 3645 3893 impius

2065 3903 2495 3973 praevaletjnsto.
2524 3905 2728 3960 Idcirco
2740 3907 3184 3976 exibitjudicinm
3206 3928 3517 3981 perversum
3536 3916 3602 3970 ".
3618 3935 3639 3968 ι

2066 3996 2286 4050 Divinus
2307 4011 2521 4065 quoque
2564 3996 2726 4053 Isaias
2760 4000 2872 4068 ipse
2901 4001 3191 4069 alloquitur
3216 4002 3522 4061 Jerusalem
3548 4022 3644 4063 seu

2065 4088 2231 4140 Sion;
2271 4106 2290 4139 ι
2332 4087 2609 4156 Principes
2644 4090 2720 4143 tui
2750 4105 2854 4144 non
2886 4092 3165 4157 obediunt.
3202 4097 3333 4150 socii
3359 4107 3488 4152 sunt
3555 4098 3641 4153 l‘u-

2063 4192 2204 4244 rum,
2233 4178 2458 4246 diligunt
2504 4195 2746 4245 munera,
2807 4181 3019 4235 inhiant
3092 4187 3349 4253 praemiis,
3426 4189 3643 4258 pupillls

2066 4270 2457 4339 nonjudicant,
2487 4280 2541 4325 et
2561 4272 2769 4339 judicio
2822 4273 2997 4328 viduae
3031 4291 3135 4329 non
3200 4282 3484 4335 attendunt
3508 4283 3575 4336 ".
3617 4301 3638 4335 ι

2066 4364 2189 4419 Haec
2221 4377 2399 4419 autem
2432 4366 2698 4429 fecerunt,
2744 4368 2981 4436 corrupti
3011 4372 3244 4426 sordidis
3301 4376 3642 4441 muneribus,

2066 4472 2128 4508 ac
2160 4455 2409 4508 fortassis
2442 4456 2607 4508 etiam
2657 4455 2822 4526 impie
2843 4457 3183 4527 colligentes,
3214 4471 3268 4515 et
3295 4464 3360 4516 ad
3404 4465 3642 4520 fonienta

377 4570 557 4625 μενοι·
579 4552 676 4606 καὶ
691 4552 831 4622 τάχα
852 4568 954 4603 που
981 4550 1047 4602 τὰ
1071 4550 1149 4612 είς
1174 4549 1368 4611 πότους
1390 4549 1483 4601 κα)⁸
1505 4548 1715 4619 τρυφὰς
1736 4548 1965 4611 ἀνοσίως

2071 4546 2336 4599 foedarum
2379 4545 2711 4615 voluptatum
2755 4561 2820 4599 ex
2874 4548 3088 4616 injuriis
3118 4563 3489 4620 corrogantes.
3538 4556 3642 4611 Ac-

372 4646 773 4716 ἐρανιζόμενοι,
804 4643 897 4696 καὶ
943 4643 1002 4709 ἐξ
1043 4640 1266 4695 ἀδικιῶν
1318 4641 1683 4709 συλλέγοντες.
1716 4642 1965 4695 Δίτιᾶται

371 4738 485 4807 γὰρ
501 4736 698 4798 αὐτοὺς
718 4735 807 4788 διὰ
821 4736 1003 4805 φωνῆς
1026 4736 1324 4806 προφήτου,
1343 4733 1535 4801 λέγων’
1555 4734 1664 4787 Καὶ
1684 4733 1753 4787 τὰ
1776 4734 1966 4803 ἱμάτια

373 4824 555 4881 αὐτῶν
580 4824 933 4896 δεσμεύοντες
954 4824 1226 4895 σχοινίοις,
1255 4825 1731 4896 παραπετάσματα
1748 4825 1964 4878 ἐποίουν

373 4918 614 4989 ἐχόμενα
640 4916 735 4971 τοῦ
766 4915 1156 4987 θυσιαστηρίου
1175 4958 1188 4981 ,
1213 4917 1307 4970 καὶ
1332 4912 1475 4970 οἶνον
1497 4919 1561 4969 ἐκ
1587 4916 1962 4985 συκοφαντιῶν

373 5012 561 5064 ἔπινον
585 5011 643 5062 ἐν
668 5008 746 5079 τῷ
772 5008 906 5079 οἴκῳ
925 5007 1016 5061 τοῦ
1046 5007 1181 5061 Θεοῦ
1207 5007 1403 5061 αὐτῶν.
1420 5008 1556 5061 Οὐαὶ
1579 5009 1780 5073 τοίνυν,
1802 5007 1955 5077 φησὶ,

374 5104 487 5164 τοῖς
521 5100 702 5171 ἀδροῖς
730 5100 824 5153 καὶ
846 5100 1109 5165 δυνατοῖς,
1135 5101 1248 5162 τοῖς
1278 5100 1524 5171 ἀρτίουσι
1554 5098 1859 5170 περιέργως
1895 5096 1957 5149 τὸ

374 5192 588 5263 σίκερα,
621 5191 733 5254 τοίς
762 5189 1100 5260 φιλοπόταις,
1131 5188 1227 5243 καὶ⁵
1253 5188 1507 5255 ἀγαπῶσι
1542 5188 1732 5258 μέθην,
1753 5190 1865 5250 τοῖς
1896 5188 1956 5241 τὸ

374 5283 581 5336 δίκαιον
605 5283 820 5353 αἴρουσι
850 5280 940 5333 τοῦ
974 5281 1201 5345 δικαίου,
1229 5279 1372 5334 τοῦτ’
1392 5280 1527 5343 ἔστι,
1553 5286 1661 5342 τοῖς
1689 5280 1953 5348 κατακρί-

375 5390 525 5429 νουσι
577 5372 677 5442 μὲν
708 5374 798 5425 τὸν
840 5371 1187 5442 ἠδικημένον,
1221 5358 1557 5440 ἀπονέμουσι
1586 5371 1642 5423 δὲ
1668 5371 1849 5443 ψῆφον
1874 5372 1954 5423 δι-

375 5467 532 5521 καίαν
549 5468 664 5529 τοῖς
682 5464 895 5518 εἰωθόσι
924 5465 1283 5518 πλεονεκτεῖν.
1306 5465 1415 5516 Καὶ
1430 5462 1609 5524 τοῦτο,
1636 5459 1809 5534 οἶμαι,
1836 5464 1953 5516 ἐστὶ

379 5558 432 5611 τὸ
456 5557 761 5627 ἀναφανδὸν
795 5559 967 5610 είπείν
1001 5556 1060 5608 τὸ
1092 5555 1326 5626 πονηρὸν
1353 5554 1536 5619 καλὸν,
1570 5555 1662 5607 καί
1702 5557 1763 5609 τὸ
1791 5556 1955 5609 καλὸν

376 5650 630 5721 πονηρὸν,
663 5650 756 5703 καὶ
787 5649 973 5711 σκότος
1002 5649 1081 5711 είς
1107 5647 1242 5716 φῶς,
1270 5649 1362 5702 καὶ
1395 5648 1456 5701 τὸ
1486 5648 1598 5717 φῶς
1630 5650 1708 5711 εἰς
1741 5649 1951 5712 σκότος,

446 5805 492 5837 ⁹⁶
526 5805 684 5862 Prov.
719 5821 836 5872 xu,
880 5804 965 5861 19.
1036 5806 1081 5837 ’⁷
1122 5805 1275 5860 Deut.
1316 5821 1352 5872 ι,
1392 5804 1474 5860 16.
1552 5806 1596 5837 ⁸·
1626 5803 1823 5862 ilabac.
1856 5822 1891 5874 ι,
1923 5806 2050 5861 2-1.

2066 4647 2219 4691 cusat
2244 4636 2442 4705 quippe
2470 4652 2564 4691 eos
2590 4650 2723 4690 voce
2747 4639 3040 4707 praphetae,
3071 4642 3257 4697 dicens
3282 4661 3295 4697 :
3332 4645 3519 4701 Vestes
3546 4662 3642 4703 eo-

2067 4743 2185 4782 rum
2224 4727 2520 4782 vincientes
2578 4728 2860 4791 funiculis,
2928 4732 3047 4787 vela
3098 4734 3341 4789 fecerunt
3388 4739 3645 4810 contigua

2065 4820 2243 4884 altari,
2276 4830 2331 4875 et.
2362 4821 2544 4875 vinum
2575 4835 2639 4875 ex
2667 4824 3040 4893 sycophantiis
3104 4824 3359 4880 biberunt
3399 4830 3450 4881 in
3479 4830 3644 4886 domo

2064 4911 2160 4966 Dei
2197 4912 2302 4967 sui.
2330 4911 2423 4967 νω
2463 4913 2661 4980 itaque,
2696 4914 2888 4983 inquit,
2926 4913 3009 4968 his
3037 4916 3127 4983 qui
3161 4916 3365 4970 robusti
3422 4930 3548 4973 sunt
3587 4931 3641 4973 et

2064 5005 2250 5069 validi,
2304 5006 2393 5074 qui
2417 5006 2686 5075 exquisite
2710 5007 2940 5060 siceram
2976 5008 3256 5070 condiunt,
3289 5009 3378 5076 qui
3430 5012 3640 5078 potioni

2064 5094 2361 5165 indulgent,
2414 5105 2469 5148 et
2512 5095 2774 5149 ebrietate
2826 5096 3182 5161 delectantur,
3216 5099 3307 5165 qui
3367 5099 3641 5168 justitiam

2062 5188 2255 5241 tollunt
2289 5201 2321 5240 a
2359 5188 2533 5255 justo,
2573 5189 2624 5241 id
2664 5198 2766 5250 cst,
2808 5187 3006 5258 injuste
3042 5204 3359 5257 oppressum
3388 5195 3641 5247 condem-

2062 5290 2214 5347 nant,
2245 5290 2300 5335 et
2328 5296 2545 5335 causam
2574 5282 2851 5335 hominum
2878 5282 3119 5337 avaritiae
3142 5282 3477 5336 studentium
3494 5284 3639 5351 jnsta

2059 5375 2323 5429 sententia
2349 5372 2625 5440 adjuvant.
2661 5372 2725 5426 Et
2771 5373 2872 5427 hoc
2913 5374 3070 5441 plane
3128 5383 3233 5437 est,
3278 5386 3335 5428 ut
3379 5376 3637 5442 arbitror,

2063 5466 2267 5519 malum
2296 5467 2481 5520 dicere
2521 5465 2740 5529 bonum,
2768 5474 2822 5519 et
2863 5465 3058 5519 bonum
3120 5466 3342 5532 malum,
3394 5469 3642 5524 tenebras

2063 5557 2260 5621 lucem,
2309 5567 2362 5610 et
2398 5557 2569 5609 lucem
2602 5557 2875 5620 tenebras,
2908 5570 3155 5610 amarum
3185 5557 3365 5621 dulce,
3395 5567 3445 5611 et
3475 5556 3640 5613 dulce

2063 5667 2328 5706 amarum.
2396 5651 2648 5723 Deplorat
2710 5661 2892 5708 autem
2952 5653 3006 5707 in
3060 5654 3314 5710 omnibus
3363 5653 3641 5720 robustos,

2125 5810 2169 5841 θ’
2201 5808 2302 5862 lsa.
2340 5824 2376 5873 t,
2407 5808 2496 5863 9.5.
