4152 6366
447 346 550 405 165

1436 343 1495 400 S.
1537 340 1817 400 CYRILIJ
1860 336 2330 394 ALEXANDRINI
2370 336 2692 393 ARCHIEP.

3623 341 3726 395 1444

446 463 817 538 praecellentcs
868 472 923 520 et
985 474 1371 535 praepotentes,
1438 462 1873 532 quandoquidem
1934 475 2029 529 po-

2135 459 2189 512 τὸ
2218 458 2414 530 πικρὸν
2445 457 2640 526 γλυκὺ,
2669 457 2764 511 καὶ
2796 456 2856 509 τὸ
2895 457 3067 526 γλυκὺ
3104 455 3321 528 πικρόν.
3343 456 3538 510 ’ἰστέον
3567 456 3622 510 δὲ
3642 459 3723 511 ὅτι

448 568 624 615 tentes
646 566 898 626 potenter
920 567 975 612 et
1000 558 1202 611 acriter
1233 553 1652 626 torquebantur,
1680 561 1737 607 et
1766 552 1852 607 cui
1885 552 2026 606 mul-

443 659 561 705 tum
603 649 845 704 additum
897 658 1002 715 est,
1054 650 1123 704 ab
1164 663 1230 703 eo
1285 646 1514 702 multum
1555 646 1825 716 exigetur,
1872 642 2028 712 juxta

444 757 633 798 vocem
668 741 1003 796 Servatoris.
1056 739 1174 794 Non
1204 739 1349 794 enim
1407 740 1520 807 pari
1576 735 1841 806 supplicio
1910 733 2031 788 afﬂ-

444 835 659 887 cientur
687 833 959 903 principes
984 840 1036 887 et
1064 831 1289 886 subditi.
1345 828 1559 884 Etenim
1612 827 1669 883 hi
1728 833 2032 897 praetexunt

446 924 718 979 interdum
760 941 821 980 se
849 940 956 980 non
996 924 1139 979 scire
1162 924 1492 978 voluntatem
1540 919 1743 976 domini
1797 918 1880 974 sui
1914 936 1929 972 :
1975 926 2033 971 at

448 1016 523 1071 illi
560 1018 663 1072 etsi
710 1018 887 1071 sciant
929 1016 1298 1081 exactissime,
1348 1029 1455 1069 non
1508 1011 1759 1068 fecerunt
1825 1019 2026 1064 tamen.

447 1108 688 1177 Eamque
721 1108 791 1163 ob
836 1122 1059 1162 causam
1088 1107 1284 1163 merito
1326 1105 1543 1163 duriora
1570 1104 1843 1176 patientur
1882 1101 1949 1157 ab
1966 1115 2032 1157 eo

445 1202 537 1271 qui
570 1216 786 1271 poenam
826 1199 1051 1271 irrogat.

516 1372 681 1427 Vsus.
720 1372 810 1426 24.
843 1370 1129 1443 Propterea
1175 1370 1615 1442 quemadmodum
1641 1381 1892 1424 exuretur
1934 1370 2034 1424 sti-

444 1470 572 1533 puta
608 1481 639 1516 a
668 1466 893 1518 carbone
922 1466 1081 1534 ignis,
1104 1474 1151 1518 et
1187 1466 1520 1517 comburetur
1557 1480 1588 1515 a
1615 1448 1835 1531 ﬂamma
1898 1474 2034 1516 resoé

448 1559 585 1618 luta,
643 1559 800 1611 milia:
827 1574 1008 1611 eorum
1046 1559 1198 1628 quasi
1224 1558 1418 1629 lanugo
1445 1558 1564 1622 erit,
1593 1568 1641 1611 et
1704 1558 1802 1625 ﬂos
1850 1557 2032 1609 eorum

446 1660 501 1701 ut
533 1650 664 1702 cinis
692 1652 953 1703 ascendet.

512 1740 626 1813 96
650 1741 937 1809 Quoniam,
971 1739 1169 1812 inquit,
1194 1748 1383 1795 contra
1412 1754 1473 1795 se
1507 1739 1607 1811 ipsi
1639 1746 2030 1809 protraxerunt

2129 551 2345 605 δυνατοὶ
2360 550 2603 614 δυνατῶς
2626 548 3020 620 ὲτασθήσονται
3043 563 3056 577 °
3082 549 3176 601 καὶ
3196 542 3241 617 ᾧ
3265 548 3564 620 παρέθεντο
3586 549 3723 601 πολὺ

2131 644 2519 716 περισσότερον
2556 640 2851 696 ἀπαιτοῦσι
2901 642 3032 711 παρ’
3067 640 3255 706 αὐτοῦ,
3308 642 3450 695 κατὰ
3485 641 3585 713 τήν
3626 641 3723 696 τοῦ

2131 737 2382 808 Σωτῆρος
2413 737 2619 809 φωνήν.
2651 736 2725 790 Οὐ
2756 736 2865 808 γὰρ
2887 735 2987 805 ἴσῳ
3013 734 3199 807 τρόπῳ
3226 734 3303 810 τὰ,
3320 729 3421 804 τῆς
3449 734 3724 797 κολάσεως

2131 829 2306 892 ἔσται,
2335 831 2450 892 τοῖς
2479 845 2539 881 τε
2594 828 2921 899 ἡγουμένοις
2948 828 3042 881 καὶ
3074 828 3186 889 τοῖς
3217 826 3321 879 ὑπὸ
3347 828 3504 897 χεῖρα
3533 825 3724 896 κειμέο

2130 921 2342 983 νοις.οί
2376 921 2476 992 μὲν
2504 919 2614 991 γὰρ
2645 919 2756 973 ἔσθ’
2780 919 2869 973 ὅτε
2894 916 3295 989 προϐαλοῦνται
3326 918 3387 970 τὸ
3418 917 3492 989 μὴ
3526 918 3723 972 εἰδέναι

2130 1012 2293 1082 τυχὸν
2312 1011 2375 1064 τὸ
2411 1011 2625 1083 θέλημα
2648 1010 2742 1065 τοῦ
2777 1012 2966 1083 κυρίου
2995 1011 3176 1067 αὐτῶν
3196 1026 3211 1040 ο
3247 1013 3295 1065 οἱ
3324 1010 3381 1063 δὲ
3407 1011 3584 1065 καίτοι
3604 1011 3723 1065 λίαν

2145 1103 2448 1173 ἐγνωκότες
2468 1103 2713 1175 ἀκριϐῶς
2734 1103 2796 1158 οὐ
2820 1104 3163 1175 δεδράκασιν.
3190 1102 3375 1175 Ταύτῃ
3397 1120 3481 1156 τοι
3502 1103 3723 1167 δικαίως

2130 1192 2567 1265 δυσαχθεστέραν
2598 1192 2930 1266 ὑπομενοῦσι
2963 1194 3063 1265 τὴν
3096 1192 3192 1247 τοῦ
3226 1192 3549 1257 κολάζοντος
3578 1193 3725 1265 κίνη-

2134 1301 2239 1339 σιν.

2202 1370 2307 1432 Διὰ
2357 1376 2556 1445 τοῦτο,
2610 1377 2684 1433 ὃν
2726 1379 2950 1448 τρόπον
2989 1378 3357 1445 καυθήσεται
3400 1380 3439 1447 ἠ
3484 1378 3722 1455 καλάμη

2131 1467 2252 1520 ὑπὸ
2313 1468 2610 1537 ἄνθρακος
2664 1470 2875 1539 πυρὸς,
2920 1470 3026 1542 ,καί
3071 1471 3561 1541 συγκαυθήσεται
3603 1468 3724 1525 ὑπὸ

2131 1553 2364 1623 φλογὸς
2395 1554 2737 1623 ἀνειμένης,
2778 1556 2815 1623 ἠ
2838 1552 2972 1623 ῥίζα
3000 1553 3201 1609 αὐτῶν
3229 1556 3309 1620 ὡς
3337 1556 3488 1625 χοῦς
3528 1554 3720 1617 ἕσται,

2132 1646 2313 1699 καὶτὸ
2336 1646 2519 1713 ἄνθος
2539 1647 2757 1712 αὐτῶν,
2781 1646 2862 1713 ὡς
2890 1646 3199 1729 κονιορτὸς
3225 1647 3615 1715 ἀναϐήσεται.

2216 1738 2437 1809 Ἐπειδὴ
2473 1738 2583 1811 γὰρ
2608 1739 2762 1793 αὐτοὶ
2807 1739 2931 1794 καθ’
2964 1739 3194 1807 ἑαυτῶν,
3237 1740 3432 1811 φησὶν,
3476 1739 3723 1793 ἑπεσπάέ

445 1844 666 1902 peccata
696 1833 841 1887 velut
864 1830 1103 1886 [utriculo
1144 1830 1326 1901 longo,
1372 1844 1472 1885 nec
1505 1828 1633 1885 recti
1678 1843 1858 1884 rerum
1881 1828 2027 1883 msti-

2135 1847 2293 1883 σαντο
2321 1830 2419 1895 τὰς
2468 1831 2745 1903 ἁμαρτίας
2782 1830 2859 1895 ὡς
2901 1830 3120 1902 σχοινίῳ
3156 1830 3374 1902 μακρῷ,
3418 1830 3511 1884 καὶ
3561 1831 3723 1899 γεγό-

447 1935 684 1979 uiatores
745 1923 982 1988 fuerunt,
1041 1923 1394 1978 criminantes
1449 1920 1670 1984 bonum,
1746 1920 2028 1974 laudantes

446 2017 673 2083 malum,
707 2018 986 2085 sapientes
1008 2015 1171 2070 etiam
1200 2015 1340 2082 apud
1367 2014 1598 2082 seipsos,
1624 2022 1678 2067 et
1700 2010 1876 2068 oculis
1915 2011 2031 2066 suis

447 2107 766 2177 prudentes,
803 2118 859 2162 et
882 2122 1003 2177 qua:
1065 2100 1150 2160 bis
1210 2103 1442 2158 foediora
1482 2112 1638 2159 erant
1700 2112 2030 2174 spectantes,

448 2200 670 2269 impium
742 2209 967 2269 pr0pter
1040 2208 1265 2253 munera
1319 2195 1526 2266 justum
1585 2195 2022 2267 pronuntiantes,

440 2290 531 2361 jus
545 2289 692 2358 justo
717 2289 1005 2359 eripientes
1040 2307 1053 2343 :
1110 2289 1195 2344 his
1230 2287 1482 2345 omnibus
1527 2287 1595 2342 de
1615 2287 1815 2350 causis,
1848 2292 2034 2351 ,erunt

448 2381 680 2435 materia
717 2369 1152 2444 concremabilis,
1187 2380 1361 2434 instat-
1391 2366 1639 2448 stipulae,
1668 2385 1724 2431 et
1763 2376 1903 2445 ignis
1958 2374 2037 2428 foe

445 2484 687 2527 mentum
739 2482 794 2526 et
868 2469 1101 2525 ﬂammae
1150 2485 1395 2525 accensae
1467 2485 1565 2525 eos
1628 2471 2030 2539 depascentur:

446 2574 507 2619 ut
557 2580 660 2618 una
686 2580 808 2618 cum
840 2564 1113 2618 radicibus
1146 2562 1387 2633 ipsorum
1429 2576 1645 2632 quoque
1674 2559 1884 2613 fructus
1910 2573 2036 2612 con-

445 2670 753 2723 sumantur,
784 2658 836 2711 id
863 2652 966 2723 est,
1007 2667 1063 2710 ut
1092 2672 1214 2709 cum
1240 2656 1560 2725 parentibus
1591 2664 1728 2708 etex
1756 2652 1840 2707 bis
1865 2654 2032 2706 etiam

451 2753 727 2822 procreati
761 2751 923 2804 simul
955 2752 1247 2813 intereant,
1281 2758 1335 2802 et
1391 2755 1647 2815 tanquam
1704 2743 2035 2813 pulvisculo:

446 2855 544 2899 aut
597 2844 760 2909 cinis,
826 2841 1156 2913 rapidissimi
1225 2841 1371 2895 venti
1420 2842 1623 2911 impetu
1682 2838 2034 2908 dissipentur.

445 2941 747 2995 Accensam
770 2951 896 2991 vero
918 2934 1189 2989 ﬂammam
1219 2934 1374 3002 dicit,
1400 2948 1522 3004 quae
1547 2948 1577 2986 ιι
1601 2928 1749 2985 nullo
1765 2929 2037 2985 exstincta

447 3038 551 3084 est.
576 3025 771 3082 Incidit
792 3027 938 3081 enim
975 3028 1306 3096 quandoque
1329 3024 1469 3094 ignis
1506 3032 1562 3077 et
1590 3021 1645 3076 in
1675 3030 1939 3090 segetem,
1981 3026 2042 3075 et

448 3122 711 3185 invites,
759 3135 862 3174 non
909 3128 1090 3172 tamen
1139 3118 1525 3181 incenduntur,
1552 3114 1679 3186 quia
1722 3114 1876 3169 multi
1915 3127 2039 3169 suc-

2129 1937 2283 1974 νασιν
2315 1922 2416 1975 οὐκ
2452 1920 2603 1992 ὀρθοὶ
2630 1920 2737 1974 τῶν
2781 1921 3124 1992 πραγμάτων
3150 1924 3355 1993 κριταὶ,
3386 1920 3723 1990 καταψέγονο

2127 2030 2220 2076 τες
2254 2012 2351 2083 μὲν
2377 2012 2439 2066 τὸ
2468 2012 2693 2081 ἀγαθὸν,
2722 2012 3075 2076 ἐπαινοῦντες
3095 2012 3153 2066 δὲ
3184 2012 3245 2066 τὸ
3270 2011 3527 2083 πονηρὸν,
3569 2011 3725 2081 σοφοί

2130 2121 2190 2157 τε
2213 2098 2354 2174 ἦσαν
2384 2104 2440 2156 ἐν
2475 2104 2712 2169 ἑαυτοῖς,
2738 2104 2835 2158 καὶ
2855 2103 3087 2158 ἐνώπιον
3110 2104 3319 2158 ἑαυτῶν
3339 2086 3723 2175 ἐπιστήμονες,

2132 2195 2230 2249 καὶ
2265 2193 2403 2266 πρὸς
2430 2196 2499 2249 τὰ
2542 2195 2623 2251 ἔτι
2657 2195 2865 2250 τούτων
2920 2196 3171 2268 αἰσχίονα
3232 2195 3555 2266 βλέποντες,
3585 2196 3726 2248 δεδι-

2132 2287 2408 2342 καιώκασι
2441 2275 2538 2360 μὲν
2570 2289 2732 2343 ἕνεκα
2772 2288 2962 2362 δώρων
2991 2291 3081 2343 τὸν
3113 2289 3309 2361 ἀσεϐῆ,
3346 2290 3409 2342 τὸ
3431 2288 3489 2343 δὲ
3517 2289 3727 2343 δίκαιον

2131 2380 2227 2435 τοῦ
2249 2381 2459 2435 δικαίου
2496 2381 2685 2435 ἑλαὸον
2704 2397 2717 2411 ’
2752 2381 2958 2436 τούτων
2980 2381 3142 2437 ἕνεκα
3162 2382 3378 2436 πάντων
3397 2381 3473 2443 ὡς
3493 2380 3727 2434 εὐκατά-

2134 2490 2380 2545 πρηστος
2429 2474 2554 2545 ὕλη,
2612 2475 2708 2530 καὶ
2757 2475 3014 2546 καλάμης
3064 2474 3241 2545 δίκην,
3288 2474 3459 2546 πυρὸς
3514 2472 3725 2528 ἑσονται

2132 2564 2331 2637 τροφὴ,
2358 2566 2453 2619 καὶ
2483 2566 2680 2635 φλόγες
2705 2566 2903 2629 αὐτοὺς
2930 2565 3213 2637 ἁνειμέναι
3245 2565 3726 2637 κατανεμηθήσον-

2134 2675 2259 2724 ται,
2296 2659 2373 2723 ὡς
2412 2657 2549 2729 ὁμοῦ
2580 2661 2699 2722 ταῖς
2745 2658 2923 2727 ῥίζαις
2953 2659 3076 2722 τοὺς
3113 2656 3175 2721 ἐξ
3199 2658 3377 2711 αὐτῶν
3409 2657 3729 2727 δαπανηθῆέ

2135 2767 2225 2804 ναι
2254 2754 2499 2823 καρποὺς
2520 2792 2536 2819 ,
2567 2750 2709 2805 τοῦτ’
2764 2750 2903 2817 ἑστι,
2955 2751 3321 2805 συνδιολέσθαι
3349 2754 3462 2815 τοῖς
3510 2752 3728 2805 τεκοῦσι

2135 2844 2205 2897 τὰ
2254 2843 2313 2909 ἑξ
2351 2844 2572 2911 αὐτῶν,
2638 2846 2731 2898 καὶ
2783 2846 2860 2909 ὡς
2902 2845 3030 2917 χοῦν
3062 2846 3096 2916 ἢ
3130 2846 3277 2899 κόνιν
3337 2845 3726 2918 ραγδαιοτάτου

2137 2937 2451 3009 πνεύματος
2475 2936 2887 3009 διαριπισθῆναι
2937 2936 3286 3009 προσϐολαῖς.
3329 2937 3648 3008 Ἀνειμένην
3670 2933 3728 2987 δὲ

2138 3031 2314 3101 φλόγα
2350 3032 2485 3103 φησὶ
2511 3032 2609 3104 τὴν
2651 3032 2743 3085 ὑπ’
2797 3031 3014 3097 οὐδενὸς
3064 3030 3454 3102 σϐεννυμένην.
3521 3031 3728 3101 Ἐμπέ-

2137 3139 2325 3177 πτωκε
2382 3122 2482 3194 μὲν
2518 3122 2628 3195 γὰρ
2672 3123 2703 3194 ἢ
2745 3122 2917 3195 ληῒοις
2973 3124 3141 3194 ἤγουν
3180 3122 3449 3192 ἀμπέλοις
3497 3120 3608 3175 ἔσθ’
3638 3121 3729 3175 δτι

448 3218 697 3270 currunt,
736 3220 836 3260 nec
862 3204 1047 3259 sinunt
1085 3218 1208 3259 eum
1234 3203 1591 3270 invalescere,
1624 3211 1684 3255 ut
1705 3216 1866 3271 agros
1889 3200 2035 3258 nullo

2139 3208 2281 3281 πῦρσ
2306 3178 2422 3264 ἀλλ’
2449 3211 2511 3263 οὐ
2530 3178 2764 3281 ’γέγονεν
2794 3178 3111 3285 άνημμὲνη,
3165 3178 3553 3283 ἐπαμυνόντων
3600 3212 3728 3266 πολ-

449 3300 772 3369 probibcnte
806 3297 1179 3368 depopuletur.
1197 3293 1465 3350 Caeterum
1498 3294 1545 3349 si
1576 3292 1755 3348 nullus
1790 3292 2028 3360 laborat,

451 3407 551 3447 nec
589 3390 819 3445 ulterius
844 3404 1065 3445 cursum
1102 3386 1336 3441 ﬂammat
1367 3385 1614 3456 impedit,
1651 3396 1778 3440 tunc
1806 3400 2035 3440 accensa

448 3486 577 3549 erit,
628 3495 683 3537 et
738 3484 933 3547 libera,
977 3490 1033 3536 et
1091 3478 1358 3536 eﬂ'renate
1406 3478 1769 3548 quodcunque
1816 3477 2036 3533 obvium

450 3573 696 3629 invadet.
740 3569 921 3637 Quare
955 3570 1064 3625 Deo
1114 3570 1484 3639 omnipotente
1542 3566 1756 3623 bellicis
1807 3568 2037 3622 calami-

454 3668 657 3722 tatibus
698 3682 791 3720 eos
852 3664 1165 3733 objiciente,
1234 3670 1291 3717 et
1346 3670 1699 3718 sacrosancto
1779 3659 2037 3729 suﬂ'ragio

452 3758 748 3823 multante,
793 3771 916 3811 cum
966 3755 1145 3810 nullus
1185 3754 1427 3811 omnium
1485 3754 1799 3809 subveniret
1844 3772 1859 3808 :
1912 3754 2037 3810 hinc

453 3867 738 3907 accensam
790 3850 985 3915 fact-tn,
1034 3849 1241 3918 optimo
1274 3848 1400 3917 jure
1446 3847 1581 3901 iram
1636 3849 1902 3905 nominat.
1970 3845 2039 3902 Ut

453 3947 596 3999 enim
634 3946 826 3999 beatus
848 3944 1021 3997 Muses
1050 3943 1167 3995 ait:
1205 3958 1223 3991 ι
1258 3938 1399 3995 Deus
1427 3950 1609 3994 noster
1640 3940 1779 4009 ignis
1840 3954 2038 3996 consu-

454 4052 611 4093 mens
655 4045 759 4092 est.
808 4036 874 4090 Et
915 4036 959 4090 si
980 4034 1237 4088 clauserit
1301 4042 1495 4087 contra
1549 4032 1844 4097 hominem,
1915 4032 2039 4103 quis

453 4130 746 4200 aperiet“?
781 4148 799 4181 ι
836 4128 929 4184 llis
994 4129 1157 4199 igitur
1202 4125 1423 4181 divinus
1483 4124 1650 4180 David
1701 4125 1902 4179 accinit
1956 4124 2042 4179 di-

452 4239 587 4278 cens
618 4242 632 4277 :
666 4239 687 4274 ι
722 4221 802 4276 Tu
846 4219 1233 4286 formidabilis,
1258 4233 1291 4273 o
1320 4217 1571 4282 Domine,
1605 4219 1794 4286 ecquis
1823 4214 2040 4270 resistet

457 4319 555 4372 tibi
584 4315 644 4370 ’Ἰ
690 4334 709 4369 ι
742 4314 1006 4371 Omnibus
1028 4312 1193 4381 igitur
1239 4310 1444 4365 viribus
1485 4308 1786 4379 eﬂugienda
1813 4317 1897 4363 est
1925 4307 2040 4362 btec

456 4411 560 4474 ira,
605 4419 791 4479 utpote
821 4403 1079 4460 terribilis
1110 4416 1164 4458 et
1196 4399 1540 4456 inevitabilis.
1573 4397 1757 4468 Itaque
1783 4399 2041 4453 docemur

456 4502 511 4556 in
538 4500 790 4571 precibus
818 4499 1038 4553 dicere:
1069 4516 1088 4547 ι
1128 4493 1375 4560 Domine,
1410 4508 1476 4547 ne
1499 4492 1553 4547 in
1578 4492 1763 4546 furore
1786 4499 1879 4545 tuo
1918 4491 2041 4544 red-

2134 3299 2264 3365 λῶν,
2310 3300 2406 3354 καὶ
2443 3301 2761 3371 προσελθεῖν
2792 3303 2894 3356 οὐκ
2926 3302 3162 3368 ἐώντων,
3204 3301 3329 3356 οὔτε
3361 3302 3469 3374 μὴν
3495 3302 3729 3356 ἀδιακω-

2136 3392 2311 3457 λύτως
2352 3393 2755 3464 κατανέμεσθαι
2778 3396 2907 3459 τοὺς
2939 3396 3165 3465 ἀγρούς.
3206 3394 3503 3460 Πονοῦντος
3531 3395 3589 3448 δὲ
3633 3396 3728 3449 οὑ-

2135 3484 2302 3550 δενδς,
2354 3486 2525 3556 ἧγουν
2559 3486 2958 3552 ἁνακόπτοντος
2982 3488 3075 3542 τὸν
3105 3489 3364 3542 ἐπέκεινα
3404 3488 3603 3561 δρόμον
3629 3489 3729 3561 τῆς

2138 3575 2356 3645 φλογὸς,
2394 3577 2516 3630 τότε
2561 3577 2626 3648 δὴ
2674 3578 2792 3631 τότε
2832 3581 2927 3632 καὶ
2974 3579 3270 3651 ἀνημμένη
3314 3598 3399 3644 τις
3438 3581 3593 3634 ἔσται
3634 3582 3731 3633 καὶ

2137 3669 2356 3738 ἄφετος,
2411 3668 2507 3722 καὶ
2563 3669 2815 3739 άχάλινος
2877 3664 3014 3725 οὖσα
3076 3672 3217 3743 πρὸς
3270 3674 3380 3726 πᾶν
3418 3671 3597 3727 ὁτιοῦν
3620 3673 3731 3725 τῶν

2138 3760 2580 3831 παρακειμένων.
2611 3759 2820 3814 Οὐκοῦν
2848 3761 3149 3834 ἐπειδήπερ
3194 3765 3315 3826 ταῖς
3356 3762 3450 3816 τοῦ
3490 3763 3731 3834 πολέμου

2140 3855 2449 3923 συμφοραῖς
2476 3852 2842 3923 ὑποφέροντος
2875 3854 3074 3918 αὐτοὺς
3110 3854 3205 3907 τοῦ
3240 3856 3417 3909 πάντα
3454 3854 3733 3925 ἰσχύοντος

2137 3943 2295 4011 Θεοῦ,
2329 3946 2422 3998 καὶ
2462 3946 2586 4017 ὁσία
2622 3947 2787 4018 ψήφῳ
2825 3947 3171 4013 κολάζοντος,
3226 3949 3402 4012 οὐδεὶς
3452 3950 3730 4012 παντελῶς

2139 4036 2434 4107 ἑπαμύνων
2453 4032 2521 4109 ἦν
2539 4055 2553 4070 ·
2576 4038 2751 4112 ταύτῃ
2774 4057 2853 4093 τοι
2878 4040 2970 4093 καὶ
2998 4041 3142 4111 μάλα
3163 4041 3388 4103 εἰκότως
3407 4040 3734 4113 ὰνημμένην

2140 4124 2314 4195 φλόγα
2338 4124 2436 4197 τὴν
2464 4128 2633 4199 ὀργὴν
2662 4128 2941 4199 ὀνομάζει.
2987 4129 3075 4193 Ὧς
3100 4130 3211 4202 γάρ
3250 4147 3417 4202 φησιν
3455 4131 3485 4183 ὁ
3540 4134 3726 4202 μακά-

2142 4233 2257 4289 ριος
2300 4218 2505 4290 Μωσῆς
2532 4234 2545 4247 °
2592 4237 2612 4271 ι
2685 4220 2742 4273 'U
2799 4220 2932 4285 Θεὸς
2969 4221 3129 4292 ⁴ἡμῶν
3172 4221 3282 4293 πῦρ
3333 4221 3729 4277 καταναλίσκον

2138 4308 2310 4375 ἐστὶν,
2343 4310 2439 4362 καὶ
2466 4310 2560 4364 ἑὰν
2601 4309 2788 4382 κλείσῃ
2806 4313 2948 4365 κατὰ
2991 4312 3304 4384 ἀνθρώπου,
3337 4314 3423 4377 τίς
3443 4314 3677 4380 ἀνοίξεις
3705 4334 3723 4365 ι

2140 4400 2252 4453 Καὶ
2304 4400 2463 4454 τοῦτο
2516 4401 2674 4467 εἰδὼς
2706 4405 2735 4457 ὁ
2772 4404 3059 4468 θεσπέσιος
3104 4405 3271 4459 Δαϐὶδ
3316 4404 3544 4475 ψάλλει·
3585 4423 3604 4455 ι
3656 4407 3730 4457 Σὺ

2070 4538 2114 4593 D
2145 4493 2376 4565 φθδερὸς
2413 4489 2487 4559 εἷ,
2528 4495 2624 4549 καὶ
2668 4496 2751 4561 τίς
2801 4498 3182 4570 ἀντιστήσεται
3244 4516 3327 4552 σοι
3358 4498 3469 4553 ἀπὸ
3504 4499 3601 4570 τῆς
3635 4501 3729 4569 ὀρ-

457 4607 655 4663 arguas
683 4607 789 4656 me,
822 4605 923 4644 nec
966 4590 1045 4643 ira
1089 4598 1177 4641 tua
1214 4586 1445 4655 castiges
1490 4600 1576 4639 me
1608 4584 1649 4639 ³.
1685 4602 1705 4635 ι
1750 4581 1865 4636 Νοιι
1891 4583 2034 4637 enim

2143 4590 2247 4659 γῆς
2300 4605 2429 4655 σου;
2463 4608 2482 4641 ι
2540 4589 2660 4661 Χρὴ
2702 4585 2795 4644 οὖν
2829 4591 2940 4661 ἄρα
2986 4593 3148 4646 παντὶ
3200 4591 3379 4646 σθένει
3416 4592 3732 4663 χρωμένους

458 4686 716 4740 acerbum
772 4691 857 4737 est
890 4680 1168 4751 castigari,
1204 4679 1299 4731 sed
1324 4693 1393 4731 ex
1437 4675 1518 4729 ira
1578 4676 1732 4744 quasi
1764 4687 1819 4729 et
1852 4674 2039 4727 lurore

461 4781 513 4835 id
544 4790 736 4835 contra
788 4793 887 4833 nos
913 4776 1053 4841 ﬁeri,
1087 4783 1141 4829 et
1194 4772 1480 4827 molestum
1512 4779 1618 4834 est,
1666 4780 1721 4824 et
1781 4768 2043 4823 intolera-

458 4873 590 4930 bile.
637 4873 729 4927 Sic
770 4882 826 4926 et
876 4869 1169 4939 propheta:
1216 4886 1235 4917 ι
1268 4866 1508 4934 Castiga,
1559 4883 1579 4916 ι
1614 4862 1810 4931 inqttit,
1867 4878 1888 4914 ι
1920 4876 2041 4923 nos,

464 4964 715 5029 Domine,
744 4978 933 5019 verum
963 4964 1016 5015 in
1050 4959 1279 5027 judicio,
1314 4958 1499 5012 nonin
1531 4955 1714 5010 furore
1742 4974 1755 5009 :
1830 4968 1898 5009 ne
1942 4968 2043 5009 nos

464 5059 532 5112 ad
557 5072 841 5113 munerum
867 5053 1253 5124 paucissimuin
1280 5050 1516 5117 redigas.
1555 5066 1574 5098 ι

2144 4682 2528 4750 παραιτεῖσθαι
2548 4684 2649 4753 τὴν
2668 4683 2859 4754 ὀργήν·
2891 4684 3120 4757 φοϐερὸν
3146 4686 3257 4759 γάρ
3293 4686 3352 4739 τὸ
3396 4686 3607 4758 χρῆμα,
3638 4688 3733 4739 καὶ

2143 4771 2555 4841 δυσδιάςρυκτονο
2605 4776 2700 4827 καὶ
2732 4775 2862 4842 γοῦν
2890 4776 3249 4846 δεδιδάγμεθα
3272 4777 3451 4846 λέγειν
3480 4781 3537 4832 ἑν
3568 4796 3735 4848 προσ-

2142 4867 2363 4933 ευχαῖς”
2420 4884 2439 4915 ι
2483 4850 2679 4936 Κύριε,
2743 4867 2818 4938 μὴ
2861 4867 2938 4938 τῷ
2987 4868 3144 4939 θυμῷ
3195 4885 3287 4921 σου
3339 4868 3565 4943 ἐλέγξῃς
3625 4889 3727 4940 με,

2148 4954 2285 5026 μηδὲ
2307 4958 2371 5027 τῇ
2399 4955 2534 5028 ὀργῇ
2572 4973 2664 5010 σου
2689 4957 2985 5029 παιδεύσῃς
3010 4976 3099 5029 με.
3140 4979 3160 5010 ι
3195 4960 3268 5013 Οὐ
3298 4960 3403 5031 γὰρ
3431 4960 3598 5027 ἑστιν,
3631 4964 3733 5014 οὐκ

2146 5048 2294 5102 ἐστιν
2335 5050 2397 5103 τὸ
2436 5050 2786 5105 παιδεύεσθαι
2817 5051 3073 5121 χαλεπόν.
3100 5054 3361 5123 Φορτικὸν
3385 5054 3443 5105 δὲ
3480 5055 3572 5107 καὶ
3602 5054 3733 5105 δύσ-

464 5167 670 5217 οιστον,
700 5152 763 5205 τὸ
808 5153 867 5205 ἑν
911 5152 1049 5220 ὀργῇ
1088 5148 1182 5201 καὶ
1226 5144 1386 5217 θυμῷ
1428 5142 1589 5196 τοῦτο
1624 5141 1963 5215 πράττεσθαι
2004 5143 2126 5198 καθ’
2159 5145 2321 5217 ἡμῶν
2350 5163 2363 5175 ’
2403 5144 2545 5199 οὕτω
2583 5146 2680 5200 καὶ
2718 5150 2747 5201 ὀ
2793 5149 3080 5221 προφήτης
3121 5149 3307 5218 ἔλεγεν
3331 5168 3345 5182 ο
3382 5168 3401 5202 ι
3440 5150 3735 5204 Παίδευσον

465 5250 635 5320 ἡμᾶς,
683 5246 876 5317 Κύριε,
912 5242 1049 5314 πλὴν
1078 5244 1134 5296 ἑν
1168 5240 1371 5313 κρίσει,
1401 5240 1496 5293 καὶ
1543 5237 1621 5309 μὴ
1673 5238 1731 5289 ἑν
1766 5234 1945 5308 θυμῷ,
1987 5238 2075 5291 ἵνα
2116 5236 2194 5309 μὴ
2227 5238 2443 5307 ὀλίγους
2489 5241 2638 5310 ἡμᾶς
2674 5241 2928 5312 ποιήσῃς.
2970 5260 2989 5294 ι

533 5334 923 5394 \‘ans.25.l\'on
939 5335 1075 5389 enim
1093 5336 1173 5387 col
1180 5340 1365 5386 uerunt
1383 5332 1544 5400 legem
1562 5328 1770 5382 Domini
1788 5329 2047 5394 Sabaoth,

467 5434 558 5489 sed
590 5431 864 5485 oraculum
896 5426 1065 5482 sancti
1105 5424 1323 5479 lsraelis
1349 5424 1652 5477 irritarunt.
1710 5420 1777 5474 Et
1815 5438 2048 5476 commo-

467 5536 553 5581 tus
581 5538 655 5579 est
679 5525 857 5593 lurore
886 5518 1139 5574 Dominus
1177 5516 1413 5572 Sabaoth
1456 5516 1511 5568 in
1543 5513 1791 5584 populant
1857 5531 2011 5571 suum
2032 5554 2048 5577 ,

467 5632 516 5677 et
544 5618 721 5688 tiiject't
748 5629 959 5669 manum
985 5613 1040 5668 in
1062 5628 1171 5677 eos,
1206 5620 1252 5665 et
1273 5609 1531 5681 percussit
1554 5624 1663 5671 eos,
1687 5617 1731 5661 et
1752 5607 2048 5661 exacerbati

551 5773 567 5804 ³
594 5775 754 5831 Deut.
785 5787 861 5841 iv,
894 5771 984 5825 24.
1061 5773 1081 5802 ²
1108 5766 1250 5825 Psal.
1288 5780 1451 5833 Lxxr,
1487 5764 1539 5819 8.
1620 5762 1639 5794 ³
1668 5761 1807 5819 Psal.
1851 5775 1923 5830 Vl,
1955 5762 2008 5816 ἓ.

2228 5332 2312 5384 Οὐ
2340 5331 2453 5401 γὰρ
2492 5332 2807 5401 ἠθέλησαν
2832 5336 2938 5387 τὸν
2960 5336 3150 5404 νόμον
3198 5337 3421 5403 Kvplov
3468 5336 3734 5395 Σαϐαὼθ.

2156 5422 2315 5477 ἀλλὰ
2362 5425 2431 5477 τὸ
2474 5425 2683 5495 λόγιον
2713 5425 2819 5479 τοῦ
2844 5426 3017 5494 ἁγίου
3061 5427 3309 5495 Ἰσραὴλ
3353 5427 3733 5496 παρώξυναν.

2155 5516 2266 5569 Καὶ
2300 5514 2570 5585 ἐθυμώθη
2604 5516 2751 5586 ὀργῆ
2783 5517 2997 5585 Κύριος
3023 5516 3267 5571 Σαϐαὼθ
3296 5518 3395 5571 ἐπὶ
3433 5518 3543 5570 τὸν
3582 5518 3738 5571 λαὸν

2157 5606 2367 5673 αὑτοῦ,
2393 5609 2489 5663 καὶ
2523 5608 2778 5664 ἐπέϐαλε
2812 5609 2927 5678 τὴν
2960 5609 3129 5680 χεῖρα
3158 5609 3347 5665 αὑτοῦ
3371 5609 3464 5664 ἐπ’
3490 5606 3736 5675 αὐτοὺς,
