4152 6366
361 315 469 373 105

1511 310 1577 373 IN
1622 309 1858 373 lSAlAM
1901 317 2028 372 LIB.
2068 305 2111 375 l.
2152 314 2363 378 onn.
2409 310 2497 379 tv'.

3554 316 3657 374 Ηοΰ

356 434 458 489 καὶ
490 432 795 497 ἐπάταξεν
820 432 1066 498 αὐτοὺς,
1098 432 1198 487 καὶ
1220 435 1582 505 παρωξύνθη
1613 437 1685 491 τὰ
1710 438 1839 506 ὄρη,
1861 438 1960 491 καὶ

2074 449 2185 493 sunt
2208 452 2429 510 montes,
2451 455 2497 497 et
2518 441 2627 513 97
2642 442 2784 512 facta
2826 440 3267 496 summorticinia
3316 456 3494 495 eorum
3521 448 3657 494 velut

355 525 613 595 ἐγενήθη
647 525 720 579 τὰ
748 525 1075 595 θνησιμαῖα
1105 526 1307 580 αὐτῶν
1350 528 1432 595 ὡς
1460 529 1676 598 κοπρία
1704 529 1960 600 ἐνμέσῳ

358 619 527 674 ὀδοῦ.

442 712 501 765 '0
561 710 875 781 σοφώτατος
917 709 1189 782 Ἱερεμίας
1226 713 1346 775 ταῖς
1374 711 1485 766 τῶν
1520 714 1792 769 Ἰουδαίων
1814 715 1960 784 ἀμα-

360 803 535 868 θείαις
570 821 631 856 τε
666 804 761 856 καὶ
790 803 1119 874 ὑπεροψίαις
1164 805 1489 874 ἐπιπλήττει
1519 804 1695 874 λέγων
1722 824 1736 837 ο
1778 825 1796 857 ι
1836 806 1961 870 Πῶς

360 895 561 963 ἐρεῖτε,
597 894 678 946 ὅτι
713 893 876 962 Σοφοί
937 896 1105 966 ἐσμεν
1157 896 1339 965 ἡμεῖς,
1394 897 1491 950 καὶ
1534 896 1698 966 νόμος
1752 897 1960 967 Κυρίου

366 987 484 1059 μεθ’
512 985 670 1058 ἡμῶν
703 988 891 1050 ἐστιν;
942 986 1037 1049 Εἰς
1074 987 1252 1057 μάτην
1284 987 1518 1057 ἐγενήθη
1556 988 1785 1057 σχοῖνος,
1822 987 1959 1057 ψευ-

362 1081 457 1151 δὴς
482 1078 869 1150 γραμματεὺς,
903 1078 1254 1150 ᾐσχύνθησαν
1281 1080 1457 1149 σοφοὶ,
1493 1080 1837 1151 ἐπτοήθησαν
1870 1082 1962 1134 καὶ

363 1173 629 1226 ἑάλωσαν.
653 1172 826 1241 Σοφία
857 1172 939 1235 τίς
978 1173 1127 1225 ἐστιν
1170 1174 1227 1225 ἐν
1260 1174 1477 1238 αὺτοίς;
1525 1173 1649 1226 Ὀτι
1676 1172 1768 1227 τὸν
1804 1173 1963 1242 λόγον

364 1264 573 1335 Κυρίου
598 1262 1031 1334 ἀπεδοκίμασαν.
1047 1283 1066 1315 ι
1093 1264 1448 1335 [Ιροσήκαντο
1466 1264 1564 1336 μὲν
1587 1264 1696 1337 γὰρ
1712 1264 1964 1335 οὐδαμῶς

361 1358 423 1411 τὸ
476 1359 747 1428 κήρυγμα
787 1357 848 1409 τὺ
901 1356 1293 1426 εὐαγγελικόν’
1332 1357 1448 1411 ἀλλ’
1484 1358 1607 1412 οὐδὲ
1653 1359 1819 1412 αὐτὸν
1872 1358 1964 1411 τὸν

364 1448 455 1502 διὰ
498 1447 746 1509 Μωσέως
784 1448 1110 1517 τετιμήκασι
1165 1447 1352 1517 νόμον.
1393 1447 1483 1511 Ὠς
1523 1448 1634 1520 γὰρ
1676 1448 1841 1511 αὐτδς
1884 1447 1963 1501 εἴ·

373 1556 541 1610 ρηκεν
572 1541 601 1592 ὁ
630 1538 893 1609 Χριστός·
924 1556 943 1589 ι
991 1539 1054 1592 Εἰ
1088 1539 1406 1593 ἐπιστεύετε
1447 1542 1645 1613 Μωσῇ,
1684 1541 1965 1594 ἐπιστεύε-

371 1650 430 1685 τε
472 1632 539 1685 ἂν
580 1631 731 1702 ἐμοί·
780 1633 908 1701 περί⁸
941 1631 1049 1703 γὰρ
1095 1632 1230 1704 ἐμοῦ
1264 1634 1473 1697 ἐκεῖνος
1501 1633 1772 1706 ἔγραψεν.
1806 1652 1824 1684 ι
1862 1634 1966 1687 Πε-

370 1724 798 1797 πλημμελήκασι
846 1725 1026 1778 τοίνυν
1054 1728 1173 1779 κατ’
1200 1725 1389 1797 ἄμφω,
1425 1728 1521 1780 καὶ
1556 1726 1966 1798 ἀπεδοκίμασαν

2064 528 2223 597 ﬁmus
2244 531 2301 584 in
2330 532 2500 585 medio
2534 536 2652 586 vite.

2140 706 2590 776 Sapientissimus
2632 707 2898 763 Jeremias
2947 706 3218 762 inscitiam
3257 704 3566 761 Iudaeorum
3605 715 3661 761 et

2068 796 2377 864 superbiam
2409 807 2580 863 taxat,
2628 798 2851 854 dicens:
2895 817 2914 850 ι
2949 798 3233 865 Quomodo
3279 798 3492 866 dicetis,
3555 798 3661 853 Sa-

2069 889 2283 958 pientes
2316 905 2505 944 sumus
2550 905 2693 956 nos,
2734 900 2789 945 et
2830 890 2915 945 lex
2952 892 3163 946 Domini
3205 892 3346 960 apud
3379 906 3475 946 nos
3539 893 3661 947 εωιῖ

2072 980 2255 1035 Vanus
2282 981 2457 1036 factus
2485 994 2570 1037 est
2595 982 2818 1052 juncus,
2844 982 3077 1037 mendax
3118 984 3334 1048 scriba;
3387 982 3660 1054 pudefacti

2068 1082 2199 1129 sunt
2231 1076 2525 1143 sapientes,
2582 1077 2855 1145 perterriti
2901 1088 3049 1142 sunt,
3106 1088 3162 1132 et
3191 1078 3336 1147 capti
3382 1090 3524 1132 sunt.
3560 1078 3662 1132 Sa—

2071 1168 2273 1236 pientia
2334 1182 2582 1237 quanam
2630 1167 2736 1222 illis
2799 1168 3041 1223 inest‘?
3098 1168 3365 1236 Quoniam
3428 1172 3653 1224 verbum

2071 1258 2286 1314 Domini
2338 1268 2727 1329 respuerunt.»
2780 1259 2967 1330 Neque
3010 1262 3155 1316 enim
3214 1264 3662 1331 praedicationem

2072 1352 2349 1423 Evangelii
2378 1354 2738 1418 admiserunt,
2770 1353 2879 1409 imo
2906 1368 3005 1408 nec
3037 1354 3207 1422 ipsam
3234 1354 3406 1423 legem
3453 1370 3482 1407 a
3514 1353 3665 1408 Mosc

2073 1446 2328 1499 traditam
2349 1444 2672 1500 coluerunt:
2709 1445 2947 1499 utetiam
2984 1447 3101 1515 ipse
3129 1444 3377 1501 Christus
3406 1447 3657 1501 dixerat:

2078 1556 2098 1590 ι
2146 1537 2202 1591 Si
2238 1538 2609 1593 credidissetis
2679 1536 2836 1601 Mosi,
2888 1538 3261 1592 credidissetis
3310 1539 3473 1593 mihi:
3532 1554 3659 1592 nam

2075 1631 2142 1686 de
2169 1646 2252 1684 me
2280 1630 2367 1684 ille
2392 1631 2613 1701 scripsit
2636 1631 2679 1685 ⁵.
2716 1649 2735 1681 ι
2775 1628 2979 1684 Contra
3035 1640 3327 1701 utrumque
3356 1646 3485 1703 ergo
3536 1624 3659 1685 deli-

2074 1731 2333 1793 querunt,
2368 1732 2424 1777 et
2478 1722 2575 1776 Dei
2607 1722 2831 1776 verbum
2876 1722 3231 1790 repmliarunt
3302 1723 3504 1785 miseri,
3568 1738 3661 1776 ne-

368 1821 415 1871 οί
461 1818 681 1872 δείλαιοι
709 1818 803 1871 τὸν
822 1817 916 1872 τοῦ
958 1817 1093 1871 Θεοῦ
1128 1818 1322 1886 λόγον,
1362 1820 1501 1890 μήτε
1540 1820 1640 1882 τὰς
1676 1820 1765 1873 διὰ
1795 1820 1965 1891 νόμου

2074 1830 2175 1885 que
2205 1815 2591 1882 praedictiones
2622 1814 2820 1884 legales
2844 1822 2901 1867 ut
2924 1828 3082 1868 veras
3107 1816 3449 1884 recipientes,
3487 1830 3661 1883 neque

369 1908 798 1980 προαγορεύσεις
821 1908 898 1972 ὡς
922 1908 1143 1980 ἀληθεῖς
1173 1909 1476 1980 δεχόμενοι,
1540 1911 1680 1981 μήτε
1730 1910 1836 1981 μὴν
1871 1912 1964 1964 τὸν

372 1998 635 2068 σωτήριον
674 1997 1032 2066 εὐαγγελικὸν
1070 1999 1456 2062 ἐπαινέσαντες
1482 1997 1657 2065 λόγον.
1696 1999 1965 2071 Ταύτητοι

369 2090 456 2144 διὰ
480 2091 946 2161 φωνῆςῚερεμίου
974 2092 1102 2163 περὶ
1129 2091 1311 2145 αὐτῶν
1338 2091 1441 2163 ἔφη
1467 2091 1620 2155 Θεός·
1640 2111 1658 2143 ι
1686 2092 1829 2164 Πρὸς
1846 2094 1968 2147 τίνα

370 2181 610 2253 λαλήσω,
647 2183 742 2236 καὶ
764 2181 1230 2253 διαμαρτύρομαι,
1265 2185 1356 2236 καὶ
1396 2183 1812 2250 είσακούσεται;
1856 2184 1965 2238 ἰδοὺ

370 2274 721 2345 ἀπερίτμητα
747 2275 815 2328 τὰ
837 2268 951 2328 ὦτα
980 2276 1181 2340 αὐτῶν,
1216 2278 1311 2330 καὶ
1329 2277 1389 2329 οὐ
1427 2276 1681 2330 δύνανται
1724 2277 1963 2331 ἀκούειν.

384 2360 513 2413 Ἰδοὺ
534 2360 596 2412 τὸ
626 2360 779 2431 ρἧα
808 2360 1017 2429 Κυρίου
1046 2360 1280 2431 ἐγενήθη
1307 2362 1489 2424 αὐτοῖς
1520 2364 1599 2425 είς
1626 2362 1929 2432 ὀνειδισμόν
1951 2378 1962 2390 ·

370 2450 431 2503 οὐ
457 2452 531 2521 μὴ
563 2449 900 2521 βουληθῶσιν
932 2450 1065 2503 αὐτὸ
1095 2448 1338 2504 ἀκούειν.
1377 2470 1394 2502 ι
1433 2448 1830 2514 Κατωνείδιζον
1858 2450 1968 2521 γὰρ

368 2544 433 2595 τὸ
461 2544 613 2616 ῥῆμα
660 2542 917 2614 Χριστοῦ,
949 2547 1061 2605 τοῖς
1098 2543 1472 2615 ἀκροωμένοις
1507 2544 1636 2614 περὶ
1679 2542 1843 2597 αὑτοῦ
1877 2542 1966 2595 λέ-

371 2648 563 2701 γοντες
592 2649 604 2662 ·
635 2651 653 2684 ι
704 2632 992 2703 Δαιμόνιον
1047 2633 1182 2704 ἔχει,
1226 2636 1321 2687 καὶ
1389 2634 1663 2705 μαίνεται,
1711 2636 1764 2687 τί
1799 2634 1967 2687 αὑτοῦ

369 2726 640 2793 ἀκούετε;
674 2746 693 2778 ι
744 2726 954 2780 Οὐκοῦν
992 2726 1293 2800 ἐπειδήπερ
1327 2728 1427 2780 οὑκ
1452 2727 1722 2799 ἠθέλησαν
1748 2729 1841 2781 τὸν
1878 2733 1967 2781 v6-

374 2837 479 2891 μον
508 2821 717 2891 Κυρίου
748 2818 999 2886 Σαϐαὼθ,
1033 2819 1399 2892 παρώτρυναν
1451 2820 1507 2874 δὲ
1545 2821 1641 2874 καὶ
1684 2821 1747 2874 τὸ
1785 2821 1967 2889 λόγιον

365 2911 467 2965 τοῦ
493 2912 653 2980 ἁγίου
696 2910 938 2983 Ἰσραὴλ,
986 2911 1130 2965 τοῦτ’
1168 2912 1308 2976 ἔστι,
1334 2911 1573 2984 Χριστοῦ
1598 2931 1612 2945 ο
1653 2912 1965 2984 Ἐθυμώθη,

366 3007 563 3075 φησὶν,
613 3005 774 3077 ὀργῇ,
821 3008 917 3058 καὶ
958 3005 1229 3072 ἐπάταξεν
1259 3005 1477 3072 αὐτοὺς,
1510 3007 1606 3061 καὶ
1635 3006 1965 3079 παρωξύνθη

360 3097 439 3151 τὰ
482 3095 608 3167 ὅρη.
644 3099 753 3151 Καὶ
785 3098 913 3152 ποῖά
943 3115 1108 3170 φησιν
1137 3100 1196 3151 ἐν
1228 3098 1439 3162 τούτοις
1468 3099 1567 3170 ὅρη
1593 3117 1608 3166 ;
1647 3100 1680 3171 ἢ
1722 3099 1966 3171 δηλονότι

358 3190 473 3253 τὰς
511 3190 802 3260 Ῥωμαίων
833 3191 1030 3262 ἀρχὰς,
1073 3190 1164 3245 διά
1201 3208 1284 3244 τοι
1318 3190 1379 3244 τὸ
1406 3193 1463 3243 ἐν
1496 3191 1623 3263 δόξῃ
1656 3195 1967 3263 περιφανεῖ,

360 3284 469 3338 καὶ
515 3284 576 3337 τὸ
606 3285 663 3336 ἐῢ
712 3283 1020 3355 ἀξιώμασιν
1053 3284 1403 3357 ἐπηρμένον;
1445 3286 1579 3338 Ἀπὸ
1607 3286 1663 3339 δὲ
1704 3286 1799 3339 τοῦ
1832 3303 1972 3358 παρ-

358 3375 664 3445 οξυνθῆναι
692 3376 762 3430 τὰ
794 3377 918 3448 ὅρη,
945 3378 1170 3446 γέγονεν
1193 3376 1374 3430 αὐτῶν
1405 3377 1481 3442 ὡς
1511 3378 1718 3449 κοπρία
1746 3379 1814 3433 τά
1840 3378 1971 3448 θνη-

359 3472 594 3541 σιμαῖα,
628 3468 771 3523 τοῦτ’
806 3471 979 3535 ἔστιν,
1024 3473 1072 3525 οἱ
1108 3474 1173 3525 ἐκ
1203 3472 1299 3525 τοῦ
1324 3471 1563 3541 πολέμου
1590 3471 1792 3543 νεκροὶ,
1822 3472 1971 3543 διερ-

359 3564 635 3635 ῥιμμένοι
661 3564 935 3634 πανταχῆ,
972 3564 1065 3618 καὶ
1086 3564 1230 3633 τάχα
1270 3581 1373 3617 που
1409 3563 1653 3633 κείμενοι
1704 3562 1967 3634 σωρηδὸν,

358 3657 468 3711 καὶ
488 3658 676 3710 πᾶσαν
705 3656 889 3710 αὐτῶν
911 3655 1255 3726 πιμπλάντες
1276 3655 1377 3728 τὴν
1394 3654 1601 3726 χώραν.
1633 3656 1744 3710 Καὶ
1767 3656 1971 3728 ἐτέρως

355 3751 421 3805 δέ
459 3750 612 3804 κατὰ
648 3749 756 3803 τῶν
808 3749 1257 3821 παροτρυνόντων
1302 3748 1390 3801 διὰ
1419 3748 1518 3820 τῆς
1550 3746 1837 3811 ἀπειθείας
1877 3747 1971 3800 τὸν

352 3843 479 3897 τῶν
508 3843 653 3898 ὅλων
682 3843 913 3914 Σωτῆρα
955 3842 1110 3897 Θεόν.
1157 3841 1596 3913 Παροτρύνονται
1618 3842 1727 3914 γὰρ
1772 3844 1873 3914 δρη
1900 3842 1971 3896 τὰ

355 3937 567 4008 νοητὰ,
599 3935 745 3990 τοῦτ’
800 3934 966 4000 ἐστιν,
1024 3934 1193 4006 ἁρχαὶ
1228 3939 1323 3988 καὶ
1352 3933 1619 4000 ἐξουσίαι,
1668 3936 1763 3989 καὶ
1784 3936 1834 3987 οἱ
1880 3952 1973 3989 κο-

356 4028 755 4101 σμοκράτορες
800 4026 892 4080 τοῦ
946 4026 1174 4089 σκότους
1200 4026 1416 4080 τούτου.
1450 4021 1525 4081 Οῦ
1564 4025 1629 4096 δὴ
1662 4027 1969 4096 γεγονότος,

353 4122 531 4178 πᾶσά
584 4136 702 4183 πως
755 4118 968 4189 ἀνάγκη
1017 4118 1108 4171 τὸν
1165 4117 1341 4189 ψυχῆς
1391 4118 1682 4188 ὑπομεῖναι
1742 4116 1974 4171 θάνατον

350 4216 497 4278 τοὺς
544 4211 1023 4282 ὑπενηνεγμένους
1076 4210 1279 4273 αὐτοῖς.
1351 4210 1810 4281 Ἐπικουροῦντος
1872 4210 1972 4282 μὲν

351 4308 476 4379 γὰρ
524 4302 625 4358 τοῦ
652 4304 831 4358 πάντα
876 4300 1156 4372 ἰσχύοντος
1208 4300 1370 4366 Θεοῦ,
1404 4302 1509 4356 κᾶν
1561 4302 1972 4374 παροτρύνηται

352 4399 491 4455 καθ’
520 4394 689 4467 ήμῶν
708 4394 777 4447 τὰ
800 4393 926 4464 δρη,
969 4392 1126 4461 λόγος
1173 4391 1355 4445 αὐτῶν
1400 4392 1593 4455 οὐδείς.
1654 4392 1972 4463 Γέγραπται

2067 1907 2288 1962 ειιιυιετί
2340 1906 2759 1977 evangelicoque
2799 1906 3039 1960 sermoni
3092 1904 3473 1975 sttﬂ‘ragantes.
3501 1907 3663 1960 Idcir-

2066 2014 2133 2055 co
2164 2014 2297 2053 voce
2325 1996 2575 2053 Jeremite
2607 1999 2673 2052 de
2718 1997 2852 2065 ipsis
2898 1997 3110 2052 locutus
3159 2008 3243 2052 est
3272 1998 3455 2053 Dens:
3500 2016 3519 2050 ι
3581 1999 3660 2051 Ad

2068 2106 2228 2162 quem
2263 2091 2474 2160 loquar,
2538 2099 2595 2146 et
2644 2092 3018 2156 contestabor,
3046 2102 3101 2146 et
3152 2091 3454 2145 exaudiet?
3524 2090 3663 2144 Ecce

2070 2182 2466 2237 incircumcisaa
2510 2196 2671 2237 aures
2733 2197 2961 2247 eorum,
3016 2197 3118 2237 nec
3174 2191 3402 2252 possunt
3451 2182 3657 2236 audire.

2072 2275 2211 2330 Ecce
2261 2276 2487 2329 verbmn
2542 2271 2759 2329 Domini
2819 2274 3021 2328 factum
3075 2283 3159 2327 est
3206 2273 3311 2327 illis
3362 2273 3413 2327 in
3459 2286 3661 2341 Oppi-o-

2068 2366 2269 2421 brium.
2320 2365 2523 2420 Nolunt
2558 2367 2687 2421 illud
2723 2367 2911 2420 audire
2942 2367 2983 2421 ⁶.
3020 2386 3038 2417 ι
3077 2366 3299 2421 Probris
3327 2366 3469 2420 enim
3511 2381 3664 2420 com-

2072 2460 2413 2514 macularunt
2446 2461 2670 2513 verbum
2714 2457 2967 2523 Domini,
3024 2473 3144 2512 cum
3181 2460 3246 2513 de
3288 2459 3404 2528 ipso
3436 2458 3662 2511 audient-

2068 2553 2213 2607 tibus
2240 2552 2531 2607 dicerent:
2596 2570 2615 2603 ι
2658 2549 2994 2605 Dmmonium
3058 2549 3261 2613 habet,
3308 2559 3362 2603 et
3416 2549 3659 2614 insanit;

2070 2645 2199 2714 quid
2253 2643 2401 2697 illum
2443 2643 2688 2700 auditis'
2725 2643 2748 2695 ?
2791 2660 2809 2696 ι
2850 2643 2984 2698 Cum
3039 2656 3171 2713 ergo
3214 2641 3387 2712 legem
3446 2641 3657 2696 Domini

2071 2736 2311 2793 Sabaoth
2364 2752 2468 2791 non
2505 2737 2799 2801 voluerint,
2844 2735 3135 2790 irritarunt
3172 2735 3452 2789 oraculum
3486 2736 3659 2789 sancti

2078 2828 2283 2894 Israel,
2350 2830 2402 2884 id
2455 2836 2558 2894 est,
2613 2830 2837 2885 Christi.
2892 2828 3214 2883 Commotus
3270 2838 3387 2895 est,
3446 2826 3661 2897 inquit,

2073 2923 2277 2986 furore,
2313 2932 2369 2977 et
2399 2922 2672 2992 percussit
2703 2935 2818 2988 eos,
2849 2930 2903 2976 et
2926 2921 3235 2976 exacerbati
3259 2929 3388 2975 sunt
3427 2930 3659 2974 montes.

2072 3014 2347 3082 Quosnam
2388 3014 2520 3069 dicit
2543 3015 2631 3069 hic
2660 3014 2915 3069 montes?
2945 3030 3123 3068 annon
3158 3012 3411 3068 videlicet
3460 3010 3663 3066 Romu-

2076 3124 2203 3161 num
2249 3107 2534 3177 imperium
2566 3115 2785 3177 propter
2830 3105 3171 3177 splendorem
3219 3104 3425 3174 glorize,
3478 3118 3531 3160 et
3577 3106 3661 3159 di-

2072 3200 2297 3271 gnitatis
2330 3199 2719 3255 eminentiam?
2751 3198 2827 3253 Eo
2849 3200 2991 3267 quod
3016 3199 3329 3255 exacerbati
3358 3209 3486 3254 sunt
3512 3214 3666 3252 mon-

2075 3304 2176 3360 tes,
2208 3293 2351 3348 facta
2377 3304 2506 3348 sunt
2537 3293 2845 3349 morticinia
2906 3308 3093 3348 eorum
3141 3294 3298 3363 quasi
3366 3293 3545 3357 (linus,
3609 3293 3663 3347 itl

2071 3394 2174 3451 est,
2209 3387 2299 3454 qui
2339 3386 2389 3439 in
2420 3383 2562 3439 bello
2592 3385 2786 3438 mortui
2846 3392 2991 3447 sunt,
3064 3385 3265 3452 passim
3319 3391 3375 3438 et
3430 3385 3661 3452 sparsim

2072 3474 2297 3546 proiecti
2328 3484 2475 3538 sunt,
2512 3482 2566 3528 et
2596 3472 2895 3527 acervatim
2948 3471 3263 3542 jacuerunt,
3318 3470 3662 3524 universam-

2080 3584 2187 3640 que
2208 3568 2483 3638 regionem
2513 3580 2702 3621 eorum
2739 3564 3105 3634 repleverunt.
3148 3562 3457 3628 Quinetiam
3508 3561 3663 3615 aliter

2072 3662 2139 3719 de
2184 3663 2269 3717 bis
2307 3662 2398 3733 qui
2427 3676 2523 3732 per
2552 3661 2977 3717 inobedientiam
3025 3661 3268 3716 omnium
3306 3657 3660 3713 Servatorem

2072 3756 2240 3811 Deum
2295 3756 2737 3819 exacerbarunt,
2800 3752 3023 3823 intelligi
3066 3760 3270 3821 potest.
3330 3749 3653 3804 Exarerbati

2072 3860 2199 3903 sunt
2227 3848 2371 3902 enim
2410 3854 2622 3901 montes
2644 3846 3032 3917 intelligibiles,
3065 3845 3115 3899 id
3148 3853 3255 3908 est,
3285 3843 3653 3912 principatus,

2073 3948 2126 3993 et
2152 3947 2469 4008 potestates,
2493 3945 2548 3990 et
2598 3938 2782 3991 mundi
2831 3936 3059 4003 domini,
3113 3945 3352 3989 rectores
3414 3931 3665 3987 tenebra-

2074 4048 2192 4086 rum
2214 4032 2405 4084 harum
2434 4030 2477 4085 ⁸.
2504 4029 2656 4096 Quod
2690 4028 2780 4082 ubi
2806 4028 2887 4093 Iit,
2919 4042 3012 4082 eos
3039 4028 3129 4097 qui
3154 4027 3349 4082 subditi
3387 4025 3490 4080 illis
3516 4036 3663 4089 sunt,

2078 4131 2310 4177 mortem
2356 4122 2552 4176 animae
2597 4122 2781 4176 subire
2829 4121 3052 4176 omnino
3083 4130 3167 4175 est
3218 4134 3522 4174 necessum.
3581 4118 3668 4174 Et-

2072 4215 2218 4269 enim
2261 4216 2370 4269 Deo
2398 4215 2604 4285 Optimo
2636 4214 2873 4268 maximo
2904 4214 3180 4283 suppetias
3224 4212 3455 4276 ferente,
3492 4227 3666 4281 quan-

2072 4309 2272 4363 tumvis
2298 4317 2483 4362 contra
2511 4322 2610 4362 nos
2639 4308 3034 4363 excanduerint
3069 4317 3310 4371 montes,
3361 4306 3506 4360 nulla
3567 4319 3666 4359 eo-

2076 4416 2193 4453 rum
2224 4400 2361 4454 ratio
2390 4398 2643 4453 babenda
2669 4410 2773 4457 est.
2808 4398 3083 4469 Scriptum
3115 4410 3199 4454 est
3231 4399 3375 4453 enim
3405 4416 3417 4451 :
3448 4397 3667 4452 Castra-

350 4493 499 4563 γὰρ,
528 4491 619 4543 ὅτι
649 4485 1003 4558 Παρεμὸαλεί
1036 4484 1263 4554 ἄγγελος
1299 4484 1503 4557 Κυρίου
1533 4484 1719 4555 κύκλῳ
1742 4484 1852 4537 τῶν
1873 4502 1968 4555 φο-

2082 4489 2372 4544 metabitur
2401 4488 2627 4559 angelus
2692 4488 2903 4544 Domini
2958 4489 3104 4544 circa
3161 4489 3414 4542 timentes
3464 4491 3662 4557 ipeum,

354 4582 664 4654 ὁρωμένων
697 4579 881 4640 αὐτὸν,
928 4578 1022 4629 καὶ
1076 4576 1299 4647 ῥύσεται
1360 4575 1578 4633 αὐτούς.
1622 4576 1975 4644 Ἀιριστάντος

350 4678 411 4729 δὲ
473 4674 592 4745 τὴν
638 4672 817 4742 χεῖρα,
855 4669 950 4723 καὶ
991 4669 1093 4721 οὐκ
1138 4665 1217 4720 ἔτι
1271 4666 1466 4732 σώζειν
1520 4668 1874 4738 ἀνεχομένου,
1914 4669 1977 4722 τὸ

351 4764 639 4840 τηνικάδε
673 4760 990 4833 κεισόμεθα,
1045 4760 1138 4813 καὶ
1178 4760 1424 4831 κοπρίων
1466 4760 1623 4831 δίκην
1658 4761 1764 4814 ὑπὸ
1808 4760 1978 4825 πόδας

348 4863 469 4916 τῶν
501 4856 731 4929 ἐχθρῶν
752 4855 1013 4926 ἐσόμεθα.

438 4970 591 5025 Ἐπὶ
646 4966 796 5022 πᾶσι
848 4968 1083 5035 τούτοις
1142 4969 1255 5021 οὐκ
1308 4967 1666 5036 ἀπεστράφη
1696 4969 1730 5021 ό
1762 4969 1973 5037 θυμὸς,

351 5066 505 5121 ἀλλ’
574 5062 669 5115 ἔτι
701 5062 739 5129 ἡ
767 5061 894 5130 χεὶρ
959 5060 1196 5130 ὑψηλή.
1265 5060 1590 5128 Τοιγαροῦν
1635 5059 1771 5128 ἀρεῖ
1822 5061 1977 5115 σύσ-

352 5171 581 5228 σημον
614 5151 686 5205 ἐν
726 5150 850 5216 τοῖς
905 5152 1107 5205 ἔθνεσι
1161 5150 1289 5217 τοῖς
1344 5151 1602 5220 μακρὰν,
1652 5151 1749 5205 καὶ
1784 5151 1986 5221 συριεῐ

354 5248 586 5312 αὐτοῖς
616 5245 719 5297 ἀπ’
743 5243 932 5312 ἄκρου
964 5242 1074 5309 τῆς
1106 5243 1244 5312 γῆς.
1296 5243 1407 5297 Καὶ
1451 5243 1581 5296 ἰδοὺ
1633 5242 1786 5312 ταχὺ
1840 5246 1978 5298 κού-

357 5362 492 5415 ρως
535 5340 832 5408 ἔρχονται
854 5354 868 5369 ·
895 5339 967 5391 οὐ
999 5336 1423 5400 πεινάσουσιν,
1458 5335 1603 5390 οὐδὲ
1647 5335 1977 5391 κοπιὰσου-

359 5454 504 5498 σιν,
557 5430 714 5487 οὐδὲ
771 5430 1207 5496 νυστάζουσιν,
1278 5428 1423 5483 οὐδὲ
1481 5428 1974 5499 κοιμηθήσονται,

359 5529 516 5585 οὐδὲ
582 5523 677 5596 μὴ
723 5525 962 5579 λύσωσι
1014 5525 1123 5590 τὰς
1181 5522 1366 5589 ζώνας
1428 5522 1630 5577 αὐτῶν
1690 5523 1810 5578 ἀπὸ
1865 5523 1978 5591 τῆς

360 5622 627 5691 ὀσφύος
649 5614 867 5682 αὐτῶν,
888 5614 1015 5669 οὐδ’
1034 5617 1106 5669 οὐ
1116 5616 1205 5685 μὴ
1216 5614 1493 5685 ραγῶσιν
1513 5618 1567 5669 oi
1591 5614 1835 5684 ἱμάντες
1859 5616 1979 5669 τῶν

2072 4592 2128 4637 ει
2156 4592 2314 4637 eruet
2357 4596 2472 4637 eos.
2509 4582 2603 4635 Sin
2639 4596 2861 4635 manum
2902 4582 2990 4635 ille
3030 4583 3385 4645 subtraxerit,
3425 4594 3523 4634 nec
3550 4580 3663 4649 jam

2074 4690 2295 4729 servare
2334 4674 2677 4738 sustinuerit,
2709 4682 2839 4730 tunc
2868 4673 3170 4743 jacebimus
3191 4716 3205 4738 ,
3236 4684 3292 4728 et
3326 4674 3470 4729 velut
3522 4684 3664 4743 ster—

2076 4780 2173 4819 cus
2200 4765 2425 4834 pedibus
2474 4764 2817 4819 inimicorum
2854 4766 3289 4820 substeruemur.

2151 4965 2266 5037 98
2285 4965 2446 5020 Vens.
2466 4964 2740 5020 25430.11:
2764 4968 3003 5022 omnibus
3029 4969 3107 5023 Itis
3122 4986 3224 5024 non
3247 4988 3429 5024 aversa
3457 4983 3532 5026 eu
3562 4975 3668 5037 im,

2083 5062 2173 5115 sed
2205 5059 2380 5111 adhuc
2413 5074 2603 5111 manus
2629 5059 2856 5113 excelsa.
2898 5059 3091 5130 Itaque
3132 5062 3322 5115 levabit
3356 5067 3563 5133 signum
3611 5068 3665 5119 in

2084 5153 2328 5224 gentibus,
2366 5150 2685 5221 longinquis,
2725 5161 2775 5207 et
2820 5155 3116 5207 assibilubit
3164 5156 3271 5209 illis
3327 5157 3392 5209 ab
3435 5167 3668 5211 extremo

2084 5259 2257 5303 terrae.
2298 5250 2366 5303 Et
2411 5260 2527 5298 ecce
2570 5246 2673 5298 cito
2731 5245 2912 5299 leviter
2950 5247 3205 5302 venient:
3253 5264 3355 5302 non
3413 5252 3666 5314 esuriant,

2086 5359 2248 5413 neque
2283 5342 2618 5406 laborabunt,
2666 5357 2826 5411 neque
2857 5342 3245 5408 dormitabuut,
3282 5361 3445 5412 neque
3486 5362 3670 5400 conso-

2084 5439 2311 5505 pienlur,
2353 5452 2515 5506 neque
2544 5436 2739 5489 solvent
2770 5436 2985 5505 cingula
3021 5453 3119 5489 sua
3158 5456 3189 5491 α
3225 5436 3403 5492 lumbo
3433 5456 3550 5504 suo,
3576 5457 3668 5492 ne—

2086 5544 2183 5598 que
2226 5539 2534 5594 rumpantur
2570 5526 2812 5596 corrigiw
2866 5527 3165 5581 calceorum
3226 5530 3456 5597 ipsorum
3486 5548 3505 5586 :
3549 5546 3674 5599 quo-

2088 5632 2204 5668 rum
2237 5615 2340 5669 tela
2378 5624 2536 5669 acuta
2566 5626 2711 5681 sunt,
2748 5624 2797 5671 et
2830 5634 2987 5672 arcus
3017 5634 3198 5672 eorum
3245 5621 3467 5676 extensi.
3500 5617 3683 5675 Pedes

430 5782 454 5812 ⁸
480 5776 708 5835 Jerem.
742 5788 858 5843 vm,
915 5773 969 5839 8,
1002 5776 1056 5829 ‘J.
1135 5773 1154 5804 '
1182 5771 1338 5830 Joau.
1374 5787 1424 5841 ι’,
1475 5770 1564 5828 46.
1634 5774 1665 5849 7‘
1707 5770 1908 5830 Jercm.
1950 5788 1968 5825 \

2074 5773 2143 5829 ιο.
2224 5774 2239 5804 ⁷
2276 5772 2429 5830 Jaan.
2466 5789 2517 5841 κ,
2544 5773 2635 5827 ‘20.
2678 5774 2697 5805 ⁸
2727 5774 2918 5847 Epltes.
2960 5793 3035 5841 vn,
3066 5775 3155 5831 12.
