4152 6366
464 332 566 391 167
1466 333 1527 388 S.
1568 328 1854 386 CYIlILLl
1892 328 2370 388 ALEXANDRINI
2411 328 2739 387 ARLZIIIEI’.
3659 336 3762 397 I68

460 467 719 521 equorum
768 465 951 505 eorum
984 460 1038 505 ut
1075 452 1249 504 murta
1298 459 1447 519 petra
1476 448 1705 517 reputati
1736 459 1891 502 sunt:
1928 459 2041 503 rata

2158 450 2562 520 ὑποδημάτων
2582 450 2804 518 αὐτῶν,
2828 443 2917 505 ὧν
2956 451 3031 506 τὰ
3066 450 3228 520 ,ϐέλη
3259 452 3403 518 ὀξέα
3450 453 3609 521 ἐστί,
3659 456 3765 510 καί

459 561 713 599 curruum
771 546 1005 614 ipsorum
1058 544 1211 617 quasi
1267 552 1566 610 tempestas.
1630 539 1851 594 Irruunt
1899 541 2041 610 quasi

2159 545 2233 598 τὰ
2277 544 2425 608 τόξα
2456 542 2655 597 αὐτῶν
2676 543 3058 613 ἐντεταμένα.
3090 547 3155 599 οι
3194 545 3379 613 πόδες
3402 546 3523 601 τῶν
3560 548 3763 602 ἵππων

460 637 657 701 leones,
702 647 749 689 et
789 639 1071 690 astiterunt
1104 634 1258 706 quasi
1296 633 1505 686 catulus
1536 630 1724 685 leonis.
1766 629 1835 684 Et
1871 649 2041 701 appre-

2155 632 2358 688 αὐτῶν
2384 633 2465 698 ὡς
2501 633 2716 703 στερεὰ
2752 632 2941 703 πέτρα
2972 634 3420 705 ἐλογίσθησαν*
3461 638 3517 690 οἱ
3555 637 3761 707 τροχοὶ

461 731 652 783 hendet
672 740 718 783 et
742 729 1116 797 rocil‘erabitur
1130 728 1282 795 quasi
1302 725 1439 793 fera,
1463 734 1513 779 et
1538 724 1738 794 injiciet
1755 742 1829 791 se,
1849 740 1941 777 nec
1958 727 2041 777 erii

2158 722 2278 779 τῶν
2327 722 2608 793 ἁρμάτων
2641 723 2843 779 αὐτῶν
2881 726 2963 791 ὡς
2993 726 3281 795 καταιγίς.
3340 727 3631 797 Ὀρμῶσιν
3678 726 3761 794 ὡς
3803 763 3817 790 ι

459 825 550 891 qui
599 823 812 886 eripiat.
870 821 939 874 Et
984 821 1357 888 vociferabitur
1398 827 1612 888 prapter
1647 818 1789 886 ipso:
1817 818 1903 872 die
1939 818 2029 871 illo

2156 817 2421 884 λέοντες,
2455 816 2555 871 καὶ
2574 818 3036 886 παρεστήκασιν
3069 820 3148 886 ὠς
3181 821 3456 890 σκύμνος
3485 820 3759 887 λέοντος.
3812 805 3821 816 ’

462 926 517 969 ιιι
544 918 749 969 sonitus
802 916 964 968 maris
989 913 1319 975 inundantia,
1347 922 1393 965 et
1425 912 1699 980 inspicient
1739 912 1795 964 in
1831 920 2041 975 terram,

2156 910 2269 964 Kal
2316 908 2701 977 ἐπιλήψεται,
2751 910 2851 963 καὶ
2902 910 3205 977 βοήσεται
3245 911 3327 977 ὠς
3372 913 3604 980 θηρίον,
3658 912 3761 967 καὶ

458 1021 507 1063 et
542 1027 659 1064 ecce
674 1010 844 1078 caligo
879 1019 1013 1065 tetra
1050 1008 1104 1060 in
1129 1022 1310 1059 eorum
1341 1005 1542 1073 inopia.

2156 1002 2417 1067 ἐκϐαλεῖ,
2464 1002 2566 1056 καὶ
2614 1004 2727 1057 οὐκ
2767 1003 2941 1058 ἐσται
3000 1006 3034 1058 ό
3079 1003 3400 1073 ῥυόμενος.
3450 1004 3562 1060 Kal
3604 1004 3761 1071 ,ϐοή-

458 1120 631 1159 σεται
668 1103 742 1156 δι’
779 1101 1005 1166 αὐτοὺς
1044 1099 1113 1154 ἐν
1165 1098 1239 1167 τῇ
1272 1098 1464 1167 θήμέρᾳ
1522 1100 1752 1168 ἐκείνῃ,
1792 1099 1874 1165 ὡς
1921 1097 2091 1167 φωνὴ
2148 1094 2476 1163 θαλάσσης
2532 1096 2986 1165 κυμαινούσης,
3042 1096 3144 1151 καὶ
3194 1098 3599 1170 ἐμϐλέψονται
3670 1100 3757 1167 είς

457 1199 596 1269 γῆν,
649 1197 749 1250 καὶ
811 1195 939 1249 ἰδοὺ
989 1196 1213 1260 σκότος
1259 1195 1535 1263 σκληρὸν
1580 1196 1651 1250 ὲν
1704 1192 1779 1263 τῇ
1831 1192 2050 1261 ἀπορίᾳ
2083 1188 2303 1245 αὐτῶν.

528 1290 681 1357 Quod
718 1292 796 1342 ira
826 1288 879 1341 in
917 1304 1011 1342 eos
1039 1286 1185 1355 justa
1237 1286 1532 1357 iudicantis
1585 1288 1674 1344 hic
1710 1303 1814 1342 non
1871 1288 2049 1352 sistet,

458 1384 553 1437 sed
580 1382 807 1435 ulterius
838 1381 1239 1451 progredietur,
1277 1395 1340 1433 ex
1374 1380 1460 1435 his
1485 1396 1605 1449 qua:
1631 1381 1743 1451 jam
1775 1380 2049 1449 proposita

458 1484 606 1537 sunt,
642 1473 987 1542 perspicuum
1018 1475 1141 1527 crit.
1182 1468 1319 1525 Nam
1345 1472 1471 1526 licet
1492 1473 1791 1527 crudeliter
1829 1471 2050 1536 vastati,

459 1565 604 1618 fame
632 1574 685 1618 et
716 1564 804 1617 siti
834 1564 1030 1631 pressi,
1063 1565 1303 1635 bellique
1344 1564 1753 1620 calamitatibus
1807 1564 2049 1632 impliciti

457 1657 662 1711 fuerint
714 1657 931 1721 miselli,
990 1668 1170 1713 tamen
1236 1658 1288 1711 in
1359 1658 1461 1711 hac
1522 1658 1808 1711 aversione
1851 1672 1879 1709 a
1940 1656 2051 1710 Deo

2231 1284 2356 1336 Ὅτι
2406 1282 2482 1354 μὴ
2532 1283 2693 1354 μέχρι
2746 1282 2953 1338 τούτων
2984 1282 3053 1337 τὰ
3081 1284 3180 1355 τῆς,
3237 1285 3327 1339 ἐπ’
3361 1286 3543 1351 αὐτοῖς
3585 1286 3757 1359 ὀργῆς

2162 1377 2566 1448 μετρηθήσεται
2598 1378 2751 1449 παρά
2770 1378 2865 1434 τοῦ
2890 1379 2960 1433 τά
2991 1379 3178 1434 δίκαια
3198 1381 3498 1452 κρίνοντος,
3550 1384 3758 1455 προὸήυ

2160 1486 2311 1522 σεται
2327 1469 2382 1522 δὲ
2404 1472 2498 1524 καὶ
2518 1471 2797 1537 ἐπέκεινα,
2823 1475 3076 1543 σαφηνιεῖ
3108 1474 3168 1528 τὸ
3206 1475 3589 1547 προκείμενον.
3613 1477 3754 1531 Καί-

2157 1578 2240 1615 τοι
2274 1562 2383 1633 γὰρ
2412 1563 2618 1634 ἀγρίως
2632 1561 3064 1636 πεπορθημένοι,
3093 1565 3309 1637 λιμῷτε
3336 1568 3756 1638 καίδίψειπεπι-

2158 1654 2399 1725 εσμένοι,
2426 1655 2523 1709 καὶ
2567 1659 2687 1720 ταῖς
2717 1656 2811 1710 τοῦ
2849 1656 3089 1729 πολέμου
3126 1661 3436 1730 συμφοραῖς
3469 1660 3755 1724 ὲναλόντες

459 1751 839 1819 perstiterunt,
875 1764 974 1805 nec
994 1748 1064 1802 ab
1092 1752 1169 1803 ira
1213 1750 1369 1804 liberi
1409 1752 1787 1819 immunesque
1811 1748 2041 1804 fuerunt.

2157 1749 2204 1799 οἱ
2235 1747 2479 1812 δείλαιοι,
2521 1751 2896 1820 μεμενήκασιν
2922 1752 2979 1803 ὲν
3005 1750 3326 1823 ἀποστροφῇ
3346 1750 3505 1819 Θεοῦ,
3524 1753 3619 1806 καὶ
3651 1754 3754 1807 οὐκ

459 1841 573 1895 Iloc
597 1843 767 1907 enim,
790 1843 1006 1912 opinor,
1058 1843 1331 1913 signiticat
1363 1843 1452 1898 ubi
1481 1844 1585 1896 ait:
1613 1844 1806 1897 Adhuc
1856 1856 2041 1899 ntauus

2152 1839 2259 1903 ἔξω
2297 1840 2555 1908 γεγόνασι
2578 1842 2679 1909 τῆς
2699 1842 2889 1913 ὀργῆς.
2924 1842 3094 1897 Τοῦτο
3127 1844 3258 1914 γὰρ,
3294 1842 3469 1915 οἶμαι,
3495 1844 3753 1916 σημαίνει

457 1934 690 1998 excelsa,
728 1936 925 2005 quippe
969 1936 1170 1990 feriens
1202 1951 1296 1990 eos
1330 1936 1423 2005 qui
1451 1946 1832 2005 peccaverunt.
1880 1935 1936 1989 In
1964 1936 2045 1989 al-

459 2036 572 2081 tum
624 2028 771 2081 enim
833 2043 1053 2096 semper
1117 2028 1367 2082 elevatur
1412 2043 1605 2082 manus
1665 2028 2042 2097 percutientis.

458 2119 593 2174 Dein
618 2135 737 2187 qua:
768 2129 823 2173 et
847 2129 1049 2189 quanta
1082 2121 1349 2174 montium
1414 2119 1647 2174 irritatio
1696 2121 1768 2174 sit
1839 2117 2044 2188 futura,

456 2222 513 2265 et
539 2214 629 2282 qui
660 2214 860 2268 furoris
884 2228 1074 2267 eorqu
1118 2213 1427 2268 administri
1468 2221 1651 2279 erunt,
1680 2224 1881 2282 quanta
1921 2229 2046 2269 cum

458 2310 780 2364 fortitudine
805 2319 859 2363 et
881 2310 1131 2372 audacia,
1180 2322 1234 2364 et
1261 2310 1479 2365 insueta
1530 2310 1583 2364 in
1642 2310 1892 2365 homines
1944 2310 2047 2363 itit-

458 2403 718 2457 tnanitate
756 2412 808 2455 et
836 2403 1042 2456 saevitia
1069 2403 1405 2465 adoricntur,
1434 2401 1679 2455 declarat
1707 2417 1831 2454 cum
1867 2400 2001 2455 dicit
2027 2419 2042 2456 :

460 2512 479 2545 ι
513 2494 700 2565 Itaque
731 2495 932 2548 levabit
984 2494 1198 2564 signum
1247 2494 1301 2548 in
1354 2494 1608 2563 gentibus
1658 2493 1985 2562 longinquis.
2019 2513 2039 2545 ι

454 2586 572 2641 Non
605 2588 749 2641 enim
784 2586 949 2640 vicini
986 2594 1167 2649 erant,
1219 2584 1648 2640 autJudzeorum
1683 2586 1889 2655 regioni
1918 2601 2046 2641 con-

457 2680 697 2745 termini,
718 2679 807 2748 qui
840 2694 958 2733 eam
985 2688 1287 2741 vastarunt,
1317 2687 1372 2731 et
1395 2676 1771 2749 Hierosolyma
1791 2690 2045 2733 cunctas-

454 2788 561 2843 que
589 2770 897 2825 Iudaeorum
930 2772 1091 2825 urbes
1129 2780 1481 2836 cremarunt;
1516 2771 1610 2825 sed
1641 2786 1707 2825 ex
1730 2770 2045 2840 longinquis

458 2864 775 2933 regionibus
805 2872 859 2918 et
886 2878 951 2917 ex
980 2862 1127 2917 omni
1155 2873 1299 2917 terra
1335 2864 1651 2931 congregati
1682 2882 1696 2916 :
1734 2864 2046 2933 complures

455 2959 677 3026 quippe,
704 2956 813 3010 imo
840 2955 1267 3009 innumerabiles
1293 2954 1600 3025 conjunctis
1630 2957 1802 3025 capiis
1850 2967 1905 3011 et
1932 2956 2044 3026 cly-

454 3050 574 3118 peis
605 3048 991 3118 Vespasianum
1015 3058 1069 3102 et
1098 3046 1279 3101 Titum
1302 3048 1650 3117 adjuverunt.
1676 3048 2037 3119 Signumque,

2149 1931 2324 2001 λέγων
2344 1932 2557 1997 τὸ,Ἕτι
2583 1935 2615 2003 ή
2639 1937 2760 2005 χεὶρ
2782 1934 2985 2006 ὑψηλὴ,
3008 1936 3088 1989 ὅτι
3108 1935 3419 2006 πλήττουσα
3432 1938 3555 2001 τοὺς
3578 1939 3755 2010 ἡμαρ-

2148 2023 2402 2093 τηκότας.
2441 2023 2607 2094 Ὑψοῦ
2644 2024 2753 2096 γὰρ
2788 2025 2875 2079 ἀεί
2903 2044 3022 2090 πως
3047 2029 3081 2098 ὴ
3118 2027 3213 2081 τοῦ
3244 2029 3495 2093 παίοντος
3537 2031 3751 2101 αἴρεται

2149 2118 2291 2187 χείρ.
2326 2113 2461 2172 Εἶτα
2486 2118 2627 2189 τίςῆ
2670 2119 2835 2182 πόσος
2886 2122 2915 2172 ὁ
2963 2119 3073 2173 τῶν
3112 2120 3257 2192 ὀρῶν
3306 2121 3461 2175 ἔσται
3508 2122 3752 2193 παροξυ-

2152 2206 2290 2276 σμὸς
2316 2251 2328 2274 ,
2359 2207 2505 2271 τίνες
2538 2208 2595 2261 δὲ
2622 2209 2720 2263 καὶ
2764 2210 2815 2263 oi.
2845 2213 2959 2274 τοῖς
2993 2212 3221 2266 ἐκείνων
3276 2213 3752 2285 ὑπηρετησόμενοι

2150 2299 2369 2371 θυμοῖς,
2395 2304 2488 2355 καὶ
2516 2302 2635 2372 μεθ’
2661 2304 2794 2375 ὅσης
2817 2305 3041 2375 ἥξουσιν
3066 2305 3318 2377 ἀνδρείας
3340 2323 3401 2358 τε
3432 2307 3526 2360 καὶ
3568 2307 3753 2361 εὐτολ-

2152 2392 2303 2463 μίας,
2358 2394 2453 2446 καὶ
2512 2396 2612 2465 τῆς
2652 2396 2732 2458 εἰς
2794 2394 3121 2467 ἀνθρώπους
3176 2395 3380 2466 ἀήθους
3442 2396 3748 2469 ὠμότητος,

2147 2484 2439 2554 ἐμφανίζει
2472 2486 2647 2554 λέγων
2667 2503 2682 2518 ⁸
2721 2508 2739 2539 ι
2761 2486 3068 2557 Τοιγαροῦν
3088 2490 3213 2559 ἀρεῖ
3244 2488 3527 2560 σύσσημον
3556 2491 3614 2545 ὲν
3638 2494 3752 2556 τοῖς

2147 2577 2326 2631 ἔθνεσι
2354 2581 2465 2643 τοῖς
2501 2580 2721 2652 μακράν
2753 2621 2766 2635 .
2801 2600 2819 2633 ι
2868 2582 2944 2635 Οὐ
2982 2582 3093 2654 γὰρ
3125 2584 3317 2654 ὅμοροι
3365 2584 3460 2637 καὶ
3506 2584 3749 2653 γείτονες

2146 2672 2246 2743 τῆς
2298 2673 2569 2728 Ἰουδαίων
2610 2673 2794 2746 χώρας
2851 2676 2905 2727 oi.
2959 2677 3165 2747 ταύτην
3228 2678 3593 2748 ὴρημωκότες
3652 2679 3747 2732 καὶ

2147 2768 2643 2837 κατεμπρήσαντες
2676 2768 2745 2821 τὰ
2788 2768 3162 2839 Ἰεροσόλυμα,
3191 2772 3287 2824 καὶ
3318 2772 3538 2835 ἁπάσας
3566 2772 3624 2825 δὲ
3648 2772 3747 2836 τὰς

2146 2856 2255 2911 τῶν
2301 2857 2570 2911 Ἰουδαίων
2604 2857 2807 2924 πόλεις,
2853 2858 3058 2913 ἀλλ’ὲκ
3088 2858 3285 2931 χωρῶν
3345 2859 3456 2913 τῶν
3499 2860 3743 2933 μακρὰν,

2149 2951 2244 3004 καὶ
2273 2950 2333 3014 ἐξ
2361 2951 2580 3021 ἀπάσης
2626 2951 2725 3021 τῆς
2776 2950 2882 3021 γῆς
2935 2953 3431 3024 συναγηγερμένοι.
3488 2944 3741 3008 Πλεῖέτοι

2147 3042 2256 3114 γὰρ
2286 3041 2436 3094 λίανο
2474 3042 2672 3113 μᾶλλον
2702 3043 2759 3097 δὲ
2786 3044 2931 3115 τάχα
2980 3052 3083 3098 που
3114 3048 3208 3099 καὶ
3232 3046 3469 3119 ἀριθμοῦ
3494 3048 3744 3117 κρείττο-

456 3146 653 3215 inquit,
680 3144 920 3200 dabitur,
960 3140 1183 3208 perinde
1215 3149 1273 3192 ut
1303 3139 1426 3193 belli
1461 3154 1526 3193 ac
1564 3155 1756 3209 pugnae
1785 3149 2041 3209 tempore.

2153 3149 2243 3196 νες
2276 3133 2370 3186 καὶ
2398 3134 2447 3185 οἱ
2485 3133 2910 3199 συνασπίζοντες
2936 3136 3337 3207 Οὐεσπασιανῷ
3365 3155 3425 3190 τε
3457 3139 3548 3191 καὶ
3577 3139 3741 3210 Τίτῳ.

462 3238 557 3293 Sic
618 3238 763 3291 enim
843 3235 1073 3288 ducibus
1135 3232 1379 3287 solemne
1443 3244 1565 3297 est,
1638 3233 2044 3287 multitudinem

458 3332 562 3387 sub
615 3331 749 3400 ipsis
791 3338 1091 3384 merentem
1145 3326 1198 3381 in
1251 3325 1424 3381 aciem
1465 3325 1768 3391 educturis,
1827 3330 2043 3395 signum

454 3426 726 3495 quoddam
782 3424 948 3486 dare,
1010 3431 1063 3477 et
1117 3420 1336 3486 vexilla,
1394 3430 1455 3473 ut
1506 3430 1737 3485 vocant,
1784 3421 1838 3475 in
1874 3421 2042 3473 altum

464 3518 677 3572 tollere.
742 3514 986 3582 Quorum
1044 3523 1099 3567 et
1156 3513 1419 3583 propheta
1477 3510 1647 3567 Isaias
1723 3513 1972 3566 meminit
2026 3530 2039 3567 :

452 3612 567 3683 99
599 3612 876 3679 Capietur,
927 3608 1200 3676 inquiens,
1244 3616 1302 3660 ut
1343 3606 1604 3660 vexillum
1647 3606 1699 3660 in
1748 3620 1955 3668 monte.
1990 3618 2046 3662 et

453 3716 515 3761 ut
542 3706 755 3775 signum
792 3717 985 3771 gerens
1023 3708 1075 3754 in
1108 3700 1269 3754 colle.
1304 3697 1576 3754 Vexillum
1617 3714 1853 3769 namque
1884 3701 2045 3754 collo-

454 3806 643 3851 cantes
677 3798 728 3849 iu
776 3795 1013 3864 praealtis
1054 3792 1367 3857 verticibus,
1417 3793 1502 3846 vel
1545 3802 1692 3847 recta
1719 3794 2039 3862 procedunt,

451 3891 537 3946 vel
571 3889 944 3949 retrocedunt,
976 3886 1060 3940 vel
1100 3886 1267 3939 etiam
1300 3885 1640 3954 suspendunt
1676 3887 1933 3953 quiddam
1973 3889 2040 3941 ad

453 3981 597 4051 quod
631 3981 775 4034 acies
806 3979 1045 4047 respicit.
1077 3977 1239 4032 Novit
1261 3977 1405 4031 enim
1439 3977 1544 4030 hoc
1570 3987 1729 4044 pacto
1760 3979 1913 4032 ducis
1949 3993 2042 4030 vo-

452 4076 741 4130 luntatem.
781 4071 969 4142 Itaque
998 4073 1217 4135 levabit,
1246 4073 1439 4141 inquit,
1471 4072 1709 4141 signum,
1737 4071 2043 4127 assibilabit

455 4168 583 4222 illis.
623 4166 800 4221 Sumit
833 4166 934 4220 hoc
962 4179 1169 4231 rursus,
1191 4164 1337 4219 velut
1362 4180 1390 4219 a
1436 4164 1832 4218 consuetudine
1857 4179 2036 4233 apum.

453 4258 644 4313 Solent
676 4257 819 4309 enim
847 4254 1037 4324 apinril
1069 4254 1230 4309 sibilo
1252 4270 1348 4309 eas
1385 4255 1650 4319 excitare,
1682 4264 1737 4307 et
1760 4253 1836 4307 ita
1859 4270 1924 4307 ex
1957 4255 2040 4306 al-

449 4350 652 4406 veariis
674 4350 739 4403 ad
757 4347 918 4403 tlores
937 4356 991 4402 et
1013 4348 1207 4402 herbas
1230 4349 1482 4409 educere,
1500 4355 1555 4400 et
1574 4362 1640 4400 ex
1662 4348 1808 4418 agris
1823 4362 2040 4418 quoque

456 4445 743 4505 reducere,
768 4443 1023 4511 domique
1046 4452 1105 4496 ut
1133 4442 1496 4496 immorentur
1521 4439 1756 4495 etlicere.
1789 4439 2041 4494 Sibilabit

447 4551 599 4605 ergo,
638 4536 834 4605 inquit.
859 4532 921 4587 Hi
944 4548 1073 4587 vero
1097 4546 1381 4587 accurrere
1400 4530 1651 4586 volucres
1680 4539 1735 4585 et
1768 4530 1933 4595 leves,
1956 4529 2040 4583 t'a-

451 4642 595 4682 ntem
626 4638 955 4695 magnopere
986 4638 1090 4677 non
1108 4637 1325 4686 curare,
1362 4636 1462 4676 nec
1480 4622 1867 4691 pertimescere
1890 4621 2040 4676 labo-

452 4736 561 4785 res,
590 4720 685 4775 sed
718 4720 994 4773 insomnes
1015 4731 1158 4782 esse,
1178 4724 1232 4770 et
1247 4715 1548 4785 praecincti,
1572 4730 1636 4771 ac
1654 4712 1849 4770 bellico
1871 4730 2038 4785 appa-

452 4826 572 4872 ratu
607 4813 1039 4880 instructissimi,
1076 4811 1354 4867 indomitis
1390 4812 1547 4875 equis
1579 4812 1725 4880 vehi,
1765 4826 1831 4865 ac
1861 4811 2037 4865 instar

452 4909 686 4963 turbinis
721 4908 977 4978 impetum
1016 4904 1216 4969 facere,
1245 4904 1495 4959 leonibus
1525 4904 1754 4971 similes,
1788 4918 1851 4959 ac
1887 4918 2039 4959 more

452 4999 690 5053 terarum
725 5012 941 5066 .vorare
979 5014 993 5049 :
1027 5010 1261 5051 occursu
1302 4995 1440 5050 adeo
1476 4995 1604 5051 szevi
1646 5004 1702 5049 et
1733 5006 1932 5061 truces,
1979 5004 2039 5049 ut

450 5088 588 5140 citra
622 5100 853 5155 pugnam
882 5091 1104 5155 possent
1130 5085 1371 5151 vincere,
1397 5084 1614 5139 nemine
1641 5092 1833 5140 contra
1860 5100 1920 5139 se
1942 5099 2039 5155 op-

450 5186 707 5245 ponente,
742 5177 821 5230 vel
857 5180 923 5231 ad
958 5178 1259 5232 subsidium
1303 5177 1589 5233 ferendum
1626 5179 1766 5234 satis
1800 5180 2035 5234 vaiente.

450 5267 567 5322 Erit
599 5268 726 5321 item
760 5269 1002 5337 ploratus
1035 5284 1101 5325 eo
1124 5280 1389 5341 tempore,
1431 5280 1486 5326 et
1516 5272 1727 5327 clamor
1755 5271 2037 5336 contrusus,

450 5368 511 5411 ut
550 5373 710 5411 nemo
750 5359 819 5411 sit
848 5359 939 5426 qui
978 5361 1162 5427 praesit
1202 5361 1347 5424 aliis,
1381 5362 1606 5430 perinde
1630 5362 1785 5431 quasi
1828 5362 2041 5416 sonitus

451 5450 619 5502 maris
654 5463 751 5517 per
798 5451 1071 5517 regionem
1120 5451 1433 5507 .Iudteorum
1481 5453 1863 5523 dissiparetur.
1923 5452 2042 5507 Erit

448 5538 613 5592 etiam
640 5538 814 5607 caligo
842 5549 1003 5604 tetra,
1050 5541 1212 5611 idque
1260 5545 1455 5613 partim
1507 5554 1729 5615 propter
1776 5545 2028 5599 nebulam

449 5628 606 5697 quasi
634 5640 689 5682 et
719 5641 933 5683 noctem
968 5630 1314 5702 intelligitur,
1342 5636 1562 5703 partim,
1600 5650 1663 5691 ac
1690 5636 1909 5706 quidem
1937 5653 2031 5691 ve-

448 5722 580 5782 rlus,
637 5730 859 5791 propter
914 5731 1151 5777 terrores
1208 5734 1264 5778 et
1313 5727 1526 5780 consilii
1576 5728 1837 5797 inopiam.
1893 5726 2031 5781 Mala

446 5811 593 5867 enim
638 5815 890 5895 graviora
944 5818 1111 5873 tuenti
1152 5820 1405 5875 tenebras
1449 5819 1751 5878 otl‘undunt.
1801 5820 2033 5879 lnservit

2148 3225 2327 3295 Σύσση
2338 3244 2438 3295 μον
2459 3226 2514 3278 δὲ
2541 3225 2846 3297 δοθήσεται,
2884 3230 3069 3299 φησὶν,
3103 3230 3179 3293 ὡς
3208 3233 3266 3284 ὲν
3296 3231 3473 3302 καιρῷ
3502 3230 3741 3303 πολέμου

2147 3318 2241 3370 καὶ
2298 3318 2498 3388 μάχης.
2550 3318 2713 3382 Ἔθος
2757 3322 2867 3392 γὰρ
2921 3324 3035 3384 τοῖς
3074 3326 3403 3393 στρατηγοῖς
3441 3323 3744 3388 ἐξοπλίζειν

2151 3409 2438 3478 μέλλουσιν
2501 3412 2581 3474 είς
2634 3413 2943 3483 παράταξιν
2986 3414 3086 3485 τὴν
3133 3415 3241 3468 ὑπὸ
3300 3418 3459 3485 χεῖρα
3506 3417 3737 3488 πληθὺν,

2149 3500 2404 3573 σύσσημα
2434 3502 2653 3568 διδόναι,
2695 3505 2794 3568 τάς
2826 3505 3165 3576 καλουμένας
3205 3508 3448 3577 σημαίας
3487 3508 3743 3579 αἴροντας

2148 3592 2306 3662 ὑψοῦ.
2341 3588 2442 3647 Ὧν
2479 3599 2574 3648 καὶ
2600 3598 2628 3649 ὁ
2660 3602 2947 3669 προφήτης
2988 3598 3219 3662 Ἡσαΐας
3252 3601 3617 3671 διαμέμνηται
3652 3601 3743 3654 λέ-

2147 3702 2280 3754 γων·
2317 3688 2840 3761 Καταληφθήσεται,
2874 3692 2949 3756 ὼς
2998 3694 3143 3757 ἱστὸς
3190 3695 3277 3746 ἐπ’
3307 3694 3487 3766 ὅρους,
3524 3695 3618 3749 καὶ
3664 3696 3741 3761 ὡς

2149 3781 2391 3849 σημαίαν
2416 3782 2598 3852 φέρων
2624 3782 2719 3835 ἐπὶ
2771 3782 2983 3853 βουνοῦ.
3031 3786 3233 3849 Ἰστοὺς
3261 3787 3369 3856 γὰρ
3406 3787 3649 3851 ἱστάντες
3682 3789 3742 3840 ὲν

2148 3871 2370 3943 ὑψηλοῖς
2422 3874 2701 3944 γηλόφοις,
2737 3875 2770 3946 ἢ
2801 3876 3077 3949 ὀρθοῦσιν,
3121 3879 3154 3948 ἢ
3209 3879 3649 3942 κατακλίνουσιν,
3702 3880 3737 3951 ἧ

2146 3970 2240 4021 καὶ
2265 3969 2553 4041 ἀπαρτῶσί
2572 3989 2693 4026 τινα
2742 3973 2877 4043 πρὸς
2904 3973 2940 4027 ἃ
2976 3973 3163 4043 βλέπει
3190 3976 3250 4028 τὸ
3282 3975 3543 4047 μάχιμον.
3587 3972 3742 4029 Εἶδεν

2143 4058 2201 4111 δὲ
2228 4058 2371 4112 οὕτω
2391 4060 2484 4113 τοῦ
2522 4060 2830 4133 στρατηγοῦ
2862 4063 2915 4115 τί
2944 4063 3006 4114 τὸ
3031 4062 3240 4116 δοκοῦν.
3267 4065 3421 4134 Αίρει
3452 4061 3742 4135 τοιγαροῦν

2143 4152 2205 4205 τὸ
2226 4152 2529 4223 σύσσημον,
2578 4154 2737 4224 φησὶ,
2770 4156 2865 4207 καὶ
2915 4157 3096 4226 συριεί
3146 4156 3351 4218 αὐτοῖς.
3408 4156 3633 4228 Δέχεται
3682 4156 3742 4212 δὲ

2145 4246 2240 4298 καὶ
2305 4245 2465 4299 τοῦτο
2495 4246 2679 4310 πάλιν,
2716 4246 2793 4311 ὼς
2820 4247 2930 4301 ἀπό
2952 4264 3013 4316 γε
3045 4247 3145 4318 τῆς
3175 4248 3465 4319 συνηθείας
3510 4253 3610 4321 τῆς
3649 4252 3741 4305 ἐπὶ

2142 4337 2253 4391 τῶν
2302 4339 2494 4409 μυιῶν.
2533 4337 2624 4392 Ἐν
2674 4339 2785 4392 ἔθει
2810 4340 2921 4411 γάρ
2962 4339 3082 4403 πώς
3125 4343 3243 4395 ἐστι
3272 4344 3385 4407 τοῖς
3424 4342 3741 4413 μελισσοκό-

2147 4446 2271 4500 μοις
2308 4430 2549 4501 συρίζειν
2580 4432 2771 4495 αὑταῖς
2796 4446 2809 4460 ·
2834 4430 2979 4485 οῦτω
3000 4448 3059 4485 τε
3093 4433 3203 4487 τῶν
3251 4433 3495 4505 σίμϐλων
3534 4435 3743 4505 ἀποφέ-

2153 4537 2267 4592 ρειν
2298 4523 2381 4586 είς
2410 4521 2547 4594 ἄνθη
2580 4508 2672 4577 καὶ
2709 4523 2882 4589 πόας,
2935 4525 3031 4577 καὶ
3078 4525 3187 4597 μὴν
3246 4525 3344 4579 καλ⁵
3382 4525 3740 4598 ἀνακομίζειν

2147 4615 2207 4682 ἐξ
2245 4615 2455 4686 ἀγρῶν,
2502 4617 2642 4670 οἴκοι
2677 4634 2739 4670 τε
2782 4617 2954 4681 αὑτὰς
2987 4618 3363 4683 ἐναυλίζεσθαι
3402 4623 3595 4675 ποιεῖν.
3630 4622 3737 4674 Συ-

2147 4711 2257 4779 ριεῖ
2284 4711 2487 4774 τοίνυν,
2534 4711 2718 4784 φησίν.
2749 4712 2814 4765 Οἱ
2845 4711 2905 4765 δὲ
2957 4712 3246 4783 ἀφίξονται
3294 4716 3489 4786 πτηνοί
3531 4732 3591 4768 τε
3641 4716 3738 4769 καὶ

2144 4802 2373 4873 κοῦφοι,
2408 4803 2568 4875 λιμοῦ
2603 4806 2703 4876 μὲν
2730 4806 2887 4875 ὀλίγα
2916 4808 3362 4878 πεφροντικότες,
3415 4810 3477 4861 οὐ
3508 4808 3740 4874 δεδιότες

2145 4894 2204 4948 δὲ
2229 4897 2447 4960 πόνους,
2486 4896 2685 4951 ἀῦπνοί
2713 4915 2772 4951 τε
2822 4900 2918 4952 καὶ
2951 4900 3335 4965 εὐζωνότατοι,
3374 4901 3469 4954 καὶ
3512 4900 3740 4973 ἐξηρτυ-

2150 4988 2299 5060 μένοι
2339 4990 2409 5044 τά
2439 4992 2696 5057 τακτικὰ,
2732 4992 2827 5045 καὶ
2848 4991 3104 5062 ἀτρύτοις
3143 4994 3331 5057 ἵπποις
3355 4994 3738 5065 ἐποχούμενοι,

2146 5080 2244 5135 καὶ
2265 5080 2547 5153 ὁρμῶντες
2574 5082 2649 5145 ὡς
2700 5083 2976 5152 καταιγὶς,
3011 5085 3109 5137 καὶ
3158 5085 3216 5137 ἐν
3268 5084 3368 5155 ἴσῳ
3410 5083 3614 5149 λέουσι,
3645 5087 3743 5141 καὶ

2147 5174 2528 5238 κατεσθίοντες
2544 5175 2622 5239 ὡς
2653 5175 2835 5246 θηρία,
2865 5177 3199 5247 Δυσάντητοι
3220 5176 3277 5229 δὲ
3322 5176 3495 5242 οὕτως
3525 5177 3741 5233 ἔσονται

2142 5268 2241 5323 καὶ
2268 5268 2455 5333 δεινοὶ,
2502 5268 2579 5332 ὡς
2608 5269 2816 5340 ἀμαχεὶ
2842 5270 3111 5324 δύνασθαι
3150 5272 3312 5341 νικᾷν
3348 5270 3741 5341 ἀντεξάγοντος

2139 5360 2375 5425 οὐδενὸς,
2450 5361 2619 5431 ’ήγουν
2683 5361 2886 5422 ἱκανῶς
2960 5362 3178 5434 ἔχοντος
3247 5366 3328 5425 εἰς
3394 5364 3737 5437 ἐπικουρίαν.

2143 5453 2340 5507 Ἔσται
2366 5453 2424 5508 δὲ
2454 5453 2650 5525 θρῆνος
2673 5456 2792 5508 κατ’
2817 5456 2996 5509 ἐκεῖνο
3030 5454 3229 5528 καιροῦ
3266 5458 3359 5511 καὶ
3408 5456 3505 5529 βοὴ
3534 5474 3741 5527 συμμι-

2140 5545 2261 5616 γῆς.
2287 5546 2364 5606 ὼς
2397 5545 2552 5598 οὐδὲν
2584 5544 2771 5616 ἕτερον
2802 5547 3058 5616 ἡγεῖσθαί
3085 5565 3258 5611 τινας,
3288 5548 3320 5620 ἤ
3351 5550 3431 5602 ὅτι
3464 5549 3740 5617 θαλάσσης

2137 5640 2242 5709 ἠχὴ
2278 5639 2379 5709 τῆς
2432 5638 2700 5693 Ἰουδαίων
2733 5640 3163 5696 κατασκίδναται
3192 5640 3396 5713 χώρας.
3450 5642 3643 5696 Ἔσται
3680 5643 3739 5698 δὲ

2138 5729 2233 5781 καὶ
2272 5730 2508 5801 σκληρὸν
2534 5730 2726 5794 σκότος
2775 5732 2871 5786 καὶ
2903 5730 3021 5785 οὔτι
3057 5749 3165 5787 που
3210 5734 3430 5797 πάντως
3479 5732 3542 5786 τὸ
3571 5734 3646 5799 ὡς
3675 5734 3736 5788 ἑν

2136 5820 2333 5897 ὁμίχλῃ
2364 5822 2656 5889 νοούμενον
2688 5822 2782 5879 καὶ
2814 5825 2992 5892 νυκτὶ,
3022 5825 3083 5881 τὸ
3123 5827 3187 5881 ὲκ
3218 5824 3491 5897 δειμάτων
3516 5824 3573 5880 δὲ
3602 5824 3737 5883 μᾶλ-
