4152 6366
444 396 547 452 169

1567 399 1634 455 ΙΝ
1664 401 1897 458 lSAlAM
1940 404 2068 462 LIB.
2109 407 2151 464 1.
2188 407 2394 464 ΟΒΑΤ.
2434 410 2521 467 IV.

3586 431 3687 485 170

441 517 531 569 λον
558 515 653 567 καὶ
690 513 943 585 ἀπορίας.
972 515 1162 569 Σκοτοῖ
1187 516 1295 588 γὰρ
1324 516 1415 571 τὸν
1443 518 1566 572 νοῦν
1594 520 1664 575 τὰ
1692 522 1994 593 παγχάλεπι

2124 527 2288 598 igitur
2321 531 2458 585 Deus
2501 530 2868 589 universitatis
2901 534 3117 591 utilitati
3160 549 3355 595 nostrae
3416 542 3466 596 in
3508 551 3686 601 ninni-

439 605 548 659 τῶν
592 604 797 658 κακῶν.
862 606 1098 676 Ὀνίνησι
1147 607 1438 679 τοιγαροῦν
1495 608 1583 664 διὰ
1626 611 1825 676 παντὸς
1864 615 2014 684 ήμᾶς

438 699 466 751 ὁ
499 696 607 751 τῶν
635 695 773 750 ὅλων
803 696 957 759 Θεός.
986 698 1225 752 Ποιεῖται
1270 700 1378 771 γὰρ
1414 701 1475 754 οὐ
1529 702 1707 773 μάτην
1757 705 1856 768 τὰς
1904 705 2013 759 τῶν

438 790 712 859 ἐσομένων
754 787 1213 859 προαγορεύσεις·
1279 791 1375 845 καὶ
1418 792 1611 846 δίεισιν
1650 794 1894 865 ἀκριϐῶς
1944 796 2015 849 τὰ

441 879 642 950 μεγέθη
669 879 780 933 τῶν
834 880 1023 934 κακῶν
1059 898 1073 911 '
1120 882 1186 935 ἵν’
1245 883 1542 957 ἐπειδήπερ
1582 885 1926 958 ἀνουθέτητοί
1953 905 2013 942 τε

438 971 697 1035 πολλάκις
732 972 919 1042 ἐσμὲν,
952 973 1048 1026 καὶ
1076 974 1423 1046 πεποιήμεθα
1464 978 1593 1045 παρ’
1614 977 1765 1030 οὐδὲν
1808 978 1900 1031 τὸν
1932 981 2014 1042 εἰς

441 1061 776 1132 μετάγνωσιν
793 1062 1064 1117 καλοῦντα
1083 1063 1239 1131 λόγον
1263 1101 1278 1127 ,
1313 1065 1418 1119 κᾶν
1446 1065 1578 1133 γοῦν
1604 1065 2014 1137 ὑποπτήξαντες

435 1151 495 1206 τὸ
519 1156 640 1216 ταῖς
674 1151 816 1206 οὕτω
850 1154 1051 1218 δειναῖς
1089 1155 1350 1210 ἐναλῶναι
1397 1156 1596 1220 δίκαις,
1630 1156 1722 1211 τὸν
1768 1157 1910 1212 θεῖον
1953 1160 2012 1212 ἐν

435 1246 650 1308 ἑαυτοῖς
708 1244 1076 1316 εἰσδεξώμεθα
1128 1246 1327 1317 φόϐον,
1361 1248 1455 1301 καὶ
1502 1248 2011 1313 ἀποσπουδάσαντες

431 1337 502 1390 τά
526 1337 760 1409 πονηρὰ,
803 1339 1262 1411 μετακομίσωμεν
1288 1339 1388 1410 τὴν
1436 1338 1663 1411 καρδίαν
1690 1339 1792 1404 ἐἷς
1841 1356 1906 1410 γε
1946 1340 2010 1393 τὸ

432 1430 629 1500 χρῆναι
661 1430 849 1484 λοιπὸν
871 1430 1091 1483 ἑλέσθαι
1114 1430 1174 1484 τὸ
1193 1429 1414 1499 ἀγαθόν.

502 1521 611 1575 Kal
635 1522 871 1591 ἐγένετο
900 1521 1007 1576 τοῦ
1027 1514 1328 1589 ἐνιαυτοῦ,
1385 1517 1457 1578 οὗ
1495 1521 1798 1579 ἀπέθανεν
1831 1522 2010 1589 Ὀζῖας

431 1613 468 1664 ό
486 1612 801 1681 βασιλεὺς,
828 1610 992 1667 εἶδον
1020 1614 1129 1667 τὸν
1149 1614 1369 1682 Κύριον
1388 1613 1649 1679 Σαϐαὼθ,
1672 1614 2009 1681 καθήμενον

430 1704 531 1756 έπί
559 1705 773 1771 θρόνου
807 1705 1053 1773 ὑψηλοῦ
1104 1705 1203 1759 καί
1239 1706 1576 1776 ἐπηρμένου
1602 1721 1618 1737 ο
1643 1706 1743 1761 καί
1770 1707 2008 1776 πλήρης

429 1799 465 1851 ό
512 1796 670 1865 οἶκος
711 1798 825 1866 τῆς
865 1800 1053 1867 δόξης
1083 1800 1289 1856 αὑτοῦ.
1334 1801 1443 1855 Kal
1484 1802 1779 1890 Σεραφείμ
1804 1802 2006 1872 εἱστή-

2115 620 2235 674 bus.
2268 620 2379 678 Nec
2406 623 2549 678 enim
2587 624 2706 680 sine
2745 639 2908 682 causa
2951 627 3081 683 facit
3129 629 3432 688 futurorum
3490 640 3686 706 praedi-

2115 708 2351 764 ctionem
2378 750 2394 777 ,
2445 720 2500 766 et
2546 724 2799 770 accurate
2831 727 3016 772 narrat
3067 721 3484 792 magnitudinem
3522 728 3688 783 malo-

2115 812 2260 864 rum,
2290 811 2350 855 ut
2381 804 2641 871 quoniam
2672 821 2816 876 smpe
2848 808 3108 868 indociles
3141 828 3350 879 sumus,
3381 825 3435 872 et
3472 832 3686 875 sermo-

2114 902 2237 943 nem
2264 891 2330 945 ad
2372 896 2744 962 paenitentiam
2786 910 3068 957 vocantem
3106 904 3445 976 negligimus,
3490 911 3683 965 saltem

2114 988 2414 1040 metuentes
2441 1000 2512 1039 ne
2548 996 2656 1041 tam
2687 992 2873 1058 grandi
2904 1006 3063 1062 paena
3102 994 3456 1064 lnvolvamur,
3492 1001 3583 1056 Dei
3618 1002 3685 1057 ti-

2113 1087 2322 1129 morem
2353 1076 2406 1130 in
2454 1078 2612 1135 nobis
2639 1081 3022 1150 suscipiamus,
3064 1095 3118 1142 et
3144 1090 3481 1147 dediscentes
3516 1093 3677 1160 mala,

2111 1164 2352 1222 animum
2382 1167 2636 1241 deinceps
2662 1173 2730 1227 ad
2755 1174 2953 1231 bonum
2991 1179 3422 1248 amplectendam
3451 1199 3681 1241 conver-

2113 1264 2311 1313 tamus.

2180 1525 2310 1581 CAP.
2335 1524 2421 1582 Vl.
2456 1528 2620 1585 Vens.
2653 1532 2769 1587 1-5.
2810 1533 2880 1588 Et
2914 1534 3114 1603 factum
3138 1550 3212 1593 est
3240 1557 3377 1596 anno
3406 1558 3509 1613 quo
3538 1560 3677 1598 more

2110 1628 2232 1673 tuus
2258 1631 2333 1673 est
2372 1618 2533 1676 Ozias
2579 1640 2672 1678 rex
2712 1626 2815 1679 vidi
2855 1627 3138 1683 Dominum
3170 1630 3397 1687 Sabaoth
3418 1636 3677 1691 sedentem

2110 1712 2168 1766 in
2212 1713 2344 1769 solio
2390 1718 2592 1772 excelso
2640 1728 2687 1772 et
2726 1720 2959 1786 eleuata;
3006 1732 3052 1775 et
3084 1721 3235 1788 plena
3279 1727 3460 1779 domus
3510 1729 3676 1797 gloria

2109 1803 2243 1872 ejus.
2308 1803 2375 1859 Et
2408 1808 2682 1877 Seraphim
2732 1821 2979 1865 steterunt
3033 1814 3229 1868 circum
3261 1833 3377 1870 eum
3408 1833 3427 1872 :
3456 1835 3548 1872 sea:
3577 1821 3679 1872 alte

429 1908 642 1945 κεισαν
668 1894 874 1958 κύκλῳ
909 1892 1114 1946 αὑτοῦ.
1160 1893 1271 1956 Ἓξ
1319 1890 1610 1962 πτέρυγες
1649 1871 1874 1959 «fieri,
1906 1871 1994 1949 καὶ

2111 1897 2225 1961 uni,
2273 1907 2321 1951 et
2354 1915 2446 1952 sea:
2494 1871 2596 1954 uiae
2640 1902 2825 1967 alteri;
2853 1904 3058 1958 duabus
3092 1909 3298 1973 quidem
3326 1909 3564 1964 uelabant
3596 1912 3681 1980 {a-

426 1981 495 2045 ἑξ
517 1980 807 2050 πτέρυγες
853 1980 934 2046 τῷ
973 1981 1085 2036 ἑνί.
1120 1980 1230 2035 Καὶ
1289 1981 1419 2048 ταῖς
1454 1982 1573 2051 μέν
1622 1982 1823 2049 δυσίν,
1868 2000 2006 2038 κατ-

426 2073 774 2128 εκάλυπτον
829 2073 902 2127 τὰ
930 2073 1245 2142 πρόσωπα,
1272 2072 1371 2126 καί
1416 2074 1546 2140 ταῖς
1572 2074 1717 2129 δυσί
1750 2074 2001 2129 κατεκά-

424 2168 660 2218 λυπτον
697 2163 840 2231 τοὺς
874 2164 1094 2229 πόδας,
1136 2165 1234 2218 καὶ
1286 2164 1417 2231 ταῖς
1457 2165 1642 2220 δυσὶν
1682 2166 1995 2221 ἐπέταντο.

422 2258 532 2312 Kal
581 2258 945 2328 ἐκρέκραγιον
991 2257 1192 2325 ἕτερος
1249 2259 1399 2326 πρὸς
1446 2258 1556 2313 τὸν
1604 2258 1829 2328 ἕτερον,
1894 2260 1994 2314 καὶ

2112 1987 2262 2050 ciem,
2291 1989 2495 2043 duabus
2531 2006 2646 2044 vero
2676 1992 2975 2047 obvelabant
3009 1996 3186 2062 pedes,
3215 2008 3260 2050 et
3290 1999 3494 2053 duabus
3533 2001 3682 2054 vola-

2109 2076 2254 2130 bant.
2291 2078 2699 2151 Clamabamque
2728 2085 2865 2137 alter
2904 2088 2973 2137 ad
3016 2086 3257 2153 alterum,
3307 2101 3354 2144 et
3395 2092 3678 2146 dixerunt:

2104 2154 2357 2233 Sanctus,
2400 2184 2635 2237 sanctus,
2680 2185 2893 2229 sanctus
2941 2174 3199 2235 Dominus
3228 2179 3481 2251 Sabaoth,
3522 2184 3677 2256 plena

2104 2271 2182 2313 est
2217 2263 2384 2316 omnis
2412 2273 2552 2317 terra
2576 2264 2749 2334 gloria
2777 2267 2909 2333 ejus.

422 2349 655 2417 ἔλεγον·
687 2349 899 2418 Ἄγιος,
928 2347 1113 2418 ἅγιος,
1166 2347 1334 2418 ἅγιος
1356 2350 1571 2417 Κύριος
1596 2352 1860 2416 Σαϐαὼθ,
1879 2349 2122 2419 πλήρης
2150 2350 2319 2407 πᾶσα
2354 2352 2431 2423 τῆ
2465 2354 2577 2424 τῆς
2607 2355 2793 2427 δόξης
2821 2359 3027 2415 αὐτοῦ.

489 2442 566 2495 Ού
594 2442 717 2495 καθ’
740 2442 837 2493 ἕνα
872 2440 1056 2510 τυχὸν,
1095 2439 1219 2493 οὔτε
1253 2441 1359 2511 μὴν
1381 2442 1717 2506 ἁδιαστάτως
1736 2444 1786 2496 οἰ
1822 2442 2003 2513 μακά-

426 2552 530 2606 ριοι
554 2533 831 2605 προφῆται
850 2533 948 2597 τὰς
971 2532 1079 2586 τῶν
1098 2534 1338 2605 όρὰσεων
1363 2534 1733 2604 ἀποκαλύψεις
1762 2535 2004 2606 ἐδέχοντο

426 2624 575 2694 παρά
602 2623 757 2678 Θεοῦ.
805 2624 933 2678 ’Δνά
963 2624 1127 2696 μέρος
1156 2625 1211 2677 δέ
1241 2625 1459 2694 μᾶλλον,
1500 2626 1641 2680 κατά
1668 2626 1730 2679 τὸ
1755 2627 2001 2700 Δεσπότῃ

425 2715 632 2769 δοκοῦν.
663 2716 775 2769 Καὶ
802 2717 862 2768 ἐν
894 2715 1110 2787 χρόνοις
1143 2714 1266 2768 καθ’
1301 2715 1393 2779 οὒς
1426 2716 1583 2787 ἤθελε
1619 2715 1780 2770 τοῦτο
1810 2718 1941 2789 δρᾷν
1971 2720 2001 2772 ό

422 2807 819 2860 ἀποκαλύπτων
848 2806 1016 2876 βαθέα
1040 2808 1133 2860 καὶ
1159 2808 1474 2879 ἀπόκρυφα,
1502 2810 1598 2863 καὶ
1626 2808 1909 2879 γινώσκων
1928 2811 1997 2867 τὰ

420 2896 793 2967 κεκρυμμένα.
828 2898 939 2951 Καὶ
989 2896 1098 2970 γὰρ
1149 2898 1263 2952 ἐστι
1309 2899 1447 2970 μετὰ
1470 2902 1627 2955 τοῦτο
1670 2901 1805 2969 φῶς,
1852 2903 1996 2957 καθὰ

420 2989 748 3058 γέγραπται.
792 2989 968 3053 Ὀζίου
1006 2991 1292 3060 τοιγαροῦν
1325 2991 1418 3045 τοῦ
1461 2994 1556 3046 καί
1617 2994 1864 3063 Ἀζαρίου
1897 3013 1995 3047 πε-

2183 2444 2341 2515 ],οο
2368 2447 2483 2503 Nec
2529 2448 2712 2514 simul,
2755 2465 2855 2506 nec
2893 2452 3011 2508 sine
3050 2453 3332 2525 intervallo
3361 2457 3501 2513 beati
3550 2476 3676 2529 pro-

2104 2534 2280 2606 pheta!
2306 2538 2547 2594 visorum
2585 2541 2940 2598 revelationes
2967 2558 3294 2612 acceperunt
3340 2565 3369 2603 a
3417 2552 3544 2618 Deo,
3576 2558 3673 2609 sed

2104 2626 2371 2696 paulatim
2408 2638 2464 2683 et
2504 2630 2802 2700 sigillatim,
2837 2643 2999 2704 prout
3030 2635 3256 2693 Domino
3284 2642 3454 2695 visum
3484 2654 3589 2709 est,
3620 2658 3676 2699 et

2105 2725 2218 2771 tum
2257 2732 2379 2773 cum
2419 2719 2590 2775 voluit
2621 2721 2801 2778 lacere
2845 2724 2912 2788 is,
2948 2724 3037 2792 qui
3083 2728 3274 2797 retegit
3327 2730 3588 2799 profunda
3620 2742 3676 2788 (ιι

2103 2814 2335 2870 se’creta,
2371 2816 2425 2862 et
2452 2809 2543 2879 qui
2573 2812 2781 2866 occulta
2813 2816 3108 2882 cognoscit.
3132 2818 3244 2873 Lux
3270 2807 3414 2875 enim
3443 2825 3579 2890 apud
3609 2824 3674 2877 il-

2100 2893 2211 2950 lum
2239 2907 2343 2964 est,
2370 2900 2508 2956 sicut
2531 2902 2792 2970 scriptum
2823 2918 2926 2962 εει.
2949 2907 3079 2964 Ozia
3112 2910 3295 2980 igitur,
3331 2915 3421 2982 qui
3450 2924 3505 2967 et
3538 2914 3673 2967 Aza-

2101 2984 2211 3040 rias
2224 2986 2400 3042 dictus
2448 2999 2551 3055 est,
2576 2993 2749 3049 adhuc
2776 2999 3157 3065 snperstite,'et
3181 3003 3328 3070 regni
3358 3004 3672 3075 Hierosoly~

426 3078 633 3150 ριόντος
664 3078 761 3145 ἔτι,
790 3081 882 3133 καὶ
912 3080 1038 3144 τοὺς
1065 3082 1163 3150 τῆς
1195 3081 1468 3150 βασιλείας
1512 3086 1610 3154 τῆς
1658 3085 1716 3138 ἐν
1746 3086 1857 3148 τοῖς
1901 3086 1994 3138 Ἱε-

2101 3077 2288 3132 mitani
2333 3081 2525 3135 solium
2556 3094 2879 3154 occupante,
2914 3092 3222 3159 superiores
3256 3109 3537 3151 sermones
3569 3098 3670 3151 ba-

426 3168 746 3241 ροσολύμοις
800 3171 1075 3235 διέποντος
1120 3170 1376 3243 θρόνους,
1420 3176 1549 3239 τοὺς
1598 3176 1691 3229 ἐπὶ
1738 3178 1851 3240 τοῖς
1895 3177 1995 3248 ήδη

420 3260 660 3327 φθάσασι
708 3262 997 3332 πεποίηται
1048 3263 1240 3331 λόγους
1297 3268 1326 3319 ό
1390 3266 1659 3338 μακάριος
1710 3270 1996 3340 προφήτης

430 3351 679 3416 Ἡσαΐας.
704 3347 812 3407 Ἦν
836 3353 935 3423 μὲν
966 3355 1076 3426 γὰρ
1118 3355 1297 3420 Ὀζίας
1322 3357 1414 3409 καὶ
1464 3358 1741 3430 Ἀζαρίας,
1771 3360 1878 3413 ⁵τῶν
1911 3362 1995 3414 ὃτι

417 3444 654 3514 μάλιστα
679 3445 1117 3516 φιλοθεωτάτων,
1158 3450 1518 3518 πεποιηκέναι
1550 3450 1659 3521 γὰρ
1683 3451 1897 3520 λέγεται
1934 3451 1996 3505 τδ

413 3531 570 3596 suos;
597 3535 657 3587 ἐν
691 3534 991 3606 ὀφθαλμοῖς
1012 3535 1107 3590 τοῦ
1134 3536 1291 3590 Θεοῦ.
1323 3538 1472 3609 Πλὴν
1500 3541 1562 3592 οὐ
1598 3540 1759 3611 μέχρι
1796 3542 1994 3606 παντὸς

410 3622 705 3678 διεσώσατο
749 3626 923 3695 καλὴν
973 3626 1070 3680 καὶ
1124 3626 1422 3697 ἀμώμητον
1447 3629 1545 3699 τῆς
1593 3629 1873 3693 εὐσεϐείας
1895 3632 1993 3703 τήν

409 3716 587 3781 δόξαν.
618 3718 972 3787 Κατισχύσας
1002 3718 1111 3790 γὰρ
1136 3719 1224 3772 διὰ
1252 3719 1388 3772 Θεοῦ
1415 3719 1524 3773 τῶν
1551 3721 1767 3792 ὁμόρων
1799 3722 1989 3789 ἐθνῶν,

410 3808 639 3863 πλεῖστά
666 3817 726 3861 τε
759 3811 862 3862 ὅσα
903 3809 997 3863 καί⁸
1029 3809 1436 3882 ἀξιοθαύμαστα
1475 3811 1594 3864 κατ’
1615 3812 1794 3865 αὐτῶν
1824 3815 1992 3883 ἐργα-

412 3900 667 3969 σάμενος,
720 3904 839 3965 τοῖς
869 3902 969 3972 τῆς
1000 3902 1306 3973 εὐπραγίας
1353 3902 1689 3973 μεμέθυσται
1733 3905 1987 3974 τρόποις·

411 3991 506 4043 καὶ
550 3992 885 4047 κατώλισθεν
944 3995 1027 4057 εἰς
1073 3994 1390 4066 ὑπεροψίαν.
1452 3995 1704 4064 Ἀφίκετο
1753 3995 1861 4066 γὰρ
1909 3998 1989 4061 εἰς

408 4078 567 4133 τοῦτο
594 4080 836 4155 γνώμης,
872 4082 1013 4136 ὥστε
1058 4084 1153 4137 καὶ
1205 4083 1539 4158 λειτουργίαν
1596 4085 1841 4154 ἁρπάσαι
1887 4087 1987 4159 τήν

412 4170 697 4241 ίεράν,καὶ
724 4174 1060 4246 αὐτόκλητος
1088 4173 1261 4227 ἐλθεῖν
1291 4176 1383 4228 ἐπὶ
1410 4174 1471 4228 τὺ
1500 4174 1608 4228 δεῖν
1637 4176 1883 4246 ἱερᾶσθαι
1909 4176 1987 4247 τῷ

407 4260 551 4331 Θεῷ.
580 4262 849 4317 Εἰσελθὼν
877 4266 987 4337 γὰρ
1037 4268 1119 4329 εἰς
1151 4267 1244 4319 τὸν
1284 4265 1427 4320 θεῖον
1486 4266 1633 4331 ναὸν,
1677 4268 1737 4320 οὐ
1771 4267 1860 4321 διὰ
1886 4268 1985 4338 τῆς

2096 3168 2214 3224 bnit
2236 3169 2423 3226 beatus
2451 3174 2706 3243 propheta
2735 3178 2924 3233 Isaias.
2950 3180 3081 3235 Nam
3108 3181 3397 3254 Ozias,qui
3423 3188 3667 3254 Azarias,

2096 3260 2252 3315 valde
2279 3261 2401 3331 pius
2450 3274 2568 3318 erat
2599 3276 2652 3320 et
2685 3266 2988 3337 religiosus,
3014 3273 3213 3343 quippe
3241 3275 3335 3344 qui
3370 3276 3565 3344 legitur
3590 3280 3667 3334 fe-

2095 3351 2237 3407 cisse
2265 3365 2469 3410 rectnm
2505 3356 2557 3410 in
2578 3357 2749 3413 oculis
2778 3360 2872 3415 Dei
2900 3380 2913 3416 :
2943 3373 2999 3417 at
3023 3363 3289 3436 integram
3315 3376 3372 3421 et
3404 3368 3663 3423 illibatam

2095 3444 2374 3513 religionis
2409 3447 2632 3517 gloriam
2668 3466 2765 3520 per
2816 3455 3001 3510 omnia
3040 3472 3145 3511 non
3194 3459 3438 3514 retinuit.
3486 3460 3657 3530 Expuo

2092 3538 2269 3607 gnatis
2287 3541 2430 3594 enim
2462 3540 2554 3595 Dei
2587 3542 2791 3597 auxilio
2820 3554 2876 3599 et
2910 3547 3169 3604 beneficio
3203 3549 3447 3606 ﬁnitimis
3472 3554 3654 3621 genti-

2094 3628 2214 3693 bus,
2249 3638 2306 3684 et
2358 3629 2605 3700 pluribus
2650 3635 3091 3706 admirandisque
3130 3639 3291 3694 rebus
3330 3652 3522 3697 contra
3566 3658 3661 3698 eas

2089 3722 2280 3791 gestis,
2310 3721 2453 3779 felici
2500 3726 2603 3780 boe
2630 3741 2884 3782 successu
2925 3728 3224 3786 inebriatus
3257 3740 3360 3796 est,
3400 3742 3455 3787 et
3482 3734 3548 3787 ad
3578 3751 3663 3788 sn-

2090 3802 2289 3881 perbiae
2317 3816 2598 3885 scopulum
2629 3819 2875 3889 impegit.
2916 3820 2994 3875 Eo
3039 3822 3185 3877 enim
3217 3826 3467 3879 amentia:
3496 3828 3658 3881 deve-

2089 3904 2187 3965 nit,
2227 3910 2287 3958 ut
2325 3919 2539 3959 sacrum
2572 3907 2931 3965 ministerium
2965 3911 3067 3965 sibi
3102 3913 3217 3983 ipse
3262 3916 3575 3986 arripuerit,
3606 3929 3660 3973 et

2085 4004 2298 4063 sponte,
2327 4010 2432 4050 non
2461 4008 2704 4066 vocatus,
2735 4003 2801 4055 ad
2831 4004 3169 4061 sacriﬁcandi
3193 4023 3384 4064 munus
3414 4026 3660 4066 accesse-

2086 4082 2473 4154 rit.lngressus
2501 4088 2645 4141 enim
2673 4090 2763 4143 Dei
2794 4092 3075 4161 templum,
3105 4110 3211 4149 non
3236 4095 3544 4154 Levitarum
3575 4103 3659 4157 vel

2085 4176 2430 4230 sacerdotum
2457 4192 2622 4246 opera
2651 4180 2856 4235 vicaria
2883 4184 2957 4237 uti
2986 4185 3037 4238 in
3068 4185 3362 4243 oﬁ'erendis
3405 4190 3513 4245 Deo
3564 4195 3659 4248 bo-

2085 4266 2215 4321 Stiis
2243 4267 2431 4334 voluit,
2462 4270 2556 4324 sed
2594 4272 2660 4326 ad
2687 4272 2927 4328 divinum
2969 4276 3138 4332 altare
3160 4280 3430 4345 assiliens,
3461 4296 3660 4351 praeter

401 4352 515 4407 τῶν
540 4353 780 4407 Λευῖτῶν
803 4358 1100 4425 μεσιτείας,
1131 4358 1296 4429 ήγουν
1341 4357 1549 4428 ἱερέων,
1592 4358 1982 4429 προσκομίζειν

2095 4373 2291 4414 morem
2311 4367 2366 4414 et
2388 4361 2559 4432 legem
2584 4378 2871 4434 aggressus
2900 4376 2984 4421 est
3014 4368 3290 4426 incensum
3308 4372 3560 4429 adolere:
3595 4393 3659 4431 ac

402 4443 566 4515 ήθελε
595 4445 696 4509 τὰς
741 4445 931 4510 θυσίας
975 4448 1054 4520 τῷ
1099 4448 1239 4519 Θεῷ.
1283 4448 1422 4501 Ἀλλ’
1474 4449 1560 4505 ἐπ’
1597 4450 1733 4503 αὐτὸ
1758 4451 1817 4504 τὸ
1842 4450 1982 4504 θεῖον

2095 4451 2449 4520 reprehensus
2476 4454 2693 4523 quidem
2730 4466 2813 4512 est
2845 4471 2877 4511 a
2917 4458 3057 4513 tribu
3098 4464 3442 4526 sacerdotali,
3502 4469 3655 4534 quasi

398 4536 760 4609 ἀναπηδήσας
805 4539 1211 4612 θυσιαστήριον,
1267 4542 1444 4611 θυμᾷν
1490 4542 1674 4612 ἐζήτει
1726 4542 1875 4613 παρά
1921 4541 1984 4595 τὸ

398 4628 594 4693 εἰωθὸς
622 4630 833 4685 καὶτὸν
884 4632 1069 4703 νόμον.
1103 4633 1214 4688 Καὶ
1265 4633 1525 4705 ἠλέγχετο
1564 4636 1661 4705 μὲν
1711 4635 1860 4704 παρὰ
1884 4637 1984 4705 τῆς

400 4719 795 4792 ἰερατευούσης
827 4723 1000 4793 φυλῆς
1021 4722 1097 4787 ὡς
1144 4723 1336 4777 ἀνόσια
1370 4724 1532 4796 δρῶν,
1568 4727 1661 4779 καὶ
1686 4726 1986 4797 παραλύειν

396 4812 694 4884 ἐπιχειρῶν
719 4813 812 4867 τὸν
843 4814 1025 4885 νόμον.
1065 4816 1283 4889 Ἐπειδὴ
1316 4817 1372 4870 δὲ
1421 4820 1533 4882 τοῖς
1564 4818 1664 4887 τῆς
1712 4818 1984 4888 βασιλείας

395 4904 710 4976 αὐχήμασιν
742 4906 1027 4977 ἐντρυφῶν
1082 4908 1523 4979 προσνενέμηκεν
1574 4909 1750 4981 ἑαυτῷ
1798 4910 1974 4963 καὶτὸ

398 4996 647 5066 ἱερᾶσθαι
669 4997 925 5068 πρέπεινο
950 4998 1044 5051 καὶ
1064 4998 1191 5071 παρ’
1219 4999 1374 5054 οὐδὲν
1399 5000 1718 5070 ποιούμενος
1739 5000 1837 5065 τὰς
1865 5001 1973 5055 τῶν

396 5089 588 5156 ἰερέων
623 5088 953 5160 συμϐουλὰς,
986 5090 1246 5161 ἠλέγχετο
1274 5092 1614 5161 παραχρῆμα
1642 5090 1791 5163 παρὰ
1815 5090 1970 5146 Θεοῦ.

391 5179 745 5250 Λελέπρωται
773 5180 904 5251 γὰρ,
935 5181 1116 5245 αὐτοῖς
1166 5180 1437 5251 μετώποις
1478 5181 1847 5252 ἐπηνθηκότος
1878 5181 1970 5234 τοῦ

391 5269 620 5331 πάθους.
652 5264 820 5341 Οἶμαι
850 5271 907 5325 δὲ
953 5271 1064 5324 δεῖν
1112 5272 1249 5343 πρὸς
1293 5271 1494 5342 ἀκριϐῆ
1524 5272 1634 5325 τῶν
1672 5270 1978 5342 εἰρημένων

389 5360 597 5431 εἴδησιν
631 5362 723 5415 καὶ
751 5362 894 5415 αὑτά
923 5363 995 5417 τὰ
1025 5364 1144 5418 θεῖα
1174 5364 1516 5437 παραθέσθαι
1555 5363 1741 5431 λόγια,
1778 5364 1849 5417 τὰ
1886 5363 1975 5416 ἐπ’

387 5452 539 5524 αὐτῷ
563 5455 939 5524 γεγραμμένα.
964 5458 1114 5528 Ἔχει
1139 5457 1195 5511 δέ
1226 5456 1416 5522 οὕτως·
1446 5476 1464 5508 ι
1504 5457 1589 5511 Ἐν
1614 5456 1723 5509 ἑτει
1744 5454 1976 5525 εἰκοστῷ

388 5544 484 5597 καὶ
515 5543 725 5615 έὸὃόμῳ
759 5545 836 5616 τῷ
872 5546 1147 5617 Ἰεροὸοάμ
1178 5548 1388 5618 βασιλεῖ
1420 5547 1656 5620 Ἰσραὴλ,
1691 5548 1975 5601 ἐϐασίλευ-

386 5651 480 5687 σεν
522 5634 772 5707 Ἀζαρίας
830 5637 946 5699 υἱὸς
990 5638 1250 5708 ’Δμασίου
1321 5640 1586 5710 βασιλέως
1641 5638 1829 5694 Ἰούδα.
1879 5639 1978 5704 Ἐξ

462 5792 540 5862 (l)
586 5791 737 5861 Vulg.
772 5790 979 5846 Cha/ia.

706 5889 977 5950 Ριτιιυι..
1031 5890 1145 5951 Ge.
1202 5890 1387 5953 LXX.

2081 4542 2243 4611 impie
2272 4559 2460 4613 agens,
2488 4555 2545 4599 et
2572 4545 2740 4615 legem
2768 4548 2994 4603 violans.
3038 4553 3105 4606 At
3139 4553 3185 4607 is
3209 4555 3370 4624 regali
3395 4558 3657 4627 dignitate

2080 4634 2434 4702 insolescente,
2460 4638 2563 4693 sibi
2598 4638 2737 4695 hanc
2768 4644 3056 4698 sacerdotii
3079 4643 3409 4703 iunctionem
3432 4663 3655 4720 arroga-

2080 4727 2178 4789 vit,
2198 4736 2490 4797 spretoque
2512 4732 2852 4786 sacerdotum
2877 4736 3128 4801 consilio,
3159 4738 3442 4793 confestim
3484 4757 3513 4794 a
3547 4742 3655 4796 Deo

2082 4818 2448 4887 redarguitur,
2469 4820 2613 4889 lepra
2640 4823 2893 4879 videlicet
2915 4840 3221 4895 percussus,
3251 4832 3437 4887 morbo
3463 4834 3514 4888 in
3542 4835 3652 4901 ipsa

2081 4908 2216 4964 adeo
2239 4910 2417 4965 fronte
2448 4914 2806 4982 germinante.
2840 4915 2957 4984 Quo
2983 4926 3161 4974 autem
3192 4919 3307 4976 haec
3347 4937 3467 4992 quae
3509 4926 3653 4980 dicta

2084 5006 2213 5052 sunt
2243 4999 2452 5069 plenius
2493 5002 2884 5075 intelligantur,
2930 5008 3110 5064 divina
3140 5027 3355 5083 quoque
3383 5014 3495 5083 Ipsa
3531 5032 3653 5070 ora-

2080 5088 2198 5143 cula
2227 5106 2348 5161 qua:
2375 5092 2441 5148 de
2468 5094 2571 5149 hac
2601 5110 2659 5151 re
2687 5098 2883 5166 scripta
2910 5110 3055 5165 sunt,
3085 5107 3398 5173 apponenda
3418 5121 3541 5161 esse
3567 5127 3653 5159 nr-

2082 5180 2275 5236 bitror.
2308 5179 2401 5238 Sic
2425 5195 2605 5240 autem
2634 5200 2695 5243 se
2717 5188 2921 5245 habent
2943 5209 2957 5246 :
2988 5209 3009 5244 ι
3030 5193 3189 5251 Anno
3206 5196 3462 5255 vicesimo
3490 5205 3651 5272 septi-

2077 5286 2166 5325 mo
2219 5272 2528 5331 Jeroboami
2569 5281 2711 5349 regis
2745 5280 2932 5353 lsrael,
2965 5289 3208 5355 regnavit
3244 5290 3472 5347 Azarias
3510 5295 3652 5349 illius

2076 5360 2333 5431 Amazire,
2368 5368 2510 5436 regis
2538 5365 2698 5423 Juda.
2724 5368 2894 5426 Filius
2923 5377 3196 5431 sexdecim
3224 5393 3487 5436 annorum
3509 5396 3646 5449 erat,

2074 5469 2195 5509 cum
2218 5468 2488 5522 regnaret.
2513 5459 2883 5532 Regnavitque
2898 5467 3287 5540 quinquaginta
3311 5474 3445 5528 duos
3475 5492 3660 5537 annos,

2074 5544 2126 5599 in
2157 5546 2478 5604 Jerusalem.
2505 5548 2709 5607 Nomen
2737 5566 2917 5611 autem
2936 5559 3128 5614 matris
3151 5560 3339 5618 Chalia
3363 5564 3441 5637 (l)
3457 5566 3561 5621 Tuit
3580 5560 3659 5623 de

2084 5638 2407 5698 Jerusalem.
2437 5641 2693 5718 Fecitque
2723 5648 2864 5717 quod
2894 5661 3099 5708 rectum
3120 5664 3239 5710 erat
3270 5656 3323 5712 in
3346 5660 3520 5714 oculis
3544 5659 3657 5716 De-.

3217 5898 3251 5959 6
