4124 6372
557 404 651 457 171

1548 400 1607 454 S.
1649 398 1920 455 C'YRILLI
1964 398 2433 453 ALEX‘ANDlllNl
2472 398 2791 454 ARC'lIlEP.

3706 400 3805 454 I72

556 522 686 577 mini
717 521 867 590 juxta
890 522 1068 574 omnia
1103 535 1222 590 quae
1281 520 1482 575 fecerat
1511 519 1759 574 Antasias
1796 529 1946 586 pater
1981 520 2134 589 ejus:

2242 520 2334 572 καί
2366 520 2497 573 δέκα
2536 521 2672 573 ἐτῶν
2704 516 2773 591 ἦν
2807 519 2865 572 ἐν
2894 518 2969 589 τῷ
2994 515 3297 588 βασιλεύειν
3328 515 3513 578 αὑτὸν,
3551 516 3645 570 καὶ
3675 534 3805 571 πεν-

557 618 794 665 attamen
833 610 1045 666 excelsa
1077 626 1183 666 non
1212 610 1453 665 sustulit.
1480 610 1671 665 Adhuc
1697 611 1924 680 populus
1958 612 2130 666 sacri—

556 702 761 764 ficavit,
793 710 847 756 et
892 700 1123 756 sufﬁtum
1174 701 1302 757 fecit
1338 701 1391 755 in
1420 701 1678 757 excelsis.
1710 700 1909 772 Tetigit
1947 710 2130 755 autem

560 793 821 847 Dominus
868 808 1069 863 regem,
1115 802 1170 847 et
1205 793 1351 861 lepra
1386 802 1669 862 correptus
1692 802 1810 846 erat
1845 808 2019 862 usque
2066 791 2133 846 ad

560 887 701 940 diem
730 886 915 940 mortis
944 900 1056 940 sua:
1084 886 1125 939 ’.
1158 903 1177 937 ι
1213 884 1337 940 Haec
1367 883 1583 953 quidem
1613 884 1665 937 in
1694 883 1913 951 Regnis.
1947 883 2000 936 In
2030 882 2134 937 Pa-

560 977 910 1046 ralipomenis
934 977 1085 1046 101
1112 986 1317 1041 autem,
1347 984 1405 1030 ut
1426 976 1535 1030 dixi
1567 992 1583 1029 :
1617 995 1635 1026 ι
1660 974 1725 1029 Ει
1753 975 2079 1038 utobtiuuit,
2107 994 2125 1028 ι

562 1070 763 1139 inquit,
790 1086 808 1120 ι
842 1068 1040 1123 elatum
1071 1078 1154 1123 est
1177 1082 1270 1122 cor
1300 1067 1416 1135 ejus
1458 1068 1522 1122 ad
1561 1067 2035 1137 corrumpendum.
2068 1066 2133 1125 Et

560 1160 758 1232 injuste
796 1162 906 1229 egit
948 1169 1132 1215 contra
1162 1159 1448 1213 Dominum
1474 1158 1640 1212 Deum
1674 1173 1853 1223 suum,
1886 1158 2135 1212 intravit-

558 1267 661 1320 que
702 1250 954 1319 templum
985 1248 1192 1304 Domini
1230 1255 1288 1303 ut
1321 1248 1560 1304 adoleret
1592 1249 1643 1304 in
1670 1249 1826 1303 altari
1858 1248 2133 1303 suiﬁmen-

560 1353 756 1399 torum.
779 1341 1023 1396 Introivit
1062 1350 1237 1395 autem
1262 1352 1382 1409 post
1408 1340 1585 1410 ipsum
1631 1340 1920 1395 Zacharias
1948 1355 2131 1395 sacer-

557 1434 676 1498 dos,
705 1441 759 1487 et
788 1446 891 1485 una
915 1446 1035 1485 cum
1063 1446 1129 1486 eo
1156 1424 1461 1483 sacerdotes
1490 1428 1699 1482 Domini
1731 1429 2003 1498 octoginta
2027 1431 2133 1483 duo

556 1532 941 1595 prmpoteutes,
974 1531 1030 1577 et
1058 1524 1275 1577 stabant
1303 1532 1491 1577 contra
1518 1520 1704 1575 Oziam
1739 1536 1941 1591 regem,
1967 1532 2020 1575 et
2052 1522 2135 1574 in-

558 1618 751 1687 quiunt
785 1633 798 1669 :
840 1613 956 1669 Non
993 1614 1117 1669 licet
1149 1614 1270 1677 tibi,
1312 1612 1465 1675 Ozia,
1507 1613 1726 1667 adolere
1753 1611 1999 1675 Domino,
2038 1612 2131 1666 sed

565 1723 731 1777 penes
752 1722 848 1761 nos
869 1716 973 1769 est,
994 1706 1083 1774 qui
1110 1704 1406 1759 sacerdotio
1430 1703 1721 1771 fungimur,
1744 1703 1831 1772 qui
1855 1702 1945 1756 lilii
1965 1703 2132 1756 Aaro-

561 1801 643 1855 nis
684 1814 901 1865 sumus,
931 1799 1023 1867 qui
1056 1796 1461 1850 sanctillcamur
1499 1795 1565 1849 ad
1606 1794 1945 1848 adolendum.
1974 1794 2069 1847 Exi
2102 1809 2131 1847 e

2234 614 2467 681 τήκοντα
2516 614 2610 665 καὶ
2661 612 2753 664 δύο
2812 610 2903 681 ἔτη
2954 609 3301 664 ἐϐασίλευσεν
3343 610 3400 662 ἐν
3434 608 3805 680 Ἰερουσαλὴμ,

2233 704 2327 757 καὶ
2353 704 2522 773 ὄνομα
2551 704 2649 773 τῆς
2689 703 2892 774 μητρὸς
2931 702 3096 755 αὐτοῦ
3123 700 3298 754 Χαλὶα
3337 700 3397 765 ἐξ
3433 701 3804 771 Ἰερουσαλήμ.

2233 794 2343 847 Καὶ
2375 794 2597 863 ἐποίησε
2630 794 2690 845 τὸ
2724 792 2942 854 εύσεόἐς
2970 794 3028 844 ἐν
3073 792 3368 861 ὀφθαλμοῖς
3412 791 3639 862 Κυρίου,
3669 793 3809 845 κατὰ

2235 886 2416 938 πάντα
2445 885 2545 937 ὃσα
2572 884 2826 954 ἐποίησεν
2868 882 3131 954 Ἀμαζίας
3167 886 3195 935 ὁ
3236 883 3419 954 πατὴρ
3447 884 3632 939 αὐτοῦ.
3664 883 3807 953 Πλὴν

2232 976 2342 1027 τῶν
2372 974 2589 1045 ὑψηλῶν
2618 974 2717 1027 οὐκ
2748 973 2959 1044 ἐξῆρεν
3009 972 3089 1026 ἔτι
3120 976 3149 1026 6
3204 972 3330 1035 λαὸς
3353 972 3637 1037 ἐθυσίαζεν
3656 1013 3673 1039 ,
3715 974 3809 1025 καὶ

2233 1064 2461 1135 ἐθυμὶαν
2492 1067 2551 1117 ἐν
2582 1068 2693 1127 τοῖς
2726 1064 2970 1134 ὑψηλοῖς.
3012 1065 3124 1116 Kal.
3153 1064 3331 1133 ἥψατο
3351 1063 3552 1131 Κύριος
3587 1050 3682 1117 τοῦ
3715 1064 3807 1134 βα·

2235 1156 2443 1218 σιλέως.
2477 1156 2585 1209 Kal
2608 1151 2675 1226 ἦν
2701 1155 3109 1226 λελεπρωμένος
3155 1155 3261 1218 ἓως
3317 1154 3527 1225 ἡμέρας
3577 1154 3813 1209 θανάτου

2230 1247 2416 1301 αὐτοῦ.
2455 1267 2473 1298 ι
2511 1249 2619 1300 Καὶ
2638 1248 2797 1301 ταυτὶ
2848 1248 2948 1318 μὲν
2998 1249 3057 1300 ἐν
3089 1249 3210 1309 ταῖς
3260 1246 3585 1310 Βασιλείαις.
3638 1248 3806 1300 Ἐνδέ

2232 1338 2758 1409 Παραλειπομέναις,
2786 1337 2860 1401 ὡς
2890 1337 3043 1408 ἔφην’
3078 1355 3097 1387 ι
3125 1337 3233 1389 Kal
3251 1336 3325 1399 ὼς
3355 1336 3669 1405 κατίσχυσε,
3705 1355 3808 1405 φη-

2235 1432 2339 1497 σὶν,
2380 1431 2569 1502 ὑψώθη
2596 1434 2629 1502 ἡ
2661 1431 2855 1502 καρδία
2874 1429 3038 1484 αὑτοῦ
3078 1430 3455 1498 καταφθεῖραι.
3485 1428 3597 1481 Kal
3618 1428 3806 1498 ἠδίκη-

2234 1541 2325 1578 σεν
2352 1527 2410 1578 ἐν
2429 1524 2614 1594 Κυρίῳ
2641 1522 2759 1593 Θεῷ
2791 1521 2974 1575 αὐτοῦ’
3030 1521 3123 1574 καὶ¹
3172 1521 3414 1590 εἰσῆλθεν
3461 1520 3539 1583 είς
3565 1518 3659 1571 τὸν
3686 1520 3810 1570 ναὸν

2230 1617 2433 1687 Κυρίου
2451 1615 2816 1686 θυμιάσαιέπὶ
2834 1615 2895 1668 τὸ
2914 1613 3292 1685 θυσιαστήριον
3309 1610 3418 1663 τῶν
3433 1611 3805 1681 θυμιαμάτων

2232 1707 2325 1759 xal
2354 1705 2599 1777 εἰσῆλθεν
2628 1704 2800 1758 ὀπίσω
2856 1703 3021 1757 αὑτοῦ
3078 1701 3332 1773 Ἀζαρίας
3370 1704 3397 1754 ὁ
3457 1702 3657 1770 ἱερεὺς,
3714 1700 3806 1753 καὶ

2237 1799 2352 1869 μετ’
2381 1797 2545 1851 αὐτοῦ
2580 1798 2742 1868 ἱερεῖς
2769 1796 2863 1849 τοῦ
2897 1793 3100 1866 Κυρίου
3123 1794 3450 1864 ὀγδοήκοντα
3473 1792 3679 1847 καὶδύο
3704 1792 3808 1845 υίοὶ

567 1888 915 1949 sanctuario,
966 1887 1091 1954 quia
1127 1884 1396 1939 recessisti
1440 1899 1468 1937 a
1518 1883 1765 1949 Domino,
1809 1891 1863 1937 et
1901 1898 2004 1937 non
2039 1884 2134 1938 erit

2241 1888 2471 1943 δυνατοίο
2500 1890 2593 1941 καὶ⁵
2622 1888 2854 1958 ἔστησαν
2877 1886 2967 1938 ἐπὶ
3011 1884 3190 1948 Ὀζίαν
3221 1885 3313 1938 τὸν
3345 1885 3585 1955 βασιλέα,
3606 1884 3702 1937 καὶ
3732 1878 3809 1935 εῖ-

561 1981 653 2033 tibi
681 1980 782 2033 hoc
811 1979 993 2049 gloriae
1021 1996 1047 2031 a
1074 1976 1201 2031 Deo.
1235 1976 1408 2030 Iratus
1435 1984 1521 2038 est
1567 1984 1744 2030 autem
1780 1974 1962 2039 Ozias,
1998 1988 2053 2031 et
2076 1978 2129 2030 in

563 2086 725 2126 manu
759 2069 876 2138 ejus
915 2067 1245 2123 thuribulum
1279 2076 1415 2133 erat,
1450 2076 1509 2119 ut
1548 2066 1790 2120 adoleret
1818 2067 1868 2120 in
1911 2068 2128 2136 templo.

558 2160 800 2229 Cumque
849 2160 1018 2213 iratus
1052 2168 1195 2213 esset
1224 2159 1336 2227 ipse
1382 2158 1777 2222 sacerdotibus,
1827 2158 1973 2228 lepra
2012 2170 2132 2213 orta

559 2262 644 2307 est
674 2255 724 2307 in
767 2252 944 2307 fronte
978 2250 1093 2319 ejus
1122 2265 1306 2305 coram
1339 2251 1710 2305 sacerdotibus
1750 2256 1802 2305 in
1839 2252 1997 2306 domo
2029 2252 2134 2307 Do-

560 2343 711 2403 mini,
746 2356 909 2410 supra
948 2340 1125 2393 altare
1168 2338 1616 2393 suliimentorum.
1648 2340 2037 2411 Convertitque
2074 2358 2132 2396 se

558 2435 624 2486 ad
655 2447 777 2487 eum
799 2447 1040 2486 summus
1064 2433 1317 2486 sacerdos
1345 2441 1397 2484 et
1421 2433 1747 2499 sacerdotes,
1793 2443 1848 2487 et
1880 2449 2007 2488 ecce
2053 2434 2130 2488 le-

560 2539 753 2594 prosus
786 2534 870 2579 est
918 2524 970 2577 in
1005 2522 1202 2585 fronte,
1235 2533 1397 2592 atque
1442 2539 1563 2577 eum
1616 2525 1740 2577 inde
1770 2539 1995 2595 prOpere
2032 2525 2131 2594 eji-

561 2617 734 2670 ciunt.
768 2615 899 2669 Nam
923 2624 977 2669 et
1002 2616 1114 2683 ipse
1144 2615 1419 2669 festinavit
1447 2616 1617 2680 exire,
1654 2616 1777 2681 quia
1810 2616 2129 2684 arguiteum

561 2707 818 2762 Dominus
850 2708 926 2762 ¹⁰.
962 2725 980 2757 ι
1020 2706 1153 2760 Cum
1182 2715 1359 2760 autem
1404 2706 1486 2760 lex
1515 2706 1745 2762 Mosaica
1774 2709 2026 2773 sanciret,
2055 2709 2132 2763 le-

561 2813 779 2866 prosum
804 2805 860 2850 ut
883 2797 1214 2850 immundum
1241 2798 1463 2851 omnino
1489 2812 1520 2852 e
1551 2799 1747 2853 castris
1778 2799 2128 2853 emittendum

560 2903 703 2951 esse,
730 2889 972 2955 leprosus
998 2902 1127 2940 vero
1160 2888 1489 2955 inquinaret,
1537 2903 1600 2942 ac
1641 2903 1736 2943 sua
1797 2889 2132 2944 immunditie

566 2980 827 3048 pollutum
856 2979 1106 3031 redderet
1132 2993 1253 3032 eum
1276 2979 1493 3047 quicum
1522 2979 1635 3048 ipse
1661 2990 2007 3045 versaretur;
2036 2982 2132 3035 ha-

564 3073 765 3125 bitaret
793 3081 969 3124 tamen
1002 3068 1164 3124 Ozias
1196 3070 1610 3141 Hierosolymis,
1649 3072 1773 3125 hinc
1809 3082 1975 3127 totam
2005 3089 2130 3142 pro-

562 3164 845 3231 pemodum
868 3161 1166 3218 Jerusalem
1192 3163 1512 3232 inquinans:
1538 3166 1704 3219 tacuit
1726 3165 2004 3230 Dominus,
2024 3182 2128 3220 non

2242 1996 2350 2033 παν
2379 1978 2544 2048 αὐτῷ’
2582 1977 2655 2030 OG
2687 1994 2797 2041 σοι,
2846 1975 3015 2039 Ὀζία,
3049 1974 3311 2044 θυμιάσαι
3344 1975 3421 2044 τῷ
3446 1976 3654 2046 Κυρίῳ,
3695 1974 3808 2026 ἀλλ’

2233 2074 2362 2142 ἡμῖν
2392 2073 2502 2133 τοῖς
2529 2068 2863 2140 ἱερατεύουσι
2915 2069 3028 2130 τοῖς
3071 2068 3207 2130 υἱοῖς
3253 2066 3462 2138 Ἀαρὼν
3500 2070 3610 2130 τοῖς
3653 2068 3809 2137 ήγια-

2236 2164 2471 2234 σμένοις,
2506 2158 3043 2233 θυμιάσαι.ί¹Έξελθε
3076 2160 3185 2213 ἀπὸ
3208 2160 3301 2213 τοῦ
3331 2160 3689 2230 ἀγιάσματος,
3728 2160 3808 2211 ὅτι

2233 2258 2475 2327 ἀπέστης
2504 2255 2611 2309 ἀπὸ
2640 2254 2864 2326 Κυρίου.
2893 2255 3003 2307 Kal
3032 2254 3131 2307 οὐκ
3160 2254 3307 2306 ἔσται
3334 2270 3415 2306 σοι
3434 2252 3589 2306 τοῦτο
3620 2253 3698 2314 εἰς
3725 2252 3809 2304 δό-

2237 2348 2332 2412 ξαν
2365 2346 2515 2417 παρά
2541 2346 2743 2416 Κυρίου
2771 2343 2926 2397 Θεοῦ.
2960 2345 3071 2397 Kal
3107 2344 3361 2415 ἐθυμώθη
3396 2342 3596 2406 Ὀζίας·
3632 2342 3723 2395 καὶ
3752 2346 3807 2394 ἐν

2232 2444 2297 2511 τῇ
2324 2441 2469 2511 χειρὶ
2520 2438 2683 2493 αὑτοῦ
2719 2439 2779 2493 τὺ
2830 2438 3183 2510 θυμιατήριον
3226 2437 3321 2490 τοῦ
3352 2436 3612 2506 θυμιᾶσαι
3644 2437 3703 2488 ἐν
3732 2434 3806 2503 τῷ

2232 2533 2363 2603 ναῷ*
2400 2535 2456 2585 ἐν
2486 2532 2564 2603 τῷ
2592 2532 2906 2603 θυμωθῆναι
2930 2532 3091 2585 αὑτὸν
3119 2532 3253 2603 πρὸς
3285 2532 3411 2593 τοὺς
3440 2532 3624 2601 ἱερεῖς,
3660 2529 3751 2583 καὶ
3772 2530 3806 2597 ή

2232 2624 2408 2695 λέπρα
2429 2624 2704 2677 ἀνέτειλεν
2728 2624 2785 2676 ἐν
2805 2622 2882 2693 τῷ
2910 2608 3156 2692 ’μετώπῳ
3211 2620 3394 2686 αὑτοῦ,
3437 2619 3673 2673 ἐναντίον
3698 2618 3807 2671 τῶν

2234 2718 2422 2786 ἱερέων
2454 2718 2511 2769 ἐν
2533 2715 2610 2786 τῷ
2639 2716 2771 2786 οίκῳ
2796 2714 3025 2783 Κυρίου,
3072 2712 3257 2766 ἐπάνω
3288 2711 3380 2765 τοῦ
3424 2710 3806 2781 θυσιαστηρίου

2232 2809 2339 2863 τῶν
2368 2807 2745 2878 θυμιαμάτων.
2776 2808 2885 2859 Kal
2908 2804 3240 2874 ἐπέστρεψεν
3266 2805 3353 2856 ἐπ’
3384 2802 3543 2855 αὐτὸν
3569 2803 3596 2853 6
3632 2802 3807 2872 ἱερεὺς

2234 2902 2263 2953 6
2298 2898 2512 2970 πρῶτος
2542 2898 2637 2951 καὶ⁷
2664 2898 2714 2949 οἱ
2758 2899 2942 2967 ἱερεῖς,
2976 2897 3070 2948 καὶ
3101 2895 3209 2948 ἰδοῦ
3240 2894 3399 2958 αὐτὸς
3418 2894 3615 2963 λεπρὸς
3653 2894 3711 2945 ἐν
3730 2892 3807 2960 τῷ

2237 2988 2488 3059 μετώπῳ.
2526 2988 2637 3041 Kal
2678 2988 3054 3041 κατέσπευσαν
3083 2986 3244 3039 αὑτὸν
3296 2985 3521 3047 ἐκεῖθεν,
3562 2984 3656 3037 καὶ
3700 2984 3807 3051 γὰρ

2232 3080 2391 3144 αὐτὸς
2425 3080 2684 3134 ἔσπευσεν
2708 3079 2960 3144 ἐξελθεῖν,
2991 3079 3073 3131 ὅτι
3097 3078 3319 3149 ἤλεγξεν
3349 3077 3509 3131 αὑτὸν
3533 3075 3751 3144 Κύριος.
3783 3094 3801 3125 ι

2247 3171 2466 3240 Ἐπειδὴ
2494 3171 2550 3224 δὲ
2607 3170 2703 3224 τοῦ
2753 3170 2841 3224 διὰ
2876 3169 3119 3232 Μωσέως
3168 3169 3588 3238 προστάττοντος
3644 3168 3807 3238 νόμου

562 3256 778 3322 quidem
819 3257 1109 3325 prOpbetas
1140 3266 1356 3310 sanctos
1382 3256 1708 3311 contumelia
1742 3258 2000 3321 alliciens,
2032 3260 2123 3312 sed

2238 3264 2423 3334 χρῆναι
2455 3263 2518 3334 δὴ
2556 3265 2771 3327 πάντως
2823 3261 3199 3332 ἐκπέμπεσθαι
3238 3262 3335 3331 τῆς
3365 3260 3714 3331 παρεμϐολῆς
3735 3259 3810 3321 ὡς

563 3348 743 3416 potius
773 3347 1139 3401 admonitione
1175 3362 1362 3401 eorum
1414 3348 1660 3417 indignos
1701 3349 1983 3403 declarans
2017 3365 2130 3413 eos,

561 3442 654 3509 qui
687 3443 850 3493 etiam
890 3447 1085 3507 pra-ter
1113 3440 1440 3509 legislatoris
1475 3441 1807 3495 voluntatem
1859 3442 2134 3495 immundo

564 3533 962 3586 cohabitarent.
1013 3530 1106 3585 Sic
1143 3533 1287 3585 enim
1322 3532 1498 3600 inquit
1530 3531 1723 3585 alicubi
1756 3542 1810 3586 et
1837 3534 1901 3586 ad
1919 3535 2134 3588 beatum

568 3623 903 3677 Ezechielem
952 3641 965 3676 :
1013 3641 1031 3673 ι
1064 3622 1130 3676 Ει
1159 3622 1393 3690 linguam
1420 3632 1561 3676 tuam
1590 3621 1781 3692 ligabo,
1809 3631 1863 3677 et
1894 3610 2138 3678 obmute-

564 3730 703 3775 sces,
737 3730 834 3768 nec
858 3717 968 3769 eris
1003 3716 1107 3768 illis
1127 3724 1402 3768 corrector
1429 3724 1483 3767 et
1521 3729 1714 3769 censor
1744 3729 1760 3768 :
1796 3714 1919 3783 quia
1948 3716 2139 3770 domus

563 3820 896 3873 exasperans
920 3816 1003 3859 est
1044 3807 1110 3859 ¹¹.
1145 3825 1164 3858 ι
1201 3805 1477 3859 Obmutuit
1509 3805 1690 3875 igitur,
1735 3806 2024 3861 ostendens
2057 3808 2139 3860 ni-

568 3901 759 3952 mirum
792 3899 1237 3968 indignationem.
1274 3899 1556 3954 Commota
1604 3909 1730 3953 sunt
1765 3900 1907 3954 enim
1945 3899 2137 3955 lliero-

565 3990 793 4059 solyma,
842 4000 894 4042 et
941 4004 1199 4043 concussa
1230 4000 1313 4044 est
1342 3990 1590 4045 universa
1633 3989 1937 4045 Juda-orum
1970 3990 2137 4060 regio.

571 4080 722 4145 Quod
753 4078 1108 4147 intelligemus
1134 4094 1198 4132 ex
1234 4080 1317 4134 bis
1356 4094 1474 4147 quae
1511 4080 1782 4150 propheta
1812 4082 1976 4134 Amos
2010 4082 2142 4135 scri-

568 4172 693 4241 psit.
754 4169 926 4223 llabet
977 4172 1226 4224 enimsic
1272 4189 1283 4223 :
1344 4190 1362 4221 ι
1394 4170 1568 4226 Verba
1623 4172 1785 4226 Amos
1831 4188 1949 4241 qua:
1999 4171 2141 4225 facta

567 4272 694 4319 Iunt
717 4265 767 4315 in
801 4262 1049 4316 Accarim
1102 4279 1165 4316 ex
1210 4262 1445 4326 Thecue,
1475 4279 1594 4331 quae
1635 4262 1768 4316 vidit
1796 4278 1956 4332 super
1982 4261 2141 4317 Jeru-

568 4357 750 4411 salem.
789 4357 1121 4424 temporibus
1160 4355 1303 4409 Ozitc
1338 4356 1482 4424 regis
1514 4355 1673 4419 Juda,
1706 4365 1761 4409 et
1811 4356 2143 4424 temporibus

566 4448 871 4502 Jeroboami
908 4449 999 4500 lilii
1036 4447 1165 4501 Joas
1196 4448 1336 4515 regis
1362 4445 1546 4509 Israel,
1578 4449 1785 4501 duobus
1828 4450 1987 4500 annis
2019 4458 2143 4499 ante

571 4551 723 4594 terra:
750 4549 949 4593 motum
989 4539 1053 4590 “.
1081 4558 1100 4590 ι
1140 4539 1428 4607 Postquam
1473 4547 1651 4591 autem
1703 4539 1927 4592 obiisset
1982 4538 2143 4593 Otias

2234 3356 2543 3426 ἀκάθαρτον
2570 3355 2660 3408 τὸν
2689 3355 2908 3424 λεπρὸν,
2934 3353 3387 3423 καταμιαίνοντος
3417 3352 3473 3405 δὲ
3497 3354 3591 3403 καὶ
3634 3350 3811 3403 κοινὸν

2235 3445 2621 3514 ἀποφαίνοντος
2646 3445 2744 3514 τῆς
2772 3443 3113 3514 ἀκαθαρσίας
3130 3441 3223 3495 τοῦ
3248 3441 3447 3513 λεπροῦ
3472 3441 3561 3494 τὸν
3587 3441 3810 3493 συνόντα

2236 3534 2383 3605 αύτῷ
2411 3574 2425 3596 ,
2480 3535 2800 3605 κατῳκηκεν
2858 3535 2916 3586 ἐν
2964 3536 3075 3596 τοῖς
3140 3532 3532 3604 Ἱεροσολύμοις
3595 3532 3808 3595 Ὀζίας,

2241 3627 2522 3696 μονονουχὶ
2565 3623 2858 3695 σύμπασαν
2886 3626 2975 3678 διὰ
2999 3624 3190 3679 τούτου
3226 3624 3451 3694 μιαίνων
3479 3624 3578 3692 τὴν
3620 3622 3814 3691 Ἰερου-

2242 3718 2443 3787 σαλήμ.
2464 3718 2759 3787 Σεσίγηκεν
2779 3717 2806 3768 6
2822 3718 3094 3786 Δεσπότης
3118 3718 3215 3770 οὐκ
3237 3715 3515 3785 ἀτιμάζων
3534 3716 3812 3785 προφήτας

2241 3809 2451 3875 ἁγίους,
2492 3810 2741 3875 ἀναξίους
2764 3810 2819 3862 δὲ
2850 3810 3048 3880 μᾶλλον
3088 3808 3401 3877 ἀποφαίνων
3423 3806 3520 3875 τῆς
3553 3806 3681 3876 παρ’
3716 3805 3811 3858 αύ-

2240 3900 2335 3954 τοῦ
2380 3900 2659 3963 νουθεσίας
2691 3903 2817 3965 τοὺς
2872 3900 3212 3972 ἀκαθάρτους
3252 3897 3627 3962 συνοικοῦντας
3665 3899 3813 3967 παρά

2240 4010 2305 4061 γε
2333 3994 2393 4045 τὸ
2428 3992 2505 4063 τῷ
2526 3992 2789 4065 νομοθέτῃ
2830 3991 3037 4045 δοκοῦν.
3073 3990 3231 4045 υύτω
3262 3991 3370 4061 γάρ
3420 3989 3520 4043 πού
3557 4006 3688 4057 φησι
3720 3991 3810 4042 καὶ

2243 4082 2378 4151 πρὸς
2402 4074 2492 4134 τὸν
2528 4082 2794 4152 μακάριον
2828 4080 3106 4151 Ἰεζεχιήλο
3136 4099 3155 4132 ι
3182 4081 3290 4134 Kal
3319 4081 3416 4150 τὴν
3435 4079 3684 4149 γλῶσσάν
3717 4096 3808 4132 σου

2246 4176 2512 4244 συνδήσω,
2546 4175 2639 4227 καὶ
2663 4174 3107 4244 άποκωφωθήσῃ’
3150 4172 3247 4226 καὶ
3274 4172 3374 4225 οὐκ
3396 4171 3493 4242 ἔσῃ
3523 4172 3705 4235 αὐτοῖς
3733 4173 3809 4234 εἰς

2244 4266 2411 4336 ἄνδρα
2445 4263 2754 4331 εύβύνοντα,
2808 4264 2889 4316 ὅτι
2920 4258 3065 4325 οἶκος
3100 4261 3553 4332 παραπικραίνων
3580 4260 3745 4313 ἐστίν.
3785 4277 3803 4307 ι

2258 4356 2649 4425 Ἀποσεσίγηκε
2674 4356 2873 4417 τοίνυν,
2893 4354 3068 4408 καίτοι
3101 4353 3358 4408 δεικνύων
3379 4354 3479 4423 τὴν
3506 4354 3811 4422 ἀγανάκτη-

2247 4466 2352 4502 σιν.
2375 4448 2655 4500 Σέσεισται
2693 4447 2802 4517 γὰρ
2829 4446 2897 4499 τὰ
2938 4446 3305 4516 Ἰεροσόλυμα,
3341 4447 3434 4500 καὶ
3482 4446 3805 4514 κατεεονήθη

2248 4542 2397 4593 πᾶσα
2429 4539 2537 4591 τῶν
2575 4538 2842 4592 Ἰουδαίων
2873 4538 3042 4609 χώρα.
3074 4537 3346 4608 Εἰσόμεθα
3373 4538 3430 4591 δὲ
3458 4538 3550 4590 καὶ
3570 4535 3727 4589 τοῦτο
3744 4536 3807 4588 δι’

569 4630 730 4685 desiit
767 4642 981 4698 tempus
1034 4630 1257 4694 silentii,
1303 4630 1619 4698 divinasque
1674 4630 1908 4684 visiones
1940 4632 2134 4685 sanctis

2246 4626 2321 4686 ὧν
2347 4630 2639 4700 ἐγεγράφει
2662 4629 2689 4680 6
2723 4632 3005 4699 προφήτης
3048 4629 3247 4698 Ἀμώς.
3279 4629 3433 4698 Ἔχει
3467 4628 3570 4697 γάρ
3620 4627 3808 4687 οὓτως·

569 4720 843 4789 prophetis
872 4719 1009 4772 Deus
1053 4718 1439 4773 universitatis
1474 4719 1723 4772 reddidit.
1758 4719 1985 4787 Ideoque
2018 4737 2141 4786 proL

568 4814 727 4877 pheta
757 4812 921 4864 Isaias
960 4829 973 4863 :
1009 4810 1105 4862 «Et
1135 4810 1332 4863 factum
1350 4820 1453 4872 est,
1479 4809 1671 4878 inquit,
1700 4825 1840 4863 anno
1866 4826 1972 4879 quo
1997 4826 2140 4863 mor-

570 4913 693 4955 tuus
723 4908 806 4955 est
832 4900 994 4955 Ozias
1019 4915 1131 4960 rex,
1154 4900 1311 4968 102
1341 4899 1450 4952 vidi
1474 4899 1757 4952 Dominum
1783 4898 2023 4953 Sabaoth
2057 4916 2140 4953 sc-

569 4994 781 5045 dcntem
802 4993 853 5045 in
878 4992 1011 5046 solio
1031 4992 1244 5045 excelso
1262 5001 1314 5045 et
1332 4991 1561 5046 elevato.
1577 5010 1593 5040 ι
1613 4990 1933 5060 PrOphetam
1962 5003 2139 5045 autem

568 5084 765 5136 vidisse
800 5083 994 5136 Filium
1030 5084 1079 5135 in
1108 5082 1281 5151 gloria
1318 5082 1408 5135 Dei
1451 5090 1507 5136 et
1550 5082 1747 5142 Patris,
1789 5098 1946 5137 nemo
1990 5084 2143 5137 dubi-

572 5182 686 5225 tare
724 5176 941 5240 pulerit,
994 5190 1116 5227 cum
1177 5171 1415 5228 Joannes
1465 5175 1668 5228 scribat
1694 5176 1761 5229 de
1796 5190 1861 5230 eo
1905 5188 2137 5244 aperte:

574 5281 593 5311 ι
642 5261 763 5314 llaec
815 5273 991 5317 autem
1042 5263 1177 5317 dixit
1226 5263 1415 5325 lsaias,
1469 5268 1685 5333 quando
1734 5265 1867 5317 vidit
1916 5267 2139 5334 gloriam

571 5354 709 5422 ejus,
741 5354 915 5421 deque
969 5371 1032 5409 eo
1060 5355 1267 5410 locutus
1301 5367 1383 5409 est
1408 5357 1475 5408 ⁸³.
1522 5377 1540 5409 ›
1595 5358 1785 5425 Specta
1820 5373 1950 5411 vero
2003 5360 2132 5413 mihi

572 5444 763 5494 dit-inm
791 5443 1067 5510 dignitatis
1104 5446 1489 5511 przestantiam,
1545 5455 1601 5500 et
1653 5446 1706 5499 in
1738 5462 1949 5500 omnem
1993 5463 2139 5501 crea-

574 5542 746 5583 turam
789 5531 1142 5585 dominatum.
1180 5532 1272 5585 Ille.
1309 5535 1449 5587 enim
1490 5544 1571 5588 est
1614 5535 1666 5587 in
1698 5535 1913 5590 excelso
1948 5549 2000 5590 et
2029 5540 2138 5590 ele-

571 5634 695 5676 vato
728 5622 939 5689 throno,
979 5623 1355 5692 pulcherrimis
1401 5628 1546 5696 regni
1578 5626 1877 5696 insignibus
1922 5630 2136 5698 egregie

641 5782 661 5811 ’
696 5777 763 5832 Ν
803 5777 934 5847 llcg.
969 5794 1056 5846 xv,
1095 5780 1207 5834 {-5.

1286 5782 1330 5815 ¹⁰
1356 5781 1396 5835 ll
1422 5781 1600 5836 ParaL
1644 5797 1791 5848 xxvi,
1828 5783 2009 5837 lli-‘20.
2088 5786 2128 5815 “
2163 5785 2356 5840 Ezech.
2398 5802 2479 5853 ιιι,
2511 5785 2600 5839 96.
2672 5789 2712 5819 ¹²
2746 5787 2927 5841 Amos.
2967 5803 3004 5850 I,
3040 5787 3090 5839 l.

2252 4743 2268 4773 ι
2291 4724 2452 4791 Λόγοι
2499 4722 2678 4790 Ἀμὼς
2711 4722 2759 4774 οἳ
2795 4722 3044 4789 ἐγένοντο
3064 4722 3121 4773 ἐν
3157 4719 3458 4789 Ἀκκαρεὶμ
3492 4718 3549 4769 ἐν
3578 4717 3809 4775 Θεκουὲ,

2243 4814 2335 4877 οὒς
2358 4814 2464 4867 ίδεν
2480 4812 2620 4883 ὑπὲρ
2651 4813 3008 4882 Ἰερουσαλὴμ
3028 4814 3084 4865 ἐν
3106 4812 3338 4881 ἡμέραις
3362 4810 3534 4873 Ὀζίου
3554 4808 3813 4877 βασιλέως

2256 4905 2457 4967 Ἰούδα,
2494 4905 2586 4957 καὶ
2632 4905 2689 4956 ἐν
2717 4905 2952 4973 ἡμέραις
3005 4902 3286 4972 Ἰεροϐοάμ
3339 4900 3432 4953 τοῦ
3481 4898 3630 4960 Ίωᾶς
3661 4898 3813 4968 βασι-

2244 4998 2380 5059 λέως
2401 4994 2629 5069 ’Ἰσραὴλ
2652 4995 2757 5064 πρὸ
2792 4993 2887 5046 δύο
2931 4992 3066 5045 ἐτῶν
3104 4992 3199 5045 τοῦ
3253 4990 3497 5061 σεισμοῦ.
3527 5010 3545 5040 ι
3596 4989 3808 5059 Ἐπειδὴ

2242 5084 2298 5136 δὲ
2347 5082 2732 5151 τετελεύτηκεν
2798 5081 2977 5146 Ὀζίας
3048 5080 3442 5150 συγκατέληξεν
3509 5078 3655 5149 αὐτῷ
3714 5081 3811 5147 τῆς

2244 5174 2454 5244 σιωπῆς
2484 5176 2512 5226 ὁ
2537 5174 2746 5243 καιρός.
2778 5173 2888 5226 Kal.
2924 5174 3083 5225 πάλιν
3109 5173 3277 5225 ἐδίδου
3303 5172 3400 5231 τὰς
3428 5171 3679 5232 θεοπτίας
3702 5174 3811 5231 τοῖς

2242 5267 2418 5334 ἁγίοις
2452 5269 2756 5336 προφήταις
2789 5267 2817 5318 ὁ
2843 5265 2948 5317 τῶν
2985 5265 3120 5318 ὅλων
3150 5266 3298 5328 Θεός.
3336 5263 3517 5336 Ταύτῃ
3542 5263 3620 5315 τοί
3649 5280 3811 5332 φησιν

2242 5358 2270 5408 6
2296 5358 2579 5426 προφήτης
2610 5356 2832 5417 Ἡσαΐας
2858 5372 2870 5382 ο
2906 5374 2923 5405 ι
2954 5355 3062 5408 Kal
3091 5355 3307 5422 ἐγένετο
3333 5354 3424 5406 τοῦ
3458 5352 3704 5407 ἐνιαυτοῦ
3752 5347 3812 5403 οὒ

2243 5446 2512 5501 ἀπέθανεν
2551 5446 2732 5509 Ὀζίας
2753 5448 2780 5498 6
2811 5446 3080 5516 βασιλεὺς,
3114 5446 3219 5499 ῐδον
3250 5446 3338 5498 τὸν
3361 5444 3561 5514 Κύριον
3589 5442 3812 5497 Σαϐαὼθ

2244 5538 2548 5608 καθήμενον
2580 5539 2671 5590 ἐπὶ
2708 5538 2894 5609 θρόνου
2922 5538 3124 5607 ὑψηλοῦ
3160 5540 3251 5590 καὶ
3281 5538 3606 5607 ἐπηρμένου.
3636 5555 3653 5587 ι
3694 5537 3814 5586 ’Ὁτι

2247 5631 2344 5699 μὲν
2378 5626 2470 5683 οὖν
2500 5631 2589 5683 τὶν
2634 5630 2759 5683 Υίὸν
2813 5633 2841 5683 6
2877 5628 3159 5702 προφήτης
3208 5629 3457 5681 τεθέαται
3510 5631 3566 5680 ἐν
3593 5629 3659 5698 τῇ
3690 5625 3816 5697 δόξῃ

3169 5786 3212 5816 ¹³
3237 5784 3391 5839 Joan.
3421 5799 3518 5848 xu,
3548 5781 3635 5835 ιι.
