4124 6372
369 403 470 458 173

1525 384 1591 461 IN
1627 405 1862 462 ISAIAM
1899 405 2026 462 LIB.
2067 407 2108 461 ι.
2149 406 2359 465 οιιΑτ.
2400 404 2487 463 tv.

3525 415 3626 470 174

363 524 463 579 τοῦ
501 522 632 578 Θεοῦ
653 525 750 578 καὶ
772 524 1004 594 Πατρὸς,
1032 526 1134 579 οὐκ
1160 525 1226 582 ἂν
1258 525 1549 583 ἐνδοιάσειέ
1571 546 1676 596 τις,
1705 529 1939 582 ’ῐωάννοι

2057 538 2367 584 coronatus.
2399 529 2678 599 Suprema:
2714 528 2841 584 item
2876 537 3189 599 potestates,
3225 532 3420 604 quibus
3445 537 3628 592 mulce

361 618 666 686 γράφοντος
724 618 969 687 ἐναργῶς
1015 621 1148 690 περὶ
1202 619 1367 673 αὐτοῦ
1389 637 1402 650 ·
1439 621 1654 676 ιΤαῦτα
1685 622 1741 676 δέ
1793 618 1947 674 εἶπεν

375 711 624 772 Ἡσαΐας,
648 710 736 762 ὅτε
767 711 847 763 ῐδε
876 708 973 780 τὴν
997 710 1156 774 δόξαν
1190 711 1376 775 αὐτοῦ,
1410 712 1506 766 καὶ
1543 711 1774 783 ἐλάλησε
1814 711 1946 782 περὶ

364 802 583 856 αὑτοῦ.»
627 800 820 873 Ἀθρει
851 802 906 855 δέ
931 820 1019 873 μοι
1047 804 1146 874 τῆς
1179 803 1516 874 θεοπρεποῦς
1583 803 1857 874 ὑπεροχῆς
1885 803 1946 856 τὸ

362 893 602 964 ἀξίωμα,
635 892 732 946 καὶ
758 893 820 946 τὸ
853 892 991 946 κατὰ
1017 893 1200 960 πάσης
1230 894 1459 956 κτίσεως
1496 895 1716 965 κράτος.
1754 894 1814 946 '0
1846 893 1946 964 μὲν

361 986 472 1056 γάρ
499 987 647 1038 ἐστιν
674 984 759 1054 ἐφ’
785 983 988 1054 ὑψηλοῦ
1031 1002 1088 1038 τε
1123 985 1214 1036 καὶ
1255 985 1570 1056 ἐπηρμένου
1613 985 1804 1058 θρόνου
1833 989 1946 1051 τοῖς

360 1079 464 1147 τῆς
490 1077 768 1148 βασιλείας
827 1079 1291 1148 ὲκπρεπεστάτοις
1339 1079 1647 1148 αὐχήμασιν
1694 1076 1754 1132 εὖ
1799 1078 1945 1149 μάλα

363 1170 823 1240 κατεστεμμένος.
872 1171 935 1223 Αἱ
994 1169 1050 1222 δὲ
1093 1171 1354 1224 ἀνωτάτω
1410 1170 1686 1238 δυνάμεις,
1719 1170 1840 1242 μεθ’
1877 1171 1945 1235 ἀς

357 1262 512 1316 οὐδὲν
539 1261 798 1315 ἐπέκεινα
825 1261 933 1315 τῶν
980 1262 1220 1333 γενητῶν
1273 1259 1413 1316 εἶναι
1462 1263 1700 1331 λέγεται,
1756 1261 1942 1332 κύκλῳ

357 1356 673 1425 περιιστᾶσι
701 1355 855 1418 τάξιν
884 1354 1101 1425 ἔχουσαι
1138 1356 1236 1426 τὴν
1259 1357 1555 1426 οἰκετικὴν,
1589 1357 1682 1410 καὶ
1701 1357 1824 1419 ταῖς
1849 1359 1942 1408 εὑ-

355 1448 594 1517 φημίαις
623 1448 1144 1519 καταγεραίρουσαι.
1196 1449 1386 1520 Πλήρη
1418 1467 1475 1501 τε
1509 1444 1647 1500 εἷναί
1684 1466 1818 1520 φησι
1844 1449 1942 1520 τὴν

352 1537 459 1608 γῆν
485 1537 704 1592 ἅπασαν
727 1539 826 1608 τῆς
853 1539 1009 1608 δόξης
1032 1538 1215 1592 αὐτοῦ.
1250 1540 1459 1611 Χρῆναι
1491 1539 1546 1592 δὲ
1575 1540 1942 1611 ὑπολαμϐάνω

357 1630 435 1700 μὴ
463 1632 521 1683 ἐν
547 1635 796 1695 τοπικοῖς
819 1631 1073 1702 ύψώμασι
1101 1633 1192 1684 τὸν
1221 1632 1363 1685 θεῖον
1412 1632 1618 1686 οἴεσθαι
1665 1634 1940 1688 τεθεῖσθαι

353 1721 564 1792 θρόνον.
593 1722 803 1793 Εῠηθες
852 1723 963 1794 γὰρ
1011 1723 1105 1776 καὶ
1133 1721 1390 1776 ἀσύνετον
1429 1725 1619 1796 κομιδῇ
1645 1725 1706 1778 τὸ
1750 1725 1942 1798 χρῆμά

351 1814 526 1869 ἐστιν.
576 1814 743 1884 ’Υψοῦ
793 1814 898 1868 δὲὸ
945 1810 1088 1878 θεῖος
1110 1813 1344 1868 τέθειται
1390 1813 1598 1886 θρόνος,
1655 1815 1794 1870 καθὸ
1845 1818 1941 1870 καὶ

2051 633 2140 672 res
2159 621 2353 689 genitae
2377 622 2682 691 superiores
2714 621 2982 690 leguntur,
3012 623 3371 697 undequaque
3394 628 3626 684 circum--

2050 717 2221 774 stant,
2272 710 2693 766 domesticorum
2734 712 2908 767 locum
2953 721 3220 784 tenentes,
3262 733 3495 790 eumque
3534 737 3627 776 or-

2048 809 2242 856 nantes
2276 801 2545 856 laudibus.
2583 820 2605 855 ι
2629 803 2790 858 Plena
2813 815 2917 870 est,
2949 805 3144 874 inquit.
3186 817 3328 863 terra
3367 812 3625 868 universa

2047 893 2216 962 gloria
2253 892 2392 961 ejus.
2426 913 2444 944 ι
2470 893 2566 950 Dei
2593 907 2774 951 autem
2809 899 3060 956 thronum
3090 902 3267 955 nonin
3290 903 3625 960 sublimitate

2046 985 2151 1040 loci
2185 987 2471 1040 terminata
2503 989 2760 1058 positum,
2785 1006 2905 1045 meo
2929 990 3158 1062 judicio,
3191 995 3509 1052 existimare
3534 1000 3624 1052 de-

2045 1078 2235 1134 bemus
2269 1097 2282 1132 :
2314 1079 2364 1132 id
2393 1081 2535 1135 enim
2564 1082 2808 1152 profecto
2853 1086 3074 1140 stultum
3104 1097 3186 1142 est
3217 1097 3270 1142 et
3308 1089 3556 1145 frivolum
3604 1111 3618 1146 :

2044 1179 2102 1223 at
2155 1172 2208 1223 in
2249 1171 2464 1226 sublimi
2525 1171 2618 1227 Dei
2675 1174 2904 1230 thronus
2947 1178 3150 1246 positus
3199 1189 3302 1246 est,
3353 1191 3624 1250 quatenus

2046 1261 2216 1315 divini
2249 1264 2400 1333 regni
2435 1263 2608 1334 gloria
2651 1280 2867 1320 omnem
2895 1279 3143 1323 naturam
3186 1272 3286 1326 sub
3317 1273 3619 1345 intelligen-

2059 1350 2186 1405 tiam
2210 1354 2518 1419 cadentem,
2546 1369 2807 1426 superare
2842 1358 3178 1430 intelligitur.
3213 1363 3416 1418 Deinde
3446 1366 3619 1420 sessio

2043 1457 2164 1511 quae
2192 1445 2258 1497 de
2295 1459 2360 1500 eo
2387 1447 2608 1514 dicitur,
2641 1447 2805 1502 veluti
2839 1448 3146 1505 ﬁrmitatem
3179 1462 3234 1506 et
3267 1454 3617 1512 stabilitatem

2044 1534 2098 1588 in
2133 1538 2321 1592 eodem
2360 1539 2624 1594 bonorum
2673 1551 2862 1596 tenore
2895 1545 3361 1617 constantiamque
3405 1549 3621 1606 videtur

2043 1631 2358 1686 subnotare.
2391 1632 2580 1689 Psallit
2603 1637 2747 1690 enim
2777 1639 2856 1693 sic
2881 1647 2936 1692 et
2967 1639 3156 1694 beatus
3187 1639 3356 1696 David
3382 1658 3398 1698 :
3428 1660 3448 1695 ι
3481 1642 3618 1698 Deus

2042 1723 2197 1775 sedet
2229 1723 2281 1776 in
2327 1724 2521 1779 throno
2561 1737 2749 1782 sancto
2786 1743 2886 1782 suo
2917 1729 2980 1782 η.
3015 1749 3034 1781 ι
3072 1729 3139 1784 Ει
3169 1733 3432 1802 propheta
3465 1733 3619 1789 Jere-

2048 1816 2186 1869 mias
2215 1817 2283 1869 ad
2306 1831 2430 1872 eum
2461 1819 2593 1873 dicit
2622 1835 2637 1874 :
2679 1838 2696 1871 ι
2727 1821 2806 1875 Τιι
2841 1823 2997 1876 sedes
3030 1822 3082 1876 in
3128 1827 3544 1894 sempiternum,
3566 1839 3622 1881 et

349 1907 554 1958 νοεῖται
583 1907 762 1976 πάσης
789 1906 1046 1960 ἐπέκεινα
1070 1907 1287 1975 φύσεως
1311 1912 1514 1980 νοητῆς
1551 1910 1650 1979 τῆς
1677 1910 1774 1963 τοῦ
1797 1909 1934 1964 Θεοῦ

2042 1918 2138 1958 nos
2171 1906 2412 1973 perimus
2445 1909 2500 1964 in
2533 1912 2926 1980 sempiternum
2961 1914 3026 1968 ¹⁵.
3065 1932 3084 1966 ι
3121 1913 3352 1985 Semper
3386 1918 3531 1971 enim
3565 1928 3621 1972 et

349 1998 636 2068 βασιλείας
660 2001 692 2070 ἡ
712 1999 861 2064 δόξα.
895 2000 960 2052 Ἦ
988 1999 1044 2052 δέ
1073 1999 1289 2064 κάθισις
1315 2002 1344 2072 ἡ
1372 2001 1458 2054 ἐπ’
1473 2001 1636 2054 αύτοῦ
1653 2003 1750 2072 τὴν
1772 2003 1937 2056 οἱονεὶ⁸

349 2091 685 2160 βεϐαιότητά
708 2109 768 2143 τε
803 2091 898 2145 καὶ
927 2095 984 2146 ἐν
1020 2094 1309 2164 ταυτότητι.
1346 2092 1456 2146 τῶν
1479 2093 1699 2162 ἀγαθῶν
1727 2095 1934 2166 ἵδρυσεν

345 2199 406 2235 τε
435 2183 532 2236 καὶ
568 2181 828 2254 διαμονὴν
857 2183 1032 2238 ἔοικεν
1069 2185 1388 2255 ὑποδηλοῦν.
1431 2185 1636 2239 Ψάλλει
1659 2186 1764 2256 γὰρ
1792 2186 1937 2240 οὕτω

347 2275 447 2328 καὶ
471 2279 499 2328 ὁ
521 2275 807 2340 θεσπέσιος
837 2277 1019 2330 Δαϐίδ·
1054 2299 1071 2328 ι
1110 2277 1168 2332 '0
1194 2278 1326 2342 Θεὸς
1350 2278 1586 2347 κάθηται
1616 2279 1707 2332 ἐπὶ
1746 2279 1934 2350 θρόνου

347 2365 512 2433 ἁγίου
540 2365 727 2420 αὑτοῦ.
757 2385 777 2418 ι
841 2368 950 2420 Καὶ
990 2368 1096 2438 μὴν
1136 2369 1230 2423 καὶ
1271 2371 1300 2422 ό
1348 2371 1633 2440 προφήτης
1673 2371 1937 2442 Ἱερεμίας

343 2459 492 2529 πρὸς
519 2459 682 2514 αὐτόν
749 2459 852 2513 πού
909 2477 1102 2530 φησιν’
1147 2479 1166 2512 ι
1206 2462 1329 2515 Ὀτι
1374 2463 1440 2515 σὺ
1484 2462 1792 2533 καθήμενος
1845 2465 1935 2517 τὸν

345 2550 546 2615 αἰῶνα,
575 2551 670 2604 καὶ
697 2551 861 2621 ἡμεῖς
888 2551 1253 2622 ἀπολλύμενοι
1279 2553 1372 2607 τὸν
1400 2553 1592 2608 αἰῶνα.
1618 2573 1637 2604 ι
1681 2556 1793 2608 Ἀεὶ
1827 2555 1936 2628 γάρ

345 2642 446 2696 καὶ
471 2643 531 2695 ἐν
565 2643 727 2696 παντὶ
783 2642 960 2714 χρόνῳ
989 2643 1201 2715 φθαρτή
1239 2645 1297 2697 τέ
1344 2645 1552 2717 ἐστινὴ
1589 2646 1934 2718 πεποιημένη

347 2731 535 2800 φύσις,
569 2732 664 2786 καὶ
691 2732 801 2786 τῶν
834 2733 1072 2804 γενητῶν
1103 2736 1161 2787 ἐν
1197 2735 1406 2799 τούτοις
1431 2735 1494 2789 τὸ
1527 2737 1743 2808 μέτρον⁶
1763 2738 1936 2808 κάθη-

345 2841 440 2878 ται
478 2825 560 2890 δέ,
590 2825 666 2888 ῶς
693 2824 854 2896 ἔφην,
884 2828 916 2896 ή
953 2826 1170 2879 πάντων
1197 2826 1431 2896 τεχνίτις
1460 2828 1554 2880 καὶ
1605 2829 1936 2900 δημιουργὸς

347 2918 539 2986 σοφία,
573 2917 717 2970 τοῦτ’
744 2917 913 2980 ἔστιν,
945 2920 1238 2990 ἀκλόνητον
1293 2919 1404 2990 ἔχει
1427 2919 1523 2991 τὴν
1568 2921 1626 2973 ἐν
1649 2922 1935 2991 ταυτότητι

342 3009 636 3081 διαμονήν.
666 3009 854 3080 Πλήρη
876 3009 931 3062 δὲ
963 3006 1102 3064 εἷναί
1135 3029 1267 3082 φησι
1325 3013 1415 3065 τὸν
1453 3008 1599 3066 οἷκον
1644 3014 1743 3084 τῆς
1777 3014 1936 3085 δόξης

344 3099 544 3155 αὑτοῦ.
583 3099 750 3154 υῦπω
786 3101 894 3173 γάρ
940 3101 1395 3173 δεδυσσεῆηκότος
1452 3104 1546 3158 τοῦ
1601 3105 1807 3176 Ἰσραὴλ
1855 3107 1938 3168 εἰς

341 3193 442 3247 τὸν
475 3193 682 3263 Κύριον
708 3193 865 3264 ἡμῶν
909 3195 1118 3266 Ἰησοῦν
1168 3195 1258 3248 τὸν
1287 3196 1540 3267 Χριστὸν,
1574 3197 1814 3268 ἐπλήρου
1843 3198 1935 3251 τὸν

343 3283 500 3340 οἷκον
532 3286 626 3340 τὸν
664 3287 721 3339 ἐν
750 3288 862 3351 τοῖς
919 3287 1318 3358 Ἱεροσολύμοις
1343 3266 1402 3359 δὴ
1450 3289 1545 3342 τοῦ
1605 3266 1740 3342 Θεού
1789 3289 1935 3354 δόξα.
1965 3266 2008 3325 C

357 3378 586 3449 Ἐπειδὴ
607 3378 666 3432 δὲ
701 3379 1009 3449 ἠρνήσαντο
1036 3379 1136 3450 τὴν
1171 3379 1447 3449 βασιλείαν
1485 3379 1670 3444 αὐτοῦ,
1706 3381 1798 3434 καὶ
1840 3399 1940 3434 πε-

345 3469 643 3524 πτώκασιν
694 3472 775 3534 εἰς
805 3470 1147 3539 ,ἀνοσιότητα
1200 3471 1436 3540 τρόπων.
1491 3465 1566 3525 Οὖ
1627 3472 1812 3526 ἐνεκεν
1841 3473 1939 3543 τὴν

347 3562 540 3632 φωνὴν
568 3562 811 3632 ἥκουσαν
841 3562 1109 3630 λέγοντος·
1141 3582 1158 3612 ι
1182 3564 1312 3616 Ἰδοὺ
1333 3564 1551 3633 ἀφίεται
1582 3565 1709 3634 ὑμῖν
1740 3566 1768 3618 ὁ
1791 3559 1938 3629 οἶκος

347 3652 531 3723 ὑμῶν.
559 3671 578 3704 ι
629 3653 876 3723 Ἐκάστῳ
898 3653 954 3706 δὲ
981 3652 1090 3705 τῶν
1145 3653 1424 3723 Σεραφεὶμ
1455 3652 1513 3719 ἐξ
1562 3653 1938 3724 ἐμπεφυκέναι

347 3745 490 3816 φησι
510 3743 610 3807 τὰς
642 3745 940 3815 πτέρυγας,
970 3743 1044 3808 ὡς
1083 3747 1203 3807 ταῖς
1235 3746 1332 3815 μὲν
1354 3744 1474 3798 δυσὶ
1502 3745 1938 3799 κατακαλύπτειν

344 3836 412 3888 τὸ
443 3835 756 3906 πρόσωπον,
784 3838 901 3899 ταῖς
923 3835 978 3888 δὲ
1016 3835 1138 3888 δυσὶ
1182 3837 1309 3898 τοὺς
1355 3835 1541 3901 πόδας,
1583 3836 1849 3890 πέτασθαι
1881 3836 1938 3889 δὲ

345 3929 475 3988 ταῖς
503 3925 737 3989 λοιπαῖς.
769 3927 1191 3997 Διερμηνεύεται
1221 3925 1278 3978 δὲ
1300 3928 1600 3998 Σεραιρεὶμ,
1623 3927 1938 4000 ἐμπρησταὶ

345 4021 476 4089 ἦτοι
508 4019 911 4093 θερμαίνοντες.
946 4019 1169 4089 Ψυχρὸν
1209 4019 1317 4090 γὰρ
1359 4019 1510 4072 οὐδὲν
1547 4019 1698 4091 παρά
1725 4035 1788 4088 γε
1819 4021 1937 4082 ταῖς

345 4111 470 4166 ἄνω
520 4111 836 4182 δυνάμεσιν,
884 4111 1048 4182 αἵπερ
1079 4111 1144 4164 ἂν
1204 4109 1311 4165 εἷεν
1347 4111 1583 4182 μάλιστα
1629 4111 1723 4164 καὶ
1770 4111 1934 4178 ἐγγὺς

345 4201 511 4256 Θεοῦ.
545 4203 733 4275 Ταύτῃ
763 4220 844 4255 τοι
884 4204 979 4256 καὶ
1003 4205 1161 4274 ἡμεῖς
1194 4203 1346 4257 αὐτοὶ
1374 4201 1700 4273 κολλώμενοι
1731 4201 1819 4254 διά
1850 4202 1938 4253 πί-

348 4312 528 4358 στεως
550 4296 643 4348 καὶ
668 4295 945 4358 πολιτείας
992 4295 1092 4364 τῆς
1143 4294 1357 4365 ἀγαθῆς
1407 4295 1501 4347 καὶ
1558 4293 1937 4364 ἐννομωτάτης

347 4391 574 4456 ζέοντες
607 4389 1020 4460 ἀποτελούμεθα
1070 4390 1149 4461 τῷ
1186 4389 1474 4459 πνεύματι,
1499 4389 1591 4442 καὶ
1621 4387 1814 4459 θερμοὶ⁴
1836 4389 1936 4460 τὴν

345 4485 578 4552 ἀγάπην
610 4483 710 4554 τὴν
743 4485 822 4546 εἰς
850 4483 1004 4536 Θεὸν.
1037 4481 1310 4552 Σύμϐολον
1336 4481 1394 4535 δέ
1443 4481 1503 4534 τὸ
1543 4483 1659 4545 ταῖς
1711 4481 1936 4552 πτέρυξι

2041 1999 2265 2054 omnino
2299 2004 2636 2072 cori-optioni
2683 2005 2919 2060 obnoxia
2960 2017 3046 2062 est
3088 2023 3267 2063 rerum
3313 2019 3530 2074 natura,
3566 2020 3623 2065 et

2041 2105 2232 2146 eorum
2269 2108 2388 2162 qua:
2415 2089 2592 2149 ortum
2625 2095 2825 2151 habent
2871 2113 3124 2154 mensura
3165 2101 3409 2169 quaedam
3442 2111 3527 2156 est
3556 2116 3623 2157 ac

2048 2185 2331 2238 terminus.
2383 2186 2547 2240 Sedet
2603 2197 2806 2254 autem,
2843 2191 2918 2243 uti
2969 2190 3103 2255 dixi,
3153 2193 3394 2246 omnium
3439 2209 3619 2248 rerum

2041 2273 2454 2330 architectatrix
2489 2287 2547 2331 et
2586 2279 2770 2347 opifex
2822 2281 3110 2349 sapientia,
3156 2281 3204 2335 id
3240 2293 3342 2347 est,
3395 2283 3620 2339 immota

2041 2373 2148 2431 est,
2185 2373 2240 2419 et
2282 2366 2470 2421 eodem
2505 2371 2661 2424 modo
2706 2383 3006 2440 permanet.
3053 2372 3274 2427 Plenam
3329 2375 3461 2429 dicit
3499 2391 3621 2430 esse

2043 2458 2258 2513 domum
2287 2460 2454 2530 gloria
2489 2459 2628 2529 ejus.
2697 2462 2830 2516 Nam
2858 2463 3091 2533 quandiu
3119 2465 3284 2520 lsraei
3313 2482 3418 2520 non
3454 2468 3622 2520 admi-

2041 2549 2114 2603 sit
2162 2549 2493 2620 impietatem
2555 2564 2742 2609 contra
2793 2555 3078 2610 Dominum
3139 2567 3384 2613 nostrum
3435 2557 3619 2614 Jesum

2041 2639 2359 2708 Christum,
2420 2643 2593 2714 gloria
2651 2645 2744 2699 Dei
2810 2645 3350 2714 Hierosolymitanatn
3401 2650 3618 2705 domum

2042 2733 2301 2802 implevit.
2337 2735 2442 2790 Sed
2493 2747 2778 2807 postquam
2814 2751 3081 2810 negarunt
3130 2756 3354 2813 regnum
3384 2743 3522 2820 ejus.
3564 2745 3618 2799 in

2043 2840 2252 2880 morum
2296 2826 2625 2896 impietatem
2669 2841 3015 2898 proruerunt.
3052 2832 3263 2889 Idcirco
3295 2835 3622 2890 audiverunt

2041 2926 2229 2968 vocem
2278 2914 2510 2969 dicentis
2558 2933 2572 2970 :
2621 2933 2640 2967 ι
2670 2918 2808 2971 Ecce
2860 2918 3180 2988 relinquitur
3224 2921 3380 2976 vobis
3428 2923 3620 2978 domus

2044 3013 2222 3058 vestra
2251 3005 2462 3061 deserta
2495 3006 2560 3060 ⁸⁸.
2588 3027 2606 3057 ι
2645 3006 2951 3078 Unicuique
2975 3018 3152 3064 autem
3201 3010 3484 3082 Seraphim
3523 3029 3618 3068 sex

2043 3096 2157 3152 alas
2200 3095 2424 3152 adnatas
2467 3113 2587 3153 esse
2627 3099 2780 3166 dicit,
2817 3112 2874 3154 ut
2918 3101 3124 3156 duabus
3156 3102 3366 3168 faciem,
3406 3105 3616 3160 duabus

2043 3190 2208 3258 pedes
2233 3199 2493 3261 tegerent,
2541 3193 2762 3262 reliquis
2795 3195 3062 3250 volarent.
3099 3193 3412 3266 Seraphim,
3463 3199 3616 3268 igniti

2042 3297 2135 3337 seu
2171 3281 2442 3338 ferventes
2472 3287 2780 3354 exponitur.
2830 3285 2886 3340 lu
2923 3289 3135 3356 stiperis
3159 3291 3302 3342 enim
3337 3294 3618 3359 potestati—

2041 3374 2142 3428 bus
2183 3375 2316 3428 nihil
2365 3375 2643 3445 frigitlum,
2695 3388 2750 3432 ut
2803 3393 2923 3446 qua:
2966 3380 3208 3448 proxime
3255 3381 3422 3436 Deum
3467 3395 3613 3439 sunt.

2040 3465 2150 3520 Nos
2181 3467 2343 3521 etiam
2394 3470 2497 3522 hoc
2546 3473 2704 3522 modo
2731 3485 2827 3538 per
2859 3470 3017 3524 ﬁdem
3069 3480 3124 3525 et
3171 3471 3371 3526 bonam
3403 3474 3616 3545 legique

2043 3557 2278 3613 maxime
2305 3569 2724 3614 consentaneam
2758 3561 2882 3614 vitti-
2909 3561 3302 3618 institutionem
3329 3565 3402 3617 illi
3425 3568 3614 3636 agglu-

2042 3651 2220 3713 tinati,
2246 3651 2438 3720 spiritu
2472 3651 2742 3707 ferventes
2773 3655 3109 3722 perficimur,
3148 3665 3204 3712 et
3251 3658 3519 3714 charitate
3561 3661 3614 3714 in

2044 3745 2201 3814 103
2225 3744 2390 3799 Deum
2420 3747 2692 3799 ardentes.
2710 3744 2875 3800 Porro
2909 3745 3192 3817 Seraphim
3217 3749 3316 3804 alis
3345 3751 3520 3806 velare
3543 3752 3617 3805 fa-

2040 3837 2176 3890 ciem
2191 3847 2244 3891 et
2263 3837 2451 3906 pedes,
2469 3845 2521 3891 et
2542 3836 2754 3892 duobus
2776 3838 2980 3903 volare,
3002 3839 3303 3909 symbolum
3325 3851 3426 3904 est,
3448 3845 3615 3896 nemi-

2041 3942 2161 3982 nem
2183 3943 2339 3996 posse
2354 3928 2436 3982 vel
2455 3929 2802 3999 principium,
2823 3930 2906 3984 vel
2928 3931 3086 3985 linem
3103 3934 3496 3990 sententiarum
3520 3948 3613 3991 aut

2039 4033 2345 4073 sermonum
2377 4020 2442 4074 de
2473 4022 2974 4091 Deoiutrospicere.
2993 4023 3164 4094 Caput
3185 4027 3328 4081 enim
3361 4037 3414 4080 et
3449 4028 3614 4087 facies

2037 4113 2324 4182 designant
2369 4115 2715 4190 principium,
2761 4115 2926 4170 ﬁnem
2975 4117 3158 4185 pedes.
3203 4117 3363 4174 Caret
3410 4123 3612 4176 etenim

2040 4204 2307 4272 principio
2344 4203 2635 4272 Divinitas,
2674 4216 2726 4260 et
2769 4208 2890 4271 linis
2928 4218 3010 4263 est
3048 4211 3252 4266 nescia.
3298 4209 3408 4266 Nos
3433 4225 3613 4270 autem

2038 4292 2128 4345 vix
2162 4293 2432 4347 intuemur
2470 4311 2530 4348 ea
2559 4310 2680 4364 quas
2714 4297 2765 4350 in
2811 4298 2986 4352 medio
3027 4299 3372 4369 interjaceut,
3403 4318 3489 4367 ea,
3532 4305 3612 4357 in.-

2037 4399 2222 4452 quam,
2261 4401 2383 4454 quae
2408 4399 2649 4454 tempore
2681 4388 2835 4456 ﬁunt,
2864 4393 3064 4459 quo'ea
3087 4406 3207 4460 quae
3233 4408 3338 4448 non
3379 4403 3526 4459 sunt,
3558 4397 3611 4450 in

2037 4473 2293 4530 cil‘cctum
2321 4477 2612 4546 aliquando
2640 4482 3032 4548 producuntur.
3061 4481 3259 4538 Volant
3277 4485 3532 4556 denique,
3556 4499 3614 4544 ut

345 4575 796 4630 κατακαλύπτειν
825 4574 894 4627 τά
925 4574 1201 4645 Σεραφεὶμ
1226 4573 1286 4626 τό
1300 4590 1358 4625 τε
1385 4573 1674 4642 πρόσωπον
1694 4573 1932 4636 καὶτοὺς

2042 4567 2132 4635 qui
2174 4567 2308 4621 nihil
2335 4570 2711 4637 proculcaturn
2761 4570 2960 4624 habent
2998 4587 3092 4626 seu
3129 4573 3398 4642 abjectum
3430 4593 3444 4630 :
3481 4579 3610 4646 quin

346 4667 542 4730 πόδας,
567 4665 832 4719 πέτασθαι
863 4666 918 4718 δὲ
944 4668 1064 4728 ταῖς
1089 4665 1258 4727 δυσὶν,
1287 4663 1380 4718 τοῦ
1414 4665 1488 4734 μὴ
1508 4663 1766 4718 δύνασθαί
1783 4681 1936 4728 τινας

2042 4659 2217 4727 potius
2256 4660 2364 4714 alte
2404 4675 2618 4728 semper
2664 4661 2876 4715 illorum
2914 4678 3066 4718 mens
3101 4665 3153 4718 in
3201 4665 3370 4720 Deum
3415 4666 3608 4723 fertur.

347 4759 383 4829 ἢ
418 4758 595 4828 ἀρχὴν
624 4758 658 4828 ἢ
689 4757 844 4820 τέλος
902 4757 1034 4827 ὁρᾷν
1099 4757 1317 4812 ἐννοιῶν
1381 4758 1414 4828 ἢ
1467 4756 1642 4825 λόγων
1674 4756 1782 4810 τῶν
1810 4759 1938 4828 περὶ

348 4851 512 4905 Θεοῦ.
554 4848 814 4920 Σημαίνει
843 4849 943 4920 μὲν
971 4850 1080 4920 γὰρ
1101 4849 1200 4921 τὴν
1224 4850 1398 4921 ἀρχὴν
1429 4851 1463 4919 ἡ
1491 4847 1720 4919 κεφαλὴ,
1759 4850 1851 4901 καὶ
1877 4848 1938 4900 τὸ

349 4945 673 5016 πρόσωπον,
704 4943 765 4996 τὸ
793 4943 850 4996 δέ
884 4959 946 5010 γε
990 4943 1143 5006 τέλος
1201 4943 1250 4996 οἱ
1308 4943 1485 5006 πόδεςέ
1517 4941 1783 5012 Ἀναρχον
1827 4941 1934 5012 γὰρ

350 5037 414 5090 τὸ
436 5036 592 5089 Θεῖον
617 5035 712 5088 καὶ
735 5034 992 5104 τελευτᾷν
1017 5035 1116 5087 οὐκ
1139 5034 1294 5097 εἶδός.
1319 5033 1733 5105 Προσόἀλλομεν
1754 5031 1810 5086 δέ
1825 5035 1937 5096 τοῖς

349 5128 444 5182 διὰ
475 5129 643 5198 μέσου
671 5125 827 5198 μόλις
843 5129 956 5190 τοῖς
986 5126 1127 5180 κατά
1154 5143 1215 5194 γε
1240 5129 1366 5189 τοὺς
1385 5125 1608 5196 χρόνους
1631 5125 1793 5196 φημὶ,
1818 5123 1939 5177 καθ’

354 5221 471 5286 οὓς,
497 5220 568 5272 τά
603 5221 706 5274 οὐκ
737 5219 868 5273 ὄντα
901 5219 1034 5274 ποτὲ
1068 5216 1326 5289 παρήχθη
1377 5218 1513 5286 πρὸς
1547 5216 1796 5286 ὓπαρξιν.
1837 5217 1942 5270 Πέ-

356 5313 541 5366 τονται
581 5329 646 5380 γε
682 5312 788 5384 μὴν
821 5312 898 5375 ῶς
941 5312 1093 5364 οὐδὲν
1137 5310 1349 5381 ἔχοντες
1375 5311 1436 5362 τὸ
1479 5307 1938 5382 κατερῤιμμένον.

367 5403 539 5472 Ὑψοῦ
563 5403 621 5456 δὲ
647 5403 847 5474 μᾶλλον
874 5403 962 5456 ἀεὶ
988 5403 1051 5455 τὸ
1083 5402 1339 5472 φρόνημα
1367 5401 1502 5471 πρὸς
1529 5400 1680 5452 Θεόν.
1728 5399 1802 5452 ῡύ
1833 5399 1939 5466 γάρ

355 5515 434 5549 τοι
463 5495 584 5549 καθ’
625 5498 771 5566 ἡμᾶς
791 5493 1047 5566 φρονοῦσι
1075 5496 1142 5548 τὰ
1179 5495 1349 5552 κάτω,
1377 5493 1490 5546 ἀλλ’
1517 5495 1573 5546 ἐν
1604 5491 1934 5562 ἀπορρήτοις

357 5590 497 5640 τισὶν
524 5586 813 5657 ὐψὼμασιν
854 5584 1074 5640 ἐννοιῶν
1115 5587 1170 5638 αἱ
1215 5583 1472 5638 ἀνωτάτω
1526 5583 1782 5651 δυνάμεις
1844 5580 1934 5632 τὸν

361 5679 556 5732 οἰκεῖον
588 5678 772 5749 έχουσι
810 5677 954 5731 νοῦν.
988 5675 1248 5747 Εὖιρημον
1295 5675 1351 5729 δὲ
1403 5674 1497 5728 καὶ
1530 5674 1590 5726 τὸ
1631 5672 1806 5742 στόμα
1835 5671 1934 5724 αὐ-

434 5839 478 5871 "
500 5837 640 5894 Psal.
677 5854 820 5906 XLVI,
857 5838 910 5893 9.
990 5837 1032 5868 ¹⁸
1071 5836 1296 5891 Bartsch.
1337 5851 1417 5900 ιιι,
1459 5835 1508 5889 5.

2037 4748 2153 4804 Non
2187 4752 2355 4815 enim,
2390 4761 2447 4805 ut
2480 4767 2600 4816 nos,
2640 4753 2959 4809 hasciulima
2996 4757 3216 4825 sapiunt
3254 4758 3335 4813 lite
3367 4769 3610 4828 potestne

2039 4854 2119 4899 tes
2143 4859 2425 4914 supremae,
2455 4846 2546 4899 sed
2565 4855 2797 4898 mentem
2830 4846 3030 4900 habent
3050 4848 3262 4904 arcanis
3291 4852 3610 4917 quibusdam

2038 4934 2428 4989 sententiarum
2457 4935 2882 4991 sublimitatihus
2911 4935 3125 4992 afﬁxam
3153 4947 3206 4993 et
3242 4941 3606 5009 coniunctam.

2038 5026 2112 5083 Os
2141 5043 2358 5098 quoque
2385 5043 2573 5083 eorum
2600 5029 2814 5094 plenum
2839 5039 2924 5085 cst
2956 5030 3149 5092 faustis
3185 5033 3611 5090 ominationibus

2039 5135 2102 5172 ac
2126 5119 2396 5179 laudibus.
2432 5121 2670 5176 Gloriam
2697 5123 2842 5176 enim
2894 5123 3203 5187 decantant,
3247 5126 3412 5194 idque
3443 5127 3609 5182 alter-

2041 5212 2126 5265 nis
2166 5211 2396 5275 vicibus,
2433 5229 2538 5266 non
2582 5213 2710 5281 quia
2742 5213 3130 5283 defatiganlur,
3161 5225 3219 5270 ut
3259 5231 3360 5288 ego
3391 5219 3609 5288 quidem

2039 5304 2297 5369 arbitror,
2337 5306 2430 5361 sed
2465 5306 2673 5361 honore
2697 5307 2800 5360 sibi
2838 5319 3023 5361 mutuo
3047 5309 3264 5375 cedunt,
3299 5320 3351 5364 et
3374 5312 3609 5365 vicissim

2040 5391 2380 5447 laudationes
2411 5397 2664 5448 reddunt.
2703 5394 2900 5449 Omnia
2937 5395 3082 5450 enim
3124 5411 3318 5466 supera
3361 5399 3612 5452 ordinate

2043 5486 2178 5540 tiunt
2199 5500 2260 5540 ac
2283 5486 2556 5540 decenter.
2591 5485 2726 5540 Cum
2763 5502 2894 5542 vero
2925 5507 2944 5538 ι
2973 5486 3207 5543 Sanctus
3239 5507 3258 5540 ι
3291 5499 3374 5544 ter
3401 5490 3608 5554 dicunt,

2041 5579 2299 5632 claudunt
2330 5579 2584 5648 hymnum
2613 5578 2666 5632 in
2695 5579 2821 5644 hoc,
2851 5597 2870 5632 ι
2914 5578 3174 5634 Dominus
3202 5577 3461 5644 Sabaoth,
3492 5601 3511 5633 ι
3557 5583 3610 5635 in

2043 5685 2146 5721 una
2167 5670 2381 5724 deitatis
2416 5678 2605 5724 natura
2630 5678 2876 5726 sanctam
2901 5672 3300 5727 constituentes
3325 5669 3604 5725 Triadem.

1591 5834 1633 5863 ¹⁶
1663 5831 1850 5886 Matth.
1879 5845 2035 5897 xxm,
2065 5830 2156 5884 58.
