4152 6366
551 408 661 468 175

1543 404 1601 459 S.
1641 402 1915 458 CYRILLI
1957 401 2432 458 ALEXANDRINI
2473 402 2791 459 ARCIIIEP.

3710 406 3813 464 176

554 525 865 583 Subsistere
903 522 1049 577 enim
1092 519 1307 575 Patrem
1345 522 1504 589 plane
1545 522 1796 584 dicimus,
1841 522 1918 575 sic
1962 523 2125 575 etiam

2237 522 2369 583 ταῖς.
2413 518 2763 587 Δοξολογοῦσι
2796 517 2906 589 γάρ
2933 519 3027 571 κα¹ί
3050 518 3212 571 τοῦτο
3248 518 3305 585 ἐξ
3345 518 3601 589 ἀμοιϐῆς,
3636 520 3698 574 οὔ
3725 522 3814 576 διά

552 619 773 684 Filium,
809 624 866 671 et
892 613 1161 684 Spiritum
1196 623 1465 668 sanctum.
1503 612 1689 681 Neque
1720 629 1847 668 vero
1882 629 2018 682 quos
2053 615 2135 667 di-

551 711 749 775 cimus,
780 709 833 762 in
875 705 1182 761 naturalem
1230 704 1466 774 aliquam
1505 705 1875 759 diversitatem
1911 705 2015 758 ulla
2047 721 2135 759 ra-

555 803 633 856 tio
667 802 930 863 dissecat,
963 798 1055 852 sed
1087 797 1139 849 in
1172 796 1371 867 triplici
1420 796 1695 867 hypostasi
1724 813 1825 849 una
1854 797 2025 851 deitas
2052 797 2134 849 in-

556 892 834 961 telligitur.
873 889 985 943 lloc
1018 887 1237 957 quidem
1290 887 1447 941 nobis
1490 898 1744 943 testatum
1787 887 1997 943 faciunt
2037 904 2136 958 per

557 986 655 1038 hos
680 992 897 1038 sanctos
928 978 1211 1048 Seraphim
1246 1020 1260 1043 ,
1301 980 1391 1049 qui
1435 982 1741 1035 universam
1786 990 1986 1034 terram
2022 996 2135 1034 ma-

553 1075 751 1144 jestate
780 1072 896 1141 ejus
942 1072 1159 1141 plenam
1213 1071 1484 1135 dictitant,
1533 1070 1713 1125 futura
1754 1072 2132 1140 prtecinentes,

556 1175 609 1220 et
640 1165 1031 1220 administratae
1052 1179 1149 1232 per
1172 1163 1447 1218 Christum
1481 1164 1903 1232 dispensationis
1940 1175 2137 1235 myste-

560 1258 697 1310 rium
735 1257 1179 1325 pranuntiantes.
1217 1252 1541 1323 Priusquam
1564 1255 1707 1308 enim
1742 1253 1981 1310 Verbum
2007 1272 2135 1312 caro

559 1352 758 1404 factum
802 1356 968 1411 esset,
1003 1347 1090 1401 ille
1131 1349 1365 1415 themon,
1398 1348 1485 1401 ille
1516 1348 1775 1409 exitialis,
1818 1348 1905 1403 ille
1945 1349 2133 1417 draco,

559 1443 648 1496 ille
694 1440 957 1505 delector,
994 1440 1179 1494 orbem
1219 1449 1492 1493 terrarum
1546 1442 1866 1508 occupabat,
1904 1454 1959 1497 et
1983 1460 2135 1498 creao

560 1542 679 1587 tura
715 1548 823 1601 prae
861 1532 1122 1585 Creatore
1149 1541 1203 1584 et
1235 1529 1529 1586 Conditore
1559 1534 1927 1587 adorabatur:
1960 1544 2017 1588 at
2045 1537 2133 1590 uhi

560 1626 867 1692 factus;est
912 1624 1073 1678 homo
1123 1623 1458 1692 unigenitum
1514 1624 1607 1679 Dei
1657 1624 1911 1691 Verbum,
1957 1628 2137 1685 omnis

560 1726 707 1771 terra
745 1715 1025 1784 majestate
1052 1714 1169 1783 ejus
1216 1715 1416 1783 repleta
1450 1726 1553 1769 est.
1585 1715 1663 1770 Illi
1697 1718 1841 1771 enim
1865 1717 2044 1774 ﬂectet
2078 1735 2137 1775 se

560 1823 916 1877 nmnegenu,
948 1816 1002 1861 et
1035 1807 1109 1859 illi
1142 1821 1332 1862 omnes
1372 1808 1569 1878 lingua:
1605 1824 1669 1863 ac
1704 1810 1874 1865 trihus
1911 1816 2137 1868 conﬁte-

2233 628 2297 680 γε
2327 611 2386 663 τὸ
2437 612 2691 680 κάμνειν,
2753 609 3005 679 καθάπερ
3057 607 3292 679 ἐγῷμαι,
3338 609 3721 681 παραχωροῦσι
3754 610 3813 663 δέ

2237 702 2436 773 μᾶλλον
2464 701 2564 764 τὰς
2585 701 2746 770 τιμάς
2778 700 3038 771 ἁλλήλως,
3076 700 3169 752 καὶ
3213 700 3669 771 ἁντιδωρούμεναι
3714 703 3814 767 τὰς

2231 793 2557 861 δοξολογίας.
2594 792 2782 846 Πάντα
2809 792 2917 863 γὰρ
2950 793 3008 845 ἐν
3037 791 3226 862 κόσμῳ
3248 791 3315 845 τὰ
3342 792 3472 846 ἁνω.
3495 792 3627 863 Τρ“ις
3649 792 3705 845 δέ
3727 795 3808 854 τὸ,

2239 904 2259 937 ι
2296 884 2485 953 ’Ἄγιος
2508 903 2527 937 ι
2552 884 2829 953 λέγουσαι,
2856 883 3236 937 κατακλείουσι
3262 883 3358 954 τὴν
3387 882 3713 952 δοξολογίαν,
3734 888 3812 947 είς

2231 978 2313 1044 τὸ,
2337 996 2356 1029 ι
2379 977 2582 1048 Κύριος
2606 974 2885 1039 Σαϐαὼθ,›
2912 978 2969 1029 ἐν
2984 977 3083 1047 μιᾷ
3099 976 3347 1046 θεότητος
3370 975 3638 1047 φύσειΙτήν
3652 978 3812 1046 ἁγίαν

2230 1067 2471 1131 τιθέντες
2501 1068 2725 1139 Τριάδα.
2791 1067 3120 1137 Ὑφεστάναι
3156 1068 3255 1138 μὲν
3300 1069 3407 1139 γὰρ
3444 1068 3811 1139 ὁμολογουμέ-

2236 1178 2343 1223 νως
2380 1159 2559 1230 φαμὲν
2579 1160 2670 1213 τὸν
2702 1160 2952 1231 Πατέραο
3003 1159 3147 1213 οὕτω
3182 1159 3239 1212 δὲ
3281 1161 3373 1212 καὶ
3414 1160 3505 1212 τὸν
3538 1160 3683 1225 Υίὸν,
3718 1161 3813 1213 καὶ

2232 1253 2293 1306 τὸ
2326 1252 2551 1322 Πνεῦμα
2575 1252 2636 1305 τὸ
2658 1251 2830 1320 ἆγιον.
2857 1252 2968 1306 Καὶ
2992 1251 3149 1319 λόγος
3177 1251 3350 1316 οὐδεὶς
3380 1251 3657 1323 διατέμνει
3678 1253 3812 1324 πρὸς

2235 1344 2537 1416 ἑτερότητα
2576 1344 2810 1413 φυσικὴν
2845 1343 2954 1395 τῶν
2992 1342 3397 1413 ὠνομασμένων
3426 1343 3673 1409 ἐκαστον,
3699 1343 3812 1396 ἀλλ’

2237 1440 2295 1491 ἐν
2327 1438 2661 1492 ὑποστάσεσι
2687 1437 2836 1508 τρισὶ
2866 1440 3067 1490 νοεῖται
3101 1436 3200 1507 μία
3229 1436 3440 1504 θεότης.
3482 1436 3592 1489 Καὶ
3628 1436 3693 1489 δι’
3714 1437 3813 1490 αὑ-

2235 1528 2343 1582 τῶν
2379 1532 2511 1601 ήμῖν
2542 1527 2700 1583 τοῦτο
2729 1528 3145 1599 μεμαρτύρηται
3175 1528 3283 1581 τῶν
3316 1528 3487 1596 ἁγίων
3514 1529 3810 1599 Σεραφεὶμ,

2237 1620 2285 1673 οἳ
2312 1620 2407 1673 καὶ
2437 1619 2618 1691 πλήρη
2644 1622 2828 1673 πᾶσαν
2851 1618 2950 1689 τὴν
2977 1620 3080 1689 γῆν
3102 1614 3242 1673 εἶναι
3286 1619 3503 1687 λέγουσι
3527 1621 3625 1691 τῆς
3656 1620 3814 1691 δόξης

2237 1709 2425 1771 αὑτοῦ,
2448 1708 2959 1780 προαναφωνοῦντες
2972 1709 3040 1762 τὰ
3062 1709 3314 1779 ἐσόμενα,
3340 1709 3433 1762 καὶ
3456 1709 3552 1779 τῆς
3577 1709 3666 1763 διὰ
3684 1711 3816 1781 Χρι-

2241 1803 2365 1856 στοῦ
2390 1800 2764 1871 γεγενημένης
2820 1801 3129 1872 οἰκονομίας
3177 1800 3707 1873 προαναγγέλλοντες
3752 1801 3814 1854 τὸ

558 1901 782 1963 buntur,
811 1914 873 1953 ac
905 1899 981 1953 illi
1016 1900 1276 1963 servient,
1306 1900 1459 1969 juxta
1494 1901 1544 1954 id
1575 1905 1717 1969 quod
1747 1904 2007 1974 scriptum
2029 1917 2131 1962 est.

2242 1896 2561 1967 μυστήριον.
2600 1895 2737 1965 Πρὶν
2761 1894 2858 1964 μὲν
2885 1893 2993 1964 γὰρ
3018 1893 3194 1965 σάρκα
3225 1892 3474 1961 γενέσθαι
3506 1892 3597 1945 τὸν
3618 1892 3811 1961 Λόγον,

559 1991 927 2048 Proclamavit
979 2000 1035 2045 et
1068 1991 1171 2045 hoc
1215 2000 1342 2046 ante
1372 1994 1562 2046 beatus
1601 1992 1769 2047 David
1823 1995 1877 2049 in
1915 1997 2132 2065 spiritu;

559 2084 697 2139 dixit
727 2084 871 2137 enim
905 2100 918 2137 :
958 2100 977 2133 ι
1009 2080 1212 2137 Omnes
1247 2092 1436 2151 gentes
1472 2099 1607 2154 quas
1653 2084 1849 2151 fecisti,
1891 2090 2131 2155 venient,

558 2182 613 2229 et
658 2173 962 2227 adorabunt
1011 2187 1196 2227 coram
1255 2182 1307 2227 te
1346 2173 1409 2227 ⁸⁷.
1455 2192 1474 2225 ι
1526 2171 1639 2229 Hoc
1680 2176 1978 2244 perfectum
2025 2191 2130 2245 est,

560 2274 750 2319 vocata
779 2263 1019 2334 gentium
1054 2264 1423 2332 multitudine,
1458 2274 1514 2320 et
1543 2268 1753 2322 cunctis
1790 2283 1911 2322 eum
1943 2270 2035 2339 qui
2067 2272 2133 2325 de

560 2356 717 2411 nobis
754 2366 809 2410 et
851 2369 948 2425 pro
983 2356 1141 2411 nobis
1168 2357 1367 2423 factus,
1399 2364 1484 2411 est
1523 2360 1894 2428 adorantibus,
1928 2363 2131 2433 quique

559 2465 656 2518 per
688 2449 925 2519 seipsum
962 2458 1144 2503 manet
1173 2464 1335 2519 supra
1360 2451 1565 2505 omnia.

2240 1990 2564 2060 κατεκράτει
2589 1988 2690 2059 τῆς
2721 1989 2812 2041 ὑπ’
2839 1986 3067 2059 οὐρανὸν
3099 1989 3127 2040 6
3155 1986 3363 2055 δαίμων
3393 1989 3422 2040 6
3443 1986 3755 2057 ἁλητήριος,
3787 1988 3815 2039 6

2238 2084 2474 2155 δράκων,
2507 2084 2537 2135 6
2563 2082 2893 2152 ἀποστάτης.
2949 2079 3333 2151 Προσεκυνήθη
3381 2078 3437 2131 δὲ
3455 2096 3549 2132 και
3579 2081 3612 2150 ἡ
3640 2080 3815 2143 κτίσις

2240 2180 2390 2249 παρά
2426 2176 2518 2229 τὸν
2549 2175 2809 2228 κτίσαντα
2838 2175 2934 2227 καὶ
2978 2174 3237 2242 Ποιητήνσ
3292 2172 3478 2243 ἐπειδὴ
3510 2172 3566 2224 δὲ
3592 2172 3816 2241 γέγονεν

2240 2268 2523 2339 ἅνθρωπος
2556 2266 2585 2317 6
2616 2264 2907 2335 μονογενὴς
2937 2263 3031 2316 τοῦ
3064 2263 3197 2315 Θεοῦ
3232 2263 3425 2331 Λόγος,
3466 2263 3817 2334 πεπλήρωται

2239 2359 2338 2429 τῆς
2374 2357 2531 2427 δόξης
2560 2355 2724 2409 αὑτοῦ
2774 2357 2923 2407 πᾶσα
2961 2353 3052 2423 γῆ.
3109 2352 3333 2422 Κάμψει
3377 2353 3486 2423 γὰρ
3513 2353 3662 2423 αὑτῷ
3685 2352 3817 2407 ’πᾶν

2240 2452 2390 2522 γόνυ,
2416 2450 2511 2503 καὶ
2546 2452 2696 2503 πᾶσα
2724 2448 2887 2518 φυλὴ,
2918 2449 3013 2500 καί
3033 2446 3277 2515 γλῶσσαι
3310 2446 3813 2524 ἐξομολογήσοντοιι⁹

557 2542 652 2595 καὶ
716 2540 866 2610 αύτῷ
915 2539 1294 2605 δουλεύσουσι,
1373 2542 1514 2595 κατὰ
1591 2542 1652 2595 τὸ
1718 2542 2122 2615 γεγραμμένον.
2191 2540 2679 2614 Προανακεκράγει
2715 2540 2773 2593 δὲ
2824 2538 2921 2590 καὶ
2979 2537 3135 2591 τοῦτο
3182 2538 3212 2590 6
3244 2536 3511 2607 μακάριος
3558 2538 3722 2591 Δαόὶδ
3759 2542 3817 2589 ὲν

564 2633 861 2703 πνεύματι”
886 2632 990 2701 ἔφη
1017 2633 1147 2704 γάρ·
1175 2652 1194 2684 ι
1237 2634 1421 2687 Πάντα
1446 2635 1513 2687 τὰ
1543 2634 1668 2706 ἔθνη
1706 2637 1806 2689 ὅσα
1852 2638 2150 2708 ἐποίησας,
2212 2636 2424 2706 ἥξουσι,
2462 2636 2558 2687 καὶ
2585 2631 3057 2711 προσκυνήσουσιν
3099 2628 3327 2684 ἐνώπιόν
3382 2646 3500 2693 σου,
3553 2630 3744 2701 Κύριε.
3791 2651 3807 2682 ι

559 2724 730 2778 Τοῦτό
758 2742 839 2777 τοι
866 2723 1173 2776 τετέλεσται
1201 2722 1543 2795 κεκλημένης
1582 2726 1681 2795 τῆς
1748 2726 1806 2791 ἐξ
1869 2725 2039 2779 ἐθνῶν
2073 2725 2331 2796 πληθύοςο
2387 2725 2481 2776 καὶ
2528 2719 2979 2793 προσκυνούντων
3010 2719 3266 2773 ἁπάντων
3299 2717 3379 2789 τῷ
3408 2718 3478 2772 δι’
3519 2720 3669 2790 ἡμᾶς
3698 2722 3817 2775 καθ’

571 2822 722 2889 ἡμᾶς
773 2818 1087 2888 γενομένῳ,
1150 2821 1483 2890 μεμενηκότι
1539 2822 1596 2875 δέ
1655 2821 1724 2875 δι’
1778 2823 1971 2876 ἐαυτὸν
2029 2824 2170 2893 ὑπὲρ
2206 2821 2402 2875 πάντα.

636 2906 795 2977 104
822 2907 987 2962 Vens.
1019 2908 1075 2962 4.
1114 2907 1385 2963 Elevatum
1418 2920 1493 2965 est
1522 2914 1919 2981 superliminare
1956 2931 1989 2967 a
2017 2930 2134 2969 voce

557 3018 660 3070 qua
690 2999 1007 3063 clamabant,
1033 3012 1078 3054 et
1108 3001 1292 3055 domus
1327 3002 1520 3068 repleta
1547 3014 1621 3057 est
1648 3005 1811 3073 fumo.

629 3090 1036 3160 Contemplatus
1087 3100 1170 3145 est
1204 3095 1347 3146 enim
1390 3095 1649 3165 propheta
1696 3096 1980 3150 Dominum
2028 3097 2134 3153 Sa-

560 3182 725 3236 baoth
760 3185 1037 3236 sedentem
1090 3182 1143 3236 in
1178 3184 1314 3238 solio
1348 3186 1492 3240 celso
1540 3198 1595 3241 et
1623 3187 1864 3253 elevato,
1899 3192 2133 3244 circum-

561 3272 829 3327 stantibus
881 3272 1117 3341 undique
1171 3276 1375 3329 sanctis
1429 3275 1735 3345 Seraphim,
1790 3287 1843 3332 et
1892 3280 2137 3335 laudibus

561 3363 835 3419 continuis
872 3379 994 3417 eum
1044 3365 1566 3434 percelehrantibus.
1624 3369 1924 3423 Aﬂirmavit
1970 3372 2134 3425 etiam

563 3456 782 3510 domum
826 3454 993 3510 luisse
1034 3455 1246 3524 plenam
1276 3457 1443 3527 gloria
1471 3458 1608 3526 ejus.
1642 3457 1796 3514 Nune
1832 3477 1957 3516 vero
1983 3477 2137 3516 emn-

563 3555 765 3601 motum
797 3560 918 3602 esse
959 3547 1089 3601 dicit
1141 3548 1595 3617 Superliminare,
1646 3560 1701 3605 et
1740 3552 1954 3606 domum
1990 3552 2137 3609 fumo

561 3638 855 3708 oppletam,
881 3638 1041 3707 idque
1063 3640 1219 3708 quasi
1252 3656 1280 3693 a
1309 3655 1445 3696 voce
1472 3681 1487 3706 ,
1522 3657 1625 3711 qua
1654 3645 1823 3699 sancti
1854 3643 2135 3717 Seraphim

562 3731 883 3786 clamarunt.
920 3730 1170 3802 Nunquid
1211 3748 1340 3805 ergo
1391 3749 1581 3790 vocem
1626 3738 1868 3792 dicemus
1917 3754 2136 3795 causam

564 3822 735 3878 fuisse
787 3837 976 3878 eorum
1024 3840 1144 3893 quze
1198 3826 1247 3878 in
1311 3826 1471 3879 domo
1502 3828 1852 3883 acciderunt?
1884 3830 2045 3900 Atqui
2085 3832 2138 3887 id

562 3915 764 3970 sentire
786 3955 801 3982 ,
835 3916 963 3984 quid
1006 3916 1059 3968 ni
1090 3918 1160 3970 sit
1193 3916 1344 3970 valde
1372 3919 1650 3984 ineptum?
1677 3922 1917 3986 Quonam
1974 3922 2139 3994 igitur

563 4015 722 4074 pacto
753 4006 941 4060 horum
965 4008 1249 4061 verborum
1283 4009 1702 4077 intelligentiam
1744 4014 2138 4081 assequemur?

563 4094 777 4164 Optime
820 4104 877 4150 et
920 4098 1210 4165 sapienter.
1243 4098 1382 4152 Ante
1417 4099 1722 4154 Servatoris
1773 4102 1942 4155 nostri
1976 4103 2137 4155 inhu-

566 4187 929 4242 manationem
957 4201 1012 4241 et
1036 4188 1350 4254 adventum,
1386 4192 1509 4245 dum
1536 4193 1710 4246 adhuc
1744 4191 1907 4247 Israel
1945 4210 2139 4248 secun-

565 4280 691 4333 dum
726 4281 897 4349 legem
930 4279 1190 4335 inoﬁense
1215 4290 1271 4335 et
1293 4282 1562 4353 inculpate
1596 4285 1762 4337 vitam
1806 4286 2133 4349 institueret,

566 4371 874 4440 percelebre
926 4372 1056 4427 illud
1094 4374 1383 4443 templum,
1428 4375 1571 4445 quod
1616 4374 2006 4449 Hierosolymis
2038 4394 2136 4433 ex-

565 4463 763 4517 struxit
795 4463 1052 4518 Solomon
1073 4504 1089 4529 ,
1122 4465 1291 4533 gloria
1338 4465 1519 4520 divina
1560 4469 1890 4537 replebatur.
1918 4469 2052 4524 Nam
2082 4471 2135 4524 in

564 4569 631 4608 eo
668 4554 1052 4609 sacriﬁcabant
1095 4571 1161 4609 ex
1214 4557 1347 4621 legis
1378 4560 1712 4628 praescripto.
1746 4560 2011 4615 Caeterum
2046 4562 2134 4617 ubi

567 4649 633 4700 de
661 4647 815 4702 caelis
842 4648 1147 4702 venientem
1181 4650 1233 4703 in
1268 4650 1498 4702 humana
1527 4649 1729 4715 forma,
1754 4661 1808 4705 et
1835 4668 1901 4707 ex
1938 4654 2055 4724 lege
2082 4663 2135 4709 et

566 4740 845 4808 prophetis
894 4740 1240 4808 przedicatum
1310 4755 1415 4794 non
1469 4753 1819 4811 receperunt,
1867 4746 1975 4799 imo
2012 4747 2136 4800 vitae

567 4832 861 4900 principem
890 4832 998 4884 vita
1039 4832 1353 4901 privarunt,
1388 4833 1677 4902 dereliquit
1705 4836 1921 4890 domum
1957 4852 2132 4903 suam,

568 4924 935 4978 [nereditatem
956 4937 1108 4978 suam
1142 4923 1370 4978 dimisit.
1409 4923 1637 4981 Divertit
1662 4929 1805 4982 enim
1837 4929 1903 4982 ad
1927 4940 2130 4999 gentes,

565 5026 618 5068 et
634 5016 813 5070 omnis
842 5026 985 5069 terra
1015 5016 1186 5084 gloria
1221 5016 1337 5085 ejus
1361 5017 1583 5087 impleta
1624 5030 1727 5083 est,
1756 5022 1902 5091 regio
1925 5021 2135 5078 Judan-

569 5125 683 5162 rmn
730 5110 781 5162 in
815 5110 1127 5162 vastitatem
1167 5110 1382 5163 redacta
1420 5120 1532 5174 est,
1566 5113 1932 5183 templumque
1962 5116 2136 5184 ipsum

568 5200 865 5254 incensum.
899 5201 1128 5268 Quando
1161 5201 1325 5269 igitur
1357 5201 1510 5271 juxta
1554 5205 1889 5271 prophetiam
1920 5216 1973 5260 et
2005 5221 2141 5274 pra:-

567 5291 891 5355 dictionem,
926 5307 1055 5346 voce
1106 5304 1422 5346 sanctorum
1479 5293 1760 5362 Seraphim
1806 5296 2018 5364 impleta
2054 5306 2142 5351 est

568 5379 817 5434 universa
848 5391 992 5435 terra
1050 5384 1331 5449 majestate
1361 5387 1512 5453 ejus,
1551 5395 1677 5439 tunc
1727 5387 2140 5453 superliminare

570 5474 754 5542 templi
778 5484 1107 5528 commotum
1126 5486 1228 5540 est,
1258 5475 1509 5545 fumoque
1533 5477 1807 5545 impletum
1830 5488 1932 5533 est.
1955 5480 2137 5548 Itaque

572 5566 694 5630 hoc,
724 5583 743 5615 ‹
768 5564 813 5617 Α
833 5581 964 5620 voce
988 5582 1092 5635 qua
1119 5567 1480 5634 clamabanm
1512 5570 1767 5638 temporis
1789 5570 2140 5639 signiﬁcatio-

569 5672 693 5711 nem
757 5657 961 5712 habet:
1022 5673 1120 5713 nec
1169 5674 1389 5729 prorsus
1421 5660 1715 5732 doxologia:
1770 5669 1905 5731 opus
1940 5672 2022 5717 est
2056 5663 2136 5718 vel

639 5811 850 5871 "Psal.
881 5828 1075 5871 vaxv,
1103 5813 1155 5867 8.

2312 2913 2423 2969 Kal
2449 2910 2680 2978 ἐπήρθη
2709 2907 2774 2961 τὸ
2807 2906 3146 2975 ὑπέρθυρον
3185 2905 3303 2961 ἀπὸ
3351 2904 3460 2972 τῆς
3496 2906 3700 2975 φωνῆς
3742 2904 3817 2978 ἧς

2238 3005 2581 3072 ἐκέκραγον,
2618 2998 2719 3052 καὶ
2762 3001 2794 3052 ό
2822 2995 2989 3063 οἶκος
3033 2997 3312 3065 ἐπλήσθη
3345 2998 3599 3052 καπνοῦ.

2310 3095 2575 3148 Τεθέατειι
2602 3092 2698 3161 μὲν
2723 3089 2832 3159 γὰρ
2864 3093 2892 3143 6
2926 3093 3208 3161 προφήτης
3230 3090 3320 3143 τὸν
3352 3090 3555 3162 Κύριον
3586 3093 3810 3146 Σαϐαὼθ

2240 3187 2550 3257 καθήμενον
2600 3184 2691 3237 ἐπὶ
2724 3183 2914 3253 θρόνου
2954 3183 3158 3252 ὑψηλοῦ
3193 3184 3285 3236 καὶ
3325 3184 3659 3256 ἐπηρμένου,
3717 3204 3813 3238 πε-

2242 3283 2605 3358 ριεστηκότων
2655 3282 2714 3332 ἐν
2752 3278 2935 3349 κύκλῳ
2971 3278 3081 3331 τῶν
3133 3280 3304 3347 ἁγίων
3365 3280 3667 3350 Σεραφειμ,
3721 3284 3815 3333 καὶ

2240 3376 2640 3443 ἀκαταλήκτοις
2686 3370 3013 3437 δοξολογίαις
3063 3370 3453 3439 εὐφημούντων
3491 3370 3672 3454 αὑτόνὅ
3728 3374 3817 3422 Δι-

2240 3466 2554 3521 εὸεεαιοῦτο
2583 3464 2660 3525 δέ,
2699 3463 2781 3515 ὅτι
2825 3461 3037 3532 πλήρης
3063 3464 3091 3515 ὁ
3113 3457 3259 3524 οἶκος
3304 3462 3404 3531 τῆς
3425 3460 3583 3532 δόξης
3629 3463 3812 3516 αὑτοῦ.

2238 3560 2352 3613 Νῦν
2391 3560 2448 3612 δὲ
2496 3554 2731 3626 ἐπῆρθαί
2780 3569 2912 3625 φησι
2953 3553 3015 3606 τὸ
3069 3554 3395 3624 ὑπέρθυρον,
3434 3554 3816 3625 ἐμπεπλῆσθαι

2237 3650 2294 3704 δέ
2323 3650 2418 3703 καὶ
2446 3648 2538 3700 τὸν
2567 3642 2713 3700 οἷκον
2761 3643 2989 3708 καπνοῦ,
3030 3645 3123 3697 καὶ
3155 3645 3261 3697 ἁπό
3291 3661 3355 3712 γε
3389 3645 3489 3714 τῆς
3524 3648 3705 3713 φωνῆς
3748 3641 3816 3716 ἧς

2238 3742 2539 3812 ἐκέκραγον
2576 3738 2645 3792 τὰ
2684 3738 2816 3805 ἆγια
2836 3735 3132 3807 Σεραφείμ.
3164 3730 3289 3805 'Ap‘
3323 3730 3415 3788 οὖν
3457 3735 3689 3811 ἐροῦμεν
3718 3736 3815 3805 τὴν

2239 3834 2420 3904 φωνὴν
2449 3831 2627 3886 αἰτίαν
2654 3829 2914 3899 γενέσθαι
2942 3828 3050 3881 τῶν
3096 3827 3517 3898 συμόεὸηκότων
3542 3828 3618 3898 τῷ
3646 3828 3813 3897 οἴκ‹;›;

2238 3925 2429 3978 Καίτοι
2481 3924 2598 3985 πῶς
2646 3922 2706 3974 οὐ
2757 3921 2960 3990 σφόδρα
3015 3920 3162 3971 ἐστιν
3216 3918 3447 3981 ἀκαλλὲς
3493 3919 3553 3971 τὸ
3600 3922 3814 3990 φρονεῖν

2240 4016 2451 4068 ἑλέσθαι
2482 4014 2673 4077 ταυτίς
2720 4013 2853 4065 Τίνα
2895 4010 2958 4080 δὴ
3007 4006 3100 4062 οὖν
3131 4010 3332 4080 τρόπον
3376 4011 3494 4073 ταῖς
3539 4009 3648 4061 τῶν
3675 4026 3813 4080 προ-

2238 4108 2505 4178 κειμένων
2560 4104 2971 4175 προσϐαλοῦμεν
3006 4102 3269 4166 ἐννοίαις;
3328 4102 3560 4172 Ἀριστά
3615 4120 3672 4156 τε
3722 4104 3815 4156 καὶ

2240 4203 2440 4270 σοφῶς.
2477 4199 2592 4268 Πρὸ
2628 4198 2725 4268 μὲν
2750 4197 2848 4266 τῆς
2873 4196 2966 4249 τοῦ
3001 4197 3250 4267 Σωτῆρος
3275 4195 3433 4266 ήμῶν
3466 4196 3817 4267 ἐνανθρωπή-

2240 4309 2377 4355 σεως
2403 4291 2495 4345 καὶ
2525 4288 2838 4359 ἐπιδημίας,
2871 4288 2949 4340 ἐτι
2980 4288 3078 4357 τὴν
3110 4290 3168 4340 ἐν
3187 4288 3339 4358 νόμῳ
3370 4286 3643 4340 πολιτείαν
3670 4291 3817 4341 ἀκω-

2236 4384 2410 4446 λύτως
2433 4399 2495 4435 τε
2540 4382 2634 4435 κα)⁸
2675 4380 3096 4449 ἁνεπιπλήκτως
3128 4378 3410 4450 διέποντος
3436 4378 3530 4432 τοῦ
3576 4380 3813 4450 Ἰσραὴλ,

2240 4476 2453 4548 πλήρης
2475 4469 2541 4545 ἦν
2571 4476 2599 4526 6
2636 4472 2918 4543 διαϐόητος
2937 4446 3156 4534 ἐκεῖνος
3180 4470 3316 4535 νεὼς
3348 4446 3414 4525 ἐξ
3437 4474 3547 4535 τοῖς
3594 4446 3815 4542 Ἱεροσο-

2166 4598 2215 4657 D
2237 4569 2430 4639 λύμοις
2462 4566 2520 4619 ὃν
2550 4563 2800 4635 Σολομὼν
2831 4563 3152 4633 ἀνεδείματο
3194 4566 3292 4634 τῆς
3318 4562 3475 4630 δόξης
3520 4562 3613 4615 τοῦ
3654 4563 3810 4615 Θεοῦ.

2252 4659 2567 4713 Ἐπετέλουν
2614 4657 2723 4728 γὰρ
2768 4660 2826 4709 ἐν
2875 4655 3024 4726 αὺτῴ
3072 4655 3173 4718 τὰς
3214 4655 3353 4708 κατὰ
3401 4656 3562 4725 νόμον
3600 4655 3809 4716 θυσίας.

2254 4748 2472 4817 Ἐπειδὴ
2502 4747 2558 4800 δὲ
2607 4746 2696 4799 τὸν
2726 4744 2785 4809 ἐξ
2820 4743 3050 4815 ούρανοῦ
3090 4744 3389 4813 ἀφιγμένον
3421 4745 3477 4795 ἐν
3524 4742 3810 4814 ἁνθρωπίᾳ

2245 4843 2445 4912 μορφῇ,
2484 4840 2578 4891 καὶ
2609 4837 2695 4891 διὰ
2742 4838 2908 4907 νόμου
2943 4836 3035 4889 καὶ
3080 4834 3371 4906 προφητῶν
3400 4835 3811 4905 κεκηρυγμένον

2240 4934 2301 4984 οὐ
2362 4932 2742 5000 προσήκαντο,
2811 4928 3009 4997 μᾶλλον
3062 4927 3117 4980 δέ
3170 4929 3265 4979 καὶ
3326 4926 3653 4979 ἀπεκτόνασι
3719 4927 3813 4980 τὸν

2242 5023 2482 5094 ἀρχηγὸν
2534 5023 2631 5091 τῆς
2684 5020 2853 5091 ζωῆς,
2903 5021 3227 5090 ἐγκατέλιπε
3276 5020 3367 5072 τὸν
3416 5015 3563 5074 οἷκον
3624 5019 3811 5083 αὐτοῦ,

2241 5113 2419 5182 ἀφῆκε
2456 5111 2554 5179 τὴν
2576 5111 2939 5181 κληρονομίαν
2968 5109 3153 5163 αὑτοῦ.
3201 5109 3553 5163 Ἀπονένευκε
3599 5110 3707 5181 γὰρ
3733 5112 3812 5174 εἰς

2240 5204 2309 5255 τὰ
2344 5202 2492 5272 ἔθνη,
2524 5202 2618 5255 καὶ
2651 5202 3003 5273 πεπλήρωται
3052 5200 3149 5271 μὲν
3179 5203 3328 5254 πᾶσα
3361 5204 3391 5271 ή
3431 5203 3500 5272 γῆ
3531 5201 3627 5271 τῆς
3658 5202 3814 5272 δόξης

2241 5294 2426 5348 αὑτοῦ.
2466 5294 2825 5364 Παραδέδοται
2856 5294 2912 5347 δέ
2958 5294 3067 5347 τῶν
3115 5294 3381 5346 Ἰουδαίων
3414 5296 3445 5363 ἡ
3478 5294 3631 5365 χώρα
3680 5296 3814 5367 πρὸς

2243 5387 2545 5457 ἐρήμωσιν,
2577 5385 2963 5456 ἐμπέπρησται
2990 5384 3047 5436 δὲ
3098 5385 3189 5437 καὶ
3234 5385 3395 5449 αὐτὸς
3422 5386 3450 5437 ὁ
3494 5386 3645 5449 νεώς.
3686 5388 3814 5439 Ὅτε

2241 5476 2419 5529 τοίνυν
2448 5478 2586 5530 κατά
2626 5494 2690 5545 γε
2722 5478 2819 5548 τὴν
2858 5475 3192 5547 προφητείαν
3222 5478 3389 5545 ήγουν
3422 5478 3814 5549 προαγόρευσιν

2244 5570 2363 5639 ἦτοι
2409 5570 2591 5639 φωνὴν
2633 5569 2739 5623 τῶν
2774 5572 2942 5636 ἁγίων
2990 5571 3269 5641 Σεραφεὶμ
3301 5568 3543 5639 ἐπλήσθη
3589 5572 3737 5623 πᾶσα
3780 5570 3814 5640 ἡ

2244 5663 2317 5733 γῆ
2341 5663 2440 5734 τῆς
2472 5663 2627 5733 δόξης
2666 5662 2849 5728 αὑτοῦ,
2878 5662 2998 5717 τότε
3043 5661 3255 5739 ἐπήοθη
3296 5663 3357 5716 τὸ
3389 5661 3694 5734 ὑπέρθυρον
3720 5660 3813 5715 τοῦ
