4152 6366
413 383 515 442 lTI

1589 405 1654 460 IN
1697 407 1926 464 ΙδΑΙΛΜ
1963 411 2090 467 LIB.
2134 413 2171 468 ι.
2205 412 2412 470 ΟΙίΛΤ.
2454 414 2541 474 ιγ.

3575 431 3679 487 178

413 498 563 562 ναοῦ,
599 501 694 611 καὶ
722 503 1028 580 ἐνεπλήσθη
1058 513 1288 570 καπνοῦ.
1329 518 1541 575 οὐκοῦν
1570 523 1654 587 τὸ,
1689 544 1709 577 ‹
1744 526 1854 580 ἀπὸ
1897 529 1992 598 τῆς

2098 526 2344 584 είΐοοιυε.
2409 529 2751 586 Commotum
2811 544 2993 591 autem
3044 551 3167 594 esse
3232 541 3667 611 superlimtiiare.

413 595 597 689 φωνῆς
616 591 683 666 ἧς
703 599 1029 669 έκέκραγον,
1059 623 1078 654 ι
1112 606 1306 675 χρόνου
1342 611 1544 680 μᾶλλόν
1570 617 1688 670 ἐστι
1721 591 1988 689 σημαντι-

413 685 528 747 κδν,
551 688 670 757 οὐχὶ
695 689 758 760 δὴ
782 694 1000 757 πάντως
1027 696 1128 766 τῆς
1149 698 1457 769 δοξολογίας
1490 705 1650 776 ἔργον
1680 685 1997 764 καὶτὰποτέ-

411 790 605 871 Λεσμα.
621 783 694 852 Ση
703 785 880 852 μαίνει
897 787 974 852 δὲ,
993 783 1166 859 οἶμαι,
1179 790 1258 856 τὸ,
1271 812 1286 843 ι
1301 793 1546 866 Ἐπὴρθη
1561 797 1620 850 τὸ
1634 798 1958 871 ὑπέρθυρον,
1971 819 1990 852 ι

410 869 474 968 το
495 874 917 968 καταλελεῖφθαι
945 881 1037 936 τὸν
1062 887 1205 942 ναόν.
1238 891 1357 944 Ὅτι
1383 892 1552 947 δὲκαὶ
1581 869 1992 968 ἐμπεπρησται.

411 960 476 1057 τὸ
491 963 880 1036 ἐμπεπλῆσθαι
900 971 1078 1042 λέγειν
1094 978 1254 1034 αὐτὸν
1271 983 1500 1036 καπνοῦ.
1527 986 1589 1038 El
1605 960 1660 1039 δὲ
1685 987 1748 1057 δή
1876 987 1999 1057 βού-

412 1052 560 1109 λοιτο
595 1057 689 1110 καὶ
724 1060 846 1114 καθ’
875 1061 1063 1134 ἕτερον
1090 1069 1289 1137 τρόπον
1311 1071 1382 1124 τὰ
1405 1074 1584 1128 τοιάδε
1608 1052 1769 1133 νοεῖν.
1801 1052 1894 1131 καί
1927 1077 1998 1132 τὰ

414 1145 558 1199 κατὰ
583 1149 782 1240 παντὸς
810 1153 902 1207 τοῦ
923 1157 1032 1209 τῶν
1063 1159 1332 1214 Ἰουδαίων
1358 1163 1544 1229 ἔθνους
1565 1169 1877 1240 πεπρᾶχθαι
1903 1169 1994 1223 λέ-

412 1253 532 1305 γειν
561 1239 701 1295 αὐτὰ
722 1244 947 1311 νοητῶς,
971 1247 1072 1301 οὐκ
1090 1248 1156 1303 ἂν
1186 1251 1424 1324 ἁμάρτοι
1453 1255 1547 1309 τοῦ
1583 1239 1884 1328 πρέποντος
1910 1260 1997 1313 λο-

412 1331 635 1422 γξσμοῦ.
669 1333 797 1386 Ὅτε
818 1336 928 1408 γὰρ
954 1341 1054 1410 τῆς
1081 1341 1176 1394 τοῦ
1199 1344 1453 1416 Σωτῆρος
1473 1348 1630 1418 ἡμῶν
1650 1350 1806 1420 δόξης
1826 1350 1995 1422 ἐπλή-

415 1419 519 1490 σθη
567 1423 718 1475 πᾶσα
753 1426 786 1495 ἡ
830 1427 901 1495 γῆ
946 1430 1297 1501 κεκλημένων
1327 1435 1416 1489 διὰ
1476 1437 1574 1506 τῆς
1608 1419 1842 1502 πίστεως
1887 1419 1998 1492 τῶν

411 1510 606 1575 ἐθνῶν,
623 1513 743 1568 τότε
765 1515 866 1586 τῆς
883 1518 1146 1575 Ἰουδαίων
1175 1522 1412 1589 διανοίας
1429 1528 1577 1580 πᾶσα
1609 1529 1708 1599 μὲν
1729 1531 1995 1600 ἀσφάλεια

411 1601 633 1695 λέλυται
659 1613 1022 1682 πνευματική.
1057 1615 1281 1668 Καπνοῦ
1302 1616 1358 1670 δέ
1381 1618 1537 1690 δίκην
1561 1622 1610 1673 οἱ
1632 1621 1878 1687 τάλανες,
1896 1623 1995 1695 τὴν

412 1694 476 1747 ὲκ
508 1695 608 1765 τῆς
634 1697 876 1768 ἀμαθίας
907 1701 1076 1772 ἀχλὺν
1106 1705 1360 1772 λαϐόντες
1391 1712 1472 1772 εἰς
1514 1711 1638 1764 νοῦν
1680 1713 1872 1781 τυφλοὶ
1899 1694 1992 1783 γε-

409 1787 600 1856 γόνασι
645 1792 873 1863 νοητῶς.
923 1796 1191 1869 Ταύτῃτοι
1237 1801 1328 1854 καὶ
1377 1805 1406 1855 6
1442 1803 1631 1877 Σωτὴρ
1673 1807 1856 1870 αὐτοῖς
1888 1809 1990 1862 ἐπ-

2099 622 2374 692 signiﬁcat
2399 663 2414 688 ,
2446 634 2504 678 ut
2532 627 2744 692 opinor,
2800 627 3017 682 dissolvi
3054 631 3310 700 templum
3348 650 3363 688 :
3391 635 3672 688 incensum

2100 715 2226 768 item
2269 730 2412 783 esse,
2440 731 2506 771 ex
2545 732 2610 772 eo
2641 720 2782 783 quod
2817 721 3022 789 impleri
3065 721 3212 778 fumo
3249 724 3412 790 dicat,
3453 727 3664 793 perspi-

2097 821 2258 860 cuum
2309 817 2412 862 est.
2446 808 2540 862 Sin
2573 810 2799 865 voluerit
2834 814 2955 880 quis
2994 815 3101 867 alio
3131 816 3289 869 modo
3325 819 3438 870 haec
3476 817 3673 870 intelli-

2097 912 2259 966 gere,
2297 907 2352 952 et
2398 899 2464 953 de
2492 901 2636 954 omni
2677 913 2836 970 gente
2892 903 3115 960 Judaica
3171 921 3236 960 ea
3267 906 3680 977 intelligihiliter

2098 987 2336 1055 perfecta
2365 1004 2488 1044 esse
2517 991 2735 1052 dixerit.
2767 1009 2795 1046 a
2828 1010 2972 1049 recta
3016 998 3224 1052 ratione
3255 1013 3361 1052 non
3395 1000 3674 1054 exorbita—

2096 1082 2256 1138 verit.
2291 1081 2569 1150 Siquidem
2600 1101 2721 1138 cum
2749 1085 3055 1142 Servatoris
3083 1091 3251 1144 nostri
3287 1091 3459 1160 gloria
3489 1094 3670 1149 omnis

2097 1181 2241 1226 terra
2277 1173 2478 1240 repleta
2500 1185 2663 1239 esset,
2701 1179 2906 1233 vocatis
2937 1196 3032 1249 per
3060 1181 3222 1236 iidem
3255 1185 3524 1252 gentibus,
3562 1197 3676 1240 tum

2096 1262 2404 1319 Judatorum
2462 1267 2630 1321 animi
2663 1269 2729 1324 de
2779 1272 2924 1324 omni
2957 1273 3222 1340 spirituali
3255 1275 3554 1330 securitate
3611 1291 3676 1331 ac

2100 1355 2488 1424 tranquillitate
2519 1357 2706 1412 dimoti
2745 1374 2808 1414 ac
2840 1360 3031 1428 dejecti
3080 1373 3241 1430 sunt,
3287 1377 3352 1417 ac
3379 1364 3430 1416 in
3465 1378 3672 1419 morem

2096 1442 2252 1510 fumi,
2297 1446 2487 1500 nebula
2530 1449 2882 1519 iguorationis
2929 1454 2979 1506 in
3016 1454 3255 1509 animum
3313 1456 3674 1520 intromissa,

2099 1538 2280 1592 miseri
2333 1539 2580 1594 homines
2629 1543 2758 1597 caeci
2818 1545 2974 1615 105
3032 1545 3249 1600 fuerunt
3293 1547 3672 1618 intelligentia.

2097 1628 2234 1683 Hiuc
2293 1638 2347 1683 et
2439 1631 2694 1688 Servalor
2768 1635 3020 1690 (-lamavit
3091 1637 3262 1692 illis:
3335 1655 3356 1690 ι
3409 1637 3678 1703 Quandiu,

2095 1719 2270 1775 lucem
2318 1723 2530 1778 habetis
2553 1767 2568 1790 ,
2599 1725 2869 1780 ambulate
2901 1729 2952 1781 iu
3009 1729 3161 1793 luce,
3190 1745 3258 1784 ne
3309 1733 3548 1784 tenebrae
3579 1745 3676 1782 vos

2096 1825 2363 1882 occupent
2399 1815 2463 1870 ιδ.
2501 1835 2520 1868 ι
2554 1815 2862 1872 Ιιιιιαοοτιιιη
2904 1829 3082 1874 autem
3118 1833 3328 1876 mentes
3355 1821 3589 1876 lubricas
3614 1829 3673 1875 et.

410 1879 611 1948 εφώνει
635 1883 809 1953 λέγων
828 1901 842 1916 ·
868 1905 888 1938 ε
915 1888 1061 1953 Ἕως
1087 1891 1150 1944 τὸ
1188 1893 1304 1960 φῶς
1335 1893 1508 1964 ἔχετε,
1542 1902 1892 1968 περιπατεῖτε
1933 1903 1992 1954 ἐν

2095 1905 2282 1961 labiles
2321 1922 2476 1974 esse,
2515 1923 2579 1963 ac
2611 1911 2756 1964 omni
2782 1913 2963 1978 generi
2999 1915 3468 1982 perturbationum
3497 1913 3666 1967 obuo-

409 1973 487 2043 τῷ
512 1976 672 2045 φωτὶ,
706 1979 792 2032 ἵνα
838 1979 913 2051 μὴ
948 1983 981 2053 ή
1027 1984 1217 2038 σκοτία
1246 1986 1390 2056 ὑμᾶς
1429 1989 1732 2062 καταλάῦῃ.
1777 2009 1796 2042 ι
1837 1991 1902 2044 Τί
1933 1991 1992 2045 δέ

409 2063 558 2121 ἐστιν
601 2069 849 2140 ἀσφαλὴς
895 2072 990 2126 καὶ
1036 2074 1305 2141 εὐάλωτος
1345 2077 1454 2132 τῶν
1499 2080 1768 2135 Ἰουδαίων
1798 2083 1827 2135 6
1864 2081 1990 2148 νοῦς

2097 1997 2236 2061 aias,
2269 2013 2371 2063 ope
2393 2013 2624 2069 superna
2657 2001 2965 2068 destitutas,
2991 2005 3179 2075 ecquis
3213 2007 3428 2059 tandem
3463 2014 3547 2058 est
3576 2002 3674 2072 qui

2095 2085 2375 2153 ambigat?

408 2155 546 2227 πρὸς
584 2159 692 2212 πᾶν
713 2159 892 2215 ὁτιοῦν
922 2163 1030 2217 τῶν
1058 2164 1249 2222 παθῶν
1293 2169 1614 2241 ἐπικουρίας
1652 2170 1753 2241 τῆς
1815 2171 2020 2227 ἄνωθεν
2049 2172 2255 2245 ἕρημος
2311 2174 2410 2242 ὢν,
2455 2176 2571 2241 πῶς
2613 2177 2678 2232 ἂν
2725 2179 3020 2234 ἐνδοιάσειέ
3064 2200 3148 2248 τις
3199 2184 3307 2238 τῶν
3349 2179 3409 2238 εὖ
3457 2185 3677 2254 φρονεῖν

407 2247 674 2300 εἰωθότων
697 2266 712 2315 ;

477 2343 585 2397 Καὶ
637 2341 798 2410 εἶπα,
847 2340 914 2400 Ὦ
946 2349 1135 2418 τάλας
1178 2352 1325 2422 ἐγὼ,
1379 2353 1471 2410 ὅτι
1524 2357 1988 2427 κατανένυγμαι,

407 2433 499 2488 ὅτι
547 2435 858 2505 ἄνθρωπος
919 2437 1040 2506 ὢν,
1083 2443 1184 2496 καὶ
1232 2444 1539 2514 ἀκάθαρτα
1585 2450 1760 2518 χείλη
1812 2451 1990 2519 ἔχων,

406 2522 666 2592 ἐνμέσῳ
692 2527 846 2583 λαοῦ
879 2529 1184 2601 ἀκάθαρτα
1218 2536 1394 2605 χείλη
1420 2536 1669 2604 ἔχοντος
1827 2539 1989 2594 οὶκῶο

2163 2355 2325 2412 Vens.
2355 2357 2406 2412 5-
2442 2355 2513 2410 Et
2540 2359 2672 2423 dixi,
2699 2360 2742 2409 0
2768 2376 2848 2413 me
2872 2361 3154 2427 miserum,
3185 2365 3308 2432 quia
3332 2378 3676 2435 compunctus

2089 2462 2204 2499 sum
2228 2447 2390 2513 :quia
2412 2462 2527 2498 cum
2556 2448 2707 2501 homo
2736 2449 2868 2510 sim.
2896 2459 2946 2503 et
2974 2451 3248 2506 immunda
3280 2453 3422 2508 labia
3455 2457 3672 2523 habens,

2089 2537 2144 2589 in
2169 2537 2338 2589 medio
2376 2537 2555 2605 populi
2579 2538 2852 2593 immunda
2893 2541 3034 2596 labia
3066 2545 3304 2599 habentis
3331 2563 3423 2617 ego
3457 2548 3635 2605 habito
3653 2567 3677 2606 :.

409 2616 508 2668 καὶ
572 2618 680 2670 τὸν
726 2618 994 2682 βασιλέα
1046 2624 1270 2692 Κύριον
1333 2628 1578 2682 Σαϐαὼθ
1633 2625 1805 2683 εἶδον
1865 2629 1992 2697 τοῖς

2095 2640 2139 2682 ει
2188 2644 2358 2694 reqem
2388 2629 2671 2683 Dominum
2697 2630 2936 2687 Sabaoth
2958 2634 3062 2690 vidi
3087 2637 3251 2692 oculis
3285 2616 3436 2694 meis.

411 2705 761 2775 ὀφθαλμοῖς.

496 2798 552 2852 ὐ
581 2799 669 2853 διὰ
705 2799 799 2854 τοῦ
844 2803 1122 2874 πανσόφου
1151 2805 1394 2872 Μωσέως
1423 2809 1760 2880 προστέταχε
1806 2810 1992 2881 νόμος,

416 2890 490 2961 μὴ
539 2893 1036 2963 συναναμίγνυσθαι
1084 2901 1197 2961 τοῖς
1242 2900 1416 2968 ἁγίοις
1457 2902 1548 2955 τὸν
1597 2903 1844 2974 βέϐηλον,
1894 2905 1992 2957 καὶ

413 2979 582 3052 πολλή
627 2997 714 3045 τις
758 2983 896 3052 ἁγαν
932 2987 965 3056 ἠ
1015 2987 1338 3058 ἐπιτήρησις
1376 2989 1528 3060 παρὰ
1559 2995 1670 3054 τοῖς
1720 2992 1993 3055 Ἰουδαίοις

412 3075 474 3128 ἐν
503 3074 735 3141 τούτοις.
768 3079 876 3132 Καὶ
901 3079 1030 3147 γοῦν
1057 3084 1168 3144 τοῖς
1197 3083 1373 3149 ἁγίοις
1405 3085 1722 3148 ἀποστόλοις
1750 3085 1993 3144 ἁλιεύον-

2168 2805 2281 2861 Lex
2311 2821 2407 2877 per
2435 2806 2620 2862 Mosen
2657 2809 3117 2877 sapientissimum
3163 2813 3372 2880 sanxit,
3413 2815 3682 2885 profanus

2097 2914 2219 2954 cm
2256 2900 2457 2954 sanctis
2483 2917 2549 2954 ne
2578 2904 2771 2956 habeto
2805 2905 3215 2970 commercium,
3249 2907 3416 2976 inque
3446 2923 3511 2962 eo
3527 2909 3672 2976 apud

2094 2991 2308 3049 Judazos
2342 3012 2551 3050 summa
2604 3007 2722 3051 erat
2781 2997 3108 3054 observatio.
3165 2999 3396 3054 Sauctos
3458 3015 3681 3071 quoque

2096 3086 2366 3154 apostolos
2419 3087 2532 3156 jam
2593 3089 2864 3155 piscantes
2905 3087 3173 3142 allocutus
3215 3098 3299 3143 est
3357 3089 3672 3145 Dominus:

415 3183 498 3220 σιν
530 3167 610 3222 ἔτι
651 3171 989 3242 προσεφώνει
1030 3171 1203 3241 λέγων
1242 3175 1271 3226 6
1300 3174 1533 3246 Κύριοςη
1582 3177 1897 3232 «Χαλάσατε
1927 3181 1992 3232 τὰ

2103 3178 2415 3243 «Dimittite,
2435 3180 2702 3249 inquiens,
2729 3180 2859 3234 retia
2881 3189 3055 3234 vestra
3079 3181 3145 3234 ad
3167 3190 3446 3248 capturam
3479 3199 3532 3237 ι»
3563 3198 3678 3252 quo

411 3260 604 3315 δίκτυα
649 3262 802 3332 ὑμῶν
831 3265 912 3329 εἰς
949 3266 1176 3335 ἄγραν.»
1219 3265 1292 3320 Οὖ
1336 3269 1400 3340 δὴ
1449 3271 1757 3338 γεγονότος,
1794 3271 1992 3341 ἰχθύων

415 3349 513 3418 μὲν
548 3349 757 3421 πλῆθος
803 3354 1126 3424 συνείληπτο
1173 3356 1328 3419 πολὺ,
1381 3358 1744 3429 τεθαυμακὼς
1791 3361 1848 3413 δὲ
1897 3360 1992 3414 τοῦ

412 3436 570 3508 λόγοῖ)
594 3444 692 3512 τὴν
717 3443 942 3516 δύναμιν
973 3449 1000 3500 6
1033 3449 1317 3513 θεσπέσιος
1338 3451 1561 3515 Πέτρος,
1600 3469 1619 3502 ι
1655 3452 1991 3521 Προσέπεσε,

413 3533 566 3601 φησὶ,
603 3537 717 3598 τοῖς
762 3536 954 3606 γόνασι
1005 3540 1100 3593 τοῦ
1144 3541 1336 3612 Ἰησοῦ,
1370 3542 1579 3610 λέγων’
1623 3543 1843 3608 Ἔξελθε
1897 3545 1993 3599 ἀπ’

414 3622 574 3693 ἐμοῦ,
603 3626 685 3679 ὅτι
713 3628 852 3700 ἀνὴρ
881 3630 1204 3701 ἁμαρτωλός
1251 3635 1389 3701 εἰμι,
1425 3633 1619 3704 Κύριε.
1662 3653 1679 3686 ι
1732 3635 1868 3688 Ἀλλ’
1897 3637 1996 3690 οὐκ

410 3712 479 3766 ἂν
504 3717 531 3768 6
563 3717 768 3788 Πέτρος
813 3721 1077 3793 ἠθέλησεν
1115 3725 1370 3778 ἀπελθεῖν
1414 3727 1510 3780 ἀπ’
1541 3728 1707 3780 αὑτοῦ
1737 3728 1827 3781 τὸν
1857 3729 1993 3800 Χρι-

413 3807 558 3862 στόν.
621 3809 837 3886 Ἐπειδὴ
867 3815 924 3868 δὲ
957 3816 1074 3888 ᾔδει
1123 3817 1216 3870 τὸν
1257 3817 1354 3871 τοῦ
1387 3819 1552 3890 νόμου
1590 3821 1813 3883 σκοπὸν,
1846 3821 1993 3892 ὡμο-

410 3896 560 3966 λόγει
593 3901 693 3972 μὲν
721 3905 804 3958 ὅτι
843 3906 1167 3977 ἁμαρτωλός
1196 3910 1344 3962 ἐστιν
1368 3949 1383 3974 ,
1437 3909 1624 3964 ἐδεδίει
1665 3911 1720 3964 δὲ
1748 3911 1824 3982 τῷ
1854 3912 1993 3986 ἁγίῳ

413 3993 672 4054 συνεῖναι.
721 3997 863 4051 κατά
888 4013 951 4065 γε
982 3998 1044 4052 τὸ
1085 4001 1364 4072 κρατῆσαν
1398 4003 1485 4056 ἀεὶ
1515 4003 1666 4074 παρὰ
1697 4007 1810 4067 τοῖς
1865 4006 1995 4058 Ἰου-

410 4075 580 4145 δαίοις
627 4082 767 4148 ἔθος.
835 4087 1160 4159 ’Δφιγμένου
1205 4091 1261 4144 δέ
1306 4109 1435 4146 ποτε
1478 4093 1570 4146 τοῦ
1614 4095 1852 4165 Χριστοῦ
1897 4095 1993 4150 καὶ

413 4173 496 4234 εἰς
514 4173 614 4244 τὴν
641 4175 824 4246 χώραν
848 4178 957 4232 τῶν
977 4180 1355 4254 Γεργεσηνῶν,
1381 4179 1500 4238 εῐτα
1528 4184 1992 4257 τεθεραπευκότος

412 4264 542 4328 τοὺς
574 4268 634 4319 ἐν
656 4271 767 4333 τοῖς
812 4272 1097 4343 μνημείοις
1127 4274 1512 4346 δαιμωνῶντας
1538 4278 1768 4349 ἀγρίως,
1800 4277 1993 4331 τεθαυ-

417 4355 626 4426 μάκασι
669 4360 766 4430 μὲν
802 4362 899 4434 τὴν
945 4364 1293 4436 θεοσημείαν.
1334 4369 1479 4440 Ἔφη
1522 4369 1577 4423 δὲ
1617 4371 1645 4423 6
1689 4370 1988 4432 Ματθαῖος,

410 4449 496 4502 ὅτι
559 4470 579 4502 ι
636 4446 802 4506 ndica.
833 4457 867 4523 ὴ
917 4457 1072 4522 πόλις
1122 4458 1345 4530 ἐξῆλθεν
1396 4462 1477 4524 εὶς
1523 4461 1848 4532 συνάντησιν
1893 4460 1987 4514 τοῦ

385 4519 598 4611 ⁸Ἰησοῦ
619 4557 635 4572 °
669 4546 766 4598 καὶ
793 4519 994 4612 ίδόντες
1034 4519 1218 4616 αὐτὸν,
1254 4519 1638 4625 παρεκὰλεσαν
1686 4519 1990 4626 μεταϐῆναι

410 4631 522 4686 ἀπὸ
545 4633 654 4688 τῶν
677 4637 842 4708 ὁρίων
860 4640 1062 4696 αὐτῶν.
1101 4662 1120 4695 ι
1155 4645 1348 4699 Καίτοι
1377 4646 1492 4711 πῶς
1523 4648 1622 4701 οὐκ
1647 4647 1755 4701 ἔδει
1790 4647 1992 4718 μᾶλλον

417 4727 826 4794 μεταποιεῖσθαι
858 4731 952 4785 τοῦ
980 4734 1462 4805 τεθεραπευκότος,
1505 4740 1599 4792 καὶ
1645 4739 1988 4810 παρακαλεῖν

413 4822 739 4889 προσμεῖναι
767 4840 827 4876 τε
855 4825 1061 4892 αὐτοῖς,
1097 4828 1192 4881 καὶ
1224 4828 1434 4881 πολλῶν
1468 4830 1667 4902 ἐτέρων
1697 4830 1989 4901 θαυμάτων

412 4910 664 4977 γενέσθαι
701 4914 1033 4987 δημιουργόν
1061 4936 1077 4984 ;
1121 4917 1263 4973 Ἀλλ’
1293 4916 1360 4992 ἦν
1391 4921 1676 4986 εὐλαϐείας
1716 4922 1992 4990 ἀπόδειξις

416 5001 535 5054 κατ’
561 5003 738 5058 ἐκεῖνο
764 5008 955 5080 καιροῦ
983 5009 1076 5061 καὶ
1099 5010 1264 5082 τιμῆς
1293 5014 1406 5074 τοῖς
1432 5012 1605 5081 ἁγίοις
1636 5013 1993 5087 ὀφειλομένης

413 5092 610 5162 τρόπος
633 5095 695 5148 τὸ
727 5099 1112 5170 παραιτεῖσθαί
1137 5118 1288 5165 τινας
1312 5102 1552 5172 ἐγγίζειν
1593 5105 1798 5168 αὐτοῖς.
1841 5106 1995 5160 Ματ-

417 5181 568 5238 θαίου
615 5189 950 5260 κεκλημένου
997 5193 1092 5246 καὶ
1137 5193 1603 5266 ἀκολουθήσαντος
1629 5195 1707 5267 τῷ
1745 5197 1992 5270 Χριστῷ,

416 5272 535 5331 εἶτα
580 5282 910 5351 κεκληκότος
941 5284 1102 5338 αὑτὸν
1145 5287 1226 5348 είς
1259 5286 1351 5340 τὸν
1383 5284 1531 5340 οἷκον
1561 5288 1728 5341 αὐτοῦ
1752 5303 1767 5319 ο
1813 5307 1831 5339 ι
1882 5290 1995 5342 Καὶ

418 5370 582 5436 ίδοὺ,›
608 5376 761 5445 φησὶ,
796 5376 1010 5430 «πολλοὶ
1037 5378 1355 5450 ἁμαρτωλοὶ
1378 5381 1473 5434 καὶ
1499 5379 1727 5433 τελῶναι
1749 5379 1993 5443 ἐλθόντες

414 5463 792 5520 συνανέκειντο
834 5467 914 5538 τῷ
968 5467 1145 5538 Ἰησοῦ
1196 5473 1432 5534 καὶτοῖς
1483 5471 1754 5542 μαθηταῖς
1802 5471 1989 5526 αὑτοῦ.

411 5554 525 5608 Καὶ
557 5557 752 5622 ἰδόντες
779 5562 829 5613 oi
853 5562 1132 5633 Φαρισαῖοι
1157 5563 1340 5632 ἔλεγον
1363 5567 1477 5629 τοῖς
1501 5565 1766 5636 μαθηταῖς
1789 5565 1953 5618 αὐτοῦ
1973 5580 1987 5595 ⁶

411 5647 516 5702 Διὰ
559 5651 611 5704 τί
656 5654 796 5722 μετὰ
849 5653 961 5706 τῶν
1007 5655 1348 5736 ἁμαρτωλῶν
1401 5658 1496 5711 καὶ
1528 5657 1774 5712 τελωνῶν
1819 5656 1991 5710 ἐσθίει

2099 3269 2243 3326 faclo
2267 3311 2282 3330 .
2317 3288 2510 3342 magna
2542 3273 2760 3342 quidem
2793 3271 3021 3340 piscium
3059 3272 3346 3328 multitudo
3369 3284 3522 3343 capta
3553 3285 3673 3342 est,

2097 3379 2161 3419 ac
2195 3363 2408 3418 divinus
2449 3361 2640 3418 Petrus
2672 3364 2819 3418 verbi
2857 3365 2961 3418 vim
2995 3364 3292 3419 admiratus
3327 3384 3342 3418 :
3371 3384 3389 3417 ι
3416 3367 3624 3420 Accidit
3655 3405 3676 3430 ,

2095 3455 2194 3518 ait,
2255 3455 2322 3507 ad
2363 3467 2534 3523 genua
2590 3452 2716 3508 Jesu
2771 3453 3002 3507 dicens:
3041 3452 3254 3508 Recede
3307 3469 3338 3508 a
3383 3470 3505 3521 me,
3548 3471 3672 3510 nam

2098 3546 2260 3600 homo
2312 3551 2739 3613 peccator'sum,
2781 3543 3007 3599 Domine
3038 3545 3103 3597 ⁸³.
3147 3563 3165 3596 ι
3207 3543 3431 3600 Nolebat
3492 3555 3674 3600 tamen.

2095 3635 2289 3692 Petrus
2348 3635 2623 3689 Christum
2679 3651 2707 3688 a
2758 3650 2816 3688 se
2862 3636 3050 3699 abire,
3114 3636 3205 3690 sed
3270 3638 3486 3705 cognito
3537 3637 3677 3705 legis

2096 3741 2280 3796 SCOpO,
2309 3741 2367 3781 SC
2402 3737 2740 3794 peccatorem
2782 3725 3061 3781 confessus
3102 3736 3204 3794 est,
3233 3743 3295 3782 3C
3323 3744 3446 3783 Clllll
3478 3739 3672 3784 εαιιοῑο

2096 3832 2218 3872 esse
2242 3817 2475 3882 horruit,
2510 3820 2807 3872 secumlum
2841 3833 2982 3879 eam,
3019 3833 3138 3888 quae
3169 3835 3384 3889 semper
3408 3823 3548 3889 apud
3577 3819 3673 3874 Ju-

2096 3907 2240 3962 dmos
2289 3909 2612 3972 iuvaluerat,
2645 3911 3116 3964 consuetudinem.
3150 3908 3282 3964 Cum
3313 3911 3477 3965 etiam
3509 3912 3672 3967 Chri-

2095 4010 2210 4053 stus
2241 3999 2295 4052 in
2331 3999 2603 4069 regionem
2643 3999 3064 4068 Gergesinorum
3089 4003 3382 4072 aliquando
3411 4008 3674 4070 venisset,

2094 4091 2291 4147 deinde
2329 4094 2380 4146 in
2416 4097 2780 4150 monumentis
2819 4096 3134 4150 immaniter
3167 4112 3196 4150 a
3233 4101 3474 4152 dmmoue
3505 4116 3676 4154 vexa—

2095 4193 2180 4239 tos
2207 4195 2473 4250 curasset,
2500 4187 2738 4258 divinum
2757 4189 2973 4257 quidem
2997 4189 3208 4258 signum
3239 4191 3489 4244 admirati
3517 4203 3678 4258 sunt;

2092 4285 2328 4332 attamen
2391 4277 2528 4331 dixit
2585 4277 2940 4342 Manlia-us:
3016 4299 3034 4331 ι
3087 4279 3221 4335 Tota
3266 4282 3458 4336 civitas
3507 4284 3675 4336 exivit

2092 4369 2306 4423 obviam
2346 4366 2498 4434 Jesu,
2531 4382 2586 4424 ct
2621 4387 2740 4424 cum
2781 4372 3046 4428 vidissent
3079 4373 3225 4427 illum
3251 4414 3264 4439 ,
3301 4375 3563 4441 rogabunt
3617 4385 3674 4429 ut

2095 4473 2125 4514 a
2179 4459 2376 4515 ﬁnibus
2431 4462 2669 4529 ipsorum
2697 4462 3018 4519 abscederet
3046 4463 3115 4518 '°.
3147 4484 3166 4516 ι
3197 4468 3388 4518 Annon
3420 4480 3550 4518 vero
3573 4466 3672 4518 de-

2098 4551 2257 4608 cebat
2293 4553 2464 4622 magis
2494 4563 2554 4607 ut
2603 4569 2726 4609 eum
2777 4559 2867 4623 qui
2911 4566 3199 4610 curaverat
3251 4557 3581 4619 detinerent,
3615 4567 3673 4612 et

2097 4650 2354 4710 rogarent
2385 4643 2466 4698 uti
2491 4644 2632 4713 apud
2668 4658 2725 4698 se
2756 4653 3024 4709 maneret,
3057 4654 3112 4700 et
3141 4645 3244 4699 alia
3265 4661 3480 4715 quoque
3510 4646 3667 4715 plura

2097 4729 2360 4790 miracula
2417 4735 2696 4806 patraret?
2723 4733 2918 4790 Verum
2961 4737 3068 4792 illis
3109 4739 3449 4806 temporibus
3499 4737 3672 4806 signi—

2095 4828 2275 4883 ﬁcatio
2301 4837 2420 4882 erat
2448 4828 2770 4883 reverentiae
2796 4828 3100 4896 cujusdam,
3131 4838 3186 4884 et
3221 4830 3441 4884 honoris
3468 4828 3686 4883 sanctis

2092 4921 2260 4976 debiti
2289 4920 2478 4975 modus
2503 4919 2746 4990 quidam,
2773 4935 2991 4984 cavere,
3020 4935 3084 4974 ue
3098 4921 3187 4991 qui
3205 4937 3300 4976 eos
3325 4923 3672 4976 accederent.

2091 5013 2375 5068 Matth-.eus
2402 5012 2567 5066 etiam
2600 5026 2721 5066 cum
2762 5020 2990 5068 vocatus
3019 5021 3340 5081 sequeretur
3371 5011 3673 5078 Christum,

2093 5121 2158 5161 ac
2185 5115 2367 5174 postea
2397 5119 2520 5158 eum
2553 5104 2606 5157 in
2640 5106 2854 5157 domum
2879 5120 3031 5160 suam
3060 5105 3381 5161 invitasset:
3413 5125 3431 5156 ι
3457 5103 3616 5167 Ecce,
3649 5126 3668 5158 ι

2094 5196 2289 5266 inquit,
2322 5213 2341 5246 ι
2380 5195 2532 5249 multi
2557 5203 2872 5264 peccatores
2902 5205 2958 5250 et
2980 5195 3249 5265 publicani
3293 5208 3668 5259 accesserunt.

2095 5298 2150 5343 et
2176 5287 2548 5343 accubuerunt
2581 5303 2706 5343 cum
2737 5285 2863 5343 Iesu
2912 5300 2969 5344 et
3007 5289 3283 5358 discipulis
3331 5289 3467 5357 ejus.
3520 5290 3675 5356 Quod

2100 5379 2191 5432 ubi
2228 5379 2487 5434 vidissent
2540 5379 2842 5446 Pharisaei,
2896 5381 3149 5436 dixerunt
3179 5382 3456 5450 discipulis
3508 5384 3623 5451 ejus
3657 5402 3673 5439 :

2096 5471 2282 5538 Quare
2324 5487 2446 5525 cum
2514 5473 2815 5540 publicanis
2865 5483 2921 5529 et
2972 5473 3344 5544 peccatoribus
3402 5475 3510 5527 edit
3541 5491 3674 5541 pra:-

2098 5572 2287 5631 ceptor
2321 5574 2497 5618 vester
2521 5564 2564 5594 ²¹
2589 5565 2613 5617 ?
2641 5584 2659 5615 ›
2699 5565 2958 5635 lnlelligis
2993 5582 3120 5637 ergo
3145 5582 3240 5622 eos
3274 5567 3546 5621 Christum
3585 5585 3677 5619 ac-

2096 5671 2293 5728 cusare
2321 5695 2336 5720 ,
2392 5655 2534 5726 quod
2588 5657 2707 5727 lege
2739 5661 3047 5730 posthabita
3083 5661 3315 5718 voluerit
3360 5675 3482 5716 cum
3518 5661 3677 5715 malis

493 5802 538 5835 "
559 5801 713 5861 Joan.
744 5821 843 5874 xu,
868 5808 960 5863 3'5.
1039 5809 1083 5844 ”
1113 5808 1243 5868 Luc.
1269 5827 1322 5880 v,
1347 5812 1402 5867 4-
1427 5812 1486 5870 8.
1559 5814 1604 5846 ²⁰
1635 5812 1822 5868 Matth.
1857 5828 1975 5878 νηί,

2170 5815 2213 5845 ³³
2259 5811 2452 5868 Matth.
2478 5829 2557 5880 ix,
2589 5813 2673 5880 lO,
2705 5814 2793 5870 ll.
