4152 6366
503 380 603 435 179

1494 378 1552 432 S.
1593 377 1873 434 CYRlLLl
1911 380 2383 439 ALEXANDRINI
2421 384 2738 439 ARClllEP.

3662 390 3762 443 180

503 501 684 555 cibum
716 513 931 568 capere.
964 497 1182 554 Incusat
1234 514 1395 570 porro
1451 500 1591 555 Deus
1624 518 1738 565 eos,
1796 504 1955 575 106
1985 506 2076 573 qui

2189 507 2544 571 ὁδιδάσκαλος
2568 507 2756 578 ὑμῶν;
2795 524 2816 559 ι
2846 505 3020 574 Συνῆς
3049 498 3142 559 οῦν
3173 506 3318 569 ὅπως
3350 504 3424 569 ὡς
3450 504 3765 575 ἡμεληκότα

503 592 743 646 .Iudaicae
778 591 1075 663 Syuagogae
1109 592 1400 661 primatum
1437 604 1803 662 occuparunt,
1834 612 1929 664 per
1955 612 2082 665 pro-

506 684 748 751 phetam.
783 684 1006 739 dicens:
1048 703 1066 734 ι
1095 684 1236 737 Inter
1270 693 1515 738 sanctum
1552 694 1607 740 et
1662 686 1945 756 profanum
1977 704 2082 742 non

507 778 904 832 discreverunt.
946 795 964 827 ι
1019 776 1356 831 Reverentite
1389 778 1571 849 igitur,
1600 789 1659 833 ut
1711 780 1861 847 dixi,
1895 782 2084 835 modus

506 877 659 930 erat,
729 875 784 921 et
844 867 1094 934 legalium
1154 880 1543 936 praeceptorum
1592 871 1829 937 traditio,
1882 880 1942 925 ut
1988 887 2081 927 eos

506 959 718 1014 versari
754 974 875 1013 cum
910 960 1112 1013 sanctis
1142 960 1368 1025 nollent,
1402 961 1453 1015 in
1482 961 1680 1031 quibus
1706 965 1816 1016 vitii
1850 965 2085 1032 suspicio

508 1052 757 1117 haereret,
792 1061 847 1107 et
899 1052 988 1121 qui
1032 1068 1134 1106 non
1194 1053 1454 1109 haberent
1510 1070 1539 1108 a
1591 1055 1829 1125 peccatis
1858 1056 2085 1110 liberam

508 1144 916 1199 conscientiam.
961 1143 1090 1199 Tale
1123 1145 1379 1214 quiddam
1417 1145 1577 1199 etiam
1617 1147 1775 1200 heato
1810 1147 2087 1216 prophetae

507 1234 770 1291 accidisse
797 1236 1029 1302 videtur,
1065 1236 1293 1306 ideoque
1314 1238 1426 1291 ait:
1457 1256 1475 1288 ‹
1515 1236 1767 1292 Miserum
1802 1254 1902 1305 me,
1957 1239 2085 1309 quia

507 1338 862 1397 compunctus
900 1344 1072 1383 sum.»
1099 1329 1207 1383 Nec
1236 1330 1363 1400 quia
1392 1340 1746 1398 compunctus
1788 1340 1928 1399 erat,
1957 1346 2087 1401 pro-

508 1431 693 1488 pterea
730 1422 895 1476 miser
920 1421 1015 1475 iuit
1045 1439 1058 1475 :
1092 1436 1213 1474 nam
1247 1422 1348 1476 hoc
1404 1432 1560 1492 pacto
1590 1422 1909 1491 intelligere,
1956 1423 2086 1493 quid

515 1512 568 1567 ni
602 1513 947 1581 perineptum
974 1514 996 1566 ?
1026 1515 1118 1568 sed
1148 1515 1271 1584 quia
1303 1526 1657 1583 compunctus
1692 1530 1840 1582 sum,
1889 1516 2084 1586 inquit,

509 1622 539 1659 a
570 1607 926 1673 conscientia,
958 1607 1210 1663 nimirum
1244 1610 1363 1663 ideo
1387 1609 1666 1664 dicebam:
1700 1610 1775 1665 (Ο
1808 1626 1893 1665 me
1922 1611 2086 1664 misc-

510 1714 649 1765 rum,
675 1700 801 1768 quia
834 1699 997 1755 homo
1027 1715 1143 1754 sum
1164 1739 1180 1765 ,
1215 1710 1271 1755 et
1306 1702 1580 1755 immunda
1611 1701 1754 1756 labia
1791 1703 1981 1767 habeo,
2032 1702 2085 1755 in

511 1791 689 1846 medio
710 1791 889 1860 populi
925 1792 1200 1847 immunda
1235 1792 1375 1848 labia
1406 1792 1655 1848 habentis
1685 1809 1781 1863 ego
1805 1794 2010 1854 habito,
2034 1800 2088 1847 et

2186 594 2278 647 τοῦ
2307 596 2471 665 νόμου
2500 594 2835 666 κατῃτιῶντο
2860 594 2952 648 τὸν
2980 594 3235 665 Χριστὸν,
3269 595 3358 648 διά
3377 612 3457 648 τοι
3498 596 3560 648 τὸ
3592 594 3766 647 θέλειν

2187 687 2592 742 συνδιαιτᾶσθαι
2647 692 2922 760 πονηροῖς.
3002 689 3347 741 Ἐπαιτιᾶται
3417 686 3477 740 δέ
3525 704 3628 739 που
3673 687 3766 740 καὶ

2138 812 2143 815 -
2186 777 2318 840 Θεὸς
2346 778 2472 841 τοὺς
2502 778 2604 847 τῆς
2660 778 2930 831 Ἰουδαίων
2973 778 3305 847 Συναγωγῆς
3344 776 3767 847 προσεγκείσθαι
3852 790 3855 793 ‘

2186 871 2447 943 λαχόντας
2467 873 2554 925 διὰ
2584 874 2863 945 προφήτου
2896 872 3122 941 λέγων-ι
3163 872 3290 925 Ἀνὰ
3312 871 3472 940 μέσον
3494 871 3648 939 ἁγίου
3674 870 3769 923 καὶ

2190 958 2419 1029 βεϐήλου
2460 961 2519 1012 οὑ
2554 960 2874 1014 διέστελλον.
2901 981 2920 1012 ι
2944 960 3246 1023 Εὑλαϐείας
3268 957 3362 1013 οὖν
3394 960 3500 1029 ἄρα
3544 960 3765 1028 τρόπος,

2187 1053 2263 1116 ὡς
2296 1052 2452 1125 ἔφην,
2482 1054 2577 1106 καὶ
2610 1053 2852 1125 νομικῶν
2885 1054 3237 1123 ὲνταλμάτων
3268 1051 3567 1121 παράδοσις
3599 1052 3661 1104 τὸ
3695 1052 3768 1123 μὴ

2190 1146 2429 1197 συνεῖναι
2464 1143 2639 1197 θέλειν
2667 1148 2780 1208 τοῖς
2817 1146 2993 1213 ἁγίοις
3022 1145 3149 1208 τοὺς
3178 1146 3237 1196 ὲν
3270 1143 3541 1213 ὑπολήψει
3574 1140 3768 1211 φαυλό-

2188 1252 2369 1305 τητος,
2429 1238 2523 1289 καὶ
2578 1238 2677 1291 οὑκ
2740 1238 3028 1309 ἐλεύθερον
3092 1235 3375 1309 ἁμαρτιῶν
3438 1235 3659 1306 ἔχοντας
3711 1235 3772 1287 τὸ

2191 1330 2446 1393 συνειδός.
2504 1331 2756 1384 Τοιοῦτόν
2814 1350 2867 1385 τι
2921 1332 3084 1385 καὶὸ
3148 1331 3417 1401 μακάριος
3482 1328 3771 1398 προφήτης

2188 1422 2381 1492 ὁρᾶται
2415 1422 2618 1489 παθὼν,
2658 1424 2914 1497 ταύτῃτοί
2941 1441 3105 1495 φησιν
3127 1440 3140 1453 ·
3183 1443 3201 1472 ι
3234 1419 3303 1475 Ὦ
3324 1422 3489 1484 τάλας
3526 1419 3658 1489 ἐγὼ,
3690 1419 3771 1472 ὅτι

2189 1515 2615 1586 κατανένυγμαι.
2647 1536 2665 1569 ι
2701 1517 2813 1569 Καὶ⁵
2837 1517 2897 1569 οὑ
2931 1516 3018 1570 διὰ
3039 1515 3198 1569 τοῦτο
3230 1515 3422 1578 τάλας,
3470 1514 3552 1567 ὅτι
3598 1526 3772 1565 κατα·

2188 1606 2461 1661 νένυκται.
2489 1608 2613 1671 Πῶς
2645 1609 2746 1662 οὑκ
2770 1607 2962 1680 εὔηθες
2991 1608 3149 1661 τοῦτο
3174 1607 3317 1660 οὑτω
3342 1608 3485 1659 νοεῖν
3504 1621 3518 1637 ⁸
3548 1604 3661 1657 ἁλλ’
3691 1604 3772 1656 ὄτι

2190 1699 2606 1764 κατανένυκται,
2656 1702 2841 1772 φησὶν,
2880 1701 2985 1753 ὑπὺ
3036 1698 3131 1752 τοῦ
3167 1698 3488 1761 συνειδότος,
3531 1695 3688 1766 δῆλον
3716 1693 3773 1746 δὲ

2190 1789 2270 1842 ὄτι
2303 1789 2389 1843 διὰ
2421 1789 2577 1843 τοῦτο
2600 1791 2755 1862 ἔφην·
2797 1810 2815 1843 ι
2843 1787 2912 1843 Ὦ
2957 1790 3125 1853 τάλας
3176 1789 3307 1857 ὲγὼ,
3359 1790 3440 1840 ὅτι
3489 1785 3773 1856 ἄνθρωπος

513 1896 695 1952 regem
750 1884 1035 1939 Dominum
1087 1883 1325 1940 Sabaoth
1362 1886 1468 1939 vidi
1510 1885 1682 1940 oculis
1716 1886 1871 1939 meis.
1906 1904 1923 1936 ι
1954 1885 2087 1938 Nam

2196 1880 2293 1945 ὢν,
2323 1883 2418 1936 καὶ
2463 1883 2748 1953 ἀκάθαρτα
2780 1884 2934 1955 χείλη
2969 1883 3128 1953 ἔχων,
3177 1883 3234 1935 ἐν
3287 1880 3436 1952 μέσῳ
3476 1877 3606 1930 λαοῦ
3637 1878 3775 1930 ἁκὰ-

510 1991 636 2029 cum
667 1976 842 2031 sancti
890 1976 1175 2047 Seraphim
1237 1979 1438 2034 mundo
1490 1989 1547 2033 et
1597 1978 1939 2034 sanctissimo
1998 1991 2093 2031 ore

509 2067 695 2123 laudes
721 2068 1071 2137 cecinissent,
1102 2071 1278 2126 timuit
1309 2069 1417 2139 ille,
1441 2086 1471 2125 a
1497 2071 1605 2126 Deo
1624 2072 1821 2141 quippe
1845 2072 2090 2133 edoctus,

509 2174 615 2213 non
648 2158 900 2230 ignorans
928 2160 1238 2217 indecoram
1274 2179 1397 2220 esse
1430 2165 1481 2219 in
1518 2180 1613 2221 ore
1645 2165 1946 2235 peccatoris
1977 2165 2093 2218 lau-

506 2252 805 2320 dationem,
839 2256 1291 2324 quemadmodum
1324 2258 1586 2326 scriptum
1608 2268 1711 2314 est.
1753 2258 1919 2313 Erant
1946 2259 2089 2313 enim

509 2346 784 2401 immunda
825 2347 983 2417 plane
1021 2348 1387 2403 lsraelitarum
1434 2350 1575 2405 labia
1606 2393 1621 2417 ,
1679 2360 1863 2420 utpote
1908 2351 1997 2421 qui
2038 2352 2089 2404 in

509 2436 793 2506 Dominum
841 2450 1083 2496 nostrum
1130 2441 1314 2498 Jesum
1353 2444 1629 2499 Christum
1661 2446 1903 2499 convicia
1942 2444 2091 2512 jcce-

509 2540 655 2587 mut.
686 2530 781 2587 Sin
803 2546 931 2589 vero
953 2535 1341 2605 aiatpropheta
1370 2552 1428 2592 se
1457 2553 1672 2607 quoque
1696 2538 1966 2607 ejusmodi
1993 2538 2089 2590 ha-

509 2626 638 2677 here
666 2623 841 2690 labia,
872 2624 999 2681 licet
1036 2624 1342 2681 Israeliticae
1378 2628 1671 2697 impietatis
1700 2630 1858 2697 plane
1895 2644 2090 2696 expers

507 2710 715 2781 fuerit,
748 2715 980 2771 dicimus
1027 2732 1150 2771 eum
1191 2728 1249 2771 ut
1276 2730 1522 2774 sanctum
1549 2722 1614 2774 de
1651 2736 1709 2775 se
1740 2723 1979 2775 modeste
2015 2720 2091 2774 lo-

509 2805 631 2873 qui,
660 2806 851 2875 estque
885 2809 1184 2877 probabile,
1236 2821 1506 2881 quatenus
1544 2823 1661 2866 erat
1708 2827 1774 2865 ex
1826 2815 2090 2881 sanguine

508 2896 699 2964 Israel,
728 2902 964 2969 seipsum
999 2904 1143 2955 omni
1183 2903 1411 2958 crimine
1457 2919 1562 2957 non
1597 2904 1862 2971 eximere,
1894 2920 2088 2971 perva-

508 2998 690 3058 gatum
726 3002 906 3047 autem
956 2994 1138 3064 p0puli
1195 2996 1387 3049 vitium
1448 3007 1671 3062 nozare,
1712 3004 1768 3050 ut
1801 3005 1982 3051 servet
2014 2997 2089 3051 ita

508 3082 630 3138 illos
689 3084 779 3151 qui
846 3096 1234 3152 peccaverant.
1279 3087 1369 3140 Vel
1411 3088 1659 3143 huumuae
1699 3098 1907 3142 naturae
1944 3104 2088 3142 mor-

508 3173 633 3226 bum
660 3176 950 3229 conlitetur
991 3193 1005 3230 :
1037 3177 1341 3239 cuiusmodi
1378 3188 1460 3232 est
1496 3179 1624 3233 illud
1657 3194 1686 3232 a
1708 3180 1868 3232 beato
1886 3179 2087 3233 Davide

508 3275 696 3324 contra
743 3283 958 3326 omnem
1010 3271 1283 3326 hominem
1345 3272 1593 3326 dictum:
1634 3291 1652 3323 ι
1700 3273 1810 3344 Ego
1879 3274 1986 3327 dixi
2034 3274 2086 3327 in

506 3374 734 3417 excessu
767 3377 914 3417 meo:
949 3361 1137 3419 Omnis
1176 3364 1338 3418 homo
1368 3364 1601 3419 mendax
1632 3366 1700 3417 ²².
1747 3385 1766 3417 ι
1813 3364 1909 3420 Est
1943 3365 2088 3420 enim

510 3453 709 3510 infecta
739 3458 926 3511 morbo
953 3456 1217 3512 mendacii
1249 3473 1311 3512 ac
1357 3458 1609 3512 vanitatis
1639 3474 1795 3511 mens
1830 3459 2089 3523 humana,

504 3546 633 3601 licet
680 3547 823 3602 malo
880 3547 983 3603 hoc
1043 3547 1342 3603 liberentur
1386 3551 1645 3620 quidam,
1685 3550 1978 3605 sobrietate
2033 3550 2092 3605 id

504 3638 929 3696 lucrifacientes.
994 3641 1198 3696 Timuit
1247 3658 1377 3714 ergo
1448 3644 1711 3713 prepheta
1770 3644 1912 3714 quod
1965 3660 2089 3699 cum

506 3734 742 3787 mundus
767 3747 873 3788 non
908 3742 1071 3799 esset,
1092 3735 1547 3802 quemadmodum
1579 3746 1727 3791 certe
1765 3749 1891 3790 sunt
1916 3738 2090 3792 sancti

508 3825 817 3896 Seraphim,
876 3826 1159 3880 Dominum
1197 3825 1435 3882 Sabaoth
1489 3828 1883 3897 contemplatus
1929 3829 2092 3883 fuerit

505 3926 563 3972 et
607 3919 878 3983 tacuerit,
944 3927 1107 3987 atque
1159 3918 1295 3972 adeo
1354 3932 1386 3971 a
1450 3917 1703 3974 laudibus
1750 3919 2089 3975 celebrandis

507 4011 856 4079 abstinuerit,
894 4012 1037 4080 quod
1078 4026 1173 4066 ore
1202 4026 1311 4065 non
1350 4011 1423 4065 ita
1467 4012 1669 4066 mundo
1700 4013 1771 4068 sit
1802 4014 2086 4084 praglitus.

446 4122 449 4127 ·
506 4100 662 4168 Quod
695 4111 874 4156 autem
904 4104 1053 4171 puris
1093 4101 1252 4157 labiis
1276 4102 1551 4157 celebrare
1593 4102 1777 4158 laudes
1805 4113 2086 4172 oporteat,

505 4211 575 4249 ex
623 4209 689 4248 eo
714 4195 859 4264 quod
890 4195 1109 4265 quidam
1151 4203 1465 4250 sanctorum
1525 4196 1916 4265 discipulorum
1956 4197 2091 4252 dicit

505 4286 574 4342 de
626 4286 805 4355 lingua
836 4326 853 4351 ,
917 4287 1135 4357 planum
1188 4288 1307 4342 ﬁeri
1385 4298 1565 4358 potest
1602 4305 1616 4342 :
1651 4309 1670 4341 ‹
1721 4291 1813 4345 llla
1882 4290 2090 4346 lauda-

504 4391 627 4430 mus
653 4374 939 4430 Dominum
955 4388 1008 4430 et
1038 4376 1284 4444 Patrem,
1315 4387 1369 4433 et
1392 4378 1480 4431 illa
1503 4380 1880 4437 maledicimus
1914 4382 2090 4436 homi-

504 4483 604 4522 nes
624 4469 690 4523 ad
717 4468 1125 4522 similitudinem
1161 4467 1252 4523 Dei
1290 4471 1555 4525 conditos.
1590 4471 1705 4526 Non
1730 4473 2087 4541 oportet,fra-

2194 1974 2366 2046 θαρτα
2415 1974 2567 2047 χείλη
2620 1975 2832 2046 ἔχοντος
2884 1975 2995 2044 ἐγὼ
3044 1973 3208 2026 οίκῶ’
3264 1973 3358 2025 καὶ
3406 1970 3496 2023 τὸν
3554 1966 3776 2039 βασιλέα

2192 2067 2396 2137 Κύριον
2432 2067 2659 2122 Σαϐαὼθ
2704 2068 2812 2121 ἴδον
2856 2070 2970 2131 τοῖς
3023 2066 3320 2136 ὀφθαλμοῖς
3378 2060 3773 2135 μου.›Ἐπειδὴ

2192 2161 2301 2232 γὰρ
2365 2160 2434 2213 τὰ
2490 2162 2621 2229 ἅγια
2676 2161 2956 2231 Σεραφεὶμ
3015 2159 3275 2231 καθαροῖς
3336 2158 3429 2209 mi.
3482 2155 3775 2221 πανὰγνοις

2194 2254 2455 2324 στόμασιν
2489 2252 2771 2306 ἐποιοῦντο
2806 2253 2902 2316 τὰς
2929 2252 3257 2321 δοξολογίας,
3300 2250 3471 2303 δέδιεν
3509 2247 3671 2309 αὐτὸς
3715 2246 3777 2298 τὸ

2191 2345 2402 2416 χρῆμα,
2439 2345 2775 2408 θεοδίδακτος
2821 2344 2916 2408 ὣν,
2969 2345 3065 2398 καὶ
3095 2345 3193 2397 οὑκ
3240 2343 3511 2413 ἀγνοήσας
3548 2340 3629 2392 ὅτι
3677 2337 3777 2408 οὑχ

2192 2437 2393 2509 ὡραῖος
2423 2435 2571 2500 αἶνος
2624 2440 2680 2491 ὲν
2733 2438 2960 2508 στόματι
2994 2436 3343 2508 ἁμαρτωλοῦ,
3384 2433 3528 2487 καθὰ
3573 2432 3776 2501 γέγρα-

2192 2546 2347 2586 πται.
2387 2525 2495 2583 Ἦν
2523 2530 2624 2600 μὲν
2654 2529 2759 2603 γὰρ
2794 2530 3244 2601 ὁμολογουμένως
3298 2527 3584 2598 ἀκάθαρτα
3620 2523 3775 2594 χείλη

2191 2624 2285 2676 τοῦ
2356 2623 2600 2695 Ἰσραήλ·
2658 2623 3111 2694 δεδυσφημήκασι
3163 2622 3272 2693 γὰρ
3301 2623 3381 2685 εἰς
3431 2619 3523 2673 τὸν
3570 2619 3776 2687 Κύριον

2190 2716 2346 2786 ήμῶν
2377 2716 2586 2787 Ἰησοῦν
2629 2716 2721 2769 τὸν
2767 2716 3022 2787 Χριστόν.
3078 2716 3141 2768 Εἰ
3176 2715 3233 2767 δὲ
3287 2713 3352 2784 δὴ
3404 2711 3551 2780 λέγοι
3600 2708 3695 2762 καὶ
3747 2709 3777 2761 6

2191 2811 2498 2881 προφήτης,
2528 2810 2609 2862 ὅτι
2647 2810 2741 2862 καὶ
2770 2801 2932 2871 αὑτὸς
2962 2809 3073 2878 ἔχοι
3100 2808 3168 2862 τὰ
3200 2807 3352 2878 χείλη
3379 2805 3624 2868 τοιαῦτα,
3653 2801 3776 2856 καί-

2188 2917 2270 2952 τοι
2306 2900 2406 2970 τῆς
2442 2901 2536 2953 τοῦ
2582 2901 2800 2972 Ἰσραὴλ
2848 2901 3169 2963 δυσσεϐείας
3219 2900 3528 2972 ἀμοιρήσας
3572 2912 3772 2950 παντε-

2189 2991 2315 3056 λῶς,
2359 2993 2538 3063 φαμὲν
2571 2993 2653 3045 ὅτι
2688 2992 2969 3064 μετριάζει
3013 2992 3109 3062 μὲν
3151 2992 3226 3054 ὼς
3268 2991 3419 3059 ἆγιος
3449 3033 3462 3055 ,
3522 2986 3666 3050 εἰκὸς
3715 2984 3773 3038 δὲ

2189 3086 2270 3137 ὅτι
2300 3086 2394 3138 καὶ
2437 3084 2512 3147 ὡς
2541 3085 2805 3156 ὑπάρχων
2848 3084 2904 3148 ἐξ
2946 3085 3177 3155 αἵματος
3246 3081 3485 3154 Ἰσραὴλ,
3521 3082 3621 3135 οὑκ
3667 3080 3772 3144 ἔξω

2188 3177 2370 3246 τίθησι
2414 3177 2515 3247 τῆς
2543 3178 2722 3241 αἰτίας
2756 3177 2969 3230 ἑαυτόν.
3019 3176 3156 3229 Ἀλλ’
3193 3175 3460 3246 ὑποφέρει
3492 3173 3570 3244 τῷ
3611 3171 3775 3241 κοινῷ

2193 3269 2288 3322 τοῦ
2328 3268 2459 3323 λαοῦ
2514 3270 2972 3342 πλημμελήματι,
3027 3268 3215 3332 σώζων
3264 3266 3351 3319 διὰ
3398 3265 3589 3319 τούτου
3648 3264 3775 3326 τοὺς

2193 3364 2578 3435 ἡμαρτηκότας
2613 3379 2628 3395 ο
2663 3364 2829 3434 ἤγουν
2881 3364 2979 3432 τῆς
3012 3360 3301 3432 ἀνθρώπου
3334 3359 3549 3429 φύσεως
3584 3357 3776 3427 ὁμολο-

2193 3460 2281 3527 γεῖ
2312 3457 2409 3524 τὴν
2442 3457 2615 3512 νόσον.
2663 3457 2873 3510 Ὀποίόν
2908 3458 3024 3508 ἐστι
3071 3455 3132 3508 τὸ
3181 3454 3332 3525 παρὰ
3368 3452 3462 3505 τοῦ
3501 3450 3774 3523 μακαρίου

2193 3550 2377 3614 Δαϐὶδ,
2410 3550 2550 3603 κατὰ
2570 3548 2663 3602 τοῦ
2692 3549 2891 3609 παντὸς
2913 3547 3200 3619 ἀνθρώπου
3224 3546 3514 3615 λεγόμενον
3538 3559 3551 3572 ·
3579 3562 3597 3594 ι
3636 3541 3775 3610 Ἐγὼ

2192 3641 2321 3697 εἶπα
2350 3646 2408 3695 ὲν
2440 3645 2504 3713 τῇ
2541 3642 2793 3696 ἐκστάσει
2834 3658 2956 3713 μου·
2991 3642 3105 3703 Πᾶς
3144 3639 3429 3707 ἄνθρωπος
3457 3634 3716 3706 ψεύστης.
3751 3653 3770 3685 ι

2193 3738 2358 3789 Νοσεί
2403 3737 2512 3808 γάρ
2566 3736 2625 3789 τὸ
2662 3734 2853 3805 ψεῦδος
2890 3737 2922 3806 ἡ
2976 3732 3264 3806 ἀνθρώπου
3315 3732 3545 3794 διάνοια,
3582 3729 3683 3783 κᾶν
3726 3729 3775 3780 εί

2180 3828 2617 3883 ,ἀπαλλάττοιντό
2668 3843 2813 3891 τινες
2870 3826 2963 3880 τοῦ
3017 3825 3212 3889 κακοῦ,
3272 3824 3430 3895 νήφει
3477 3822 3539 3875 τὸ
3585 3821 3777 3891 χρῆμι

2192 3921 2586 3992 κερδαίνοντες.
2617 3920 2766 3971 Δέδιε
2799 3921 2980 3973 τοίνυν
3005 3921 3032 3971 6
3063 3921 3344 3988 προφήτης
3374 3916 3454 3968 ὅτι
3489 3914 3563 3985 μὴ
3597 3912 3746 3982 ὑπάρ

2192 4032 2303 4085 χων
2333 4013 2476 4067 οῦτω
2522 4012 2786 4084 καθαρὸς,
2829 4012 3079 4082 καθάπερ
3108 4011 3298 4081 ἀμέλει
3331 4008 3398 4060 τὰ
3437 4009 3569 4075 am
3608 4007 3762 4075 Σερα⁸

2193 4106 2348 4176 φεὶμ,
2385 4105 2638 4159 τεθέαται
2691 4104 2789 4175 μὲν
2833 4104 2924 4156 τὸν
2975 4102 3180 4172 Κύριον
3214 4098 3464 4163 Σαϐαὼθ,
3517 4097 3776 4166 σεσίγηκε

2189 4199 2265 4263 δὲ,
2287 4199 2462 4252 καίτοι
2488 4197 2684 4268 μᾶλλον
2704 4195 2932 4264 ὀφείλων
2962 4192 3280 4260 δοξολογεῖν,
3301 4191 3388 4243 διὰ
3415 4189 3477 4242 τὸ
3510 4188 3584 4259 μὴ
3606 4186 3776 4247 οῦτως

2191 4288 2335 4360 ἔχειν
2369 4288 2609 4360 καθαρὸν
2638 4287 2699 4340 τὸ
2735 4286 2930 4357 στόμα.
2968 4285 3090 4337 Ὅτι
3118 4283 3172 4335 δὲ
3203 4282 3307 4354 χρὴ
3350 4281 3612 4350 καθαροῖς
3658 4276 3777 4329 στό-

2196 4399 2359 4450 μασιν
2387 4381 2731 4451 ὑμνολογεῖν,
2764 4378 2929 4447 σαφὲς
2962 4376 3027 4429 ἂν
3053 4375 3264 4445 γένοιτο
3304 4373 3431 4444 περὶ
3473 4373 3570 4441 τῆς
3599 4368 3776 4438 γλώσ-

2193 4489 2291 4543 σης
2325 4472 2573 4540 λέγοντος
2616 4471 2731 4535 ἑνὸς
2766 4470 2874 4523 τῶν
2918 4468 3090 4539 ἁγίων
3149 4465 3424 4538 μαθητῶψ
3463 4485 3480 4516 ‹
3519 4465 3605 4517 Ἐν
3634 4463 3768 4531 αὐτῇ

506 4571 618 4616 tres
641 4562 766 4624 mei,
785 4561 898 4617 haec
915 4563 994 4617 sic
1016 4561 1155 4617 ﬁeri.
1197 4562 1449 4633 Nunquid
1482 4564 1603 4620 fons
1622 4580 1687 4619 ex
1704 4569 1890 4620 eodem
1921 4566 2077 4636 107

2189 4563 2512 4635 εὐλογοῦμεν
2558 4565 2647 4616 τὸν
2693 4562 2898 4633 Κύριον
2945 4564 3039 4615 καὶ
3093 4561 3336 4632 Πατέρα.
3368 4558 3477 4612 Καὶ
3525 4559 3582 4609 ἐν
3635 4554 3770 4621 αὐτῇ

502 4651 973 4708 {Oi-amineebullit
993 4653 1202 4708 dulcem
1230 4662 1285 4709 et
1304 4670 1544 4721 amaram
1586 4658 1807 4726 aquam?
1836 4657 2087 4728 Nunquid

500 4754 702 4815 potest,
722 4744 917 4800 fratres
935 4746 1061 4810 mei,
1088 4746 1376 4802 ﬁcusoleas
1390 4747 1633 4815 proferre
1649 4748 1774 4804 ?aut
1788 4751 1913 4804 vitis
1928 4751 2085 4805 ﬁcus?

505 4835 927 4908 Sirnequeidem
945 4837 1064 4894 fons
1077 4840 1273 4894 salsam
1288 4848 1339 4895 et
1358 4840 1570 4895 dulcem
1591 4858 1785 4912 aquam
1808 4845 2045 4899 edere".
2061 4863 2079 4896 ι
2118 4867 2121 4871 ·

2196 4656 2562 4730 καταρώμεθα
2607 4657 2733 4718 τοὺς
2767 4654 3088 4727 ἀνθρώπους
3119 4695 3133 4719 ,
3181 4656 3307 4715 τοὺς
3350 4650 3471 4704 καθ’
3520 4646 3774 4718 ὁμοίωσιν

2195 4750 2326 4803 Θεοῦ
2372 4749 2683 4819 γεγονότας.
2718 4748 2792 4801 Ob
2842 4748 2968 4818 χρὴ,
3015 4745 3234 4813 ἀδελφοί
3277 4758 3399 4813 μου,
3430 4740 3601 4792 ταῦτα
3633 4735 3775 4788 οὑτω

2194 4842 2459 4911 γίνεσθαι.
2492 4843 2639 4912 Μήτι
2665 4843 2699 4913 ἡ
2736 4843 2888 4911 πηγὴ
2934 4843 2996 4893 ὲκ
3040 4839 3137 4910 τῆς
3173 4837 3342 4906 αὑτῆς
3365 4832 3504 4900 ὀπῆς
3538 4828 3690 4901 βρύει
3713 4826 3774 4878 τὸ

502 4926 675 4994 γλυκὺ
723 4930 903 4984 καὶτὸ
930 4930 1161 5000 πικρόν;
1225 4932 1318 5002 Μὴ
1370 4930 1612 4999 δύναται,
1656 4933 1874 5003 ἀδελφοί
1924 4953 2049 5005 μου,
2092 4936 2230 5005 συκῆ
2283 4934 2467 4997 ἐλαίας
2519 4934 2777 5005 ποιῆσαι;
2827 4933 2860 5003 ἢ
2909 4931 3154 5001 ἄμπελος
3211 4928 3384 4990 σῦκα;
3422 4924 3609 4985 Οῦτως
3653 4918 3773 4973 οὐδὲ

503 5018 701 5073 ἁλυκὸν
734 5021 905 5089 γλυκὺ
940 5021 1166 5093 ποιῆσαι
1196 5020 1359 5095 ὕδωρ.
1394 5042 1412 5075 ι

579 5112 736 5169 Vens.
763 5113 818 5176 6,
858 5114 912 5168 7.
943 5114 1011 5168 Et
1029 5117 1219 5169 missus
1254 5117 1408 5169 estad
1430 5133 1510 5170 me
1533 5134 1667 5171 unus
1686 5135 1749 5171 ea:
1774 5118 2079 5189 Seraphim,

502 5211 550 5255 et
596 5203 649 5255 in
686 5218 847 5256 manu
890 5203 1111 5259 habebat
1136 5207 1446 5271 carbonem,
1471 5226 1621 5276 quem
1654 5210 1853 5277 forcipe
1884 5214 2082 5278 accepit

503 5293 567 5346 ab
607 5294 787 5357 altari,
842 5306 889 5349 et
952 5300 1121 5368 tetigit
1163 5315 1219 5353 os
1255 5315 1448 5365 meum,
1492 5314 1542 5355 et
1581 5302 1715 5356 dixit
1740 5318 1757 5354 .'
1789 5303 1920 5358 Ecce
1958 5307 2077 5359 teti-

472 5386 577 5454 -git
608 5389 704 5438 hoc
730 5386 872 5439 labia
910 5396 1026 5453 tua,
1067 5399 1115 5444 et
1139 5391 1331 5448 adimet
1374 5393 1672 5464 iniquitates
1706 5405 1846 5459 tuas,
1880 5407 1927 5451 et
1964 5413 2080 5466 pec-

501 5488 622 5532 cata
655 5487 747 5531 tua
794 5480 1118 5537 emundabit.

571 5655 799 5711 Divinus
848 5656 1046 5715 Paulus
1080 5662 1271 5718 scribit
1306 5663 1371 5718 de
1396 5665 1599 5721 sanctis
1627 5667 1854 5737 angelis,
1885 5684 2080 5725 omnes

576 5815 621 5847 “
650 5814 792 5874 Psal.
831 5835 952 5882 cxv.
1004 5820 1087 5876 ll.
1166 5822 1210 5855 "
1239 5819 1355 5879 Jac.
1385 5839 1468 5887 tu,
1493 5825 1546 5882 9.

2262 5114 2371 5169 Καὶ
2401 5111 2715 5180 ἀπεστάλη
2765 5110 2917 5178 πρὸς
2950 5109 3028 5179 μὲ
3056 5106 3125 5161 ἓν
3157 5106 3276 5159 τῶν
3314 5104 3625 5172 Σεραφεὶμ,
3675 5102 3776 5155 καὶ

2188 5207 2260 5261 ἐν
2286 5207 2361 5276 τῇ
2392 5206 2541 5275 χειρὶ
2582 5202 2746 5275 εἶχεν
2777 5204 3074 5271 ἄνθρακα,
3110 5199 3181 5253 ὃν
3221 5197 3295 5267 τῇ
3324 5198 3526 5251 λαϐίδι
3558 5198 3777 5251 ἐλαϐεν

2190 5302 2307 5355 ἀπὸ
2336 5299 2443 5354 τοῦ
2480 5297 2939 5366 θυσιαστηρίου.
2976 5294 3081 5349 Καὶ
3115 5292 3316 5362 ἥψατο
3341 5289 3449 5345 τοῦ
3473 5290 3775 5359 στόματός

2181 5413 2322 5464 μου,
2367 5392 2465 5447 καὶ
2491 5389 2688 5446 εἶπεν·
2726 5390 2883 5445 Ἰδοὺ
2913 5389 3114 5457 ἥψατο
3154 5386 3330 5441 τοῦτο
3363 5385 3485 5439 τῶν
3526 5383 3779 5454 χειλέων

2191 5503 2327 5549 σου,
2370 5487 2465 5539 καὶ
2507 5483 2724 5554 ἀφελεῖ
2745 5484 2850 5548 τὰς
2876 5482 3130 5550 ἀνομίας
3165 5497 3304 5543 σου,
3337 5478 3433 5531 καὶ
3461 5478 3568 5542 τὰς
3591 5477 3776 5545 ἁμαρ-

2192 5580 2323 5644 τίας
2351 5592 2466 5632 σου
2508 5575 2935 5645 περικαθαριεῖ.

2274 5672 2331 5723 Ὀ
2383 5671 2670 5732 θεσπέσιος
2712 5669 2912 5739 γράφει
2980 5665 3192 5730 Παῦλος
3256 5665 3383 5736 περὶ
3439 5662 3547 5715 τῶν
3604 5659 3771 5727 ἁγίων
