  <div class='ocr_page' id='page_1' title='image "/cluster/home/n/w/nwhite01/storage/ocr_20150623/70/nnc1.0046980253/108.png"; bbox 0 0 4152 6366; ppageno 0'>
   <div class='ocr_carea' id='block_1_1' title="bbox 399 415 493 471">
    <p class='ocr_par' dir='ltr' id='par_1_1' title="bbox 399 415 493 471">
     <span class='ocr_line' id='line_1_1' title="bbox 399 415 493 471; baseline 0 0"><span class='ocrx_word' id='word_1_1' title='bbox 399 415 493 471; x_wconf 72' lang='grc' dir='ltr'><strong>18ὶ</strong></span> 
     </span>
    </p>
   </div>
   <div class='ocr_carea' id='block_1_2' title="bbox 1517 398 2484 467">
    <p class='ocr_par' dir='ltr' id='par_1_2' title="bbox 1517 398 2484 467">
     <span class='ocr_line' id='line_1_2' title="bbox 1517 398 2484 467; baseline -0.013 0"><span class='ocrx_word' id='word_1_2' title='bbox 1517 412 1583 467; x_wconf 70' lang='lat' dir='ltr'><strong>IN</strong></span> <span class='ocrx_word' id='word_1_3' title='bbox 1627 405 1853 464; x_wconf 72' lang='lat' dir='ltr'><strong>ISAlA-M</strong></span> <span class='ocrx_word' id='word_1_4' title='bbox 1899 404 2023 459; x_wconf 83' lang='lat' dir='ltr'><strong>LIB.</strong></span> <span class='ocrx_word' id='word_1_5' title='bbox 2068 399 2349 455; x_wconf 73' lang='lat' dir='ltr'><strong>l..Ol{AT.</strong></span> <span class='ocrx_word' id='word_1_6' title='bbox 2395 398 2484 454; x_wconf 82' lang='lat' dir='ltr'><strong>lV-.</strong></span> 
     </span>
    </p>
   </div>
   <div class='ocr_carea' id='block_1_3' title="bbox 3546 390 3649 443">
    <p class='ocr_par' dir='ltr' id='par_1_3' title="bbox 3546 390 3649 443">
     <span class='ocr_line' id='line_1_3' title="bbox 3546 390 3649 443; baseline -0.01 0"><span class='ocrx_word' id='word_1_7' title='bbox 3546 390 3649 443; x_wconf 70' lang='lat'><strong>18?.</strong></span> 
     </span>
    </p>
   </div>
   <div class='ocr_carea' id='block_1_4' title="bbox 398 502 1988 600">
    <p class='ocr_par' dir='ltr' id='par_1_4' title="bbox 398 524 1965 600">
     <span class='ocr_line' id='line_1_4' title="bbox 398 524 1965 600; baseline -0.008 -14"><span class='ocrx_word' id='word_1_8' title='bbox 398 528 684 600; x_wconf 81' lang='grc' dir='ltr'>ἀγγέλων,</span> <span class='ocrx_word' id='word_1_9' title='bbox 726 528 807 580; x_wconf 82' lang='grc' dir='ltr'><strong>ὅτι</strong></span> <span class='ocrx_word' id='word_1_10' title='bbox 863 527 1065 591; x_wconf 85' lang='grc' dir='ltr'>πάντες</span> <span class='ocrx_word' id='word_1_11' title='bbox 1103 528 1211 581; x_wconf 77' lang='lat' dir='ltr'><strong>eici.</strong></span> <span class='ocrx_word' id='word_1_12' title='bbox 1257 527 1605 597; x_wconf 83' lang='grc' dir='ltr'><strong>λειτουργικὰ</strong></span> <span class='ocrx_word' id='word_1_13' title='bbox 1658 524 1965 594; x_wconf 85' lang='grc' dir='ltr'>πνεύματα,</span> 
     </span>
    </p>
   </div>
   <div class='ocr_carea' id='block_1_5' title="bbox 2090 502 3653 600">
    <p class='ocr_par' dir='ltr' id='par_1_5' title="bbox 2090 502 3653 581">
     <span class='ocr_line' id='line_1_5' title="bbox 2090 502 3653 581; baseline -0.009 -12"><span class='ocrx_word' id='word_1_14' title='bbox 2090 531 2189 570; x_wconf 64' lang='lat' dir='ltr'><strong>isse</strong></span> <span class='ocrx_word' id='word_1_15' title='bbox 2226 514 2570 571; x_wconf 90' lang='lat' dir='ltr'><strong>administros</strong></span> <span class='ocrx_word' id='word_1_16' title='bbox 2605 510 2871 581; x_wconf 79' lang='lat' dir='ltr'><strong>spiritus,</strong></span> <span class='ocrx_word' id='word_1_17' title='bbox 2896 509 2962 564; x_wconf 83' lang='lat' dir='ltr'><strong>ad</strong></span> <span class='ocrx_word' id='word_1_18' title='bbox 3020 504 3377 563; x_wconf 78' lang='lat' dir='ltr'><strong>ministerium</strong></span> <span class='ocrx_word' id='word_1_19' title='bbox 3422 502 3653 572; x_wconf 81' lang='lat' dir='ltr'><strong>delega-</strong></span> 
     </span>
    </p>
   </div>
   <div class='ocr_carea' id='block_1_6' title="bbox 397 616 1963 689">
    <p class='ocr_par' dir='ltr' id='par_1_6' title="bbox 397 616 1963 689">
     <span class='ocr_line' id='line_1_6' title="bbox 397 616 1963 689; baseline -0.005 -15"><span class='ocrx_word' id='word_1_20' title='bbox 397 625 479 684; x_wconf 83' lang='grc' dir='ltr'><strong>εἰς</strong></span> <span class='ocrx_word' id='word_1_21' title='bbox 529 617 807 672; x_wconf 75' lang='grc' dir='ltr'><strong>διακονίαν</strong></span> <span class='ocrx_word' id='word_1_22' title='bbox 853 617 1291 689; x_wconf 77' lang='grc' dir='ltr'><strong>ἀποστελλόμενα</strong></span> <span class='ocrx_word' id='word_1_23' title='bbox 1341 619 1429 673; x_wconf 82' lang='grc' dir='ltr'>διὰ</span> <span class='ocrx_word' id='word_1_24' title='bbox 1484 620 1633 681; x_wconf 85' lang='grc' dir='ltr'>τοὺς·</span> <span class='ocrx_word' id='word_1_25' title='bbox 1674 616 1963 688; x_wconf 82' lang='grc' dir='ltr'>μέλλοντας</span> 
     </span>
    </p>
   </div>
   <div class='ocr_carea' id='block_1_7' title="bbox 2071 593 3642 677">
    <p class='ocr_par' dir='ltr' id='par_1_7' title="bbox 2071 593 3642 677">
     <span class='ocr_line' id='line_1_7' title="bbox 2071 593 3642 677; baseline -0.01 -17"><span class='ocrx_word' id='word_1_26' title='bbox 2071 618 2155 662; x_wconf 90' lang='lat' dir='ltr'><strong>tos</strong></span> <span class='ocrx_word' id='word_1_27' title='bbox 2198 616 2418 677; x_wconf 79' lang='lat' dir='ltr'><strong>propter</strong></span> <span class='ocrx_word' id='word_1_28' title='bbox 2468 618 2561 660; x_wconf 91' lang='lat' dir='ltr'><strong>eos</strong></span> <span class='ocrx_word' id='word_1_29' title='bbox 2592 601 2686 671; x_wconf 89' lang='lat' dir='ltr'><strong>qui</strong></span> <span class='ocrx_word' id='word_1_30' title='bbox 2736 599 3108 655; x_wconf 74' lang='lat' dir='ltr'><strong>[nereditatem</strong></span> <span class='ocrx_word' id='word_1_31' title='bbox 3149 596 3339 650; x_wconf 86' lang='lat' dir='ltr'><strong>salutis</strong></span> <span class='ocrx_word' id='word_1_32' title='bbox 3369 593 3642 662; x_wconf 82' lang='lat' dir='ltr'><strong>accepturi</strong></span> 
     </span>
    </p>
   </div>
   <div class='ocr_carea' id='block_1_8' title="bbox 397 685 1988 783">
    <p class='ocr_par' dir='ltr' id='par_1_8' title="bbox 397 685 1969 783">
     <span class='ocr_line' id='line_1_8' title="bbox 397 685 1969 783; baseline -0.004 -18"><span class='ocrx_word' id='word_1_33' title='bbox 397 712 754 783; x_wconf 76' lang='grc' dir='ltr'><strong>κληρονομεῖν</strong></span> <span class='ocrx_word' id='word_1_34' title='bbox 812 709 1104 781; x_wconf 77' lang='grc' dir='ltr'><strong>σωτηρίαν.</strong></span> <span class='ocrx_word' id='word_1_35' title='bbox 1156 685 1272 765; x_wconf 62' lang='grc' dir='ltr'><strong>Καὶ</strong></span> <span class='ocrx_word' id='word_1_36' title='bbox 1317 712 1378 765; x_wconf 98' lang='lat' dir='ltr'><strong>rb</strong></span> <span class='ocrx_word' id='word_1_37' title='bbox 1424 710 1614 781; x_wconf 79' lang='grc' dir='ltr'>χρῆμά</span> <span class='ocrx_word' id='word_1_38' title='bbox 1662 685 1810 761; x_wconf 63' lang='grc' dir='ltr'>ἐστιν</span> <span class='ocrx_word' id='word_1_39' title='bbox 1868 708 1969 759; x_wconf 79' lang='grc' dir='ltr'>οὐκ</span> 
     </span>
    </p>
   </div>
   <div class='ocr_carea' id='block_1_9' title="bbox 2090 685 3646 783">
    <p class='ocr_par' dir='ltr' id='par_1_9' title="bbox 2090 685 3646 765">
     <span class='ocr_line' id='line_1_9' title="bbox 2090 685 3646 765; baseline -0.01 -13"><span class='ocrx_word' id='word_1_40' title='bbox 2090 708 2192 752; x_wconf 69' lang='grc' dir='ltr'>ιυιιι</span> <span class='ocrx_word' id='word_1_41' title='bbox 2214 699 2279 751; x_wconf 61' lang='grc'><strong>’⁸.</strong></span> <span class='ocrx_word' id='word_1_42' title='bbox 2313 696 2464 765; x_wconf 84' lang='lat' dir='ltr'><strong>Quod</strong></span> <span class='ocrx_word' id='word_1_43' title='bbox 2491 710 2598 750; x_wconf 91' lang='lat' dir='ltr'><strong>non</strong></span> <span class='ocrx_word' id='word_1_44' title='bbox 2633 703 2716 749; x_wconf 90' lang='lat' dir='ltr'><strong>est</strong></span> <span class='ocrx_word' id='word_1_45' title='bbox 2754 688 3280 757; x_wconf 25' lang='lat' dir='ltr'><strong>obscurum.‘0mnia</strong></span> <span class='ocrx_word' id='word_1_46' title='bbox 3309 700 3542 754; x_wconf 84' lang='lat' dir='ltr'><strong>namque</strong></span> <span class='ocrx_word' id='word_1_47' title='bbox 3574 685 3646 737; x_wconf 80' lang='lat' dir='ltr'><strong>ab</strong></span> 
     </span>
    </p>
   </div>
   <div class='ocr_carea' id='block_1_10' title="bbox 396 772 1988 874">
    <p class='ocr_par' dir='ltr' id='par_1_10' title="bbox 396 772 1969 874">
     <span class='ocr_line' id='line_1_10' title="bbox 396 772 1969 874; baseline -0.004 -18"><span class='ocrx_word' id='word_1_48' title='bbox 396 772 732 873; x_wconf 75' lang='grc' dir='ltr'>ἀσύμφανές.</span> <span class='ocrx_word' id='word_1_49' title='bbox 758 772 1079 873; x_wconf 51' lang='grc' dir='ltr'>Πάνταημὲν</span> <span class='ocrx_word' id='word_1_50' title='bbox 1114 801 1222 874; x_wconf 85' lang='grc' dir='ltr'><strong>γὰρ</strong></span> <span class='ocrx_word' id='word_1_51' title='bbox 1251 804 1309 855; x_wconf 77' lang='grc' dir='ltr'>ἐν</span> <span class='ocrx_word' id='word_1_52' title='bbox 1348 772 1551 873; x_wconf 60' lang='grc' dir='ltr'><strong>κάξέιῷ</strong></span> <span class='ocrx_word' id='word_1_53' title='bbox 1578 801 1644 855; x_wconf 85' lang='grc' dir='ltr'><strong>τὰ</strong></span> <span class='ocrx_word' id='word_1_54' title='bbox 1670 801 1821 871; x_wconf 76' lang='grc' dir='ltr'>παρὰ</span> <span class='ocrx_word' id='word_1_55' title='bbox 1848 800 1969 861; x_wconf 87' lang='grc' dir='ltr'>ταῖς</span> 
     </span>
    </p>
   </div>
   <div class='ocr_carea' id='block_1_11' title="bbox 2090 772 3656 874">
    <p class='ocr_par' dir='ltr' id='par_1_11' title="bbox 2090 772 3656 861">
     <span class='ocr_line' id='line_1_11' title="bbox 2090 772 3656 861; baseline -0.01 -16"><span class='ocrx_word' id='word_1_56' title='bbox 2090 792 2174 846; x_wconf 93' lang='lat' dir='ltr'><strong>llis</strong></span> <span class='ocrx_word' id='word_1_57' title='bbox 2210 791 2476 861; x_wconf 88' lang='lat' dir='ltr'><strong>supremis</strong></span> <span class='ocrx_word' id='word_1_58' title='bbox 2511 788 2861 858; x_wconf 76' lang='lat' dir='ltr'><strong>potestatibus</strong></span> <span class='ocrx_word' id='word_1_59' title='bbox 2904 793 3094 839; x_wconf 83' lang='lat' dir='ltr'><strong>ornate</strong></span> <span class='ocrx_word' id='word_1_60' title='bbox 3126 772 3510 851; x_wconf 83' lang='lat' dir='ltr'><strong>splendideque</strong></span> <span class='ocrx_word' id='word_1_61' title='bbox 3551 772 3656 830; x_wconf 85' lang='lat' dir='ltr'><strong>ad&quot;</strong></span> 
     </span>
    </p>
   </div>
   <div class='ocr_carea' id='block_1_12' title="bbox 398 890 1968 965">
    <p class='ocr_par' dir='ltr' id='par_1_12' title="bbox 398 890 1968 965">
     <span class='ocr_line' id='line_1_12' title="bbox 398 890 1968 965; baseline -0.005 -16"><span class='ocrx_word' id='word_1_62' title='bbox 398 896 509 949; x_wconf 83' lang='grc' dir='ltr'>ἀνω</span> <span class='ocrx_word' id='word_1_63' title='bbox 529 893 792 963; x_wconf 83' lang='grc' dir='ltr'>δυνάμεσι</span> <span class='ocrx_word' id='word_1_64' title='bbox 814 894 908 947; x_wconf 70' lang='grc' dir='ltr'><strong>καὶ</strong></span> <span class='ocrx_word' id='word_1_65' title='bbox 934 895 1098 965; x_wconf 82' lang='grc' dir='ltr'>τιμῆς</span> <span class='ocrx_word' id='word_1_66' title='bbox 1119 896 1235 965; x_wconf 72' lang='grc' dir='ltr'>ἦτοι</span> <span class='ocrx_word' id='word_1_67' title='bbox 1266 894 1607 965; x_wconf 82' lang='grc' dir='ltr'><strong>λειτουργίας</strong></span> <span class='ocrx_word' id='word_1_68' title='bbox 1638 893 1814 963; x_wconf 81' lang='grc' dir='ltr'>μέτρα</span> <span class='ocrx_word' id='word_1_69' title='bbox 1838 890 1968 959; x_wconf 85' lang='grc' dir='ltr'>παρ’</span> 
     </span>
    </p>
   </div>
   <div class='ocr_carea' id='block_1_13' title="bbox 399 979 1971 1057">
    <p class='ocr_par' dir='ltr' id='par_1_13' title="bbox 399 979 1971 1057">
     <span class='ocr_line' id='line_1_13' title="bbox 399 979 1971 1057; baseline -0.004 -20"><span class='ocrx_word' id='word_1_70' title='bbox 399 987 612 1048; x_wconf 78' lang='grc' dir='ltr'>αὑταῖς,</span> <span class='ocrx_word' id='word_1_71' title='bbox 645 985 739 1039; x_wconf 78' lang='grc' dir='ltr'>καὶ</span> <span class='ocrx_word' id='word_1_72' title='bbox 762 986 878 1057; x_wconf 85' lang='grc' dir='ltr'>ὅροι</span> <span class='ocrx_word' id='word_1_73' title='bbox 904 984 1169 1038; x_wconf 84' lang='grc' dir='ltr'>τέθεινται</span> <span class='ocrx_word' id='word_1_74' title='bbox 1200 985 1299 1056; x_wconf 81' lang='grc' dir='ltr'>τῆς</span> <span class='ocrx_word' id='word_1_75' title='bbox 1328 986 1559 1039; x_wconf 82' lang='grc' dir='ltr'><strong>ἑκάστου</strong></span> <span class='ocrx_word' id='word_1_76' title='bbox 1590 984 1777 1053; x_wconf 76' lang='grc' dir='ltr'>δόξης,</span> <span class='ocrx_word' id='word_1_77' title='bbox 1820 979 1971 1050; x_wconf 88' lang='grc' dir='ltr'>παρά</span> 
     </span>
    </p>
   </div>
   <div class='ocr_carea' id='block_1_14' title="bbox 400 1071 1968 1147">
    <p class='ocr_par' dir='ltr' id='par_1_14' title="bbox 400 1071 1968 1147">
     <span class='ocr_line' id='line_1_14' title="bbox 400 1071 1968 1147; baseline -0.003 -17"><span class='ocrx_word' id='word_1_78' title='bbox 400 1094 465 1145; x_wconf 84' lang='grc' dir='ltr'><strong>γε</strong></span> <span class='ocrx_word' id='word_1_79' title='bbox 492 1076 585 1130; x_wconf 91' lang='grc' dir='ltr'><strong>τοῦ</strong></span> <span class='ocrx_word' id='word_1_80' title='bbox 609 1077 785 1130; x_wconf 80' lang='grc' dir='ltr'>πάντα</span> <span class='ocrx_word' id='word_1_81' title='bbox 814 1076 955 1130; x_wconf 83' lang='grc' dir='ltr'>κατὰ</span> <span class='ocrx_word' id='word_1_82' title='bbox 976 1078 1037 1129; x_wconf 84' lang='grc' dir='ltr'>τὸ</span> <span class='ocrx_word' id='word_1_83' title='bbox 1057 1076 1203 1146; x_wconf 84' lang='grc' dir='ltr'>αύτῷ</span> <span class='ocrx_word' id='word_1_84' title='bbox 1222 1077 1409 1131; x_wconf 79' lang='grc' dir='ltr'>δοκοῦν</span> <span class='ocrx_word' id='word_1_85' title='bbox 1441 1076 1789 1147; x_wconf 79' lang='grc' dir='ltr'>διανέμοντος</span> <span class='ocrx_word' id='word_1_86' title='bbox 1808 1071 1968 1126; x_wconf 82' lang='grc' dir='ltr'>Θεοῦ.</span> 
     </span>
    </p>
   </div>
   <div class='ocr_carea' id='block_1_15' title="bbox 404 1164 1972 1241">
    <p class='ocr_par' dir='ltr' id='par_1_15' title="bbox 404 1164 1972 1241">
     <span class='ocr_line' id='line_1_15' title="bbox 404 1164 1972 1241; baseline -0.003 -19"><span class='ocrx_word' id='word_1_87' title='bbox 404 1170 546 1241; x_wconf 83' lang='grc' dir='ltr'>Πλὴν</span> <span class='ocrx_word' id='word_1_88' title='bbox 578 1164 659 1232; x_wconf 76' lang='grc' dir='ltr'>εἷς</span> <span class='ocrx_word' id='word_1_89' title='bbox 696 1170 781 1239; x_wconf 78' lang='grc' dir='ltr'><strong>ἐφ’</strong></span> <span class='ocrx_word' id='word_1_90' title='bbox 826 1169 1027 1223; x_wconf 71' lang='grc' dir='ltr'>ἅπασιν</span> <span class='ocrx_word' id='word_1_91' title='bbox 1060 1172 1089 1222; x_wconf 90' lang='grc' dir='ltr'><strong>ὁ</strong></span> <span class='ocrx_word' id='word_1_92' title='bbox 1125 1169 1311 1239; x_wconf 82' lang='grc' dir='ltr'>ζυγὸς,</span> <span class='ocrx_word' id='word_1_93' title='bbox 1360 1170 1455 1223; x_wconf 71' lang='grc' dir='ltr'>καὶ</span> <span class='ocrx_word' id='word_1_94' title='bbox 1486 1167 1819 1239; x_wconf 82' lang='grc' dir='ltr'><strong>ὑπηρετοῦσι</strong></span> <span class='ocrx_word' id='word_1_95' title='bbox 1849 1165 1972 1218; x_wconf 89' lang='grc' dir='ltr'>νεύ-</span> 
     </span>
    </p>
   </div>
   <div class='ocr_carea' id='block_1_16' title="bbox 405 1258 1970 1331">
    <p class='ocr_par' dir='ltr' id='par_1_16' title="bbox 405 1258 1970 1331">
     <span class='ocr_line' id='line_1_16' title="bbox 405 1258 1970 1331; baseline -0.003 -18"><span class='ocrx_word' id='word_1_96' title='bbox 405 1279 537 1331; x_wconf 83' lang='grc' dir='ltr'>μασι</span> <span class='ocrx_word' id='word_1_97' title='bbox 563 1264 677 1324; x_wconf 87' lang='grc' dir='ltr'>τοῖς</span> <span class='ocrx_word' id='word_1_98' title='bbox 693 1263 1065 1325; x_wconf 88' lang='grc' dir='ltr'>Δεσποτικοῖς,</span> <span class='ocrx_word' id='word_1_99' title='bbox 1092 1261 1193 1313; x_wconf 82' lang='grc' dir='ltr'><strong>οὐκ</strong></span> <span class='ocrx_word' id='word_1_100' title='bbox 1220 1259 1558 1325; x_wconf 82' lang='grc' dir='ltr'>ἀπαξιοῦντα</span> <span class='ocrx_word' id='word_1_101' title='bbox 1578 1261 1677 1329; x_wconf 85' lang='grc' dir='ltr'>τὴν</span> <span class='ocrx_word' id='word_1_102' title='bbox 1702 1258 1970 1321; x_wconf 82' lang='grc' dir='ltr'>δουλείαν,</span> 
     </span>
    </p>
   </div>
   <div class='ocr_carea' id='block_1_17' title="bbox 402 1350 1974 1424">
    <p class='ocr_par' dir='ltr' id='par_1_17' title="bbox 402 1350 1974 1424">
     <span class='ocr_line' id='line_1_17' title="bbox 402 1350 1974 1424; baseline -0.002 -19"><span class='ocrx_word' id='word_1_103' title='bbox 402 1353 515 1405; x_wconf 83' lang='grc' dir='ltr'>ἀλλ’</span> <span class='ocrx_word' id='word_1_104' title='bbox 548 1354 606 1405; x_wconf 87' lang='grc' dir='ltr'>ὲν</span> <span class='ocrx_word' id='word_1_105' title='bbox 640 1353 804 1424; x_wconf 76' lang='grc' dir='ltr'>μοίρᾳ</span> <span class='ocrx_word' id='word_1_106' title='bbox 832 1352 1001 1423; x_wconf 83' lang='grc' dir='ltr'>τιμῆς</span> <span class='ocrx_word' id='word_1_107' title='bbox 1035 1354 1132 1407; x_wconf 76' lang='grc' dir='ltr'>καὶ</span> <span class='ocrx_word' id='word_1_108' title='bbox 1167 1352 1323 1423; x_wconf 80' lang='grc' dir='ltr'>δόξης</span> <span class='ocrx_word' id='word_1_109' title='bbox 1364 1350 1830 1420; x_wconf 77' lang='grc' dir='ltr'>καταλογιζόμενά</span> <span class='ocrx_word' id='word_1_110' title='bbox 1878 1367 1974 1402; x_wconf 79' lang='grc' dir='ltr'><strong>που</strong></span> 
     </span>
    </p>
   </div>
   <div class='ocr_carea' id='block_1_18' title="bbox 401 1442 1976 1516">
    <p class='ocr_par' dir='ltr' id='par_1_18' title="bbox 401 1442 1976 1516">
     <span class='ocr_line' id='line_1_18' title="bbox 401 1442 1976 1516; baseline -0.003 -19"><span class='ocrx_word' id='word_1_111' title='bbox 401 1446 461 1497; x_wconf 80' lang='lat' dir='ltr'><strong>rb</strong></span> <span class='ocrx_word' id='word_1_112' title='bbox 493 1447 550 1497; x_wconf 80' lang='grc' dir='ltr'>ὲν</span> <span class='ocrx_word' id='word_1_113' title='bbox 576 1445 787 1507; x_wconf 84' lang='grc' dir='ltr'>τούτοις</span> <span class='ocrx_word' id='word_1_114' title='bbox 829 1445 1073 1515; x_wconf 91' lang='grc' dir='ltr'>γνήσιον.</span> <span class='ocrx_word' id='word_1_115' title='bbox 1122 1444 1650 1516; x_wconf 85' lang='grc' dir='ltr'>Προαναμορφοῦται</span> <span class='ocrx_word' id='word_1_116' title='bbox 1694 1442 1872 1496; x_wconf 85' lang='grc' dir='ltr'>τοίνυν</span> <span class='ocrx_word' id='word_1_117' title='bbox 1919 1442 1976 1494; x_wconf 85' lang='grc' dir='ltr'>ἐν</span> 
     </span>
    </p>
   </div>
   <div class='ocr_carea' id='block_1_19' title="bbox 401 1534 1979 1607">
    <p class='ocr_par' dir='ltr' id='par_1_19' title="bbox 401 1534 1979 1607">
     <span class='ocr_line' id='line_1_19' title="bbox 401 1534 1979 1607; baseline 0.001 -20"><span class='ocrx_word' id='word_1_118' title='bbox 401 1536 696 1606; x_wconf 71' lang='grc' dir='ltr'>ὀφθαλμοῖς</span> <span class='ocrx_word' id='word_1_119' title='bbox 736 1534 832 1589; x_wconf 89' lang='grc' dir='ltr'><strong>τοῦ</strong></span> <span class='ocrx_word' id='word_1_120' title='bbox 869 1538 1146 1607; x_wconf 82' lang='grc' dir='ltr'>προφήτου</span> <span class='ocrx_word' id='word_1_121' title='bbox 1175 1536 1234 1588; x_wconf 85' lang='grc' dir='ltr'>τὸ</span> <span class='ocrx_word' id='word_1_122' title='bbox 1271 1536 1507 1607; x_wconf 85' lang='grc' dir='ltr'>Χριστοῦ</span> <span class='ocrx_word' id='word_1_123' title='bbox 1546 1536 1863 1606; x_wconf 89' lang='grc' dir='ltr'>μυστήριον,</span> <span class='ocrx_word' id='word_1_124' title='bbox 1890 1534 1979 1588; x_wconf 78' lang='grc' dir='ltr'><strong>διὰ</strong></span> 
     </span>
    </p>
   </div>
   <div class='ocr_carea' id='block_1_20' title="bbox 402 1624 1979 1699">
    <p class='ocr_par' dir='ltr' id='par_1_20' title="bbox 402 1624 1979 1699">
     <span class='ocr_line' id='line_1_20' title="bbox 402 1624 1979 1699; baseline -0.002 -19"><span class='ocrx_word' id='word_1_125' title='bbox 402 1628 510 1680; x_wconf 87' lang='grc' dir='ltr'><strong>τῶν</strong></span> <span class='ocrx_word' id='word_1_126' title='bbox 560 1629 671 1682; x_wconf 79' lang='grc' dir='ltr'>ἄνω</span> <span class='ocrx_word' id='word_1_127' title='bbox 716 1628 999 1699; x_wconf 85' lang='grc' dir='ltr'>δυνάμεων</span> <span class='ocrx_word' id='word_1_128' title='bbox 1043 1624 1102 1682; x_wconf 82' lang='grc' dir='ltr'>εὖ</span> <span class='ocrx_word' id='word_1_129' title='bbox 1152 1628 1296 1698; x_wconf 88' lang='grc' dir='ltr'>μάλα</span> <span class='ocrx_word' id='word_1_130' title='bbox 1325 1627 1762 1698; x_wconf 84' lang='grc' dir='ltr'>διακονούμενον.</span> <span class='ocrx_word' id='word_1_131' title='bbox 1818 1628 1979 1679; x_wconf 83' lang='grc' dir='ltr'>Ἀπο-</span> 
     </span>
    </p>
   </div>
   <div class='ocr_carea' id='block_1_21' title="bbox 405 1717 1974 1793">
    <p class='ocr_par' dir='ltr' id='par_1_21' title="bbox 405 1717 1974 1793">
     <span class='ocr_line' id='line_1_21' title="bbox 405 1717 1974 1793; baseline -0.001 -22"><span class='ocrx_word' id='word_1_132' title='bbox 405 1717 679 1771; x_wconf 83' lang='grc' dir='ltr'>στέλλεται</span> <span class='ocrx_word' id='word_1_133' title='bbox 711 1718 841 1787; x_wconf 90' lang='grc' dir='ltr'>γοῦν</span> <span class='ocrx_word' id='word_1_134' title='bbox 872 1719 929 1773; x_wconf 77' lang='grc' dir='ltr'>ἓν</span> <span class='ocrx_word' id='word_1_135' title='bbox 956 1719 1063 1772; x_wconf 87' lang='grc' dir='ltr'><strong>τῶν</strong></span> <span class='ocrx_word' id='word_1_136' title='bbox 1092 1722 1158 1773; x_wconf 88' lang='grc' dir='ltr'>Σε</span> <span class='ocrx_word' id='word_1_137' title='bbox 1169 1722 1369 1793; x_wconf 76' lang='grc' dir='ltr'>ραφεὶμ</span> <span class='ocrx_word' id='word_1_138' title='bbox 1390 1719 1634 1791; x_wconf 84' lang='grc' dir='ltr'>ἄνθρακα</span> <span class='ocrx_word' id='word_1_139' title='bbox 1657 1718 1799 1789; x_wconf 78' lang='grc' dir='ltr'>ἔχον,</span> <span class='ocrx_word' id='word_1_140' title='bbox 1829 1718 1887 1771; x_wconf 84' lang='grc' dir='ltr'>ὃν</span> <span class='ocrx_word' id='word_1_141' title='bbox 1908 1720 1974 1788; x_wconf 82' lang='grc' dir='ltr'><strong>τῇ</strong></span> 
     </span>
    </p>
   </div>
   <div class='ocr_carea' id='block_1_22' title="bbox 403 1808 1974 1879">
    <p class='ocr_par' dir='ltr' id='par_1_22' title="bbox 403 1808 1974 1879">
     <span class='ocr_line' id='line_1_22' title="bbox 403 1808 1974 1879; baseline 0.002 -20"><span class='ocrx_word' id='word_1_142' title='bbox 403 1808 578 1861; x_wconf 86' lang='grc' dir='ltr'>λαϐίδι</span> <span class='ocrx_word' id='word_1_143' title='bbox 619 1808 813 1861; x_wconf 76' lang='grc' dir='ltr'>ἐλαϐεν</span> <span class='ocrx_word' id='word_1_144' title='bbox 841 1809 949 1861; x_wconf 80' lang='grc' dir='ltr'><strong>ἀπὸ</strong></span> <span class='ocrx_word' id='word_1_145' title='bbox 974 1808 1069 1862; x_wconf 89' lang='grc' dir='ltr'><strong>τοῦ</strong></span> <span class='ocrx_word' id='word_1_146' title='bbox 1104 1809 1512 1879; x_wconf 84' lang='grc' dir='ltr'>θυσιαστηρίου.</span> <span class='ocrx_word' id='word_1_147' title='bbox 1545 1811 1655 1863; x_wconf 75' lang='grc' dir='ltr'><strong>Καὶ</strong></span> <span class='ocrx_word' id='word_1_148' title='bbox 1683 1810 1842 1863; x_wconf 89' lang='grc' dir='ltr'>τοῦτο</span> <span class='ocrx_word' id='word_1_149' title='bbox 1865 1809 1974 1879; x_wconf 84' lang='grc' dir='ltr'>ἄρα</span> 
     </span>
    </p>
   </div>
   <div class='ocr_carea' id='block_1_23' title="bbox 400 1897 1974 1972">
    <p class='ocr_par' dir='ltr' id='par_1_23' title="bbox 400 1897 1974 1972">
     <span class='ocr_line' id='line_1_23' title="bbox 400 1897 1974 1972; baseline 0 -19"><span class='ocrx_word' id='word_1_150' title='bbox 400 1897 471 1969; x_wconf 77' lang='grc' dir='ltr'>ἦν</span> <span class='ocrx_word' id='word_1_151' title='bbox 513 1900 751 1972; x_wconf 85' lang='grc' dir='ltr'>Χριστοῦ</span> <span class='ocrx_word' id='word_1_152' title='bbox 787 1900 1074 1972; x_wconf 88' lang='grc' dir='ltr'>σύμϐολον,</span> <span class='ocrx_word' id='word_1_153' title='bbox 1118 1900 1176 1963; x_wconf 90' lang='grc' dir='ltr'>ὃς</span> <span class='ocrx_word' id='word_1_154' title='bbox 1208 1900 1274 1953; x_wconf 85' lang='grc' dir='ltr'><strong>δι’</strong></span> <span class='ocrx_word' id='word_1_155' title='bbox 1319 1903 1484 1971; x_wconf 80' lang='grc' dir='ltr'>ἡμᾶς,</span> <span class='ocrx_word' id='word_1_156' title='bbox 1528 1903 1620 1954; x_wconf 73' lang='grc' dir='ltr'>καὶ</span> <span class='ocrx_word' id='word_1_157' title='bbox 1648 1901 1788 1971; x_wconf 81' lang='grc' dir='ltr'>ὑπὲρ</span> <span class='ocrx_word' id='word_1_158' title='bbox 1818 1900 1974 1971; x_wconf 85' lang='grc' dir='ltr'>ήμῶν</span> 
     </span>
    </p>
   </div>
   <div class='ocr_carea' id='block_1_24' title="bbox 404 1988 1974 2061">
    <p class='ocr_par' dir='ltr' id='par_1_24' title="bbox 404 1988 1974 2061">
     <span class='ocr_line' id='line_1_24' title="bbox 404 1988 1974 2061; baseline 0.001 -20"><span class='ocrx_word' id='word_1_159' title='bbox 404 1991 805 2061; x_wconf 79' lang='grc' dir='ltr'>προσεκόμισεν</span> <span class='ocrx_word' id='word_1_160' title='bbox 832 1988 1023 2043; x_wconf 76' lang='grc' dir='ltr'>ἑαυτὸν</span> <span class='ocrx_word' id='word_1_161' title='bbox 1053 1988 1130 2059; x_wconf 89' lang='grc' dir='ltr'>τῷ</span> <span class='ocrx_word' id='word_1_162' title='bbox 1160 1988 1279 2060; x_wconf 83' lang='grc' dir='ltr'><strong>Θεῷ</strong></span> <span class='ocrx_word' id='word_1_163' title='bbox 1314 1991 1409 2043; x_wconf 75' lang='grc' dir='ltr'>καὶ</span> <span class='ocrx_word' id='word_1_164' title='bbox 1444 1990 1642 2061; x_wconf 72' lang='grc' dir='ltr'>Πατρὶ,</span> <span class='ocrx_word' id='word_1_165' title='bbox 1669 1993 1749 2054; x_wconf 86' lang='grc' dir='ltr'><strong>είς</strong></span> <span class='ocrx_word' id='word_1_166' title='bbox 1783 1989 1974 2043; x_wconf 77' lang='grc' dir='ltr'>θυσίαν</span> 
     </span>
    </p>
   </div>
   <div class='ocr_carea' id='block_1_25' title="bbox 403 2082 1980 2154">
    <p class='ocr_par' dir='ltr' id='par_1_25' title="bbox 403 2082 1980 2154">
     <span class='ocr_line' id='line_1_25' title="bbox 403 2082 1980 2154; baseline 0.001 -19"><span class='ocrx_word' id='word_1_167' title='bbox 403 2083 782 2153; x_wconf 83' lang='grc' dir='ltr'>πνευματικὴν</span> <span class='ocrx_word' id='word_1_168' title='bbox 818 2082 1068 2153; x_wconf 83' lang='grc' dir='ltr'>καθαρὰν</span> <span class='ocrx_word' id='word_1_169' title='bbox 1099 2083 1193 2136; x_wconf 82' lang='grc' dir='ltr'>καὶ</span> <span class='ocrx_word' id='word_1_170' title='bbox 1234 2082 1502 2153; x_wconf 83' lang='grc' dir='ltr'>ἀϐέϐηλον</span> <span class='ocrx_word' id='word_1_171' title='bbox 1538 2084 1633 2137; x_wconf 75' lang='grc' dir='ltr'>καὶ</span> <span class='ocrx_word' id='word_1_172' title='bbox 1680 2086 1759 2146; x_wconf 88' lang='grc' dir='ltr'><strong>είς</strong></span> <span class='ocrx_word' id='word_1_173' title='bbox 1806 2083 1980 2154; x_wconf 83' lang='grc' dir='ltr'>ὀσμὴν</span> 
     </span>
    </p>
   </div>
   <div class='ocr_carea' id='block_1_26' title="bbox 404 2174 1981 2248">
    <p class='ocr_par' dir='ltr' id='par_1_26' title="bbox 404 2174 1981 2248">
     <span class='ocr_line' id='line_1_26' title="bbox 404 2174 1981 2248; baseline 0.001 -21"><span class='ocrx_word' id='word_1_174' title='bbox 404 2175 656 2239; x_wconf 86' lang='grc' dir='ltr'>εὐωδίας.</span> <span class='ocrx_word' id='word_1_175' title='bbox 688 2174 877 2248; x_wconf 82' lang='grc' dir='ltr'>Ταύτῃ</span> <span class='ocrx_word' id='word_1_176' title='bbox 899 2192 982 2229; x_wconf 91' lang='grc' dir='ltr'><strong>τοι</strong></span> <span class='ocrx_word' id='word_1_177' title='bbox 1009 2175 1105 2228; x_wconf 79' lang='grc' dir='ltr'>καὶ</span> <span class='ocrx_word' id='word_1_178' title='bbox 1137 2176 1283 2247; x_wconf 87' lang='grc' dir='ltr'>μάλα</span> <span class='ocrx_word' id='word_1_179' title='bbox 1309 2175 1534 2239; x_wconf 85' lang='grc' dir='ltr'>είκότως</span> <span class='ocrx_word' id='word_1_180' title='bbox 1564 2177 1628 2229; x_wconf 80' lang='grc' dir='ltr'>ἐκ</span> <span class='ocrx_word' id='word_1_181' title='bbox 1658 2175 1754 2229; x_wconf 89' lang='grc' dir='ltr'><strong>τοῦ</strong></span> <span class='ocrx_word' id='word_1_182' title='bbox 1793 2175 1981 2229; x_wconf 87' lang='grc' dir='ltr'>θυσια-</span> 
     </span>
    </p>
   </div>
   <div class='ocr_carea' id='block_1_27' title="bbox 404 2266 1976 2339">
    <p class='ocr_par' dir='ltr' id='par_1_27' title="bbox 404 2266 1976 2339">
     <span class='ocr_line' id='line_1_27' title="bbox 404 2266 1976 2339; baseline 0.001 -21"><span class='ocrx_word' id='word_1_183' title='bbox 404 2268 630 2339; x_wconf 82' lang='grc' dir='ltr'>στηρίου</span> <span class='ocrx_word' id='word_1_184' title='bbox 656 2267 1012 2337; x_wconf 85' lang='grc' dir='ltr'>λαμϐάνεται.</span> <span class='ocrx_word' id='word_1_185' title='bbox 1045 2267 1450 2339; x_wconf 74' lang='grc' dir='ltr'>Παρεικάςεταί</span> <span class='ocrx_word' id='word_1_186' title='bbox 1472 2284 1537 2336; x_wconf 89' lang='grc' dir='ltr'><strong>γε</strong></span> <span class='ocrx_word' id='word_1_187' title='bbox 1570 2268 1678 2337; x_wconf 80' lang='grc' dir='ltr'>μὴν</span> <span class='ocrx_word' id='word_1_188' title='bbox 1726 2266 1976 2338; x_wconf 80' lang='grc' dir='ltr'>ἄνθρακι’</span> 
     </span>
    </p>
   </div>
   <div class='ocr_carea' id='block_1_28' title="bbox 404 2354 1982 2428">
    <p class='ocr_par' dir='ltr' id='par_1_28' title="bbox 404 2354 1982 2428">
     <span class='ocr_line' id='line_1_28' title="bbox 404 2354 1982 2428; baseline 0.001 -21"><span class='ocrx_word' id='word_1_189' title='bbox 404 2356 502 2407; x_wconf 73' lang='grc' dir='ltr'>καὶ</span> <span class='ocrx_word' id='word_1_190' title='bbox 530 2355 620 2410; x_wconf 81' lang='grc' dir='ltr'><strong>διὰ</strong></span> <span class='ocrx_word' id='word_1_191' title='bbox 646 2354 806 2410; x_wconf 87' lang='grc' dir='ltr'>ποίαν</span> <span class='ocrx_word' id='word_1_192' title='bbox 833 2358 1018 2410; x_wconf 76' lang='grc' dir='ltr'>αἰτίαν</span> <span class='ocrx_word' id='word_1_193' title='bbox 1048 2358 1224 2427; x_wconf 63' lang='grc' dir='ltr'>είπεῖν</span> <span class='ocrx_word' id='word_1_194' title='bbox 1251 2356 1742 2426; x_wconf 82' lang='grc' dir='ltr'>ἀναγκαῖον.”Εθος</span> <span class='ocrx_word' id='word_1_195' title='bbox 1767 2359 1832 2428; x_wconf 80' lang='grc' dir='ltr'>τῇ</span> <span class='ocrx_word' id='word_1_196' title='bbox 1862 2356 1982 2410; x_wconf 87' lang='grc' dir='ltr'>θεο-</span> 
     </span>
    </p>
   </div>
   <div class='ocr_carea' id='block_1_29' title="bbox 405 2446 1979 2521">
    <p class='ocr_par' dir='ltr' id='par_1_29' title="bbox 405 2446 1979 2521">
     <span class='ocr_line' id='line_1_29' title="bbox 405 2446 1979 2521; baseline 0.002 -21"><span class='ocrx_word' id='word_1_197' title='bbox 405 2446 658 2516; x_wconf 75' lang='grc' dir='ltr'>πνεύστῳ</span> <span class='ocrx_word' id='word_1_198' title='bbox 684 2447 875 2519; x_wconf 82' lang='grc' dir='ltr'>Γραφῇ</span> <span class='ocrx_word' id='word_1_199' title='bbox 915 2449 1053 2519; x_wconf 80' lang='grc' dir='ltr'>πυρὶ</span> <span class='ocrx_word' id='word_1_200' title='bbox 1092 2449 1193 2520; x_wconf 85' lang='grc' dir='ltr'><strong>τήν</strong></span> <span class='ocrx_word' id='word_1_201' title='bbox 1223 2450 1375 2503; x_wconf 85' lang='grc' dir='ltr'>θείαν</span> <span class='ocrx_word' id='word_1_202' title='bbox 1408 2450 1765 2521; x_wconf 79' lang='grc' dir='ltr'>παρεικάζειν</span> <span class='ocrx_word' id='word_1_203' title='bbox 1796 2451 1979 2518; x_wconf 89' lang='grc' dir='ltr'>φύσιν.</span> 
     </span>
    </p>
   </div>
   <div class='ocr_carea' id='block_1_30' title="bbox 410 2539 1982 2614">
    <p class='ocr_par' dir='ltr' id='par_1_30' title="bbox 410 2539 1982 2614">
     <span class='ocr_line' id='line_1_30' title="bbox 410 2539 1982 2614; baseline 0.001 -20"><span class='ocrx_word' id='word_1_204' title='bbox 410 2540 592 2610; x_wconf 84' lang='grc' dir='ltr'>Ὠφθη</span> <span class='ocrx_word' id='word_1_205' title='bbox 636 2540 745 2613; x_wconf 84' lang='grc' dir='ltr'><strong>γὰρ</strong></span> <span class='ocrx_word' id='word_1_206' title='bbox 774 2540 920 2595; x_wconf 77' lang='grc' dir='ltr'>οὕτω</span> <span class='ocrx_word' id='word_1_207' title='bbox 956 2539 1034 2612; x_wconf 84' lang='grc' dir='ltr'><strong>τῷ</strong></span> <span class='ocrx_word' id='word_1_208' title='bbox 1088 2542 1345 2614; x_wconf 82' lang='grc' dir='ltr'>μακαρίῳ</span> <span class='ocrx_word' id='word_1_209' title='bbox 1397 2542 1614 2613; x_wconf 83' lang='grc' dir='ltr'>Ἰσραὴλ</span> <span class='ocrx_word' id='word_1_210' title='bbox 1657 2544 1717 2595; x_wconf 82' lang='grc' dir='ltr'>ὲν</span> <span class='ocrx_word' id='word_1_211' title='bbox 1756 2542 1833 2613; x_wconf 82' lang='grc' dir='ltr'>τῷ</span> <span class='ocrx_word' id='word_1_212' title='bbox 1867 2542 1982 2613; x_wconf 74' lang='grc' dir='ltr'>ὄρει</span> 
     </span>
    </p>
   </div>
   <div class='ocr_carea' id='block_1_31' title="bbox 407 2632 1984 2707">
    <p class='ocr_par' dir='ltr' id='par_1_31' title="bbox 407 2632 1984 2707">
     <span class='ocr_line' id='line_1_31' title="bbox 407 2632 1984 2707; baseline 0.003 -24"><span class='ocrx_word' id='word_1_213' title='bbox 407 2632 625 2702; x_wconf 78' lang='grc' dir='ltr'>Χωρὴμ</span> <span class='ocrx_word' id='word_1_214' title='bbox 649 2634 768 2704; x_wconf 80' lang='grc' dir='ltr'>ήτοι</span> <span class='ocrx_word' id='word_1_215' title='bbox 795 2635 927 2688; x_wconf 80' lang='grc' dir='ltr'>Σινᾶ</span> <span class='ocrx_word' id='word_1_216' title='bbox 947 2637 1013 2705; x_wconf 81' lang='grc' dir='ltr'>τῇ</span> <span class='ocrx_word' id='word_1_217' title='bbox 1038 2635 1224 2707; x_wconf 79' lang='grc' dir='ltr'>ἡμέρᾳ</span> <span class='ocrx_word' id='word_1_218' title='bbox 1238 2636 1338 2707; x_wconf 83' lang='grc' dir='ltr'>τῆς</span> <span class='ocrx_word' id='word_1_219' title='bbox 1360 2636 1679 2706; x_wconf 74' lang='grc' dir='ltr'>ἐκκλησίας.</span> <span class='ocrx_word' id='word_1_220' title='bbox 1710 2634 1866 2689; x_wconf 83' lang='grc' dir='ltr'>Οῦτω</span> <span class='ocrx_word' id='word_1_221' title='bbox 1889 2637 1984 2690; x_wconf 83' lang='grc' dir='ltr'>καὶ</span> 
     </span>
    </p>
   </div>
   <div class='ocr_carea' id='block_1_32' title="bbox 408 2725 1983 2800">
    <p class='ocr_par' dir='ltr' id='par_1_32' title="bbox 408 2725 1983 2800">
     <span class='ocr_line' id='line_1_32' title="bbox 408 2725 1983 2800; baseline 0.017 -41"><span class='ocrx_word' id='word_1_222' title='bbox 408 2726 559 2796; x_wconf 62' lang='grc' dir='ltr'>αὐτῷ</span> <span class='ocrx_word' id='word_1_223' title='bbox 580 2725 659 2797; x_wconf 74' lang='grc' dir='ltr'><strong>τῷ</strong></span> <span class='ocrx_word' id='word_1_224' title='bbox 681 2727 936 2799; x_wconf 81' lang='grc' dir='ltr'>μακαρίῳ</span> <span class='ocrx_word' id='word_1_225' title='bbox 966 2729 1138 2800; x_wconf 80' lang='grc' dir='ltr'>Μωσῇ</span> <span class='ocrx_word' id='word_1_226' title='bbox 1163 2729 1511 2799; x_wconf 87' lang='grc' dir='ltr'>ποιμαίνοντι</span> <span class='ocrx_word' id='word_1_227' title='bbox 1549 2728 1693 2782; x_wconf 83' lang='grc' dir='ltr'>κατὰ</span> <span class='ocrx_word' id='word_1_228' title='bbox 1729 2729 1828 2800; x_wconf 78' lang='grc' dir='ltr'>τὴν</span> <span class='ocrx_word' id='word_1_229' title='bbox 1853 2728 1983 2799; x_wconf 80' lang='grc' dir='ltr'>ἔρη-</span> 
     </span>
    </p>
   </div>
   <div class='ocr_carea' id='block_1_33' title="bbox 410 2818 1985 2893">
    <p class='ocr_par' dir='ltr' id='par_1_33' title="bbox 410 2818 1985 2893">
     <span class='ocr_line' id='line_1_33' title="bbox 410 2818 1985 2893; baseline 0.003 -23"><span class='ocrx_word' id='word_1_230' title='bbox 410 2835 533 2888; x_wconf 87' lang='grc' dir='ltr'>μον,</span> <span class='ocrx_word' id='word_1_231' title='bbox 568 2820 625 2871; x_wconf 77' lang='grc' dir='ltr'>ἐν</span> <span class='ocrx_word' id='word_1_232' title='bbox 653 2818 781 2872; x_wconf 75' lang='grc' dir='ltr'>εἴδει</span> <span class='ocrx_word' id='word_1_233' title='bbox 804 2820 976 2890; x_wconf 85' lang='grc' dir='ltr'>πυρὸς</span> <span class='ocrx_word' id='word_1_234' title='bbox 1000 2821 1059 2874; x_wconf 82' lang='grc' dir='ltr'>ὲν</span> <span class='ocrx_word' id='word_1_235' title='bbox 1084 2820 1161 2892; x_wconf 84' lang='grc' dir='ltr'>τῷ</span> <span class='ocrx_word' id='word_1_236' title='bbox 1195 2820 1342 2893; x_wconf 84' lang='grc' dir='ltr'>βάτῳ</span> <span class='ocrx_word' id='word_1_237' title='bbox 1369 2821 1512 2875; x_wconf 87' lang='grc' dir='ltr'>κατὰ</span> <span class='ocrx_word' id='word_1_238' title='bbox 1544 2822 1793 2893; x_wconf 74' lang='grc' dir='ltr'>καιροὺς,</span> <span class='ocrx_word' id='word_1_239' title='bbox 1828 2821 1985 2892; x_wconf 79' lang='grc' dir='ltr'>ὤφθη</span> 
     </span>
    </p>
   </div>
   <div class='ocr_carea' id='block_1_34' title="bbox 405 2911 1988 2985">
    <p class='ocr_par' dir='ltr' id='par_1_34' title="bbox 405 2911 1988 2985">
     <span class='ocr_line' id='line_1_34' title="bbox 405 2911 1988 2985; baseline 0.001 -20"><span class='ocrx_word' id='word_1_240' title='bbox 405 2930 468 2965; x_wconf 89' lang='grc' dir='ltr'><strong>τε</strong></span> <span class='ocrx_word' id='word_1_241' title='bbox 499 2913 593 2967; x_wconf 79' lang='grc' dir='ltr'>καὶ</span> <span class='ocrx_word' id='word_1_242' title='bbox 624 2913 966 2984; x_wconf 83' lang='grc' dir='ltr'>προσελάλει.</span> <span class='ocrx_word' id='word_1_243' title='bbox 995 2915 1206 2985; x_wconf 84' lang='grc' dir='ltr'>Ὥσπερ</span> <span class='ocrx_word' id='word_1_244' title='bbox 1246 2911 1340 2967; x_wconf 77' lang='grc' dir='ltr'>οὖν</span> <span class='ocrx_word' id='word_1_245' title='bbox 1378 2916 1406 2967; x_wconf 90' lang='grc' dir='ltr'><strong>ὁ</strong></span> <span class='ocrx_word' id='word_1_246' title='bbox 1446 2914 1650 2984; x_wconf 74' lang='grc' dir='ltr'>ἄνθραξ</span> <span class='ocrx_word' id='word_1_247' title='bbox 1683 2912 1838 2977; x_wconf 81' lang='grc' dir='ltr'>ξύλον</span> <span class='ocrx_word' id='word_1_248' title='bbox 1867 2913 1988 2966; x_wconf 76' lang='grc' dir='ltr'>ἐστὶ</span> 
     </span>
    </p>
   </div>
   <div class='ocr_carea' id='block_1_35' title="bbox 406 3004 1985 3076">
    <p class='ocr_par' dir='ltr' id='par_1_35' title="bbox 406 3004 1985 3076">
     <span class='ocr_line' id='line_1_35' title="bbox 406 3004 1985 3076; baseline 0.001 -20"><span class='ocrx_word' id='word_1_249' title='bbox 406 3008 477 3075; x_wconf 82' lang='grc' dir='ltr'>τῇ</span> <span class='ocrx_word' id='word_1_250' title='bbox 510 3004 689 3074; x_wconf 86' lang='grc' dir='ltr'>φύσει,</span> <span class='ocrx_word' id='word_1_251' title='bbox 718 3005 858 3074; x_wconf 85' lang='grc' dir='ltr'>πλὴν</span> <span class='ocrx_word' id='word_1_252' title='bbox 888 3006 1008 3069; x_wconf 83' lang='grc' dir='ltr'>ὅλος</span> <span class='ocrx_word' id='word_1_253' title='bbox 1029 3006 1096 3059; x_wconf 85' lang='grc' dir='ltr'><strong>δι’</strong></span> <span class='ocrx_word' id='word_1_254' title='bbox 1126 3006 1249 3060; x_wconf 85' lang='grc' dir='ltr'>ὅλου</span> <span class='ocrx_word' id='word_1_255' title='bbox 1284 3004 1631 3076; x_wconf 81' lang='grc' dir='ltr'>μεμέστωται</span> <span class='ocrx_word' id='word_1_256' title='bbox 1666 3005 1760 3059; x_wconf 90' lang='grc' dir='ltr'><strong>τοῦ</strong></span> <span class='ocrx_word' id='word_1_257' title='bbox 1789 3004 1985 3076; x_wconf 82' lang='grc' dir='ltr'>πυρὸς,</span> 
     </span>
    </p>
   </div>
   <div class='ocr_carea' id='block_1_36' title="bbox 410 3096 1986 3169">
    <p class='ocr_par' dir='ltr' id='par_1_36' title="bbox 410 3096 1986 3169">
     <span class='ocr_line' id='line_1_36' title="bbox 410 3096 1986 3169; baseline 0.002 -20"><span class='ocrx_word' id='word_1_258' title='bbox 410 3097 508 3149; x_wconf 74' lang='grc' dir='ltr'>καὶ</span> <span class='ocrx_word' id='word_1_259' title='bbox 530 3096 629 3168; x_wconf 83' lang='grc' dir='ltr'>τὴν</span> <span class='ocrx_word' id='word_1_260' title='bbox 652 3097 815 3152; x_wconf 79' lang='grc' dir='ltr'>αὑτοῦ</span> <span class='ocrx_word' id='word_1_261' title='bbox 846 3097 1075 3169; x_wconf 86' lang='grc' dir='ltr'>δύναμίν</span> <span class='ocrx_word' id='word_1_262' title='bbox 1113 3116 1173 3152; x_wconf 83' lang='grc' dir='ltr'><strong>τε</strong></span> <span class='ocrx_word' id='word_1_263' title='bbox 1215 3099 1311 3153; x_wconf 73' lang='grc' dir='ltr'>καὶ</span> <span class='ocrx_word' id='word_1_264' title='bbox 1350 3098 1633 3169; x_wconf 79' lang='grc' dir='ltr'>ἐνέργειαν</span> <span class='ocrx_word' id='word_1_265' title='bbox 1664 3098 1806 3169; x_wconf 79' lang='grc' dir='ltr'>ἔχει·</span> <span class='ocrx_word' id='word_1_266' title='bbox 1843 3098 1986 3152; x_wconf 84' lang='grc' dir='ltr'>κατὰ</span> 
     </span>
    </p>
   </div>
   <div class='ocr_carea' id='block_1_37' title="bbox 408 3184 2057 3267">
    <p class='ocr_par' dir='ltr' id='par_1_37' title="bbox 408 3184 2057 3267">
     <span class='ocr_line' id='line_1_37' title="bbox 408 3184 2057 3267; baseline 0.001 -28"><span class='ocrx_word' id='word_1_267' title='bbox 408 3186 620 3250; x_wconf 86' lang='grc' dir='ltr'>τοῦτον.</span> <span class='ocrx_word' id='word_1_268' title='bbox 644 3184 831 3259; x_wconf 71' lang='grc' dir='ltr'>οἶμαι,</span> <span class='ocrx_word' id='word_1_269' title='bbox 866 3188 1066 3267; x_wconf 81' lang='grc' dir='ltr'>τρόπρν</span> <span class='ocrx_word' id='word_1_270' title='bbox 1100 3188 1257 3241; x_wconf 87' lang='grc' dir='ltr'>νοοῖτ’</span> <span class='ocrx_word' id='word_1_271' title='bbox 1286 3188 1352 3243; x_wconf 84' lang='grc' dir='ltr'>ἂν</span> <span class='ocrx_word' id='word_1_272' title='bbox 1381 3187 1606 3252; x_wconf 83' lang='grc' dir='ltr'>εἰκότως</span> <span class='ocrx_word' id='word_1_273' title='bbox 1644 3189 1739 3241; x_wconf 76' lang='grc' dir='ltr'>καὶ</span> <span class='ocrx_word' id='word_1_274' title='bbox 1768 3187 1931 3250; x_wconf 84' lang='grc' dir='ltr'>αὐτὸς</span> <span class='ocrx_word' id='word_1_275' title='bbox 1953 3189 1983 3240; x_wconf 92' lang='grc' dir='ltr'><strong>ὁ</strong></span> <span class='ocrx_word' id='word_1_276' title='bbox 2015 3205 2057 3261; x_wconf 72' lang='grc' dir='ltr'><strong>ρ</strong></span> 
     </span>
    </p>
   </div>
   <div class='ocr_carea' id='block_1_38' title="bbox 410 3278 1987 3351">
    <p class='ocr_par' dir='ltr' id='par_1_38' title="bbox 410 3278 1987 3351">
     <span class='ocr_line' id='line_1_38' title="bbox 410 3278 1987 3351; baseline 0 -20"><span class='ocrx_word' id='word_1_277' title='bbox 410 3278 616 3349; x_wconf 82' lang='grc' dir='ltr'>Κύριος</span> <span class='ocrx_word' id='word_1_278' title='bbox 643 3279 801 3350; x_wconf 86' lang='grc' dir='ltr'>ήμῶν</span> <span class='ocrx_word' id='word_1_279' title='bbox 835 3279 1041 3351; x_wconf 88' lang='grc' dir='ltr'>Ἰησοῦς</span> <span class='ocrx_word' id='word_1_280' title='bbox 1069 3280 1351 3351; x_wconf 87' lang='grc' dir='ltr'>όΧριστός</span> <span class='ocrx_word' id='word_1_281' title='bbox 1373 3297 1386 3311; x_wconf 89' lang='grc'><strong>·</strong></span> <span class='ocrx_word' id='word_1_282' title='bbox 1423 3296 1444 3332; x_wconf 70' lang='grc' dir='ltr'><strong>ι</strong></span> <span class='ocrx_word' id='word_1_283' title='bbox 1474 3280 1675 3347; x_wconf 87' lang='grc' dir='ltr'>Γέγονε</span> <span class='ocrx_word' id='word_1_284' title='bbox 1703 3278 1813 3350; x_wconf 85' lang='grc' dir='ltr'><strong>γὰρ</strong></span> <span class='ocrx_word' id='word_1_285' title='bbox 1847 3278 1987 3350; x_wconf 79' lang='grc' dir='ltr'>σὰρξ</span> 
     </span>
    </p>
   </div>
   <div class='ocr_carea' id='block_1_39' title="bbox 410 3365 1990 3442">
    <p class='ocr_par' dir='ltr' id='par_1_39' title="bbox 410 3365 1990 3442">
     <span class='ocr_line' id='line_1_39' title="bbox 410 3365 1990 3442; baseline 0.001 -20"><span class='ocrx_word' id='word_1_286' title='bbox 410 3370 439 3421; x_wconf 89' lang='grc' dir='ltr'><strong>ὁ</strong></span> <span class='ocrx_word' id='word_1_287' title='bbox 480 3369 676 3439; x_wconf 83' lang='grc' dir='ltr'>Λόγος,</span> <span class='ocrx_word' id='word_1_288' title='bbox 708 3370 805 3423; x_wconf 78' lang='grc' dir='ltr'><strong>καὶ</strong></span> <span class='ocrx_word' id='word_1_289' title='bbox 842 3371 1151 3441; x_wconf 74' lang='grc' dir='ltr'>ἐσκήνωσεν</span> <span class='ocrx_word' id='word_1_290' title='bbox 1182 3373 1238 3425; x_wconf 82' lang='grc' dir='ltr'>ὲν</span> <span class='ocrx_word' id='word_1_291' title='bbox 1264 3372 1418 3442; x_wconf 80' lang='grc' dir='ltr'>ἡμῖν.</span> <span class='ocrx_word' id='word_1_292' title='bbox 1461 3390 1481 3423; x_wconf 71' lang='grc' dir='ltr'><strong>ι</strong></span> <span class='ocrx_word' id='word_1_293' title='bbox 1529 3370 1667 3423; x_wconf 86' lang='grc' dir='ltr'>Ἀλλ’</span> <span class='ocrx_word' id='word_1_294' title='bbox 1705 3372 1752 3424; x_wconf 85' lang='grc' dir='ltr'><strong>εί</strong></span> <span class='ocrx_word' id='word_1_295' title='bbox 1782 3370 1875 3423; x_wconf 80' lang='grc' dir='ltr'>καὶ</span> <span class='ocrx_word' id='word_1_296' title='bbox 1919 3365 1990 3442; x_wconf 78' lang='grc' dir='ltr'>ἦν</span> 
     </span>
    </p>
   </div>
   <div class='ocr_carea' id='block_1_40' title="bbox 412 3460 1989 3534">
    <p class='ocr_par' dir='ltr' id='par_1_40' title="bbox 412 3460 1989 3534">
     <span class='ocr_line' id='line_1_40' title="bbox 412 3460 1989 3534; baseline 0.001 -21"><span class='ocrx_word' id='word_1_297' title='bbox 412 3460 541 3513; x_wconf 82' lang='grc' dir='ltr'>καθ’</span> <span class='ocrx_word' id='word_1_298' title='bbox 578 3462 726 3532; x_wconf 83' lang='grc' dir='ltr'>ήμᾶς</span> <span class='ocrx_word' id='word_1_299' title='bbox 767 3460 1045 3534; x_wconf 85' lang='grc' dir='ltr'>ὁρώμενος</span> <span class='ocrx_word' id='word_1_300' title='bbox 1088 3461 1374 3534; x_wconf 80' lang='grc' dir='ltr'>ἄνθρωπος</span> <span class='ocrx_word' id='word_1_301' title='bbox 1421 3460 1819 3533; x_wconf 82' lang='grc' dir='ltr'>οἰκονομικῶς,</span> <span class='ocrx_word' id='word_1_302' title='bbox 1876 3461 1989 3515; x_wconf 81' lang='grc' dir='ltr'>ἀλλ’</span> 
     </span>
    </p>
   </div>
   <div class='ocr_carea' id='block_1_41' title="bbox 410 3548 1991 3625">
    <p class='ocr_par' dir='ltr' id='par_1_41' title="bbox 410 3548 1991 3625">
     <span class='ocr_line' id='line_1_41' title="bbox 410 3548 1991 3625; baseline 0.001 -20"><span class='ocrx_word' id='word_1_303' title='bbox 410 3548 509 3605; x_wconf 78' lang='grc' dir='ltr'><strong>οὖν</strong></span> <span class='ocrx_word' id='word_1_304' title='bbox 552 3553 697 3607; x_wconf 82' lang='grc' dir='ltr'>ἅπαν</span> <span class='ocrx_word' id='word_1_305' title='bbox 724 3552 787 3606; x_wconf 87' lang='lat' dir='ltr'><strong>rb</strong></span> <span class='ocrx_word' id='word_1_306' title='bbox 821 3554 920 3622; x_wconf 84' lang='grc' dir='ltr'>τῆς</span> <span class='ocrx_word' id='word_1_307' title='bbox 967 3553 1218 3624; x_wconf 85' lang='grc' dir='ltr'>θεότητος</span> <span class='ocrx_word' id='word_1_308' title='bbox 1251 3553 1526 3625; x_wconf 88' lang='grc' dir='ltr'>πλήρωμα</span> <span class='ocrx_word' id='word_1_309' title='bbox 1571 3553 1894 3624; x_wconf 78' lang='grc' dir='ltr'>κατῴκησεν</span> <span class='ocrx_word' id='word_1_310' title='bbox 1932 3554 1991 3606; x_wconf 81' lang='grc' dir='ltr'>ὲν</span> 
     </span>
    </p>
   </div>
   <div class='ocr_carea' id='block_1_42' title="bbox 412 3644 1988 3717">
    <p class='ocr_par' dir='ltr' id='par_1_42' title="bbox 412 3644 1988 3717">
     <span class='ocr_line' id='line_1_42' title="bbox 412 3644 1988 3717; baseline 0 -18"><span class='ocrx_word' id='word_1_311' title='bbox 412 3644 601 3715; x_wconf 77' lang='grc' dir='ltr'>αὐτῷ,</span> <span class='ocrx_word' id='word_1_312' title='bbox 653 3647 795 3700; x_wconf 88' lang='grc' dir='ltr'>κατά</span> <span class='ocrx_word' id='word_1_313' title='bbox 840 3647 905 3714; x_wconf 90' lang='grc' dir='ltr'><strong>γέ</strong></span> <span class='ocrx_word' id='word_1_314' title='bbox 963 3663 1105 3716; x_wconf 89' lang='grc' dir='ltr'>φημι</span> <span class='ocrx_word' id='word_1_315' title='bbox 1157 3646 1246 3698; x_wconf 80' lang='grc' dir='ltr'>τὸν</span> <span class='ocrx_word' id='word_1_316' title='bbox 1304 3647 1402 3715; x_wconf 86' lang='grc' dir='ltr'>τῆς</span> <span class='ocrx_word' id='word_1_317' title='bbox 1466 3645 1714 3710; x_wconf 81' lang='grc' dir='ltr'>ὲνὼσεως</span> <span class='ocrx_word' id='word_1_318' title='bbox 1765 3646 1988 3717; x_wconf 88' lang='grc' dir='ltr'>τρόπον.</span> 
     </span>
    </p>
   </div>
   <div class='ocr_carea' id='block_1_43' title="bbox 414 3737 1993 3809">
    <p class='ocr_par' dir='ltr' id='par_1_43' title="bbox 414 3737 1993 3809">
     <span class='ocr_line' id='line_1_43' title="bbox 414 3737 1993 3809; baseline -0.001 -18"><span class='ocrx_word' id='word_1_319' title='bbox 414 3737 688 3809; x_wconf 84' lang='grc' dir='ltr'>Ταύτῃτοι</span> <span class='ocrx_word' id='word_1_320' title='bbox 723 3738 819 3791; x_wconf 77' lang='grc' dir='ltr'>καὶ</span> <span class='ocrx_word' id='word_1_321' title='bbox 849 3737 938 3791; x_wconf 84' lang='grc' dir='ltr'><strong>διὰ</strong></span> <span class='ocrx_word' id='word_1_322' title='bbox 973 3737 1074 3807; x_wconf 84' lang='grc' dir='ltr'>τῆς</span> <span class='ocrx_word' id='word_1_323' title='bbox 1104 3737 1237 3801; x_wconf 84' lang='grc' dir='ltr'>ἰδίας</span> <span class='ocrx_word' id='word_1_324' title='bbox 1264 3738 1464 3808; x_wconf 81' lang='grc' dir='ltr'>σαρκὸς</span> <span class='ocrx_word' id='word_1_325' title='bbox 1515 3737 1993 3809; x_wconf 85' lang='grc' dir='ltr'>θεοπρεπεστάτας</span> 
     </span>
    </p>
   </div>
   <div class='ocr_carea' id='block_1_44' title="bbox 412 3826 1990 3902">
    <p class='ocr_par' dir='ltr' id='par_1_44' title="bbox 412 3826 1990 3902">
     <span class='ocr_line' id='line_1_44' title="bbox 412 3826 1990 3902; baseline -0.002 -19"><span class='ocrx_word' id='word_1_326' title='bbox 412 3830 557 3901; x_wconf 83' lang='grc' dir='ltr'>ἔχων</span> <span class='ocrx_word' id='word_1_327' title='bbox 579 3832 771 3902; x_wconf 77' lang='grc' dir='ltr'>ὁρᾶται</span> <span class='ocrx_word' id='word_1_328' title='bbox 798 3830 897 3892; x_wconf 90' lang='grc' dir='ltr'>τὰς</span> <span class='ocrx_word' id='word_1_329' title='bbox 925 3831 1226 3899; x_wconf 78' lang='grc' dir='ltr'>ἐνεργείας.</span> <span class='ocrx_word' id='word_1_330' title='bbox 1252 3829 1470 3899; x_wconf 78' lang='grc' dir='ltr'>Ἥψατο</span> <span class='ocrx_word' id='word_1_331' title='bbox 1494 3827 1625 3898; x_wconf 91' lang='grc' dir='ltr'>γοῦν</span> <span class='ocrx_word' id='word_1_332' title='bbox 1668 3829 1766 3899; x_wconf 78' lang='grc' dir='ltr'>τῆς</span> <span class='ocrx_word' id='word_1_333' title='bbox 1807 3826 1990 3901; x_wconf 91' lang='grc' dir='ltr'>σοροῦ,</span> 
     </span>
    </p>
   </div>
   <div class='ocr_carea' id='block_1_45' title="bbox 414 3920 1993 3995">
    <p class='ocr_par' dir='ltr' id='par_1_45' title="bbox 414 3920 1993 3995">
     <span class='ocr_line' id='line_1_45' title="bbox 414 3920 1993 3995; baseline -0.003 -18"><span class='ocrx_word' id='word_1_334' title='bbox 414 3925 515 3977; x_wconf 74' lang='grc' dir='ltr'>καὶ</span> <span class='ocrx_word' id='word_1_335' title='bbox 544 3925 809 3995; x_wconf 85' lang='grc' dir='ltr'>ἀνέστησε</span> <span class='ocrx_word' id='word_1_336' title='bbox 851 3923 942 3976; x_wconf 77' lang='grc' dir='ltr'>τὸν</span> <span class='ocrx_word' id='word_1_337' title='bbox 962 3922 1232 3976; x_wconf 88' lang='grc' dir='ltr'>τεθνεῶτα</span> <span class='ocrx_word' id='word_1_338' title='bbox 1259 3923 1358 3993; x_wconf 86' lang='grc' dir='ltr'>τῆς</span> <span class='ocrx_word' id='word_1_339' title='bbox 1381 3923 1557 3992; x_wconf 85' lang='grc' dir='ltr'>χήρας</span> <span class='ocrx_word' id='word_1_340' title='bbox 1582 3921 1718 3975; x_wconf 83' lang='grc' dir='ltr'>υἱόν.</span> <span class='ocrx_word' id='word_1_341' title='bbox 1744 3921 1853 3974; x_wconf 75' lang='grc' dir='ltr'><strong>Καὶ</strong></span> <span class='ocrx_word' id='word_1_342' title='bbox 1886 3920 1993 3991; x_wconf 80' lang='grc' dir='ltr'>μὴν</span> 
     </span>
    </p>
   </div>
   <div class='ocr_carea' id='block_1_46' title="bbox 412 4013 1992 4085">
    <p class='ocr_par' dir='ltr' id='par_1_46' title="bbox 412 4013 1992 4085">
     <span class='ocr_line' id='line_1_46' title="bbox 412 4013 1992 4085; baseline -0.003 -15"><span class='ocrx_word' id='word_1_343' title='bbox 412 4018 514 4071; x_wconf 72' lang='grc' dir='ltr'>καὶ</span> <span class='ocrx_word' id='word_1_344' title='bbox 539 4015 746 4079; x_wconf 85' lang='grc' dir='ltr'>πτύσας</span> <span class='ocrx_word' id='word_1_345' title='bbox 778 4014 1004 4068; x_wconf 77' lang='grc' dir='ltr'>ἐνετίθει</span> <span class='ocrx_word' id='word_1_346' title='bbox 1024 4015 1244 4084; x_wconf 83' lang='grc' dir='ltr'>τυφλοῖς</span> <span class='ocrx_word' id='word_1_347' title='bbox 1271 4014 1333 4070; x_wconf 89' lang='lat' dir='ltr'><strong>rb</strong></span> <span class='ocrx_word' id='word_1_348' title='bbox 1358 4014 1598 4084; x_wconf 81' lang='grc' dir='ltr'>βλέπειν,</span> <span class='ocrx_word' id='word_1_349' title='bbox 1633 4013 1793 4085; x_wconf 82' lang='grc' dir='ltr'>πηλῷ</span> <span class='ocrx_word' id='word_1_350' title='bbox 1821 4031 1992 4068; x_wconf 90' lang='grc' dir='ltr'>κατα-</span> 
     </span>
    </p>
   </div>
   <div class='ocr_carea' id='block_1_47' title="bbox 414 4100 1995 4180">
    <p class='ocr_par' dir='ltr' id='par_1_47' title="bbox 414 4100 1995 4180">
     <span class='ocr_line' id='line_1_47' title="bbox 414 4100 1995 4180; baseline -0.001 -19"><span class='ocrx_word' id='word_1_351' title='bbox 414 4107 590 4180; x_wconf 85' lang='grc' dir='ltr'>χρίων</span> <span class='ocrx_word' id='word_1_352' title='bbox 634 4107 760 4171; x_wconf 80' lang='grc' dir='ltr'>τοὺς</span> <span class='ocrx_word' id='word_1_353' title='bbox 808 4106 1141 4177; x_wconf 85' lang='grc' dir='ltr'>ὀφθαλμούς.</span> <span class='ocrx_word' id='word_1_354' title='bbox 1189 4105 1456 4177; x_wconf 84' lang='grc' dir='ltr'>Ἀνθρακι</span> <span class='ocrx_word' id='word_1_355' title='bbox 1501 4105 1566 4177; x_wconf 81' lang='grc' dir='ltr'>δὴ</span> <span class='ocrx_word' id='word_1_356' title='bbox 1614 4101 1706 4159; x_wconf 83' lang='grc' dir='ltr'><strong>οῦν</strong></span> <span class='ocrx_word' id='word_1_357' title='bbox 1740 4100 1799 4159; x_wconf 83' lang='grc' dir='ltr'>εὖ</span> <span class='ocrx_word' id='word_1_358' title='bbox 1850 4106 1995 4177; x_wconf 87' lang='grc' dir='ltr'>μάλα</span> 
     </span>
    </p>
   </div>
   <div class='ocr_carea' id='block_1_48' title="bbox 414 4197 1997 4271">
    <p class='ocr_par' dir='ltr' id='par_1_48' title="bbox 414 4197 1997 4271">
     <span class='ocr_line' id='line_1_48' title="bbox 414 4197 1997 4271; baseline -0.002 -18"><span class='ocrx_word' id='word_1_359' title='bbox 414 4200 821 4271; x_wconf 87' lang='grc' dir='ltr'>παρεικαστέον</span> <span class='ocrx_word' id='word_1_360' title='bbox 850 4198 941 4252; x_wconf 83' lang='grc' dir='ltr'>τὸν</span> <span class='ocrx_word' id='word_1_361' title='bbox 957 4197 1324 4269; x_wconf 77' lang='grc' dir='ltr'>Ἐμμανουήλ,</span> <span class='ocrx_word' id='word_1_362' title='bbox 1347 4197 1405 4261; x_wconf 90' lang='grc' dir='ltr'><strong>ὅς</strong></span> <span class='ocrx_word' id='word_1_363' title='bbox 1432 4198 1482 4250; x_wconf 82' lang='grc' dir='ltr'><strong>εί</strong></span> <span class='ocrx_word' id='word_1_364' title='bbox 1513 4198 1609 4251; x_wconf 82' lang='grc' dir='ltr'>καὶ</span> <span class='ocrx_word' id='word_1_365' title='bbox 1636 4197 1849 4266; x_wconf 89' lang='grc' dir='ltr'>γένοιτό</span> <span class='ocrx_word' id='word_1_366' title='bbox 1880 4214 1997 4259; x_wconf 91' lang='grc' dir='ltr'><strong>πως</strong></span> 
     </span>
    </p>
   </div>
   <div class='ocr_carea' id='block_1_49' title="bbox 414 4290 1998 4364">
    <p class='ocr_par' dir='ltr' id='par_1_49' title="bbox 414 4290 1998 4364">
     <span class='ocr_line' id='line_1_49' title="bbox 414 4290 1998 4364; baseline -0.003 -17"><span class='ocrx_word' id='word_1_367' title='bbox 414 4295 474 4347; x_wconf 79' lang='grc' dir='ltr'>ὲν</span> <span class='ocrx_word' id='word_1_368' title='bbox 507 4294 626 4355; x_wconf 85' lang='grc' dir='ltr'>τοῖς</span> <span class='ocrx_word' id='word_1_369' title='bbox 660 4293 947 4364; x_wconf 79' lang='grc' dir='ltr'>ἡμετέροις</span> <span class='ocrx_word' id='word_1_370' title='bbox 995 4291 1249 4361; x_wconf 84' lang='grc' dir='ltr'>χείλεσιν,</span> <span class='ocrx_word' id='word_1_371' title='bbox 1305 4290 1481 4361; x_wconf 78' lang='grc' dir='ltr'>πάντη</span> <span class='ocrx_word' id='word_1_372' title='bbox 1517 4307 1576 4343; x_wconf 84' lang='grc' dir='ltr'><strong>τε</strong></span> <span class='ocrx_word' id='word_1_373' title='bbox 1632 4290 1727 4344; x_wconf 77' lang='grc' dir='ltr'>καὶ</span> <span class='ocrx_word' id='word_1_374' title='bbox 1779 4290 1998 4353; x_wconf 88' lang='grc' dir='ltr'>πάντως</span> 
     </span>
    </p>
   </div>
   <div class='ocr_carea' id='block_1_50' title="bbox 415 4383 1997 4459">
    <p class='ocr_par' dir='ltr' id='par_1_50' title="bbox 415 4383 1997 4459">
     <span class='ocr_line' id='line_1_50' title="bbox 415 4383 1997 4459; baseline -0.006 -16"><span class='ocrx_word' id='word_1_375' title='bbox 415 4390 648 4459; x_wconf 79' lang='grc' dir='ltr'>ἀφαιρεῖ</span> <span class='ocrx_word' id='word_1_376' title='bbox 690 4387 788 4449; x_wconf 80' lang='grc' dir='ltr'>τὰς</span> <span class='ocrx_word' id='word_1_377' title='bbox 829 4386 1124 4456; x_wconf 83' lang='grc' dir='ltr'>ἁμαρτίας,</span> <span class='ocrx_word' id='word_1_378' title='bbox 1177 4385 1273 4438; x_wconf 70' lang='grc' dir='ltr'>καὶ</span> <span class='ocrx_word' id='word_1_379' title='bbox 1324 4383 1710 4456; x_wconf 87' lang='grc' dir='ltr'>περικαθαριεῖ</span> <span class='ocrx_word' id='word_1_380' title='bbox 1740 4383 1839 4447; x_wconf 83' lang='grc' dir='ltr'><strong>τὰς</strong></span> <span class='ocrx_word' id='word_1_381' title='bbox 1873 4384 1997 4436; x_wconf 87' lang='grc' dir='ltr'><strong>ἀνο-</strong></span> 
     </span>
    </p>
   </div>
   <div class='ocr_carea' id='block_1_51' title="bbox 418 4472 1992 4550">
    <p class='ocr_par' dir='ltr' id='par_1_51' title="bbox 418 4472 1992 4550">
     <span class='ocr_line' id='line_1_51' title="bbox 418 4472 1992 4550; baseline -0.003 -19"><span class='ocrx_word' id='word_1_382' title='bbox 418 4482 569 4550; x_wconf 90' lang='grc' dir='ltr'>μίας.</span> <span class='ocrx_word' id='word_1_383' title='bbox 617 4472 751 4531; x_wconf 82' lang='grc' dir='ltr'>Εἶτα</span> <span class='ocrx_word' id='word_1_384' title='bbox 793 4476 909 4540; x_wconf 83' lang='grc' dir='ltr'><strong>πῶς</strong></span> <span class='ocrx_word' id='word_1_385' title='bbox 953 4479 1009 4529; x_wconf 85' lang='grc' dir='ltr'>ὲν</span> <span class='ocrx_word' id='word_1_386' title='bbox 1036 4479 1149 4539; x_wconf 89' lang='grc' dir='ltr'>τοῖς</span> <span class='ocrx_word' id='word_1_387' title='bbox 1189 4476 1479 4547; x_wconf 77' lang='grc' dir='ltr'>ἡμετέροις</span> <span class='ocrx_word' id='word_1_388' title='bbox 1520 4474 1757 4545; x_wconf 79' lang='grc' dir='ltr'>χείλεσιν</span> <span class='ocrx_word' id='word_1_389' title='bbox 1808 4474 1992 4539; x_wconf 80' lang='grc' dir='ltr'>ἐσται;</span> 
     </span>
    </p>
   </div>
   <div class='ocr_carea' id='block_1_52' title="bbox 419 4564 1996 4639">
    <p class='ocr_par' dir='ltr' id='par_1_52' title="bbox 419 4564 1996 4639">
     <span class='ocr_line' id='line_1_52' title="bbox 419 4564 1996 4639; baseline -0.005 -14"><span class='ocrx_word' id='word_1_390' title='bbox 419 4573 592 4625; x_wconf 84' lang='grc' dir='ltr'>Ὅταν</span> <span class='ocrx_word' id='word_1_391' title='bbox 630 4570 737 4639; x_wconf 83' lang='grc' dir='ltr'>τὴν</span> <span class='ocrx_word' id='word_1_392' title='bbox 777 4569 958 4622; x_wconf 86' lang='grc' dir='ltr'>πίστιν</span> <span class='ocrx_word' id='word_1_393' title='bbox 989 4568 1340 4639; x_wconf 85' lang='grc' dir='ltr'>ὁμολογῶμεν</span> <span class='ocrx_word' id='word_1_394' title='bbox 1366 4566 1466 4637; x_wconf 84' lang='grc' dir='ltr'>τὴν</span> <span class='ocrx_word' id='word_1_395' title='bbox 1504 4568 1584 4627; x_wconf 83' lang='grc' dir='ltr'>εἰς</span> <span class='ocrx_word' id='word_1_396' title='bbox 1612 4566 1795 4619; x_wconf 80' lang='grc' dir='ltr'>αὐτόν.</span> <span class='ocrx_word' id='word_1_397' title='bbox 1838 4564 1996 4617; x_wconf 77' lang='grc' dir='ltr'>Οὕτω</span> 
     </span>
    </p>
   </div>
   <div class='ocr_carea' id='block_1_53' title="bbox 416 4654 1998 4727">
    <p class='ocr_par' dir='ltr' id='par_1_53' title="bbox 416 4654 1998 4727">
     <span class='ocr_line' id='line_1_53' title="bbox 416 4654 1998 4727; baseline -0.003 -17"><span class='ocrx_word' id='word_1_398' title='bbox 416 4660 514 4712; x_wconf 77' lang='grc' dir='ltr'>καὶ</span> <span class='ocrx_word' id='word_1_399' title='bbox 556 4659 588 4711; x_wconf 91' lang='grc' dir='ltr'><strong>ὁ</strong></span> <span class='ocrx_word' id='word_1_400' title='bbox 637 4655 921 4719; x_wconf 87' lang='grc' dir='ltr'>θεσπέσιος</span> <span class='ocrx_word' id='word_1_401' title='bbox 966 4656 1168 4727; x_wconf 85' lang='grc' dir='ltr'>γράφει</span> <span class='ocrx_word' id='word_1_402' title='bbox 1220 4654 1462 4719; x_wconf 85' lang='grc' dir='ltr'>Παῦλος·</span> <span class='ocrx_word' id='word_1_403' title='bbox 1494 4673 1512 4705; x_wconf 79' lang='grc' dir='ltr'><strong>ι</strong></span> <span class='ocrx_word' id='word_1_404' title='bbox 1558 4655 1753 4723; x_wconf 87' lang='grc' dir='ltr'>Ἐγγύς</span> <span class='ocrx_word' id='word_1_405' title='bbox 1796 4671 1890 4708; x_wconf 92' lang='grc' dir='ltr'><strong>σου</strong></span> <span class='ocrx_word' id='word_1_406' title='bbox 1937 4654 1998 4706; x_wconf 84' lang='lat' dir='ltr'><strong>rb</strong></span> 
     </span>
    </p>
   </div>
   <div class='ocr_carea' id='block_1_54' title="bbox 422 4745 1997 4822">
    <p class='ocr_par' dir='ltr' id='par_1_54' title="bbox 422 4745 1997 4822">
     <span class='ocr_line' id='line_1_54' title="bbox 422 4745 1997 4822; baseline -0.005 -18"><span class='ocrx_word' id='word_1_407' title='bbox 422 4751 579 4821; x_wconf 80' lang='grc' dir='ltr'>ῥῆμά</span> <span class='ocrx_word' id='word_1_408' title='bbox 612 4750 780 4813; x_wconf 77' lang='grc' dir='ltr'>ἐστιν,</span> <span class='ocrx_word' id='word_1_409' title='bbox 822 4748 881 4800; x_wconf 83' lang='grc' dir='ltr'>ὲν</span> <span class='ocrx_word' id='word_1_410' title='bbox 922 4747 1000 4818; x_wconf 81' lang='grc' dir='ltr'>τῷ</span> <span class='ocrx_word' id='word_1_411' title='bbox 1032 4747 1257 4817; x_wconf 85' lang='grc' dir='ltr'>στόματί</span> <span class='ocrx_word' id='word_1_412' title='bbox 1296 4764 1411 4809; x_wconf 90' lang='grc' dir='ltr'>σου,</span> <span class='ocrx_word' id='word_1_413' title='bbox 1462 4745 1559 4799; x_wconf 77' lang='grc' dir='ltr'>καὶ</span> <span class='ocrx_word' id='word_1_414' title='bbox 1602 4748 1662 4799; x_wconf 84' lang='grc' dir='ltr'>ὲν</span> <span class='ocrx_word' id='word_1_415' title='bbox 1689 4748 1756 4815; x_wconf 81' lang='grc' dir='ltr'>τῇ</span> <span class='ocrx_word' id='word_1_416' title='bbox 1796 4745 1997 4822; x_wconf 74' lang='grc' dir='ltr'>καρδίᾳ</span> 
     </span>
    </p>
   </div>
   <div class='ocr_carea' id='block_1_55' title="bbox 422 4835 2000 4909">
    <p class='ocr_par' dir='ltr' id='par_1_55' title="bbox 422 4835 2000 4909">
     <span class='ocr_line' id='line_1_55' title="bbox 422 4835 2000 4909; baseline -0.004 -14"><span class='ocrx_word' id='word_1_417' title='bbox 422 4859 541 4895; x_wconf 69' lang='grc' dir='ltr'>σοιν</span> <span class='ocrx_word' id='word_1_418' title='bbox 591 4840 742 4894; x_wconf 76' lang='grc' dir='ltr'>τοῦτ’</span> <span class='ocrx_word' id='word_1_419' title='bbox 775 4840 892 4892; x_wconf 77' lang='grc' dir='ltr'>ἔστι</span> <span class='ocrx_word' id='word_1_420' title='bbox 934 4840 996 4892; x_wconf 90' lang='lat' dir='ltr'><strong>rb</strong></span> <span class='ocrx_word' id='word_1_421' title='bbox 1038 4840 1187 4909; x_wconf 78' lang='grc' dir='ltr'>ῥῆμα</span> <span class='ocrx_word' id='word_1_422' title='bbox 1218 4837 1319 4907; x_wconf 81' lang='grc' dir='ltr'>τῆς</span> <span class='ocrx_word' id='word_1_423' title='bbox 1348 4837 1605 4901; x_wconf 84' lang='grc' dir='ltr'>πίστεως,</span> <span class='ocrx_word' id='word_1_424' title='bbox 1652 4836 1681 4888; x_wconf 85' lang='grc' dir='ltr'><strong>ὅ</strong></span> <span class='ocrx_word' id='word_1_425' title='bbox 1727 4835 2000 4907; x_wconf 83' lang='grc' dir='ltr'>κηρύσσο-</span> 
     </span>
    </p>
   </div>
   <div class='ocr_carea' id='block_1_56' title="bbox 426 4926 2001 5003">
    <p class='ocr_par' dir='ltr' id='par_1_56' title="bbox 426 4926 2001 5003">
     <span class='ocr_line' id='line_1_56' title="bbox 426 4926 2001 5003; baseline -0.004 -18"><span class='ocrx_word' id='word_1_426' title='bbox 426 4950 547 5003; x_wconf 85' lang='grc' dir='ltr'>μεν.</span> <span class='ocrx_word' id='word_1_427' title='bbox 598 4933 724 4987; x_wconf 87' lang='grc' dir='ltr'>Ὅτι</span> <span class='ocrx_word' id='word_1_428' title='bbox 761 4931 858 4984; x_wconf 67' lang='lat' dir='ltr'><strong>eam</strong></span> <span class='ocrx_word' id='word_1_429' title='bbox 902 4930 1244 5001; x_wconf 81' lang='grc' dir='ltr'>ὁμολογήσῃς</span> <span class='ocrx_word' id='word_1_430' title='bbox 1303 4931 1361 4981; x_wconf 83' lang='grc' dir='ltr'>ὲν</span> <span class='ocrx_word' id='word_1_431' title='bbox 1408 4927 1486 4999; x_wconf 85' lang='grc' dir='ltr'>τῷ</span> <span class='ocrx_word' id='word_1_432' title='bbox 1535 4926 1763 4997; x_wconf 88' lang='grc' dir='ltr'>στόματί</span> <span class='ocrx_word' id='word_1_433' title='bbox 1798 4942 1891 4979; x_wconf 87' lang='grc' dir='ltr'><strong>σου</strong></span> <span class='ocrx_word' id='word_1_434' title='bbox 1920 4926 2001 4979; x_wconf 87' lang='grc' dir='ltr'><strong>ὅτι</strong></span> 
     </span>
    </p>
   </div>
   <div class='ocr_carea' id='block_1_57' title="bbox 422 5018 2001 5098">
    <p class='ocr_par' dir='ltr' id='par_1_57' title="bbox 422 5018 2001 5098">
     <span class='ocr_line' id='line_1_57' title="bbox 422 5018 2001 5098; baseline -0.006 -18"><span class='ocrx_word' id='word_1_435' title='bbox 422 5026 633 5098; x_wconf 77' lang='grc' dir='ltr'>Κύριος</span> <span class='ocrx_word' id='word_1_436' title='bbox 687 5023 917 5095; x_wconf 89' lang='grc' dir='ltr'>Ἰησοῦς,</span> <span class='ocrx_word' id='word_1_437' title='bbox 965 5025 1059 5077; x_wconf 70' lang='grc' dir='ltr'>καὶ</span> <span class='ocrx_word' id='word_1_438' title='bbox 1087 5020 1389 5094; x_wconf 82' lang='grc' dir='ltr'>πιστεύσῃς</span> <span class='ocrx_word' id='word_1_439' title='bbox 1424 5022 1483 5075; x_wconf 84' lang='grc' dir='ltr'>ὲν</span> <span class='ocrx_word' id='word_1_440' title='bbox 1514 5022 1580 5090; x_wconf 85' lang='grc' dir='ltr'>τῇ</span> <span class='ocrx_word' id='word_1_441' title='bbox 1631 5018 1831 5091; x_wconf 77' lang='grc' dir='ltr'>καρδίᾳ</span> <span class='ocrx_word' id='word_1_442' title='bbox 1881 5035 2001 5082; x_wconf 88' lang='grc' dir='ltr'>σου,</span> 
     </span>
    </p>
   </div>
   <div class='ocr_carea' id='block_1_58' title="bbox 425 5110 1999 5185">
    <p class='ocr_par' dir='ltr' id='par_1_58' title="bbox 425 5110 1999 5185">
     <span class='ocr_line' id='line_1_58' title="bbox 425 5110 1999 5185; baseline -0.006 -13"><span class='ocrx_word' id='word_1_443' title='bbox 425 5118 508 5171; x_wconf 82' lang='grc' dir='ltr'><strong>ὅτι</strong></span> <span class='ocrx_word' id='word_1_444' title='bbox 556 5119 587 5171; x_wconf 92' lang='grc' dir='ltr'><strong>ὁ</strong></span> <span class='ocrx_word' id='word_1_445' title='bbox 634 5115 768 5177; x_wconf 79' lang='grc' dir='ltr'>Θεὸς</span> <span class='ocrx_word' id='word_1_446' title='bbox 823 5115 985 5168; x_wconf 80' lang='grc' dir='ltr'>αὑτὸν</span> <span class='ocrx_word' id='word_1_447' title='bbox 1040 5115 1260 5185; x_wconf 79' lang='grc' dir='ltr'>ἡγειρεν</span> <span class='ocrx_word' id='word_1_448' title='bbox 1324 5114 1391 5165; x_wconf 85' lang='grc' dir='ltr'>ὲκ</span> <span class='ocrx_word' id='word_1_449' title='bbox 1434 5110 1680 5182; x_wconf 82' lang='grc' dir='ltr'>νεκρῶν,</span> <span class='ocrx_word' id='word_1_450' title='bbox 1743 5110 1999 5183; x_wconf 86' lang='grc' dir='ltr'>σωθήσῃ·</span> 
     </span>
    </p>
   </div>
   <div class='ocr_carea' id='block_1_59' title="bbox 429 5203 2002 5282">
    <p class='ocr_par' dir='ltr' id='par_1_59' title="bbox 429 5203 2002 5282">
     <span class='ocr_line' id='line_1_59' title="bbox 429 5203 2002 5282; baseline -0.006 -18"><span class='ocrx_word' id='word_1_451' title='bbox 429 5208 631 5282; x_wconf 73' lang='grc' dir='ltr'>καρδίᾳ</span> <span class='ocrx_word' id='word_1_452' title='bbox 675 5208 786 5280; x_wconf 82' lang='grc' dir='ltr'><strong>γὰρ</strong></span> <span class='ocrx_word' id='word_1_453' title='bbox 840 5207 1156 5261; x_wconf 78' lang='grc' dir='ltr'>πιστεύεται</span> <span class='ocrx_word' id='word_1_454' title='bbox 1215 5207 1295 5270; x_wconf 88' lang='grc' dir='ltr'><strong>είς</strong></span> <span class='ocrx_word' id='word_1_455' title='bbox 1359 5203 1741 5276; x_wconf 89' lang='grc' dir='ltr'>δικαιοσύνην,</span> <span class='ocrx_word' id='word_1_456' title='bbox 1775 5205 2002 5275; x_wconf 90' lang='grc' dir='ltr'>στόματι</span> 
     </span>
    </p>
   </div>
   <div class='ocr_carea' id='block_1_60' title="bbox 429 5294 2004 5371">
    <p class='ocr_par' dir='ltr' id='par_1_60' title="bbox 429 5294 2004 5371">
     <span class='ocr_line' id='line_1_60' title="bbox 429 5294 2004 5371; baseline -0.005 -16"><span class='ocrx_word' id='word_1_457' title='bbox 429 5303 487 5355; x_wconf 80' lang='grc' dir='ltr'>δὲ</span> <span class='ocrx_word' id='word_1_458' title='bbox 514 5298 863 5371; x_wconf 80' lang='grc' dir='ltr'>ὁμολογεῖται</span> <span class='ocrx_word' id='word_1_459' title='bbox 888 5300 968 5363; x_wconf 87' lang='grc' dir='ltr'><strong>είς</strong></span> <span class='ocrx_word' id='word_1_460' title='bbox 1002 5298 1295 5370; x_wconf 85' lang='grc' dir='ltr'>σωτηρίαν.</span> <span class='ocrx_word' id='word_1_461' title='bbox 1335 5316 1353 5349; x_wconf 76' lang='grc' dir='ltr'>ι</span> <span class='ocrx_word' id='word_1_462' title='bbox 1385 5298 1565 5349; x_wconf 83' lang='grc' dir='ltr'>Ἔστω</span> <span class='ocrx_word' id='word_1_463' title='bbox 1592 5294 1773 5349; x_wconf 83' lang='grc' dir='ltr'>τοίνυν</span> <span class='ocrx_word' id='word_1_464' title='bbox 1802 5297 1861 5348; x_wconf 84' lang='grc' dir='ltr'>ὲν</span> <span class='ocrx_word' id='word_1_465' title='bbox 1888 5296 2004 5359; x_wconf 86' lang='grc' dir='ltr'>τοῖς</span> 
     </span>
    </p>
   </div>
   <div class='ocr_carea' id='block_1_61' title="bbox 431 5388 2007 5469">
    <p class='ocr_par' dir='ltr' id='par_1_61' title="bbox 431 5388 2007 5469">
     <span class='ocr_line' id='line_1_61' title="bbox 431 5388 2007 5469; baseline -0.006 -19"><span class='ocrx_word' id='word_1_466' title='bbox 431 5398 663 5469; x_wconf 84' lang='grc' dir='ltr'>χείλεσιν</span> <span class='ocrx_word' id='word_1_467' title='bbox 695 5395 851 5468; x_wconf 86' lang='grc' dir='ltr'>ἡμῶν</span> <span class='ocrx_word' id='word_1_468' title='bbox 878 5394 907 5446; x_wconf 89' lang='grc' dir='ltr'><strong>ὁ</strong></span> <span class='ocrx_word' id='word_1_469' title='bbox 945 5394 1084 5455; x_wconf 90' lang='grc' dir='ltr'>θεῖος</span> <span class='ocrx_word' id='word_1_470' title='bbox 1130 5390 1356 5463; x_wconf 76' lang='grc' dir='ltr'>ἄνθραξ,</span> <span class='ocrx_word' id='word_1_471' title='bbox 1396 5389 1427 5441; x_wconf 89' lang='grc' dir='ltr'><strong>ὁ</strong></span> <span class='ocrx_word' id='word_1_472' title='bbox 1459 5388 1548 5441; x_wconf 83' lang='grc' dir='ltr'>τὸν</span> <span class='ocrx_word' id='word_1_473' title='bbox 1594 5389 1660 5442; x_wconf 83' lang='grc' dir='ltr'>ὲκ</span> <span class='ocrx_word' id='word_1_474' title='bbox 1695 5389 1795 5458; x_wconf 85' lang='grc' dir='ltr'>τῆς</span> <span class='ocrx_word' id='word_1_475' title='bbox 1827 5389 2007 5459; x_wconf 85' lang='grc' dir='ltr'>ἀμαρ-</span> 
     </span>
    </p>
   </div>
   <div class='ocr_carea' id='block_1_62' title="bbox 432 5480 2006 5556">
    <p class='ocr_par' dir='ltr' id='par_1_62' title="bbox 432 5480 2006 5556">
     <span class='ocr_line' id='line_1_62' title="bbox 432 5480 2006 5556; baseline -0.008 -12"><span class='ocrx_word' id='word_1_476' title='bbox 432 5491 553 5553; x_wconf 80' lang='grc' dir='ltr'><strong>τὶας</strong></span> <span class='ocrx_word' id='word_1_477' title='bbox 600 5487 958 5556; x_wconf 87' lang='grc' dir='ltr'>καταφλέγων</span> <span class='ocrx_word' id='word_1_478' title='bbox 986 5483 1270 5555; x_wconf 82' lang='grc' dir='ltr'>συρφετὸν,</span> <span class='ocrx_word' id='word_1_479' title='bbox 1302 5481 1398 5534; x_wconf 81' lang='grc' dir='ltr'>καὶ</span> <span class='ocrx_word' id='word_1_480' title='bbox 1426 5480 1516 5532; x_wconf 80' lang='grc' dir='ltr'>τὸν</span> <span class='ocrx_word' id='word_1_481' title='bbox 1557 5482 1620 5533; x_wconf 83' lang='grc' dir='ltr'>ὲκ</span> <span class='ocrx_word' id='word_1_482' title='bbox 1650 5480 1752 5549; x_wconf 77' lang='grc' dir='ltr'>τῆς</span> <span class='ocrx_word' id='word_1_483' title='bbox 1775 5480 2006 5550; x_wconf 87' lang='grc' dir='ltr'>ἀνομίας</span> 
     </span>
    </p>
   </div>
   <div class='ocr_carea' id='block_1_63' title="bbox 437 5569 2008 5654">
    <p class='ocr_par' dir='ltr' id='par_1_63' title="bbox 437 5569 2008 5654">
     <span class='ocr_line' id='line_1_63' title="bbox 437 5569 2008 5654; baseline -0.01 -18"><span class='ocrx_word' id='word_1_484' title='bbox 437 5585 683 5654; x_wconf 81' lang='grc' dir='ltr'>ὲγτήκων</span> <span class='ocrx_word' id='word_1_485' title='bbox 752 5578 921 5650; x_wconf 74' lang='grc' dir='ltr'>ῥύπον</span> <span class='ocrx_word' id='word_1_486' title='bbox 945 5618 961 5640; x_wconf 88' lang='grc'><strong>,</strong></span> <span class='ocrx_word' id='word_1_487' title='bbox 1007 5577 1101 5629; x_wconf 71' lang='grc' dir='ltr'>καὶ</span> <span class='ocrx_word' id='word_1_488' title='bbox 1147 5573 1366 5638; x_wconf 81' lang='grc' dir='ltr'>ζέοντας</span> <span class='ocrx_word' id='word_1_489' title='bbox 1409 5571 1557 5642; x_wconf 82' lang='grc' dir='ltr'>ἡμᾶς</span> <span class='ocrx_word' id='word_1_490' title='bbox 1604 5569 1881 5624; x_wconf 83' lang='grc' dir='ltr'>ἀποτελῶν</span> <span class='ocrx_word' id='word_1_491' title='bbox 1932 5569 2008 5639; x_wconf 76' lang='grc' dir='ltr'>τῷ</span> 
     </span>
    </p>
   </div>
   <div class='ocr_carea' id='block_1_64' title="bbox 440 5662 2007 5744">
    <p class='ocr_par' dir='ltr' id='par_1_64' title="bbox 440 5662 2007 5744">
     <span class='ocr_line' id='line_1_64' title="bbox 440 5662 2007 5744; baseline -0.011 -14"><span class='ocrx_word' id='word_1_492' title='bbox 440 5676 730 5744; x_wconf 86' lang='grc' dir='ltr'>πνεύματι.</span> <span class='ocrx_word' id='word_1_493' title='bbox 762 5673 825 5725; x_wconf 77' lang='lat' dir='ltr'><strong>Et</strong></span> <span class='ocrx_word' id='word_1_494' title='bbox 864 5671 921 5724; x_wconf 80' lang='grc' dir='ltr'>δὲ</span> <span class='ocrx_word' id='word_1_495' title='bbox 951 5670 1017 5740; x_wconf 77' lang='grc' dir='ltr'>δὴ</span> <span class='ocrx_word' id='word_1_496' title='bbox 1060 5668 1271 5736; x_wconf 86' lang='grc' dir='ltr'>λέγοιτο</span> <span class='ocrx_word' id='word_1_497' title='bbox 1303 5668 1368 5737; x_wconf 82' lang='grc' dir='ltr'>τῇ</span> <span class='ocrx_word' id='word_1_498' title='bbox 1401 5664 1574 5718; x_wconf 84' lang='grc' dir='ltr'>λαϐίδι</span> <span class='ocrx_word' id='word_1_499' title='bbox 1613 5662 2007 5734; x_wconf 79' lang='grc' dir='ltr'>λαμϐάνεσθαι,</span> 
     </span>
    </p>
   </div>
   <div class='ocr_carea' id='block_1_65' title="bbox 2075 870 3651 947">
    <p class='ocr_par' dir='ltr' id='par_1_65' title="bbox 2075 870 3651 947">
     <span class='ocr_line' id='line_1_65' title="bbox 2075 870 3651 947; baseline -0.011 -10"><span class='ocrx_word' id='word_1_500' title='bbox 2075 882 2472 947; x_wconf 89' lang='lat' dir='ltr'><strong>ministrantur,</strong></span> <span class='ocrx_word' id='word_1_501' title='bbox 2508 889 2562 934; x_wconf 89' lang='lat' dir='ltr'><strong>et</strong></span> <span class='ocrx_word' id='word_1_502' title='bbox 2604 878 2826 933; x_wconf 83' lang='lat' dir='ltr'><strong>honoris</strong></span> <span class='ocrx_word' id='word_1_503' title='bbox 2852 915 2867 942; x_wconf 92' lang='lat'><strong>,</strong></span> <span class='ocrx_word' id='word_1_504' title='bbox 2919 885 2973 929; x_wconf 91' lang='lat' dir='ltr'><strong>et</strong></span> <span class='ocrx_word' id='word_1_505' title='bbox 3010 870 3498 929; x_wconf 86' lang='lat' dir='ltr'><strong>administrationis</strong></span> <span class='ocrx_word' id='word_1_506' title='bbox 3536 878 3651 922; x_wconf 89' lang='lat' dir='ltr'><strong>ter-</strong></span> 
     </span>
    </p>
   </div>
   <div class='ocr_carea' id='block_1_66' title="bbox 2074 958 3651 1041">
    <p class='ocr_par' dir='ltr' id='par_1_66' title="bbox 2074 958 3651 1041">
     <span class='ocr_line' id='line_1_66' title="bbox 2074 958 3651 1041; baseline -0.013 -12"><span class='ocrx_word' id='word_1_507' title='bbox 2074 975 2206 1029; x_wconf 87' lang='lat' dir='ltr'><strong>mini</strong></span> <span class='ocrx_word' id='word_1_508' title='bbox 2264 973 2511 1041; x_wconf 80' lang='lat' dir='ltr'><strong>linesque</strong></span> <span class='ocrx_word' id='word_1_509' title='bbox 2580 969 2764 1040; x_wconf 68' lang='lat' dir='ltr'><strong>glorite</strong></span> <span class='ocrx_word' id='word_1_510' title='bbox 2833 969 3027 1034; x_wconf 80' lang='lat' dir='ltr'><strong>cuique</strong></span> <span class='ocrx_word' id='word_1_511' title='bbox 3095 973 3220 1019; x_wconf 86' lang='lat' dir='ltr'><strong>sunt</strong></span> <span class='ocrx_word' id='word_1_512' title='bbox 3277 958 3551 1015; x_wconf 87' lang='lat' dir='ltr'><strong>constituti</strong></span> <span class='ocrx_word' id='word_1_513' title='bbox 3620 972 3651 1010; x_wconf 86' lang='lat' dir='ltr'><strong>a</strong></span> 
     </span>
    </p>
   </div>
   <div class='ocr_carea' id='block_1_67' title="bbox 2078 1048 3653 1134">
    <p class='ocr_par' dir='ltr' id='par_1_67' title="bbox 2078 1048 3653 1134">
     <span class='ocr_line' id='line_1_67' title="bbox 2078 1048 3653 1134; baseline -0.014 -13"><span class='ocrx_word' id='word_1_514' title='bbox 2078 1068 2213 1131; x_wconf 87' lang='lat' dir='ltr'><strong>Deo,</strong></span> <span class='ocrx_word' id='word_1_515' title='bbox 2253 1065 2343 1134; x_wconf 89' lang='lat' dir='ltr'><strong>qui</strong></span> <span class='ocrx_word' id='word_1_516' title='bbox 2383 1062 2560 1118; x_wconf 88' lang='lat' dir='ltr'><strong>omnia</strong></span> <span class='ocrx_word' id='word_1_517' title='bbox 2613 1076 2709 1130; x_wconf 90' lang='lat' dir='ltr'><strong>pro</strong></span> <span class='ocrx_word' id='word_1_518' title='bbox 2748 1059 3011 1113; x_wconf 88' lang='lat' dir='ltr'><strong>arbitratu</strong></span> <span class='ocrx_word' id='word_1_519' title='bbox 3055 1070 3153 1110; x_wconf 91' lang='lat' dir='ltr'><strong>suo</strong></span> <span class='ocrx_word' id='word_1_520' title='bbox 3209 1054 3505 1121; x_wconf 85' lang='lat' dir='ltr'><strong>dispensat.</strong></span> <span class='ocrx_word' id='word_1_521' title='bbox 3557 1048 3653 1101; x_wconf 89' lang='lat' dir='ltr'><strong>At-</strong></span> 
     </span>
    </p>
   </div>
   <div class='ocr_carea' id='block_1_68' title="bbox 2075 1140 3650 1228">
    <p class='ocr_par' dir='ltr' id='par_1_68' title="bbox 2075 1140 3650 1228">
     <span class='ocr_line' id='line_1_68' title="bbox 2075 1140 3650 1228; baseline -0.012 -16"><span class='ocrx_word' id='word_1_522' title='bbox 2075 1158 2167 1228; x_wconf 87' lang='lat' dir='ltr'><strong>qui</strong></span> <span class='ocrx_word' id='word_1_523' title='bbox 2207 1156 2348 1211; x_wconf 90' lang='lat' dir='ltr'><strong>idem</strong></span> <span class='ocrx_word' id='word_1_524' title='bbox 2389 1154 2540 1225; x_wconf 90' lang='lat' dir='ltr'><strong>quasi</strong></span> <span class='ocrx_word' id='word_1_525' title='bbox 2567 1154 2753 1223; x_wconf 89' lang='lat' dir='ltr'><strong>jugum</strong></span> <span class='ocrx_word' id='word_1_526' title='bbox 2785 1160 2866 1206; x_wconf 91' lang='lat' dir='ltr'><strong>est</strong></span> <span class='ocrx_word' id='word_1_527' title='bbox 2900 1149 3152 1203; x_wconf 87' lang='lat' dir='ltr'><strong>omnibus</strong></span> <span class='ocrx_word' id='word_1_528' title='bbox 3197 1142 3401 1199; x_wconf 87' lang='lat' dir='ltr'><strong>sanctis</strong></span> <span class='ocrx_word' id='word_1_529' title='bbox 3439 1140 3650 1209; x_wconf 88' lang='lat' dir='ltr'><strong>spiriti-</strong></span> 
     </span>
    </p>
   </div>
   <div class='ocr_carea' id='block_1_69' title="bbox 2076 1234 3642 1314">
    <p class='ocr_par' dir='ltr' id='par_1_69' title="bbox 2076 1234 3642 1314">
     <span class='ocr_line' id='line_1_69' title="bbox 2076 1234 3642 1314; baseline -0.013 -10"><span class='ocrx_word' id='word_1_530' title='bbox 2076 1249 2198 1314; x_wconf 91' lang='lat' dir='ltr'><strong>bus,</strong></span> <span class='ocrx_word' id='word_1_531' title='bbox 2226 1256 2281 1301; x_wconf 90' lang='lat' dir='ltr'><strong>et</strong></span> <span class='ocrx_word' id='word_1_532' title='bbox 2319 1245 2531 1302; x_wconf 89' lang='lat' dir='ltr'><strong>Domini</strong></span> <span class='ocrx_word' id='word_1_533' title='bbox 2560 1244 2709 1298; x_wconf 89' lang='lat' dir='ltr'><strong>nutui</strong></span> <span class='ocrx_word' id='word_1_534' title='bbox 2741 1241 3003 1305; x_wconf 89' lang='lat' dir='ltr'><strong>serviunt,</strong></span> <span class='ocrx_word' id='word_1_535' title='bbox 3057 1254 3159 1291; x_wconf 90' lang='lat' dir='ltr'><strong>non</strong></span> <span class='ocrx_word' id='word_1_536' title='bbox 3204 1234 3478 1304; x_wconf 86' lang='lat' dir='ltr'><strong>indignam</strong></span> <span class='ocrx_word' id='word_1_537' title='bbox 3508 1246 3642 1285; x_wconf 92' lang='lat' dir='ltr'><strong>cen-</strong></span> 
     </span>
    </p>
   </div>
   <div class='ocr_carea' id='block_1_70' title="bbox 2078 1321 3651 1401">
    <p class='ocr_par' dir='ltr' id='par_1_70' title="bbox 2078 1321 3651 1401">
     <span class='ocr_line' id='line_1_70' title="bbox 2078 1321 3651 1401; baseline -0.013 -7"><span class='ocrx_word' id='word_1_538' title='bbox 2078 1349 2260 1394; x_wconf 91' lang='lat' dir='ltr'><strong>sentes</strong></span> <span class='ocrx_word' id='word_1_539' title='bbox 2285 1337 2626 1401; x_wconf 87' lang='lat' dir='ltr'><strong>servitutem,</strong></span> <span class='ocrx_word' id='word_1_540' title='bbox 2674 1334 2767 1389; x_wconf 90' lang='lat' dir='ltr'><strong>sed</strong></span> <span class='ocrx_word' id='word_1_541' title='bbox 2799 1331 2986 1386; x_wconf 90' lang='lat' dir='ltr'><strong>honori</strong></span> <span class='ocrx_word' id='word_1_542' title='bbox 3023 1328 3278 1396; x_wconf 88' lang='lat' dir='ltr'><strong>laudiqne</strong></span> <span class='ocrx_word' id='word_1_543' title='bbox 3313 1327 3572 1379; x_wconf 89' lang='lat' dir='ltr'><strong>ducentes</strong></span> <span class='ocrx_word' id='word_1_544' title='bbox 3600 1321 3651 1374; x_wconf 90' lang='lat' dir='ltr'><strong>id</strong></span> 
     </span>
    </p>
   </div>
   <div class='ocr_carea' id='block_1_71' title="bbox 2080 1416 3654 1501">
    <p class='ocr_par' dir='ltr' id='par_1_71' title="bbox 2080 1416 3654 1501">
     <span class='ocr_line' id='line_1_71' title="bbox 2080 1416 3654 1501; baseline -0.013 -17"><span class='ocrx_word' id='word_1_545' title='bbox 2080 1440 2329 1501; x_wconf 88' lang='lat' dir='ltr'><strong>prompto</strong></span> <span class='ocrx_word' id='word_1_546' title='bbox 2389 1444 2453 1483; x_wconf 89' lang='lat' dir='ltr'><strong>ac</strong></span> <span class='ocrx_word' id='word_1_547' title='bbox 2514 1426 2721 1480; x_wconf 85' lang='lat' dir='ltr'><strong>liberali</strong></span> <span class='ocrx_word' id='word_1_548' title='bbox 2781 1423 2961 1476; x_wconf 89' lang='lat' dir='ltr'><strong>animo</strong></span> <span class='ocrx_word' id='word_1_549' title='bbox 3014 1419 3213 1473; x_wconf 84' lang='lat' dir='ltr'><strong>facere.</strong></span> <span class='ocrx_word' id='word_1_550' title='bbox 3272 1416 3654 1484; x_wconf 76' lang='lat' dir='ltr'><strong>Praeftguratur</strong></span> 
     </span>
    </p>
   </div>
   <div class='ocr_carea' id='block_1_72' title="bbox 2081 1506 3656 1589">
    <p class='ocr_par' dir='ltr' id='par_1_72' title="bbox 2081 1506 3656 1589">
     <span class='ocr_line' id='line_1_72' title="bbox 2081 1506 3656 1589; baseline -0.013 -14"><span class='ocrx_word' id='word_1_551' title='bbox 2081 1522 2243 1589; x_wconf 81' lang='lat' dir='ltr'><strong>igitur</strong></span> <span class='ocrx_word' id='word_1_552' title='bbox 2271 1521 2341 1575; x_wconf 89' lang='lat' dir='ltr'><strong>ob</strong></span> <span class='ocrx_word' id='word_1_553' title='bbox 2372 1518 2556 1574; x_wconf 88' lang='lat' dir='ltr'><strong>oculos</strong></span> <span class='ocrx_word' id='word_1_554' title='bbox 2599 1517 2873 1587; x_wconf 74' lang='lat' dir='ltr'><strong>prophetae</strong></span> <span class='ocrx_word' id='word_1_555' title='bbox 2940 1510 3255 1582; x_wconf 84' lang='lat' dir='ltr'><strong>mysterium</strong></span> <span class='ocrx_word' id='word_1_556' title='bbox 3294 1506 3518 1568; x_wconf 77' lang='lat' dir='ltr'><strong>Christi,</strong></span> <span class='ocrx_word' id='word_1_557' title='bbox 3560 1518 3656 1572; x_wconf 91' lang='lat' dir='ltr'><strong>per</strong></span> 
     </span>
    </p>
   </div>
   <div class='ocr_carea' id='block_1_73' title="bbox 2082 1595 3656 1681">
    <p class='ocr_par' dir='ltr' id='par_1_73' title="bbox 2082 1595 3656 1681">
     <span class='ocr_line' id='line_1_73' title="bbox 2082 1595 3656 1681; baseline -0.013 -14"><span class='ocrx_word' id='word_1_558' title='bbox 2082 1629 2305 1681; x_wconf 91' lang='lat' dir='ltr'><strong>superas</strong></span> <span class='ocrx_word' id='word_1_559' title='bbox 2349 1618 2642 1681; x_wconf 86' lang='lat' dir='ltr'><strong>potestates</strong></span> <span class='ocrx_word' id='word_1_560' title='bbox 2685 1607 2885 1675; x_wconf 89' lang='lat' dir='ltr'><strong>optime</strong></span> <span class='ocrx_word' id='word_1_561' title='bbox 2931 1601 3387 1657; x_wconf 89' lang='lat' dir='ltr'><strong>administratum.</strong></span> <span class='ocrx_word' id='word_1_562' title='bbox 3426 1595 3656 1649; x_wconf 87' lang='lat' dir='ltr'><strong>Mittitur</strong></span> 
     </span>
    </p>
   </div>
   <div class='ocr_carea' id='block_1_74' title="bbox 2081 1689 3659 1773">
    <p class='ocr_par' dir='ltr' id='par_1_74' title="bbox 2081 1689 3659 1773">
     <span class='ocr_line' id='line_1_74' title="bbox 2081 1689 3659 1773; baseline -0.013 -15"><span class='ocrx_word' id='word_1_563' title='bbox 2081 1706 2261 1773; x_wconf 82' lang='lat' dir='ltr'><strong>itaque</strong></span> <span class='ocrx_word' id='word_1_564' title='bbox 2309 1718 2339 1757; x_wconf 91' lang='lat' dir='ltr'><strong>e</strong></span> <span class='ocrx_word' id='word_1_565' title='bbox 2374 1700 2655 1769; x_wconf 84' lang='lat' dir='ltr'><strong>Seraphim</strong></span> <span class='ocrx_word' id='word_1_566' title='bbox 2706 1711 2867 1760; x_wconf 89' lang='lat' dir='ltr'><strong>unus,</strong></span> <span class='ocrx_word' id='word_1_567' title='bbox 2917 1696 3206 1750; x_wconf 87' lang='lat' dir='ltr'><strong>carbonem</strong></span> <span class='ocrx_word' id='word_1_568' title='bbox 3238 1689 3463 1752; x_wconf 84' lang='lat' dir='ltr'><strong>habens,</strong></span> <span class='ocrx_word' id='word_1_569' title='bbox 3495 1702 3659 1756; x_wconf 85' lang='lat' dir='ltr'><strong>quem</strong></span> 
     </span>
    </p>
   </div>
   <div class='ocr_carea' id='block_1_75' title="bbox 2082 1780 3655 1862">
    <p class='ocr_par' dir='ltr' id='par_1_75' title="bbox 2082 1780 3655 1862">
     <span class='ocr_line' id='line_1_75' title="bbox 2082 1780 3655 1862; baseline -0.012 -12"><span class='ocrx_word' id='word_1_570' title='bbox 2082 1795 2151 1850; x_wconf 90' lang='lat' dir='ltr'><strong>de</strong></span> <span class='ocrx_word' id='word_1_571' title='bbox 2185 1810 2276 1848; x_wconf 91' lang='lat' dir='ltr'><strong>ara</strong></span> <span class='ocrx_word' id='word_1_572' title='bbox 2311 1792 2539 1862; x_wconf 89' lang='lat' dir='ltr'><strong>sumpsit</strong></span> <span class='ocrx_word' id='word_1_573' title='bbox 2578 1790 2801 1858; x_wconf 77' lang='lat' dir='ltr'><strong>forcipe.</strong></span> <span class='ocrx_word' id='word_1_574' title='bbox 2846 1785 2971 1841; x_wconf 72' lang='lat' dir='ltr'><strong>Haec</strong></span> <span class='ocrx_word' id='word_1_575' title='bbox 3010 1785 3227 1839; x_wconf 86' lang='lat' dir='ltr'><strong>demum</strong></span> <span class='ocrx_word' id='word_1_576' title='bbox 3279 1790 3398 1837; x_wconf 90' lang='lat' dir='ltr'><strong>erat</strong></span> <span class='ocrx_word' id='word_1_577' title='bbox 3450 1780 3655 1835; x_wconf 90' lang='lat' dir='ltr'><strong>Christi</strong></span> 
     </span>
    </p>
   </div>
   <div class='ocr_carea' id='block_1_76' title="bbox 2083 1876 3658 1956">
    <p class='ocr_par' dir='ltr' id='par_1_76' title="bbox 2083 1876 3658 1956">
     <span class='ocr_line' id='line_1_76' title="bbox 2083 1876 3658 1956; baseline -0.011 -14"><span class='ocrx_word' id='word_1_578' title='bbox 2083 1884 2404 1956; x_wconf 84' lang='lat' dir='ltr'><strong>significatio</strong></span> <span class='ocrx_word' id='word_1_579' title='bbox 2446 1891 2502 1936; x_wconf 90' lang='lat' dir='ltr'><strong>et</strong></span> <span class='ocrx_word' id='word_1_580' title='bbox 2560 1878 2989 1950; x_wconf 77' lang='lat' dir='ltr'><strong>repraesentatio,</strong></span> <span class='ocrx_word' id='word_1_581' title='bbox 3032 1876 3122 1945; x_wconf 90' lang='lat' dir='ltr'><strong>qui</strong></span> <span class='ocrx_word' id='word_1_582' title='bbox 3152 1884 3372 1945; x_wconf 88' lang='lat' dir='ltr'><strong>propter</strong></span> <span class='ocrx_word' id='word_1_583' title='bbox 3423 1888 3521 1927; x_wconf 92' lang='lat' dir='ltr'><strong>nos</strong></span> <span class='ocrx_word' id='word_1_584' title='bbox 3592 1886 3658 1925; x_wconf 87' lang='lat' dir='ltr'><strong>ac</strong></span> 
     </span>
    </p>
   </div>
   <div class='ocr_carea' id='block_1_77' title="bbox 2081 1961 3657 2041">
    <p class='ocr_par' dir='ltr' id='par_1_77' title="bbox 2081 1961 3657 2041">
     <span class='ocr_line' id='line_1_77' title="bbox 2081 1961 3657 2041; baseline -0.012 -9"><span class='ocrx_word' id='word_1_585' title='bbox 2081 1985 2262 2032; x_wconf 84' lang='lat' dir='ltr'><strong>mstra</strong></span> <span class='ocrx_word' id='word_1_586' title='bbox 2297 1988 2458 2029; x_wconf 89' lang='lat' dir='ltr'><strong>causa</strong></span> <span class='ocrx_word' id='word_1_587' title='bbox 2490 1971 2723 2041; x_wconf 89' lang='lat' dir='ltr'><strong>seipsum</strong></span> <span class='ocrx_word' id='word_1_588' title='bbox 2768 1969 2822 2023; x_wconf 88' lang='lat' dir='ltr'><strong>in</strong></span> <span class='ocrx_word' id='word_1_589' title='bbox 2869 1966 3195 2022; x_wconf 82' lang='lat' dir='ltr'><strong>sacriﬁcium</strong></span> <span class='ocrx_word' id='word_1_590' title='bbox 3228 1961 3529 2033; x_wconf 89' lang='lat' dir='ltr'><strong>spirituale,</strong></span> <span class='ocrx_word' id='word_1_591' title='bbox 3556 1975 3657 2028; x_wconf 93' lang='lat' dir='ltr'><strong>pu-</strong></span> 
     </span>
    </p>
   </div>
   <div class='ocr_carea' id='block_1_78' title="bbox 2082 2052 3657 2134">
    <p class='ocr_par' dir='ltr' id='par_1_78' title="bbox 2082 2052 3657 2134">
     <span class='ocr_line' id='line_1_78' title="bbox 2082 2052 3657 2134; baseline -0.012 -11"><span class='ocrx_word' id='word_1_592' title='bbox 2082 2084 2200 2123; x_wconf 93' lang='lat' dir='ltr'><strong>rum</strong></span> <span class='ocrx_word' id='word_1_593' title='bbox 2237 2082 2302 2121; x_wconf 91' lang='lat' dir='ltr'><strong>ac</strong></span> <span class='ocrx_word' id='word_1_594' title='bbox 2336 2064 2702 2134; x_wconf 91' lang='lat' dir='ltr'><strong>impollutum,</strong></span> <span class='ocrx_word' id='word_1_595' title='bbox 2735 2058 2951 2123; x_wconf 89' lang='lat' dir='ltr'><strong>obtulit,</strong></span> <span class='ocrx_word' id='word_1_596' title='bbox 3000 2058 3050 2111; x_wconf 93' lang='lat' dir='ltr'><strong>in</strong></span> <span class='ocrx_word' id='word_1_597' title='bbox 3089 2056 3312 2112; x_wconf 90' lang='lat' dir='ltr'><strong>odorem</strong></span> <span class='ocrx_word' id='word_1_598' title='bbox 3340 2055 3521 2109; x_wconf 85' lang='lat' dir='ltr'><strong>suavis</strong></span> <span class='ocrx_word' id='word_1_599' title='bbox 3544 2052 3657 2105; x_wconf 86' lang='lat' dir='ltr'><strong>fra—</strong></span> 
     </span>
    </p>
   </div>
   <div class='ocr_carea' id='block_1_79' title="bbox 2081 2145 3656 2230">
    <p class='ocr_par' dir='ltr' id='par_1_79' title="bbox 2081 2145 3656 2230">
     <span class='ocr_line' id='line_1_79' title="bbox 2081 2145 3656 2230; baseline -0.01 -16"><span class='ocrx_word' id='word_1_600' title='bbox 2081 2160 2321 2230; x_wconf 71' lang='lat' dir='ltr'><strong>grantiae.</strong></span> <span class='ocrx_word' id='word_1_601' title='bbox 2376 2158 2564 2225; x_wconf 88' lang='lat' dir='ltr'><strong>Itaque</strong></span> <span class='ocrx_word' id='word_1_602' title='bbox 2620 2168 2728 2208; x_wconf 92' lang='lat' dir='ltr'><strong>non</strong></span> <span class='ocrx_word' id='word_1_603' title='bbox 2780 2152 2878 2206; x_wconf 88' lang='lat' dir='ltr'><strong>abs</strong></span> <span class='ocrx_word' id='word_1_604' title='bbox 2940 2165 2998 2204; x_wconf 92' lang='lat' dir='ltr'><strong>re</strong></span> <span class='ocrx_word' id='word_1_605' title='bbox 3050 2150 3116 2202; x_wconf 89' lang='lat' dir='ltr'><strong>de</strong></span> <span class='ocrx_word' id='word_1_606' title='bbox 3168 2146 3324 2202; x_wconf 87' lang='lat' dir='ltr'><strong>altari</strong></span> <span class='ocrx_word' id='word_1_607' title='bbox 3372 2145 3656 2214; x_wconf 86' lang='lat' dir='ltr'><strong>accipitur.</strong></span> 
     </span>
    </p>
   </div>
   <div class='ocr_carea' id='block_1_80' title="bbox 2082 2237 3657 2319">
    <p class='ocr_par' dir='ltr' id='par_1_80' title="bbox 2082 2237 3657 2319">
     <span class='ocr_line' id='line_1_80' title="bbox 2082 2237 3657 2319; baseline -0.011 -14"><span class='ocrx_word' id='word_1_608' title='bbox 2082 2252 2250 2319; x_wconf 87' lang='lat' dir='ltr'><strong>Quam</strong></span> <span class='ocrx_word' id='word_1_609' title='bbox 2279 2257 2455 2304; x_wconf 90' lang='lat' dir='ltr'><strong>autem</strong></span> <span class='ocrx_word' id='word_1_610' title='bbox 2487 2248 2557 2302; x_wconf 90' lang='lat' dir='ltr'><strong>ob</strong></span> <span class='ocrx_word' id='word_1_611' title='bbox 2585 2259 2800 2301; x_wconf 86' lang='lat' dir='ltr'><strong>causam</strong></span> <span class='ocrx_word' id='word_1_612' title='bbox 2836 2241 3163 2298; x_wconf 87' lang='lat' dir='ltr'><strong>assimiletur</strong></span> <span class='ocrx_word' id='word_1_613' title='bbox 3213 2252 3397 2308; x_wconf 85' lang='lat' dir='ltr'><strong>prunae</strong></span> <span class='ocrx_word' id='word_1_614' title='bbox 3420 2277 3435 2303; x_wconf 95' lang='lat'><strong>,</strong></span> <span class='ocrx_word' id='word_1_615' title='bbox 3469 2237 3657 2289; x_wconf 88' lang='lat' dir='ltr'><strong>dicen-</strong></span> 
     </span>
    </p>
   </div>
   <div class='ocr_carea' id='block_1_81' title="bbox 2084 2325 3659 2398">
    <p class='ocr_par' dir='ltr' id='par_1_81' title="bbox 2084 2325 3659 2398">
     <span class='ocr_line' id='line_1_81' title="bbox 2084 2325 3659 2398; baseline -0.013 -1"><span class='ocrx_word' id='word_1_616' title='bbox 2084 2345 2209 2398; x_wconf 85' lang='lat' dir='ltr'><strong>dum</strong></span> <span class='ocrx_word' id='word_1_617' title='bbox 2262 2350 2346 2396; x_wconf 90' lang='lat' dir='ltr'><strong>est</strong></span> <span class='ocrx_word' id='word_1_618' title='bbox 2395 2338 2727 2394; x_wconf 88' lang='lat' dir='ltr'><strong>necessario.</strong></span> <span class='ocrx_word' id='word_1_619' title='bbox 2769 2332 3064 2387; x_wconf 88' lang='lat' dir='ltr'><strong>Familiare</strong></span> <span class='ocrx_word' id='word_1_620' title='bbox 3097 2340 3182 2385; x_wconf 92' lang='lat' dir='ltr'><strong>est</strong></span> <span class='ocrx_word' id='word_1_621' title='bbox 3209 2329 3500 2396; x_wconf 85' lang='lat' dir='ltr'><strong>Scripturae</strong></span> <span class='ocrx_word' id='word_1_622' title='bbox 3523 2325 3659 2377; x_wconf 91' lang='lat' dir='ltr'><strong>divi-</strong></span> 
     </span>
    </p>
   </div>
   <div class='ocr_carea' id='block_1_82' title="bbox 2083 2420 3647 2500">
    <p class='ocr_par' dir='ltr' id='par_1_82' title="bbox 2083 2420 3647 2500">
     <span class='ocr_line' id='line_1_82' title="bbox 2083 2420 3647 2500; baseline -0.014 -11"><span class='ocrx_word' id='word_1_623' title='bbox 2083 2436 2227 2489; x_wconf 91' lang='lat' dir='ltr'><strong>nitus</strong></span> <span class='ocrx_word' id='word_1_624' title='bbox 2267 2432 2536 2500; x_wconf 60' lang='lat' dir='ltr'><strong>inspirata!</strong></span> <span class='ocrx_word' id='word_1_625' title='bbox 2587 2427 2820 2483; x_wconf 84' lang='lat' dir='ltr'><strong>divinam</strong></span> <span class='ocrx_word' id='word_1_626' title='bbox 2887 2434 3135 2479; x_wconf 90' lang='lat' dir='ltr'><strong>naturam</strong></span> <span class='ocrx_word' id='word_1_627' title='bbox 3165 2420 3273 2491; x_wconf 92' lang='lat' dir='ltr'><strong>igni</strong></span> <span class='ocrx_word' id='word_1_628' title='bbox 3303 2431 3647 2485; x_wconf 86' lang='lat' dir='ltr'><strong>comparare.</strong></span> 
     </span>
    </p>
   </div>
   <div class='ocr_carea' id='block_1_83' title="bbox 2086 2509 3667 2593">
    <p class='ocr_par' dir='ltr' id='par_1_83' title="bbox 2086 2509 3667 2593">
     <span class='ocr_line' id='line_1_83' title="bbox 2086 2509 3667 2593; baseline -0.015 -11"><span class='ocrx_word' id='word_1_629' title='bbox 2086 2528 2176 2583; x_wconf 87' lang='lat' dir='ltr'><strong>Sic</strong></span> <span class='ocrx_word' id='word_1_630' title='bbox 2222 2527 2367 2578; x_wconf 88' lang='lat' dir='ltr'><strong>enim</strong></span> <span class='ocrx_word' id='word_1_631' title='bbox 2414 2521 2665 2593; x_wconf 89' lang='lat' dir='ltr'><strong>apparuit</strong></span> <span class='ocrx_word' id='word_1_632' title='bbox 2707 2517 2890 2573; x_wconf 89' lang='lat' dir='ltr'><strong>lsraeli</strong></span> <span class='ocrx_word' id='word_1_633' title='bbox 2942 2517 2996 2571; x_wconf 92' lang='lat' dir='ltr'><strong>in</strong></span> <span class='ocrx_word' id='word_1_634' title='bbox 3064 2510 3242 2569; x_wconf 89' lang='lat' dir='ltr'><strong>monte</strong></span> <span class='ocrx_word' id='word_1_635' title='bbox 3292 2509 3506 2565; x_wconf 88' lang='lat' dir='ltr'><strong>Choreb</strong></span> <span class='ocrx_word' id='word_1_636' title='bbox 3564 2521 3667 2571; x_wconf 20' lang='lat' dir='ltr'><strong>seu.</strong></span> 
     </span>
    </p>
   </div>
   <div class='ocr_carea' id='block_1_84' title="bbox 2088 2600 3664 2684">
    <p class='ocr_par' dir='ltr' id='par_1_84' title="bbox 2088 2600 3664 2684">
     <span class='ocr_line' id='line_1_84' title="bbox 2088 2600 3664 2684; baseline -0.015 -9"><span class='ocrx_word' id='word_1_637' title='bbox 2088 2620 2240 2684; x_wconf 92' lang='lat' dir='ltr'><strong>Sina,</strong></span> <span class='ocrx_word' id='word_1_638' title='bbox 2272 2620 2323 2673; x_wconf 91' lang='lat' dir='ltr'><strong>in</strong></span> <span class='ocrx_word' id='word_1_639' title='bbox 2388 2618 2475 2671; x_wconf 90' lang='lat' dir='ltr'><strong>die</strong></span> <span class='ocrx_word' id='word_1_640' title='bbox 2508 2611 2961 2684; x_wconf 79' lang='lat' dir='ltr'><strong>congregationis.</strong></span> <span class='ocrx_word' id='word_1_641' title='bbox 3026 2607 3117 2662; x_wconf 91' lang='lat' dir='ltr'><strong>Sic</strong></span> <span class='ocrx_word' id='word_1_642' title='bbox 3162 2605 3327 2660; x_wconf 89' lang='lat' dir='ltr'><strong>etiam</strong></span> <span class='ocrx_word' id='word_1_643' title='bbox 3358 2601 3457 2672; x_wconf 91' lang='lat' dir='ltr'><strong>ipsi</strong></span> <span class='ocrx_word' id='word_1_644' title='bbox 3502 2600 3664 2655; x_wconf 89' lang='lat' dir='ltr'><strong>beato</strong></span> 
     </span>
    </p>
   </div>
   <div class='ocr_carea' id='block_1_85' title="bbox 2086 2694 3659 2779">
    <p class='ocr_par' dir='ltr' id='par_1_85' title="bbox 2086 2694 3659 2779">
     <span class='ocr_line' id='line_1_85' title="bbox 2086 2694 3659 2779; baseline -0.014 -13"><span class='ocrx_word' id='word_1_645' title='bbox 2086 2712 2216 2766; x_wconf 84' lang='lat' dir='ltr'><strong>Mosi</strong></span> <span class='ocrx_word' id='word_1_646' title='bbox 2244 2708 2483 2779; x_wconf 90' lang='lat' dir='ltr'><strong>pascenti</strong></span> <span class='ocrx_word' id='word_1_647' title='bbox 2514 2708 2565 2761; x_wconf 91' lang='lat' dir='ltr'><strong>in</strong></span> <span class='ocrx_word' id='word_1_648' title='bbox 2591 2707 2825 2767; x_wconf 86' lang='lat' dir='ltr'><strong>deserto.</strong></span> <span class='ocrx_word' id='word_1_649' title='bbox 2852 2702 3029 2772; x_wconf 87' lang='lat' dir='ltr'><strong>specie</strong></span> <span class='ocrx_word' id='word_1_650' title='bbox 3072 2698 3210 2768; x_wconf 90' lang='lat' dir='ltr'><strong>ignis</strong></span> <span class='ocrx_word' id='word_1_651' title='bbox 3255 2697 3384 2750; x_wconf 89' lang='lat' dir='ltr'><strong>olim</strong></span> <span class='ocrx_word' id='word_1_652' title='bbox 3435 2694 3485 2747; x_wconf 88' lang='lat' dir='ltr'><strong>in</strong></span> <span class='ocrx_word' id='word_1_653' title='bbox 3521 2695 3659 2746; x_wconf 87' lang='lat' dir='ltr'><strong>rubo</strong></span> 
     </span>
    </p>
   </div>
   <div class='ocr_carea' id='block_1_86' title="bbox 2086 2784 3663 2873">
    <p class='ocr_par' dir='ltr' id='par_1_86' title="bbox 2086 2784 3663 2873">
     <span class='ocr_line' id='line_1_86' title="bbox 2086 2784 3663 2873; baseline -0.015 -15"><span class='ocrx_word' id='word_1_654' title='bbox 2086 2812 2408 2873; x_wconf 77' lang='lat' dir='ltr'><strong>conspectus</strong></span> <span class='ocrx_word' id='word_1_655' title='bbox 2465 2808 2568 2863; x_wconf 89' lang='lat' dir='ltr'><strong>est,</strong></span> <span class='ocrx_word' id='word_1_656' title='bbox 2626 2806 2680 2852; x_wconf 91' lang='lat' dir='ltr'><strong>et</strong></span> <span class='ocrx_word' id='word_1_657' title='bbox 2724 2794 3146 2864; x_wconf 87' lang='lat' dir='ltr'><strong>colloquebatur.</strong></span> <span class='ocrx_word' id='word_1_658' title='bbox 3201 2784 3663 2854; x_wconf 81' lang='lat' dir='ltr'><strong>Quemadmodum</strong></span> 
     </span>
    </p>
   </div>
   <div class='ocr_carea' id='block_1_87' title="bbox 2089 2886 3673 2964">
    <p class='ocr_par' dir='ltr' id='par_1_87' title="bbox 2089 2886 3673 2964">
     <span class='ocr_line' id='line_1_87' title="bbox 2089 2886 3673 2964; baseline -0.012 -17"><span class='ocrx_word' id='word_1_659' title='bbox 2089 2894 2253 2964; x_wconf 89' lang='lat' dir='ltr'><strong>igitur</strong></span> <span class='ocrx_word' id='word_1_660' title='bbox 2281 2894 2445 2946; x_wconf 89' lang='lat' dir='ltr'><strong>carbo</strong></span> <span class='ocrx_word' id='word_1_661' title='bbox 2486 2890 2686 2959; x_wconf 90' lang='lat' dir='ltr'><strong>lignum</strong></span> <span class='ocrx_word' id='word_1_662' title='bbox 2727 2888 2942 2957; x_wconf 84' lang='lat' dir='ltr'><strong>quidem</strong></span> <span class='ocrx_word' id='word_1_663' title='bbox 2967 2893 3155 2938; x_wconf 90' lang='lat' dir='ltr'><strong>natura</strong></span> <span class='ocrx_word' id='word_1_664' title='bbox 3180 2888 3285 2946; x_wconf 88' lang='lat' dir='ltr'><strong>est,</strong></span> <span class='ocrx_word' id='word_1_665' title='bbox 3305 2893 3489 2931; x_wconf 90' lang='lat' dir='ltr'><strong>verum</strong></span> <span class='ocrx_word' id='word_1_666' title='bbox 3523 2886 3673 2928; x_wconf 19' lang='lat' dir='ltr'><strong>totus.</strong></span> 
     </span>
    </p>
   </div>
   <div class='ocr_carea' id='block_1_88' title="bbox 2088 2967 3665 3053">
    <p class='ocr_par' dir='ltr' id='par_1_88' title="bbox 2088 2967 3665 3053">
     <span class='ocr_line' id='line_1_88' title="bbox 2088 2967 3665 3053; baseline -0.015 -12"><span class='ocrx_word' id='word_1_667' title='bbox 2088 2984 2232 3041; x_wconf 85' lang='lat' dir='ltr'><strong>omni</strong></span> <span class='ocrx_word' id='word_1_668' title='bbox 2264 3000 2328 3039; x_wconf 78' lang='lat' dir='ltr'><strong>ex</strong></span> <span class='ocrx_word' id='word_1_669' title='bbox 2369 2992 2520 3053; x_wconf 88' lang='lat' dir='ltr'><strong>parte</strong></span> <span class='ocrx_word' id='word_1_670' title='bbox 2548 2981 2655 3049; x_wconf 85' lang='lat' dir='ltr'><strong>igni</strong></span> <span class='ocrx_word' id='word_1_671' title='bbox 2680 2980 2871 3048; x_wconf 90' lang='lat' dir='ltr'><strong>plenus</strong></span> <span class='ocrx_word' id='word_1_672' title='bbox 2913 2985 3016 3040; x_wconf 90' lang='lat' dir='ltr'><strong>est,</strong></span> <span class='ocrx_word' id='word_1_673' title='bbox 3057 2973 3278 3043; x_wconf 82' lang='lat' dir='ltr'><strong>ejusque</strong></span> <span class='ocrx_word' id='word_1_674' title='bbox 3309 2971 3415 3024; x_wconf 86' lang='lat' dir='ltr'><strong>vim</strong></span> <span class='ocrx_word' id='word_1_675' title='bbox 3452 2976 3507 3022; x_wconf 90' lang='lat' dir='ltr'><strong>et</strong></span> <span class='ocrx_word' id='word_1_676' title='bbox 3541 2967 3665 3021; x_wconf 82' lang='lat' dir='ltr'><strong>effi-</strong></span> 
     </span>
    </p>
   </div>
   <div class='ocr_carea' id='block_1_89' title="bbox 2090 3062 3665 3136">
    <p class='ocr_par' dir='ltr' id='par_1_89' title="bbox 2090 3062 3665 3136">
     <span class='ocr_line' id='line_1_89' title="bbox 2090 3062 3665 3136; baseline -0.015 -3"><span class='ocrx_word' id='word_1_677' title='bbox 2090 3079 2375 3134; x_wconf 89' lang='lat' dir='ltr'><strong>cacitatem</strong></span> <span class='ocrx_word' id='word_1_678' title='bbox 2440 3075 2643 3129; x_wconf 88' lang='lat' dir='ltr'><strong>habet:</strong></span> <span class='ocrx_word' id='word_1_679' title='bbox 2681 3075 2747 3125; x_wconf 89' lang='lat' dir='ltr'><strong>ad</strong></span> <span class='ocrx_word' id='word_1_680' title='bbox 2805 3072 3078 3134; x_wconf 90' lang='lat' dir='ltr'><strong>eumdem,</strong></span> <span class='ocrx_word' id='word_1_681' title='bbox 3140 3075 3287 3136; x_wconf 93' lang='lat' dir='ltr'><strong>puto,</strong></span> <span class='ocrx_word' id='word_1_682' title='bbox 3342 3062 3559 3116; x_wconf 87' lang='lat' dir='ltr'><strong>modmn</strong></span> <span class='ocrx_word' id='word_1_683' title='bbox 3607 3067 3665 3111; x_wconf 88' lang='lat' dir='ltr'><strong>et</strong></span> 
     </span>
    </p>
   </div>
   <div class='ocr_carea' id='block_1_90' title="bbox 2093 3154 3669 3240">
    <p class='ocr_par' dir='ltr' id='par_1_90' title="bbox 2093 3154 3669 3240">
     <span class='ocr_line' id='line_1_90' title="bbox 2093 3154 3669 3240; baseline -0.015 -14"><span class='ocrx_word' id='word_1_684' title='bbox 2093 3171 2206 3240; x_wconf 89' lang='lat' dir='ltr'><strong>ipse</strong></span> <span class='ocrx_word' id='word_1_685' title='bbox 2227 3168 2487 3224; x_wconf 88' lang='lat' dir='ltr'><strong>Dominus</strong></span> <span class='ocrx_word' id='word_1_686' title='bbox 2527 3175 2707 3220; x_wconf 89' lang='lat' dir='ltr'><strong>noster</strong></span> <span class='ocrx_word' id='word_1_687' title='bbox 2756 3160 2914 3216; x_wconf 87' lang='lat' dir='ltr'><strong>Jesus</strong></span> <span class='ocrx_word' id='word_1_688' title='bbox 2957 3160 3205 3215; x_wconf 88' lang='lat' dir='ltr'><strong>Christus</strong></span> <span class='ocrx_word' id='word_1_689' title='bbox 3255 3154 3451 3209; x_wconf 89' lang='lat' dir='ltr'><strong>merito</strong></span> <span class='ocrx_word' id='word_1_690' title='bbox 3485 3160 3669 3221; x_wconf 86' lang='lat' dir='ltr'><strong>potest</strong></span> 
     </span>
    </p>
   </div>
   <div class='ocr_carea' id='block_1_91' title="bbox 2093 3246 3659 3332">
    <p class='ocr_par' dir='ltr' id='par_1_91' title="bbox 2093 3246 3659 3332">
     <span class='ocr_line' id='line_1_91' title="bbox 2093 3246 3659 3332; baseline -0.013 -14"><span class='ocrx_word' id='word_1_691' title='bbox 2093 3262 2362 3332; x_wconf 89' lang='lat' dir='ltr'><strong>intelligi:</strong></span> <span class='ocrx_word' id='word_1_692' title='bbox 2412 3258 2583 3314; x_wconf 69' lang='lat' dir='ltr'><strong>«Caro</strong></span> <span class='ocrx_word' id='word_1_693' title='bbox 2605 3257 2747 3310; x_wconf 89' lang='lat' dir='ltr'><strong>enim</strong></span> <span class='ocrx_word' id='word_1_694' title='bbox 2782 3252 3018 3309; x_wconf 71' lang='lat' dir='ltr'><strong>Verbum</strong></span> <span class='ocrx_word' id='word_1_695' title='bbox 3071 3249 3266 3303; x_wconf 86' lang='lat' dir='ltr'><strong>factum</strong></span> <span class='ocrx_word' id='word_1_696' title='bbox 3297 3259 3398 3313; x_wconf 89' lang='lat' dir='ltr'><strong>est,</strong></span> <span class='ocrx_word' id='word_1_697' title='bbox 3453 3257 3508 3302; x_wconf 88' lang='lat' dir='ltr'><strong>et</strong></span> <span class='ocrx_word' id='word_1_698' title='bbox 3559 3246 3659 3298; x_wconf 88' lang='lat' dir='ltr'><strong>ha-</strong></span> 
     </span>
    </p>
   </div>
   <div class='ocr_carea' id='block_1_92' title="bbox 2091 3341 3659 3413">
    <p class='ocr_par' dir='ltr' id='par_1_92' title="bbox 2091 3341 3659 3413">
     <span class='ocr_line' id='line_1_92' title="bbox 2091 3341 3659 3413; baseline -0.014 -4"><span class='ocrx_word' id='word_1_699' title='bbox 2091 3354 2281 3410; x_wconf 86' lang='lat' dir='ltr'><strong>bitavit</strong></span> <span class='ocrx_word' id='word_1_700' title='bbox 2316 3353 2366 3405; x_wconf 94' lang='lat' dir='ltr'><strong>in</strong></span> <span class='ocrx_word' id='word_1_701' title='bbox 2387 3350 2538 3407; x_wconf 83' lang='lat' dir='ltr'><strong>nobis</strong></span> <span class='ocrx_word' id='word_1_702' title='bbox 2555 3350 2658 3402; x_wconf 71' lang='lat' dir='ltr'><strong>&quot;.t</strong></span> <span class='ocrx_word' id='word_1_703' title='bbox 2694 3348 2893 3402; x_wconf 79' lang='lat' dir='ltr'><strong>Verum</strong></span> <span class='ocrx_word' id='word_1_704' title='bbox 2929 3343 3174 3413; x_wconf 85' lang='lat' dir='ltr'><strong>quamvis</strong></span> <span class='ocrx_word' id='word_1_705' title='bbox 3198 3351 3342 3395; x_wconf 88' lang='lat' dir='ltr'><strong>esset</strong></span> <span class='ocrx_word' id='word_1_706' title='bbox 3370 3341 3529 3393; x_wconf 89' lang='lat' dir='ltr'><strong>homo</strong></span> <span class='ocrx_word' id='word_1_707' title='bbox 3562 3350 3659 3388; x_wconf 52' lang='lat' dir='ltr'><strong>no.</strong></span> 
     </span>
    </p>
   </div>
   <div class='ocr_carea' id='block_1_93' title="bbox 2093 3426 3668 3507">
    <p class='ocr_par' dir='ltr' id='par_1_93' title="bbox 2093 3426 3668 3507">
     <span class='ocr_line' id='line_1_93' title="bbox 2093 3426 3668 3507; baseline -0.014 -8"><span class='ocrx_word' id='word_1_708' title='bbox 2093 3445 2175 3499; x_wconf 90' lang='lat' dir='ltr'><strong>bis</strong></span> <span class='ocrx_word' id='word_1_709' title='bbox 2231 3442 2421 3498; x_wconf 87' lang='lat' dir='ltr'><strong>similis</strong></span> <span class='ocrx_word' id='word_1_710' title='bbox 2482 3440 2691 3495; x_wconf 91' lang='lat' dir='ltr'><strong>ratione</strong></span> <span class='ocrx_word' id='word_1_711' title='bbox 2746 3435 3184 3507; x_wconf 87' lang='lat' dir='ltr'><strong>dispensationis,</strong></span> <span class='ocrx_word' id='word_1_712' title='bbox 3249 3442 3428 3484; x_wconf 90' lang='lat' dir='ltr'><strong>tamen</strong></span> <span class='ocrx_word' id='word_1_713' title='bbox 3488 3426 3668 3484; x_wconf 81' lang='lat' dir='ltr'><strong>ontnis</strong></span> 
     </span>
    </p>
   </div>
   <div class='ocr_carea' id='block_1_94' title="bbox 2093 3520 3675 3607">
    <p class='ocr_par' dir='ltr' id='par_1_94' title="bbox 2093 3520 3675 3607">
     <span class='ocr_line' id='line_1_94' title="bbox 2093 3520 3675 3607; baseline -0.013 -17"><span class='ocrx_word' id='word_1_714' title='bbox 2093 3534 2366 3607; x_wconf 92' lang='lat' dir='ltr'><strong>plenitudo</strong></span> <span class='ocrx_word' id='word_1_715' title='bbox 2395 3532 2689 3588; x_wconf 73' lang='lat' dir='ltr'><strong>divinitatis</strong></span> <span class='ocrx_word' id='word_1_716' title='bbox 2716 3532 2770 3585; x_wconf 91' lang='lat' dir='ltr'><strong>in</strong></span> <span class='ocrx_word' id='word_1_717' title='bbox 2800 3544 2865 3586; x_wconf 90' lang='lat' dir='ltr'><strong>eo</strong></span> <span class='ocrx_word' id='word_1_718' title='bbox 2890 3527 3170 3591; x_wconf 62' lang='lat' dir='ltr'><strong>habitavit,</strong></span> <span class='ocrx_word' id='word_1_719' title='bbox 3228 3527 3386 3579; x_wconf 88' lang='lat' dir='ltr'><strong>modo</strong></span> <span class='ocrx_word' id='word_1_720' title='bbox 3446 3520 3675 3589; x_wconf 80' lang='lat' dir='ltr'><strong>inquam.</strong></span> 
     </span>
    </p>
   </div>
   <div class='ocr_carea' id='block_1_95' title="bbox 2095 3614 3670 3685">
    <p class='ocr_par' dir='ltr' id='par_1_95' title="bbox 2095 3614 3670 3685">
     <span class='ocr_line' id='line_1_95' title="bbox 2095 3614 3670 3685; baseline -0.011 -3"><span class='ocrx_word' id='word_1_721' title='bbox 2095 3627 2332 3682; x_wconf 90' lang='lat' dir='ltr'><strong>unionis.</strong></span> <span class='ocrx_word' id='word_1_722' title='bbox 2376 3625 2513 3680; x_wconf 81' lang='lat' dir='ltr'><strong>Hinc</strong></span> <span class='ocrx_word' id='word_1_723' title='bbox 2544 3633 2599 3677; x_wconf 92' lang='lat' dir='ltr'><strong>et</strong></span> <span class='ocrx_word' id='word_1_724' title='bbox 2655 3623 2708 3678; x_wconf 92' lang='lat' dir='ltr'><strong>in</strong></span> <span class='ocrx_word' id='word_1_725' title='bbox 2750 3634 2915 3676; x_wconf 87' lang='lat' dir='ltr'><strong>carne</strong></span> <span class='ocrx_word' id='word_1_726' title='bbox 2943 3633 3037 3674; x_wconf 89' lang='lat' dir='ltr'><strong>sua</strong></span> <span class='ocrx_word' id='word_1_727' title='bbox 3074 3616 3233 3685; x_wconf 79' lang='lat'><strong>108</strong></span> <span class='ocrx_word' id='word_1_728' title='bbox 3265 3615 3418 3684; x_wconf 86' lang='lat' dir='ltr'><strong>plane</strong></span> <span class='ocrx_word' id='word_1_729' title='bbox 3446 3614 3670 3667; x_wconf 89' lang='lat' dir='ltr'><strong>divinis-</strong></span> 
     </span>
    </p>
   </div>
   <div class='ocr_carea' id='block_1_96' title="bbox 2097 3704 3675 3785">
    <p class='ocr_par' dir='ltr' id='par_1_96' title="bbox 2097 3704 3675 3785">
     <span class='ocr_line' id='line_1_96' title="bbox 2097 3704 3675 3785; baseline -0.012 -11"><span class='ocrx_word' id='word_1_730' title='bbox 2097 3720 2288 3774; x_wconf 89' lang='lat' dir='ltr'><strong>simam</strong></span> <span class='ocrx_word' id='word_1_731' title='bbox 2339 3716 2599 3785; x_wconf 90' lang='lat' dir='ltr'><strong>operandi</strong></span> <span class='ocrx_word' id='word_1_732' title='bbox 2663 3714 2916 3769; x_wconf 83' lang='lat' dir='ltr'><strong>virtutem</strong></span> <span class='ocrx_word' id='word_1_733' title='bbox 2963 3712 3164 3765; x_wconf 83' lang='lat' dir='ltr'><strong>habere</strong></span> <span class='ocrx_word' id='word_1_734' title='bbox 3193 3709 3460 3761; x_wconf 85' lang='lat' dir='ltr'><strong>cernitur.</strong></span> <span class='ocrx_word' id='word_1_735' title='bbox 3500 3704 3675 3758; x_wconf 86' lang='lat' dir='ltr'><strong>Tacto</strong></span> 
     </span>
    </p>
   </div>
   <div class='ocr_carea' id='block_1_97' title="bbox 2097 3798 3666 3882">
    <p class='ocr_par' dir='ltr' id='par_1_97' title="bbox 2097 3798 3666 3882">
     <span class='ocr_line' id='line_1_97' title="bbox 2097 3798 3666 3882; baseline -0.013 -14"><span class='ocrx_word' id='word_1_736' title='bbox 2097 3812 2359 3882; x_wconf 90' lang='lat' dir='ltr'><strong>siquidem</strong></span> <span class='ocrx_word' id='word_1_737' title='bbox 2392 3809 2591 3875; x_wconf 88' lang='lat' dir='ltr'><strong>loculo,</strong></span> <span class='ocrx_word' id='word_1_738' title='bbox 2634 3816 2904 3862; x_wconf 91' lang='lat' dir='ltr'><strong>mortuum</strong></span> <span class='ocrx_word' id='word_1_739' title='bbox 2943 3804 3116 3858; x_wconf 76' lang='lat' dir='ltr'><strong>vidua:</strong></span> <span class='ocrx_word' id='word_1_740' title='bbox 3149 3801 3313 3854; x_wconf 82' lang='lat' dir='ltr'><strong>filium</strong></span> <span class='ocrx_word' id='word_1_741' title='bbox 3346 3798 3666 3860; x_wconf 82' lang='lat' dir='ltr'><strong>suscitavit;</strong></span> 
     </span>
    </p>
   </div>
   <div class='ocr_carea' id='block_1_98' title="bbox 2097 3888 3670 3970">
    <p class='ocr_par' dir='ltr' id='par_1_98' title="bbox 2097 3888 3670 3970">
     <span class='ocr_line' id='line_1_98' title="bbox 2097 3888 3670 3970; baseline -0.015 -9"><span class='ocrx_word' id='word_1_742' title='bbox 2097 3914 2152 3961; x_wconf 90' lang='lat' dir='ltr'><strong>et</strong></span> <span class='ocrx_word' id='word_1_743' title='bbox 2174 3919 2294 3960; x_wconf 92' lang='lat' dir='ltr'><strong>cum</strong></span> <span class='ocrx_word' id='word_1_744' title='bbox 2342 3902 2652 3970; x_wconf 86' lang='lat' dir='ltr'><strong>inspuisset,</strong></span> <span class='ocrx_word' id='word_1_745' title='bbox 2680 3897 2793 3953; x_wconf 88' lang='lat' dir='ltr'><strong>luto</strong></span> <span class='ocrx_word' id='word_1_746' title='bbox 2820 3894 3058 3949; x_wconf 90' lang='lat' dir='ltr'><strong>inunctis</strong></span> <span class='ocrx_word' id='word_1_747' title='bbox 3085 3891 3286 3953; x_wconf 82' lang='lat' dir='ltr'><strong>oculis,</strong></span> <span class='ocrx_word' id='word_1_748' title='bbox 3304 3889 3463 3944; x_wconf 77' lang='lat' dir='ltr'><strong>caecis</strong></span> <span class='ocrx_word' id='word_1_749' title='bbox 3491 3888 3670 3943; x_wconf 85' lang='lat' dir='ltr'><strong>visum</strong></span> 
     </span>
    </p>
   </div>
   <div class='ocr_carea' id='block_1_99' title="bbox 2098 3980 3673 4058">
    <p class='ocr_par' dir='ltr' id='par_1_99' title="bbox 2098 3980 3673 4058">
     <span class='ocr_line' id='line_1_99' title="bbox 2098 3980 3673 4058; baseline -0.013 -5"><span class='ocrx_word' id='word_1_750' title='bbox 2098 3996 2360 4053; x_wconf 89' lang='lat' dir='ltr'><strong>restituit.</strong></span> <span class='ocrx_word' id='word_1_751' title='bbox 2408 3991 2735 4047; x_wconf 83' lang='lat' dir='ltr'><strong>Rectissime</strong></span> <span class='ocrx_word' id='word_1_752' title='bbox 2769 4003 2899 4058; x_wconf 84' lang='lat' dir='ltr'><strong>ergo</strong></span> <span class='ocrx_word' id='word_1_753' title='bbox 2952 3989 3039 4041; x_wconf 89' lang='lat' dir='ltr'><strong>hic</strong></span> <span class='ocrx_word' id='word_1_754' title='bbox 3078 3984 3397 4039; x_wconf 86' lang='lat' dir='ltr'><strong>Emmanuel</strong></span> <span class='ocrx_word' id='word_1_755' title='bbox 3447 3980 3673 4036; x_wconf 89' lang='lat' dir='ltr'><strong>carboni</strong></span> 
     </span>
    </p>
   </div>
   <div class='ocr_carea' id='block_1_100' title="bbox 2099 4075 3654 4159">
    <p class='ocr_par' dir='ltr' id='par_1_100' title="bbox 2099 4075 3654 4159">
     <span class='ocr_line' id='line_1_100' title="bbox 2099 4075 3654 4159; baseline -0.013 -13"><span class='ocrx_word' id='word_1_756' title='bbox 2099 4089 2495 4159; x_wconf 79' lang='lat' dir='ltr'><strong>cumparandus</strong></span> <span class='ocrx_word' id='word_1_757' title='bbox 2520 4094 2625 4148; x_wconf 84' lang='lat' dir='ltr'><strong>est,</strong></span> <span class='ocrx_word' id='word_1_758' title='bbox 2684 4083 2775 4153; x_wconf 86' lang='lat' dir='ltr'><strong>qui</strong></span> <span class='ocrx_word' id='word_1_759' title='bbox 2817 4082 2865 4136; x_wconf 87' lang='lat' dir='ltr'><strong>si</strong></span> <span class='ocrx_word' id='word_1_760' title='bbox 2915 4081 2966 4134; x_wconf 88' lang='lat' dir='ltr'><strong>in</strong></span> <span class='ocrx_word' id='word_1_761' title='bbox 3013 4080 3215 4134; x_wconf 86' lang='lat' dir='ltr'><strong>nostris</strong></span> <span class='ocrx_word' id='word_1_762' title='bbox 3254 4075 3654 4147; x_wconf 85' lang='lat' dir='ltr'><strong>quodammodo</strong></span> 
     </span>
    </p>
   </div>
   <div class='ocr_carea' id='block_1_101' title="bbox 2097 4168 3658 4245">
    <p class='ocr_par' dir='ltr' id='par_1_101' title="bbox 2097 4168 3658 4245">
     <span class='ocr_line' id='line_1_101' title="bbox 2097 4168 3658 4245; baseline -0.013 -6"><span class='ocrx_word' id='word_1_763' title='bbox 2097 4183 2254 4239; x_wconf 88' lang='lat' dir='ltr'><strong>labiis</strong></span> <span class='ocrx_word' id='word_1_764' title='bbox 2278 4181 2459 4238; x_wconf 83' lang='lat' dir='ltr'><strong>fuerit.</strong></span> <span class='ocrx_word' id='word_1_765' title='bbox 2499 4177 2719 4233; x_wconf 89' lang='lat' dir='ltr'><strong>omnino</strong></span> <span class='ocrx_word' id='word_1_766' title='bbox 2749 4183 2973 4245; x_wconf 86' lang='lat' dir='ltr'><strong>peccata</strong></span> <span class='ocrx_word' id='word_1_767' title='bbox 2993 4170 3223 4235; x_wconf 81' lang='lat' dir='ltr'><strong>auferet,</strong></span> <span class='ocrx_word' id='word_1_768' title='bbox 3252 4179 3307 4225; x_wconf 90' lang='lat' dir='ltr'><strong>et</strong></span> <span class='ocrx_word' id='word_1_769' title='bbox 3337 4168 3658 4238; x_wconf 83' lang='lat' dir='ltr'><strong>iniquitates</strong></span> 
     </span>
    </p>
   </div>
   <div class='ocr_carea' id='block_1_102' title="bbox 2099 4256 3669 4345">
    <p class='ocr_par' dir='ltr' id='par_1_102' title="bbox 2099 4256 3669 4345">
     <span class='ocr_line' id='line_1_102' title="bbox 2099 4256 3669 4345; baseline -0.013 -15"><span class='ocrx_word' id='word_1_770' title='bbox 2099 4273 2446 4345; x_wconf 81' lang='lat' dir='ltr'><strong>expurgabit.</strong></span> <span class='ocrx_word' id='word_1_771' title='bbox 2476 4268 2757 4337; x_wconf 83' lang='lat' dir='ltr'><strong>Quomodo</strong></span> <span class='ocrx_word' id='word_1_772' title='bbox 2789 4275 2968 4320; x_wconf 91' lang='lat' dir='ltr'><strong>autem</strong></span> <span class='ocrx_word' id='word_1_773' title='bbox 3014 4265 3068 4317; x_wconf 90' lang='lat' dir='ltr'><strong>in</strong></span> <span class='ocrx_word' id='word_1_774' title='bbox 3118 4262 3276 4316; x_wconf 88' lang='lat' dir='ltr'><strong>labiis</strong></span> <span class='ocrx_word' id='word_1_775' title='bbox 3301 4261 3497 4314; x_wconf 88' lang='lat' dir='ltr'><strong>nostris</strong></span> <span class='ocrx_word' id='word_1_776' title='bbox 3529 4256 3669 4313; x_wconf 71' lang='lat' dir='ltr'><strong>erit?</strong></span> 
     </span>
    </p>
   </div>
   <div class='ocr_carea' id='block_1_103' title="bbox 2099 4350 3666 4436">
    <p class='ocr_par' dir='ltr' id='par_1_103' title="bbox 2099 4350 3666 4436">
     <span class='ocr_line' id='line_1_103' title="bbox 2099 4350 3666 4436; baseline -0.015 -15"><span class='ocrx_word' id='word_1_777' title='bbox 2099 4366 2311 4436; x_wconf 84' lang='lat' dir='ltr'><strong>quando</strong></span> <span class='ocrx_word' id='word_1_778' title='bbox 2344 4365 2521 4426; x_wconf 86' lang='lat' dir='ltr'><strong>Iidem,</strong></span> <span class='ocrx_word' id='word_1_779' title='bbox 2545 4377 2663 4429; x_wconf 65' lang='lat' dir='ltr'><strong>quae</strong></span> <span class='ocrx_word' id='word_1_780' title='bbox 2686 4360 2737 4411; x_wconf 87' lang='lat' dir='ltr'><strong>in</strong></span> <span class='ocrx_word' id='word_1_781' title='bbox 2767 4357 2938 4427; x_wconf 90' lang='lat' dir='ltr'><strong>ipsum</strong></span> <span class='ocrx_word' id='word_1_782' title='bbox 2969 4364 3071 4417; x_wconf 92' lang='lat' dir='ltr'><strong>est,</strong></span> <span class='ocrx_word' id='word_1_783' title='bbox 3111 4352 3344 4407; x_wconf 84' lang='lat' dir='ltr'><strong>confessi</strong></span> <span class='ocrx_word' id='word_1_784' title='bbox 3377 4350 3666 4403; x_wconf 76' lang='lat' dir='ltr'><strong>fuerimus.</strong></span> 
     </span>
    </p>
   </div>
   <div class='ocr_carea' id='block_1_104' title="bbox 2100 4446 3673 4517">
    <p class='ocr_par' dir='ltr' id='par_1_104' title="bbox 2100 4446 3673 4517">
     <span class='ocr_line' id='line_1_104' title="bbox 2100 4446 3673 4517; baseline -0.011 -4"><span class='ocrx_word' id='word_1_785' title='bbox 2100 4459 2175 4515; x_wconf 88' lang='lat' dir='ltr'><strong>Ita</strong></span> <span class='ocrx_word' id='word_1_786' title='bbox 2202 4469 2255 4513; x_wconf 91' lang='lat' dir='ltr'><strong>et</strong></span> <span class='ocrx_word' id='word_1_787' title='bbox 2287 4458 2500 4513; x_wconf 88' lang='lat' dir='ltr'><strong>divinus</strong></span> <span class='ocrx_word' id='word_1_788' title='bbox 2547 4453 2745 4508; x_wconf 81' lang='lat' dir='ltr'><strong>Paulus</strong></span> <span class='ocrx_word' id='word_1_789' title='bbox 2795 4449 3080 4517; x_wconf 53' lang='lat' dir='ltr'><strong>:r.Prope</strong></span> <span class='ocrx_word' id='word_1_790' title='bbox 3145 4455 3197 4501; x_wconf 90' lang='lat' dir='ltr'><strong>te</strong></span> <span class='ocrx_word' id='word_1_791' title='bbox 3258 4446 3481 4498; x_wconf 89' lang='lat' dir='ltr'><strong>verbum</strong></span> <span class='ocrx_word' id='word_1_792' title='bbox 3539 4453 3673 4505; x_wconf 61' lang='lat' dir='ltr'><strong>est,</strong></span> 
     </span>
    </p>
   </div>
   <div class='ocr_carea' id='block_1_105' title="bbox 2029 4533 3674 4611">
    <p class='ocr_par' dir='ltr' id='par_1_105' title="bbox 2029 4533 3674 4611">
     <span class='ocr_line' id='line_1_105' title="bbox 2029 4533 3674 4611; baseline -0.014 -4"><span class='ocrx_word' id='word_1_793' title='bbox 2029 4541 2071 4597; x_wconf 78' lang='grc' dir='ltr'>υ</span> <span class='ocrx_word' id='word_1_794' title='bbox 2102 4553 2155 4607; x_wconf 89' lang='lat' dir='ltr'><strong>in</strong></span> <span class='ocrx_word' id='word_1_795' title='bbox 2188 4564 2281 4605; x_wconf 92' lang='lat' dir='ltr'><strong>ore</strong></span> <span class='ocrx_word' id='word_1_796' title='bbox 2338 4559 2448 4611; x_wconf 92' lang='lat' dir='ltr'><strong>tuo,</strong></span> <span class='ocrx_word' id='word_1_797' title='bbox 2486 4558 2539 4600; x_wconf 90' lang='lat' dir='ltr'><strong>et</strong></span> <span class='ocrx_word' id='word_1_798' title='bbox 2576 4546 2630 4599; x_wconf 90' lang='lat' dir='ltr'><strong>in</strong></span> <span class='ocrx_word' id='word_1_799' title='bbox 2682 4544 2845 4598; x_wconf 84' lang='lat' dir='ltr'><strong>corde</strong></span> <span class='ocrx_word' id='word_1_800' title='bbox 2905 4549 3021 4605; x_wconf 89' lang='lat' dir='ltr'><strong>tuo;</strong></span> <span class='ocrx_word' id='word_1_801' title='bbox 3088 4540 3203 4593; x_wconf 76' lang='lat' dir='ltr'><strong>hzec</strong></span> <span class='ocrx_word' id='word_1_802' title='bbox 3251 4544 3336 4590; x_wconf 91' lang='lat' dir='ltr'><strong>est</strong></span> <span class='ocrx_word' id='word_1_803' title='bbox 3366 4533 3674 4604; x_wconf 74' lang='lat' dir='ltr'><strong>praedicatio</strong></span> 
     </span>
    </p>
   </div>
   <div class='ocr_carea' id='block_1_106' title="bbox 2103 4624 3681 4712">
    <p class='ocr_par' dir='ltr' id='par_1_106' title="bbox 2103 4624 3681 4712">
     <span class='ocr_line' id='line_1_106' title="bbox 2103 4624 3681 4712; baseline -0.012 -14"><span class='ocrx_word' id='word_1_804' title='bbox 2103 4643 2224 4698; x_wconf 85' lang='lat' dir='ltr'><strong>ﬁdei</strong></span> <span class='ocrx_word' id='word_1_805' title='bbox 2272 4656 2435 4712; x_wconf 85' lang='lat' dir='ltr'><strong>quant</strong></span> <span class='ocrx_word' id='word_1_806' title='bbox 2484 4637 2859 4708; x_wconf 83' lang='lat' dir='ltr'><strong>praedicamus.</strong></span> <span class='ocrx_word' id='word_1_807' title='bbox 2914 4633 3050 4701; x_wconf 89' lang='lat' dir='ltr'><strong>Quia</strong></span> <span class='ocrx_word' id='word_1_808' title='bbox 3103 4631 3147 4686; x_wconf 92' lang='lat' dir='ltr'><strong>si</strong></span> <span class='ocrx_word' id='word_1_809' title='bbox 3191 4627 3470 4684; x_wconf 83' lang='lat' dir='ltr'><strong>confessus</strong></span> <span class='ocrx_word' id='word_1_810' title='bbox 3506 4624 3681 4679; x_wconf 84' lang='lat' dir='ltr'><strong>fueris</strong></span> 
     </span>
    </p>
   </div>
   <div class='ocr_carea' id='block_1_107' title="bbox 2102 4712 3679 4791">
    <p class='ocr_par' dir='ltr' id='par_1_107' title="bbox 2102 4712 3679 4791">
     <span class='ocr_line' id='line_1_107' title="bbox 2102 4712 3679 4791; baseline -0.013 -1"><span class='ocrx_word' id='word_1_811' title='bbox 2102 4750 2196 4790; x_wconf 91' lang='lat' dir='ltr'><strong>ore</strong></span> <span class='ocrx_word' id='word_1_812' title='bbox 2233 4743 2324 4787; x_wconf 92' lang='lat' dir='ltr'><strong>tuo</strong></span> <span class='ocrx_word' id='word_1_813' title='bbox 2364 4730 2648 4784; x_wconf 88' lang='lat' dir='ltr'><strong>Dominum</strong></span> <span class='ocrx_word' id='word_1_814' title='bbox 2685 4725 2891 4791; x_wconf 86' lang='lat' dir='ltr'><strong>Jesum,</strong></span> <span class='ocrx_word' id='word_1_815' title='bbox 2944 4733 2999 4779; x_wconf 92' lang='lat' dir='ltr'><strong>et</strong></span> <span class='ocrx_word' id='word_1_816' title='bbox 3044 4712 3338 4777; x_wconf 86' lang='lat' dir='ltr'><strong>credideris</strong></span> <span class='ocrx_word' id='word_1_817' title='bbox 3371 4717 3534 4773; x_wconf 89' lang='lat' dir='ltr'><strong>corde</strong></span> <span class='ocrx_word' id='word_1_818' title='bbox 3583 4727 3679 4770; x_wconf 91' lang='lat' dir='ltr'><strong>tuo</strong></span> 
     </span>
    </p>
   </div>
   <div class='ocr_carea' id='block_1_108' title="bbox 2105 4809 3677 4891">
    <p class='ocr_par' dir='ltr' id='par_1_108' title="bbox 2105 4809 3677 4891">
     <span class='ocr_line' id='line_1_108' title="bbox 2105 4809 3677 4891; baseline -0.014 -8"><span class='ocrx_word' id='word_1_819' title='bbox 2105 4832 2271 4885; x_wconf 90' lang='lat' dir='ltr'><strong>Deum</strong></span> <span class='ocrx_word' id='word_1_820' title='bbox 2289 4824 2742 4891; x_wconf 77' lang='lat' dir='ltr'><strong>excitasseipsum</strong></span> <span class='ocrx_word' id='word_1_821' title='bbox 2767 4834 2797 4874; x_wconf 93' lang='lat' dir='ltr'><strong>e</strong></span> <span class='ocrx_word' id='word_1_822' title='bbox 2844 4815 3091 4879; x_wconf 89' lang='lat' dir='ltr'><strong>mortuis,</strong></span> <span class='ocrx_word' id='word_1_823' title='bbox 3117 4811 3421 4869; x_wconf 85' lang='lat' dir='ltr'><strong>servaberis</strong></span> <span class='ocrx_word' id='word_1_824' title='bbox 3463 4827 3477 4863; x_wconf 88' lang='lat'>:</span> <span class='ocrx_word' id='word_1_825' title='bbox 3514 4809 3677 4863; x_wconf 85' lang='lat' dir='ltr'><strong>corde</strong></span> 
     </span>
    </p>
   </div>
   <div class='ocr_carea' id='block_1_109' title="bbox 2105 4909 3676 4983">
    <p class='ocr_par' dir='ltr' id='par_1_109' title="bbox 2105 4909 3676 4983">
     <span class='ocr_line' id='line_1_109' title="bbox 2105 4909 3676 4983; baseline -0.014 -8"><span class='ocrx_word' id='word_1_826' title='bbox 2105 4922 2248 4976; x_wconf 91' lang='lat' dir='ltr'><strong>enim</strong></span> <span class='ocrx_word' id='word_1_827' title='bbox 2283 4918 2522 4974; x_wconf 88' lang='lat' dir='ltr'><strong>creditur</strong></span> <span class='ocrx_word' id='word_1_828' title='bbox 2566 4914 2632 4969; x_wconf 90' lang='lat' dir='ltr'><strong>ad</strong></span> <span class='ocrx_word' id='word_1_829' title='bbox 2680 4909 3150 4983; x_wconf 81' lang='lat' dir='ltr'><strong>justiﬁeationem,</strong></span> <span class='ocrx_word' id='word_1_830' title='bbox 3199 4921 3296 4961; x_wconf 91' lang='lat' dir='ltr'><strong>ore</strong></span> <span class='ocrx_word' id='word_1_831' title='bbox 3332 4912 3508 4958; x_wconf 89' lang='lat' dir='ltr'><strong>autem</strong></span> <span class='ocrx_word' id='word_1_832' title='bbox 3540 4917 3676 4956; x_wconf 84' lang='lat' dir='ltr'><strong>con-</strong></span> 
     </span>
    </p>
   </div>
   <div class='ocr_carea' id='block_1_110' title="bbox 2108 4995 3685 5068">
    <p class='ocr_par' dir='ltr' id='par_1_110' title="bbox 2108 4995 3685 5068">
     <span class='ocr_line' id='line_1_110' title="bbox 2108 4995 3685 5068; baseline -0.013 -2"><span class='ocrx_word' id='word_1_833' title='bbox 2108 5013 2273 5068; x_wconf 78' lang='lat' dir='ltr'><strong>fessio</strong></span> <span class='ocrx_word' id='word_1_834' title='bbox 2312 5010 2369 5064; x_wconf 83' lang='lat' dir='ltr'><strong>ﬁt</strong></span> <span class='ocrx_word' id='word_1_835' title='bbox 2392 5010 2457 5064; x_wconf 90' lang='lat' dir='ltr'><strong>ad</strong></span> <span class='ocrx_word' id='word_1_836' title='bbox 2491 5007 2718 5061; x_wconf 90' lang='lat' dir='ltr'><strong>salutem</strong></span> <span class='ocrx_word' id='word_1_837' title='bbox 2749 5004 2794 5035; x_wconf 79' lang='grc'><strong>³⁸</strong></span> <span class='ocrx_word' id='word_1_838' title='bbox 2821 5003 2887 5056; x_wconf 78' lang='grc'><strong>³⁷.</strong></span> <span class='ocrx_word' id='word_1_839' title='bbox 2919 5020 2937 5054; x_wconf 75' lang='grc' dir='ltr'><strong>ι</strong></span> <span class='ocrx_word' id='word_1_840' title='bbox 2974 4999 3056 5054; x_wconf 93' lang='lat' dir='ltr'><strong>Sit</strong></span> <span class='ocrx_word' id='word_1_841' title='bbox 3082 5001 3262 5067; x_wconf 89' lang='lat' dir='ltr'><strong>itaque</strong></span> <span class='ocrx_word' id='word_1_842' title='bbox 3290 4998 3341 5050; x_wconf 92' lang='lat' dir='ltr'><strong>in</strong></span> <span class='ocrx_word' id='word_1_843' title='bbox 3396 4995 3551 5049; x_wconf 88' lang='lat' dir='ltr'><strong>labiis</strong></span> <span class='ocrx_word' id='word_1_844' title='bbox 3586 5010 3685 5047; x_wconf 80' lang='lat' dir='ltr'><strong>no—</strong></span> 
     </span>
    </p>
   </div>
   <div class='ocr_carea' id='block_1_111' title="bbox 2109 5087 3678 5165">
    <p class='ocr_par' dir='ltr' id='par_1_111' title="bbox 2109 5087 3678 5165">
     <span class='ocr_line' id='line_1_111' title="bbox 2109 5087 3678 5165; baseline -0.015 -4"><span class='ocrx_word' id='word_1_845' title='bbox 2109 5105 2241 5161; x_wconf 90' lang='lat' dir='ltr'><strong>stris</strong></span> <span class='ocrx_word' id='word_1_846' title='bbox 2271 5102 2486 5157; x_wconf 90' lang='lat' dir='ltr'><strong>divinus</strong></span> <span class='ocrx_word' id='word_1_847' title='bbox 2517 5098 2704 5159; x_wconf 89' lang='lat' dir='ltr'><strong>carbo,</strong></span> <span class='ocrx_word' id='word_1_848' title='bbox 2753 5095 2846 5165; x_wconf 92' lang='lat' dir='ltr'><strong>qui</strong></span> <span class='ocrx_word' id='word_1_849' title='bbox 2872 5092 3076 5162; x_wconf 86' lang='lat' dir='ltr'><strong>peccati</strong></span> <span class='ocrx_word' id='word_1_850' title='bbox 3119 5088 3438 5160; x_wconf 88' lang='lat' dir='ltr'><strong>quisquilias</strong></span> <span class='ocrx_word' id='word_1_851' title='bbox 3479 5087 3678 5149; x_wconf 77' lang='lat' dir='ltr'><strong>exurit,</strong></span> 
     </span>
    </p>
   </div>
   <div class='ocr_carea' id='block_1_112' title="bbox 2110 5178 3683 5266">
    <p class='ocr_par' dir='ltr' id='par_1_112' title="bbox 2110 5178 3683 5266">
     <span class='ocr_line' id='line_1_112' title="bbox 2110 5178 3683 5266; baseline -0.013 -14"><span class='ocrx_word' id='word_1_852' title='bbox 2110 5208 2166 5253; x_wconf 90' lang='lat' dir='ltr'><strong>et</strong></span> <span class='ocrx_word' id='word_1_853' title='bbox 2191 5194 2491 5266; x_wconf 90' lang='lat' dir='ltr'><strong>iniquitatis</strong></span> <span class='ocrx_word' id='word_1_854' title='bbox 2536 5191 2725 5248; x_wconf 87' lang='lat' dir='ltr'><strong>sordes</strong></span> <span class='ocrx_word' id='word_1_855' title='bbox 2747 5188 2941 5256; x_wconf 85' lang='lat' dir='ltr'><strong>liquat,</strong></span> <span class='ocrx_word' id='word_1_856' title='bbox 2968 5192 3023 5239; x_wconf 91' lang='lat' dir='ltr'><strong>et</strong></span> <span class='ocrx_word' id='word_1_857' title='bbox 3047 5198 3147 5237; x_wconf 89' lang='lat' dir='ltr'><strong>nos</strong></span> <span class='ocrx_word' id='word_1_858' title='bbox 3178 5181 3374 5252; x_wconf 87' lang='lat' dir='ltr'><strong>spiritu</strong></span> <span class='ocrx_word' id='word_1_859' title='bbox 3406 5178 3683 5235; x_wconf 83' lang='lat' dir='ltr'><strong>ferventes</strong></span> 
     </span>
    </p>
   </div>
   <div class='ocr_carea' id='block_1_113' title="bbox 2113 5271 3679 5353">
    <p class='ocr_par' dir='ltr' id='par_1_113' title="bbox 2113 5271 3679 5353">
     <span class='ocr_line' id='line_1_113' title="bbox 2113 5271 3679 5353; baseline -0.014 -9"><span class='ocrx_word' id='word_1_860' title='bbox 2113 5288 2305 5344; x_wconf 89' lang='lat' dir='ltr'><strong>reddit.</strong></span> <span class='ocrx_word' id='word_1_861' title='bbox 2331 5272 2483 5353; x_wconf 85' lang='lat' dir='ltr'><strong>Quod</strong></span> <span class='ocrx_word' id='word_1_862' title='bbox 2508 5292 2687 5338; x_wconf 90' lang='lat' dir='ltr'><strong>autem</strong></span> <span class='ocrx_word' id='word_1_863' title='bbox 2716 5279 2914 5335; x_wconf 91' lang='lat' dir='ltr'><strong>dicitur</strong></span> <span class='ocrx_word' id='word_1_864' title='bbox 2949 5274 3155 5343; x_wconf 85' lang='lat' dir='ltr'><strong>forcipe</strong></span> <span class='ocrx_word' id='word_1_865' title='bbox 3214 5272 3404 5342; x_wconf 83' lang='lat' dir='ltr'><strong>accipi,</strong></span> <span class='ocrx_word' id='word_1_866' title='bbox 3460 5271 3679 5340; x_wconf 85' lang='lat' dir='ltr'><strong>elegan—</strong></span> 
     </span>
    </p>
   </div>
   <div class='ocr_carea' id='block_1_114' title="bbox 2112 5363 3680 5447">
    <p class='ocr_par' dir='ltr' id='par_1_114' title="bbox 2112 5363 3680 5447">
     <span class='ocr_line' id='line_1_114' title="bbox 2112 5363 3680 5447; baseline -0.013 -13"><span class='ocrx_word' id='word_1_867' title='bbox 2112 5390 2193 5434; x_wconf 88' lang='lat' dir='ltr'><strong>ter</strong></span> <span class='ocrx_word' id='word_1_868' title='bbox 2217 5378 2520 5447; x_wconf 83' lang='lat' dir='ltr'><strong>intelliges;</strong></span> <span class='ocrx_word' id='word_1_869' title='bbox 2569 5373 2712 5445; x_wconf 89' lang='lat' dir='ltr'><strong>quod</strong></span> <span class='ocrx_word' id='word_1_870' title='bbox 2761 5371 2917 5426; x_wconf 88' lang='lat' dir='ltr'><strong>tidem</strong></span> <span class='ocrx_word' id='word_1_871' title='bbox 2973 5368 3027 5421; x_wconf 93' lang='lat' dir='ltr'><strong>in</strong></span> <span class='ocrx_word' id='word_1_872' title='bbox 3058 5368 3174 5436; x_wconf 92' lang='lat' dir='ltr'><strong>ipso</strong></span> <span class='ocrx_word' id='word_1_873' title='bbox 3207 5380 3270 5419; x_wconf 88' lang='lat' dir='ltr'><strong>ac</strong></span> <span class='ocrx_word' id='word_1_874' title='bbox 3316 5363 3680 5433; x_wconf 86' lang='lat' dir='ltr'><strong>cognitionem</strong></span> 
     </span>
    </p>
   </div>
   <div class='ocr_carea' id='block_1_115' title="bbox 2112 5460 3683 5541">
    <p class='ocr_par' dir='ltr' id='par_1_115' title="bbox 2112 5460 3683 5541">
     <span class='ocr_line' id='line_1_115' title="bbox 2112 5460 3683 5541; baseline -0.012 -15"><span class='ocrx_word' id='word_1_875' title='bbox 2112 5471 2373 5541; x_wconf 86' lang='lat' dir='ltr'><strong>legalibus</strong></span> <span class='ocrx_word' id='word_1_876' title='bbox 2428 5477 2484 5523; x_wconf 91' lang='lat' dir='ltr'><strong>et</strong></span> <span class='ocrx_word' id='word_1_877' title='bbox 2526 5465 2858 5538; x_wconf 86' lang='lat' dir='ltr'><strong>propheticis</strong></span> <span class='ocrx_word' id='word_1_878' title='bbox 2910 5460 3340 5519; x_wconf 89' lang='lat' dir='ltr'><strong>institutionibus</strong></span> <span class='ocrx_word' id='word_1_879' title='bbox 3376 5460 3491 5513; x_wconf 89' lang='lat' dir='ltr'><strong>sive</strong></span> <span class='ocrx_word' id='word_1_880' title='bbox 3540 5472 3683 5524; x_wconf 61' lang='lat' dir='ltr'><strong>prae-</strong></span> 
     </span>
    </p>
   </div>
   <div class='ocr_carea' id='block_1_116' title="bbox 2114 5550 3705 5627">
    <p class='ocr_par' dir='ltr' id='par_1_116' title="bbox 2114 5550 3705 5627">
     <span class='ocr_line' id='line_1_116' title="bbox 2114 5550 3705 5627; baseline -0.013 -10"><span class='ocrx_word' id='word_1_881' title='bbox 2114 5562 2474 5624; x_wconf 85' lang='lat' dir='ltr'><strong>dictionibus,</strong></span> <span class='ocrx_word' id='word_1_882' title='bbox 2540 5568 2795 5627; x_wconf 88' lang='lat' dir='ltr'><strong>tanquam</strong></span> <span class='ocrx_word' id='word_1_883' title='bbox 2861 5554 3116 5625; x_wconf 88' lang='lat' dir='ltr'><strong>quapiam</strong></span> <span class='ocrx_word' id='word_1_884' title='bbox 3166 5550 3370 5620; x_wconf 89' lang='lat' dir='ltr'><strong>forcipe</strong></span> <span class='ocrx_word' id='word_1_885' title='bbox 3416 5550 3705 5618; x_wconf 89' lang='lat' dir='ltr'><strong>capimus..</strong></span> 
     </span>
    </p>
   </div>
   <div class='ocr_carea' id='block_1_117' title="bbox 2116 5646 3703 5725">
    <p class='ocr_par' dir='ltr' id='par_1_117' title="bbox 2116 5646 3703 5725">
     <span class='ocr_line' id='line_1_117' title="bbox 2116 5646 3703 5725; baseline -0.012 -17"><span class='ocrx_word' id='word_1_886' title='bbox 2116 5653 2268 5709; x_wconf 82' lang='lat' dir='ltr'><strong>Unde</strong></span> <span class='ocrx_word' id='word_1_887' title='bbox 2307 5652 2504 5725; x_wconf 84' lang='lat' dir='ltr'><strong>passim</strong></span> <span class='ocrx_word' id='word_1_888' title='bbox 2536 5649 2599 5705; x_wconf 88' lang='lat' dir='ltr'><strong>ad</strong></span> <span class='ocrx_word' id='word_1_889' title='bbox 2639 5649 2921 5705; x_wconf 90' lang='lat' dir='ltr'><strong>veritatem</strong></span> <span class='ocrx_word' id='word_1_890' title='bbox 2953 5646 3285 5718; x_wconf 88' lang='lat' dir='ltr'><strong>probandam</strong></span> <span class='ocrx_word' id='word_1_891' title='bbox 3314 5683 3328 5710; x_wconf 90' lang='lat'><strong>,</strong></span> <span class='ocrx_word' id='word_1_892' title='bbox 3373 5649 3703 5697; x_wconf 67' lang='lat' dir='ltr'><strong>sanctorum</strong></span> 
     </span>
    </p>
   </div>
   <div class='ocr_carea' id='block_1_118' title="bbox 514 5812 1988 5898">
    <p class='ocr_par' dir='ltr' id='par_1_118' title="bbox 514 5819 1951 5898">
     <span class='ocr_line' id='line_1_118' title="bbox 514 5819 1951 5898; baseline -0.013 -10"><span class='ocrx_word' id='word_1_893' title='bbox 514 5832 559 5862; x_wconf 72' lang='lat'>&quot;</span> <span class='ocrx_word' id='word_1_894' title='bbox 601 5830 759 5887; x_wconf 79' lang='lat' dir='ltr'><strong>Hebr.</strong></span> <span class='ocrx_word' id='word_1_895' title='bbox 793 5845 830 5898; x_wconf 81' lang='grc' dir='ltr'><strong>ι,</strong></span> <span class='ocrx_word' id='word_1_896' title='bbox 863 5827 944 5884; x_wconf 74' lang='grc'><strong>14.</strong></span> <span class='ocrx_word' id='word_1_897' title='bbox 1026 5828 1067 5858; x_wconf 79' lang='grc'><strong>³³</strong></span> <span class='ocrx_word' id='word_1_898' title='bbox 1098 5824 1252 5880; x_wconf 81' lang='lat' dir='ltr'><strong>Joan.</strong></span> <span class='ocrx_word' id='word_1_899' title='bbox 1285 5838 1322 5892; x_wconf 82' lang='grc' dir='ltr'><strong>ι,</strong></span> <span class='ocrx_word' id='word_1_900' title='bbox 1364 5821 1446 5877; x_wconf 72' lang='grc' dir='ltr'>Μ.</span> <span class='ocrx_word' id='word_1_901' title='bbox 1521 5821 1566 5853; x_wconf 76' lang='grc'><strong>⁸⁸</strong></span> <span class='ocrx_word' id='word_1_902' title='bbox 1600 5819 1755 5877; x_wconf 75' lang='lat' dir='ltr'><strong>Rom.</strong></span> <span class='ocrx_word' id='word_1_903' title='bbox 1789 5834 1861 5883; x_wconf 72' lang='lat' dir='ltr'><strong>si,</strong></span> <span class='ocrx_word' id='word_1_904' title='bbox 1896 5820 1951 5873; x_wconf 80' lang='lat'><strong>8.</strong></span> 
     </span>
    </p>
   </div>
   <div class='ocr_carea' id='block_1_119' title="bbox 2090 5812 2425 5898">
    <p class='ocr_par' dir='ltr' id='par_1_119' title="bbox 2095 5812 2425 5870">
     <span class='ocr_line' id='line_1_119' title="bbox 2095 5812 2425 5870; baseline -0.027 0"><span class='ocrx_word' id='word_1_905' title='bbox 2095 5814 2225 5870; x_wconf 84' lang='lat' dir='ltr'><strong>ibid.</strong></span> <span class='ocrx_word' id='word_1_906' title='bbox 2259 5812 2340 5866; x_wconf 78' lang='lat'><strong>10.</strong></span> <span class='ocrx_word' id='word_1_907' title='bbox 2418 5853 2425 5861; x_wconf 92' lang='lat'><strong>.</strong></span> 
     </span>
    </p>
   </div>
  </div>
