4152 6366
472 386 575 443 iss
1454 367 1524 452 s.'
1552 395 1823 453 emittat
1863 375 2335 452 ALEXANoiuNt
2372 396 2685 453 ARCHIEP.
3614 393 3716 449 ist

470 504 832 572 apostolorum
874 505 1191 577 obsignatur
1221 521 1285 563 ac
1326 509 1678 565 conlirmatur
1706 513 1899 565 oratio.
1959 511 2048 566 Ci-

2152 513 2403 583 συνήσεις
2426 512 2660 572 ἀστείως
2691 509 2774 563 ὁτι
2803 507 2985 562 πίστιν
3007 506 3106 578 τὴν
3126 508 3213 561 ἐπ’
3234 506 3403 577 αὐτῷ,
3419 507 3515 561 καὶ
3536 506 3718 577 μέντοι

473 594 597 647 tatis
625 595 766 648 enim
791 611 855 651 ex
888 597 1002 668 lege
1045 609 1101 655 et
1145 601 1422 670 prophetis
1452 602 1794 669 testimoniis,
1827 603 2030 657 audito-

2152 604 2233 674 τὴν
2259 603 2483 673 γνῶσιν,
2513 601 2767 673 καθάπερ
2795 602 2905 654 τινὶ
2934 598 3111 654 λαϐίδι
3142 598 3423 669 δεχώμεθα
3453 598 3543 653 διά
3566 615 3718 667 νομι-

472 684 621 769 ribus
649 685 809 741 ﬁdem
845 688 1046 744 faciunt
1074 707 1088 745 :
1122 692 1295 763 etipsi
1326 707 1542 763 quoque
1587 694 1873 747 carbonem
1914 707 2041 762 quo-

2152 694 2259 748 κῶν
2306 712 2366 748 τε
2413 695 2531 763 ἃμα
2587 694 2683 748 καὶ
2740 691 3095 765 προφητικῶν
3131 690 3542 759 παιδευμάτων,
3592 688 3712 758 ήτοι

471 773 767 832 dammodo
802 794 987 834 eorum
1035 781 1198 838 labris
1247 785 1555 851 admovent,
1601 799 1723 839 cum
1786 783 1943 839 fidem
1987 786 2039 838 in

2152 785 2619 856 προαγορεύσεων.
2658 783 2820 837 ’Ὅθεν
2854 784 2947 836 καὶ
2986 782 3015 834 6
3047 780 3155 833 τῶν
3184 780 3357 849 ἁγίων
3399 778 3714 832 ἀποστόλων

467 859 742 921 Christum
776 868 937 937 plane
966 871 1391 941 simpliciterque
1416 884 1713 944 exponunt.

2152 877 2228 939 είς
2262 875 2518 947 ἀλήθειαν
2560 877 2807 945 πανταχῆ
2843 871 3350 944 κατασφραγίζεται
3391 869 3566 938 λόγος.
3610 870 3721 921 Κε-

468 957 733 1028 χρημένοι
759 960 867 1032 γὰρ
900 965 1019 1027 ταῖς
1053 966 1116 1018 ἐκ
1170 967 1334 1035 νόμου
1380 969 1472 1021 καὶ
1510 969 1802 1040 προφητῶν
1843 972 2193 1041 μαρτυρίαις,
2253 970 2605 1025 ἀναπείθουσι
2642 971 2768 1033 τοὺς
2836 967 3249 1042 ἀκροωμένους,
3283 967 3374 1019 καὶ
3442 960 3723 1035 μονονουχὶ

468 1047 559 1100 τὸν
589 1050 835 1123 ἄνθρακα
871 1059 1204 1127 προσάγουσι
1235 1062 1329 1115 καὶ
1381 1064 1535 1116 αὐτοὶ
1590 1066 1703 1128 τοῖς
1752 1065 1986 1136 χείλεσιν
2047 1066 2252 1131 αὐτῶν,
2296 1067 2580 1138 ὁμολογεῖν
2622 1066 2724 1136 τὴν
2758 1064 2940 1119 πίστιν
3003 1065 3103 1135 τὴν
3147 1064 3228 1126 είς
3268 1061 3502 1133 Χριστὸν
3547 1075 3723 1128 παρα-

470 1142 841 1207 σκευάζοντες.

546 1229 702 1287 νειιε.
734 1236 784 1291 8.
821 1238 889 1292 Et
933 1244 1109 1297 audivi
1133 1261 1303 1299 vocem
1332 1246 1542 1303 Domini
1563 1250 1783 1303 dicentis
1808 1266 1827 1304 :
1874 1250 2040 1315 Quem

470 1326 710 1380 mittam?
733 1339 781 1382 et
816 1334 931 1401 quis
968 1337 1330 1404 proﬁciscetur
1362 1342 1430 1394 ad
1459 1344 1708 1412 papulum
1731 1345 1938 1398 istum?
1976 1344 2041 1398 Et

469 1416 621 1473 dixi:
657 1418 794 1477 Ecce
816 1439 909 1493 ego
949 1442 1088 1493 sum,
1122 1431 1268 1484 mitte
1293 1449 1394 1486 me.

537 1600 830 1674 Postquam
887 1608 1163 1677 prophetae
1196 1610 1337 1666 labia
1374 1617 1539 1669 carbo
1578 1615 1775 1686 tetigit,
1812 1615 2039 1684 ejusque

470 1695 1029 1768 amovitiniquitales,
1086 1710 1212 1757 tunc
1244 1718 1429 1759 vocem
1485 1705 1695 1761 Domini
1740 1709 1908 1771 audit,
1945 1724 2043 1764 nec

470 1786 779 1841 extimescit
828 1789 1081 1860 amplius,
1134 1803 1190 1848 et
1243 1803 1382 1850 tacet
1437 1796 1568 1851 illud
1616 1816 1677 1853 ιι
1712 1797 2040 1856 Omiserum

2220 1243 2333 1298 Kal
2384 1242 2625 1312 ἤκουσα
2681 1238 2792 1309 τῆς
2848 1236 3057 1308 φωνῆς
3114 1237 3337 1305 Κυρίου
3405 1237 3722 1307 λέγοντος·

2154 1338 2295 1393 Τίνα
2334 1334 2709 1399 ἀποστείλω;
2761 1331 2861 1386 καί
2899 1332 2990 1397 τίς
3026 1331 3387 1399 πορεύσεται
3433 1330 3583 1399 πρὸς
3619 1333 3726 1383 τίν

2145 1428 2301 1483 λαὸν
2339 1426 2596 1489 τοῦτον;
2637 1421 2751 1477 Καί
2799 1418 2971 1476 ebur
3016 1420 3162 1475 Ἰδοὺ
3205 1418 3319 1490 ἐγώ
3361 1421 3480 1490 ειμι
3506 1435 3519 1448 ’
3572 1420 3723 1475 ἀπό-

2146 1520 2393 1574 στειλον
2416 1534 2512 1586 με.

2224 1613 2350 1665 Ὅτε
2379 1609 2490 1662 τῶν
2530 1607 2624 1661 τοῦ
2653 1608 2931 1678 προφήτου
2963 1602 3189 1675 χειλέων
3224 1605 3252 1658 6
3289 1600 3496 1673 ἄνθραξ
3525 1601 3722 1672 ἥψατο,

2151 1703 2243 1757 καὶ
2272 1701 2559 1773 ἀφῄρηκεν
2598 1698 2763 1753 αὑτοῦ
2797 1698 2896 1761 τάς
2937 1695 3190 1761 ἀνομίας,
3233 1694 3354 1748 τότε
3395 1694 3491 1747 καὶ
3536 1692 3724 1747 ἀκούει

2148 1797 2245 1866 τῆς
2283 1795 2465 1864 φωνῆς
2505 1791 2732 1863 Κυρίου,
2764 1790 2859 1843 καὶ
2884 1789 3023 1842 δέδιε
3050 1788 3148 1859 μὲν
3174 1785 3379 1844 οὐκέτι,
3413 1787 3509 1839 καὶ
3543 1788 3725 1856 σιωπᾷ

472 1876 591 1927 me!
625 1893 643 1927 ι
688 1891 752 1930 ac
777 1892 835 1931 se
861 1877 1077 1935 fortiter
1101 1882 1167 1937 ad
1200 1883 1515 1954 legationem
1543 1887 1844 1943 obeundam
1873 1889 2039 1953 sistit,

2152 1889 2220 1954 τὸ,
2248 1908 2265 1939 ι
2296 1887 2476 1949 Τάλας
2502 1885 2664 1953 ὲγὼ,›
2703 1883 3058 1954 παρειστήκει
3083 1880 3139 1934 δὲ
3178 1880 3271 1933 καὶ
3318 1878 3462 1949 μάλα
3509 1880 3723 1949 γοργῶς

470 1978 646 2034 coque
684 1968 845 2023 veluti
906 1986 1009 2026 non
1042 1986 1280 2040 vocatus,
1314 1977 1455 2032 ultro
1480 1994 1539 2034 se
1574 1978 1767 2047 ingerit
1795 1997 1809 2033 :
1849 1999 1868 2031 ι
1902 1980 2040 2035 Ecce

468 2072 589 2125 ego,
626 2058 777 2113 mitte
800 2077 906 2118 me.
933 2081 952 2116 ι
985 2063 1135 2132 Quod
1159 2066 1300 2121 dicat
1326 2068 1466 2123 Deus
1501 2088 1515 2124 :
1548 2087 1566 2121 ι
1604 2070 1772 2137 Quem
1804 2071 2035 2132 mittam.

467 2157 523 2203 et
578 2150 700 2219 quis
759 2154 1134 2221 proﬁciscetur
1184 2159 1251 2212 ad
1302 2161 1555 2230 p0pulutn
1623 2161 1869 2216 istum?)
1934 2177 2039 2216 nun

467 2241 696 2298 dicimus
724 2259 909 2301 vocem
954 2262 1075 2304 esse
1121 2251 1440 2317 dubitantis,
1488 2263 1582 2308 aut
1620 2254 1773 2323 quasi
1830 2254 2043 2322 egentis

467 2333 648 2405 aliquo
718 2339 809 2408 qui
870 2342 1139 2407 mittatur,
1219 2346 1313 2400 sed
1391 2345 1810 2419 perstringentis
1862 2346 2042 2416 potius

467 2423 716 2480 lsraelem
745 2438 996 2502 tanquam
1018 2434 1175 2489 valde
1208 2434 1626 2501 inobedientem,
1653 2446 1708 2491 et
1728 2437 1819 2508 qui
1852 2451 2038 2492 eorum

466 2516 557 2585 qui
614 2521 763 2574 missi
816 2531 944 2577 sunt
1011 2524 1211 2578 nemini
1259 2524 1729 2596 obsecundaverit,
1778 2528 1888 2583 imo
1947 2543 2043 2585 eos

469 2615 822 2671 interemerit.
877 2618 1009 2673 Nam
1063 2622 1202 2676 alios
1249 2622 1639 2679 contumeliose
1717 2632 2040 2685 tractarunt,

470 2707 774 2776 lapidarunt
811 2711 966 2779 alios,
1023 2713 1184 2785 109
1236 2714 1371 2771 alios
1426 2716 1589 2771 etiam
1621 2716 2038 2774 interfecerunt:

468 2804 927 2869 quemadmodum
978 2816 1033 2861 et
1095 2806 1347 2862 Christus
1377 2807 1561 2873 dixit,
1602 2820 1855 2866 contexta
1888 2812 2046 2867 nobis

470 2890 522 2943 in
550 2890 851 2962 Evangeliis
878 2895 1149 2967 parabola.
1192 2896 1365 2963 Quem
1409 2913 1540 2970 ergo
1565 2900 1819 2954 mittam?
1845 2900 2045 2971 Ecquis

470 2982 845 3049 proficiscetur
895 2986 961 3041 ad
1016 2987 1268 3057 p0pulum
1307 2990 1502 3056 istum,
1545 2991 1637 3059 qui
1708 3002 1833 3045 ante
1866 2993 2046 3048 missis

470 3088 575 3127 non
631 3076 879 3143 credidit,
924 3078 1013 3147 qui
1054 3079 1240 3144 durus,
1276 3081 1365 3150 qui
1417 3081 1652 3147 crudelis
1697 3082 2045 3138 fuit?Etre-

469 3166 583 3235 ipsa
647 3170 1068 3238 comprobarunt
1152 3188 1258 3228 non
1326 3189 1451 3229 esse
1513 3175 1750 3231 hominis
1810 3174 2115 3271 cujusvisc

468 3273 592 3313 cum
621 3258 727 3313 illis
750 3276 863 3314 rem
892 3262 1115 3330 habere,
1167 3266 1261 3320 sed
1292 3268 1593 3321 constantis
1621 3267 1817 3331 solum,
1846 3278 1900 3322 et
1923 3284 2047 3337 pro-

471 3350 641 3417 priam
690 3351 857 3420 ipsam
890 3353 1053 3407 vitam
1098 3354 1405 3412 abnuentis.
1454 3357 1605 3423 Quod
1640 3374 1768 3413 vero
1812 3358 1951 3413 ﬂecti
1986 3376 2048 3415 ac

472 3445 675 3499 moveri
697 3446 914 3502 omnino
942 3447 1178 3503 noluerit
1216 3446 1401 3514 Israel,
1428 3450 1555 3506 licet
1587 3467 1654 3507 ex
1691 3453 1773 3507 his
1806 3453 2045 3517 discere,

471 3550 592 3605 quas
654 3537 792 3593 Deus
846 3542 912 3594 ad
966 3542 1178 3595 beatum
1234 3543 1552 3612 prophetam
1604 3543 1941 3600 Ezechielem
1975 3545 2050 3599 lo-

469 3640 628 3683 cutus
656 3640 757 3695 εει,
785 3644 903 3700 qua:
940 3631 1011 3685 ita
1042 3647 1101 3687 se
1130 3634 1329 3688 habent
1356 3651 1369 3687 :
1400 3652 1419 3685 ι
1455 3633 1554 3689 Fili
1608 3637 1864 3701 hominis,
1891 3638 2045 3702 vade,

472 3719 756 3793 ingredere
804 3725 871 3778 ad
916 3728 1132 3780 domum
1183 3726 1370 3793 Israel,
1403 3740 1455 3783 et
1502 3728 1726 3797 loquere
1772 3744 2051 3785 sermones

474 3830 623 3869 meos
649 3817 713 3868 ad
761 3831 921 3871 eum:
951 3819 1206 3887 quoniam
1270 3836 1375 3875 non
1421 3821 1487 3876 ad
1516 3821 1768 3892 populum
1798 3821 2048 3891 profundi

474 3904 600 3959 lahii
630 3916 686 3959 et
722 3909 902 3976 gravis
961 3910 1153 3980 linguae
1182 3913 1474 3976 emitteris,
1510 3913 1577 3969 ad
1617 3914 1833 3969 domum
1864 3914 2049 3980 Israel,

474 4012 650 4067 neque
693 4001 759 4054 ad
818 4000 1041 4071 p0pnlos
1070 4003 1268 4059 multos
1294 4002 1522 4060 alterius
1550 4004 1722 4072 vocis,
1749 4005 1830 4060 vel
1858 4004 2053 4060 aliena:

474 4088 708 4159 linguae;
746 4106 918 4161 neque
941 4092 1006 4147 ad
1047 4108 1161 4160 eos,
1196 4095 1286 4163 qui
1311 4111 1503 4168 graves
1531 4096 1711 4167 lingua
1741 4107 1891 4162 sunt,
1919 4111 2055 4167 quo-

473 4195 594 4236 rum
646 4197 923 4240 sermones
974 4201 1081 4243 non
1133 4189 1340 4244 audies.
1396 4189 1543 4245 Etsi
1583 4191 1651 4244 ad
1695 4190 1832 4246 tales
1874 4191 2054 4244 misis-

474 4289 589 4332 sem
630 4286 713 4344 te,
761 4279 1035 4335 audissent
1079 4288 1133 4335 te
1174 4299 1189 4336 :
1235 4290 1292 4337 at
1346 4282 1537 4338 domus
1593 4282 1761 4338 Israel
1794 4298 1898 4338 non
1937 4283 2054 4338 vult

476 4369 668 4424 audire
698 4378 773 4437 te,
818 4372 943 4439 quia
987 4370 1180 4427 nolunt
1240 4373 1429 4428 audire
1471 4386 1557 4427 me
1592 4391 1608 4428 :
1647 4375 1905 4443 quoniam
1942 4383 2053 4427 tota

476 4463 667 4516 domus
697 4461 859 4516 Israel
902 4464 1234 4519 contentiosa
1297 4474 1402 4533 est,
1469 4475 1525 4521 et
1556 4466 1696 4520 duro
1750 4466 1915 4522 corde
1933 4467 1998 4518 ’⁸.
2029 4485 2047 4517 ι

2142 1980 2336 2034 ἑαυτὸν
2370 1981 2451 2042 είς
2494 1976 2821 2047 ἀποστολὴν,
2857 1975 2952 2028 καὶ
2978 1967 3089 2027 οἷον
3122 1971 3423 2040 αὐτόμολος
3460 1973 3539 2033 είς
3567 1968 3724 2023 τοῦτό

2141 2092 2223 2128 τοι
2265 2071 2391 2138 ίὼν,
2428 2070 2509 2136 τὸ,
2547 2090 2565 2123 ι
2600 2069 2731 2123 Ἰδοὺ
2764 2067 2899 2135 ἐγὼ,
2934 2064 3253 2119 ἀπόστειλον
3300 2080 3386 2134 με.
3414 2081 3432 2113 ι
3466 2063 3531 2115 Εἰ
3562 2061 3617 2114 δὲ
3656 2061 3721 2129 δὴ

2142 2166 2292 2235 λέγοι
2337 2164 2500 2227 Θεός’
2536 2180 2554 2214 ι
2580 2161 2715 2214 Τίνα
2749 2157 3089 2222 ἀποστείλω;
3137 2157 3232 2209 καὶ
3270 2154 3354 2218 τίς
3396 2153 3724 2225 πορεύσεται

2143 2259 2280 2332 πρὸς
2315 2259 2407 2310 τόν
2436 2254 2565 2309 λαὸν
2594 2253 2811 2316 τούτους
2838 2251 2975 2304 »οὐκ
3002 2248 3341 2320 ήπορηκάτος
3372 2242 3513 2300 εἷναί
3545 2262 3722 2315 φαμεν

2142 2352 2242 2423 τὴν
2291 2349 2475 2421 φωνὴν
2494 2388 2510 2413 ,
2568 2346 2691 2402 οὐδὲ
2747 2342 2858 2399 οἷον
2914 2345 2972 2396 ὲν
3038 2342 3234 2395 σπάνει
3296 2339 3580 2409 γεγονότος
3626 2336 3723 2390 τοῦ

2144 2460 2213 2496 πε
2221 2439 2626 2514 μφθησομένου,
2646 2432 3079 2503 καταιτιωμένου
3105 2433 3162 2485 δὲ
3182 2431 3382 2502 μᾶλλον
3402 2430 3493 2482 τὸν
3508 2428 3725 2501 Ἰσραὴλ

2144 2535 2220 2598 ὡς
2256 2532 2457 2601 ἀπειθῆ
2503 2530 2656 2592 λίαν,
2700 2528 2795 2581 καὶ
2840 2525 3061 2590 εἴξαντα
3104 2524 3201 2594 μὲν
3236 2521 3413 2575 οὐδενὶ
3444 2519 3553 2573 τῶν
3587 2536 3721 2590 προ-

2146 2623 2596 2694 απεσταλμένων,
2634 2619 2972 2675 ἀπεκτονότα
2998 2617 3055 2670 δὲ
3092 2615 3295 2685 μᾶλλον
3323 2612 3540 2677 αὐτούς.
3584 2612 3725 2673 Τοὺς

2148 2717 2251 2789 μὲν
2302 2715 2413 2787 γὰρ
2462 2714 2714 2785 ὕϐρισαν,
2768 2712 2894 2772 τοὺς
2942 2708 2997 2762 δὲ
3046 2705 3451 2775 ἐλιθοϐόλησαν,
3505 2702 3631 2767 τοὺς
3667 2700 3725 2754 δὲ

2145 2808 2495 2868 ἀπέκτειναν,
2519 2800 2665 2856 καθά
2692 2818 2858 2871 φησιν
2888 2801 2916 2851 6
2936 2797 3207 2869 Χριστὸς,
3240 2795 3336 2865 τήν
3365 2797 3423 2846 ὲν
3475 2795 3587 2856 τοῖς
3622 2792 3722 2845 Eti-

2146 2898 2422 2969 αγγελίοις
2483 2898 2613 2968 ἡμῖν
2651 2894 2918 2956 συντιθεὶς
2966 2890 3303 2963 παραϐολήν.
3347 2887 3480 2940 Τίνα
3523 2886 3587 2956 δὴ
3630 2880 3724 2939 οὖν

2146 2992 2275 3062 ἄρα,
2305 2990 2487 3060 φησὶν,
2543 2985 2879 3049 ἀποστείλω;
2921 2983 3032 3038 Καὶ
3074 2982 3155 3046 τίς
3202 2978 3530 3051 πορεύσεται
3584 2977 3724 3048 πρὸς

2146 3084 2237 3137 τὸν
2285 3082 2413 3135 λαὸν
2470 3080 2689 3146 τοῦτον;
2756 3078 2805 3130 οἳ
2858 3079 2970 3139 τοῖς
3026 3075 3127 3144 ἤδη
3183 3070 3725 3144 προαπεσταλμένοις

2148 3172 2534 3245 ἠπειθηκότες,
2582 3171 2806 3241 σκληροί
2835 3168 2894 3221 τέ
2937 3170 3042 3221 εἰσι
3065 3166 3206 3233 ..καὶ
3239 3164 3562 3234 δυσάντητοι
3588 3203 3603 3228 ,
3634 3161 3727 3215 καὶ

2147 3266 2213 3319 δι’
2243 3263 2423 3318 αὐτῶν
2465 3258 2672 3325 ἔδειξαν
2715 3259 2823 3312 τῶν
2863 3260 3225 3329 πραγμάτων,
3278 3256 3352 3319 ώς
3391 3255 3491 3308 ούκ
3539 3253 3607 3307 ἀν
3639 3253 3724 3323 εἴη

2146 3357 2241 3411 τοῦ
2265 3357 2517 3425 τυχόντος
2552 3352 2879 3424 προσϐαλεῖν
2917 3352 3121 3414 αὐτοῖς,
3166 3350 3326 3420 μόνου
3367 3348 3423 3401 δὲ
3463 3346 3606 3416 τάχα
3630 3344 3726 3399 τοῦ

2149 3449 2244 3503 καὶ
2294 3446 2465 3518 αὐτῆς
2509 3443 2889 3512 ἀπεγνωκότος
2934 3443 3035 3511 τῆς
3093 3441 3228 3505 ἰδίας
3276 3440 3444 3509 ζωῆς.
3492 3439 3613 3492 Ὅτι
3670 3436 3727 3490 δὲ

2149 3539 2373 3608 γέγονεν
2410 3536 2697 3608 ἀκαμπὴς.
2731 3533 2826 3587 καὶ
2858 3532 3217 3602 ἀνουθέτητος
3247 3530 3387 3599 ἄγαν
3412 3532 3442 3584 6
3486 3526 3724 3598 Ἰσραὴλ,

2150 3630 2419 3703 ἀναμάθοι
2457 3646 2542 3691 τις
2576 3629 2643 3682 ἂν
2680 3627 2775 3681 καὶ
2815 3626 2880 3679 δι’
2907 3618 2982 3679 ὧν
3011 3624 3114 3695 ἔφη
3153 3623 3285 3687 Θεὸς
3323 3622 3460 3695 πρὸς
3504 3621 3595 3673 τὸν
3632 3637 3728 3689 μα-

2152 3725 2347 3796 κάριον
2381 3720 2649 3792 Ἐζεχιήλ.
2684 3720 2839 3789 Ἔχει
2882 3717 2939 3770 δὲ
2984 3717 3189 3779 οὕτως·
3222 3734 3241 3767 ι
3275 3716 3371 3768 Υίὲ
3414 3713 3725 3781 ἀνθρώπου,

2155 3816 2357 3889 βάδιζε,
2386 3813 2595 3868 εἴσελθε
2616 3814 2695 3875 εἰς
2720 3811 2813 3865 τὸν
2841 3806 2989 3865 οἷκον
3009 3809 3101 3863 τοῦ
3119 3808 3355 3880 Ἰσραήλ,
3382 3809 3475 3861 καὶ
3495 3805 3727 3874 λάλησον

2152 3911 2278 3972 τοὺς
2304 3907 2494 3976 λόγους
2527 3923 2627 3977 μου
2661 3904 2797 3975 πρὸς
2821 3903 3007 3969 αὑτὸν,
3039 3902 3173 3955 διότι
3202 3902 3261 3955 οὐ
3291 3900 3429 3971 πρὸς
3472 3899 3600 3953 λαὸν
3632 3898 3729 3968 βα-

2154 3997 2404 4069 θύχειλον
2432 3996 2527 4050 καὶ
2557 3995 2975 4067 βραδύγλωσσον
3009 3992 3397 4066 ὲξαποστέλλῃ,
3419 3992 3557 4064 πρὸς
3580 3986 3729 4045 οἷκον

2152 4091 2248 4145 τοῦ
2281 4088 2517 4160 Ἰσραὴλ,
2548 4087 2669 4141 οὐδὲ
2705 4085 2839 4157 πρὸς
2882 4085 3044 4149 λαοὺς
3087 4085 3316 4148 πολλοὺς
3364 4082 3728 4153 ἀλλοφώνους,

2152 4184 2189 4254 ἢ
2242 4180 2673 4252 ἀλλογλώσσους,
2706 4179 2827 4233 οὐδὲ
2862 4177 3155 4248 στιϐαροὺς
3186 4179 3253 4247 τῇ
3284 4175 3507 4248 γλώσσῃ
3544 4175 3729 4238 δντας,

2155 4271 2230 4328 ὧν
2278 4274 2379 4328 οὐκ
2423 4272 2634 4344 ἀκούσῃ
2675 4271 2804 4335 τοὺς
2854 4270 3048 4340 λόγους
3088 4268 3287 4323 αὐτῶν.
3333 4268 3444 4322 Καὶ
3492 4269 3541 4321 εί
3593 4267 3732 4338 πρὸς

2156 4367 2433 4430 τοιούτους
2460 4363 2818 4432 ὲξαπέστειλά
2849 4379 2929 4426 σε,
2955 4362 3108 4414 αὐτοὶ
3132 4359 3198 4414 ἂν
3234 4360 3560 4430 εἰσήκουσάν
3590 4376 3684 4412 σου
3714 4376 3728 4389 ’

2157 4462 2186 4514 6
2226 4460 2284 4513 δὲ
2330 4454 2477 4521 οἶκος
2522 4455 2617 4510 τοῦ
2662 4454 2881 4526 Ἰσραὴλ
2916 4457 2977 4507 οὐ
3018 4454 3093 4524 μὴ
3142 4451 3462 4523 θελήσουσιν
3499 4450 3731 4504 ἀκοῦσαί

475 4554 707 4609 Tantum
750 4571 855 4610 non
913 4556 1161 4612 videlicet
1200 4555 1478 4621 dubitans,
1508 4565 1582 4625 et,
1628 4568 1689 4613 ut
1720 4561 1879 4615 modo
1918 4561 2048 4625 dixi,

2160 4570 2274 4616 σου,
2321 4552 2456 4605 διότι
2496 4550 2556 4602 ού
2604 4547 2882 4619 βούλονται
2923 4544 3241 4599 εἰσακοῦσαι
3285 4562 3419 4615 μου,
3450 4545 3534 4597 ὅτι
3570 4544 3677 4605 πᾶς
3705 4544 3733 4595 ὁ

474 4648 545 4701 ob
613 4647 832 4702 multam
910 4648 1280 4703 crudelitatem
1361 4649 1635 4707 lsraelitas
1711 4651 2050 4706 insimulans.

475 4737 646 4806 Quem
688 4738 851 4809 igitur
888 4740 1089 4795 mitto?
1132 4740 1397 4811 Propheta
1456 4742 1619 4811 igitur
1640 4744 1785 4797 omni
1828 4753 2054 4797 cuncta-

476 4830 624 4883 tione
660 4829 910 4899 abjecta:
962 4849 982 4883 (
1022 4830 1181 4896 Ecce,
1252 4831 1449 4902 inquit,
1508 4846 1630 4902 ego,
1688 4833 1849 4887 mitte"
1885 4848 1989 4887 me.
2030 4852 2048 4885 ι

479 4920 707 4985 Quando
733 4936 862 4994 ergo
884 4932 937 4978 et
969 4938 1067 4979 nos
1088 4923 1301 4979 divinus
1345 4924 1511 4980 carbo
1530 4924 1838 4996 contigerit,
1871 4925 1938 4978 ab
1969 4923 2055 4979 of-

482 5010 648 5067 fensis
674 5014 790 5081 puri
812 5013 1041 5078 erimus,
1076 5021 1131 5068 et
1158 5015 1412 5084 prompti,
1454 5022 1619 5085 atque
1641 5013 1710 5069 ad
1762 5028 2048 5084 capessen-

483 5102 606 5155 dam
660 5102 984 5175 legationem
1016 5103 1330 5174 iuveniliter
1359 5105 1600 5161 alacres:
1650 5106 1793 5174 quod
1820 5114 1875 5159 et
1913 5104 2057 5160 fece-

484 5196 799 5251 runtdivini
831 5198 1103 5268 discipuli.
1153 5197 1412 5266 Quamvis
1438 5199 1581 5253 enim
1633 5213 1699 5287 εει
1730 5196 1931 5253 Judmis
1969 5212 2059 5253 es-

423 5324 434 5343 t
481 5297 623 5353 St'lll,
648 5296 704 5343 et
726 5297 854 5344 ante
877 5290 1202 5344 charitatem
1246 5291 1299 5345 in
1326 5290 1605 5346 Christum
1639 5289 1917 5357 donatam,
1958 5291 2059 5345 im~

485 5394 614 5448 pura
650 5387 705 5433 et
734 5380 837 5448 ipsi
871 5380 1009 5435 labia
1036 5380 1300 5436 haberent
1324 5395 1449 5435 cum
1482 5381 1696 5437 caeteris
1730 5399 1744 5436 :
1776 5391 2060 5451 postquam

487 5483 663 5526 tamen
718 5473 873 5528 [idem
892 5473 1266 5542 admisissent,
1301 5475 1618 5544 praeclaram
1666 5474 2059 5530 confessionem

481 5561 789 5628 ediderunt,
823 5578 887 5618 ac
920 5564 1087 5619 carbo
1132 5578 1227 5620 eos
1277 5565 1468 5637 tetigit,
1496 5580 1561 5621 ac
1601 5574 1712 5620 tum
1751 5565 1964 5635 quidem
1992 5564 2058 5618 ad

484 5653 805 5723 legationem
835 5658 1005 5712 vocati
1034 5667 1182 5724 sunt,
1213 5667 1267 5714 et
1328 5659 1443 5713 sine
1476 5674 1627 5714 mora
1656 5658 2020 5729 sequebantur
2046 5678 2057 5712 :

558 5810 602 5845 "
633 5811 828 5869 Elcclt.
870 5828 955 5877 Ill,
993 5813 1131 5879 ι,-7.

2156 4640 2305 4708 οἶκος
2320 4643 2413 4697 τοῦ
2430 4642 2646 4714 Ἰσραὴλ
2667 4639 2959 4711 φιλόνεικοι
2978 4641 3106 4701 εἱσι,
3134 4639 3231 4691 καὶ
3253 4635 3692 4707 σκληροκάρδιοι.
3707 4652 3725 4683 ι

2158 4737 2402 4799 Εἰκότως
2427 4735 2490 4806 δὴ
2514 4730 2607 4788 οὖν
2648 4732 2929 4804 μονονουχὶ
2957 4732 3263 4802 ἀπορήσας,
3314 4729 3512 4799 μᾶλλον
3535 4727 3613 4788 δὲ,
3655 4724 3730 4789 ὡς

2160 4828 2318 4899 ἔφην,
2345 4826 2547 4897 ἀρτίως
2576 4825 2670 4876 ἐπὶ
2697 4822 2864 4893 πολλῇ
2889 4822 3009 4875 λίαν
3035 4819 3278 4890 ὠμότητι
3302 4814 3731 4885 καταιτιώμενος

2160 4922 2287 4983 τοὺς
2319 4919 2378 4983 ἐξ
2413 4917 2649 4990 Ἰσραήλ.
2682 4916 2817 4969 Τίνα
2852 4914 2916 4985 δὴ
2950 4909 3044 4968 οὖν
3073 4910 3411 4975 ἀποστείλω;
3444 4907 3733 4976 Μελλήσας

2162 5014 2226 5087 δὴ
2252 5010 2345 5068 οὖν
2373 5014 2402 5065 6
2429 5011 2716 5083 προφήτης
2735 5008 2855 5062 κατ’
2879 5006 3070 5060 οὐδένα
3103 5004 3303 5074 τρόπον
3319 5016 3333 5030 ·
3358 5020 3377 5053 ι
3400 4998 3531 5053 Ἰδοὺ
3563 4998 3730 5065 syth,»

2165 5107 2353 5178 φησὶν,
2389 5122 2408 5154 ι
2446 5100 2766 5156 ἀπόστειλόν
2805 5115 2893 5169 με.
2930 5116 2949 5149 ι
2973 5098 3143 5151 Ὅταν
3172 5095 3351 5147 τοίνυν
3382 5091 3477 5146 καὶ⁹
3516 5089 3676 5161 ἡμῶν
3706 5088 3736 5140 6

2166 5195 2308 5260 θεῖος
2333 5192 2537 5265 ἄνθραξ
2570 5192 2923 5261 ὲπιθιγγάνῃ,
2955 5186 3186 5258 καθαροὶ
3225 5185 3324 5257 μὲν
3357 5182 3595 5255 ἐσόμεθα
3630 5182 3741 5235 τῶν

2165 5286 2617 5357 διεπταισμένων,
2645 5284 2914 5355 πρόθυμοι
2944 5282 3002 5335 δὲ
3043 5279 3138 5334 καὶ
3164 5276 3402 5332 νεανικοὶ
3436 5275 3575 5347 πρὸς
3606 5275 3743 5328 ἀπο-

2166 5382 2380 5453 στολὴν,
2407 5381 2436 5433 ὂ
2459 5381 2521 5451 δὴ
2563 5379 2658 5433 καὶ
2687 5377 3034 5448 πεπράκασιν
3063 5376 3112 5427 οἱ
3157 5370 3434 5426 θεστιὲσιοι
3478 5365 3740 5439 μαθηταί.

2166 5472 2361 5525 Καίτοι
2408 5470 2518 5541 γάρ
2559 5468 2712 5532 ὄντες
2758 5467 2817 5531 ἐξ
2869 5464 3173 5531 Ἰουδαίων,
3218 5462 3314 5515 καὶ
3359 5460 3464 5530 πρὸ
3505 5461 3603 5527 τῆς
3664 5460 3744 5521 εἰς

2168 5563 2402 5635 Χριστὸν
2428 5562 2667 5632 ἀγάπης,
2704 5557 2991 5628 ἀκάθαρτά
3023 5573 3127 5610 που
3161 5556 3253 5609 καὶ
3284 5552 3463 5606 αὐτῶν
3496 5550 3564 5604 τά
3593 5548 3739 5620 χείλη

2173 5655 2312 5729 μετά
2340 5655 2445 5709 τῶν
2477 5654 2649 5711 ἄλλων
2681 5652 2914 5725 ἔχοντες,
2960 5648 3153 5721 ἐπειδὴ
3184 5648 3241 5701 δὲ
3276 5646 3623 5719 προσήκαντο
3647 5643 3736 5713 τὴε.
