  <div class='ocr_page' id='page_1' title='image "/cluster/home/n/w/nwhite01/storage/ocr_20150623/70/nnc1.0046980253/110.png"; bbox 0 0 4152 6366; ppageno 0'>
   <div class='ocr_carea' id='block_1_1' title="bbox 418 395 522 453">
    <p class='ocr_par' dir='ltr' id='par_1_1' title="bbox 418 395 522 453">
     <span class='ocr_line' id='line_1_1' title="bbox 418 395 522 453; baseline 0 0"><span class='ocrx_word' id='word_1_1' title='bbox 418 395 522 453; x_wconf 72' lang='grc'><strong>185</strong></span> 
     </span>
    </p>
   </div>
   <div class='ocr_carea' id='block_1_2' title="bbox 1583 406 2553 479">
    <p class='ocr_par' dir='ltr' id='par_1_2' title="bbox 1583 406 2553 479">
     <span class='ocr_line' id='line_1_2' title="bbox 1583 406 2553 479; baseline 0.02 -19"><span class='ocrx_word' id='word_1_2' title='bbox 1583 406 1653 461; x_wconf 81' lang='grc' dir='ltr'><strong>ΙΝ</strong></span> <span class='ocrx_word' id='word_1_3' title='bbox 1692 406 1924 464; x_wconf 73' lang='grc' dir='ltr'><strong>18ΑΙΔΜ</strong></span> <span class='ocrx_word' id='word_1_4' title='bbox 1966 411 2095 468; x_wconf 82' lang='lat' dir='ltr'><strong>LIB.</strong></span> <span class='ocrx_word' id='word_1_5' title='bbox 2142 414 2181 469; x_wconf 94' lang='lat' dir='ltr'><strong>l.</strong></span> <span class='ocrx_word' id='word_1_6' title='bbox 2220 415 2428 476; x_wconf 71' lang='lat' dir='ltr'><strong>ORAT.</strong></span> <span class='ocrx_word' id='word_1_7' title='bbox 2468 418 2553 479; x_wconf 88' lang='lat' dir='ltr'><strong>IV.</strong></span> 
     </span>
    </p>
   </div>
   <div class='ocr_carea' id='block_1_3' title="bbox 3589 437 3691 494">
    <p class='ocr_par' dir='ltr' id='par_1_3' title="bbox 3589 437 3691 494">
     <span class='ocr_line' id='line_1_3' title="bbox 3589 437 3691 494; baseline 0.02 -3"><span class='ocrx_word' id='word_1_8' title='bbox 3589 437 3691 494; x_wconf 69' lang='lat'><strong>186</strong></span> 
     </span>
    </p>
   </div>
   <div class='ocr_carea' id='block_1_4' title="bbox 422 519 1980 616">
    <p class='ocr_par' dir='ltr' id='par_1_4' title="bbox 422 519 1980 595">
     <span class='ocr_line' id='line_1_4' title="bbox 422 519 1980 595; baseline 0.001 -21"><span class='ocrx_word' id='word_1_9' title='bbox 422 519 629 583; x_wconf 84' lang='grc' dir='ltr'>πίστιν,</span> <span class='ocrx_word' id='word_1_10' title='bbox 660 519 989 590; x_wconf 76' lang='grc' dir='ltr'><strong>πεποίηνται</strong></span> <span class='ocrx_word' id='word_1_11' title='bbox 1029 519 1128 591; x_wconf 74' lang='grc' dir='ltr'>τὴν</span> <span class='ocrx_word' id='word_1_12' title='bbox 1165 519 1338 589; x_wconf 81' lang='grc' dir='ltr'>καλὴν</span> <span class='ocrx_word' id='word_1_13' title='bbox 1382 521 1695 591; x_wconf 77' lang='grc' dir='ltr'><strong>ὁμολογίαν,</strong></span> <span class='ocrx_word' id='word_1_14' title='bbox 1728 525 1907 595; x_wconf 70' lang='grc' dir='ltr'>ἥψατο</span> <span class='ocrx_word' id='word_1_15' title='bbox 1945 527 1980 578; x_wconf 47' lang='grc' dir='ltr'>ὁη</span> 
     </span>
    </p>
   </div>
   <div class='ocr_carea' id='block_1_5' title="bbox 2086 519 3697 616">
    <p class='ocr_par' dir='ltr' id='par_1_5' title="bbox 2111 537 3697 616">
     <span class='ocr_line' id='line_1_5' title="bbox 2111 537 3697 616; baseline 0.016 -30"><span class='ocrx_word' id='word_1_16' title='bbox 2111 538 2323 591; x_wconf 85' lang='lat' dir='ltr'><strong>tametsi</strong></span> <span class='ocrx_word' id='word_1_17' title='bbox 2359 537 2535 593; x_wconf 81' lang='lat' dir='ltr'><strong>Moses</strong></span> <span class='ocrx_word' id='word_1_18' title='bbox 2571 539 3003 604; x_wconf 77' lang='lat' dir='ltr'><strong>sapientissimus</strong></span> <span class='ocrx_word' id='word_1_19' title='bbox 3030 544 3170 597; x_wconf 92' lang='lat' dir='ltr'><strong>dicat</strong></span> <span class='ocrx_word' id='word_1_20' title='bbox 3204 563 3218 600; x_wconf 90' lang='lat'><strong>:</strong></span> <span class='ocrx_word' id='word_1_21' title='bbox 3256 566 3274 598; x_wconf 83' lang='grc' dir='ltr'><strong>ι</strong></span> <span class='ocrx_word' id='word_1_22' title='bbox 3305 548 3568 616; x_wconf 88' lang='lat' dir='ltr'><strong>Obsecro,</strong></span> <span class='ocrx_word' id='word_1_23' title='bbox 3593 556 3697 610; x_wconf 73' lang='lat' dir='ltr'><strong>lto-</strong></span> 
     </span>
    </p>
   </div>
   <div class='ocr_carea' id='block_1_6' title="bbox 417 610 1997 688">
    <p class='ocr_par' dir='ltr' id='par_1_6' title="bbox 417 610 1997 688">
     <span class='ocr_line' id='line_1_6' title="bbox 417 610 1997 688; baseline 0.004 -23"><span class='ocrx_word' id='word_1_24' title='bbox 417 613 512 666; x_wconf 73' lang='grc' dir='ltr'>καὶ</span> <span class='ocrx_word' id='word_1_25' title='bbox 546 610 727 665; x_wconf 85' lang='grc' dir='ltr'>αὐτῶν</span> <span class='ocrx_word' id='word_1_26' title='bbox 755 614 784 665; x_wconf 99' lang='lat'><strong>6</strong></span> <span class='ocrx_word' id='word_1_27' title='bbox 810 610 1015 683; x_wconf 79' lang='grc' dir='ltr'><strong>ἄνθραξ</strong></span> <span class='ocrx_word' id='word_1_28' title='bbox 1036 652 1049 674; x_wconf 90' lang='grc'><strong>,</strong></span> <span class='ocrx_word' id='word_1_29' title='bbox 1084 612 1206 666; x_wconf 88' lang='grc' dir='ltr'>τότε</span> <span class='ocrx_word' id='word_1_30' title='bbox 1237 614 1331 666; x_wconf 79' lang='grc' dir='ltr'><strong>καὶ</strong></span> <span class='ocrx_word' id='word_1_31' title='bbox 1368 615 1661 685; x_wconf 82' lang='grc' dir='ltr'><strong>κέκληνται</strong></span> <span class='ocrx_word' id='word_1_32' title='bbox 1696 618 1831 688; x_wconf 78' lang='grc' dir='ltr'>πρὸς</span> <span class='ocrx_word' id='word_1_33' title='bbox 1858 621 1997 672; x_wconf 88' lang='grc' dir='ltr'>ἀπο-</span> 
     </span>
    </p>
   </div>
   <div class='ocr_carea' id='block_1_7' title="bbox 418 701 2000 776">
    <p class='ocr_par' dir='ltr' id='par_1_7' title="bbox 418 701 2000 776">
     <span class='ocr_line' id='line_1_7' title="bbox 418 701 2000 776; baseline 0.004 -22"><span class='ocrx_word' id='word_1_34' title='bbox 418 701 630 773; x_wconf 85' lang='grc' dir='ltr'>στολὴν,</span> <span class='ocrx_word' id='word_1_35' title='bbox 678 703 773 755; x_wconf 78' lang='grc' dir='ltr'><strong>καὶ</strong></span> <span class='ocrx_word' id='word_1_36' title='bbox 817 701 1146 773; x_wconf 75' lang='grc' dir='ltr'><strong>ἠκολούθουν</strong></span> <span class='ocrx_word' id='word_1_37' title='bbox 1196 702 1480 775; x_wconf 78' lang='grc' dir='ltr'><strong>ἀμελλητὶ,</strong></span> <span class='ocrx_word' id='word_1_38' title='bbox 1526 706 1701 759; x_wconf 82' lang='grc' dir='ltr'>καίτοι</span> <span class='ocrx_word' id='word_1_39' title='bbox 1750 707 2000 776; x_wconf 86' lang='grc' dir='ltr'>λέγοντος</span> 
     </span>
    </p>
   </div>
   <div class='ocr_carea' id='block_1_8' title="bbox 414 794 2000 872">
    <p class='ocr_par' dir='ltr' id='par_1_8' title="bbox 414 794 2000 872">
     <span class='ocr_line' id='line_1_8' title="bbox 414 794 2000 872; baseline 0.004 -25"><span class='ocrx_word' id='word_1_40' title='bbox 414 794 511 847; x_wconf 81' lang='grc' dir='ltr'>τοῦ</span> <span class='ocrx_word' id='word_1_41' title='bbox 546 794 827 865; x_wconf 83' lang='grc' dir='ltr'>πανσόφου</span> <span class='ocrx_word' id='word_1_42' title='bbox 854 795 1130 859; x_wconf 76' lang='grc' dir='ltr'>Μωσέωςο</span> <span class='ocrx_word' id='word_1_43' title='bbox 1165 814 1184 847; x_wconf 77' lang='grc' dir='ltr'><strong>ι</strong></span> <span class='ocrx_word' id='word_1_44' title='bbox 1217 796 1419 865; x_wconf 80' lang='grc' dir='ltr'>Δέομαι</span> <span class='ocrx_word' id='word_1_45' title='bbox 1442 837 1456 861; x_wconf 96' lang='grc'><strong>,</strong></span> <span class='ocrx_word' id='word_1_46' title='bbox 1490 798 1684 869; x_wconf 84' lang='grc' dir='ltr'>Κύριε,</span> <span class='ocrx_word' id='word_1_47' title='bbox 1722 800 2000 872; x_wconf 89' lang='grc' dir='ltr'>προχείρι-</span> 
     </span>
    </p>
   </div>
   <div class='ocr_carea' id='block_1_9' title="bbox 418 887 1998 964">
    <p class='ocr_par' dir='ltr' id='par_1_9' title="bbox 418 887 1998 964">
     <span class='ocr_line' id='line_1_9' title="bbox 418 887 1998 964; baseline 0.004 -23"><span class='ocrx_word' id='word_1_48' title='bbox 418 904 505 942; x_wconf 86' lang='grc' dir='ltr'><strong>σαι</strong></span> <span class='ocrx_word' id='word_1_49' title='bbox 544 887 702 942; x_wconf 78' lang='grc' dir='ltr'>ἄλλον</span> <span class='ocrx_word' id='word_1_50' title='bbox 745 887 1065 959; x_wconf 76' lang='grc' dir='ltr'><strong>δυνάμενον,</strong></span> <span class='ocrx_word' id='word_1_51' title='bbox 1092 889 1152 942; x_wconf 80' lang='grc' dir='ltr'><strong>ὃν</strong></span> <span class='ocrx_word' id='word_1_52' title='bbox 1178 889 1528 960; x_wconf 68' lang='grc' dir='ltr'>άποστελεῖς,·</span> <span class='ocrx_word' id='word_1_53' title='bbox 1569 910 1588 943; x_wconf 71' lang='grc' dir='ltr'><strong>ι</strong></span> <span class='ocrx_word' id='word_1_54' title='bbox 1644 892 1909 964; x_wconf 82' lang='grc' dir='ltr'>Ἰερεμίου</span> <span class='ocrx_word' id='word_1_55' title='bbox 1943 894 1998 947; x_wconf 86' lang='grc' dir='ltr'>δὲ</span> 
     </span>
    </p>
   </div>
   <div class='ocr_carea' id='block_1_10' title="bbox 418 978 1999 1057">
    <p class='ocr_par' dir='ltr' id='par_1_10' title="bbox 418 978 1999 1057">
     <span class='ocr_line' id='line_1_10' title="bbox 418 978 1999 1057; baseline 0.004 -26"><span class='ocrx_word' id='word_1_56' title='bbox 418 978 576 1033; x_wconf 86' lang='grc' dir='ltr'>πάλιν</span> <span class='ocrx_word' id='word_1_57' title='bbox 599 997 615 1012; x_wconf 88' lang='grc'><strong>·</strong></span> <span class='ocrx_word' id='word_1_58' title='bbox 649 979 752 1032; x_wconf 70' lang='grc' dir='ltr'><strong>«Ὀ</strong></span> <span class='ocrx_word' id='word_1_59' title='bbox 784 978 880 1043; x_wconf 83' lang='grc' dir='ltr'><strong>ὢν,</strong></span> <span class='ocrx_word' id='word_1_60' title='bbox 908 981 1155 1034; x_wconf 84' lang='grc' dir='ltr'><strong>Δέσποτα</strong></span> <span class='ocrx_word' id='word_1_61' title='bbox 1176 981 1369 1053; x_wconf 81' lang='grc' dir='ltr'>Κύριε,</span> <span class='ocrx_word' id='word_1_62' title='bbox 1418 982 1527 1036; x_wconf 76' lang='grc' dir='ltr'>ἰδοὺ</span> <span class='ocrx_word' id='word_1_63' title='bbox 1562 983 1664 1036; x_wconf 86' lang='grc' dir='ltr'>οὐκ</span> <span class='ocrx_word' id='word_1_64' title='bbox 1699 984 1999 1057; x_wconf 71' lang='grc' dir='ltr'>ἐπίσταμαι</span> 
     </span>
    </p>
   </div>
   <div class='ocr_carea' id='block_1_11' title="bbox 416 1071 1997 1147">
    <p class='ocr_par' dir='ltr' id='par_1_11' title="bbox 416 1071 1997 1147">
     <span class='ocr_line' id='line_1_11' title="bbox 416 1071 1997 1147; baseline 0.004 -23"><span class='ocrx_word' id='word_1_65' title='bbox 416 1071 613 1136; x_wconf 81' lang='grc' dir='ltr'>λαλεῖν,</span> <span class='ocrx_word' id='word_1_66' title='bbox 639 1072 721 1125; x_wconf 84' lang='grc' dir='ltr'>ὅτι</span> <span class='ocrx_word' id='word_1_67' title='bbox 760 1073 872 1137; x_wconf 81' lang='grc' dir='ltr'>ἐγὼ</span> <span class='ocrx_word' id='word_1_68' title='bbox 908 1073 1173 1145; x_wconf 88' lang='grc' dir='ltr'>νεώτερός</span> <span class='ocrx_word' id='word_1_69' title='bbox 1200 1076 1334 1144; x_wconf 87' lang='grc' dir='ltr'>είμι.</span> <span class='ocrx_word' id='word_1_70' title='bbox 1375 1092 1393 1125; x_wconf 79' lang='grc' dir='ltr'><strong>ι</strong></span> <span class='ocrx_word' id='word_1_71' title='bbox 1440 1073 1773 1146; x_wconf 81' lang='grc' dir='ltr'>Θερμότεροι</span> <span class='ocrx_word' id='word_1_72' title='bbox 1806 1076 1870 1147; x_wconf 82' lang='grc' dir='ltr'>δὴ</span> <span class='ocrx_word' id='word_1_73' title='bbox 1903 1071 1997 1131; x_wconf 84' lang='grc' dir='ltr'>οὖν</span> 
     </span>
    </p>
   </div>
   <div class='ocr_carea' id='block_1_12' title="bbox 416 1163 1997 1239">
    <p class='ocr_par' dir='ltr' id='par_1_12' title="bbox 416 1163 1997 1239">
     <span class='ocr_line' id='line_1_12' title="bbox 416 1163 1997 1239; baseline 0.003 -23"><span class='ocrx_word' id='word_1_74' title='bbox 416 1163 548 1235; x_wconf 80' lang='grc' dir='ltr'>πρὸς</span> <span class='ocrx_word' id='word_1_75' title='bbox 598 1164 903 1237; x_wconf 84' lang='grc' dir='ltr'>ἀποστολὴν</span> <span class='ocrx_word' id='word_1_76' title='bbox 961 1165 1058 1218; x_wconf 79' lang='grc' dir='ltr'>καὶ</span> <span class='ocrx_word' id='word_1_77' title='bbox 1120 1164 1397 1220; x_wconf 83' lang='grc' dir='ltr'>διακονίαν</span> <span class='ocrx_word' id='word_1_78' title='bbox 1453 1165 1565 1219; x_wconf 85' lang='grc' dir='ltr'>τῶν</span> <span class='ocrx_word' id='word_1_79' title='bbox 1620 1166 1997 1239; x_wconf 78' lang='grc' dir='ltr'><strong>ἀρχαιοτέρων</strong></span> 
     </span>
    </p>
   </div>
   <div class='ocr_carea' id='block_1_13' title="bbox 414 1254 1979 1330">
    <p class='ocr_par' dir='ltr' id='par_1_13' title="bbox 414 1254 1979 1330">
     <span class='ocr_line' id='line_1_13' title="bbox 414 1254 1979 1330; baseline 0.003 -22"><span class='ocrx_word' id='word_1_80' title='bbox 414 1254 582 1325; x_wconf 80' lang='grc' dir='ltr'><strong>ἁγίων</strong></span> <span class='ocrx_word' id='word_1_81' title='bbox 633 1258 684 1309; x_wconf 78' lang='grc' dir='ltr'>οἱ</span> <span class='ocrx_word' id='word_1_82' title='bbox 735 1259 795 1310; x_wconf 79' lang='grc' dir='ltr'><strong>ὲν</strong></span> <span class='ocrx_word' id='word_1_83' title='bbox 844 1257 1083 1329; x_wconf 79' lang='grc' dir='ltr'><strong>Χριστῷ.</strong></span> <span class='ocrx_word' id='word_1_84' title='bbox 1138 1259 1250 1312; x_wconf 76' lang='grc' dir='ltr'>Καὶ</span> <span class='ocrx_word' id='word_1_85' title='bbox 1295 1257 1471 1330; x_wconf 80' lang='grc' dir='ltr'>σαφὴς</span> <span class='ocrx_word' id='word_1_86' title='bbox 1518 1256 1585 1312; x_wconf 82' lang='grc' dir='ltr'><strong>ἂν</strong></span> <span class='ocrx_word' id='word_1_87' title='bbox 1626 1259 1838 1327; x_wconf 84' lang='grc' dir='ltr'>γένοιτο</span> <span class='ocrx_word' id='word_1_88' title='bbox 1884 1260 1979 1313; x_wconf 79' lang='grc' dir='ltr'>τοῦ</span> 
     </span>
    </p>
   </div>
   <div class='ocr_carea' id='block_1_14' title="bbox 2109 628 3692 705">
    <p class='ocr_par' dir='ltr' id='par_1_14' title="bbox 2109 628 3692 705">
     <span class='ocr_line' id='line_1_14' title="bbox 2109 628 3692 705; baseline 0.015 -27"><span class='ocrx_word' id='word_1_89' title='bbox 2109 628 2273 691; x_wconf 89' lang='lat' dir='ltr'><strong>mine,</strong></span> <span class='ocrx_word' id='word_1_90' title='bbox 2325 639 2515 697; x_wconf 89' lang='lat' dir='ltr'><strong>coopta</strong></span> <span class='ocrx_word' id='word_1_91' title='bbox 2558 630 2719 683; x_wconf 90' lang='lat' dir='ltr'><strong>alium</strong></span> <span class='ocrx_word' id='word_1_92' title='bbox 2752 642 3053 702; x_wconf 87' lang='lat' dir='ltr'><strong>potentem,</strong></span> <span class='ocrx_word' id='word_1_93' title='bbox 3080 651 3239 705; x_wconf 85' lang='lat' dir='ltr'><strong>quem</strong></span> <span class='ocrx_word' id='word_1_94' title='bbox 3273 642 3459 696; x_wconf 87' lang='lat' dir='ltr'><strong>mittas</strong></span> <span class='ocrx_word' id='word_1_95' title='bbox 3477 644 3578 699; x_wconf 84' lang='grc'><strong>¹⁹.›</strong></span> <span class='ocrx_word' id='word_1_96' title='bbox 3630 648 3692 702; x_wconf 73' lang='lat' dir='ltr'><strong>Et</strong></span> 
     </span>
    </p>
   </div>
   <div class='ocr_carea' id='block_1_15' title="bbox 2105 712 3693 793">
    <p class='ocr_par' dir='ltr' id='par_1_15' title="bbox 2105 712 3693 793">
     <span class='ocr_line' id='line_1_15' title="bbox 2105 712 3693 793; baseline 0.015 -26"><span class='ocrx_word' id='word_1_97' title='bbox 2105 712 2372 772; x_wconf 80' lang='lat' dir='ltr'><strong>Jeremias</strong></span> <span class='ocrx_word' id='word_1_98' title='bbox 2420 719 2615 773; x_wconf 91' lang='lat' dir='ltr'><strong>iterum</strong></span> <span class='ocrx_word' id='word_1_99' title='bbox 2654 742 2665 776; x_wconf 93' lang='lat'>:</span> <span class='ocrx_word' id='word_1_100' title='bbox 2712 741 2732 773; x_wconf 78' lang='grc' dir='ltr'><strong>ι</strong></span> <span class='ocrx_word' id='word_1_101' title='bbox 2773 724 2850 776; x_wconf 88' lang='lat' dir='ltr'><strong>Tu</strong></span> <span class='ocrx_word' id='word_1_102' title='bbox 2882 724 2974 793; x_wconf 92' lang='lat' dir='ltr'><strong>qui</strong></span> <span class='ocrx_word' id='word_1_103' title='bbox 3029 740 3167 790; x_wconf 91' lang='lat' dir='ltr'><strong>es,o</strong></span> <span class='ocrx_word' id='word_1_104' title='bbox 3222 730 3537 787; x_wconf 86' lang='lat' dir='ltr'><strong>Dominator</strong></span> <span class='ocrx_word' id='word_1_105' title='bbox 3591 736 3693 790; x_wconf 84' lang='lat' dir='ltr'><strong>Du-</strong></span> 
     </span>
    </p>
   </div>
   <div class='ocr_carea' id='block_1_16' title="bbox 2110 806 3693 894">
    <p class='ocr_par' dir='ltr' id='par_1_16' title="bbox 2110 806 3693 894">
     <span class='ocr_line' id='line_1_16' title="bbox 2110 806 3693 894; baseline 0.016 -36"><span class='ocrx_word' id='word_1_106' title='bbox 2110 806 2274 871; x_wconf 90' lang='lat' dir='ltr'><strong>mine,</strong></span> <span class='ocrx_word' id='word_1_107' title='bbox 2335 824 2462 864; x_wconf 91' lang='lat' dir='ltr'><strong>ecce</strong></span> <span class='ocrx_word' id='word_1_108' title='bbox 2526 826 2631 866; x_wconf 93' lang='lat' dir='ltr'><strong>non</strong></span> <span class='ocrx_word' id='word_1_109' title='bbox 2682 814 2797 867; x_wconf 91' lang='lat' dir='ltr'><strong>scio</strong></span> <span class='ocrx_word' id='word_1_110' title='bbox 2851 815 3019 885; x_wconf 86' lang='lat' dir='ltr'><strong>loqui,</strong></span> <span class='ocrx_word' id='word_1_111' title='bbox 3066 819 3321 888; x_wconf 79' lang='lat' dir='ltr'><strong>quoniam</strong></span> <span class='ocrx_word' id='word_1_112' title='bbox 3373 841 3473 894; x_wconf 79' lang='lat' dir='ltr'><strong>ego</strong></span> <span class='ocrx_word' id='word_1_113' title='bbox 3510 827 3693 893; x_wconf 89' lang='lat' dir='ltr'><strong>junior</strong></span> 
     </span>
    </p>
   </div>
   <div class='ocr_carea' id='block_1_17' title="bbox 2110 899 3692 982">
    <p class='ocr_par' dir='ltr' id='par_1_17' title="bbox 2110 899 3692 982">
     <span class='ocr_line' id='line_1_17' title="bbox 2110 899 3692 982; baseline 0.015 -31"><span class='ocrx_word' id='word_1_114' title='bbox 2110 913 2230 952; x_wconf 89' lang='lat' dir='ltr'><strong>sum</strong></span> <span class='ocrx_word' id='word_1_115' title='bbox 2268 899 2336 953; x_wconf 84' lang='grc'><strong>³⁰.</strong></span> <span class='ocrx_word' id='word_1_116' title='bbox 2381 920 2398 953; x_wconf 79' lang='grc' dir='ltr'><strong>ι</strong></span> <span class='ocrx_word' id='word_1_117' title='bbox 2464 902 2841 961; x_wconf 85' lang='lat' dir='ltr'><strong>Ferventiores</strong></span> <span class='ocrx_word' id='word_1_118' title='bbox 2878 909 3040 978; x_wconf 87' lang='lat' dir='ltr'><strong>igitur</strong></span> <span class='ocrx_word' id='word_1_119' title='bbox 3104 912 3171 965; x_wconf 82' lang='lat' dir='ltr'><strong>nd</strong></span> <span class='ocrx_word' id='word_1_120' title='bbox 3226 918 3582 982; x_wconf 83' lang='lat' dir='ltr'><strong>apostolatum</strong></span> <span class='ocrx_word' id='word_1_121' title='bbox 3638 930 3692 974; x_wconf 87' lang='lat' dir='ltr'><strong>ct</strong></span> 
     </span>
    </p>
   </div>
   <div class='ocr_carea' id='block_1_18' title="bbox 2111 990 3693 1071">
    <p class='ocr_par' dir='ltr' id='par_1_18' title="bbox 2111 990 3693 1071">
     <span class='ocr_line' id='line_1_18' title="bbox 2111 990 3693 1071; baseline 0.013 -29"><span class='ocrx_word' id='word_1_122' title='bbox 2111 990 2472 1048; x_wconf 72' lang='lat' dir='ltr'><strong>ministerium</strong></span> <span class='ocrx_word' id='word_1_123' title='bbox 2504 995 2797 1052; x_wconf 76' lang='lat' dir='ltr'><strong>Christiani</strong></span> <span class='ocrx_word' id='word_1_124' title='bbox 2825 1041 2839 1059; x_wconf 84' lang='lat'><strong>.</strong></span> <span class='ocrx_word' id='word_1_125' title='bbox 2876 1016 3036 1071; x_wconf 85' lang='lat' dir='ltr'><strong>quam</strong></span> <span class='ocrx_word' id='word_1_126' title='bbox 3074 1016 3285 1060; x_wconf 87' lang='lat' dir='ltr'><strong>veteres</strong></span> <span class='ocrx_word' id='word_1_127' title='bbox 3336 1011 3528 1063; x_wconf 76' lang='lat' dir='ltr'><strong>sancti.</strong></span> <span class='ocrx_word' id='word_1_128' title='bbox 3566 1009 3693 1063; x_wconf 85' lang='lat' dir='ltr'><strong>lllu-</strong></span> 
     </span>
    </p>
   </div>
   <div class='ocr_carea' id='block_1_19' title="bbox 2107 1083 3685 1173">
    <p class='ocr_par' dir='ltr' id='par_1_19' title="bbox 2107 1083 3685 1173">
     <span class='ocr_line' id='line_1_19' title="bbox 2107 1083 3685 1173; baseline 0.013 -37"><span class='ocrx_word' id='word_1_129' title='bbox 2107 1083 2242 1137; x_wconf 76' lang='lat' dir='ltr'><strong>5tris</strong></span> <span class='ocrx_word' id='word_1_130' title='bbox 2274 1097 2457 1140; x_wconf 81' lang='lat' dir='ltr'><strong>autem</strong></span> <span class='ocrx_word' id='word_1_131' title='bbox 2486 1088 2646 1157; x_wconf 85' lang='lat' dir='ltr'><strong>hujus</strong></span> <span class='ocrx_word' id='word_1_132' title='bbox 2673 1093 2751 1145; x_wconf 89' lang='lat' dir='ltr'><strong>rei</strong></span> <span class='ocrx_word' id='word_1_133' title='bbox 2793 1104 2948 1163; x_wconf 87' lang='lat' dir='ltr'><strong>typus</strong></span> <span class='ocrx_word' id='word_1_134' title='bbox 2984 1110 3104 1151; x_wconf 87' lang='lat' dir='ltr'><strong>esse</strong></span> <span class='ocrx_word' id='word_1_135' title='bbox 3128 1100 3322 1165; x_wconf 84' lang='lat' dir='ltr'><strong>poterit</strong></span> <span class='ocrx_word' id='word_1_136' title='bbox 3349 1100 3538 1156; x_wconf 87' lang='lat' dir='ltr'><strong>beatus</strong></span> <span class='ocrx_word' id='word_1_137' title='bbox 3561 1119 3685 1173; x_wconf 89' lang='lat' dir='ltr'><strong>pro-</strong></span> 
     </span>
    </p>
   </div>
   <div class='ocr_carea' id='block_1_20' title="bbox 2104 1172 3688 1256">
    <p class='ocr_par' dir='ltr' id='par_1_20' title="bbox 2104 1172 3688 1256">
     <span class='ocr_line' id='line_1_20' title="bbox 2104 1172 3688 1256; baseline 0.014 -31"><span class='ocrx_word' id='word_1_138' title='bbox 2104 1172 2266 1241; x_wconf 80' lang='lat' dir='ltr'><strong>pheta</strong></span> <span class='ocrx_word' id='word_1_139' title='bbox 2315 1172 2507 1241; x_wconf 89' lang='lat' dir='ltr'><strong>lsaias,</strong></span> <span class='ocrx_word' id='word_1_140' title='bbox 2548 1191 2670 1249; x_wconf 89' lang='lat' dir='ltr'><strong>post</strong></span> <span class='ocrx_word' id='word_1_141' title='bbox 2720 1184 2976 1237; x_wconf 84' lang='lat' dir='ltr'><strong>carbonis</strong></span> <span class='ocrx_word' id='word_1_142' title='bbox 3024 1197 3307 1256; x_wconf 85' lang='lat' dir='ltr'><strong>attactum,</strong></span> <span class='ocrx_word' id='word_1_143' title='bbox 3333 1207 3455 1244; x_wconf 90' lang='lat' dir='ltr'><strong>cum</strong></span> <span class='ocrx_word' id='word_1_144' title='bbox 3489 1172 3688 1247; x_wconf 82' lang='lat' dir='ltr'><strong>clamat</strong></span> 
     </span>
    </p>
   </div>
   <div class='ocr_carea' id='block_1_21' title="bbox 2102 1266 3102 1344">
    <p class='ocr_par' dir='ltr' id='par_1_21' title="bbox 2102 1266 3102 1344">
     <span class='ocr_line' id='line_1_21' title="bbox 2102 1266 3102 1344; baseline 0.011 -26"><span class='ocrx_word' id='word_1_145' title='bbox 2102 1272 2160 1319; x_wconf 91' lang='lat' dir='ltr'><strong>et</strong></span> <span class='ocrx_word' id='word_1_146' title='bbox 2184 1266 2316 1321; x_wconf 88' lang='lat' dir='ltr'><strong>dicit</strong></span> <span class='ocrx_word' id='word_1_147' title='bbox 2346 1289 2361 1324; x_wconf 92' lang='lat'>:</span> <span class='ocrx_word' id='word_1_148' title='bbox 2394 1287 2413 1321; x_wconf 87' lang='grc' dir='ltr'><strong>ι</strong></span> <span class='ocrx_word' id='word_1_149' title='bbox 2444 1270 2585 1326; x_wconf 86' lang='lat' dir='ltr'><strong>Ecce</strong></span> <span class='ocrx_word' id='word_1_150' title='bbox 2614 1288 2734 1344; x_wconf 89' lang='lat' dir='ltr'><strong>ego,</strong></span> <span class='ocrx_word' id='word_1_151' title='bbox 2769 1277 2921 1330; x_wconf 86' lang='lat' dir='ltr'><strong>mitte</strong></span> <span class='ocrx_word' id='word_1_152' title='bbox 2951 1293 3055 1332; x_wconf 92' lang='lat' dir='ltr'><strong>me.</strong></span> <span class='ocrx_word' id='word_1_153' title='bbox 3083 1296 3102 1329; x_wconf 73' lang='grc' dir='ltr'><strong>ι</strong></span> 
     </span>
    </p>
   </div>
   <div class='ocr_carea' id='block_1_22' title="bbox 414 1351 3686 1447">
    <p class='ocr_par' dir='ltr' id='par_1_22' title="bbox 414 1351 3686 1447">
     <span class='ocr_line' id='line_1_22' title="bbox 414 1351 3686 1447; baseline 0.011 -51"><span class='ocrx_word' id='word_1_154' title='bbox 414 1351 734 1447; x_wconf 65' lang='grc' dir='ltr'>πράγματος</span> <span class='ocrx_word' id='word_1_155' title='bbox 784 1353 951 1447; x_wconf 72' lang='grc' dir='ltr'>τύπος</span> <span class='ocrx_word' id='word_1_156' title='bbox 992 1354 1020 1406; x_wconf 86' lang='lat'><strong>6</strong></span> <span class='ocrx_word' id='word_1_157' title='bbox 1051 1354 1337 1447; x_wconf 62' lang='lat' dir='ltr'><strong>paudptog</strong></span> <span class='ocrx_word' id='word_1_158' title='bbox 1365 1353 1669 1447; x_wconf 78' lang='grc' dir='ltr'>προφήτης</span> <span class='ocrx_word' id='word_1_159' title='bbox 1722 1352 1985 1421; x_wconf 80' lang='grc' dir='ltr'><strong>Ἡσαΐας,</strong></span> <span class='ocrx_word' id='word_1_160' title='bbox 2025 1359 2162 1428; x_wconf 90' lang='grc' dir='ltr'><strong>μετά</strong></span> <span class='ocrx_word' id='word_1_161' title='bbox 2221 1362 2320 1434; x_wconf 80' lang='grc' dir='ltr'><strong>τήν</strong></span> <span class='ocrx_word' id='word_1_162' title='bbox 2346 1364 2439 1418; x_wconf 78' lang='grc' dir='ltr'>τοῦ</span> <span class='ocrx_word' id='word_1_163' title='bbox 2496 1366 2767 1439; x_wconf 76' lang='grc' dir='ltr'><strong>ἄνθρακος</strong></span> <span class='ocrx_word' id='word_1_164' title='bbox 2823 1371 3040 1443; x_wconf 78' lang='grc' dir='ltr'>ἐπαφὴν</span> <span class='ocrx_word' id='word_1_165' title='bbox 3072 1373 3464 1447; x_wconf 84' lang='grc' dir='ltr'>ἀνακεκραγώς</span> <span class='ocrx_word' id='word_1_166' title='bbox 3497 1395 3557 1431; x_wconf 90' lang='grc' dir='ltr'><strong>τε</strong></span> <span class='ocrx_word' id='word_1_167' title='bbox 3591 1379 3686 1432; x_wconf 73' lang='grc' dir='ltr'><strong>καὶ</strong></span> 
     </span>
    </p>
   </div>
   <div class='ocr_carea' id='block_1_23' title="bbox 412 1444 1645 1516">
    <p class='ocr_par' dir='ltr' id='par_1_23' title="bbox 412 1444 1645 1516">
     <span class='ocr_line' id='line_1_23' title="bbox 412 1444 1645 1516; baseline 0.001 -19"><span class='ocrx_word' id='word_1_168' title='bbox 412 1444 582 1512; x_wconf 89' lang='grc' dir='ltr'>λέγων</span> <span class='ocrx_word' id='word_1_169' title='bbox 605 1444 700 1498; x_wconf 76' lang='grc' dir='ltr'><strong>τόο</strong></span> <span class='ocrx_word' id='word_1_170' title='bbox 745 1463 762 1496; x_wconf 80' lang='grc' dir='ltr'><strong>ι</strong></span> <span class='ocrx_word' id='word_1_171' title='bbox 811 1445 940 1498; x_wconf 77' lang='grc' dir='ltr'>’ἰδοὺ</span> <span class='ocrx_word' id='word_1_172' title='bbox 972 1444 1103 1514; x_wconf 77' lang='grc' dir='ltr'>ἐγὼ,</span> <span class='ocrx_word' id='word_1_173' title='bbox 1136 1446 1452 1499; x_wconf 83' lang='grc' dir='ltr'>ἀπόστειλόν</span> <span class='ocrx_word' id='word_1_174' title='bbox 1494 1463 1583 1516; x_wconf 89' lang='grc' dir='ltr'><strong>με.</strong></span> <span class='ocrx_word' id='word_1_175' title='bbox 1624 1464 1645 1498; x_wconf 71' lang='grc' dir='ltr'><strong>ι</strong></span> 
     </span>
    </p>
   </div>
   <div class='ocr_carea' id='block_1_24' title="bbox 478 1536 1990 1612">
    <p class='ocr_par' dir='ltr' id='par_1_24' title="bbox 478 1536 1990 1612">
     <span class='ocr_line' id='line_1_24' title="bbox 478 1536 1990 1612; baseline 0.003 -19"><span class='ocrx_word' id='word_1_176' title='bbox 478 1536 798 1595; x_wconf 77' lang='grc' dir='ltr'>Καὶεῖπεν’</span> <span class='ocrx_word' id='word_1_177' title='bbox 826 1543 1174 1612; x_wconf 84' lang='grc' dir='ltr'><strong>Πορεύθητι,</strong></span> <span class='ocrx_word' id='word_1_178' title='bbox 1203 1544 1302 1598; x_wconf 74' lang='grc' dir='ltr'>καὶ</span> <span class='ocrx_word' id='word_1_179' title='bbox 1328 1541 1505 1598; x_wconf 76' lang='grc' dir='ltr'>εἷπον</span> <span class='ocrx_word' id='word_1_180' title='bbox 1529 1543 1609 1611; x_wconf 87' lang='grc' dir='ltr'>τῷ</span> <span class='ocrx_word' id='word_1_181' title='bbox 1637 1544 1764 1611; x_wconf 82' lang='grc' dir='ltr'>λαῷ</span> <span class='ocrx_word' id='word_1_182' title='bbox 1781 1545 1990 1612; x_wconf 59' lang='grc' dir='ltr'>τούτῳ</span> 
     </span>
    </p>
   </div>
   <div class='ocr_carea' id='block_1_25' title="bbox 423 1633 1994 1708">
    <p class='ocr_par' dir='ltr' id='par_1_25' title="bbox 423 1633 1994 1708">
     <span class='ocr_line' id='line_1_25' title="bbox 423 1633 1994 1708; baseline 0.001 -16"><span class='ocrx_word' id='word_1_183' title='bbox 423 1633 592 1703; x_wconf 76' lang='grc' dir='ltr'><strong>Ἀκοῇ</strong></span> <span class='ocrx_word' id='word_1_184' title='bbox 612 1636 925 1701; x_wconf 80' lang='grc' dir='ltr'>ἀκούσετε,</span> <span class='ocrx_word' id='word_1_185' title='bbox 950 1636 1045 1690; x_wconf 73' lang='grc' dir='ltr'>καὶ</span> <span class='ocrx_word' id='word_1_186' title='bbox 1068 1637 1139 1691; x_wconf 86' lang='grc' dir='ltr'>οὐ</span> <span class='ocrx_word' id='word_1_187' title='bbox 1150 1636 1235 1707; x_wconf 83' lang='grc' dir='ltr'><strong>μὴ</strong></span> <span class='ocrx_word' id='word_1_188' title='bbox 1257 1638 1506 1708; x_wconf 70' lang='grc' dir='ltr'>συνῆτεο</span> <span class='ocrx_word' id='word_1_189' title='bbox 1536 1639 1634 1693; x_wconf 79' lang='grc' dir='ltr'>καὶ</span> <span class='ocrx_word' id='word_1_190' title='bbox 1650 1640 1994 1705; x_wconf 74' lang='grc' dir='ltr'>,βλέποντες</span> 
     </span>
    </p>
   </div>
   <div class='ocr_carea' id='block_1_26' title="bbox 2175 1546 3680 1635">
    <p class='ocr_par' dir='ltr' id='par_1_26' title="bbox 2175 1546 3680 1635">
     <span class='ocr_line' id='line_1_26' title="bbox 2175 1546 3680 1635; baseline 0.013 -36"><span class='ocrx_word' id='word_1_191' title='bbox 2175 1546 2337 1599; x_wconf 72' lang='lat' dir='ltr'><strong>Vens.</strong></span> <span class='ocrx_word' id='word_1_192' title='bbox 2375 1546 2430 1611; x_wconf 91' lang='lat'><strong>9,</strong></span> <span class='ocrx_word' id='word_1_193' title='bbox 2466 1548 2553 1603; x_wconf 79' lang='grc'><strong>10.</strong></span> <span class='ocrx_word' id='word_1_194' title='bbox 2591 1547 2657 1601; x_wconf 86' lang='lat' dir='ltr'><strong>Et</strong></span> <span class='ocrx_word' id='word_1_195' title='bbox 2692 1552 2828 1605; x_wconf 76' lang='lat' dir='ltr'><strong>dixit</strong></span> <span class='ocrx_word' id='word_1_196' title='bbox 2865 1567 2885 1605; x_wconf 93' lang='lat'><strong><em>:</em></strong></span> <span class='ocrx_word' id='word_1_197' title='bbox 2930 1552 3300 1623; x_wconf 78' lang='lat' dir='ltr'><strong>Proficiscere,</strong></span> <span class='ocrx_word' id='word_1_198' title='bbox 3360 1572 3409 1613; x_wconf 86' lang='lat' dir='ltr'><strong>et</strong></span> <span class='ocrx_word' id='word_1_199' title='bbox 3458 1564 3543 1616; x_wconf 87' lang='lat' dir='ltr'><strong>dic</strong></span> <span class='ocrx_word' id='word_1_200' title='bbox 3582 1582 3680 1635; x_wconf 82' lang='lat' dir='ltr'><strong>po-</strong></span> 
     </span>
    </p>
   </div>
   <div class='ocr_carea' id='block_1_27' title="bbox 2098 1640 3680 1723">
    <p class='ocr_par' dir='ltr' id='par_1_27' title="bbox 2098 1640 3680 1723">
     <span class='ocr_line' id='line_1_27' title="bbox 2098 1640 3680 1723; baseline 0.014 -34"><span class='ocrx_word' id='word_1_201' title='bbox 2098 1640 2222 1705; x_wconf 87' lang='lat' dir='ltr'><strong>pulo</strong></span> <span class='ocrx_word' id='word_1_202' title='bbox 2243 1640 2365 1692; x_wconf 81' lang='lat' dir='ltr'><strong>huic</strong></span> <span class='ocrx_word' id='word_1_203' title='bbox 2399 1654 2419 1693; x_wconf 91' lang='lat'><strong><em>:</em></strong></span> <span class='ocrx_word' id='word_1_204' title='bbox 2454 1640 2612 1710; x_wconf 79' lang='lat'><strong>110</strong></span> <span class='ocrx_word' id='word_1_205' title='bbox 2634 1641 2834 1696; x_wconf 79' lang='lat' dir='ltr'><strong>Auditu</strong></span> <span class='ocrx_word' id='word_1_206' title='bbox 2863 1646 3110 1707; x_wconf 80' lang='lat' dir='ltr'><strong>audietis,</strong></span> <span class='ocrx_word' id='word_1_207' title='bbox 3145 1659 3191 1700; x_wconf 89' lang='lat' dir='ltr'><strong>et</strong></span> <span class='ocrx_word' id='word_1_208' title='bbox 3210 1667 3314 1703; x_wconf 88' lang='lat' dir='ltr'><strong>non</strong></span> <span class='ocrx_word' id='word_1_209' title='bbox 3343 1652 3680 1723; x_wconf 73' lang='lat' dir='ltr'><strong>intelligetis;</strong></span> 
     </span>
    </p>
   </div>
   <div class='ocr_carea' id='block_1_28' title="bbox 404 1726 1980 1823">
    <p class='ocr_par' dir='ltr' id='par_1_28' title="bbox 404 1726 1980 1801">
     <span class='ocr_line' id='line_1_28' title="bbox 404 1726 1980 1801; baseline 0.003 -22"><span class='ocrx_word' id='word_1_210' title='bbox 404 1726 709 1795; x_wconf 74' lang='grc' dir='ltr'>βλέψετε,</span> <span class='ocrx_word' id='word_1_211' title='bbox 759 1726 859 1781; x_wconf 80' lang='grc' dir='ltr'>καὶ</span> <span class='ocrx_word' id='word_1_212' title='bbox 908 1729 979 1782; x_wconf 83' lang='grc' dir='ltr'>οὐ</span> <span class='ocrx_word' id='word_1_213' title='bbox 1016 1726 1103 1799; x_wconf 80' lang='grc' dir='ltr'><strong>μὴ</strong></span> <span class='ocrx_word' id='word_1_214' title='bbox 1158 1728 1349 1799; x_wconf 77' lang='grc' dir='ltr'>ἴδητε.</span> <span class='ocrx_word' id='word_1_215' title='bbox 1393 1731 1730 1800; x_wconf 79' lang='grc' dir='ltr'>Ἐπαχύνθη</span> <span class='ocrx_word' id='word_1_216' title='bbox 1779 1729 1889 1801; x_wconf 77' lang='grc' dir='ltr'>γὰρ</span> <span class='ocrx_word' id='word_1_217' title='bbox 1942 1731 1980 1799; x_wconf 77' lang='grc' dir='ltr'><strong><em>ἡ</em></strong></span> 
     </span>
    </p>
   </div>
   <div class='ocr_carea' id='block_1_29' title="bbox 2086 1726 3679 1823">
    <p class='ocr_par' dir='ltr' id='par_1_29' title="bbox 2098 1730 3679 1802">
     <span class='ocr_line' id='line_1_29' title="bbox 2098 1730 3679 1802; baseline 0.012 -20"><span class='ocrx_word' id='word_1_218' title='bbox 2098 1739 2147 1782; x_wconf 82' lang='lat' dir='ltr'><strong>et</strong></span> <span class='ocrx_word' id='word_1_219' title='bbox 2177 1730 2408 1785; x_wconf 74' lang='lat' dir='ltr'><strong>videntes</strong></span> <span class='ocrx_word' id='word_1_220' title='bbox 2432 1733 2693 1794; x_wconf 77' lang='lat' dir='ltr'><strong>videbitis,</strong></span> <span class='ocrx_word' id='word_1_221' title='bbox 2727 1746 2775 1788; x_wconf 90' lang='lat' dir='ltr'><strong>et</strong></span> <span class='ocrx_word' id='word_1_222' title='bbox 2813 1753 2916 1789; x_wconf 85' lang='lat' dir='ltr'><strong>non</strong></span> <span class='ocrx_word' id='word_1_223' title='bbox 2962 1739 3227 1794; x_wconf 79' lang='lat' dir='ltr'><strong>videbitis.</strong></span> <span class='ocrx_word' id='word_1_224' title='bbox 3256 1740 3511 1798; x_wconf 81' lang='lat' dir='ltr'><strong>Crassum</strong></span> <span class='ocrx_word' id='word_1_225' title='bbox 3542 1752 3679 1802; x_wconf 83' lang='lat' dir='ltr'><strong>enim</strong></span> 
     </span>
    </p>
   </div>
   <div class='ocr_carea' id='block_1_30' title="bbox 408 1820 1991 1890">
    <p class='ocr_par' dir='ltr' id='par_1_30' title="bbox 408 1820 1991 1890">
     <span class='ocr_line' id='line_1_30' title="bbox 408 1820 1991 1890; baseline 0.001 -17"><span class='ocrx_word' id='word_1_226' title='bbox 408 1821 622 1889; x_wconf 79' lang='grc' dir='ltr'>καρδιά</span> <span class='ocrx_word' id='word_1_227' title='bbox 658 1820 763 1874; x_wconf 85' lang='grc' dir='ltr'>τοῦ</span> <span class='ocrx_word' id='word_1_228' title='bbox 804 1823 959 1877; x_wconf 74' lang='grc' dir='ltr'>λαοῦ</span> <span class='ocrx_word' id='word_1_229' title='bbox 994 1824 1231 1885; x_wconf 82' lang='grc' dir='ltr'>τούτου,</span> <span class='ocrx_word' id='word_1_230' title='bbox 1276 1824 1376 1877; x_wconf 80' lang='grc' dir='ltr'>καὶ</span> <span class='ocrx_word' id='word_1_231' title='bbox 1423 1823 1548 1890; x_wconf 85' lang='grc' dir='ltr'>τοῖς</span> <span class='ocrx_word' id='word_1_232' title='bbox 1598 1823 1751 1877; x_wconf 77' lang='grc' dir='ltr'><strong>ὠσὶν</strong></span> <span class='ocrx_word' id='word_1_233' title='bbox 1791 1822 1991 1877; x_wconf 82' lang='grc' dir='ltr'>αὐτῶν</span> 
     </span>
    </p>
   </div>
   <div class='ocr_carea' id='block_1_31' title="bbox 400 1912 1992 1985">
    <p class='ocr_par' dir='ltr' id='par_1_31' title="bbox 400 1912 1992 1985">
     <span class='ocr_line' id='line_1_31' title="bbox 400 1912 1992 1985; baseline 0.002 -19"><span class='ocrx_word' id='word_1_234' title='bbox 400 1912 636 1982; x_wconf 78' lang='grc' dir='ltr'>,ϐαρέως</span> <span class='ocrx_word' id='word_1_235' title='bbox 693 1912 1011 1982; x_wconf 81' lang='grc' dir='ltr'>ἥκουσαν,</span> <span class='ocrx_word' id='word_1_236' title='bbox 1058 1915 1158 1969; x_wconf 77' lang='grc' dir='ltr'><strong>καί</strong></span> <span class='ocrx_word' id='word_1_237' title='bbox 1215 1915 1360 1982; x_wconf 81' lang='grc' dir='ltr'>τοὺς</span> <span class='ocrx_word' id='word_1_238' title='bbox 1410 1916 1755 1985; x_wconf 76' lang='grc' dir='ltr'>ὀφθαλμοὺς</span> <span class='ocrx_word' id='word_1_239' title='bbox 1792 1914 1992 1972; x_wconf 77' lang='grc' dir='ltr'>αὐτῶν</span> 
     </span>
    </p>
   </div>
   <div class='ocr_carea' id='block_1_32' title="bbox 405 2007 1990 2077">
    <p class='ocr_par' dir='ltr' id='par_1_32' title="bbox 405 2007 1990 2077">
     <span class='ocr_line' id='line_1_32' title="bbox 405 2007 1990 2077; baseline 0.001 -18"><span class='ocrx_word' id='word_1_240' title='bbox 405 2007 785 2075; x_wconf 76' lang='grc' dir='ltr'><strong>ἐκάμμυσαν,</strong></span> <span class='ocrx_word' id='word_1_241' title='bbox 824 2008 908 2077; x_wconf 81' lang='grc' dir='ltr'><strong>μή</strong></span> <span class='ocrx_word' id='word_1_242' title='bbox 951 2022 1096 2062; x_wconf 80' lang='grc' dir='ltr'>ποτε</span> <span class='ocrx_word' id='word_1_243' title='bbox 1140 2007 1312 2062; x_wconf 79' lang='grc' dir='ltr'>ἴδωσι</span> <span class='ocrx_word' id='word_1_244' title='bbox 1344 2009 1470 2075; x_wconf 83' lang='grc' dir='ltr'>τοῖς</span> <span class='ocrx_word' id='word_1_245' title='bbox 1503 2008 1859 2077; x_wconf 70' lang='grc' dir='ltr'><strong>ὀφθαλμοῖς,</strong></span> <span class='ocrx_word' id='word_1_246' title='bbox 1892 2008 1990 2061; x_wconf 79' lang='grc' dir='ltr'>καὶ</span> 
     </span>
    </p>
   </div>
   <div class='ocr_carea' id='block_1_33' title="bbox 403 2076 1989 2170">
    <p class='ocr_par' dir='ltr' id='par_1_33' title="bbox 403 2076 1989 2170">
     <span class='ocr_line' id='line_1_33' title="bbox 403 2076 1989 2170; baseline 0.003 -20"><span class='ocrx_word' id='word_1_247' title='bbox 403 2099 530 2165; x_wconf 84' lang='grc' dir='ltr'>τοῖς</span> <span class='ocrx_word' id='word_1_248' title='bbox 558 2098 713 2153; x_wconf 75' lang='grc' dir='ltr'><strong>ὠσὶν</strong></span> <span class='ocrx_word' id='word_1_249' title='bbox 740 2076 1073 2163; x_wconf 77' lang='grc' dir='ltr'><strong>ἀκούσωσι,</strong></span> <span class='ocrx_word' id='word_1_250' title='bbox 1122 2100 1222 2155; x_wconf 75' lang='grc' dir='ltr'>καὶ</span> <span class='ocrx_word' id='word_1_251' title='bbox 1250 2099 1326 2169; x_wconf 79' lang='grc' dir='ltr'>τῇ</span> <span class='ocrx_word' id='word_1_252' title='bbox 1352 2076 1566 2170; x_wconf 71' lang='grc' dir='ltr'>καρδίᾳ</span> <span class='ocrx_word' id='word_1_253' title='bbox 1604 2076 1862 2166; x_wconf 47' lang='lat' dir='ltr'><strong>avitam,</strong></span> <span class='ocrx_word' id='word_1_254' title='bbox 1889 2101 1989 2154; x_wconf 78' lang='grc' dir='ltr'>καὶ</span> 
     </span>
    </p>
   </div>
   <div class='ocr_carea' id='block_1_34' title="bbox 402 2187 1515 2261">
    <p class='ocr_par' dir='ltr' id='par_1_34' title="bbox 402 2187 1515 2261">
     <span class='ocr_line' id='line_1_34' title="bbox 402 2187 1515 2261; baseline 0.006 -21"><span class='ocrx_word' id='word_1_255' title='bbox 402 2187 835 2257; x_wconf 74' lang='grc' dir='ltr'>ἐπιστρέψωσι,</span> <span class='ocrx_word' id='word_1_256' title='bbox 867 2191 967 2244; x_wconf 72' lang='grc' dir='ltr'><strong>καί</strong></span> <span class='ocrx_word' id='word_1_257' title='bbox 994 2191 1247 2261; x_wconf 82' lang='grc' dir='ltr'>ίὰσωμιιι</span> <span class='ocrx_word' id='word_1_258' title='bbox 1273 2193 1515 2258; x_wconf 84' lang='grc' dir='ltr'>αὐτούς.</span> 
     </span>
    </p>
   </div>
   <div class='ocr_carea' id='block_1_35' title="bbox 476 2279 1985 2357">
    <p class='ocr_par' dir='ltr' id='par_1_35' title="bbox 476 2279 1985 2357">
     <span class='ocr_line' id='line_1_35' title="bbox 476 2279 1985 2357; baseline 0.005 -24"><span class='ocrx_word' id='word_1_259' title='bbox 476 2279 742 2351; x_wconf 83' lang='grc' dir='ltr'>Πώρωσιν</span> <span class='ocrx_word' id='word_1_260' title='bbox 771 2282 869 2352; x_wconf 82' lang='grc' dir='ltr'><strong>μὲν</strong></span> <span class='ocrx_word' id='word_1_261' title='bbox 903 2282 1013 2336; x_wconf 83' lang='grc' dir='ltr'><strong>ἀπὸ</strong></span> <span class='ocrx_word' id='word_1_262' title='bbox 1044 2283 1244 2354; x_wconf 81' lang='grc' dir='ltr'><strong>μέρους</strong></span> <span class='ocrx_word' id='word_1_263' title='bbox 1281 2284 1710 2356; x_wconf 86' lang='grc' dir='ltr'>γεγενῆσθαιτῷ</span> <span class='ocrx_word' id='word_1_264' title='bbox 1748 2286 1985 2357; x_wconf 82' lang='grc' dir='ltr'>Ἰσραὴλ,</span> 
     </span>
    </p>
   </div>
   <div class='ocr_carea' id='block_1_36' title="bbox 401 2371 1988 2451">
    <p class='ocr_par' dir='ltr' id='par_1_36' title="bbox 401 2371 1988 2451">
     <span class='ocr_line' id='line_1_36' title="bbox 401 2371 1988 2451; baseline 0.006 -26"><span class='ocrx_word' id='word_1_265' title='bbox 401 2373 432 2425; x_wconf 90' lang='lat'><strong>6</strong></span> <span class='ocrx_word' id='word_1_266' title='bbox 461 2371 748 2437; x_wconf 78' lang='grc' dir='ltr'>Θεσπέσιος</span> <span class='ocrx_word' id='word_1_267' title='bbox 785 2374 986 2445; x_wconf 84' lang='grc' dir='ltr'>γράφει</span> <span class='ocrx_word' id='word_1_268' title='bbox 1018 2376 1263 2440; x_wconf 82' lang='grc' dir='ltr'><strong>Παῦλος·</strong></span> <span class='ocrx_word' id='word_1_269' title='bbox 1304 2377 1678 2448; x_wconf 87' lang='grc' dir='ltr'>διερμηνεύων</span> <span class='ocrx_word' id='word_1_270' title='bbox 1707 2379 1764 2432; x_wconf 86' lang='grc' dir='ltr'>δὲ</span> <span class='ocrx_word' id='word_1_271' title='bbox 1795 2379 1988 2451; x_wconf 84' lang='grc' dir='ltr'>ὥσπερ</span> 
     </span>
    </p>
   </div>
   <div class='ocr_carea' id='block_1_37' title="bbox 400 2464 1983 2540">
    <p class='ocr_par' dir='ltr' id='par_1_37' title="bbox 400 2464 1983 2540">
     <span class='ocr_line' id='line_1_37' title="bbox 400 2464 1983 2540; baseline 0.006 -23"><span class='ocrx_word' id='word_1_272' title='bbox 400 2464 524 2518; x_wconf 89' lang='grc' dir='ltr'>τίνα</span> <span class='ocrx_word' id='word_1_273' title='bbox 576 2466 777 2537; x_wconf 81' lang='grc' dir='ltr'>τρόπον</span> <span class='ocrx_word' id='word_1_274' title='bbox 835 2467 1019 2531; x_wconf 82' lang='grc' dir='ltr'>αὐτοῖς</span> <span class='ocrx_word' id='word_1_275' title='bbox 1080 2468 1179 2539; x_wconf 85' lang='grc' dir='ltr'>τὴν</span> <span class='ocrx_word' id='word_1_276' title='bbox 1223 2467 1482 2540; x_wconf 82' lang='grc' dir='ltr'>πώρωσιν</span> <span class='ocrx_word' id='word_1_277' title='bbox 1523 2470 1723 2540; x_wconf 80' lang='grc' dir='ltr'>συνέϐη</span> <span class='ocrx_word' id='word_1_278' title='bbox 1771 2472 1983 2527; x_wconf 85' lang='grc' dir='ltr'>παθεῖν.</span> 
     </span>
    </p>
   </div>
   <div class='ocr_carea' id='block_1_38' title="bbox 414 2559 1987 2635">
    <p class='ocr_par' dir='ltr' id='par_1_38' title="bbox 414 2559 1987 2635">
     <span class='ocr_line' id='line_1_38' title="bbox 414 2559 1987 2635; baseline 0.004 -24"><span class='ocrx_word' id='word_1_279' title='bbox 414 2579 431 2611; x_wconf 85' lang='grc' dir='ltr'><strong>ι</strong></span> <span class='ocrx_word' id='word_1_280' title='bbox 448 2559 609 2630; x_wconf 79' lang='grc' dir='ltr'>’Δχρι</span> <span class='ocrx_word' id='word_1_281' title='bbox 626 2560 734 2631; x_wconf 82' lang='grc' dir='ltr'>γὰρ</span> <span class='ocrx_word' id='word_1_282' title='bbox 757 2561 1016 2632; x_wconf 85' lang='grc' dir='ltr'>σήμερον,</span> <span class='ocrx_word' id='word_1_283' title='bbox 1046 2562 1234 2632; x_wconf 79' lang='grc' dir='ltr'>φησὶν,</span> <span class='ocrx_word' id='word_1_284' title='bbox 1258 2562 1422 2633; x_wconf 88' lang='grc' dir='ltr'>ήνίκα</span> <span class='ocrx_word' id='word_1_285' title='bbox 1447 2563 1513 2616; x_wconf 85' lang='grc' dir='ltr'><strong>ἂν</strong></span> <span class='ocrx_word' id='word_1_286' title='bbox 1542 2563 1987 2635; x_wconf 82' lang='grc' dir='ltr'>ἀναγινώσκηται</span> 
     </span>
    </p>
   </div>
   <div class='ocr_carea' id='block_1_39' title="bbox 402 2652 1979 2727">
    <p class='ocr_par' dir='ltr' id='par_1_39' title="bbox 402 2652 1979 2727">
     <span class='ocr_line' id='line_1_39' title="bbox 402 2652 1979 2727; baseline 0.002 -23"><span class='ocrx_word' id='word_1_287' title='bbox 402 2652 609 2718; x_wconf 78' lang='grc' dir='ltr'>Μωσῆς</span> <span class='ocrx_word' id='word_1_288' title='bbox 632 2690 648 2717; x_wconf 91' lang='grc'><strong>,</strong></span> <span class='ocrx_word' id='word_1_289' title='bbox 686 2652 951 2724; x_wconf 78' lang='grc' dir='ltr'>κάλυμμα</span> <span class='ocrx_word' id='word_1_290' title='bbox 1004 2654 1095 2707; x_wconf 80' lang='grc' dir='ltr'><strong>ἐπὶ</strong></span> <span class='ocrx_word' id='word_1_291' title='bbox 1132 2654 1233 2725; x_wconf 82' lang='grc' dir='ltr'>τὴν</span> <span class='ocrx_word' id='word_1_292' title='bbox 1268 2654 1494 2726; x_wconf 81' lang='grc' dir='ltr'>καρδίαν</span> <span class='ocrx_word' id='word_1_293' title='bbox 1545 2655 1721 2709; x_wconf 82' lang='grc' dir='ltr'>αὐτῶν</span> <span class='ocrx_word' id='word_1_294' title='bbox 1747 2659 1979 2727; x_wconf 62' lang='grc' dir='ltr'>κεῖταιμ</span> 
     </span>
    </p>
   </div>
   <div class='ocr_carea' id='block_1_40' title="bbox 404 2738 1989 2820">
    <p class='ocr_par' dir='ltr' id='par_1_40' title="bbox 404 2738 1989 2820">
     <span class='ocr_line' id='line_1_40' title="bbox 404 2738 1989 2820; baseline 0.005 -26"><span class='ocrx_word' id='word_1_295' title='bbox 404 2743 519 2795; x_wconf 74' lang='grc' dir='ltr'>Καὶ</span> <span class='ocrx_word' id='word_1_296' title='bbox 550 2743 657 2814; x_wconf 85' lang='grc' dir='ltr'><strong>γάρ</strong></span> <span class='ocrx_word' id='word_1_297' title='bbox 690 2738 758 2815; x_wconf 81' lang='grc' dir='ltr'>ἦν</span> <span class='ocrx_word' id='word_1_298' title='bbox 801 2744 1094 2798; x_wconf 87' lang='grc' dir='ltr'>ἀκόλουθον</span> <span class='ocrx_word' id='word_1_299' title='bbox 1126 2749 1243 2809; x_wconf 90' lang='grc' dir='ltr'>τοῖς</span> <span class='ocrx_word' id='word_1_300' title='bbox 1283 2749 1363 2811; x_wconf 78' lang='grc' dir='ltr'>εἰς</span> <span class='ocrx_word' id='word_1_301' title='bbox 1403 2746 1562 2800; x_wconf 81' lang='grc' dir='ltr'>τοῦτο</span> <span class='ocrx_word' id='word_1_302' title='bbox 1590 2746 1774 2801; x_wconf 84' lang='grc' dir='ltr'>λοιπὸν</span> <span class='ocrx_word' id='word_1_303' title='bbox 1799 2748 1989 2820; x_wconf 82' lang='grc' dir='ltr'>ἀγριόο</span> 
     </span>
    </p>
   </div>
   <div class='ocr_carea' id='block_1_41' title="bbox 399 2836 1985 2909">
    <p class='ocr_par' dir='ltr' id='par_1_41' title="bbox 399 2836 1985 2909">
     <span class='ocr_line' id='line_1_41' title="bbox 399 2836 1985 2909; baseline 0.006 -24"><span class='ocrx_word' id='word_1_304' title='bbox 399 2850 566 2905; x_wconf 87' lang='grc' dir='ltr'>τητος</span> <span class='ocrx_word' id='word_1_305' title='bbox 606 2836 823 2907; x_wconf 87' lang='grc' dir='ltr'>τρόπων</span> <span class='ocrx_word' id='word_1_306' title='bbox 855 2837 1237 2909; x_wconf 81' lang='grc' dir='ltr'>ὠλισθηκόσιν,</span> <span class='ocrx_word' id='word_1_307' title='bbox 1273 2839 1350 2903; x_wconf 87' lang='grc' dir='ltr'>ὼς</span> <span class='ocrx_word' id='word_1_308' title='bbox 1390 2838 1524 2893; x_wconf 80' lang='grc' dir='ltr'>πολὺ</span> <span class='ocrx_word' id='word_1_309' title='bbox 1579 2842 1758 2894; x_wconf 88' lang='grc' dir='ltr'>νοσεῖν</span> <span class='ocrx_word' id='word_1_310' title='bbox 1796 2840 1857 2893; x_wconf 84' lang='grc' dir='ltr'><strong>τὸ</strong></span> <span class='ocrx_word' id='word_1_311' title='bbox 1895 2840 1985 2907; x_wconf 79' lang='grc' dir='ltr'><strong>ἐξ·</strong></span> 
     </span>
    </p>
   </div>
   <div class='ocr_carea' id='block_1_42' title="bbox 400 2927 1985 3003">
    <p class='ocr_par' dir='ltr' id='par_1_42' title="bbox 400 2927 1985 3003">
     <span class='ocr_line' id='line_1_42' title="bbox 400 2927 1985 3003; baseline 0.006 -26"><span class='ocrx_word' id='word_1_312' title='bbox 400 2927 575 2995; x_wconf 88' lang='grc' dir='ltr'>ήνιον,</span> <span class='ocrx_word' id='word_1_313' title='bbox 626 2928 720 2980; x_wconf 74' lang='grc' dir='ltr'><strong>καὶ</strong></span> <span class='ocrx_word' id='word_1_314' title='bbox 768 2929 906 3000; x_wconf 84' lang='grc' dir='ltr'>μήτε</span> <span class='ocrx_word' id='word_1_315' title='bbox 954 2932 1068 2993; x_wconf 86' lang='grc' dir='ltr'>τοῖς</span> <span class='ocrx_word' id='word_1_316' title='bbox 1117 2931 1362 2995; x_wconf 81' lang='grc' dir='ltr'><strong>Μωσέως</strong></span> <span class='ocrx_word' id='word_1_317' title='bbox 1422 2933 1748 3003; x_wconf 85' lang='grc' dir='ltr'>γράμμασιν</span> <span class='ocrx_word' id='word_1_318' title='bbox 1813 2935 1985 2987; x_wconf 82' lang='grc' dir='ltr'>εἴκειν</span> 
     </span>
    </p>
   </div>
   <div class='ocr_carea' id='block_1_43' title="bbox 398 3017 1983 3097">
    <p class='ocr_par' dir='ltr' id='par_1_43' title="bbox 398 3017 1983 3097">
     <span class='ocr_line' id='line_1_43' title="bbox 398 3017 1983 3097; baseline 0.005 -27"><span class='ocrx_word' id='word_1_319' title='bbox 398 3017 693 3083; x_wconf 74' lang='grc' dir='ltr'>ἐθέλοντες,</span> <span class='ocrx_word' id='word_1_320' title='bbox 741 3022 879 3091; x_wconf 89' lang='grc' dir='ltr'>μήτε</span> <span class='ocrx_word' id='word_1_321' title='bbox 923 3022 1030 3094; x_wconf 82' lang='grc' dir='ltr'><strong>μὴν</strong></span> <span class='ocrx_word' id='word_1_322' title='bbox 1058 3026 1173 3087; x_wconf 88' lang='grc' dir='ltr'>τοῖς</span> <span class='ocrx_word' id='word_1_323' title='bbox 1217 3025 1394 3092; x_wconf 83' lang='grc' dir='ltr'>ἁγίοις</span> <span class='ocrx_word' id='word_1_324' title='bbox 1438 3027 1778 3095; x_wconf 83' lang='grc' dir='ltr'>προφήταις·</span> <span class='ocrx_word' id='word_1_325' title='bbox 1811 3042 1983 3097; x_wconf 90' lang='grc' dir='ltr'>προσ-</span> 
     </span>
    </p>
   </div>
   <div class='ocr_carea' id='block_1_44' title="bbox 2092 1822 3682 1909">
    <p class='ocr_par' dir='ltr' id='par_1_44' title="bbox 2092 1822 3682 1909">
     <span class='ocr_line' id='line_1_44' title="bbox 2092 1822 3682 1909; baseline 0.013 -36"><span class='ocrx_word' id='word_1_326' title='bbox 2092 1822 2334 1890; x_wconf 78' lang='grc' dir='ltr'>εῙῙεειιιηι</span> <span class='ocrx_word' id='word_1_327' title='bbox 2390 1834 2466 1878; x_wconf 80' lang='lat' dir='ltr'><strong>est</strong></span> <span class='ocrx_word' id='word_1_328' title='bbox 2513 1841 2607 1878; x_wconf 87' lang='lat' dir='ltr'><strong>cor</strong></span> <span class='ocrx_word' id='word_1_329' title='bbox 2650 1828 2828 1895; x_wconf 85' lang='lat' dir='ltr'><strong>populi</strong></span> <span class='ocrx_word' id='word_1_330' title='bbox 2876 1830 3073 1899; x_wconf 82' lang='lat' dir='ltr'><strong>hujus,</strong></span> <span class='ocrx_word' id='word_1_331' title='bbox 3114 1840 3164 1886; x_wconf 83' lang='lat' dir='ltr'><strong>et</strong></span> <span class='ocrx_word' id='word_1_332' title='bbox 3203 1834 3422 1890; x_wconf 75' lang='lat' dir='ltr'><strong>auribus</strong></span> <span class='ocrx_word' id='word_1_333' title='bbox 3454 1842 3682 1909; x_wconf 79' lang='lat' dir='ltr'><strong>graviter</strong></span> 
     </span>
    </p>
   </div>
   <div class='ocr_carea' id='block_1_45' title="bbox 2091 1914 3678 1999">
    <p class='ocr_par' dir='ltr' id='par_1_45' title="bbox 2091 1914 3678 1999">
     <span class='ocr_line' id='line_1_45' title="bbox 2091 1914 3678 1999; baseline 0.012 -34"><span class='ocrx_word' id='word_1_334' title='bbox 2091 1914 2416 1980; x_wconf 86' lang='lat' dir='ltr'><strong>audierunt,</strong></span> <span class='ocrx_word' id='word_1_335' title='bbox 2474 1924 2523 1969; x_wconf 85' lang='lat' dir='ltr'><strong>et</strong></span> <span class='ocrx_word' id='word_1_336' title='bbox 2579 1918 2759 1971; x_wconf 86' lang='lat' dir='ltr'><strong>oculos</strong></span> <span class='ocrx_word' id='word_1_337' title='bbox 2809 1936 2933 1974; x_wconf 85' lang='lat' dir='ltr'><strong>suos</strong></span> <span class='ocrx_word' id='word_1_338' title='bbox 2978 1922 3351 1990; x_wconf 84' lang='lat' dir='ltr'><strong>occluserunt,</strong></span> <span class='ocrx_word' id='word_1_339' title='bbox 3404 1931 3678 1999; x_wconf 82' lang='lat' dir='ltr'><strong>nequando</strong></span> 
     </span>
    </p>
   </div>
   <div class='ocr_carea' id='block_1_46' title="bbox 2090 2006 3680 2081">
    <p class='ocr_par' dir='ltr' id='par_1_46' title="bbox 2090 2006 3680 2081">
     <span class='ocr_line' id='line_1_46' title="bbox 2090 2006 3680 2081; baseline 0.01 -23"><span class='ocrx_word' id='word_1_340' title='bbox 2090 2007 2300 2059; x_wconf 82' lang='lat' dir='ltr'><strong>uideant</strong></span> <span class='ocrx_word' id='word_1_341' title='bbox 2359 2006 2551 2072; x_wconf 87' lang='lat' dir='ltr'><strong>oculis,</strong></span> <span class='ocrx_word' id='word_1_342' title='bbox 2600 2019 2649 2061; x_wconf 81' lang='lat' dir='ltr'><strong>et</strong></span> <span class='ocrx_word' id='word_1_343' title='bbox 2701 2012 2920 2065; x_wconf 79' lang='lat' dir='ltr'><strong>auribus</strong></span> <span class='ocrx_word' id='word_1_344' title='bbox 2942 2015 3188 2081; x_wconf 87' lang='lat' dir='ltr'><strong>audiant,</strong></span> <span class='ocrx_word' id='word_1_345' title='bbox 3225 2026 3271 2070; x_wconf 83' lang='lat' dir='ltr'><strong>et</strong></span> <span class='ocrx_word' id='word_1_346' title='bbox 3307 2019 3465 2073; x_wconf 88' lang='lat' dir='ltr'><strong>corde</strong></span> <span class='ocrx_word' id='word_1_347' title='bbox 3491 2021 3680 2075; x_wconf 80' lang='lat' dir='ltr'><strong>intelli-</strong></span> 
     </span>
    </p>
   </div>
   <div class='ocr_carea' id='block_1_47' title="bbox 2090 2108 3181 2169">
    <p class='ocr_par' dir='ltr' id='par_1_47' title="bbox 2090 2108 3181 2169">
     <span class='ocr_line' id='line_1_47' title="bbox 2090 2108 3181 2169; baseline 0.013 -19"><span class='ocrx_word' id='word_1_348' title='bbox 2090 2108 2235 2169; x_wconf 83' lang='lat' dir='ltr'><strong>gant,</strong></span> <span class='ocrx_word' id='word_1_349' title='bbox 2266 2108 2314 2153; x_wconf 81' lang='lat' dir='ltr'><strong>et</strong></span> <span class='ocrx_word' id='word_1_350' title='bbox 2344 2112 2737 2169; x_wconf 86' lang='lat' dir='ltr'><strong>convertantur,</strong></span> <span class='ocrx_word' id='word_1_351' title='bbox 2776 2116 2823 2159; x_wconf 85' lang='lat' dir='ltr'><strong>et</strong></span> <span class='ocrx_word' id='word_1_352' title='bbox 2859 2122 3038 2161; x_wconf 68' lang='lat' dir='ltr'><strong>sanam</strong></span> <span class='ocrx_word' id='word_1_353' title='bbox 3073 2126 3181 2164; x_wconf 79' lang='lat' dir='ltr'><strong>eos.</strong></span> 
     </span>
    </p>
   </div>
   <div class='ocr_carea' id='block_1_48' title="bbox 2162 2274 3675 2347">
    <p class='ocr_par' dir='ltr' id='par_1_48' title="bbox 2162 2274 3675 2347">
     <span class='ocr_line' id='line_1_48' title="bbox 2162 2274 3675 2347; baseline 0.008 -18"><span class='ocrx_word' id='word_1_354' title='bbox 2162 2274 2589 2332; x_wconf 72' lang='lat' dir='ltr'><strong>Escmcationem</strong></span> <span class='ocrx_word' id='word_1_355' title='bbox 2619 2293 2686 2333; x_wconf 78' lang='lat' dir='ltr'><strong>ex</strong></span> <span class='ocrx_word' id='word_1_356' title='bbox 2742 2288 2897 2347; x_wconf 88' lang='lat' dir='ltr'><strong>parte</strong></span> <span class='ocrx_word' id='word_1_357' title='bbox 2951 2279 3150 2341; x_wconf 78' lang='lat' dir='ltr'><strong>factam</strong></span> <span class='ocrx_word' id='word_1_358' title='bbox 3215 2282 3403 2339; x_wconf 90' lang='lat' dir='ltr'><strong>lsraeli</strong></span> <span class='ocrx_word' id='word_1_359' title='bbox 3458 2286 3675 2341; x_wconf 80' lang='lat' dir='ltr'><strong>divinus</strong></span> 
     </span>
    </p>
   </div>
   <div class='ocr_carea' id='block_1_49' title="bbox 2090 2366 3675 2443">
    <p class='ocr_par' dir='ltr' id='par_1_49' title="bbox 2090 2366 3675 2443">
     <span class='ocr_line' id='line_1_49' title="bbox 2090 2366 3675 2443; baseline 0.009 -23"><span class='ocrx_word' id='word_1_360' title='bbox 2090 2366 2291 2423; x_wconf 80' lang='lat' dir='ltr'><strong>Paulus</strong></span> <span class='ocrx_word' id='word_1_361' title='bbox 2317 2370 2532 2437; x_wconf 86' lang='lat' dir='ltr'><strong>scribit,</strong></span> <span class='ocrx_word' id='word_1_362' title='bbox 2568 2371 2933 2440; x_wconf 85' lang='lat' dir='ltr'><strong>interpretans</strong></span> <span class='ocrx_word' id='word_1_363' title='bbox 2957 2372 3070 2428; x_wconf 78' lang='lat' dir='ltr'><strong>fere</strong></span> <span class='ocrx_word' id='word_1_364' title='bbox 3092 2376 3545 2443; x_wconf 88' lang='lat' dir='ltr'><strong>quemadmodum</strong></span> <span class='ocrx_word' id='word_1_365' title='bbox 3571 2379 3675 2435; x_wconf 87' lang='lat' dir='ltr'><strong>illis</strong></span> 
     </span>
    </p>
   </div>
   <div class='ocr_carea' id='block_1_50' title="bbox 2090 2463 3667 2533">
    <p class='ocr_par' dir='ltr' id='par_1_50' title="bbox 2090 2463 3667 2533">
     <span class='ocr_line' id='line_1_50' title="bbox 2090 2463 3667 2533; baseline 0.007 -19"><span class='ocrx_word' id='word_1_366' title='bbox 2090 2464 2452 2517; x_wconf 69' lang='lat' dir='ltr'><strong>excmcatione</strong></span> <span class='ocrx_word' id='word_1_367' title='bbox 2492 2463 2600 2531; x_wconf 90' lang='lat' dir='ltr'><strong>pati</strong></span> <span class='ocrx_word' id='word_1_368' title='bbox 2634 2465 2939 2533; x_wconf 83' lang='lat' dir='ltr'><strong>contigerit.</strong></span> <span class='ocrx_word' id='word_1_369' title='bbox 2987 2483 3006 2517; x_wconf 77' lang='grc' dir='ltr'><strong>ι</strong></span> <span class='ocrx_word' id='word_1_370' title='bbox 3041 2468 3123 2520; x_wconf 87' lang='lat' dir='ltr'><strong>Ad</strong></span> <span class='ocrx_word' id='word_1_371' title='bbox 3168 2468 3487 2524; x_wconf 88' lang='lat' dir='ltr'><strong>hodiernum</strong></span> <span class='ocrx_word' id='word_1_372' title='bbox 3515 2472 3667 2531; x_wconf 83' lang='lat' dir='ltr'><strong>enim</strong></span> 
     </span>
    </p>
   </div>
   <div class='ocr_carea' id='block_1_51' title="bbox 2089 2554 3666 2628">
    <p class='ocr_par' dir='ltr' id='par_1_51' title="bbox 2089 2554 3666 2628">
     <span class='ocr_line' id='line_1_51' title="bbox 2089 2554 3666 2628; baseline 0.005 -21"><span class='ocrx_word' id='word_1_373' title='bbox 2089 2570 2260 2622; x_wconf 88' lang='lat' dir='ltr'><strong>usque</strong></span> <span class='ocrx_word' id='word_1_374' title='bbox 2296 2554 2459 2620; x_wconf 91' lang='lat' dir='ltr'><strong>diem,</strong></span> <span class='ocrx_word' id='word_1_375' title='bbox 2486 2556 2685 2625; x_wconf 88' lang='lat' dir='ltr'><strong>inquit,</strong></span> <span class='ocrx_word' id='word_1_376' title='bbox 2727 2558 2942 2625; x_wconf 88' lang='lat' dir='ltr'><strong>quando</strong></span> <span class='ocrx_word' id='word_1_377' title='bbox 2986 2559 3182 2628; x_wconf 90' lang='lat' dir='ltr'><strong>legitur</strong></span> <span class='ocrx_word' id='word_1_378' title='bbox 3238 2560 3451 2626; x_wconf 79' lang='lat' dir='ltr'><strong>Moses,</strong></span> <span class='ocrx_word' id='word_1_379' title='bbox 3488 2563 3666 2616; x_wconf 84' lang='lat' dir='ltr'><strong>velum</strong></span> 
     </span>
    </p>
   </div>
   <div class='ocr_carea' id='block_1_52' title="bbox 2089 2646 3669 2720">
    <p class='ocr_par' dir='ltr' id='par_1_52' title="bbox 2089 2646 3669 2720">
     <span class='ocr_line' id='line_1_52' title="bbox 2089 2646 3669 2720; baseline 0.005 -21"><span class='ocrx_word' id='word_1_380' title='bbox 2089 2646 2240 2699; x_wconf 88' lang='lat' dir='ltr'><strong>cordi</strong></span> <span class='ocrx_word' id='word_1_381' title='bbox 2255 2661 2440 2701; x_wconf 89' lang='lat' dir='ltr'><strong>eorum</strong></span> <span class='ocrx_word' id='word_1_382' title='bbox 2465 2646 2867 2716; x_wconf 80' lang='lat' dir='ltr'><strong>imponitur&#39;°&#39;.</strong></span> <span class='ocrx_word' id='word_1_383' title='bbox 2893 2668 2912 2702; x_wconf 74' lang='grc' dir='ltr'><strong>ι</strong></span> <span class='ocrx_word' id='word_1_384' title='bbox 2937 2648 3145 2704; x_wconf 81' lang='lat' dir='ltr'><strong>Etenim</strong></span> <span class='ocrx_word' id='word_1_385' title='bbox 3173 2652 3263 2720; x_wconf 90' lang='lat' dir='ltr'><strong>qui</strong></span> <span class='ocrx_word' id='word_1_386' title='bbox 3290 2652 3357 2707; x_wconf 91' lang='lat' dir='ltr'><strong>ad</strong></span> <span class='ocrx_word' id='word_1_387' title='bbox 3390 2653 3545 2707; x_wconf 81' lang='lat' dir='ltr'><strong>istam</strong></span> <span class='ocrx_word' id='word_1_388' title='bbox 3572 2654 3669 2707; x_wconf 70' lang='lat' dir='ltr'><strong>deo</strong></span> 
     </span>
    </p>
   </div>
   <div class='ocr_carea' id='block_1_53' title="bbox 2088 2738 3674 2813">
    <p class='ocr_par' dir='ltr' id='par_1_53' title="bbox 2088 2738 3674 2813">
     <span class='ocr_line' id='line_1_53' title="bbox 2088 2738 3674 2813; baseline 0.006 -21"><span class='ocrx_word' id='word_1_389' title='bbox 2088 2753 2236 2792; x_wconf 89' lang='lat' dir='ltr'><strong>mum</strong></span> <span class='ocrx_word' id='word_1_390' title='bbox 2286 2754 2497 2795; x_wconf 89' lang='lat' dir='ltr'><strong>morum</strong></span> <span class='ocrx_word' id='word_1_391' title='bbox 2537 2738 2807 2796; x_wconf 78' lang='lat' dir='ltr'><strong>feritatem</strong></span> <span class='ocrx_word' id='word_1_392' title='bbox 2874 2742 3079 2813; x_wconf 87' lang='lat' dir='ltr'><strong>delapsi</strong></span> <span class='ocrx_word' id='word_1_393' title='bbox 3126 2753 3281 2809; x_wconf 85' lang='lat' dir='ltr'><strong>sunt,</strong></span> <span class='ocrx_word' id='word_1_394' title='bbox 3342 2755 3401 2799; x_wconf 92' lang='lat' dir='ltr'><strong>ut</strong></span> <span class='ocrx_word' id='word_1_395' title='bbox 3435 2745 3674 2802; x_wconf 76' lang='lat' dir='ltr'><strong>eﬂ‘renes</strong></span> 
     </span>
    </p>
   </div>
   <div class='ocr_carea' id='block_1_54' title="bbox 2088 2828 3674 2907">
    <p class='ocr_par' dir='ltr' id='par_1_54' title="bbox 2088 2828 3674 2907">
     <span class='ocr_line' id='line_1_54' title="bbox 2088 2828 3674 2907; baseline 0.006 -27"><span class='ocrx_word' id='word_1_396' title='bbox 2088 2828 2266 2897; x_wconf 86' lang='lat' dir='ltr'><strong>plane,</strong></span> <span class='ocrx_word' id='word_1_397' title='bbox 2324 2845 2500 2900; x_wconf 89' lang='lat' dir='ltr'><strong>neque</strong></span> <span class='ocrx_word' id='word_1_398' title='bbox 2541 2831 2797 2889; x_wconf 81' lang='lat' dir='ltr'><strong>Mosaicis</strong></span> <span class='ocrx_word' id='word_1_399' title='bbox 2832 2834 3074 2904; x_wconf 87' lang='lat' dir='ltr'><strong>scriptis,</strong></span> <span class='ocrx_word' id='word_1_400' title='bbox 3111 2849 3286 2903; x_wconf 84' lang='lat' dir='ltr'><strong>neque</strong></span> <span class='ocrx_word' id='word_1_401' title='bbox 3311 2838 3520 2890; x_wconf 87' lang='lat' dir='ltr'><strong>sanctis</strong></span> <span class='ocrx_word' id='word_1_402' title='bbox 3551 2852 3674 2907; x_wconf 80' lang='lat' dir='ltr'><strong>pro-</strong></span> 
     </span>
    </p>
   </div>
   <div class='ocr_carea' id='block_1_55' title="bbox 2087 2922 3670 2996">
    <p class='ocr_par' dir='ltr' id='par_1_55' title="bbox 2087 2922 3670 2996">
     <span class='ocr_line' id='line_1_55' title="bbox 2087 2922 3670 2996; baseline 0.004 -20"><span class='ocrx_word' id='word_1_403' title='bbox 2087 2924 2289 2991; x_wconf 88' lang='lat' dir='ltr'><strong>phetis,</strong></span> <span class='ocrx_word' id='word_1_404' title='bbox 2317 2922 2457 2978; x_wconf 90' lang='lat' dir='ltr'><strong>addo</strong></span> <span class='ocrx_word' id='word_1_405' title='bbox 2488 2924 2675 2991; x_wconf 85' lang='lat' dir='ltr'><strong>etiam,</strong></span> <span class='ocrx_word' id='word_1_406' title='bbox 2706 2940 2882 2996; x_wconf 88' lang='lat' dir='ltr'><strong>neque</strong></span> <span class='ocrx_word' id='word_1_407' title='bbox 2920 2926 3022 2996; x_wconf 85' lang='lat' dir='ltr'><strong>ipsi</strong></span> <span class='ocrx_word' id='word_1_408' title='bbox 3058 2926 3280 2983; x_wconf 87' lang='lat' dir='ltr'><strong>Christo</strong></span> <span class='ocrx_word' id='word_1_409' title='bbox 3313 2929 3539 2984; x_wconf 86' lang='lat' dir='ltr'><strong>obedire</strong></span> <span class='ocrx_word' id='word_1_410' title='bbox 3573 2944 3670 2983; x_wconf 87' lang='lat' dir='ltr'><strong>vo-</strong></span> 
     </span>
    </p>
   </div>
   <div class='ocr_carea' id='block_1_56' title="bbox 2088 3014 3671 3089">
    <p class='ocr_par' dir='ltr' id='par_1_56' title="bbox 2088 3014 3671 3089">
     <span class='ocr_line' id='line_1_56' title="bbox 2088 3014 3671 3089; baseline 0.006 -22"><span class='ocrx_word' id='word_1_411' title='bbox 2088 3014 2288 3069; x_wconf 91' lang='lat' dir='ltr'><strong>luerint</strong></span> <span class='ocrx_word' id='word_1_412' title='bbox 2312 3032 2325 3068; x_wconf 93' lang='lat'>:</span> <span class='ocrx_word' id='word_1_413' title='bbox 2352 3031 2446 3070; x_wconf 88' lang='lat' dir='ltr'><strong>eos</strong></span> <span class='ocrx_word' id='word_1_414' title='bbox 2480 3016 2689 3071; x_wconf 75' lang='lat' dir='ltr'><strong>nebulae</strong></span> <span class='ocrx_word' id='word_1_415' title='bbox 2743 3018 3100 3089; x_wconf 89' lang='lat' dir='ltr'><strong>intelligibilis</strong></span> <span class='ocrx_word' id='word_1_416' title='bbox 3125 3020 3480 3076; x_wconf 78' lang='lat' dir='ltr'><strong>circumfundi</strong></span> <span class='ocrx_word' id='word_1_417' title='bbox 3519 3032 3671 3077; x_wconf 87' lang='lat' dir='ltr'><strong>tene-</strong></span> 
     </span>
    </p>
   </div>
   <div class='ocr_carea' id='block_1_57' title="bbox 397 3107 1980 3189">
    <p class='ocr_par' dir='ltr' id='par_1_57' title="bbox 397 3108 1980 3189">
     <span class='ocr_line' id='line_1_57' title="bbox 397 3108 1980 3189; baseline 0.012 -28"><span class='ocrx_word' id='word_1_418' title='bbox 397 3108 554 3182; x_wconf 80' lang='grc' dir='ltr'>θείην</span> <span class='ocrx_word' id='word_1_419' title='bbox 599 3111 643 3163; x_wconf 90' lang='grc' dir='ltr'>δ’</span> <span class='ocrx_word' id='word_1_420' title='bbox 685 3110 751 3165; x_wconf 80' lang='grc' dir='ltr'>ἂν</span> <span class='ocrx_word' id='word_1_421' title='bbox 796 3115 877 3167; x_wconf 85' lang='grc' dir='ltr'>ὃτι</span> <span class='ocrx_word' id='word_1_422' title='bbox 926 3115 1062 3185; x_wconf 79' lang='grc' dir='ltr'>μηδὲ</span> <span class='ocrx_word' id='word_1_423' title='bbox 1118 3116 1271 3186; x_wconf 75' lang='grc' dir='ltr'>αὐτῷ</span> <span class='ocrx_word' id='word_1_424' title='bbox 1328 3117 1408 3187; x_wconf 83' lang='grc' dir='ltr'><strong>τῷ</strong></span> <span class='ocrx_word' id='word_1_425' title='bbox 1454 3116 1695 3188; x_wconf 79' lang='grc' dir='ltr'>Χριστῷ,</span> <span class='ocrx_word' id='word_1_426' title='bbox 1755 3118 1833 3189; x_wconf 82' lang='grc' dir='ltr'>τῷ</span> <span class='ocrx_word' id='word_1_427' title='bbox 1886 3118 1980 3189; x_wconf 75' lang='grc' dir='ltr'><strong>τῆς</strong></span> 
     </span>
    </p>
   </div>
   <div class='ocr_carea' id='block_1_58' title="bbox 2086 3107 3674 3189">
    <p class='ocr_par' dir='ltr' id='par_1_58' title="bbox 2088 3107 3674 3181">
     <span class='ocr_line' id='line_1_58' title="bbox 2088 3107 3674 3181; baseline 0.004 -20"><span class='ocrx_word' id='word_1_428' title='bbox 2088 3107 2224 3172; x_wconf 88' lang='lat' dir='ltr'><strong>bris,</strong></span> <span class='ocrx_word' id='word_1_429' title='bbox 2248 3116 2302 3161; x_wconf 90' lang='lat' dir='ltr'><strong>et</strong></span> <span class='ocrx_word' id='word_1_430' title='bbox 2336 3107 2560 3163; x_wconf 88' lang='lat' dir='ltr'><strong>minimo</strong></span> <span class='ocrx_word' id='word_1_431' title='bbox 2602 3110 2782 3164; x_wconf 89' lang='lat' dir='ltr'><strong>minus</strong></span> <span class='ocrx_word' id='word_1_432' title='bbox 2812 3124 2842 3163; x_wconf 91' lang='lat' dir='ltr'><strong>a</strong></span> <span class='ocrx_word' id='word_1_433' title='bbox 2896 3110 3164 3181; x_wconf 81' lang='lat' dir='ltr'><strong>lapidibus</strong></span> <span class='ocrx_word' id='word_1_434' title='bbox 3217 3126 3378 3168; x_wconf 89' lang='lat' dir='ltr'><strong>sensu</strong></span> <span class='ocrx_word' id='word_1_435' title='bbox 3430 3116 3674 3169; x_wconf 89' lang='lat' dir='ltr'><strong>carenti-</strong></span> 
     </span>
    </p>
   </div>
   <div class='ocr_carea' id='block_1_59' title="bbox 396 3203 1986 3282">
    <p class='ocr_par' dir='ltr' id='par_1_59' title="bbox 396 3203 1986 3282">
     <span class='ocr_line' id='line_1_59' title="bbox 396 3203 1986 3282; baseline 0.006 -25"><span class='ocrx_word' id='word_1_436' title='bbox 396 3203 602 3275; x_wconf 87' lang='grc' dir='ltr'>νοητῆς</span> <span class='ocrx_word' id='word_1_437' title='bbox 645 3206 845 3276; x_wconf 82' lang='grc' dir='ltr'>ἀχλύος</span> <span class='ocrx_word' id='word_1_438' title='bbox 890 3208 1404 3280; x_wconf 78' lang='grc' dir='ltr'>καταλαμϐάνεσθαι</span> <span class='ocrx_word' id='word_1_439' title='bbox 1447 3212 1644 3282; x_wconf 81' lang='grc' dir='ltr'>σκότῳ,</span> <span class='ocrx_word' id='word_1_440' title='bbox 1694 3214 1787 3266; x_wconf 80' lang='grc' dir='ltr'>καὶ</span> <span class='ocrx_word' id='word_1_441' title='bbox 1828 3213 1986 3281; x_wconf 83' lang='grc' dir='ltr'>ὀλίγα</span> 
     </span>
    </p>
   </div>
   <div class='ocr_carea' id='block_1_60' title="bbox 396 3295 1985 3377">
    <p class='ocr_par' dir='ltr' id='par_1_60' title="bbox 396 3295 1985 3377">
     <span class='ocr_line' id='line_1_60' title="bbox 396 3295 1985 3377; baseline 0.006 -29"><span class='ocrx_word' id='word_1_442' title='bbox 396 3295 700 3364; x_wconf 81' lang='grc' dir='ltr'>διενεγκεῖν</span> <span class='ocrx_word' id='word_1_443' title='bbox 742 3298 852 3352; x_wconf 85' lang='grc' dir='ltr'>τῶν</span> <span class='ocrx_word' id='word_1_444' title='bbox 891 3300 1234 3372; x_wconf 82' lang='grc' dir='ltr'>ἀναισθήτων</span> <span class='ocrx_word' id='word_1_445' title='bbox 1264 3301 1449 3359; x_wconf 86' lang='grc' dir='ltr'>λίθων.</span> <span class='ocrx_word' id='word_1_446' title='bbox 1486 3303 1705 3374; x_wconf 87' lang='grc' dir='ltr'>Ταύτην</span> <span class='ocrx_word' id='word_1_447' title='bbox 1743 3300 1836 3357; x_wconf 74' lang='grc' dir='ltr'>οὖν</span> <span class='ocrx_word' id='word_1_448' title='bbox 1875 3304 1985 3377; x_wconf 78' lang='grc' dir='ltr'>ἄρα</span> 
     </span>
    </p>
   </div>
   <div class='ocr_carea' id='block_1_61' title="bbox 394 3390 1984 3465">
    <p class='ocr_par' dir='ltr' id='par_1_61' title="bbox 394 3390 1984 3465">
     <span class='ocr_line' id='line_1_61' title="bbox 394 3390 1984 3465; baseline 0.006 -24"><span class='ocrx_word' id='word_1_449' title='bbox 394 3393 633 3443; x_wconf 87' lang='grc' dir='ltr'>ποιεῖται</span> <span class='ocrx_word' id='word_1_450' title='bbox 666 3390 766 3461; x_wconf 82' lang='grc' dir='ltr'>τὴν</span> <span class='ocrx_word' id='word_1_451' title='bbox 815 3392 1214 3465; x_wconf 79' lang='grc' dir='ltr'>προαγόρευσιν</span> <span class='ocrx_word' id='word_1_452' title='bbox 1260 3396 1287 3447; x_wconf 89' lang='lat'><strong>6</strong></span> <span class='ocrx_word' id='word_1_453' title='bbox 1330 3394 1437 3447; x_wconf 85' lang='grc' dir='ltr'>τῶν</span> <span class='ocrx_word' id='word_1_454' title='bbox 1476 3395 1612 3448; x_wconf 86' lang='grc' dir='ltr'>ὅλων</span> <span class='ocrx_word' id='word_1_455' title='bbox 1667 3396 1829 3461; x_wconf 80' lang='grc' dir='ltr'>Θεὸς,</span> <span class='ocrx_word' id='word_1_456' title='bbox 1890 3398 1984 3450; x_wconf 82' lang='grc' dir='ltr'><strong>καὶ</strong></span> 
     </span>
    </p>
   </div>
   <div class='ocr_carea' id='block_1_62' title="bbox 392 3482 1982 3557">
    <p class='ocr_par' dir='ltr' id='par_1_62' title="bbox 392 3482 1982 3557">
     <span class='ocr_line' id='line_1_62' title="bbox 392 3482 1982 3557; baseline 0.006 -24"><span class='ocrx_word' id='word_1_457' title='bbox 392 3482 470 3551; x_wconf 79' lang='grc' dir='ltr'><strong>τῷ</strong></span> <span class='ocrx_word' id='word_1_458' title='bbox 498 3484 749 3553; x_wconf 78' lang='grc' dir='ltr'>προφήτῃ</span> <span class='ocrx_word' id='word_1_459' title='bbox 792 3487 1081 3555; x_wconf 82' lang='grc' dir='ltr'>παρεγγυᾷ</span> <span class='ocrx_word' id='word_1_460' title='bbox 1116 3485 1601 3557; x_wconf 84' lang='grc' dir='ltr'>προκαταμηνύειν</span> <span class='ocrx_word' id='word_1_461' title='bbox 1645 3488 1862 3551; x_wconf 82' lang='grc' dir='ltr'>αὐτοῖς·</span> <span class='ocrx_word' id='word_1_462' title='bbox 1900 3490 1982 3543; x_wconf 85' lang='grc' dir='ltr'>ὅτι</span> 
     </span>
    </p>
   </div>
   <div class='ocr_carea' id='block_1_63' title="bbox 401 3575 1983 3650">
    <p class='ocr_par' dir='ltr' id='par_1_63' title="bbox 401 3575 1983 3650">
     <span class='ocr_line' id='line_1_63' title="bbox 401 3575 1983 3650; baseline 0.005 -25"><span class='ocrx_word' id='word_1_463' title='bbox 401 3593 420 3625; x_wconf 75' lang='grc' dir='ltr'><strong>ι</strong></span> <span class='ocrx_word' id='word_1_464' title='bbox 446 3576 611 3644; x_wconf 78' lang='grc' dir='ltr'>Ἀκοῇ</span> <span class='ocrx_word' id='word_1_465' title='bbox 657 3575 919 3629; x_wconf 81' lang='grc' dir='ltr'>ἀκούσετε</span> <span class='ocrx_word' id='word_1_466' title='bbox 969 3578 1063 3629; x_wconf 82' lang='grc' dir='ltr'><strong>καὶ</strong></span> <span class='ocrx_word' id='word_1_467' title='bbox 1104 3578 1164 3629; x_wconf 85' lang='grc' dir='ltr'><strong>οὺ</strong></span> <span class='ocrx_word' id='word_1_468' title='bbox 1198 3579 1271 3649; x_wconf 83' lang='grc' dir='ltr'>μὴ</span> <span class='ocrx_word' id='word_1_469' title='bbox 1319 3579 1539 3648; x_wconf 81' lang='grc' dir='ltr'>συνῆτε·</span> <span class='ocrx_word' id='word_1_470' title='bbox 1567 3582 1660 3632; x_wconf 77' lang='grc' dir='ltr'><strong>καὶ</strong></span> <span class='ocrx_word' id='word_1_471' title='bbox 1695 3580 1983 3650; x_wconf 83' lang='grc' dir='ltr'>βλέποντες</span> 
     </span>
    </p>
   </div>
   <div class='ocr_carea' id='block_1_64' title="bbox 393 3665 1976 3743">
    <p class='ocr_par' dir='ltr' id='par_1_64' title="bbox 393 3665 1976 3743">
     <span class='ocr_line' id='line_1_64' title="bbox 393 3665 1976 3743; baseline 0.006 -28"><span class='ocrx_word' id='word_1_472' title='bbox 393 3665 642 3736; x_wconf 68' lang='grc' dir='ltr'>βλέψετε,</span> <span class='ocrx_word' id='word_1_473' title='bbox 676 3668 768 3719; x_wconf 77' lang='grc' dir='ltr'><strong>καὶ</strong></span> <span class='ocrx_word' id='word_1_474' title='bbox 794 3669 871 3720; x_wconf 85' lang='grc' dir='ltr'><strong>οὑ.</strong></span> <span class='ocrx_word' id='word_1_475' title='bbox 891 3668 966 3739; x_wconf 82' lang='grc' dir='ltr'>μὴ</span> <span class='ocrx_word' id='word_1_476' title='bbox 1000 3668 1171 3740; x_wconf 76' lang='grc' dir='ltr'>ἴδητε.</span> <span class='ocrx_word' id='word_1_477' title='bbox 1203 3688 1221 3719; x_wconf 72' lang='grc' dir='ltr'><strong>ι</strong></span> <span class='ocrx_word' id='word_1_478' title='bbox 1278 3670 1539 3738; x_wconf 85' lang='grc' dir='ltr'>Γεγόνασι</span> <span class='ocrx_word' id='word_1_479' title='bbox 1570 3670 1679 3743; x_wconf 83' lang='grc' dir='ltr'>γὰρ</span> <span class='ocrx_word' id='word_1_480' title='bbox 1714 3672 1976 3743; x_wconf 81' lang='grc' dir='ltr'>αὐτήκοοι</span> 
     </span>
    </p>
   </div>
   <div class='ocr_carea' id='block_1_65' title="bbox 389 3758 1978 3833">
    <p class='ocr_par' dir='ltr' id='par_1_65' title="bbox 389 3758 1978 3833">
     <span class='ocr_line' id='line_1_65' title="bbox 389 3758 1978 3833; baseline 0.005 -24"><span class='ocrx_word' id='word_1_481' title='bbox 389 3758 489 3827; x_wconf 86' lang='grc' dir='ltr'><strong>τῆς</strong></span> <span class='ocrx_word' id='word_1_482' title='bbox 538 3758 631 3810; x_wconf 76' lang='grc' dir='ltr'>τοῦ</span> <span class='ocrx_word' id='word_1_483' title='bbox 676 3760 927 3829; x_wconf 80' lang='grc' dir='ltr'>Σωτῆρος</span> <span class='ocrx_word' id='word_1_484' title='bbox 964 3762 1186 3831; x_wconf 76' lang='grc' dir='ltr'>φωνῆς’</span> <span class='ocrx_word' id='word_1_485' title='bbox 1230 3761 1468 3826; x_wconf 79' lang='grc' dir='ltr'>ἐδίδαξεν</span> <span class='ocrx_word' id='word_1_486' title='bbox 1506 3764 1565 3816; x_wconf 82' lang='grc' dir='ltr'><strong>ὲν</strong></span> <span class='ocrx_word' id='word_1_487' title='bbox 1616 3768 1978 3833; x_wconf 87' lang='grc' dir='ltr'>συναγωγαῖς,</span> 
     </span>
    </p>
   </div>
   <div class='ocr_carea' id='block_1_66' title="bbox 390 3850 1972 3923">
    <p class='ocr_par' dir='ltr' id='par_1_66' title="bbox 390 3850 1972 3923">
     <span class='ocr_line' id='line_1_66' title="bbox 390 3850 1972 3923; baseline 0.003 -20"><span class='ocrx_word' id='word_1_488' title='bbox 390 3850 867 3922; x_wconf 78' lang='grc' dir='ltr'>προσπεφώνηκεν</span> <span class='ocrx_word' id='word_1_489' title='bbox 910 3852 967 3903; x_wconf 74' lang='grc' dir='ltr'>ἐν</span> <span class='ocrx_word' id='word_1_490' title='bbox 1011 3854 1125 3914; x_wconf 89' lang='grc' dir='ltr'>τοῖς</span> <span class='ocrx_word' id='word_1_491' title='bbox 1174 3852 1572 3923; x_wconf 86' lang='grc' dir='ltr'>Ἰεροσολύμοις</span> <span class='ocrx_word' id='word_1_492' title='bbox 1629 3853 1972 3919; x_wconf 84' lang='grc' dir='ltr'>πλειστάκις,</span> 
     </span>
    </p>
   </div>
   <div class='ocr_carea' id='block_1_67' title="bbox 386 3939 1977 4017">
    <p class='ocr_par' dir='ltr' id='par_1_67' title="bbox 386 3939 1977 4017">
     <span class='ocr_line' id='line_1_67' title="bbox 386 3939 1977 4017; baseline 0.004 -22"><span class='ocrx_word' id='word_1_493' title='bbox 386 3944 510 3998; x_wconf 82' lang='grc' dir='ltr'>ἀλλ’</span> <span class='ocrx_word' id='word_1_494' title='bbox 537 3939 675 4015; x_wconf 75' lang='grc' dir='ltr'>ἦσαν</span> <span class='ocrx_word' id='word_1_495' title='bbox 704 3945 761 3996; x_wconf 84' lang='grc' dir='ltr'><strong>ὲν</strong></span> <span class='ocrx_word' id='word_1_496' title='bbox 787 3942 887 4015; x_wconf 82' lang='grc' dir='ltr'>ῐσῳ</span> <span class='ocrx_word' id='word_1_497' title='bbox 909 3945 1021 4007; x_wconf 89' lang='grc' dir='ltr'>τοῖς</span> <span class='ocrx_word' id='word_1_498' title='bbox 1052 3943 1175 4015; x_wconf 88' lang='grc' dir='ltr'>μηδ’</span> <span class='ocrx_word' id='word_1_499' title='bbox 1205 3944 1343 4008; x_wconf 84' lang='grc' dir='ltr'>ὅλως</span> <span class='ocrx_word' id='word_1_500' title='bbox 1371 3946 1689 4017; x_wconf 89' lang='grc' dir='ltr'>ἀκηκοόσιν.</span> <span class='ocrx_word' id='word_1_501' title='bbox 1714 3948 1977 4017; x_wconf 83' lang='grc' dir='ltr'>Γεγόνασι</span> 
     </span>
    </p>
   </div>
   <div class='ocr_carea' id='block_1_68' title="bbox 386 4035 1978 4114">
    <p class='ocr_par' dir='ltr' id='par_1_68' title="bbox 386 4035 1978 4114">
     <span class='ocr_line' id='line_1_68' title="bbox 386 4035 1978 4114; baseline 0.003 -25"><span class='ocrx_word' id='word_1_502' title='bbox 386 4036 591 4107; x_wconf 77' lang='grc' dir='ltr'>θεωροὶ</span> <span class='ocrx_word' id='word_1_503' title='bbox 622 4035 731 4090; x_wconf 84' lang='grc' dir='ltr'>τῶν</span> <span class='ocrx_word' id='word_1_504' title='bbox 754 4035 1074 4108; x_wconf 79' lang='grc' dir='ltr'>παραδόξως</span> <span class='ocrx_word' id='word_1_505' title='bbox 1094 4038 1518 4109; x_wconf 84' lang='grc' dir='ltr'>τετελεσμένων.</span> <span class='ocrx_word' id='word_1_506' title='bbox 1549 4039 1846 4094; x_wconf 87' lang='grc' dir='ltr'>Τεθέανται</span> <span class='ocrx_word' id='word_1_507' title='bbox 1868 4041 1978 4114; x_wconf 85' lang='grc' dir='ltr'><strong>γάρ</strong></span> 
     </span>
    </p>
   </div>
   <div class='ocr_carea' id='block_1_69' title="bbox 383 4127 1978 4204">
    <p class='ocr_par' dir='ltr' id='par_1_69' title="bbox 383 4127 1978 4204">
     <span class='ocr_line' id='line_1_69' title="bbox 383 4127 1978 4204; baseline 0.002 -21"><span class='ocrx_word' id='word_1_508' title='bbox 383 4128 630 4200; x_wconf 79' lang='grc' dir='ltr'>λεπροὺς</span> <span class='ocrx_word' id='word_1_509' title='bbox 676 4127 773 4183; x_wconf 82' lang='grc' dir='ltr'><strong>τοῦ</strong></span> <span class='ocrx_word' id='word_1_510' title='bbox 823 4127 1031 4192; x_wconf 88' lang='grc' dir='ltr'>πάθους</span> <span class='ocrx_word' id='word_1_511' title='bbox 1067 4129 1546 4202; x_wconf 80' lang='grc' dir='ltr'>ἀπηλλαγμένους,</span> <span class='ocrx_word' id='word_1_512' title='bbox 1583 4131 1978 4204; x_wconf 87' lang='grc' dir='ltr'>ἀναπηδῶντας</span> 
     </span>
    </p>
   </div>
   <div class='ocr_carea' id='block_1_70' title="bbox 384 4219 1978 4296">
    <p class='ocr_par' dir='ltr' id='par_1_70' title="bbox 384 4219 1978 4296">
     <span class='ocr_line' id='line_1_70' title="bbox 384 4219 1978 4296; baseline 0.003 -23"><span class='ocrx_word' id='word_1_513' title='bbox 384 4219 622 4290; x_wconf 79' lang='grc' dir='ltr'>χωλοὺς,</span> <span class='ocrx_word' id='word_1_514' title='bbox 656 4220 889 4289; x_wconf 87' lang='grc' dir='ltr'>τυφλοὺς</span> <span class='ocrx_word' id='word_1_515' title='bbox 922 4220 1350 4296; x_wconf 75' lang='grc' dir='ltr'>ἀναϐλέποντας,</span> <span class='ocrx_word' id='word_1_516' title='bbox 1381 4222 1610 4293; x_wconf 81' lang='grc' dir='ltr'>νεκροὺς</span> <span class='ocrx_word' id='word_1_517' title='bbox 1653 4222 1719 4275; x_wconf 86' lang='grc' dir='ltr'>ὲκ</span> <span class='ocrx_word' id='word_1_518' title='bbox 1759 4223 1978 4294; x_wconf 85' lang='grc' dir='ltr'>μνημά-</span> 
     </span>
    </p>
   </div>
   <div class='ocr_carea' id='block_1_71' title="bbox 384 4311 1975 4391">
    <p class='ocr_par' dir='ltr' id='par_1_71' title="bbox 384 4311 1975 4391">
     <span class='ocr_line' id='line_1_71' title="bbox 384 4311 1975 4391; baseline 0.001 -25"><span class='ocrx_word' id='word_1_519' title='bbox 384 4331 497 4366; x_wconf 88' lang='grc' dir='ltr'><strong>των</strong></span> <span class='ocrx_word' id='word_1_520' title='bbox 542 4311 971 4391; x_wconf 68' lang='grc' dir='ltr'>ἀνιστᾳμένους*</span> <span class='ocrx_word' id='word_1_521' title='bbox 996 4311 1112 4366; x_wconf 85' lang='grc' dir='ltr'>ἀλλ’</span> <span class='ocrx_word' id='word_1_522' title='bbox 1145 4312 1456 4384; x_wconf 80' lang='grc' dir='ltr'>ὠφέληνται</span> <span class='ocrx_word' id='word_1_523' title='bbox 1489 4314 1588 4385; x_wconf 81' lang='grc' dir='ltr'>μὲν</span> <span class='ocrx_word' id='word_1_524' title='bbox 1628 4316 1749 4368; x_wconf 87' lang='grc' dir='ltr'>κατ’</span> <span class='ocrx_word' id='word_1_525' title='bbox 1784 4315 1975 4369; x_wconf 83' lang='grc' dir='ltr'>οὐδένα</span> 
     </span>
    </p>
   </div>
   <div class='ocr_carea' id='block_1_72' title="bbox 383 4404 1971 4480">
    <p class='ocr_par' dir='ltr' id='par_1_72' title="bbox 383 4404 1971 4480">
     <span class='ocr_line' id='line_1_72' title="bbox 383 4404 1971 4480; baseline 0.003 -23"><span class='ocrx_word' id='word_1_526' title='bbox 383 4404 616 4477; x_wconf 86' lang='grc' dir='ltr'>τρόπον.</span> <span class='ocrx_word' id='word_1_527' title='bbox 645 4404 835 4475; x_wconf 86' lang='grc' dir='ltr'>ὥσπερ</span> <span class='ocrx_word' id='word_1_528' title='bbox 862 4405 917 4459; x_wconf 83' lang='grc' dir='ltr'>δὲ</span> <span class='ocrx_word' id='word_1_529' title='bbox 958 4407 1051 4460; x_wconf 81' lang='grc' dir='ltr'><strong>καὶ</strong></span> <span class='ocrx_word' id='word_1_530' title='bbox 1077 4406 1258 4461; x_wconf 83' lang='grc' dir='ltr'>αὐτῶν</span> <span class='ocrx_word' id='word_1_531' title='bbox 1290 4408 1555 4478; x_wconf 87' lang='grc' dir='ltr'>ὀμμάτων</span> <span class='ocrx_word' id='word_1_532' title='bbox 1592 4409 1971 4480; x_wconf 78' lang='grc' dir='ltr'>ἐστερημένοι,</span> 
     </span>
    </p>
   </div>
   <div class='ocr_carea' id='block_1_73' title="bbox 384 4497 1973 4571">
    <p class='ocr_par' dir='ltr' id='par_1_73' title="bbox 384 4497 1973 4571">
     <span class='ocr_line' id='line_1_73' title="bbox 384 4497 1973 4571; baseline 0.003 -22"><span class='ocrx_word' id='word_1_533' title='bbox 384 4497 663 4551; x_wconf 87' lang='grc' dir='ltr'>διετέλουν</span> <span class='ocrx_word' id='word_1_534' title='bbox 688 4498 737 4550; x_wconf 77' lang='grc' dir='ltr'>οἱ</span> <span class='ocrx_word' id='word_1_535' title='bbox 761 4498 1005 4554; x_wconf 81' lang='grc' dir='ltr'>δείλαιοι.</span> <span class='ocrx_word' id='word_1_536' title='bbox 1046 4499 1231 4571; x_wconf 82' lang='grc' dir='ltr'>Ταύτῃ</span> <span class='ocrx_word' id='word_1_537' title='bbox 1270 4517 1351 4553; x_wconf 89' lang='grc' dir='ltr'><strong>τοι</strong></span> <span class='ocrx_word' id='word_1_538' title='bbox 1390 4500 1483 4554; x_wconf 77' lang='grc' dir='ltr'><strong>καὶ</strong></span> <span class='ocrx_word' id='word_1_539' title='bbox 1506 4499 1853 4563; x_wconf 77' lang='grc' dir='ltr'>ὀνειδίζονται</span> <span class='ocrx_word' id='word_1_540' title='bbox 1884 4500 1973 4554; x_wconf 81' lang='grc' dir='ltr'>διὰ</span> 
     </span>
    </p>
   </div>
   <div class='ocr_carea' id='block_1_74' title="bbox 386 4588 1969 4663">
    <p class='ocr_par' dir='ltr' id='par_1_74' title="bbox 386 4588 1969 4663">
     <span class='ocr_line' id='line_1_74' title="bbox 386 4588 1969 4663; baseline 0.004 -24"><span class='ocrx_word' id='word_1_541' title='bbox 386 4588 492 4658; x_wconf 83' lang='grc' dir='ltr'><strong>τῆς</strong></span> <span class='ocrx_word' id='word_1_542' title='bbox 538 4589 652 4643; x_wconf 85' lang='grc' dir='ltr'>τῶν</span> <span class='ocrx_word' id='word_1_543' title='bbox 683 4588 852 4658; x_wconf 83' lang='grc' dir='ltr'>ἁγίων</span> <span class='ocrx_word' id='word_1_544' title='bbox 884 4590 1087 4661; x_wconf 83' lang='grc' dir='ltr'>φωνῆς,</span> <span class='ocrx_word' id='word_1_545' title='bbox 1133 4592 1209 4655; x_wconf 86' lang='grc' dir='ltr'>ὼς</span> <span class='ocrx_word' id='word_1_546' title='bbox 1262 4594 1550 4662; x_wconf 87' lang='grc' dir='ltr'>γεγονότες</span> <span class='ocrx_word' id='word_1_547' title='bbox 1591 4592 1679 4646; x_wconf 79' lang='grc' dir='ltr'>ἀεὶ</span> <span class='ocrx_word' id='word_1_548' title='bbox 1736 4592 1969 4663; x_wconf 82' lang='grc' dir='ltr'>σκληρο-</span> 
     </span>
    </p>
   </div>
   <div class='ocr_carea' id='block_1_75' title="bbox 384 4683 1973 4757">
    <p class='ocr_par' dir='ltr' id='par_1_75' title="bbox 384 4683 1973 4757">
     <span class='ocr_line' id='line_1_75' title="bbox 384 4683 1973 4757; baseline 0.002 -21"><span class='ocrx_word' id='word_1_549' title='bbox 384 4683 679 4755; x_wconf 84' lang='grc' dir='ltr'>τράχηλοι,</span> <span class='ocrx_word' id='word_1_550' title='bbox 718 4684 811 4736; x_wconf 65' lang='grc' dir='ltr'><strong>καλ⁵</strong></span> <span class='ocrx_word' id='word_1_551' title='bbox 845 4683 1090 4747; x_wconf 83' lang='grc' dir='ltr'>ἀπειθεῖς</span> <span class='ocrx_word' id='word_1_552' title='bbox 1123 4686 1190 4755; x_wconf 78' lang='grc' dir='ltr'>τῇ</span> <span class='ocrx_word' id='word_1_553' title='bbox 1232 4685 1455 4757; x_wconf 83' lang='grc' dir='ltr'>καρδίᾳ,</span> <span class='ocrx_word' id='word_1_554' title='bbox 1491 4686 1585 4738; x_wconf 80' lang='grc' dir='ltr'>καὶ</span> <span class='ocrx_word' id='word_1_555' title='bbox 1614 4686 1973 4751; x_wconf 87' lang='grc' dir='ltr'>ἀπεκτονότες</span> 
     </span>
    </p>
   </div>
   <div class='ocr_carea' id='block_1_76' title="bbox 388 4774 1967 4848">
    <p class='ocr_par' dir='ltr' id='par_1_76' title="bbox 388 4774 1967 4848">
     <span class='ocr_line' id='line_1_76' title="bbox 388 4774 1967 4848; baseline 0.002 -20"><span class='ocrx_word' id='word_1_556' title='bbox 388 4775 601 4844; x_wconf 83' lang='grc' dir='ltr'>ἁγίους.</span> <span class='ocrx_word' id='word_1_557' title='bbox 634 4774 891 4829; x_wconf 88' lang='grc' dir='ltr'>Δεδόσθαι</span> <span class='ocrx_word' id='word_1_558' title='bbox 925 4792 988 4844; x_wconf 91' lang='grc' dir='ltr'><strong>γε</strong></span> <span class='ocrx_word' id='word_1_559' title='bbox 1014 4774 1119 4846; x_wconf 78' lang='grc' dir='ltr'>μὴν</span> <span class='ocrx_word' id='word_1_560' title='bbox 1148 4777 1246 4847; x_wconf 86' lang='grc' dir='ltr'><strong>τὴν</strong></span> <span class='ocrx_word' id='word_1_561' title='bbox 1273 4776 1528 4846; x_wconf 84' lang='grc' dir='ltr'>πώρωσιν</span> <span class='ocrx_word' id='word_1_562' title='bbox 1559 4778 1745 4842; x_wconf 81' lang='grc' dir='ltr'>αὐτοῖς</span> <span class='ocrx_word' id='word_1_563' title='bbox 1780 4796 1967 4848; x_wconf 86' lang='grc' dir='ltr'>φησιν,</span> 
     </span>
    </p>
   </div>
   <div class='ocr_carea' id='block_1_77' title="bbox 387 4864 1971 4941">
    <p class='ocr_par' dir='ltr' id='par_1_77' title="bbox 387 4864 1971 4941">
     <span class='ocr_line' id='line_1_77' title="bbox 387 4864 1971 4941; baseline 0.002 -22"><span class='ocrx_word' id='word_1_564' title='bbox 387 4866 476 4920; x_wconf 81' lang='grc' dir='ltr'>ἴνα</span> <span class='ocrx_word' id='word_1_565' title='bbox 511 4866 589 4937; x_wconf 82' lang='grc' dir='ltr'><strong>μὴ</strong></span> <span class='ocrx_word' id='word_1_566' title='bbox 628 4864 778 4920; x_wconf 76' lang='grc' dir='ltr'>ἴδωσι</span> <span class='ocrx_word' id='word_1_567' title='bbox 816 4868 928 4930; x_wconf 89' lang='grc' dir='ltr'>τοῖς</span> <span class='ocrx_word' id='word_1_568' title='bbox 963 4866 1283 4937; x_wconf 71' lang='grc' dir='ltr'>ὀφθαλμοῖς,</span> <span class='ocrx_word' id='word_1_569' title='bbox 1318 4868 1414 4921; x_wconf 78' lang='grc' dir='ltr'>καὶ</span> <span class='ocrx_word' id='word_1_570' title='bbox 1434 4867 1636 4922; x_wconf 84' lang='grc' dir='ltr'>συνῶσι</span> <span class='ocrx_word' id='word_1_571' title='bbox 1657 4871 1724 4940; x_wconf 81' lang='grc' dir='ltr'>τῇ</span> <span class='ocrx_word' id='word_1_572' title='bbox 1748 4869 1971 4941; x_wconf 84' lang='grc' dir='ltr'>καρδίᾳ,</span> 
     </span>
    </p>
   </div>
   <div class='ocr_carea' id='block_1_78' title="bbox 386 4956 1971 5031">
    <p class='ocr_par' dir='ltr' id='par_1_78' title="bbox 386 4956 1971 5031">
     <span class='ocr_line' id='line_1_78' title="bbox 386 4956 1971 5031; baseline 0 -19"><span class='ocrx_word' id='word_1_573' title='bbox 386 4960 485 5012; x_wconf 83' lang='grc' dir='ltr'>καὶ</span> <span class='ocrx_word' id='word_1_574' title='bbox 518 4956 918 5029; x_wconf 75' lang='grc' dir='ltr'>ὲπιστρέψωσι,</span> <span class='ocrx_word' id='word_1_575' title='bbox 952 4958 1044 5011; x_wconf 72' lang='grc' dir='ltr'><strong>καὶ</strong></span> <span class='ocrx_word' id='word_1_576' title='bbox 1076 4958 1295 5029; x_wconf 83' lang='grc' dir='ltr'>ἰάσηται</span> <span class='ocrx_word' id='word_1_577' title='bbox 1327 4960 1531 5023; x_wconf 82' lang='grc' dir='ltr'>αὐτοῖς.</span> <span class='ocrx_word' id='word_1_578' title='bbox 1570 4960 1680 5014; x_wconf 76' lang='grc' dir='ltr'>Καὶ</span> <span class='ocrx_word' id='word_1_579' title='bbox 1712 4960 1872 5013; x_wconf 82' lang='grc' dir='ltr'>τοῦτο</span> <span class='ocrx_word' id='word_1_580' title='bbox 1902 4956 1971 5031; x_wconf 82' lang='grc' dir='ltr'><strong>ἦν</strong></span> 
     </span>
    </p>
   </div>
   <div class='ocr_carea' id='block_1_79' title="bbox 390 5050 1973 5122">
    <p class='ocr_par' dir='ltr' id='par_1_79' title="bbox 390 5050 1973 5122">
     <span class='ocr_line' id='line_1_79' title="bbox 390 5050 1973 5122; baseline 0.003 -19"><span class='ocrx_word' id='word_1_581' title='bbox 390 5050 501 5121; x_wconf 82' lang='grc' dir='ltr'>ἄρα</span> <span class='ocrx_word' id='word_1_582' title='bbox 534 5051 635 5103; x_wconf 71' lang='grc' dir='ltr'><strong>καὶ</strong></span> <span class='ocrx_word' id='word_1_583' title='bbox 682 5052 828 5121; x_wconf 86' lang='grc' dir='ltr'>μάλα</span> <span class='ocrx_word' id='word_1_584' title='bbox 866 5050 1073 5120; x_wconf 85' lang='grc' dir='ltr'>σαφῶς,</span> <span class='ocrx_word' id='word_1_585' title='bbox 1113 5053 1251 5121; x_wconf 84' lang='grc' dir='ltr'>ὅπερ</span> <span class='ocrx_word' id='word_1_586' title='bbox 1292 5050 1398 5122; x_wconf 77' lang='grc' dir='ltr'>ἔφη</span> <span class='ocrx_word' id='word_1_587' title='bbox 1443 5051 1679 5122; x_wconf 85' lang='grc' dir='ltr'>Χριστὸς</span> <span class='ocrx_word' id='word_1_588' title='bbox 1723 5052 1973 5109; x_wconf 84' lang='grc' dir='ltr'>ἀπειθεῖν</span> 
     </span>
    </p>
   </div>
   <div class='ocr_carea' id='block_1_80' title="bbox 385 5142 1966 5216">
    <p class='ocr_par' dir='ltr' id='par_1_80' title="bbox 385 5142 1966 5216">
     <span class='ocr_line' id='line_1_80' title="bbox 385 5142 1966 5216; baseline 0.001 -19"><span class='ocrx_word' id='word_1_589' title='bbox 385 5142 686 5214; x_wconf 66' lang='grc' dir='ltr'>ᾑρημένοις</span> <span class='ocrx_word' id='word_1_590' title='bbox 710 5160 723 5172; x_wconf 90' lang='grc'><strong>·</strong></span> <span class='ocrx_word' id='word_1_591' title='bbox 772 5161 791 5195; x_wconf 81' lang='grc' dir='ltr'><strong>ι</strong></span> <span class='ocrx_word' id='word_1_592' title='bbox 827 5144 921 5213; x_wconf 84' lang='grc' dir='ltr'><strong>Μὴ</strong></span> <span class='ocrx_word' id='word_1_593' title='bbox 971 5142 1268 5213; x_wconf 82' lang='grc' dir='ltr'>γογγύζετε</span> <span class='ocrx_word' id='word_1_594' title='bbox 1303 5145 1419 5214; x_wconf 82' lang='grc' dir='ltr'>μετ’</span> <span class='ocrx_word' id='word_1_595' title='bbox 1466 5143 1714 5216; x_wconf 85' lang='grc' dir='ltr'>ἀλλήλων</span> <span class='ocrx_word' id='word_1_596' title='bbox 1737 5160 1751 5173; x_wconf 89' lang='grc'><strong>·</strong></span> <span class='ocrx_word' id='word_1_597' title='bbox 1785 5144 1966 5209; x_wconf 82' lang='grc' dir='ltr'>οὐδεὶς</span> 
     </span>
    </p>
   </div>
   <div class='ocr_carea' id='block_1_81' title="bbox 386 5216 1967 5309">
    <p class='ocr_par' dir='ltr' id='par_1_81' title="bbox 386 5216 1967 5309">
     <span class='ocr_line' id='line_1_81' title="bbox 386 5216 1967 5309; baseline 0.003 -22"><span class='ocrx_word' id='word_1_598' title='bbox 386 5234 612 5291; x_wconf 83' lang='grc' dir='ltr'>δύναται</span> <span class='ocrx_word' id='word_1_599' title='bbox 661 5235 837 5290; x_wconf 78' lang='grc' dir='ltr'>ἐλθεῖν</span> <span class='ocrx_word' id='word_1_600' title='bbox 874 5235 1010 5309; x_wconf 83' lang='grc' dir='ltr'>πρός</span> <span class='ocrx_word' id='word_1_601' title='bbox 1065 5253 1154 5307; x_wconf 91' lang='grc' dir='ltr'><strong>με,</strong></span> <span class='ocrx_word' id='word_1_602' title='bbox 1196 5235 1292 5290; x_wconf 83' lang='grc' dir='ltr'><strong>ὲάν</strong></span> <span class='ocrx_word' id='word_1_603' title='bbox 1341 5216 1419 5308; x_wconf 63' lang='grc' dir='ltr'><strong>μῆ</strong></span> <span class='ocrx_word' id='word_1_604' title='bbox 1458 5238 1488 5289; x_wconf 95' lang='lat'><strong>6</strong></span> <span class='ocrx_word' id='word_1_605' title='bbox 1515 5221 1722 5309; x_wconf 60' lang='grc' dir='ltr'>’Πατήρ</span> <span class='ocrx_word' id='word_1_606' title='bbox 1766 5255 1869 5308; x_wconf 91' lang='grc' dir='ltr'><strong>μου</strong></span> <span class='ocrx_word' id='word_1_607' title='bbox 1936 5239 1967 5292; x_wconf 92' lang='lat'><strong>6</strong></span> 
     </span>
    </p>
   </div>
   <div class='ocr_carea' id='block_1_82' title="bbox 387 5325 1969 5399">
    <p class='ocr_par' dir='ltr' id='par_1_82' title="bbox 387 5325 1969 5399">
     <span class='ocr_line' id='line_1_82' title="bbox 387 5325 1969 5399; baseline 0.003 -20"><span class='ocrx_word' id='word_1_608' title='bbox 387 5327 614 5399; x_wconf 75' lang='grc' dir='ltr'>πέμψας</span> <span class='ocrx_word' id='word_1_609' title='bbox 659 5344 726 5398; x_wconf 85' lang='grc' dir='ltr'><strong>με</strong></span> <span class='ocrx_word' id='word_1_610' title='bbox 770 5326 972 5398; x_wconf 78' lang='grc' dir='ltr'>ἐλκύσῃ</span> <span class='ocrx_word' id='word_1_611' title='bbox 1023 5325 1208 5381; x_wconf 84' lang='grc' dir='ltr'>αὐτόν.</span> <span class='ocrx_word' id='word_1_612' title='bbox 1245 5345 1266 5379; x_wconf 73' lang='grc' dir='ltr'><strong>ι</strong></span> <span class='ocrx_word' id='word_1_613' title='bbox 1312 5327 1423 5380; x_wconf 73' lang='grc' dir='ltr'><strong>Καὶ</strong></span> <span class='ocrx_word' id='word_1_614' title='bbox 1464 5327 1660 5380; x_wconf 77' lang='grc' dir='ltr'>πάλινο</span> <span class='ocrx_word' id='word_1_615' title='bbox 1712 5346 1731 5379; x_wconf 79' lang='grc' dir='ltr'><strong>ι</strong></span> <span class='ocrx_word' id='word_1_616' title='bbox 1777 5329 1895 5391; x_wconf 83' lang='grc' dir='ltr'><strong>Πᾶς</strong></span> <span class='ocrx_word' id='word_1_617' title='bbox 1939 5330 1969 5383; x_wconf 89' lang='lat'><strong>6</strong></span> 
     </span>
    </p>
   </div>
   <div class='ocr_carea' id='block_1_83' title="bbox 387 5412 1966 5488">
    <p class='ocr_par' dir='ltr' id='par_1_83' title="bbox 387 5412 1966 5488">
     <span class='ocr_line' id='line_1_83' title="bbox 387 5412 1966 5488; baseline 0.001 -18"><span class='ocrx_word' id='word_1_618' title='bbox 387 5416 627 5482; x_wconf 83' lang='grc' dir='ltr'>ἀκούσας</span> <span class='ocrx_word' id='word_1_619' title='bbox 657 5416 809 5488; x_wconf 84' lang='grc' dir='ltr'><strong>παρά</strong></span> <span class='ocrx_word' id='word_1_620' title='bbox 844 5417 938 5470; x_wconf 81' lang='grc' dir='ltr'>τοῦ</span> <span class='ocrx_word' id='word_1_621' title='bbox 974 5412 1205 5488; x_wconf 79' lang='grc' dir='ltr'>Πατρὸς,</span> <span class='ocrx_word' id='word_1_622' title='bbox 1232 5415 1451 5488; x_wconf 78' lang='grc' dir='ltr'>ἔρχεται</span> <span class='ocrx_word' id='word_1_623' title='bbox 1489 5418 1626 5487; x_wconf 82' lang='grc' dir='ltr'>πρός</span> <span class='ocrx_word' id='word_1_624' title='bbox 1653 5434 1739 5488; x_wconf 90' lang='grc' dir='ltr'><strong>με.</strong></span> <span class='ocrx_word' id='word_1_625' title='bbox 1762 5436 1781 5469; x_wconf 74' lang='grc' dir='ltr'><strong>ι</strong></span> <span class='ocrx_word' id='word_1_626' title='bbox 1822 5419 1966 5472; x_wconf 83' lang='grc' dir='ltr'>Οὐκ-</span> 
     </span>
    </p>
   </div>
   <div class='ocr_carea' id='block_1_84' title="bbox 390 5506 1965 5582">
    <p class='ocr_par' dir='ltr' id='par_1_84' title="bbox 390 5506 1965 5582">
     <span class='ocr_line' id='line_1_84' title="bbox 390 5506 1965 5582; baseline 0.003 -20"><span class='ocrx_word' id='word_1_627' title='bbox 390 5506 482 5562; x_wconf 84' lang='grc' dir='ltr'><strong>οὖν</strong></span> <span class='ocrx_word' id='word_1_628' title='bbox 508 5509 569 5563; x_wconf 82' lang='grc' dir='ltr'>οὐ</span> <span class='ocrx_word' id='word_1_629' title='bbox 601 5510 892 5581; x_wconf 86' lang='grc' dir='ltr'>κέκληνται</span> <span class='ocrx_word' id='word_1_630' title='bbox 922 5509 1056 5582; x_wconf 80' lang='grc' dir='ltr'>πρὸς</span> <span class='ocrx_word' id='word_1_631' title='bbox 1086 5510 1382 5580; x_wconf 76' lang='grc' dir='ltr'>ἐπίγνωσιν</span> <span class='ocrx_word' id='word_1_632' title='bbox 1412 5510 1507 5565; x_wconf 77' lang='grc' dir='ltr'>τοῦ</span> <span class='ocrx_word' id='word_1_633' title='bbox 1542 5511 1695 5577; x_wconf 79' lang='grc' dir='ltr'><strong>Υίοῦ,</strong></span> <span class='ocrx_word' id='word_1_634' title='bbox 1728 5512 1797 5565; x_wconf 89' lang='grc' dir='ltr'>δι’</span> <span class='ocrx_word' id='word_1_635' title='bbox 1822 5513 1965 5566; x_wconf 87' lang='grc' dir='ltr'>ἀπο-</span> 
     </span>
    </p>
   </div>
   <div class='ocr_carea' id='block_1_85' title="bbox 392 5601 1965 5678">
    <p class='ocr_par' dir='ltr' id='par_1_85' title="bbox 392 5601 1965 5678">
     <span class='ocr_line' id='line_1_85' title="bbox 392 5601 1965 5678; baseline 0.004 -22"><span class='ocrx_word' id='word_1_636' title='bbox 392 5601 676 5671; x_wconf 79' lang='grc' dir='ltr'>καλύψεως</span> <span class='ocrx_word' id='word_1_637' title='bbox 714 5602 811 5657; x_wconf 85' lang='grc' dir='ltr'>τοῦ</span> <span class='ocrx_word' id='word_1_638' title='bbox 836 5602 971 5658; x_wconf 81' lang='grc' dir='ltr'>Θεοῦ</span> <span class='ocrx_word' id='word_1_639' title='bbox 1005 5604 1100 5658; x_wconf 80' lang='grc' dir='ltr'>καὶ</span> <span class='ocrx_word' id='word_1_640' title='bbox 1132 5605 1364 5676; x_wconf 82' lang='grc' dir='ltr'>Πατρὸς,</span> <span class='ocrx_word' id='word_1_641' title='bbox 1388 5606 1470 5659; x_wconf 78' lang='grc' dir='ltr'>ὅτι</span> <span class='ocrx_word' id='word_1_642' title='bbox 1499 5607 1632 5678; x_wconf 86' lang='grc' dir='ltr'>μηδὲ</span> <span class='ocrx_word' id='word_1_643' title='bbox 1656 5602 1797 5678; x_wconf 82' lang='grc' dir='ltr'>ἦσαν</span> <span class='ocrx_word' id='word_1_644' title='bbox 1824 5606 1965 5670; x_wconf 81' lang='grc' dir='ltr'>ἄξιοι</span> 
     </span>
    </p>
   </div>
   <div class='ocr_carea' id='block_1_86' title="bbox 393 5690 1964 5770">
    <p class='ocr_par' dir='ltr' id='par_1_86' title="bbox 393 5690 1964 5770">
     <span class='ocr_line' id='line_1_86' title="bbox 393 5690 1964 5770; baseline 0.004 -25"><span class='ocrx_word' id='word_1_645' title='bbox 393 5690 490 5761; x_wconf 84' lang='grc' dir='ltr'><strong>τῆς</strong></span> <span class='ocrx_word' id='word_1_646' title='bbox 521 5693 591 5745; x_wconf 89' lang='grc' dir='ltr'>δι’</span> <span class='ocrx_word' id='word_1_647' title='bbox 622 5692 787 5749; x_wconf 78' lang='grc' dir='ltr'>αὐτοῦ</span> <span class='ocrx_word' id='word_1_648' title='bbox 823 5696 1100 5768; x_wconf 88' lang='grc' dir='ltr'>σωτηρίας</span> <span class='ocrx_word' id='word_1_649' title='bbox 1126 5697 1219 5750; x_wconf 82' lang='grc' dir='ltr'>καὶ</span> <span class='ocrx_word' id='word_1_650' title='bbox 1242 5697 1409 5768; x_wconf 87' lang='grc' dir='ltr'>ζωῆς.</span> <span class='ocrx_word' id='word_1_651' title='bbox 1452 5698 1515 5751; x_wconf 83' lang='lat' dir='ltr'><strong>El</strong></span> <span class='ocrx_word' id='word_1_652' title='bbox 1546 5698 1602 5751; x_wconf 82' lang='grc' dir='ltr'>δὲ</span> <span class='ocrx_word' id='word_1_653' title='bbox 1626 5697 1690 5770; x_wconf 87' lang='grc' dir='ltr'><strong>δή</strong></span> <span class='ocrx_word' id='word_1_654' title='bbox 1725 5716 1809 5763; x_wconf 90' lang='grc' dir='ltr'><strong>τις</strong></span> <span class='ocrx_word' id='word_1_655' title='bbox 1838 5700 1964 5770; x_wconf 84' lang='grc' dir='ltr'>βού-</span> 
     </span>
    </p>
   </div>
   <div class='ocr_carea' id='block_1_87' title="bbox 2086 3201 3672 3275">
    <p class='ocr_par' dir='ltr' id='par_1_87' title="bbox 2086 3201 3672 3275">
     <span class='ocr_line' id='line_1_87' title="bbox 2086 3201 3672 3275; baseline 0.004 -20"><span class='ocrx_word' id='word_1_656' title='bbox 2086 3201 2188 3255; x_wconf 92' lang='lat' dir='ltr'><strong>bus</strong></span> <span class='ocrx_word' id='word_1_657' title='bbox 2238 3201 2449 3267; x_wconf 86' lang='lat' dir='ltr'><strong>abesse,</strong></span> <span class='ocrx_word' id='word_1_658' title='bbox 2485 3214 2907 3257; x_wconf 82' lang='lat' dir='ltr'><strong>consentaneum</strong></span> <span class='ocrx_word' id='word_1_659' title='bbox 2946 3213 3049 3259; x_wconf 90' lang='lat' dir='ltr'><strong>est.</strong></span> <span class='ocrx_word' id='word_1_660' title='bbox 3081 3204 3194 3259; x_wconf 83' lang='lat' dir='ltr'><strong>lloc</strong></span> <span class='ocrx_word' id='word_1_661' title='bbox 3252 3206 3478 3275; x_wconf 90' lang='lat' dir='ltr'><strong>proinde</strong></span> <span class='ocrx_word' id='word_1_662' title='bbox 3529 3209 3672 3261; x_wconf 86' lang='lat' dir='ltr'><strong>vati-</strong></span> 
     </span>
    </p>
   </div>
   <div class='ocr_carea' id='block_1_88' title="bbox 2088 3292 3669 3368">
    <p class='ocr_par' dir='ltr' id='par_1_88' title="bbox 2088 3292 3669 3368">
     <span class='ocr_line' id='line_1_88' title="bbox 2088 3292 3669 3368; baseline 0.005 -24"><span class='ocrx_word' id='word_1_663' title='bbox 2088 3292 2292 3346; x_wconf 91' lang='lat' dir='ltr'><strong>ciuium</strong></span> <span class='ocrx_word' id='word_1_664' title='bbox 2328 3293 2563 3347; x_wconf 86' lang='lat' dir='ltr'><strong>instituit</strong></span> <span class='ocrx_word' id='word_1_665' title='bbox 2588 3293 2964 3348; x_wconf 87' lang='lat' dir='ltr'><strong>universorum</strong></span> <span class='ocrx_word' id='word_1_666' title='bbox 2984 3294 3143 3359; x_wconf 87' lang='lat' dir='ltr'><strong>Deus,</strong></span> <span class='ocrx_word' id='word_1_667' title='bbox 3176 3306 3233 3352; x_wconf 87' lang='lat' dir='ltr'><strong>et</strong></span> <span class='ocrx_word' id='word_1_668' title='bbox 3254 3296 3413 3367; x_wconf 88' lang='lat' dir='ltr'><strong>jubet</strong></span> <span class='ocrx_word' id='word_1_669' title='bbox 3442 3300 3669 3368; x_wconf 84' lang='lat' dir='ltr'><strong>pr0phe-</strong></span> 
     </span>
    </p>
   </div>
   <div class='ocr_carea' id='block_1_89' title="bbox 2088 3385 3668 3454">
    <p class='ocr_par' dir='ltr' id='par_1_89' title="bbox 2088 3385 3668 3454">
     <span class='ocr_line' id='line_1_89' title="bbox 2088 3385 3668 3454; baseline 0.005 -17"><span class='ocrx_word' id='word_1_670' title='bbox 2088 3393 2195 3437; x_wconf 88' lang='lat' dir='ltr'><strong>tam</strong></span> <span class='ocrx_word' id='word_1_671' title='bbox 2219 3385 2539 3440; x_wconf 87' lang='lat' dir='ltr'><strong>denuntiare</strong></span> <span class='ocrx_word' id='word_1_672' title='bbox 2562 3386 2696 3440; x_wconf 91' lang='lat' dir='ltr'><strong>illis:</strong></span> <span class='ocrx_word' id='word_1_673' title='bbox 2721 3405 2739 3438; x_wconf 84' lang='grc' dir='ltr'><strong>ι</strong></span> <span class='ocrx_word' id='word_1_674' title='bbox 2768 3386 2965 3441; x_wconf 78' lang='lat' dir='ltr'><strong>Audita</strong></span> <span class='ocrx_word' id='word_1_675' title='bbox 2984 3388 3235 3454; x_wconf 84' lang='lat' dir='ltr'><strong>audietis,</strong></span> <span class='ocrx_word' id='word_1_676' title='bbox 3261 3401 3440 3446; x_wconf 88' lang='lat' dir='ltr'><strong>etnon</strong></span> <span class='ocrx_word' id='word_1_677' title='bbox 3465 3393 3668 3446; x_wconf 80' lang='lat' dir='ltr'><strong>intelli-</strong></span> 
     </span>
    </p>
   </div>
   <div class='ocr_carea' id='block_1_90' title="bbox 2086 3478 3663 3546">
    <p class='ocr_par' dir='ltr' id='par_1_90' title="bbox 2086 3478 3663 3546">
     <span class='ocr_line' id='line_1_90' title="bbox 2086 3478 3663 3546; baseline 0.001 -14"><span class='ocrx_word' id='word_1_678' title='bbox 2086 3479 2225 3546; x_wconf 84' lang='lat' dir='ltr'><strong>getis</strong></span> <span class='ocrx_word' id='word_1_679' title='bbox 2277 3520 2291 3543; x_wconf 96' lang='lat'><strong>,</strong></span> <span class='ocrx_word' id='word_1_680' title='bbox 2338 3487 2393 3532; x_wconf 91' lang='lat' dir='ltr'><strong>et</strong></span> <span class='ocrx_word' id='word_1_681' title='bbox 2438 3478 2686 3533; x_wconf 78' lang='lat' dir='ltr'><strong>videntes</strong></span> <span class='ocrx_word' id='word_1_682' title='bbox 2748 3479 3023 3545; x_wconf 81' lang='lat' dir='ltr'><strong>videbitis,</strong></span> <span class='ocrx_word' id='word_1_683' title='bbox 3065 3489 3120 3534; x_wconf 89' lang='lat' dir='ltr'><strong>et</strong></span> <span class='ocrx_word' id='word_1_684' title='bbox 3176 3495 3283 3534; x_wconf 93' lang='lat' dir='ltr'><strong>non</strong></span> <span class='ocrx_word' id='word_1_685' title='bbox 3333 3482 3603 3536; x_wconf 82' lang='lat' dir='ltr'><strong>videbitis.</strong></span> <span class='ocrx_word' id='word_1_686' title='bbox 3642 3501 3663 3533; x_wconf 74' lang='grc' dir='ltr'><strong>ι</strong></span> 
     </span>
    </p>
   </div>
   <div class='ocr_carea' id='block_1_91' title="bbox 2084 3569 3667 3641">
    <p class='ocr_par' dir='ltr' id='par_1_91' title="bbox 2084 3569 3667 3641">
     <span class='ocr_line' id='line_1_91' title="bbox 2084 3569 3667 3641; baseline 0.003 -18"><span class='ocrx_word' id='word_1_687' title='bbox 2084 3569 2324 3624; x_wconf 86' lang='lat' dir='ltr'><strong>Fuerunt</strong></span> <span class='ocrx_word' id='word_1_688' title='bbox 2357 3572 2498 3623; x_wconf 91' lang='lat' dir='ltr'><strong>enim</strong></span> <span class='ocrx_word' id='word_1_689' title='bbox 2540 3570 2639 3638; x_wconf 84' lang='lat' dir='ltr'><strong>ipsi</strong></span> <span class='ocrx_word' id='word_1_690' title='bbox 2669 3572 2831 3625; x_wconf 89' lang='lat' dir='ltr'><strong>auriti</strong></span> <span class='ocrx_word' id='word_1_691' title='bbox 2872 3581 3057 3638; x_wconf 88' lang='lat' dir='ltr'><strong>testes,</strong></span> <span class='ocrx_word' id='word_1_692' title='bbox 3084 3571 3476 3641; x_wconf 88' lang='lat' dir='ltr'><strong>auditoresque</strong></span> <span class='ocrx_word' id='word_1_693' title='bbox 3512 3574 3667 3627; x_wconf 82' lang='lat' dir='ltr'><strong>vocis</strong></span> 
     </span>
    </p>
   </div>
   <div class='ocr_carea' id='block_1_92' title="bbox 2084 3661 3665 3735">
    <p class='ocr_par' dir='ltr' id='par_1_92' title="bbox 2084 3661 3665 3735">
     <span class='ocr_line' id='line_1_92' title="bbox 2084 3661 3665 3735; baseline 0.001 -19"><span class='ocrx_word' id='word_1_694' title='bbox 2084 3661 2391 3717; x_wconf 77' lang='lat' dir='ltr'><strong>Senatoris</strong></span> <span class='ocrx_word' id='word_1_695' title='bbox 2419 3663 2641 3729; x_wconf 88' lang='lat' dir='ltr'><strong>;docuit</strong></span> <span class='ocrx_word' id='word_1_696' title='bbox 2671 3663 2723 3718; x_wconf 91' lang='lat' dir='ltr'><strong>in</strong></span> <span class='ocrx_word' id='word_1_697' title='bbox 2767 3665 3081 3735; x_wconf 82' lang='lat' dir='ltr'><strong>synagogis,</strong></span> <span class='ocrx_word' id='word_1_698' title='bbox 3131 3665 3387 3719; x_wconf 88' lang='lat' dir='ltr'><strong>clamavit</strong></span> <span class='ocrx_word' id='word_1_699' title='bbox 3417 3680 3665 3735; x_wconf 68' lang='lat' dir='ltr'><strong>saepenu-</strong></span> 
     </span>
    </p>
   </div>
   <div class='ocr_carea' id='block_1_93' title="bbox 2082 3755 3665 3826">
    <p class='ocr_par' dir='ltr' id='par_1_93' title="bbox 2082 3755 3665 3826">
     <span class='ocr_line' id='line_1_93' title="bbox 2082 3755 3665 3826; baseline 0.002 -17"><span class='ocrx_word' id='word_1_700' title='bbox 2082 3770 2233 3810; x_wconf 86' lang='lat' dir='ltr'><strong>mero</strong></span> <span class='ocrx_word' id='word_1_701' title='bbox 2288 3755 2695 3826; x_wconf 83' lang='lat' dir='ltr'><strong>Hierosolymis,</strong></span> <span class='ocrx_word' id='word_1_702' title='bbox 2746 3771 2809 3811; x_wconf 90' lang='lat' dir='ltr'><strong>ac</strong></span> <span class='ocrx_word' id='word_1_703' title='bbox 2840 3758 3063 3825; x_wconf 89' lang='lat' dir='ltr'><strong>perinde</strong></span> <span class='ocrx_word' id='word_1_704' title='bbox 3117 3766 3274 3811; x_wconf 87' lang='lat' dir='ltr'><strong>erant</strong></span> <span class='ocrx_word' id='word_1_705' title='bbox 3342 3772 3407 3812; x_wconf 91' lang='lat' dir='ltr'><strong>ac</strong></span> <span class='ocrx_word' id='word_1_706' title='bbox 3446 3758 3490 3811; x_wconf 88' lang='lat' dir='ltr'><strong>si</strong></span> <span class='ocrx_word' id='word_1_707' title='bbox 3530 3758 3665 3812; x_wconf 89' lang='lat' dir='ltr'><strong>nihil</strong></span> 
     </span>
    </p>
   </div>
   <div class='ocr_carea' id='block_1_94' title="bbox 2082 3847 3668 3917">
    <p class='ocr_par' dir='ltr' id='par_1_94' title="bbox 2082 3847 3668 3917">
     <span class='ocr_line' id='line_1_94' title="bbox 2082 3847 3668 3917; baseline 0.001 -16"><span class='ocrx_word' id='word_1_708' title='bbox 2082 3849 2305 3902; x_wconf 90' lang='lat' dir='ltr'><strong>omnino</strong></span> <span class='ocrx_word' id='word_1_709' title='bbox 2338 3848 2691 3903; x_wconf 86' lang='lat' dir='ltr'><strong>audivissent.</strong></span> <span class='ocrx_word' id='word_1_710' title='bbox 2732 3847 3079 3917; x_wconf 87' lang='lat' dir='ltr'><strong>Spectatores</strong></span> <span class='ocrx_word' id='word_1_711' title='bbox 3116 3864 3298 3903; x_wconf 89' lang='lat' dir='ltr'><strong>rerum</strong></span> <span class='ocrx_word' id='word_1_712' title='bbox 3333 3849 3668 3902; x_wconf 83' lang='lat' dir='ltr'><strong>admirabili-</strong></span> 
     </span>
    </p>
   </div>
   <div class='ocr_carea' id='block_1_95' title="bbox 2083 3940 3666 4009">
    <p class='ocr_par' dir='ltr' id='par_1_95' title="bbox 2083 3940 3666 4009">
     <span class='ocr_line' id='line_1_95' title="bbox 2083 3940 3666 4009; baseline -0.001 -14"><span class='ocrx_word' id='word_1_713' title='bbox 2083 3951 2163 3995; x_wconf 89' lang='lat' dir='ltr'><strong>ter</strong></span> <span class='ocrx_word' id='word_1_714' title='bbox 2185 3954 2347 4009; x_wconf 90' lang='lat' dir='ltr'><strong>supra</strong></span> <span class='ocrx_word' id='word_1_715' title='bbox 2383 3940 2541 3995; x_wconf 85' lang='lat' dir='ltr'><strong>tidem</strong></span> <span class='ocrx_word' id='word_1_716' title='bbox 2584 3950 2858 4009; x_wconf 82' lang='lat' dir='ltr'><strong>gestarum</strong></span> <span class='ocrx_word' id='word_1_717' title='bbox 2883 3941 3124 3995; x_wconf 85' lang='lat' dir='ltr'><strong>luerunt.</strong></span> <span class='ocrx_word' id='word_1_718' title='bbox 3159 3940 3489 4009; x_wconf 83' lang='lat' dir='ltr'><strong>Spectarunt</strong></span> <span class='ocrx_word' id='word_1_719' title='bbox 3519 3941 3666 3995; x_wconf 90' lang='lat' dir='ltr'><strong>enim</strong></span> 
     </span>
    </p>
   </div>
   <div class='ocr_carea' id='block_1_96' title="bbox 2080 4030 3669 4102">
    <p class='ocr_par' dir='ltr' id='par_1_96' title="bbox 2080 4030 3669 4102">
     <span class='ocr_line' id='line_1_96' title="bbox 2080 4030 3669 4102; baseline 0.001 -17"><span class='ocrx_word' id='word_1_720' title='bbox 2080 4030 2332 4102; x_wconf 81' lang='lat' dir='ltr'><strong>leprosos</strong></span> <span class='ocrx_word' id='word_1_721' title='bbox 2355 4033 2545 4088; x_wconf 90' lang='lat' dir='ltr'><strong>morbo</strong></span> <span class='ocrx_word' id='word_1_722' title='bbox 2571 4031 2853 4099; x_wconf 86' lang='lat' dir='ltr'><strong>liberatos,</strong></span> <span class='ocrx_word' id='word_1_723' title='bbox 2883 4032 3196 4087; x_wconf 79' lang='lat' dir='ltr'><strong>exsilientes</strong></span> <span class='ocrx_word' id='word_1_724' title='bbox 3225 4032 3467 4098; x_wconf 87' lang='lat' dir='ltr'><strong>claudos,</strong></span> <span class='ocrx_word' id='word_1_725' title='bbox 3492 4047 3669 4087; x_wconf 71' lang='lat' dir='ltr'><strong>czecos</strong></span> 
     </span>
    </p>
   </div>
   <div class='ocr_carea' id='block_1_97' title="bbox 2079 4127 3657 4197">
    <p class='ocr_par' dir='ltr' id='par_1_97' title="bbox 2079 4127 3657 4197">
     <span class='ocr_line' id='line_1_97' title="bbox 2079 4127 3657 4197; baseline 0.001 -18"><span class='ocrx_word' id='word_1_726' title='bbox 2079 4127 2348 4190; x_wconf 83' lang='lat' dir='ltr'><strong>videntes,</strong></span> <span class='ocrx_word' id='word_1_727' title='bbox 2373 4134 2618 4181; x_wconf 87' lang='lat' dir='ltr'><strong>mortuos</strong></span> <span class='ocrx_word' id='word_1_728' title='bbox 2658 4139 2691 4181; x_wconf 83' lang='grc' dir='ltr'><strong>ο</strong></span> <span class='ocrx_word' id='word_1_729' title='bbox 2732 4127 3096 4181; x_wconf 90' lang='lat' dir='ltr'><strong>monumentis</strong></span> <span class='ocrx_word' id='word_1_730' title='bbox 3166 4136 3551 4197; x_wconf 78' lang='lat' dir='ltr'><strong>resurgentes:</strong></span> <span class='ocrx_word' id='word_1_731' title='bbox 3599 4134 3657 4180; x_wconf 91' lang='lat' dir='ltr'><strong>at</strong></span> 
     </span>
    </p>
   </div>
   <div class='ocr_carea' id='block_1_98' title="bbox 2078 4218 3666 4289">
    <p class='ocr_par' dir='ltr' id='par_1_98' title="bbox 2078 4218 3666 4289">
     <span class='ocr_line' id='line_1_98' title="bbox 2078 4218 3666 4289; baseline -0.004 -15"><span class='ocrx_word' id='word_1_732' title='bbox 2078 4218 2188 4274; x_wconf 87' lang='lat' dir='ltr'><strong>illis</strong></span> <span class='ocrx_word' id='word_1_733' title='bbox 2231 4219 2347 4275; x_wconf 69' lang='lat' dir='ltr'><strong>haec</strong></span> <span class='ocrx_word' id='word_1_734' title='bbox 2407 4220 2628 4274; x_wconf 87' lang='lat' dir='ltr'><strong>minime</strong></span> <span class='ocrx_word' id='word_1_735' title='bbox 2649 4218 2992 4289; x_wconf 82' lang='lat' dir='ltr'><strong>profuerunt,</strong></span> <span class='ocrx_word' id='word_1_736' title='bbox 3050 4218 3145 4273; x_wconf 90' lang='lat' dir='ltr'><strong>sed</strong></span> <span class='ocrx_word' id='word_1_737' title='bbox 3184 4220 3368 4273; x_wconf 89' lang='lat' dir='ltr'><strong>miseri</strong></span> <span class='ocrx_word' id='word_1_738' title='bbox 3420 4219 3666 4273; x_wconf 62' lang='lat' dir='ltr'><strong>homines</strong></span> 
     </span>
    </p>
   </div>
   <div class='ocr_carea' id='block_1_99' title="bbox 2078 4312 3665 4383">
    <p class='ocr_par' dir='ltr' id='par_1_99' title="bbox 2078 4312 3665 4383">
     <span class='ocr_line' id='line_1_99' title="bbox 2078 4312 3665 4383; baseline -0.002 -17"><span class='ocrx_word' id='word_1_739' title='bbox 2078 4322 2341 4382; x_wconf 88' lang='lat' dir='ltr'><strong>perpetuo</strong></span> <span class='ocrx_word' id='word_1_740' title='bbox 2390 4313 2544 4382; x_wconf 87' lang='lat' dir='ltr'><strong>quasi</strong></span> <span class='ocrx_word' id='word_1_741' title='bbox 2579 4312 2757 4366; x_wconf 88' lang='lat' dir='ltr'><strong>orbati</strong></span> <span class='ocrx_word' id='word_1_742' title='bbox 2801 4314 2931 4383; x_wconf 91' lang='lat' dir='ltr'><strong>ipsis</strong></span> <span class='ocrx_word' id='word_1_743' title='bbox 2952 4312 3127 4367; x_wconf 88' lang='lat' dir='ltr'><strong>oculis</strong></span> <span class='ocrx_word' id='word_1_744' title='bbox 3174 4314 3520 4366; x_wconf 78' lang='lat' dir='ltr'><strong>exstiterunt.</strong></span> <span class='ocrx_word' id='word_1_745' title='bbox 3553 4312 3665 4364; x_wconf 83' lang='lat' dir='ltr'><strong>Hac</strong></span> 
     </span>
    </p>
   </div>
   <div class='ocr_carea' id='block_1_100' title="bbox 2078 4404 3661 4475">
    <p class='ocr_par' dir='ltr' id='par_1_100' title="bbox 2078 4404 3661 4475">
     <span class='ocr_line' id='line_1_100' title="bbox 2078 4404 3661 4475; baseline -0.001 -17"><span class='ocrx_word' id='word_1_746' title='bbox 2078 4404 2144 4458; x_wconf 91' lang='lat' dir='ltr'><strong>de</strong></span> <span class='ocrx_word' id='word_1_747' title='bbox 2173 4418 2335 4458; x_wconf 88' lang='lat' dir='ltr'><strong>causa</strong></span> <span class='ocrx_word' id='word_1_748' title='bbox 2359 4419 2490 4458; x_wconf 89' lang='lat' dir='ltr'><strong>voce</strong></span> <span class='ocrx_word' id='word_1_749' title='bbox 2530 4414 2841 4459; x_wconf 89' lang='lat' dir='ltr'><strong>sanctorum</strong></span> <span class='ocrx_word' id='word_1_750' title='bbox 2869 4405 3072 4475; x_wconf 91' lang='lat' dir='ltr'><strong>probro</strong></span> <span class='ocrx_word' id='word_1_751' title='bbox 3106 4405 3211 4458; x_wconf 88' lang='lat' dir='ltr'><strong>illis</strong></span> <span class='ocrx_word' id='word_1_752' title='bbox 3238 4406 3482 4468; x_wconf 81' lang='lat' dir='ltr'><strong>vertitur,</strong></span> <span class='ocrx_word' id='word_1_753' title='bbox 3520 4406 3661 4472; x_wconf 90' lang='lat' dir='ltr'><strong>quod</strong></span> 
     </span>
    </p>
   </div>
   <div class='ocr_carea' id='block_1_101' title="bbox 2081 4498 3662 4566">
    <p class='ocr_par' dir='ltr' id='par_1_101' title="bbox 2081 4498 3662 4566">
     <span class='ocr_line' id='line_1_101' title="bbox 2081 4498 3662 4566; baseline -0.003 -14"><span class='ocrx_word' id='word_1_754' title='bbox 2081 4512 2297 4565; x_wconf 89' lang='lat' dir='ltr'><strong>semper</strong></span> <span class='ocrx_word' id='word_1_755' title='bbox 2334 4498 2651 4566; x_wconf 66' lang='lat' dir='ltr'><strong>(prmlractae</strong></span> <span class='ocrx_word' id='word_1_756' title='bbox 2704 4498 2933 4552; x_wconf 90' lang='lat' dir='ltr'><strong>cervicis</strong></span> <span class='ocrx_word' id='word_1_757' title='bbox 2984 4498 3206 4563; x_wconf 89' lang='lat' dir='ltr'><strong>luerint,</strong></span> <span class='ocrx_word' id='word_1_758' title='bbox 3242 4512 3307 4551; x_wconf 86' lang='lat' dir='ltr'><strong>ac</strong></span> <span class='ocrx_word' id='word_1_759' title='bbox 3357 4500 3522 4552; x_wconf 89' lang='lat' dir='ltr'><strong>corde</strong></span> <span class='ocrx_word' id='word_1_760' title='bbox 3561 4499 3662 4549; x_wconf 91' lang='lat' dir='ltr'><strong>im-</strong></span> 
     </span>
    </p>
   </div>
   <div class='ocr_carea' id='block_1_102' title="bbox 2080 4588 3662 4659">
    <p class='ocr_par' dir='ltr' id='par_1_102' title="bbox 2080 4588 3662 4659">
     <span class='ocr_line' id='line_1_102' title="bbox 2080 4588 3662 4659; baseline 0.001 -16"><span class='ocrx_word' id='word_1_761' title='bbox 2080 4589 2362 4659; x_wconf 86' lang='lat' dir='ltr'><strong>morigeri,</strong></span> <span class='ocrx_word' id='word_1_762' title='bbox 2400 4597 2730 4657; x_wconf 88' lang='lat' dir='ltr'><strong>sanctosque</strong></span> <span class='ocrx_word' id='word_1_763' title='bbox 2786 4590 3104 4644; x_wconf 83' lang='lat' dir='ltr'><strong>occiderint.</strong></span> <span class='ocrx_word' id='word_1_764' title='bbox 3141 4588 3331 4643; x_wconf 91' lang='lat' dir='ltr'><strong>Datam</strong></span> <span class='ocrx_word' id='word_1_765' title='bbox 3363 4604 3494 4644; x_wconf 89' lang='lat' dir='ltr'><strong>vero</strong></span> <span class='ocrx_word' id='word_1_766' title='bbox 3558 4590 3662 4644; x_wconf 91' lang='lat' dir='ltr'><strong>illis</strong></span> 
     </span>
    </p>
   </div>
   <div class='ocr_carea' id='block_1_103' title="bbox 2080 4679 3662 4744">
    <p class='ocr_par' dir='ltr' id='par_1_103' title="bbox 2080 4679 3662 4744">
     <span class='ocr_line' id='line_1_103' title="bbox 2080 4679 3662 4744; baseline 0 -9"><span class='ocrx_word' id='word_1_767' title='bbox 2080 4694 2200 4735; x_wconf 86' lang='lat' dir='ltr'><strong>esse</strong></span> <span class='ocrx_word' id='word_1_768' title='bbox 2228 4679 2530 4734; x_wconf 66' lang='lat' dir='ltr'><strong>caecitatem</strong></span> <span class='ocrx_word' id='word_1_769' title='bbox 2578 4680 2729 4743; x_wconf 91' lang='lat' dir='ltr'><strong>dicit,</strong></span> <span class='ocrx_word' id='word_1_770' title='bbox 2776 4696 2843 4735; x_wconf 92' lang='lat' dir='ltr'><strong>ne</strong></span> <span class='ocrx_word' id='word_1_771' title='bbox 2874 4682 3093 4736; x_wconf 83' lang='lat' dir='ltr'><strong>videant</strong></span> <span class='ocrx_word' id='word_1_772' title='bbox 3142 4681 3331 4744; x_wconf 85' lang='lat' dir='ltr'><strong>oculis,</strong></span> <span class='ocrx_word' id='word_1_773' title='bbox 3389 4692 3445 4736; x_wconf 91' lang='lat' dir='ltr'><strong>et</strong></span> <span class='ocrx_word' id='word_1_774' title='bbox 3499 4682 3662 4735; x_wconf 86' lang='lat' dir='ltr'><strong>corde</strong></span> 
     </span>
    </p>
   </div>
   <div class='ocr_carea' id='block_1_104' title="bbox 2079 4770 3659 4842">
    <p class='ocr_par' dir='ltr' id='par_1_104' title="bbox 2079 4770 3659 4842">
     <span class='ocr_line' id='line_1_104' title="bbox 2079 4770 3659 4842; baseline 0.003 -17"><span class='ocrx_word' id='word_1_775' title='bbox 2079 4770 2406 4842; x_wconf 83' lang='lat' dir='ltr'><strong>intelligant,</strong></span> <span class='ocrx_word' id='word_1_776' title='bbox 2478 4780 2533 4827; x_wconf 86' lang='lat' dir='ltr'><strong>et</strong></span> <span class='ocrx_word' id='word_1_777' title='bbox 2575 4782 2983 4837; x_wconf 84' lang='lat' dir='ltr'><strong>convertantur,</strong></span> <span class='ocrx_word' id='word_1_778' title='bbox 3036 4782 3093 4829; x_wconf 91' lang='lat' dir='ltr'><strong>et</strong></span> <span class='ocrx_word' id='word_1_779' title='bbox 3156 4783 3461 4831; x_wconf 81' lang='lat' dir='ltr'><strong>saneteos.</strong></span> <span class='ocrx_word' id='word_1_780' title='bbox 3540 4773 3659 4829; x_wconf 83' lang='lat' dir='ltr'><strong>Hoc</strong></span> 
     </span>
    </p>
   </div>
   <div class='ocr_carea' id='block_1_105' title="bbox 2076 4860 3655 4934">
    <p class='ocr_par' dir='ltr' id='par_1_105' title="bbox 2076 4860 3655 4934">
     <span class='ocr_line' id='line_1_105' title="bbox 2076 4860 3655 4934; baseline 0.003 -19"><span class='ocrx_word' id='word_1_781' title='bbox 2076 4860 2291 4915; x_wconf 88' lang='lat' dir='ltr'><strong>demum</strong></span> <span class='ocrx_word' id='word_1_782' title='bbox 2345 4869 2465 4916; x_wconf 88' lang='lat' dir='ltr'><strong>erat</strong></span> <span class='ocrx_word' id='word_1_783' title='bbox 2523 4862 2683 4932; x_wconf 88' lang='lat' dir='ltr'><strong>plane</strong></span> <span class='ocrx_word' id='word_1_784' title='bbox 2755 4864 2900 4933; x_wconf 91' lang='lat' dir='ltr'><strong>quod</strong></span> <span class='ocrx_word' id='word_1_785' title='bbox 2957 4864 3207 4919; x_wconf 88' lang='lat' dir='ltr'><strong>Christus</strong></span> <span class='ocrx_word' id='word_1_786' title='bbox 3256 4865 3389 4920; x_wconf 80' lang='lat' dir='ltr'><strong>dixit</strong></span> <span class='ocrx_word' id='word_1_787' title='bbox 3431 4864 3539 4929; x_wconf 91' lang='lat' dir='ltr'><strong>his,</strong></span> <span class='ocrx_word' id='word_1_788' title='bbox 3565 4866 3655 4934; x_wconf 90' lang='lat' dir='ltr'><strong>qui</strong></span> 
     </span>
    </p>
   </div>
   <div class='ocr_carea' id='block_1_106' title="bbox 2075 4952 3652 5012">
    <p class='ocr_par' dir='ltr' id='par_1_106' title="bbox 2075 4952 3652 5012">
     <span class='ocr_line' id='line_1_106' title="bbox 2075 4952 3652 5012; baseline 0.003 -5"><span class='ocrx_word' id='word_1_789' title='bbox 2075 4952 2334 5009; x_wconf 88' lang='lat' dir='ltr'><strong>nolebant</strong></span> <span class='ocrx_word' id='word_1_790' title='bbox 2400 4955 2621 5010; x_wconf 88' lang='lat' dir='ltr'><strong>credere</strong></span> <span class='ocrx_word' id='word_1_791' title='bbox 2658 4971 2672 5009; x_wconf 90' lang='lat'><strong>:</strong></span> <span class='ocrx_word' id='word_1_792' title='bbox 2712 4974 2732 5008; x_wconf 80' lang='grc' dir='ltr'><strong>ι</strong></span> <span class='ocrx_word' id='word_1_793' title='bbox 2766 4956 2843 5011; x_wconf 80' lang='lat' dir='ltr'><strong>Ne</strong></span> <span class='ocrx_word' id='word_1_794' title='bbox 2900 4958 3249 5011; x_wconf 89' lang='lat' dir='ltr'><strong>murmuretis</strong></span> <span class='ocrx_word' id='word_1_795' title='bbox 3306 4959 3450 5012; x_wconf 89' lang='lat' dir='ltr'><strong>inter</strong></span> <span class='ocrx_word' id='word_1_796' title='bbox 3504 4973 3599 5012; x_wconf 88' lang='lat' dir='ltr'><strong>vos</strong></span> <span class='ocrx_word' id='word_1_797' title='bbox 3638 4976 3652 5012; x_wconf 91' lang='lat'><strong>:</strong></span> 
     </span>
    </p>
   </div>
   <div class='ocr_carea' id='block_1_107' title="bbox 2074 5049 3652 5118">
    <p class='ocr_par' dir='ltr' id='par_1_107' title="bbox 2074 5049 3652 5118">
     <span class='ocr_line' id='line_1_107' title="bbox 2074 5049 3652 5118; baseline 0.003 -17"><span class='ocrx_word' id='word_1_798' title='bbox 2074 5061 2234 5102; x_wconf 88' lang='lat' dir='ltr'><strong>nemo</strong></span> <span class='ocrx_word' id='word_1_799' title='bbox 2293 5057 2469 5117; x_wconf 85' lang='lat' dir='ltr'><strong>potest</strong></span> <span class='ocrx_word' id='word_1_800' title='bbox 2527 5050 2713 5104; x_wconf 91' lang='lat' dir='ltr'><strong>venire</strong></span> <span class='ocrx_word' id='word_1_801' title='bbox 2767 5049 2834 5103; x_wconf 84' lang='lat' dir='ltr'><strong>ad</strong></span> <span class='ocrx_word' id='word_1_802' title='bbox 2873 5066 2976 5114; x_wconf 87' lang='lat' dir='ltr'><strong>me,</strong></span> <span class='ocrx_word' id='word_1_803' title='bbox 3022 5050 3125 5105; x_wconf 91' lang='lat' dir='ltr'><strong>nisi</strong></span> <span class='ocrx_word' id='word_1_804' title='bbox 3163 5049 3322 5103; x_wconf 81' lang='lat' dir='ltr'><strong>Pater</strong></span> <span class='ocrx_word' id='word_1_805' title='bbox 3355 5050 3447 5118; x_wconf 90' lang='lat' dir='ltr'><strong>qui</strong></span> <span class='ocrx_word' id='word_1_806' title='bbox 3498 5053 3652 5105; x_wconf 92' lang='lat' dir='ltr'><strong>misit</strong></span> 
     </span>
    </p>
   </div>
   <div class='ocr_carea' id='block_1_108' title="bbox 2076 5141 3654 5213">
    <p class='ocr_par' dir='ltr' id='par_1_108' title="bbox 2076 5141 3654 5213">
     <span class='ocr_line' id='line_1_108' title="bbox 2076 5141 3654 5213; baseline 0.003 -18"><span class='ocrx_word' id='word_1_807' title='bbox 2076 5155 2183 5205; x_wconf 88' lang='lat' dir='ltr'><strong>me,</strong></span> <span class='ocrx_word' id='word_1_808' title='bbox 2240 5142 2464 5196; x_wconf 82' lang='lat' dir='ltr'><strong>traxerit</strong></span> <span class='ocrx_word' id='word_1_809' title='bbox 2502 5156 2624 5196; x_wconf 87' lang='lat' dir='ltr'><strong>eum</strong></span> <span class='ocrx_word' id='word_1_810' title='bbox 2672 5141 2742 5196; x_wconf 80' lang='grc'><strong>³³.</strong></span> <span class='ocrx_word' id='word_1_811' title='bbox 2774 5161 2792 5194; x_wconf 71' lang='grc' dir='ltr'><strong>ι</strong></span> <span class='ocrx_word' id='word_1_812' title='bbox 2828 5142 2893 5197; x_wconf 87' lang='grc' dir='ltr'>Ει</span> <span class='ocrx_word' id='word_1_813' title='bbox 2930 5158 3127 5198; x_wconf 86' lang='lat' dir='ltr'><strong>rursus</strong></span> <span class='ocrx_word' id='word_1_814' title='bbox 3178 5162 3192 5198; x_wconf 87' lang='lat'><strong><em>:</em></strong></span> <span class='ocrx_word' id='word_1_815' title='bbox 3243 5160 3261 5194; x_wconf 81' lang='grc' dir='ltr'><strong>ι</strong></span> <span class='ocrx_word' id='word_1_816' title='bbox 3301 5142 3492 5198; x_wconf 88' lang='lat' dir='ltr'><strong>Omnis</strong></span> <span class='ocrx_word' id='word_1_817' title='bbox 3562 5144 3654 5213; x_wconf 88' lang='lat' dir='ltr'><strong>qui</strong></span> 
     </span>
    </p>
   </div>
   <div class='ocr_carea' id='block_1_109' title="bbox 2076 5232 3655 5306">
    <p class='ocr_par' dir='ltr' id='par_1_109' title="bbox 2076 5232 3655 5306">
     <span class='ocr_line' id='line_1_109' title="bbox 2076 5232 3655 5306; baseline 0.005 -20"><span class='ocrx_word' id='word_1_818' title='bbox 2076 5234 2284 5289; x_wconf 85' lang='lat' dir='ltr'><strong>audivit</strong></span> <span class='ocrx_word' id='word_1_819' title='bbox 2314 5250 2344 5287; x_wconf 85' lang='lat' dir='ltr'><strong>a</strong></span> <span class='ocrx_word' id='word_1_820' title='bbox 2384 5232 2545 5290; x_wconf 90' lang='lat' dir='ltr'><strong>Patre</strong></span> <span class='ocrx_word' id='word_1_821' title='bbox 2570 5244 2627 5289; x_wconf 88' lang='lat' dir='ltr'><strong>et</strong></span> <span class='ocrx_word' id='word_1_822' title='bbox 2650 5235 2861 5300; x_wconf 90' lang='lat' dir='ltr'><strong>didicit,</strong></span> <span class='ocrx_word' id='word_1_823' title='bbox 2907 5238 3054 5290; x_wconf 88' lang='lat' dir='ltr'><strong>venit</strong></span> <span class='ocrx_word' id='word_1_824' title='bbox 3086 5239 3153 5291; x_wconf 88' lang='lat' dir='ltr'><strong>ad</strong></span> <span class='ocrx_word' id='word_1_825' title='bbox 3201 5252 3287 5292; x_wconf 89' lang='lat' dir='ltr'><strong>me</strong></span> <span class='ocrx_word' id='word_1_826' title='bbox 3318 5236 3385 5291; x_wconf 82' lang='grc'><strong>³¹.</strong></span> <span class='ocrx_word' id='word_1_827' title='bbox 3413 5255 3433 5289; x_wconf 71' lang='grc' dir='ltr'><strong>ι</strong></span> <span class='ocrx_word' id='word_1_828' title='bbox 3468 5236 3655 5306; x_wconf 81' lang='lat' dir='ltr'><strong>Itaque</strong></span> 
     </span>
    </p>
   </div>
   <div class='ocr_carea' id='block_1_110' title="bbox 2074 5328 3656 5397">
    <p class='ocr_par' dir='ltr' id='par_1_110' title="bbox 2074 5328 3656 5397">
     <span class='ocr_line' id='line_1_110' title="bbox 2074 5328 3656 5397; baseline 0.003 -16"><span class='ocrx_word' id='word_1_829' title='bbox 2074 5328 2139 5383; x_wconf 92' lang='lat' dir='ltr'><strong>ad</strong></span> <span class='ocrx_word' id='word_1_830' title='bbox 2168 5329 2499 5397; x_wconf 90' lang='lat' dir='ltr'><strong>agnitionem</strong></span> <span class='ocrx_word' id='word_1_831' title='bbox 2534 5328 2733 5383; x_wconf 86' lang='lat' dir='ltr'><strong>Christi</strong></span> <span class='ocrx_word' id='word_1_832' title='bbox 2761 5344 2857 5397; x_wconf 83' lang='lat' dir='ltr'><strong>per</strong></span> <span class='ocrx_word' id='word_1_833' title='bbox 2889 5330 3272 5384; x_wconf 80' lang='lat' dir='ltr'><strong>revelationem</strong></span> <span class='ocrx_word' id='word_1_834' title='bbox 3310 5329 3401 5384; x_wconf 89' lang='lat' dir='ltr'><strong>Dei</strong></span> <span class='ocrx_word' id='word_1_835' title='bbox 3449 5339 3503 5385; x_wconf 91' lang='lat' dir='ltr'><strong>et</strong></span> <span class='ocrx_word' id='word_1_836' title='bbox 3553 5330 3656 5385; x_wconf 80' lang='lat' dir='ltr'><strong>Pa-</strong></span> 
     </span>
    </p>
   </div>
   <div class='ocr_carea' id='block_1_111' title="bbox 2074 5420 3651 5492">
    <p class='ocr_par' dir='ltr' id='par_1_111' title="bbox 2074 5420 3651 5492">
     <span class='ocr_line' id='line_1_111' title="bbox 2074 5420 3651 5492; baseline 0.003 -19"><span class='ocrx_word' id='word_1_837' title='bbox 2074 5420 2174 5476; x_wconf 90' lang='lat' dir='ltr'><strong>tris</strong></span> <span class='ocrx_word' id='word_1_838' title='bbox 2256 5421 2433 5475; x_wconf 88' lang='lat' dir='ltr'><strong>vocati</strong></span> <span class='ocrx_word' id='word_1_839' title='bbox 2485 5434 2588 5475; x_wconf 92' lang='lat' dir='ltr'><strong>non</strong></span> <span class='ocrx_word' id='word_1_840' title='bbox 2645 5430 2794 5487; x_wconf 89' lang='lat' dir='ltr'><strong>sunt,</strong></span> <span class='ocrx_word' id='word_1_841' title='bbox 2829 5422 2970 5492; x_wconf 91' lang='lat' dir='ltr'><strong>quod</strong></span> <span class='ocrx_word' id='word_1_842' title='bbox 3024 5422 3200 5476; x_wconf 89' lang='lat' dir='ltr'><strong>salute</strong></span> <span class='ocrx_word' id='word_1_843' title='bbox 3247 5423 3417 5491; x_wconf 87' lang='lat' dir='ltr'><strong>ipsius</strong></span> <span class='ocrx_word' id='word_1_844' title='bbox 3441 5431 3494 5477; x_wconf 89' lang='lat' dir='ltr'><strong>et</strong></span> <span class='ocrx_word' id='word_1_845' title='bbox 3538 5423 3651 5478; x_wconf 86' lang='lat' dir='ltr'><strong>vita</strong></span> 
     </span>
    </p>
   </div>
   <div class='ocr_carea' id='block_1_112' title="bbox 2071 5512 3651 5582">
    <p class='ocr_par' dir='ltr' id='par_1_112' title="bbox 2071 5512 3651 5582">
     <span class='ocr_line' id='line_1_112' title="bbox 2071 5512 3651 5582; baseline 0.001 -15"><span class='ocrx_word' id='word_1_846' title='bbox 2071 5513 2216 5582; x_wconf 83' lang='lat' dir='ltr'><strong>digni</strong></span> <span class='ocrx_word' id='word_1_847' title='bbox 2276 5528 2381 5567; x_wconf 91' lang='lat' dir='ltr'><strong>non</strong></span> <span class='ocrx_word' id='word_1_848' title='bbox 2440 5522 2617 5567; x_wconf 91' lang='lat' dir='ltr'><strong>erant.</strong></span> <span class='ocrx_word' id='word_1_849' title='bbox 2655 5512 2711 5568; x_wconf 88' lang='lat' dir='ltr'><strong>Si</strong></span> <span class='ocrx_word' id='word_1_850' title='bbox 2746 5514 2833 5568; x_wconf 92' lang='lat' dir='ltr'><strong>cui</strong></span> <span class='ocrx_word' id='word_1_851' title='bbox 2863 5514 3037 5582; x_wconf 89' lang='lat' dir='ltr'><strong>placet</strong></span> <span class='ocrx_word' id='word_1_852' title='bbox 3119 5515 3287 5568; x_wconf 86' lang='lat' dir='ltr'><strong>alium</strong></span> <span class='ocrx_word' id='word_1_853' title='bbox 3316 5529 3531 5569; x_wconf 87' lang='lat' dir='ltr'><strong>sensum</strong></span> <span class='ocrx_word' id='word_1_854' title='bbox 3567 5514 3651 5570; x_wconf 86' lang='lat' dir='ltr'><strong>his</strong></span> 
     </span>
    </p>
   </div>
   <div class='ocr_carea' id='block_1_113' title="bbox 2071 5606 3649 5677">
    <p class='ocr_par' dir='ltr' id='par_1_113' title="bbox 2071 5606 3649 5677">
     <span class='ocr_line' id='line_1_113' title="bbox 2071 5606 3649 5677; baseline 0.001 -17"><span class='ocrx_word' id='word_1_855' title='bbox 2071 5606 2248 5661; x_wconf 84' lang='lat' dir='ltr'><strong>verbis</strong></span> <span class='ocrx_word' id='word_1_856' title='bbox 2276 5621 2568 5677; x_wconf 88' lang='lat' dir='ltr'><strong>apponere,</strong></span> <span class='ocrx_word' id='word_1_857' title='bbox 2607 5607 2761 5677; x_wconf 81' lang='grc' dir='ltr'><strong>ιιι</strong></span> <span class='ocrx_word' id='word_1_858' title='bbox 2797 5607 2940 5662; x_wconf 89' lang='lat' dir='ltr'><strong>hunc</strong></span> <span class='ocrx_word' id='word_1_859' title='bbox 2983 5608 3051 5663; x_wconf 88' lang='lat' dir='ltr'><strong>ad</strong></span> <span class='ocrx_word' id='word_1_860' title='bbox 3085 5608 3304 5663; x_wconf 90' lang='lat' dir='ltr'><strong>modum</strong></span> <span class='ocrx_word' id='word_1_861' title='bbox 3365 5608 3649 5677; x_wconf 87' lang='lat' dir='ltr'><strong>intelliget.</strong></span> 
     </span>
    </p>
   </div>
   <div class='ocr_carea' id='block_1_114' title="bbox 2069 5696 3652 5774">
    <p class='ocr_par' dir='ltr' id='par_1_114' title="bbox 2069 5696 3652 5774">
     <span class='ocr_line' id='line_1_114' title="bbox 2069 5696 3652 5774; baseline 0.003 -21"><span class='ocrx_word' id='word_1_862' title='bbox 2069 5696 2322 5756; x_wconf 65' lang='lat' dir='ltr'><strong>Praedicit</strong></span> <span class='ocrx_word' id='word_1_863' title='bbox 2352 5700 2495 5756; x_wconf 91' lang='lat' dir='ltr'><strong>enim</strong></span> <span class='ocrx_word' id='word_1_864' title='bbox 2525 5702 2904 5755; x_wconf 89' lang='lat' dir='ltr'><strong>universorum</strong></span> <span class='ocrx_word' id='word_1_865' title='bbox 2940 5700 3107 5771; x_wconf 87' lang='lat' dir='ltr'><strong>Deus,</strong></span> <span class='ocrx_word' id='word_1_866' title='bbox 3174 5710 3235 5758; x_wconf 87' lang='lat' dir='ltr'><strong>ut</strong></span> <span class='ocrx_word' id='word_1_867' title='bbox 3291 5701 3382 5774; x_wconf 88' lang='lat' dir='ltr'><strong>qui</strong></span> <span class='ocrx_word' id='word_1_868' title='bbox 3420 5701 3526 5758; x_wconf 89' lang='lat' dir='ltr'><strong>scit</strong></span> <span class='ocrx_word' id='word_1_869' title='bbox 3554 5715 3652 5757; x_wconf 82' lang='lat' dir='ltr'><strong>oc-</strong></span> 
     </span>
    </p>
   </div>
   <div class='ocr_carea' id='block_1_115' title="bbox 477 5850 1980 5927">
    <p class='ocr_par' dir='ltr' id='par_1_115' title="bbox 477 5850 1977 5926">
     <span class='ocr_line' id='line_1_115' title="bbox 477 5850 1977 5926; baseline 0.007 -22"><span class='ocrx_word' id='word_1_870' title='bbox 477 5851 521 5882; x_wconf 81' lang='lat'><strong>”</strong></span> <span class='ocrx_word' id='word_1_871' title='bbox 555 5850 723 5908; x_wconf 74' lang='lat' dir='ltr'><strong>Exod.</strong></span> <span class='ocrx_word' id='word_1_872' title='bbox 758 5868 830 5922; x_wconf 84' lang='lat' dir='ltr'><strong>tv,</strong></span> <span class='ocrx_word' id='word_1_873' title='bbox 873 5852 959 5909; x_wconf 76' lang='grc'><strong>15.</strong></span> <span class='ocrx_word' id='word_1_874' title='bbox 1037 5854 1080 5887; x_wconf 84' lang='grc'>³⁰</span> <span class='ocrx_word' id='word_1_875' title='bbox 1128 5854 1328 5912; x_wconf 82' lang='lat' dir='ltr'><strong>Jerem.</strong></span> <span class='ocrx_word' id='word_1_876' title='bbox 1371 5872 1409 5925; x_wconf 83' lang='grc' dir='ltr'><strong>ι,</strong></span> <span class='ocrx_word' id='word_1_877' title='bbox 1437 5856 1487 5912; x_wconf 88' lang='grc'>6.</span> <span class='ocrx_word' id='word_1_878' title='bbox 1568 5857 1636 5889; x_wconf 79' lang='grc' dir='ltr'><strong>³ο·</strong></span> <span class='ocrx_word' id='word_1_879' title='bbox 1667 5855 1708 5912; x_wconf 92' lang='lat' dir='ltr'><strong>ll</strong></span> <span class='ocrx_word' id='word_1_880' title='bbox 1736 5856 1859 5916; x_wconf 88' lang='lat' dir='ltr'><strong>Cur.</strong></span> <span class='ocrx_word' id='word_1_881' title='bbox 1895 5873 1977 5926; x_wconf 88' lang='lat' dir='ltr'><strong>tu,</strong></span> 
     </span>
    </p>
   </div>
   <div class='ocr_carea' id='block_1_116' title="bbox 2086 5850 3020 5927">
    <p class='ocr_par' dir='ltr' id='par_1_116' title="bbox 2086 5859 3020 5927">
     <span class='ocr_line' id='line_1_116' title="bbox 2086 5859 3020 5927; baseline -0.001 -14"><span class='ocrx_word' id='word_1_882' title='bbox 2086 5901 2096 5913; x_wconf 93' lang='lat'><strong>.</strong></span> <span class='ocrx_word' id='word_1_883' title='bbox 2170 5862 2207 5892; x_wconf 75' lang='grc'>³³</span> <span class='ocrx_word' id='word_1_884' title='bbox 2243 5859 2392 5916; x_wconf 82' lang='lat' dir='ltr'><strong>losn.</strong></span> <span class='ocrx_word' id='word_1_885' title='bbox 2424 5875 2500 5927; x_wconf 74' lang='grc' dir='ltr'>η,</span> <span class='ocrx_word' id='word_1_886' title='bbox 2532 5860 2620 5915; x_wconf 69' lang='grc' dir='ltr'>Η.</span> <span class='ocrx_word' id='word_1_887' title='bbox 2690 5860 2735 5892; x_wconf 83' lang='grc'><strong>³²</strong></span> <span class='ocrx_word' id='word_1_888' title='bbox 2769 5859 2898 5916; x_wconf 91' lang='lat' dir='ltr'><strong>ibid.</strong></span> <span class='ocrx_word' id='word_1_889' title='bbox 2933 5859 3020 5914; x_wconf 70' lang='lat'><strong>45.</strong></span> 
     </span>
    </p>
   </div>
  </div>
