4152 6366
469 390 570 447 187

1462 386 1519 442 S.
1562 385 1833 442 CYRILLI
1873 385 2345 441 ALEXANDIHNI
2385 384 2708 441 ARCHIEP.

3544 387 3736 446 -!88

467 502 610 559 culta
636 508 689 555 ct
722 499 923 565 futura,
958 498 1162 569 aitque,
1193 498 1415 553 omnino
1447 514 1541 554 eos
1586 502 1817 563 visuros,
1853 511 1908 555 et
1953 518 2041 554 au-

2150 499 2293 551 λοιτο
2341 498 2667 570 προσϐαλεῖν
2706 496 2910 567 ἑτέρως
2968 497 3091 561 ταῖς
3132 495 3242 551 τῶν
3289 498 3601 570 εἰρημένων
3650 504 3739 555 ὲν-

467 595 701 656 dituros,
751 605 1033 645 mansuros
1082 600 1266 643 autem
1307 603 1370 645 ac
1416 590 1460 644 si
1491 606 1596 645 non
1621 590 1924 654 audissem,
1959 608 2053 647 ne-

468 700 575 754 que
649 683 999 752 contemplati
1069 682 1321 749 fuissent,
1396 683 1561 752 idque
1630 682 1763 753 ipsis
1823 694 2048 754 propter

469 775 666 830 mentis
703 790 815 830 sua:
864 774 1127 829 malitiam
1176 775 1444 830 accidere.
1474 774 1639 830 Addit
1667 777 1881 842 deinde,
1918 778 2044 832 dum

468 866 584 921 haec
634 865 872 931 faciunt,
919 866 1032 920 suis
1062 866 1299 936 ipsorum
1341 865 1606 937 capitibus
1662 868 1933 932 insidiari,
1992 878 2047 924 et

466 959 779 1030 pertinacia!
806 962 994 1013 morbo
1018 958 1346 1023 laborantes,
1377 974 1478 1013 nec
1512 960 1698 1014 audire
1731 961 1888 1027 velle,
1948 977 2049 1017 nec

466 1054 652 1107 videre
698 1067 855 1121 posse
892 1068 906 1105 :
946 1070 965 1103 ι
997 1051 1075 1105 Ne
1122 1050 1341 1105 videant
1386 1053 1582 1117 oculis,
1614 1063 1668 1107 et
1699 1053 1924 1106 audiant
1952 1068 2048 1107 au-

467 1146 617 1201 ribus
640 1186 656 1211 ,
696 1156 751 1200 et
794 1152 1113 1199 convertant
1141 1159 1201 1199 se
1223 1184 1239 1210 ,
1285 1154 1339 1199 et
1385 1161 1569 1200 sanem
1592 1161 1707 1201 eos.
1729 1165 1749 1197 »
1783 1148 2047 1203 Auctores

465 1239 649 1306 itaque
703 1238 787 1292 sui
841 1237 1084 1307 ipsorum
1137 1238 1390 1292 interitus
1443 1239 1686 1303 fuerunt,
1722 1255 1844 1295 cum
1882 1255 1982 1294 nec
2013 1255 2043 1294 a

463 1330 681 1385 Christo
736 1338 895 1383 acute
944 1330 1101 1383 dictis
1155 1344 1343 1383 aurem
1397 1329 1739 1394 adhiberent,
1793 1345 1895 1385 nec
1932 1346 2044 1385 suae

463 1423 661 1477 mentis
711 1422 925 1477 oculum
967 1422 1260 1493 aperirent.
1321 1419 1377 1476 Si
1415 1424 1559 1477 enim
1618 1424 1720 1479 hoc
1765 1424 2042 1490 fecissent,

464 1515 717 1570 conversi
760 1514 1011 1580 fuissent,
1061 1525 1116 1569 et
1154 1517 1196 1570 si
1223 1517 1424 1571 cultum
1454 1530 1615 1585 quem
1643 1518 1884 1587 oportuit
1918 1517 2045 1571 reli-

464 1607 736 1677 quissent,
784 1606 990 1661 salvam
1035 1620 1097 1660 ac
1131 1620 1320 1661 sanam
1352 1622 1505 1661 suam
1550 1617 1783 1662 mentem
1828 1622 2047 1662 conser-

462 1709 702 1754 Vassent.

2154 592 2340 656 νοίαις,
2376 593 2599 663 συνήσει
2625 590 2871 644 τοιῶσδε.
2907 592 3279 662 Προαγορεύει
3312 594 3411 663 μὲν
3435 594 3544 665 γὰρ
3573 597 3601 648 6
3628 596 3738 648 τῶν

2149 684 2285 737 ὅλων
2334 684 2486 748 Θεὸς,
2534 684 2610 747 ὡς
2660 682 2945 752 γινώσκων
2996 683 3065 736 τὰ
3114 685 3495 756 κεκρυμμένα,
3546 689 3638 740 καὶ
3670 688 3737 741 τὰ

2147 776 2398 845 ἐσόμενα,
2460 776 2552 830 καί
2610 793 2793 847 φησιν,
2848 777 2927 829 ὅτι
2994 777 3170 847 πάντη
3237 795 3299 830 τε
3367 779 3463 831 καὶ
3519 780 3736 843 πάντως

2148 868 2368 937 ὄψονται
2415 868 2514 938 μὲν
2563 869 2658 922 καὶ
2705 869 3060 935 ἀκούσονται,
3096 868 3316 940 μενοῦσί
3365 886 3428 937 γε
3490 871 3597 941 μὴν
3661 872 3736 934 ὼς

2156 960 2296 1030 μήτε
2337 959 2657 1030 ἀκηκοότες,
2708 961 2843 1031 μήτε
2881 960 3273 1031 συντιθέμενοι,
3304 961 3399 1013 xui.
3437 961 3596 1015 τοῦτο
3630 980 3736 1015 πα-

2154 1048 2338 1125 θόντες
2368 1051 2433 1103 ἐκ
2477 1051 2758 1123 μοχθηρᾶς
2799 1052 2954 1106 αὐτοὶ
2987 1052 3087 1123 τῆς
3114 1052 3252 1115 ἰδίας
3275 1052 3523 1124 γνώμης.
3552 1056 3733 1125 Προσ-

2152 1144 2347 1212 επάγει
2390 1142 2446 1196 δὲ
2487 1143 2720 1208 τούτοις,
2769 1145 2850 1197 ὅτι
2882 1144 3053 1197 ταῦτα
3087 1145 3321 1217 δρῶντες
3354 1148 3583 1207 ἐκεῖνοι,
3616 1150 3736 1210 ταῖς

2154 1234 2313 1298 ἰδίαις
2335 1235 2747 1289 ἐπιϐουλεύουσι
2774 1237 3059 1307 κεφαλαῖς.
3089 1238 3513 1309 Ἠρρωστήκασι
3543 1238 3649 1310 γὰρ
3674 1239 3735 1292 τὸ

2150 1328 2430 1399 δυσήκοον,
2474 1330 2569 1382 xui.
2612 1329 2673 1383 τὸ
2724 1330 3089 1401 μὴδύνασθαι
3131 1332 3392 1403 καθορᾷν,
3442 1352 3460 1383 ι
3494 1333 3612 1386 Ἵνα
3657 1335 3732 1406 μὴ

2154 1419 2303 1473 ἴδωσι
2349 1423 2461 1485 τοῖς
2489 1420 2813 1492 ὀφθαλμοῖς,
2846 1424 2942 1475 καὶ
2985 1425 3100 1486 τοῖς
3149 1424 3281 1477 ὠσὶν
3310 1425 3608 1486 ἀκούσωσι,
3639 1428 3733 1480 καὶ

2153 1514 2576 1585 ἐπιστρέφουσι,
2613 1516 2705 1568 καὶ
2748 1517 2967 1587 ἰάσομαι
3016 1517 3237 1581 αὐτούς.
3275 1538 3293 1569 ι
3338 1518 3511 1572 Αἷτιοι
3556 1519 3734 1573 τοίνυν

2154 1608 2309 1660 αὐτοὶ
2336 1608 2433 1677 τῆς
2469 1608 2618 1677 σφῶν
2646 1608 2825 1661 αὐτῶν
2852 1609 3147 1678 γεγόνασιν
3176 1610 3474 1675 ἀπωλείας,
3508 1612 3646 1682 μήτε
3672 1611 3735 1663 τὸ

2153 1697 2245 1765 οὖς
2274 1700 2614 1771 παραθέντες
2651 1704 2764 1765 τοῖς
2804 1702 2954 1770 παρὰ
2992 1702 3230 1772 Χριστοῦ
3272 1702 3588 1773 λεγομένοις
3613 1698 3728 1767 όξὺ,

465 1794 603 1864 μήτε
656 1792 763 1863 μὴν
809 1794 901 1847 τὸν
948 1797 1045 1866 τῆς
1096 1795 1304 1849 ἑαυτῶν
1357 1795 1594 1859 διανοίας
1641 1796 2026 1867 ἀνευρύνοντες
2094 1796 2393 1866 ὀφθαλμόν.
2428 1797 2493 1849 Εἰ
2529 1798 2636 1869 γὰρ
2700 1797 2857 1851 τοῦτο
2910 1797 3100 1869 ἔδρων,
3139 1800 3482 1871 ὑπέστρεψαν
3512 1799 3598 1866 ἂν,
3639 1801 3733 1854 καὶ

460 1886 562 1954 τῆς
617 1887 964 1959 καθηκούσης
1010 1890 1306 1961 θεραπείας
1345 1891 1729 1961 τετυχηκότες,
1786 1890 1922 1943 σῶόν
1958 1908 2019 1943 τε
2058 1891 2153 1944 καὶ
2180 1891 2311 1959 ὑγιᾶ
2336 1889 2425 1943 τὸν
2462 1890 2670 1945 ἑαυτῶν
2698 1890 3022 1945 διεσώσαντο
3048 1890 3192 1946 νοῦν.

534 1981 699 2038 Vens.
739 1985 828 2049 11,
866 1987 951 2039 12.
995 1985 1061 2038 Et
1109 1987 1222 2040 dixi
1262 2002 1279 2039 :
1315 1988 1617 2055 Quousque,
1662 1988 1921 2041 Domine?
1970 1987 2039 2041 Et

2212 1983 2505 2041 Καὶ.εἷπα·
2523 1987 2678 2052 Ἕως
2706 1989 2871 2051 πότε,
2903 1987 3102 2054 Κύριε;
3127 1985 3236 2040 Καὶ
3254 1981 3603 2051 εἶπενοἝως
3629 1986 3733 2040 ἂν·

460 2077 598 2131 thxit
637 2094 654 2131 :
689 2077 862 2132 Donec
885 2090 1149 2133 vastentur
1168 2080 1340 2147 urbes,
1367 2090 1421 2134 ut
1445 2098 1547 2135 non
1570 2083 1633 2135 sit
1655 2083 1743 2151 qui
1768 2083 2041 2148 inhabitet,

460 2182 510 2225 et
539 2171 745 2237 domus,
776 2183 831 2225 ut
863 2190 964 2226 non
988 2174 1090 2226 sint
1124 2174 1381 2236 homines,
1405 2183 1451 2227 et
1477 2184 1615 2227 terra
1655 2174 2046 2245 derelinquetur

460 2266 689 2321 deserta.
720 2267 789 2320 Et
819 2279 930 2335 post
966 2270 1078 2322 [uec
1107 2268 1367 2337 elongabit
1402 2268 1543 2323 Deus
1585 2270 1839 2338 homines,
1878 2281 1924 2325 et
1953 2272 2044 2326 de-

462 2358 632 2413 relicti
661 2360 1151 2429 multiplicabuntur
1176 2362 1231 2416 in
1259 2372 1420 2417 terra.

532 2534 834 2591 Verebatur
886 2539 1169 2608 propheta,
1221 2553 1289 2594 ne
1322 2548 1580 2611 perpetua
1627 2550 1681 2597 et
1711 2542 2040 2612 sempiterna

460 2628 756 2682 exemeatio
801 2629 1146 2684 induceretur
1178 2630 1457 2686 lsraelitis.
1516 2632 1748 2703 Ideoque
1796 2644 1949 2704 rogat
1982 2648 2040 2689 ut

460 2728 674 2789 tempus
714 2721 849 2775 sciat
896 2736 1002 2790 quo
1047 2722 1148 2778 hoc
1197 2722 1436 2778 futurum
1491 2737 1595 2790 est,
1653 2736 1707 2781 et
1764 2742 2041 2797 quousque

459 2812 809 2879 protrahetur
838 2812 952 2865 haec
994 2813 1148 2881 quasi
1181 2815 1482 2883 aegrotatio.
1524 2816 1603 2869 Ad
1657 2833 1776 2886 quae
1819 2833 2041 2887 respon-

459 2905 592 2957 dens
625 2902 782 2964 Deus,
837 2904 1192 2981 yastationem
1247 2905 1486 2973 ipsorum
1538 2904 2038 2977 Hierosolymorqu

460 2994 807 3064 praenuntiat,
854 2996 1096 3063 adeoque
1125 2996 1388 3051 universae
1427 2996 1734 3052 Judaeorum
1779 2999 2037 3068 regionis,

458 3096 515 3139 et
538 3086 711 3156 inquit
749 3102 764 3140 :
798 3103 817 3138 ι
865 3084 1044 3141 Donec
1083 3096 1362 3141 vaSIentur
1396 3089 1579 3154 urbes,
1628 3098 1687 3143 ut
1727 3106 1834 3143 non
1887 3090 2041 3144 inha-

457 3177 719 3243 bitentur,
745 3188 798 3234 et
829 3179 1042 3242 domus,
1067 3191 1257 3235 utnon
1295 3181 1402 3233 sint
1436 3180 1702 3235 homines.
1743 3201 1761 3233 ι
1796 3182 1949 3249 Quod
1972 3184 2039 3237 ad

458 3278 762 3325 extremum
793 3272 996 3338 evenit,
1027 3288 1150 3327 cum
1186 3272 1549 3342 Vespasianus
1569 3283 1623 3327 et
1652 3274 1805 3329 Titus
1838 3283 2035 3329 terram

2146 2066 2488 2150 ἐρημωθιΐοτ
2520 2080 2729 2144 πόλεις
2750 2078 2911 2147 παρὰ
2943 2078 3010 2132 τὸ
3041 2078 3128 2147 μὴ
3166 2078 3568 2133 κατοικεῖσθαι
3589 2118 3606 2145 ,
3634 2078 3733 2132 καὶ

2145 2168 2314 2235 οἶκοι,
2360 2170 2519 2240 παρὰ
2566 2172 2631 2224 τὸ
2671 2172 2757 2241 μὴ
2801 2167 2953 2225 εἶναι
2989 2171 3379 2239 ἀνθρώπους,
3424 2169 3525 2223 καὶ
3576 2169 3614 2236 ἠ
3655 2167 3730 2240 γῆ

2145 2260 2686 2330 καταλειφθήσεται
2715 2262 2955 2329 ἔρημος.
2985 2260 3092 2314 Καὶ
3109 2260 3259 2328 μετὰ
3291 2259 3478 2313 ταῦτα
3501 2275 3730 2328 μακρυ-

2144 2354 2235 2407 νεῖ
2266 2358 2298 2408 ὀ
2333 2354 2477 2420 Θεὸς
2504 2354 2644 2419 τοὺς
2681 2351 3052 2421 ἀνθρώπους,
3081 2353 3181 2407 καὶ
3220 2356 3275 2407 οἱ
3305 2352 3732 2422 καταλειφθέν-

2144 2464 2243 2511 τες
2279 2446 2818 2515 πληθυνθήσονται
2837 2446 2937 2500 ἐπὶ
2969 2446 3081 2517 τῆς
3101 2446 3236 2515 γῆς.

2216 2539 2394 2591 Δέδιεν
2426 2539 2454 2591 6
2486 2538 2789 2609 προφήτης,
2826 2536 2901 2609 μὴ
2945 2538 3056 2608 ἄρα
3086 2537 3360 2608 διηνεκὴς,
3407 2537 3500 2590 καὶ
3529 2536 3733 2590 ἀκατά-

2143 2630 2338 2702 ληκτος
2399 2632 2753 2702 ἑπενήνεκται
2803 2632 2915 2693 τοῖς
2969 2629 3030 2694 ἑξ
3083 2629 3295 2701 Ἰσραὴλ
3357 2632 3390 2700 ἡ
3455 2628 3729 2700 πώρωσις.

2142 2698 2330 2794 Ταύτῃ
2374 2740 2453 2775 τοι
2489 2698 2583 2775 καὶ
2615 2722 2898 2794 διαμαθεῖν
2948 2722 3091 2788 ἀξιοῖ
3138 2698 3230 2774 τὸν
3253 2698 3478 2794 ϋχρόνον,
3517 2698 3637 2775 καθ’
3671 2721 3731 2773 ὂν

2142 2817 2293 2870 ἔσται
2332 2816 2489 2870 τοῦτο
2526 2817 2731 2881 αὐτοῖς,
2783 2816 2879 2869 καὶ
2928 2816 3090 2887 μέχρι
3131 2815 3274 2878 τίνος
3313 2813 3630 2885 παρατείνει
3670 2813 3731 2866 τὸ

2144 2910 2400 2983 ἀῤῥώστη
2411 2928 2505 2978 μα.
2529 2910 2640 2963 Καὶ
2669 2910 2804 2980 πρός
2832 2926 2897 2977 γε
2918 2909 2983 2980 δὴ
3011 2908 3183 2962 ταῦτα
3210 2907 3341 2972 Θεὸς
3373 2905 3731 2979 προαγορεύει

2140 3006 2238 3075 τὴν
2267 3002 2467 3074 δῄωσιν
2496 3002 2675 3056 αὐτῶν
2704 3018 2763 3054 τε
2796 3000 2907 3055 τῶν
2950 2999 3360 3072 Ἱεροσολύμων,
3387 2998 3481 3052 καὶ
3515 2997 3730 3067 ἁπάσης

2141 3097 2239 3166 τῆς
2291 3095 2557 3148 Ἰουδαίων
2601 3092 2803 3165 χώρας,
2848 3092 2940 3146 καί
2977 3109 3159 3163 φησιν·
3189 3111 3206 3142 ι
3236 3092 3378 3153 Ἕως
3418 3091 3485 3144 ἂν
3514 3093 3732 3161 ἑρημω-

2142 3188 2275 3240 θώσι
2326 3186 2507 3247 πόλεις
2561 3184 2714 3255 παρὰ
2767 3184 2828 3237 τὸ
2886 3183 2961 3255 μὴ
3002 3183 3397 3246 κατοικεῖσθαι,
3446 3183 3542 3236 καὶ
3594 3178 3730 3234 οἴκοι

2143 3279 2378 3359 παρὰμὸ
2411 3277 2484 3348 μὴ
2517 3272 2656 3330 εἶναι
2687 3275 3024 3347 ἀνθρώπους.
3059 3294 3077 3327 ι
3123 3278 3187 3329 Ὃ
3220 3275 3283 3345 δὴ
3320 3278 3413 3330 καὶ
3445 3276 3523 3339 εἰς
3558 3276 3730 3344 πέρας

458 3360 760 3431 Judaicam,
786 3373 907 3432 post
930 3362 1239 3419 Servatoris
1265 3364 1669 3419 cruciﬁxiouem
1699 3375 1755 3420 et
1791 3367 1843 3421 in
1870 3365 2039 3421 caelos

2144 3357 2475 3440 ἐκϐέϐηκεν,
2524 3368 2934 3423 Οὐεσπασιανοῦ
2996 3386 3055 3421 τε
3106 3368 3201 3422 καὶ
3246 3368 3406 3421 Τίτου
3452 3367 3731 3440 καταδῃω-

457 3455 883 3524 assumptionem
914 3495 930 3520 ,
960 3456 1266 3528 depOpulati
1305 3467 1449 3511 sunt.
1498 3457 1651 3524 Quod
1704 3467 1883 3513 autem
1927 3460 2040 3515 hinc

456 3547 709 3617 supplicii
770 3564 1021 3605 mensura
1090 3549 1567 3619 inobedientibus,
1634 3559 1693 3605 ut
1758 3551 2040 3621 hucusque

456 3637 722 3694 duntaxat
749 3642 1046 3711 patiantur,
1079 3657 1187 3696 non
1219 3643 1579 3709 adhibebitur,
1623 3653 1678 3697 et
1699 3645 1840 3713 quod
1867 3645 1921 3698 in
1957 3655 2041 3699 to-

460 3740 575 3786 tum
609 3747 733 3787 cum
771 3741 883 3788 tota
914 3735 1086 3801 stirpe
1115 3750 1225 3789 non
1256 3736 1325 3789 sit
1361 3738 1633 3806 periturus
1666 3736 1849 3803 Israel,
1873 3739 2041 3809 signi-

456 3823 586 3878 licat
615 3824 801 3879 dicens
838 3845 851 3879 :
889 3844 908 3877 ‹
946 3826 1008 3880 Ει
1032 3836 1152 3894 post
1184 3828 1297 3882 hanc
1324 3827 1479 3898 longe
1510 3828 1673 3883 faciet
1696 3830 1834 3885 Deus
1868 3832 2041 3885 homi-

457 3931 577 3981 nes,
608 3925 663 3971 et
686 3918 932 3973 derelicti
959 3920 1463 3988 multiplicabuntur
1500 3922 1553 3976 in
1592 3932 1757 3978 terra.
1796 3942 1814 3974 ι
1858 3922 2041 3994 Longe

454 4025 587 4064 vero
614 4009 740 4065 iacti
762 4026 796 4086 τι
821 4012 929 4067 Deo
974 4011 1217 4079 fuerunt,
1251 4029 1370 4068 cum
1411 4022 1467 4069 et
1510 4024 1748 4083 sanctos,
1778 4026 1832 4070 et
1864 4015 2037 4085 ipsum

455 4114 620 4169 porro
642 4101 765 4155 vitae
788 4102 1083 4171 principem
1113 4104 1508 4159 interfecerint.
1550 4106 1650 4172 Qui
1698 4121 1825 4160 vero
1866 4106 2038 4161 relicti

456 4196 697 4259 fuerunt,
724 4195 776 4249 id
806 4206 908 4258 est,
938 4197 1071 4252 Salvi
1110 4199 1542 4268 acsuperstites,
1573 4209 1627 4253 et
1666 4199 1755 4266 qui
1799 4200 1849 4253 in
1883 4200 2039 4254 Chri-

456 4297 601 4342 stum
638 4288 1009 4353 crediderunt,
1032 4288 1123 4356 qui
1152 4299 1207 4343 et
1237 4299 1359 4343 sunt
1389 4290 1631 4357 reliquim
1659 4290 1816 4359 112
1850 4290 2035 4357 Israel,

458 4378 957 4447 multiplicabuntur
998 4394 1013 4434 :
1057 4381 1218 4451 idque
1270 4381 1323 4435 in
1363 4383 1627 4450 principio
1664 4384 1783 4437 libri
1810 4385 2039 4454 ipsemet

454 4471 618 4525 etiam
648 4471 838 4527 beatus
863 4472 1027 4527 Isaias
1057 4474 1401 4544 significavit,
1441 4490 1562 4528 cum
1609 4476 1721 4528 ait:
1755 4494 1773 4525 ι
1834 4476 1899 4530 Et
1934 4478 2034 4531 nisi

456 4560 716 4616 Dominus
765 4562 1003 4641 Sabaoth
1061 4563 1374 4633 reliquisset
1428 4566 1584 4619 nobis
1635 4582 1843 4631 semen,
1895 4569 2038 4622 velut

457 4652 689 4710 Sodoma
719 4654 847 4723 facti
877 4654 1189 4721 fuissemus,
1219 4658 1604 4712 etGumorrlue
1642 4660 1848 4713 similes
1901 4659 2036 4713 fuis-

455 4762 637 4803 semus
670 4748 734 4802 ³³.
766 4766 785 4800 ι
833 4747 971 4804 Aliis
1016 4764 1181 4820 porro
1239 4733 1452 4804 videtur
1487 4753 1650 4804 etiam
1707 4753 1864 4804 aliter
1922 4753 2036 4806 tneo

453 4840 619 4893 verba
671 4839 1034 4911 intelligenda.
1100 4844 1384 4908 Quaerente
1438 4843 1580 4896 enim
1649 4844 1927 4913 propheta,
1981 4852 2036 4897 et

454 4929 672 4985 volente
720 4933 860 4987 scire
912 4948 1193 5002 quousque
1248 4945 1303 4989 ct
1360 4937 1596 5004 quandiu
1651 4941 2080 4990 extenderetur'

455 5024 769 5090 excaecatio,
804 5029 1097 5096 respondet
1121 5027 1264 5082 Deus
1302 5048 1317 5085 :
1350 5047 1367 5080 ι
1409 5029 1585 5083 Donec
1614 5039 1897 5084 vastentur
1944 5046 2036 5083 ur-

456 5114 571 5182 bes,
604 5124 792 5170 utnou
825 5118 1155 5183 habitentur,
1187 5122 1478 5183 etdomus,
1522 5129 1581 5173 ut
1630 5135 1733 5174 non
1776 5121 1886 5175 sint
1938 5121 2036 5175 ho-

456 5204 650 5268 mines,
708 5214 763 5260 et
810 5208 1047 5277 posthaec
1105 5209 1376 5279 elongabit
1421 5210 1562 5265 Deus
1602 5210 1847 5265 homines
1883 5227 1897 5263 :
1930 5228 1948 5262 ι
1979 5218 2035 5263 ut

456 5295 581 5350 inde
607 5299 1091 5356 consummationis
1121 5309 1334 5371 tempus
1384 5301 1763 5372 intelligamus.
1809 5301 2035 5369 Oportet

455 5390 599 5444 enim
636 5390 866 5458 primum
893 5390 1031 5445 bella
1054 5400 1111 5447 et
1154 5405 1401 5447 rumores
1438 5391 1700 5446 bellorum
1733 5392 1941 5456 audire,
1982 5398 2038 5444 et

455 5493 671 5549 gentem
697 5482 750 5536 in
776 5494 1016 5551 gentem,
1044 5492 1100 5539 et
1122 5501 1345 5555 regnum
1374 5498 1563 5540 contra
1596 5500 1819 5557 regnum
1860 5486 2038 5539 insur-

456 5591 607 5645 gere,
636 5584 690 5631 et
716 5580 881 5635 urbes
924 5594 988 5636 ac
1034 5581 1223 5636 domos
1271 5581 1491 5636 vastari.
1549 5580 1751 5636 Deinde
1796 5578 1871 5635 ita
1923 5578 2037 5634 fore

459 5678 571 5724 tum
602 5669 786 5737 linem,
812 5688 923 5741 quo
957 5673 1113 5745 longe
1143 5673 1272 5731 facti
1301 5685 1428 5731 sunt
1474 5673 1741 5740 homines,
1788 5673 2040 5741 deinceps

530 5835 576 5870 ³³
634 5836 735 5893 lsa.
768 5853 806 5903 ι,
854 5843 907 5892 9.

2143 3463 2350 3517 σάντων
2376 3466 2473 3531 τὴν
2505 3461 2765 3514 Ἰουδαίαν
2794 3461 2933 3532 μετὰ
2958 3459 3048 3513 τὸν
3077 3459 3169 3513 τοῦ
3194 3460 3445 3531 Σωτῆρος
3477 3458 3727 3529 σταυρὸν,

2142 3554 2237 3607 καὶ
2265 3553 2531 3623 ἀνάληψιν
2568 3553 2668 3622 τὴν
2695 3554 2773 3616 είς
2798 3551 3082 3623 οὐρανούς.
3122 3552 3244 3605 Ὅτι
3266 3551 3321 3603 δὲ
3356 3552 3414 3604 οὐ
3453 3550 3612 3621 μέχρι
3635 3548 3726 3602 τοῦ

2140 3645 2311 3697 ταῦτα
2336 3645 2549 3705 παθεῖν,
2580 3644 3052 3715 ἑκμετρηθήσεται
3085 3645 3197 3707 τοῖς
3231 3641 3545 3695 ἀπειθοῦσιν
3576 3644 3608 3711 ἡ
3638 3641 3730 3693 κό-

2142 3736 2318 3797 λασις,
2377 3733 2501 3788 οὔτε
2545 3734 2650 3805 μὴν
2677 3735 2756 3796 είς
2780 3733 2925 3787 ἆπαν
2952 3734 3116 3804 ἥγουν
3145 3732 3421 3803 ὁλὸρριζος
3456 3732 3485 3783 6
3516 3728 3730 3802 Ἰσραὴλ

2141 3829 2445 3899 οἰχήσεται,
2469 3827 2808 3899 καταμηνύει
2834 3826 3028 3895 λέγων’
3067 3844 3087 3877 ι
3125 3826 3236 3879 Καὶ
3264 3823 3400 3895 μετὰ
3426 3822 3599 3876 ταῦτα
3628 3838 3731 3894 μα-

2141 3924 2333 3993 κρυνεῖ
2374 3924 2401 3974 6
2444 3920 2575 3983 Θεὸς
2613 3921 2738 3984 τοὺς
2763 3918 3101 3990 ἀνθρώπους,
3133 3920 3226 3971 καὶ
3255 3919 3304 3970 οἱ
3341 3916 3729 3985 καταλειφθέν-

2139 4031 2251 4077 τες,
2289 4013 2759 4083 πληθυνθήσονται
2796 4012 2888 4065 ἐπὶ
2909 4012 3008 4082 τῆς
3043 4012 3165 4081 γῆς.
3209 4030 3227 4062 ι
3275 4009 3731 4081 Ἐμακρύνθησαν

2143 4103 2241 4173 μὲν
2274 4102 2382 4173 γὰρ
2413 4102 2520 4154 ἀπὸ
2550 4102 2705 4165 Θεοῦ,
2734 4102 2829 4155 καὶ
2856 4100 3043 4169 ἁγίους
3065 4101 3444 4163 ἀπεκτονότες,
3474 4101 3729 4172 προσθέν-

2138 4213 2229 4259 τες
2262 4195 2318 4248 δὲ
2348 4194 2438 4248 τὸν
2472 4194 2713 4265 ἀρχηγὸν
2744 4195 2844 4265 τῆς
2876 4192 3036 4263 ζωῆς.
3076 4193 3139 4246 Οἱ
3170 4192 3225 4245 δὲ
3345 4192 3733 4261 καταλειφθέν-

2138 4304 2250 4352 τες,
2290 4286 2435 4339 τοῦτ’
2470 4285 2636 4351 ἔστιν,
2674 4288 2723 4338 οἱ
2764 4284 3251 4357 περισεσωσμένοι,
3291 4284 3386 4337 καὶ
3429 4300 3731 4337 πεπιστευ-

2137 4381 2293 4443 κότες
2334 4382 2414 4443 εἰς
2462 4378 2719 4450 Χριστὸν,
2758 4377 2806 4430 οἳ
2857 4376 2951 4429 καί
3000 4378 3106 4428 εἱσι
3147 4376 3209 4428 τὸ
3248 4376 3601 4446 κατάλὲιμμα
3637 4374 3729 4428 τοῦ

2150 4469 2389 4542 Ἰσραὴλ,
2414 4471 2470 4521 ἑν
2495 4468 2683 4537 πολλῇ,
2704 4467 2889 4536 φησὶν,
2913 4464 3128 4519 ἔσονται
3150 4464 3371 4537 πληθύῖ.
3394 4465 3729 4517 Πεπίστευκε

2139 4563 2247 4632 γὰρ
2280 4561 2339 4613 οὐ
2392 4559 2565 4631 βραχὺ
2606 4558 2769 4629 μέρος
2802 4557 2895 4611 τοῦ
2942 4556 3179 4629 Ἰσραὴλ,
3224 4558 3317 4610 καὶ
3355 4556 3513 4609 τοῦτο
3545 4560 3601 4609 ἑν
3629 4557 3729 4626 ἀρ-

2142 4656 2265 4723 χαῖς
2320 4652 2412 4705 τοῦ
2461 4650 2667 4720 βιϐλίου
2724 4651 2818 4703 καὶ
2853 4649 3015 4713 αὐτὸς
3057 4652 3085 4703 ὁ
3131 4649 3401 4720 μακάριος
3445 4650 3728 4720 προφήτης

2151 4746 2378 4808 Ἡσαΐας
2428 4745 2730 4814 μεμήνυκε,
2778 4743 2971 4810 λέγων’
3010 4762 3026 4792 ι
3055 4742 3164 4795 Καὶ
3197 4744 3245 4794 εί
3289 4742 3361 4812 μὴ
3390 4741 3589 4811 Κύριος
3623 4741 3727 4793 Σα-

2140 4835 2287 4891 ϐαὼθ
2326 4835 2685 4904 ἐγκατέλιπεν
2725 4835 2856 4905 ἡμῖν
2889 4834 3131 4905 σπέρμα,
3167 4834 3241 4894 ὡς
3269 4832 3473 4902 Σόδομα
3513 4830 3577 4884 ἂν
3608 4833 3728 4899 ἐγε-

2137 4927 2404 4998 νήθημεν,
2423 4927 2516 4979 καὶ
2543 4926 2617 4988 ὡς
2642 4925 2897 4996 Γομόρρα
2933 4923 2998 4977 ἂν
3022 4922 3404 4993 ὡμοιώθημεν.
3444 4940 3463 4973 ι
3483 4924 3642 4975 Δοκεῖ
3670 4921 3728 4975 δέ

2138 5037 2248 5073 τισι
2281 5022 2372 5073 καὶ
2402 5017 2602 5089 ἑτέρως
2631 5020 2770 5071 νοεῖν
2801 5016 2910 5069 τῶν
2942 5015 3317 5087 προκειμένων
3346 5014 3443 5085 τὴν
3474 5014 3725 5085 δύναμιν.

2139 5115 2519 5184 Διερωτῶντος
2546 5110 2603 5163 δὲ
2631 5110 2725 5163 τοῦ
2758 5109 3063 5181 προφήτου,
3086 5109 3180 5160 καὶ
3205 5107 3503 5177 ἁναμαθεῖν
3528 5107 3729 5161 ἐθέλον-

2140 5223 2232 5269 τος
2261 5207 2341 5266 εἰς
2373 5205 2494 5257 τίνα
2528 5202 2623 5255 καὶ
2653 5203 2819 5255 πόσον
2847 5200 3209 5270 ὲκταθήσεται
3240 5199 3431 5270 καιρὸν
3473 5202 3507 5270 ὴ
3533 5199 3731 5272 πώρω-

2142 5314 2245 5361 σις,
2294 5296 2648 5367 ἀποκρίνεται
2683 5294 2850 5358 Θεός’
2892 5312 2911 5345 ι
2952 5293 3098 5356 Ἕως
3144 5290 3210 5345 ἂν
3253 5291 3618 5363 ὲρημωθῶσιν
3675 5294 3730 5346 αἱ

2140 5389 2345 5452 πόλεις,
2373 5387 2526 5459 παρὰ
2544 5388 2604 5441 τὸ
2645 5385 2719 5457 μὴ
2750 5384 3143 5451 κατοικεῖσθαι,
3182 5385 3275 5438 καὶ
3304 5379 3465 5449 οἶκοι,
3498 5384 3648 5456 παρὰ
3674 5386 3732 5437 τὸ

2144 5484 2220 5556 μὴ
2262 5479 2402 5537 εἶναι
2443 5481 2797 5554 ἀνθρώπους,
2852 5480 2947 5533 καὶ
2978 5480 3118 5548 μετὰ
3186 5477 3358 5534 ταῦτα
3394 5481 3662 5550 μακρυνεῖ
3703 5479 3731 5529 6

2141 5579 2273 5643 Θεὸς
2296 5579 2418 5640 τοὺς
2440 5573 2779 5647 ἀνθρώπους
2807 5592 2825 5625 ι
2853 5573 2940 5625 ἵνα
2964 5571 3053 5626 διὰ
3068 5572 3259 5626 τούτου
3290 5572 3499 5643 νοῶμεν
3517 5571 3606 5624 τὸν
3632 5570 3730 5639 τῆς

2145 5670 2453 5733 συντελείας
2486 5666 2695 5738 καιρόν.
2729 5666 2822 5719 Δεῖ
2847 5665 2955 5737 γὰρ
2985 5665 3252 5739 πρότερον
3279 5664 3547 5736 πολέμους
3584 5665 3729 5735 ἡμᾶς
