4152 6366
488 352 591 408 189

1625 356 1692 412 IN
1732 357 1959 413 lSAlAM
1998 357 2125 413 LIB.
2168 360 2207 416 Ι.
2248 360 2457 417 ORAT.
2498 360 2588 418 IV.

3644 361 3747 418 190

483 473 737 539 ἀκοῦσαι,
781 474 876 528 καὶ
921 476 1091 539 ἀκοάς
1140 476 1390 547 πολέμων
1415 515 1429 538 ,
1482 477 1780 547 ἀναστῆναι
1814 496 1875 530 τε
1910 479 2042 531 ἐθνοέ

2163 483 2419 536 nimirum
2446 491 2566 552 post
2601 491 2811 552 tempus
2848 480 3266 537 resurrectionis
3308 479 3570 549 integram
3628 481 3746 533 Inn-

484 569 571 620 ἐπ’
603 566 776 629 ἔθνος,
820 566 913 620 καὶ
947 566 1219 635 βασιλείας
1259 569 1349 619 ἐπὶ
1385 567 1679 636 βασιλείας,
1707 571 2059 641 ἐρημωθῆναι

481 677 543 711 τε
590 658 795 719 πόλεις,
840 658 934 710 καὶ
979 658 1179 721 οἴκους,
1214 655 1311 712 εἷθ’
1353 659 1495 712 οὕτω
1530 661 1589 713 τὸ
1636 661 1814 723 τέλοςο
1856 663 1972 731 μεθ’
2000 663 2060 717 ὃν

488 749 852 820 μακρύνονται
884 750 1067 804 λοιπὸν
1098 754 1145 804 oi
1173 751 1470 823 ἅνθρωποι,
1504 754 1639 824 μετὰ
1676 755 1766 807 τὸν
1800 756 1897 825 τῆς
1925 756 2059 808 ἁνα-

485 844 723 904 στὰσεως
756 843 996 912 δηλονότι
1043 845 1251 914 καιρὸν,
1283 845 1373 897 τὸν
1408 846 1584 915 εὐαγῆ
1615 848 1706 899 καὶ
1738 846 2061 917 μακραίωνα

481 934 770 999 διαζῶντες
800 935 933 1004 βίον,
968 937 1315 1008 ἀνῃρημένης·
1362 941 1441 1002 είς
1483 939 1628 991 ἂπαν
1676 939 1774 1009 τῆς
1831 939 2057 1010 φθορᾶς,

482 1027 573 1079 καὶ
598 1028 1021 1098 κατηργημένου
1051 1027 1142 1081 τοῦ
1166 1029 1416 1093 Θανάτου,
1452 1048 1524 1084 κα
1544 1031 1761 1101 ἀπάσης
1790 1032 2063 1102 ἁμαρτίας

479 1118 844 1191 ἐξῃρημένης.
888 1123 1007 1175 Ὅτι
1057 1122 1114 1176 δὲ
1154 1124 1552 1194 πεπώρωται,ό
1595 1125 1831 1196 Ἰσραὴλ,
1891 1126 2213 1195 κεκλήσεταί
2254 1143 2316 1194 γε
2380 1126 2484 1197 μὴν
2547 1128 2604 1178 ἐν
2655 1127 2899 1196 ἐσχάτοις
2957 1126 3049 1179 τοῦ
3109 1126 3300 1188 αἰῶνος
3338 1128 3580 1194 καιροῖς,
3641 1125 3740 1195 τῆς

2167 590 2395 646 gamque
2449 576 2613 630 vitam
2668 577 2929 640 viventes,
2973 575 3451 643 interitu.prorsus
3511 573 3740 638 sublato,

2167 678 2338 721 morte
2367 669 2664 727 exinanita.
2704 668 2960 737 omnique
2987 677 3208 737 peccato
3252 666 3519 719 submoto.
3558 664 3740 718 Excae—

2168 770 2346 813 catum
2378 773 2503 811 vero
2528 759 2777 813 lsraelem
2799 774 2937 821 esse,
2970 769 3021 811 et
3042 758 3498 812 extremismumii
3537 767 3743 824 tempo-

2167 852 2318 905 ribus
2344 852 2665 913 vocandum,
2695 866 2815 904 eum
2853 851 3129 921 Scriptura
3174 850 3434 902 divinitus
3480 848 3739 914 insliirata

2168 943 2309 997 clare
2331 942 2577 1005 afﬁrmet,
2603 942 2901 1009 producere
2930 952 2984 997 et
3009 943 3328 1011 conquirere
3373 941 3491 995 fidei
3537 940 3743 995 facien-

2168 1034 2248 1085 dre
2278 1042 2613 1101 argumenta,
2640 1030 3000 1087 frustraneum
3027 1048 3146 1087 esse
3181 1034 3434 1086 arbitror.

3675 1125 3701 1137 ο

479 1214 833 1269 θεοπνεύστου
872 1217 1095 1289 Γραφῆς
1121 1218 1382 1291 λεγούσης
1419 1218 1607 1289 σαφῶς
1635 1237 1694 1274 τε
1738 1221 1832 1273 καὶ
1861 1221 2123 1291 ἐναργῶς,
2163 1224 2368 1274 εἰκαῖον
2396 1219 2547 1291 οἶμαι
2575 1221 2634 1274 τὸ
2662 1222 3037 1287 διατείνεσθαι,
3071 1223 3163 1275 καὶ
3189 1220 3373 1292 ζητεῖν
3394 1221 3464 1273 τά
3486 1220 3740 1274 τελοῦντα

479 1310 614 1383 πρὸς
646 1312 1041 1383 πληροφορίαν.

548 1407 661 1462 Καὶ
706 1410 793 1462 ἑτι
838 1408 931 1461 ἐπ’
984 1407 1172 1477 αὐτῆς
1220 1410 1349 1463 ἐστι
1407 1410 1474 1464 τὸ
1532 1410 1905 1475 ἐπιδέκατον,
1957 1409 2054 1464 καὶ

477 1500 664 1556 πάλιν
702 1501 946 1554 ἔσονται
989 1502 1075 1565 εἰς
1124 1501 1435 1570 προνομὴν
1474 1503 1553 1567 ὡς
1584 1503 1913 1570 τερέϐινθος
1955 1502 2054 1556 καὶ

476 1592 557 1658 ὡς
592 1591 868 1657 ,ϐάλανος
904 1590 1051 1646 ὅταν
1076 1593 1305 1662 ἐκπέσῃ
1342 1595 1459 1648 ἀπὸ
1492 1594 1601 1663 τῆς
1627 1595 1815 1664 θήκης
1845 1596 2051 1651 αὐτοῦ.

545 1685 922 1756 Διαμέμνηται
956 1685 1051 1737 καὶ
1083 1684 1179 1738 νῦν
1212 1686 1450 1756 ἱστορίας
1483 1687 1511 1738 ὀ
1546 1687 1882 1757 προφητικδς
1916 1688 2049 1758 ἡμῖν

474 1775 650 1845 λόγος,
684 1778 749 1848 ἢν
784 1778 1103 1845 ἀναγκαῖον,
1146 1777 1221 1841 ώς
1265 1777 1462 1842 ἔοικεν,
1510 1781 1703 1832 εἰπεῖν·
1745 1779 1897 1832 ἔσται
1944 1780 2053 1852 γὰρ

473 1866 614 1921 οὕτω
648 1869 815 1937 σαφὲς
854 1869 914 1921 τὸ
952 1868 1297 1939 δηλούμενον.
1334 1871 1900 1942 Καταστρατευόντων
1938 1889 2051 1925 τοι-

469 1958 674 2031 γαροῦν
732 1959 835 2030 τῆς
894 1960 1163 2014 Ἰουδαίων
1220 1960 1421 2032 χώρας,
1483 1962 1558 2026 ώς
1613 1962 1714 2034 ἤδη
1770 1966 2049 2033 προεῖπον,

469 2050 880 2106 Οὐεσπασιανοῦ
922 2068 983 2104 τε
1013 2052 1109 2105 καὶ
1148 2052 1329 2118 Τίτου,
1355 2053 1715 2125 δεδαπάνηται
1749 2056 1846 2125 μὲν
1880 2057 1912 2126 ἡ
1943 2054 2051 2108 τῶν

482 2142 749 2196 Ἰουδαίων
791 2143 964 2214 χώρα,
1014 2143 1201 2197 πόλεσι
1250 2162 1309 2197 τε
1342 2147 1477 2215 όμοῦ
1524 2146 1618 2200 καὶ
1658 2148 1838 2209 αὐτοῖς
1883 2147 2052 2210 οῐκοις

468 2236 930 2307 ἐμπεπρησμένη,
978 2235 1158 2308 θέαμα
1212 2237 1420 2303 δεινὸν,
1478 2240 1570 2292 καὶ
1623 2239 1821 2302 παντὸς
1866 2240 2048 2293 οἴκτου

471 2327 666 2397 μεστὸν
708 2330 818 2393 τοῖς
852 2326 1051 2400 ὁρῶσιν
1086 2325 1176 2400 ἦν,
1216 2330 1558 2400 ὀλιγανδρίας
1591 2332 1748 2401 ἥκειν
1774 2333 1855 2395 είς
1890 2332 2050 2385 τοῦτο

467 2418 652 2473 λοιπὸν
674 2420 733 2473 τὺ
759 2420 910 2484 ἔθνος
934 2422 1136 2487 αὐτοῖς,
1166 2423 1240 2486 ὡς
1262 2424 1359 2495 τῆς
1382 2422 1641 2493 ἀληθείας
1665 2425 1765 2478 οὐκ
1798 2425 2050 2497 ἀφαμαρ-

465 2513 579 2562 τεῖν
618 2510 709 2563 τὸν
740 2510 986 2579 λέγοντα,
1022 2512 1430 2583 περιλελεῖφθαι
1481 2513 1631 2583 μόλις
1679 2515 1737 2566 ἐν
1782 2514 1918 2584 αύτῇ
1953 2513 2047 2568 τοῦ

467 2603 667 2665 παντὸς
716 2602 888 2673 δήμου
938 2602 999 2655 τὸ
1054 2604 1395 2658 ἐπιδέκατον.
1445 2600 1575 2657 Εἶτα
1637 2605 2043 2659 διατετελέκασι

466 2694 692 2766 χρόνους
733 2694 889 2758 τινας
920 2694 1243 2766 τρεφόμενοι
1283 2696 1380 2767 μὲν
1414 2698 1471 2749 ἐν
1522 2696 1735 2767 εἰρήνῃ,
1778 2697 1919 2765 πλὴν
1948 2700 2048 2750 οὐκ

465 2785 572 2849 ἔξω
603 2786 894 2856 δειμάτων,
929 2787 1024 2841 τοῦ
1061 2789 1153 2841 καὶ
1188 2787 1429 2852 εἰσαῦθις
1467 2788 1661 2841 παθεῖν
1693 2788 1795 2859 τὴν
1822 2788 2043 2860 δῄωσιν,

462 2877 490 2930 ὃ
523 2877 586 2947 δὴ
621 2878 714 2930 καὶ
746 2878 990 2948 γέγονεν.
1035 2878 1312 2952 Ἀδριανὸς
1345 2881 1455 2951 γὰρ
1498 2881 1640 2935 κατὰ
1680 2881 1907 2952 καιροὺς
1934 2880 2045 2935 τῶν

472 2968 758 3039 Ῥωμαίων
797 2971 1071 3042 βασιλείας
1120 2972 1320 3027 διέπων
1355 2975 1482 3037 τοὺς
1534 2973 1769 3039 θάκους,
1807 2975 1901 3027 καὶ
1937 2975 2044 3046 μὴν

2230 1411 2398 1469 Vens.
2433 1412 2520 1468 15.
2547 1412 2615 1466 Et
2645 1414 2816 1466 adhuc
2840 1414 2891 1467 in
2914 1413 3007 1465 illa
3038 1422 3112 1465 est
3136 1412 3433 1476 decimatio,
3476 1421 3523 1465 et
3558 1428 3738 1464 riu-sus

2158 1515 2311 1557 erunt
2337 1505 2617 1571 direptioni
2656 1516 2710 1558 ut
2749 1505 3089 1569 terebinthus,
3137 1514 3183 1557 et
3223 1513 3280 1556 ut
3325 1503 3479 1573 glans
3528 1503 3739 1572 quando

2158 1598 2407 1650 exciderit
2436 1614 2498 1649 ex
2528 1597 2678 1649 theca
2707 1613 2825 1650 sua.

2228 1689 2420 1743 incidit
2452 1690 2614 1742 etiam
2649 1688 2869 1742 nuncin
2916 1688 3242 1742 mentionem
3293 1687 3531 1741 historia:
3598 1702 3726 1756 pro-

2158 1781 2369 1852 pbctica
2402 1781 2598 1846 oratio,
2632 1796 2791 1849 quam
2823 1796 3043 1835 necesse
3081 1790 3205 1852 est"
3233 1790 3291 1833 ut
3331 1780 3559 1845 videtur,
3592 1795 3737 1834 com-

2155 1886 2512 1927 memorare:
2559 1873 2636 1927 sic
2700 1873 2805 1926 erit
2842 1872 2983 1940 quod
3028 1874 3315 1941 exponitur
3363 1871 3730 1927 manifestum.

2154 1963 2599 2033 Oppugnantibus
2630 1963 2790 2032 igitur
2838 1964 3111 2032 regionem
3162 1963 3468 2027 Judaicam,
3526 1974 3581 2016 ut
3616 1964 3730 2033 jam

2153 2065 2276 2109 ante
2300 2056 2435 2118 dixi,
2471 2054 2797 2123 Vespasiano
2833 2064 2887 2108 et
2929 2056 3071 2117 Tito,
3135 2055 3248 2124 ipsa
3301 2055 3434 2109 adeo
3472 2056 3602 2107 urbs
3640 2053 3735 2108 Ju-

2153 2148 2388 2199 dazorum
2416 2146 2595 2199 excisa
2630 2155 2731 2210 est,
2766 2162 2869 2199 una
2901 2162 3021 2200 cum
3054 2146 3362 2201 civitatibus
3402 2156 3456 2201 et
3481 2148 3733 2202 domibus

2151 2247 2367 2302 exusta,
2399 2247 2453 2290 et
2485 2237 2850 2307 spectaculum
2895 2238 3114 2292 crudele
3157 2238 3279 2303 fuit,
3323 2254 3384 2291 ac
3425 2238 3733 2292 videntibus

2150 2344 2311 2399 quam
2353 2329 2832 2384 luctuosissimum.
2869 2330 3078 2384 Etenim
3117 2330 3183 2384 ad
3236 2341 3436 2384 tantam
3488 2332 3729 2385 virorum

2150 2422 2473 2492 paucitatem
2518 2436 2648 2492 gens
2680 2421 2893 2475 illorum
2928 2422 3138 2485 recidit,
3177 2431 3289 2475 uta
3326 2436 3452 2476 vero
3480 2421 3729 2475 deﬂuxu-

2148 2529 2242 2568 rus
2265 2530 2369 2567 non
2414 2514 2505 2578 sit,
2551 2514 2639 2581 qui
2680 2512 2767 2565 vix
2806 2514 2972 2568 totius
3003 2514 3182 2583 populi
3221 2513 3631 2567 deciinationem
3674 2514 3727 2567 in

2147 2620 2208 2661 ea
2236 2606 2567 2676 superfuisse
2586 2605 2802 2659 dixerit.
2822 2605 3024 2658 Deinde
3052 2604 3446 2674 aliquantulum
3473 2607 3728 2674 temporis

2148 2698 2200 2752 in
2227 2713 2357 2768 pace
2386 2698 2478 2751 alti
2504 2697 2919 2765 conservatique
2967 2706 3403 2764 permanserunt,
3443 2712 3546 2751 non
3591 2696 3726 2749 citra

2146 2800 2348 2844 metum
2389 2799 2565 2843 tamen
2623 2790 2785 2843 etiam
2830 2788 3082 2857 deinceps
3128 2789 3485 2843 vastationem
3536 2803 3727 2858 perpe-

2149 2883 2311 2938 tiendi
2345 2882 2521 2952 :quod
2552 2881 2749 2936 factum
2786 2889 2890 2936 est.
2920 2880 3054 2934 Nam
3099 2881 3368 2934 Adrianus
3401 2880 3527 2933 olim
3576 2880 3727 2949 regni

2146 2973 2373 3029 Romani
2417 2973 2606 3028 solium
2656 2982 2863 3036 tenens,
2916 2981 2972 3026 et
3019 2972 3319 3025 Antiochus
3367 2969 3615 3034 lllustris,
3673 2972 3724 3022 in

474 3062 742 3133 Ἀντίοχος
766 3063 995 3134 ἐπίκλην
1035 3064 1354 3136 Ἐπιφανὴς,
1393 3065 1737 3138 κατέδραμον
1779 3069 1876 3137 τῆς
1912 3067 2041 3119 Ἰου-

2149 3064 2419 3134 regionem
2451 3062 2759 3117 Iudaeorum
2798 3062 3164 3116 incursionem
3208 3062 3474 3123 fecerunt,
3506 3072 3559 3115 et
3594 3059 3726 3113 nihil

460 3151 627 3206 δαίων
653 3152 858 3225 χώρας,
892 3154 989 3208 καὶ
1020 3154 1171 3207 οὐδὲν
1196 3150 1264 3226 ἦν
1292 3157 1350 3207 ἐν
1389 3154 1567 3225 μείοσι
1597 3154 1706 3207 τῶν
1737 3155 1904 3208 πάλαι
1939 3172 2040 3207 κα-

461 3243 576 3298 κῶν
633 3246 1170 3318 προσερημουμένων
1228 3246 1516 3316 λειψάνων,
1560 3246 1923 3317 πεμπομένων
1963 3249 2042 3309 είς

460 3338 841 3407 αἰχμαλωσίαν
886 3339 997 3391 τῶν
1038 3338 1509 3410 κατειλημμένων,
1553 3339 1642 3392 ὅτε
1689 3339 1786 3393 καὶ
1828 3338 1897 3392 τά
1933 3338 2041 3391 τῶν

459 3430 799 3485 Μακαὸαίων
832 3432 1029 3503 συνέϐη
1055 3431 1306 3501 γενέσθαι
1329 3432 1496 3501 πάθη.
1522 3431 1643 3485 Τῶν
1674 3432 1927 3486 τοιούτων
1958 3432 2038 3485 δι-

458 3522 761 3593 ηγημάτων
784 3525 918 3594 ἡμῖν
946 3526 1182 3577 ποιεῖται
1215 3524 1314 3593 τὴν
1345 3524 1566 3595 μνήμην
1612 3526 1669 3577 ἐν
1699 3522 2040 3596 προηγορεύ-

462 3631 544 3668 σει
567 3616 727 3670 πάλιν
747 3618 776 3670 ὁ
798 3616 906 3669 τῶν
932 3616 1069 3671 ὅλων
1084 3615 1217 3680 Θεὸς
1237 3616 1329 3670 καί
1358 3635 1540 3689 φησιν*
1570 3636 1587 3669 ι
1616 3619 1735 3672 Ἔτι
1763 3620 1849 3671 ἐπ’
1872 3619 2039 3689 αὐτῆς

459 3708 576 3761 ἐστι
624 3708 686 3761 τὸ
735 3708 1073 3774 ἐπιδέκατον,
1109 3710 1203 3763 καὶ
1230 3709 1389 3764 πάλιν
1417 3710 1569 3765 ἔσται
1591 3710 1669 3774 εἰς
1700 3712 2031 3781 προνομήν.»

458 3798 536 3854 Οὐ
560 3800 667 3871 γὰρ
693 3800 797 3864 ἐξω
824 3800 1099 3872 φροντίδος
1127 3801 1389 3869 κείσεται,
1429 3803 1583 3874 φησὶ,
1618 3803 1721 3855 κᾶν
1758 3804 1805 3855 εί
1833 3804 1889 3855 ἐν
1925 3803 2035 3855 λει-

451 3890 645 3960 ψάνοις
674 3891 905 3961 γένοιτο,
945 3894 1041 3947 καὶ
1074 3893 1230 3947 τοῦτο
1275 3897 1512 3965 μικροῖς,
1556 3894 1664 3947 τῶν
1711 3893 1980 3947 Ἰουδαίων
2008 3896 2037 3947 ό

451 3982 644 4054 δῆμος·
676 3984 790 4037 ἀλλ’
817 3985 970 4038 ἐσται
991 3985 1150 4039 πάλιν
1172 3987 1251 4048 είς
1274 3987 1572 4056 προνομήν.
1604 3986 1894 4054 Γενήσεται
1916 3986 1971 4038 δὲ
2001 3988 2033 4058 ἡ

450 4073 606 4146 χώρα
636 4076 730 4130 καὶ
754 4076 876 4129 τότε
902 4078 1063 4131 πάλιν
1095 4078 1277 4142 αὐτοῖς
1307 4078 1383 4141 ὡς
1408 4078 1734 4149 τερέϐινθος,
1760 4080 1852 4133 καὶ
1883 4080 2035 4133 αὐτοὶ

446 4166 507 4219 δὲ
554 4167 630 4231 ώς
682 4166 927 4237 βάλανος,
976 4170 1063 4221 ὅτε
1114 4170 1318 4240 ἐκπέσῃ
1352 4169 1459 4223 άπὸ
1495 4169 1595 4239 τῆς
1635 4168 1806 4241 θήκης
1844 4169 2030 4225 αὑτοῦ.

446 4258 622 4311 Φυτὸν
648 4260 745 4328 μὲν
772 4260 880 4331 γὰρ
910 4262 943 4330 ἡ
970 4260 1299 4331 τερέϐινθος,
1320 4261 1434 4313 ἀλλ’
1461 4263 1509 4313 εί
1535 4261 1747 4330 γένοιτο
1770 4262 1876 4315 τῶν
1909 4262 2034 4330 φύλ-

446 4348 559 4402 λων
588 4348 849 4419 ἁποϐολὴ,
883 4349 1017 4403 πολὺ
1045 4349 1109 4420 δὴ
1138 4349 1260 4402 λίαν
1289 4349 1397 4418 ἔχει
1425 4349 1486 4402 τὸ
1513 4350 1770 4419 ἀτερπὲς,
1800 4349 2032 4420 ξηροτά-

442 4457 575 4502 τίιυς
617 4439 754 4509 ἔχων
793 4440 919 4503 τοὺς
954 4439 1185 4504 κλῶνας.
1223 4442 1378 4494 Κατὰ
1398 4440 1586 4495 τοῦτον
1608 4436 1758 4511 οἶμαι
1788 4441 1879 4493 τὸν
1902 4443 2028 4511 τρό-
2057 4422 2106 4481 Ῐ)

443 4547 569 4592 πον,
606 4531 701 4583 καὶ
724 4528 875 4601 χώρα
920 4528 1167 4583 παθοῦσα
1193 4530 1300 4583 τῶν
1327 4531 1676 4585 ἐνοικούντων
1704 4532 1873 4603 αὐτὴν
1899 4534 2027 4605 ἐρή-

447 4638 656 4692 μωσιν,
675 4624 732 4675 ἐν
765 4622 864 4694 ἴσῳ
895 4641 999 4676 που
1033 4624 1249 4686 πάντως
1281 4623 1466 4695 ξηροῖς
1491 4624 1645 4677 ἐσται
1678 4628 1883 4693 φυτοῖς,
1910 4627 2025 4685 τοῖς

442 4716 565 4769 κατ’
607 4717 776 4788 αὐτὴν
817 4716 917 4770 οὐκ
961 4717 1142 4786 ἔχουσι
1186 4717 1286 4787 τὴν
1321 4717 1508 4787 ἄνθην,
1548 4709 1683 4771 ἀλλὰ
1716 4718 1812 4771 καὶ
1852 4719 2026 4787 αὐτῆς

424 4806 724 4879 ’παθούσης
752 4809 850 4879 τῆς
878 4808 1123 4878 φυλλίδος
1152 4809 1248 4878 τὴν
1270 4809 1559 4881 ἀποϐολήν.
1602 4810 1835 4881 Ὁμοίως
1867 4813 1899 4881 ἡ
1932 4811 2025 4880 βάσ-

442 4899 600 4961 λανος
624 4898 834 4969 καρπὸς
861 4899 959 4969 μέν
986 4901 1103 4952 ἐστι
1129 4898 1308 4971 δρυός*
1342 4899 1470 4951 ὅταν
1498 4900 1555 4952 δὲ
1590 4900 1689 4970 τῆς
1722 4899 1893 4971 θῆκης
1926 4903 2022 4953 ἐκ·

442 4990 609 5063 πέσῃ,
635 4991 756 5043 τότε
788 4990 1178 5061 παρακείσεται
1203 4992 1313 5054 τοῖς
1336 4990 1580 5044 εἰωθόσιν
1607 4991 1774 5060 αὐτὴν
1805 4991 2026 5044 κατανέ-

445 5081 642 5152 μεσθαι
668 5080 777 5133 τῶν
810 5081 980 5143 ζώων.
1006 5080 1214 5134 Οὐκοῦν
1243 5082 1276 5151 ἡ
1307 5081 1404 5152 μὲν
1433 5082 1541 5134 τῶν
1578 5082 1841 5137 Ἰουδαίων
1871 5081 2023 5153 χώρα

445 5171 756 5241 μεμίμηται
779 5171 877 5242 τὴν
899 5169 1208 5240 τερέϐινθόν
1240 5170 1618 5225 ἀποϐαλοῦσαν
1648 5173 1717 5226 τὰ
1744 5172 1934 5241 φῦλλα.
1959 5176 2021 5228 Οἱ

442 5265 499 5319 δέ
536 5263 740 5334 ταύτης
778 5264 1238 5327 ἀποπεπτωκότες
1268 5263 1354 5317 διὰ
1402 5263 1494 5316 τοῦ
1547 5265 1774 5335 δραμεῖν
1826 5267 1904 5328 είς
1936 5268 2024 5318 att-

2143 3156 2482 3224 Superiorum
2517 3154 2778 3208 malorum
2816 3153 2973 3222 113
3009 3169 3115 3207 non
3148 3163 3264 3207 erat
3311 3153 3364 3207 in
3406 3154 3525 3206 istis
3567 3152 3727 3205 mini-

2140 3246 2247 3300 mis
2281 3247 2518 3316 quidem,
2551 3246 2797 3314 reliquiis
2831 3245 3150 3309 devastatis,
3189 3245 3370 3299 missis
3400 3246 3453 3298 in
3496 3244 3725 3313 captivi-

2145 3345 2308 3390 tatem
2359 3337 2444 3390 his
2496 3338 2586 3405 qui
2643 3336 3016 3406 comprehensi
3068 3346 3245 3395 erant,
3305 3336 3519 3403 quando
3563 3336 3725 3390 etiam

2141 3427 2567 3482 Maccabzeorum
2621 3428 2761 3482 mala
2814 3427 3147 3482 acciderunt.
3191 3424 3508 3493 llujusmodi
3563 3427 3727 3495 igitur

2141 3520 2486 3574 historiarum
2523 3519 2853 3573 mentionem
2890 3518 3048 3571 nobis
3079 3517 3209 3571 facit
3233 3519 3409 3570 demto
3448 3517 3499 3568 in
3536 3517 3726 3570 vatici-

2139 3611 2230 3664 nio
2264 3609 2633 3662 universitatis
2662 3608 2824 3672 Deus,
2855 3618 2907 3661 et
2934 3608 3106 3676 inquit
3135 3626 3147 3661 :
3176 3607 3516 3661 «Adhuccril
3548 3608 3597 3660 in
3634 3607 3723 3661 illa

2139 3701 2445 3763 decimatio,
2477 3709 2531 3753 et
2552 3716 2739 3754 rursus
2768 3699 2869 3753 erit
2902 3698 3244 3767 direptioni.»
3277 3696 3390 3751 Non
3413 3699 3555 3751 enim
3585 3714 3713 3751 cura

2138 3795 2422 3865 abjicietur
2452 3794 2631 3863 populi
2654 3793 2883 3856 Judaici,
2921 3794 3129 3846 tametsi
3159 3793 3367 3861 positus
3396 3793 3465 3846 sit
3513 3793 3566 3846 in
3597 3793 3723 3847 reli-

2136 3888 2278 3960 quiis
2298 3890 2477 3958 parvis
2506 3906 2519 3941 :
2541 3888 2633 3941 sed
2658 3902 2848 3942 rursus
2866 3888 2967 3939 erit
2992 3886 3296 3955 direptioni.
3315 3886 3532 3954 Eritque
3559 3887 3721 3939 etiam

2138 3982 2472 4037 tunciterum
2489 3981 2591 4036 illis
2607 3981 2752 4050 regio
2770 3994 2867 4034 ceu
2890 3979 3242 4043 terebinthus,
3260 3978 3425 4047 etipsi
3442 3992 3537 4031 ceu
3569 3976 3724 4046 glans

2134 4075 2348 4144 quando
2388 4072 2647 4128 ceciderit
2690 4088 2719 4125 e
2768 4072 2923 4125 theca
2969 4086 3085 4125 sua.
3135 4071 3313 4125 Arbor
3365 4070 3581 4140 quidem
3635 4077 3721 4123 est

2137 4165 2494 4227 terebinthus,
2525 4172 2578 4216 at
2607 4162 2649 4216 si
2696 4161 2820 4214 folia
2871 4160 3214 4227 deﬂuxerint,
3267 4159 3424 4213 valde
3474 4159 3579 4213 erit
3625 4160 3718 4212 de-

2136 4256 2345 4318 formis,
2411 4268 2586 4308 ramos
2629 4253 2831 4307 habens
2883 4254 3236 4307 aridissimos.
3290 4250 3414 4305 Pari
3495 4252 3708 4305 ratione

2135 4349 2296 4400 etiam
2335 4346 2502 4414 regio,
2554 4355 2611 4399 ut
2663 4345 2793 4398 mihi
2838 4345 3070 4407 videtur,
3131 4359 3254 4397 eum
3313 4344 3717 4399 habitatoribus

2134 4438 2246 4492 suis
2290 4439 2633 4499 destituetur,
2667 4436 2858 4491 similis
2890 4438 3109 4490 omnino
3137 4437 3242 4491 erit
3277 4437 3564 4490 arboribus
3607 4435 3717 4488 ari-

2134 4532 2238 4596 dis,
2280 4545 2395 4598 quar
2425 4529 2609 4583 liorem
2661 4544 2815 4583 suum
2870 4545 2974 4583 non
3025 4529 3246 4593 habent,
3299 4529 3392 4583 sed
3449 4538 3503 4582 et
3564 4526 3711 4581 foliis

2133 4623 2521 4678 destituuntur.
2579 4621 2845 4675 Similiter
2890 4621 3044 4690 glans
3097 4619 3305 4674 fructus
3361 4620 3580 4687 quidem
3632 4631 3717 4674 cst

2134 4731 2393 4786 quercus;
2444 4716 2658 4787 quando
2702 4723 2880 4769 autem
2927 4715 3080 4769 theca
3134 4714 3419 4779 exciderit,
3466 4724 3576 4767 tum
3632 4715 3715 4771 his

2135 4823 2255 4875 qua:
2287 4822 2404 4861 eam
2452 4808 2739 4875 depascere
2769 4808 2945 4861 solent
2999 4806 3365 4860 animantibus
3418 4808 3711 4876 prostitue-

2137 4908 2242 4954 tur.
2280 4899 2511 4953 Proinde
2542 4897 2847 4954 Iudaeorum
2893 4900 3043 4968 regio
3085 4899 3297 4952 imitata
3356 4909 3439 4953 est
3485 4900 3715 4953 terebin-

2133 4992 2282 5045 thum
2322 5007 2440 5061 qum
2474 4990 2600 5045 folia
2636 4990 2855 5057 abiecit.
2900 4989 3001 5055 Qui
3056 5000 3234 5043 autem
3281 5005 3343 5043 ea
3384 4989 3709 5055 exciderint,

2132 5083 2185 5137 in
2217 5082 2583 5149 captivitatem
2610 5081 2894 5150 fugientes,
2932 5080 3188 5150 jacebunt
3217 5081 3386 5134 instar
3410 5080 3705 5149 glandium,

2131 5174 2512 5241 pmpemodum
2548 5188 2642 5225 sua
2696 5173 2877 5237 theca,
2923 5180 3086 5234 terra,
3124 5172 3364 5240 inquam,
3420 5187 3538 5239 qua:
3589 5173 3711 5226 tulit

2125 5282 2217 5321 eos
2252 5265 2547 5319 exturbati.
2600 5263 2786 5317 Simile
2842 5263 3093 5331 quiddam
3163 5272 3217 5316 et
3264 5262 3518 5316 Solomon
3572 5264 3648 5317 ait
3692 5280 3707 5317 :

2128 5378 2146 5410 ι
2186 5356 2336 5412 Sicut
2366 5358 2482 5411 avis
2517 5370 2640 5410 cum
2676 5354 2932 5408 ceciderit
2960 5368 3024 5407 ex
3056 5366 3154 5407 suo
3190 5353 3337 5420 nido,
3367 5354 3445 5407 sic
3465 5364 3517 5407 et
3547 5354 3709 5408 homo
3771 5368 3775 5373 '

412 5356 777 5445 Q“4.034001”,
808 5354 885 5419 ὡς
915 5355 1133 5426 βάλανοι
1187 5356 1481 5421 κείσονται,
1534 5357 1815 5427 μονονουχὶ
1849 5356 2021 5428 θήκης

411 5510 423 5531 ἢ
446 5450 579 5512 ἰδίας
610 5449 1025 5512 ἐκπεπτωκότες
1047 5450 1145 5519 τῆς
1170 5448 1500 5519 ἐνεγκούσης
1532 5449 1746 5514 αὐτούς.
1770 5450 2023 5504 Τοιοῦτόν

2144 5466 2242 5505 :um
2267 5465 2364 5504 suo
2395 5449 2511 5504 loco
2537 5445 2895 5501 dimovebitur
2929 5443 2997 5499 “.
3042 5462 3062 5496 ι
3112 5443 3251 5511 Quid
3300 5445 3442 5499 enim
3492 5444 3576 5500 his
3616 5446 3706 5514 qui

414 5534 492 5619 ξτι
531 5540 623 5593 καὶ
660 5541 689 5593 ὁ
724 5537 972 5609 Σολομῶν
1006 5556 1189 5611 φησιν’
1230 5559 1247 5592 ι
1281 5541 1489 5612 Ὥσπερ
1530 5541 1714 5611 ὄρνεον
1763 5542 1894 5598 ὅταν
1928 5544 2022 5597 ἐκ·

2146 5560 2176 5599 n
2209 5542 2526 5613 captivitate
2556 5549 2681 5597 sunt
2724 5537 2843 5594 ﬁeri
2892 5546 3069 5607 potest
3116 5536 3513 5593 miserabilius?
3566 5536 3706 5604 Quid

519 5714 564 5746 ³⁸
608 5714 743 5771 Prov
804 5733 973 5779 um,
1009 5718 1061 5773 8.
