4152 6366
418 362 516 419 191
1415 369 1473 423 S.
1511 368 1791 424 CYRILLI
1832 370 2303 426 ALEXANDRINI
2336 371 2655 432 ARCIIIEP.
3578 374 3685 436 Ιθὶ

414 496 550 534 νε·το
582 490 688 534 tam
726 480 981 536 miserum
1015 491 1097 537 est
1121 491 1173 536 et
1210 492 1316 537 tam
1348 485 1718 553 proculcatmn
1761 501 1822 540 ac
1862 502 1990 539 (⁵οη-

2097 486 2243 559 πέσῃ
2282 487 2345 540 ὲκ
2378 487 2478 557 τῆς
2523 488 2660 552 ἰδίας
2701 488 2911 553 καλιᾶς.
2943 489 3087 545 οὕτω
3116 490 3210 544 καὶ
3240 490 3523 563 ἄνθρωπος
3552 490 3683 547 ὅταν

420 573 737 640 temptibile,
770 591 927 642 quam
966 576 1209 629 homines
1238 578 1287 628 in
1324 592 1537 631 manum
1576 578 1798 632 victoris
1839 578 1976 633 inci-

417 664 587 718 (lere?

2087 580 2413 653 ἀποσπασθῇ
2437 584 2501 634 ἐκ
2530 582 2636 635 τῶν
2669 583 2813 636 ἰδίων
2845 585 3045 637 τόπων.
3090 605 3108 636 ι
3136 586 3199 637 Τί
3232 586 3341 656 γὰρ
3367 585 3433 638 ἂν
3467 586 3683 653 γένοιτο

2101 672 2210 726 τῶν
2265 673 2323 725 ὲν
2367 672 2716 745 αἰχμαλωσίᾳ
2764 675 2824 728 τὸ
2869 677 3249 747 οἱκτρότερον;
3303 677 3368 729 Τί
3414 676 3471 729 δὲ
3507 672 3684 738 οὕτως

416 754 646 808 ἐλεεινὸν
681 756 775 808 καὶ¹
806 758 1211 828 πεπατημένον,
1247 758 1322 822 ὡς
1350 757 1670 829 ἀνθρώπους
1697 758 1803 812 ὑπὸ
1842 760 2000 830 χεῖρα
2028 764 2215 814 πεσεῖν
2245 762 2354 815 τῶν
2386 764 2829 833 κεκρατηκότων.

485 847 613 902 CAP.
652 848 763 908 VII.
793 867 937 903 \‘ERS.
976 851 1023 903 1.
1053 851 1116 904 Et
1152 854 1347 918 factum
1379 862 1450 906 est
1492 854 1543 905 in
1580 854 1759 906 diebus
1794 854 1993 906 Achazi

413 938 515 1005 ﬁlii
548 939 819 1003 lout/tam,
846 941 947 1009 ﬁlii
975 941 1119 995 Θείαν
1148 944 1279 1010 regis
1310 942 1492 1007 .Iuda',
1516 947 1752 999 ascendit
1784 945 1992 999 leas—

414 1047 509 1083 son
540 1047 629 1084 rea:
663 1030 854 1100 Syriw.
890 1042 937 1086 et
976 1030 1178 1087 Phncee
1199 1034 1339 1101 ﬁlius
1374 1034 1621 1091 Romeliaa
1663 1052 1755 1090 rea:
1800 1036 1990 1103 Israel,

414 1130 593 1172 contra
610 1119 904 1175 Jerusalem
936 1123 1004 1174 ad
1039 1124 1381 1178 obsidendum
1415 1142 1550 1191 eam,
1582 1136 1628 1180 et
1663 1141 1767 1180 non
1810 1138 1995 1196 potue-

413 1221 533 1264 runt
567 1227 865 1281 expugnare
900 1230 1036 1267 eam.

482 1299 582 1367 Qui
627 1302 676 1354 in
722 1300 1019 1371 Scripturis
1066 1305 1324 1361 divinitus
1375 1308 1655 1378 inspiratis
1706 1309 1988 1367 historiam

412 1402 471 1443 ut
505 1406 616 1444 rem
646 1392 890 1446 frivoiam
942 1398 1242 1463 repudiauit.
1291 1400 1516 1468 fugiunt,
1559 1410 1615 1455 ut
1659 1402 1889 1468 videtur,
1927 1420 1990 1458 eo

302 1498 308 1504 ·
412 1500 519 1551 quo
548 1486 701 1540 decet
734 1488 911 1552 modo,
956 1504 1018 1543 ea
1054 1506 1173 1559 qua:
1205 1492 1259 1545 in
1303 1493 1431 1563 ipsis
1459 1494 1661 1563 scripta
1716 1506 1862 1562 sunt,
1910 1497 1985 1551 in-

417 1576 672 1643 telligere.
698 1577 1007 1646 Speculutio
1038 1582 1179 1635 enim
1204 1583 1490 1652 spiritalis,
1520 1600 1639 1653 qua:
1664 1587 1802 1641 bona
1825 1599 1907 1643 est
1938 1598 1993 1644 et

415 1668 583 1729 utilis,
614 1678 669 1722 et
713 1670 1077 1739 intelligentiae
1125 1675 1308 1729 oculos
1357 1678 1591 1731 maxime
1648 1678 1989 1745 collustrans,

415 1760 819 1815 eortlatissimos
863 1765 1079 1833 quidem
1130 1766 1320 1835 elIicit;
1356 1772 1570 1839 quando
1605 1770 1764 1843 114
1812 1784 1989 1827 autem

412 1851 615 1919 aliquid
660 1853 917 1911 historice
961 1866 1170 1925 gestum
1218 1875 1285 1914 ex
1336 1864 1508 1917 sacris
1564 1862 1784 1918 Litteris
1838 1866 1991 1920 nobis

413 1940 657 2011 affertur,
709 1954 835 2002 tunc
902 1948 1045 2003 illam
1114 1966 1232 2022 qua:
1292 1968 1357 2007 ex
1421 1954 1644 2010 historia
1698 1956 1986 2012 utilitatem

2172 855 2284 909 Καὶ
2320 855 2555 924 ἐγένετο
2584 857 2655 910 ἐν
2681 857 2810 921 ταῖς
2831 856 3077 926 ἡμέραις
3106 854 3289 925 Ἀχαζ
3302 855 3408 910 τοῦ
3446 857 3685 926 Ἰωαθὰμ

2099 948 2208 1003 τοῦ
2241 950 2377 1004 υίοῦ
2422 949 2602 1010 Ὀζῖου
2629 949 2936 1016 ,βασιλέως
2981 949 3187 1013 Ἰούδα,
3232 949 3415 1016 ἀνέϐη
3472 949 3684 1003 Ῥαασ-

2101 1040 2231 1095 σὼν
2256 1041 2557 1108 βασιλεὺς
2589 1043 2839 1111 Σηρίας,
2870 1042 2969 1095 καὶ
2999 1040 3189 1095 Φακεὲ
3212 1040 3341 1107 υίὸς
3382 1042 3683 1109 Ῥομελίου

2097 1132 2401 1198 ,ϐασιλεὺς
2434 1133 2671 1201 Ἰσραὴλ
2731 1133 2830 1187 ἐπὶ
2891 1133 3281 1202 Ἰερουσαλὴμ
3341 1132 3684 1201 πολεμῆσαι

2099 1225 2313 1294 αὐτὴν,
2343 1226 2442 1280 καί
2474 1228 2585 1281 οὐκ
2612 1225 3010 1293 ἠδυνήθησαν
3038 1224 3442 1294 πολιορκῆσαι
3469 1226 3681 1290 αὐτήν.

2170 1320 2234 1371 Oi
2273 1318 2369 1388 τὴν
2410 1319 2469 1370 ὲν
2497 1319 2615 1381 ταῖς
2648 1316 3029 1380 θεοπνεύστοις
3062 1317 3306 1389 Γραφαῖς
3336 1317 3578 1386 ἱστορίαν
3608 1315 3684 1378 ὡς

2099 1408 2265 1461 ἕωλον
2313 1407 2760 1479 παραιτούμενοι,
2806 1406 3067 1477 φεύγουσι
3118 1406 3262 1460 κατὰ
3317 1404 3378 1458 τὸ
3423 1405 3571 1467 εἰκὸς
3624 1403 3686 1456 τὸ

2097 1499 2238 1550 νοεῖν
2279 1495 2560 1559 δύνασθαι,
2602 1496 2724 1549 καθ’
2754 1496 2812 1549 δν
2840 1496 3105 1566 προσήκει
3132 1494 3351 1566 τρόπον,
3388 1495 3457 1548 τὰ
3496 1498 3554 1547 ὲν
3582 1494 3681 1547 αύ-

2096 1591 2208 1653 τοῖς
2234 1589 2615 1660 γεγραμμένα.
2656 1588 2869 1661 Θεωρία
2902 1588 3001 1659 μὲν
3029 1587 3138 1656 γὰρ
3172 1586 3516 1658 πνευματικὴ
3545 1584 3683 1659 καλή

2097 1699 2157 1734 τε
2188 1682 2280 1734 καὶ
2312 1681 2653 1752 όνησιφόρος,
2690 1681 2785 1733 καὶ
2818 1680 2915 1751 τῆς
2942 1679 3179 1743 διανοίας
3202 1679 3294 1732 τὸν
3320 1678 3599 1749 ὀφθαλμὸν
3622 1674 3682 1731 εὖ

2102 1772 2245 1844 μάλα
2312 1772 2848 1844 καταλαμπρύνουσα
2901 1771 3353 1841 νουνεχεστάτους
3409 1769 3680 1829 ἀποτελει.

2100 1868 2269 1921 Ὅταν
2307 1867 2365 1920 δέ
2409 1885 2460 1921 τι
2493 1868 2607 1920 τῶν
2666 1864 2953 1938 ἱπορικῶς
3007 1865 3415 1936 πεπραγμένων
3458 1863 3544 1915 διὰ
3574 1862 3684 1915 τῶν

2100 1959 2264 2032 ἱερῶν
2292 1960 2424 2032 ἡμῖν
2446 1959 2793 2031 Γραμμάτων
2824 1957 3167 2027 είσφέρηται,
3191 1956 3314 2009 τότε
3359 1954 3423 2026 δὴ
3463 1954 3583 2006 τότε
3622 1954 3683 2006 τὸ

412 2037 676 2103 nascitur,
720 2043 975 2111 aucupari
1019 2044 1194 2108 decet,
1242 2056 1299 2101 ut
1336 2046 1676 2117 Scripturam
1728 2050 1989 2105 divinitus

2097 2052 2160 2104 ἐκ
2216 2050 2313 2121 τῆς
2369 2048 2611 2119 ἱστορίας
2663 2048 2933 2119 χρήσιμον
2985 2044 3252 2117 θηρᾶσθαι
3306 2045 3527 2116 πρέπει,
3595 2044 3684 2097 ῐνα

414 2129 732 2196 inspiratam
768 2138 1123 2205 undecunque
1148 2152 1246 2193 nos
1272 2150 1325 2193 et
1345 2156 1565 2195 servare
1596 2153 1648 2197 et
1673 2142 1865 2213 juvare
1895 2160 1991 2213 ap-

411 2233 617 2287 pareat.
672 2223 897 2279 Enarrat
954 2229 1134 2299 itaque
1188 2232 1341 2285 nobis
1393 2233 1539 2287 hisce
1584 2236 1764 2289 verbis
1814 2250 1994 2290 sermo

412 2315 781 2381 propheticus,
808 2332 927 2387 quae
947 2330 1190 2390 tempore
1214 2324 1361 2394 regni
1396 2324 1541 2379 Ozize
1574 2327 1820 2383 tribubus
1853 2327 1989 2383 Juda

412 2416 464 2456 et
498 2404 795 2475 Benjamin,
830 2411 1123 2482 decemque
1146 2414 1395 2471 tribubus
1418 2418 1469 2472 in
1495 2418 1767 2485 Samaria,
1798 2436 1917 2489 quae
1940 2433 1992 2477 et

413 2496 668 2566 Ephraim
705 2501 1127 2560 nominabantur
1159 2518 1214 2561 et
1241 2507 1432 2575 lsrael,
1466 2511 1831 2580 contigerunt.
1857 2512 1990 2567 Cum

412 2600 544 2641 vero
568 2599 801 2657 quatuor
825 2608 1011 2662 regum
1073 2600 1406 2666 temporibus
1460 2602 1706 2655 universa
1757 2605 1993 2673 prophe-

418 2677 504 2729 tia:
552 2681 727 2734 oratio
784 2682 966 2738 babita
1015 2685 1109 2751 sit,
1152 2704 1272 2756 qua!
1315 2690 1585 2760 sigillatim
1650 2696 1989 2762 contingunt,

413 2769 565 2836 ponit
612 2772 895 2842 propheta,
934 2778 1307 2850 signiﬁcatque
1362 2784 1693 2849 necessario,
1747 2787 1991 2841 ordinem

412 2861 546 2916 visis
598 2873 761 2934 atque
817 2870 1161 2926 sermonibus
1224 2873 1340 2927 suis
1400 2876 1661 2944 optimum
1707 2878 1990 2933 adhibens.

415 2951 677 3010 Defuncto
710 2957 871 3026 igitur
915 2960 1132 3027 Azaria,
1182 2964 1272 3032 qui
1319 2974 1374 3020 et
1418 2963 1597 3032 Ozias,
1660 2969 1898 3025 succedit
1942 2973 1991 3025 in

415 3058 639 3114 regnum
669 3045 946 3115 Joatham,
972 3064 1303 3123 scopumque
1331 3070 1393 3109 ac
1435 3056 1677 3111 instituta
1713 3062 1881 3129 patris
1909 3062 1989 3115 sui

2095 2140 2433 2211 πανταχόθεν
2462 2140 2612 2211 ἡμᾶς
2651 2141 2683 2211 ἡ
2721 2137 3077 2200 θεόπνευστος
3110 2135 3302 2207 Γραφὴ
3339 2133 3591 2199 σώζουσα
3622 2151 3681 2187 τε

2095 2233 2188 2285 καὶ
2212 2232 2498 2302 ὠφελοῦσα
2527 2231 2805 2302 φαίνηται.
2845 2231 3162 2300 Ἀφηγεῖται
3183 2228 3365 2282 τοίνυν
3402 2229 3430 2281 6
3466 2243 3681 2297 προφη-

2094 2323 2244 2387 τικὸς
2271 2325 2400 2394 ἡμῖν
2429 2324 2486 2376 ὲν
2510 2323 2720 2381 τούτοις
2754 2321 2911 2390 λόγος
2942 2320 3010 2373 τὰ
3047 2322 3107 2373 ἐν
3140 2320 3351 2389 καιροῖς
3372 2319 3471 2388 τῆς
3508 2318 3681 2382 Ὀζίου

2097 2415 2373 2487 βασιλείας
2408 2414 2793 2487 συμϐεϐηκότα
2817 2417 2930 2477 τοῖς
2956 2411 3015 2479 ἐξ
3044 2413 3213 2466 Ἰούδα
3245 2413 3340 2465 καὶ
3369 2410 3678 2480 Βενιαμεὶν,

2096 2509 2188 2561 καὶ
2218 2510 2337 2572 ταῖς
2363 2510 2419 2561 έν
2439 2510 2504 2578 τῇ
2532 2506 2815 2577 Σαμαρείᾳ
2840 2504 2970 2559 δέκα
2995 2504 3208 2573 φυλαῖς,
3241 2502 3298 2557 αἳ
3322 2502 3414 2555 καὶ
3444 2500 3681 2572 Ἐφραῒμ

2095 2599 2461 2671 ὠνομάζοντο,
2499 2599 2591 2651 καὶ
2622 2598 2721 2667 μέν
2752 2614 2832 2649 τοι
2862 2597 2956 2650 καὶ
2989 2595 3228 2666 Ἰσραήλ.
3278 2594 3495 2664 Ἐπειδὴ
3537 2594 3594 2646 δὲ
3623 2594 3681 2645 ὲν

2095 2692 2305 2761 καιροῖς
2325 2690 2608 2760 τεσσάρων
2635 2686 2897 2758 βασιλέων
2922 2687 2950 2738 ὁ
2973 2686 3193 2757 σύμπας
3219 2686 3317 2756 τῆς
3341 2683 3680 2757 προφητείας

2094 2785 2288 2852 γέγονε
2306 2783 2480 2851 λόγος,
2504 2783 2571 2835 τά
2599 2784 2655 2835 ὲν
2683 2782 2795 2843 τοῖς
2822 2778 3053 2832 ἑκάστου
3077 2780 3287 2850 καιροῖς
3308 2776 3679 2848 συμϐαίνοντα

2094 2875 2306 2948 τίθησιν
2347 2877 2375 2928 6
2410 2874 2715 2945 προφήτης,
2756 2873 2851 2927 καὶ
2884 2872 3195 2939 ἀναγκαίως
3233 2868 3675 2937 ἐπισημαίνεται,

2093 2968 2246 3033 τάξιν
2300 2969 2417 3030 ταῖς
2462 2965 2742 3037 όρὰσεσιν,
2788 2966 2905 3035 ἢτοι
2963 2966 3077 3027 τοῖς
3122 2959 3318 3016 ἑαυτοῦ
3367 2960 3543 3029 λόγοις
3580 2958 3678 3031 τὴν

2096 3057 2325 3126 ἀρίστην
2353 3055 2629 3118 ἐπιτιθείς.
2659 3051 2965 3116 Τεθνεῶτος
2986 3050 3276 3123 τοιγαροῦν
3306 3049 3559 3121 Ἀζαρίου
3586 3050 3678 3102 καὶ

414 3146 733 3204 persecutus
756 3150 857 3195 est.
901 3141 1105 3196 Dicitur
1141 3146 1338 3216 quippe
1366 3157 1419 3200 et
1455 3149 1568 3218 ipse
1597 3150 1646 3203 in
1677 3151 1850 3206 oculis
1898 3151 1990 3206 Do-

2097 3148 2189 3200 τοῦ
2236 3148 2433 3212 Ὀζίου,
2471 3146 2772 3216 διαδέχεται
2810 3144 2909 3216 τὴν
2946 3141 3222 3214 βασιλείαν
3263 3142 3507 3208 Ἰωαθὰν,
3552 3142 3679 3211 ﬁxo-

411 3226 547 3281 mini
581 3228 773 3285 iecisse
804 3240 1032 3298 rectum,
1061 3239 1512 3304 quemadmodum
1552 3253 1605 3295 et
1643 3240 1835 3310 Ozias;
1894 3261 1990 3299 ve-

2097 3241 2324 3311 λούθησέ
2373 3258 2432 3293 τε
2482 3239 2559 3309 τῷ
2595 3238 2799 3309 σκοπῷ,
2846 3238 2939 3291 καὶ
2983 3238 3094 3299 τοῖς
3140 3233 3539 3305 ἐπιτηδεύμασι
3584 3232 3678 3286 τοῦ

414 3335 534 3375 rum
573 3323 784 3378 excelsa
817 3340 919 3379 non
947 3328 1188 3394 sustulit,
1220 3330 1314 3384 sed
1345 3333 1640 3388 etiamnum
1672 3340 1902 3403 populus
1937 3339 1987 3391 in

2098 3334 2228 3386 ἰδίου
2258 3333 2482 3403 πατρός.
2523 3331 2752 3399 Λέγεται
2785 3329 2884 3400 μὲν
2916 3329 3025 3399 γὰρ
3056 3326 3150 3381 καὶ
3177 3326 3342 3390 αὐτὸς
3383 3328 3440 3381 ὲν
3480 3325 3680 3394 ὀφθαλ-

416 3413 649 3470 excelsis
705 3416 979 3477 adolebat.
1038 3419 1105 3474 Et
1155 3421 1316 3477 Ozias
1367 3424 1582 3492 quidem
1640 3440 1837 3495 praeter
1912 3429 1990 3485 las

2099 3426 2218 3495 μοῖς
2239 3424 2445 3494 Κυρίου
2474 3422 2698 3492 ποιῆσαι
2726 3422 2786 3474 τὸ
2809 3420 2986 3484 εὑθὲς,
3016 3419 3158 3473 καθὰ
3185 3422 3278 3473 καὶ
3308 3419 3510 3485 Ὀζίας,
3539 3418 3679 3489 πλὴν

415 3516 632 3557 sacrum
662 3520 857 3561 munus
880 3508 1090 3575 ambiit,
1126 3519 1181 3564 et
1222 3512 1419 3568 oﬂerre
1455 3514 1673 3570 incensa
1706 3533 1990 3588 aggressus

2097 3515 2163 3569 τὰ
2183 3513 2361 3585 ὑψηλὰ
2394 3514 2492 3567 οὐκ
2521 3513 2734 3583 ἐξῆρεν,
2762 3510 2876 3565 ἀλλ’
2903 3510 2983 3564 ἔτι
3014 3512 3041 3563 6
3065 3510 3194 3575 λαὸς
3214 3510 3455 3581 ἐθυμίων
3490 3512 3680 3573 ἐντοῖς

416 3603 520 3657 est,
551 3605 604 3649 et
629 3612 748 3650 eam
778 3600 847 3653 ob
877 3615 1093 3653 causam
1138 3601 1283 3670 lepra
1326 3602 1553 3659 all'ectus
1599 3617 1704 3661 est.
1743 3606 1990 3664 Joatbam

2097 3607 2341 3677 ὑψηλοῖς.
2376 3607 2485 3659 Καὶ
2508 3604 2741 3675 ἐζήτησε
2777 3604 2875 3674 μὲν
2912 3604 3091 3668 Ὀζίας
3116 3604 3265 3675 παρὰ
3289 3604 3349 3656 τὸ
3380 3602 3499 3669 ἐξὸν
3535 3604 3680 3674 ἱερα-

415 3695 725 3741 autemnon
756 3692 856 3746 sic.
896 3688 1191 3760 Postquam
1219 3704 1273 3749 et
1303 3694 1393 3749 ille
1433 3696 1713 3766 migrasset
1758 3713 1789 3753 e
1834 3700 1990 3767 vivis,

2097 3701 2282 3753 τεῦσαι
2307 3698 2446 3769 Θεῷ,
2476 3700 2570 3752 καὶ
2608 3699 2994 3769 προσενεγκεῖν
3035 3695 3377 3765 θυμιάματα,
3406 3695 3500 3747 καὶ
3528 3692 3679 3746 λελέ-

416 3780 743 3849 snbrogatur
779 3780 831 3834 in
865 3798 1086 3854 regnum
1115 3786 1385 3850 Acbazus,
1424 3788 1768 3857 imperitante
1816 3792 1990 3847 adhuc

2097 3808 2311 3863 πρωται
2341 3792 2544 3861 ταύτης
2570 3789 2731 3843 ἕνεκα
2757 3790 2855 3859 τῆς
2882 3789 3078 3852 αίτίας.
3100 3787 3322 3843 Ἰωαθάν
3351 3805 3413 3857 γε
3442 3787 3548 3859 μὴν
3580 3786 3680 3857 οὑχ

416 3868 694 3935 Israelitis,
724 3872 777 3927 id
813 3884 915 3940 est,
961 3877 1145 3931 decem
1187 3879 1459 3946 tribubus,
1493 3879 1707 3937 Pbacee
1744 3884 1852 3938 tilio
1886 3884 1990 3937 Ro-

2097 3883 2288 3949 οὓτως.
2330 3882 2546 3955 Ἐπειδὴ
2573 3883 2630 3936 δὲ
2659 3883 2752 3937 καὶ
2781 3882 2943 3947 αὐτὸς
2981 3882 3215 3949 ἀπεϐίω,
3248 3881 3545 3952 διαδέχεται
3578 3880 3680 3949 τὴν

418 3961 613 4019 inelite.
651 3962 747 4019 Hic
771 3965 964 4020 bellum
991 3980 1176 4025 contra
1199 3971 1472 4026 Achazum
1508 3984 1562 4028 et
1586 3972 1776 4030 Judam
1806 3978 1990 4042 movit,

2097 3974 2377 4046 βασιλείαν
2422 3975 2451 4028 6
2492 3974 2689 4045 Ἄχας,
2742 3972 3116 4045 βασιλεύοντος
3168 3973 3260 4026 ἐπὶ
3305 3973 3397 4025 τὸν
3442 3970 3678 4041 Ἰσραὴλ,

416 4064 467 4109 et
498 4070 605 4109 uno
631 4057 718 4111 die
740 4068 951 4113 centum
985 4062 1169 4132 viginti
1203 4064 1366 4119 millia
1400 4066 1692 4121 interemit.
1744 4067 1990 4124 lrritatus

2097 4062 2239 4115 τοῦτ’
2262 4062 2401 4126 ἔστι,
2431 4061 2538 4117 τῶν
2566 4063 2774 4116 δώδεκα
2803 4062 3006 4133 φυλῶν,
3030 4062 3205 4115 Φακεὲ
3227 4061 3343 4115 υίοῦ
3374 4062 3677 4131 Ῥομελίου.

416 4157 505 4201 est
544 4151 687 4204 enim
752 4153 1123 4212 universitatis
1180 4158 1342 4225 Deus,
1409 4173 1630 4230 prepter
1686 4162 1990 4231 impietates

2097 4149 2266 4221 Οὗτος
2322 4156 2577 4229 κεκίνηκε
2624 4156 2861 4227 πόλεμον
2907 4155 3047 4209 κατὰ
3092 4155 3186 4209 τοῦ
3225 4154 3401 4226 Ἀχαζ
3451 4156 3545 4209 καὶ
3584 4155 3679 4210 τοῦ

415 4240 639 4305 Acbazi,
686 4242 751 4298 de
785 4260 890 4312 quo
950 4250 1212 4318 scriptum
1277 4261 1363 4307 est
1414 4264 1606 4321 quarto
1659 4252 1990 4323 Regnorum,

2097 4249 2287 4315 Ἰούδα,
2323 4250 2419 4303 καὶ
2446 4249 2733 4303 ἀπέκτεινε
2766 4249 2866 4320 μὲν
2897 4249 2953 4301 ὲν
2988 4250 3086 4319 μιᾷ
3125 4248 3311 4320 ἡμέρᾳ
3357 4248 3553 4302 ἑκατὸν
3583 4248 3680 4301 καὶ⁹

419 4336 641 4403 quodin
684 4337 768 4391 via
805 4339 944 4408 regis
973 4340 1135 4395 Israel
1175 4343 1483 4398 ambularit.
1534 4345 1659 4400 Erat
1706 4346 1849 4401 enim
1911 4349 1990 4400 vir

2097 4340 2269 4394 εἴκοσι
2296 4339 2559 4410 χιλιάδας.
2591 4339 2983 4410 Παρωτρύνετο
3016 4338 3124 4410 γὰρ
3170 4341 3198 4391 ὁ
3227 4338 3337 4391 τῶν
3376 4339 3512 4392 ὅλων
3548 4338 3680 4402 Θεὸς

419 4426 634 4495 impius,
659 4434 714 4481 et
746 4432 1018 4485 serviebat
1048 4434 1226 4498 idolis,
1257 4445 1310 4490 et
1331 4437 1529 4490 liberos
1546 4452 1673 4493 suos
1689 4453 1785 4506 per
1818 4439 1990 4509 ignem

2097 4429 2154 4482 ὲν
2185 4431 2302 4491 ταῖς
2324 4427 2419 4482 τοῦ
2440 4428 2615 4499 Ἀχαζ
2635 4427 2992 4496 δυσσεϐείαις,
3020 4428 3147 4500 περὶ
3161 4424 3222 4484 οὗ
3254 4430 3349 4483 καὶ
3372 4430 3677 4500 γέγραπται

418 4518 676 4587 traduxit,
711 4521 1003 4578 imnnmdis
1031 4524 1366 4582 όωιιιοιιίὺιιε
1394 4529 1729 4584 sacriﬁcans.
1763 4528 1990 4600 Tempo-

2097 4521 2153 4573 ἐν
2190 4522 2256 4592 τῇ
2296 4520 2533 4592 τετάρτῃ
2566 4519 2674 4573 τῶν
2706 4520 3020 4585 Βασιλειῶν,
3055 4521 3139 4574 ὅτι
3181 4521 3454 4594 ἐπορεύθη
3490 4524 3546 4575 ὲν
3574 4521 3679 4592 ὁδῷ

415 4610 564 4664 ribus
589 4610 771 4681 itaque
801 4612 968 4683 ipsius
1007 4617 1177 4687 regni,
1214 4626 1267 4672 et
1300 4619 1417 4688 ipse
1451 4618 1661 4674 Phacee
1706 4619 1847 4677 illius
1880 4621 1987 4677 Ro-

2098 4612 2360 4683 βασιλέως
2411 4612 2647 4684 Ἰσραήλ.
2681 4613 2876 4682 Γέγονε
2921 4614 3030 4685 γὰρ
3066 4615 3207 4686 ἀνὴρ
3255 4614 3541 4685 δυσσεϐὴς,
3584 4615 3679 4668 καὶ

414 4701 606 4767 nielizr,
634 4713 684 4756 et
714 4703 992 4759 Rhaasson
1020 4722 1111 4761 rex
1136 4709 1321 4776 Aram,
1356 4710 1406 4763 id
1452 4719 1539 4764 est.
1580 4710 1769 4781 Syriae,
1804 4720 1990 4767 contra

2097 4704 2453 4777 λελάτρευκεν
2485 4704 2745 4769 εἰδώλοις,
2796 4706 2889 4759 καὶ
2928 4704 2998 4759 τὰ
3041 4706 3207 4760 τέκνα
3251 4706 3414 4760 αὑτοῦ
3450 4708 3678 4775 διήγαγε

414 4789 785 4866 Hierosolyma
851 4807 905 4853 et
946 4798 1080 4853 Jnda
1137 4802 1548 4871 conspirarunt,
1620 4815 1990 4874 veneruntque

2097 4795 2183 4848 διὰ
2211 4766 2383 4867 πυρὸς
2412 4766 2768 4866 καταθυμιιῖω
2795 4798 2908 4859 τοῖς
2934 4796 3266 4868 ἀκαθάρτοις
3288 4766 3563 4866 δαίμοσιν..
3589 4766 3703 4879 ’ἐν’

414 4886 800 4953 populabundi.
846 4889 1043 4946 Verum
1072 4906 1176 4945 non
1207 4904 1462 4963 ceperunt
1495 4894 1706 4951 urbem.
1741 4894 1990 4950 Achazus

2097 4890 2304 4956 καιροῖς
2327 4887 2611 4958 τοιγαροῦν
2639 4888 2737 4957 τῆς
2754 4887 2947 4941 ἑαυτοῦ
2977 4888 3252 4958 βασιλείας
3280 4888 3680 4959 συνεφράξαντο

416 4990 617 5043 autem,
652 4980 1063 5051 impressionem
1095 4982 1485 5039 intolerabilem
1506 4998 1773 5048 metuens,
1796 5000 1990 5041 acervo

2097 4980 2236 5034 κατά
2267 4996 2328 5032 τε
2360 4977 2468 5032 τῶν
2506 4977 2897 5049 Ἰεροσολύμων
2934 4979 3027 5031 καὶ
3066 4978 3255 5044 Ἰούδα,
3288 4978 3449 5043 αὐτός
3481 4996 3541 5031 τε
3568 4980 3675 5031 Φα-

414 5074 763 5137 peeuniarum
801 5089 995 5142 magno
1036 5088 1321 5147 cengesto,
1381 5078 1445 5130 ad
1499 5076 1990 5147 Tlieglaphasarum

2097 5072 2186 5127 κεὲ
2221 5073 2250 5125 6
2274 5069 2368 5124 τοῦ
2403 5070 2681 5140 Ῥομελίου
2707 5110 2723 5137 ,
2747 5071 2842 5124 καὶ
2871 5068 3151 5125 Ῥαασσὼν
3182 5069 3435 5140 βασιλεὺς
3480 5071 3675 5141 Ἀρὰμ,

415 5177 592 5231 regem
642 5167 985 5235 Assyriorum
1030 5169 1233 5238 legatos
1272 5170 1453 5234 mittit,
1515 5186 1710 5239 rogans
1765 5184 1821 5223 ut
1868 5173 1990 5225 velit

2097 5163 2239 5217 τοῦτ’
2286 5163 2401 5216 ἔστι
2445 5161 2663 5232 Συρίας.
2718 5163 2830 5216 Καὶ
2879 5158 3043 5235 ἦλθον
3089 5162 3166 5227 ὡς
3214 5162 3677 5236 καταδῃὼσοντες,

414 5252 515 5307 sibi
551 5256 793 5310 subsidio
851 5274 991 5323 esse,
1045 5270 1208 5328 utque
1248 5272 1434 5313 contra
1492 5258 1770 5312 lihnasson
1837 5275 1985 5313 arma

2097 5257 2235 5328 πλὴν
2266 5257 2365 5327 οὑχ
2396 5251 2537 5309 εἷλον
2570 5255 2668 5325 τὴν
2691 5255 2864 5312 πόλιν.
2896 5255 3089 5318 Δεδιὼς
3115 5254 3171 5308 δὲ
3208 5255 3307 5327 τὴν
3330 5255 3517 5325 ἔφοδον
3550 5257 3682 5325 ἀφό-

415 5347 610 5415 capiat.
636 5348 785 5413 Quod
810 5352 971 5403 etiam
1011 5353 1074 5405 ad
1104 5354 1304 5407 exitum
1335 5352 1649 5420 perductum
1680 5362 1798 5417 est;
1835 5352 1990 5424 115

2097 5366 2260 5421 ρητον
2292 5345 2455 5403 οὖσαν
2487 5351 2515 5402 6
2541 5348 2736 5419 Ἀχαζ,
2765 5349 3011 5421 ἄθροισιν
3055 5348 3154 5421 μὲν
3190 5352 3428 5404 ποιεῖται
3463 5351 3682 5423 χρημά-

416 5439 798 5510 profectusque
840 5443 1095 5513 Assyrius
1127 5446 1268 5512 cepit
1314 5445 1650 5507 Damascum,
1703 5445 1993 5499 obtrunca-

415 5534 496 5587 vit
527 5531 826 5590 Rbaasson.
860 5534 1070 5591 Mortuo
1104 5548 1282 5593 autem
1320 5537 1531 5591 Pbacee
1572 5537 1681 5590 lilio
1712 5536 1990 5605 Bonnelite,

416 5625 510 5696 qui
544 5628 790 5695 regnavit
836 5627 889 5680 in
926 5627 1173 5684 Samaria
1203 5644 1365 5698 super
1404 5627 1678 5694 lsraelem,
1716 5642 1991 5698 sceptrum

418 5718 653 5788 capessit
678 5718 815 5776 Osee
854 5719 995 5775 ﬁlius
1026 5720 1165 5786 Ehe;
1201 5737 1310 5792 quo
1338 5731 1618 5793 regnante,
1656 5720 1861 5776 invadit
1891 5721 1994 5775 Sa-

421 5811 651 5871 mariam
687 5810 1035 5871 Salmanas-ar
1058 5814 1334 5883 Assyrius,
1370 5824 1645 5883 totamque
1686 5814 1995 5882 occupavit,

2095 5457 2203 5494 των
2235 5439 2456 5509 πολλὴν,
2484 5439 2849 5511 πρεσϐεύεται
2886 5438 2943 5493 δὲ
2989 5439 3126 5511 πρὸς
3171 5441 3263 5496 τὸν
3316 5440 3537 5511 βασιλέα
3578 5441 3711 5495 τῶι·

2113 5531 2414 5604 Ἀσσυρίων
2461 5530 2941 5603 Θεγλαφολλασὰρ,
3002 5532 3382 5602 ἐπαμύνεσθαί
3416 5550 3475 5585 τε
3536 5532 3681 5602 αὑτῷ

2102 5626 2430 5697 παρακαλεῖ,
2462 5624 2556 5677 καὶ
2578 5624 3157 5697 καταστρατεύσασθαι
3186 5624 3281 5679 τοῦ
3328 5623 3628 5686 Ῥαασσὼν,
3658 5622 3682 5676 ὃ

2103 5717 2169 5788 δὴ
2207 5718 2299 5771 καὶ
2354 5718 2434 5779 εἰς
2486 5716 2662 5786 πέρας
2708 5717 3015 5786 ἐνήνεκται.
3056 5717 3258 5772 Ἐλθὼν
3303 5717 3359 5771 δὲ
3404 5717 3679 5787 Ἀσσύριος

2106 5804 2215 5863 εἷλε
2254 5809 2351 5881 τὴν
2383 5808 2690 5878 Δαμασκὸν,
2720 5808 3006 5863 ἀπέκτεινε
3036 5809 3093 5863 δὲ
3126 5810 3220 5864 καὶ
3250 5810 3342 5863 τὸν
3377 5806 3676 5864 Ῥαασσὼν.
