4152 6366
460 408 550 465 ιοδ
1608 390 1674 446 IN
1716 390 1947 448 ISAIAM
1987 389 2027 445 L

2150 390 2192 445 Ι.
2226 387 2435 444 ORAT.
2479 385 2568 440 IV.

3593 391 3701 449 194

462 500 879 569 τελευτήσαντος
922 494 979 548 δὲ
1018 489 1232 545 καὶτοῦ
1263 488 1436 543 Φακεὲ
1474 485 1568 540 τοῦ
1616 486 1895 556 Ῥομελίου
1929 484 2024 538 τοῦ

2135 482 2375 538 lsraelem
2397 481 2667 550 captivum
2699 476 2941 544 abduxit,
2986 488 3040 533 et
3076 478 3128 533 in
3173 477 3369 533 llnibus
3408 479 3698 539 Persarum

456 592 869 664 βασιλεύσαντος
895 586 1035 641 κατὰ
1066 583 1164 655 τὴν
1196 580 1509 653 Σαμαρείαν
1533 580 1627 632 ἐπὶ
1661 579 1751 664 τὸν
1782 577 2019 649 Ἰσραὴλ,

456 661 755 753 διαδέχεται
776 680 838 733 τὺ
864 679 1141 748 σκῆπτρον
1177 673 1333 743 Ὠσηὲ
1362 672 1477 735 υίὸς
1506 671 1667 735 Ἤλα,
1694 661 1755 723 οὗ
1786 668 2028 739 βασιλεύ-

455 792 666 839 σαντος,
694 774 914 844 ἔρχεται
938 768 1079 822 κατὰ
1109 767 1207 839 τὴν
1251 764 1560 836 Σαμαρείαν
1607 762 1974 833 Σαλμανασάρ
1999 760 2028 811 ὁ

454 868 755 939 Ἀσσύριος,
803 865 899 917 καὶ
949 856 1059 915 εἷλε
1116 859 1216 932 μὲν
1261 861 1458 918 πᾶσαν,
1499 855 1800 926 ἀπεκόμισε
1839 852 1897 906 δὲ
1937 852 2028 905 τὸν

466 960 681 1032 Ἰσραὴλ
732 956 1094 1028 αἰχμάλωτον,
1148 952 1242 1005 καὶ
1285 948 1579 1020 ἀπῴκησεν
1616 949 1674 1001 ὲν
1717 948 1831 1008 τοῖς
1878 945 2028 1014 ὄρεσι

452 1051 679 1122 Περσῶν
710 1051 804 1103 καὶ
833 1049 1049 1118 Μήδων·
1087 1039 1205 1096 εἶτα
1240 1041 1391 1104 τινὰς
1430 1040 1538 1092 τῶν
1570 1040 1659 1109 ὑφ’
1692 1035 1871 1107 ἑαυτῷ
1898 1052 2031 1089 κατ-

453 1145 620 1197 οικεῖν
675 1140 924 1193 ἐκέλευσε
964 1135 1061 1207 τὴν
1113 1130 1443 1203 Σαμαρείαν,
1480 1129 1570 1183 τόν
1604 1145 1663 1181 τε
1703 1129 1767 1180 ὲκ
1793 1123 2027 1188 Χουνθὰ,

454 1232 546 1286 καὶ
575 1231 667 1284 τὸν
691 1228 1095 1299 Σαπφαρουῖαν.
1124 1224 1443 1294 Γέγραπται
1482 1220 1590 1291 γὰρ
1623 1218 1795 1278 οὕτως
1830 1219 1887 1271 ὲν
1912 1219 2030 1279 ταῖς

454 1321 787 1383 Βασιλείαις,
824 1320 918 1372 καὶ
950 1316 1158 1388 μακρὸς
1192 1314 1291 1385 μὲν
1337 1315 1365 1367 ὁ
1394 1315 1474 1382 ἐφ’
1511 1312 1723 1380 ἑκάστῳ
1752 1308 1859 1362 τῶν
1889 1308 2033 1378 εἰρη-

457 1414 631 1485 μένων
659 1412 814 1480 λόγος
852 1410 1004 1480 παρά
1050 1425 1112 1477 γε
1156 1410 1222 1477 τῇ
1265 1403 1607 1473 θεοπνεύστῳ
1637 1402 1850 1473 Γραφῇ,
1893 1399 2031 1463 πλὴν

455 1506 759 1575 πεποίημαι
827 1502 926 1574 τὴν
982 1502 1258 1570 ἀφήγησιν
1316 1496 1727 1569 βραχυλογήσας
1791 1494 1865 1555 ὡς
1929 1492 2028 1547 ενι.

466 1591 728 1662 Ἐρούμεν
773 1590 829 1643 δὲ
866 1590 960 1643 καὶ
1003 1588 1107 1641 ἀνὰ
1144 1588 1307 1659 μέρος
1342 1587 1566 1647 ἕκαστα,
1593 1586 1712 1646 ταῖς
1757 1582 1864 1636 τῶν
1898 1599 2033 1654 προ-

454 1683 724 1751 κειμένων
753 1680 984 1742 ἐννοίαις
1014 1680 1288 1750 ὲπόμενοι.
1308 1679 1394 1731 Ἐν
1417 1678 1535 1739 ταῖς
1558 1676 1794 1745 ἡμέραις
1832 1674 2030 1739 τοίνυν,

453 1771 636 1839 φησὶν,
669 1769 841 1840 ’Δχαζ
881 1767 974 1823 τοῦ
1013 1767 1235 1822 Ἱωαθὰν
1267 1766 1362 1821 τοῦ
1389 1765 1506 1819 υἱοῦ
1551 1764 1725 1829 Ὀζίου
1768 1763 2032 1834 βασιλέως

467 1858 653 1924 Ἰούδα,
727 1859 1226 1929 συμπεφωνήκασιν
1288 1857 1317 1909 ὅ
1364 1874 1421 1910 τε
1473 1855 1749 1909 Ῥαασσὼν
1784 1856 2031 1926 βασιλεὺς

2132 590 2198 629 ac
2233 572 2509 628 Medorum
2552 569 2883 626 collocavit:
2928 570 3121 625 deinde
3165 572 3429 641 quosdam
3472 576 3563 645 qui
3607 591 3697 632 se-

2130 682 2251 722 cum
2276 673 2448 731 erant,
2469 664 2633 734 jussit
2672 662 2905 717 incolere
2935 660 3257 727 Samariam,
3304 667 3392 734 qui
3418 666 3485 720 de
3516 666 3700 723 Chun-

2138 760 2226 813 tha
2256 766 2307 811 et
2338 756 2748 825 Sappharviam.
2794 753 2884 809 Sic
2926 755 3067 809 enim
3106 756 3157 808 in
3202 754 3401 825 chnis
3437 758 3696 827 scriptum

2129 859 2233 904 est.
2278 849 2343 903 Et
2392 849 2606 916 quidem
2651 847 2719 901 de
2761 846 2985 916 singulis
3023 862 3141 915 quae
3173 848 3310 899 dicta
3368 858 3494 901 sunt
3542 849 3699 919 longa

2131 952 2217 997 est
2253 943 2304 995 in
2332 941 2610 1009 Scriptura
2642 938 2898 994 divinitus
2929 940 3187 1007 inspirata
3244 939 3442 1002 oratio,
3474 949 3530 993 at
3569 958 3699 995 nar-

2135 1038 2394 1091 rationem
2446 1037 2584 1089 bane
2631 1044 2830 1103 quanta
2877 1033 3025 1087 licuit
3070 1033 3333 1087 brevitate
3389 1044 3702 1100 persecutus

2132 1146 2271 1184 sum.
2311 1128 2416 1183 Sed
2452 1128 2813 1197 particulatim
2846 1127 3087 1181 dicemus
3117 1126 3347 1195 singula,
3388 1125 3703 1179 verborum-

2132 1238 2237 1293 que
2264 1221 2583 1277 sententiam
2608 1221 2797 1273 ordine
2826 1218 3233 1288 explicabimus.
3281 1218 3475 1272 Diebus
3514 1218 3699 1286 igitur,

2134 1316 2327 1383 inquit,
2361 1314 2560 1367 Acbazi
2589 1312 2681 1366 lilii
2723 1310 2990 1373 Joatbam,
3044 1311 3134 1363 lilii
3177 1311 3301 1366 02a!
3350 1312 3490 1377 regis
3539 1308 3698 1364 Jttdu.

2135 1408 2415 1460 ltbaasson
2453 1422 2543 1460 rex
2576 1405 2763 1467 Aram,
2794 1404 2899 1459 hoc
2940 1414 3023 1457 est
3055 1402 3249 1473 Syrim,
3287 1413 3342 1458 et
3382 1402 3590 1456 Pbacee
3637 1405 3701 1455 li-

2134 1498 2236 1553 lius
2273 1496 2529 1553 Romelize
2554 1496 2852 1560 rexlsrael,
2882 1497 3263 1563 conspirarunt
3288 1505 3470 1549 contra
3514 1494 3702 1548 llicru-

2133 1590 2364 1662 sslyrna,
2398 1598 2453 1644 et
2488 1597 2849 1658 pervenerunt
2883 1588 3152 1641 civitatem
3191 1585 3438 1648 deleturi,
3464 1601 3582 1640 eam
3616 1598 3701 1638 ta-

2136 1698 2256 1737 men
2284 1697 2595 1752 oppuguare
2628 1696 2732 1735 non
2772 1688 3089 1750 potuerunt.
3126 1678 3277 1734 Dicta
3312 1687 3443 1752 sunt
3471 1678 3583 1733 lucc
3616 1678 3702 1732 in-

2133 1748 2455 1842 scriptionis
2469 1781 2524 1826 et
2552 1748 2882 1841 praefationis
2918 1769 3037 1825 loco
3065 1779 3121 1823 et
3158 1784 3258 1824 ceu
3301 1748 3397 1839 per
3438 1768 3705 1824 narratio-

2136 1877 2256 1916 nem
2282 1872 2619 1916 eventorum.
2665 1860 2967 1915 Declaravit
3003 1860 3130 1914 item
3172 1859 3455 1914 cousilium
3499 1861 3702 1929 ipsum-

465 1950 662 2021 Ἀρὰμ,
695 1950 835 2004 τοῦτ’
863 1951 999 2015 ἐστι,
1031 1950 1248 2021 Συρίας,
1275 1950 1367 2003 καὶ
1401 1950 1574 2004 Φακεὲ
1607 1949 1721 2013 υίὸς
1751 1948 2023 2020 Ῥομελίου

2135 1968 2231 2021 que
2257 1960 2526 2015 conatum,
2555 1951 2880 2020 subjicitque
2904 1952 3158 2005 continuo
3181 1952 3254 2005 rei
3276 1950 3443 2019 ipsius
3458 1952 3657 2005 exitum
3686 1967 3701 2003 ε

455 2040 709 2113 βασιλεὺς
742 2043 977 2115 Ἰσραὴλ,
1017 2043 1158 2097 κατά
1194 2042 1301 2096 τῶν
1332 2041 1737 2113 Ἱεροσολύμων,
1773 2040 2030 2109 ἀφίκοντο

2138 2060 2240 2097 non
2271 2044 2413 2097 enim
2444 2052 2728 2112 potuerant
2755 2057 2873 2096 eam
2903 2057 3231 2111 Oppugnare.

452 2130 511 2185 δὲ
538 2133 998 2203 καταδῃώσοντες,
1026 2132 1165 2202 πλὴν
1185 2132 1284 2185 ούκ
1306 2130 1646 2201 ἠδυνήθησαν
1674 2131 2033 2202 πολιορκῆσαι
2066 2133 2258 2203 αὑτήν.
2291 2134 2520 2205 Εἴρηται
2540 2134 2596 2186 δὲ
2646 2132 2818 2186 ταῦτα
2864 2133 3001 2196 τέως
3015 2134 3073 2186 ὲν
3103 2135 3428 2203 προγραφῆς
3453 2134 3702 2205 δυνάμει.

454 2227 550 2279 καὶ
577 2228 652 2291 ὡς
676 2229 731 2279 ὲν
758 2228 1031 2299 ἀφηγήσει
1055 2228 1149 2281 τοῦ
1174 2227 1600 2298 συμϐεϐηκότος.
1627 2228 1787 2297 Δηλοῖ
1808 2230 1913 2297 γὰρ
1962 2230 2060 2297 τὴν
2101 2229 2293 2299 σκέψιν
2354 2232 2449 2283 καὶ
2497 2230 2630 2283 αὐτὸ
2676 2230 2734 2283 δὲ
2767 2230 2827 2282 τὸ
2885 2229 3212 2301 ἐγχείρημα,
3265 2232 3603 2301 προσεπάγει
3649 2231 3707 2285 δὲ

455 2325 814 2395 παραχρῆμα,
867 2325 959 2376 καὶ
1001 2324 1061 2376 τὸ
1100 2322 1192 2376 τοῦ
1239 2324 1563 2392 πράγματος
1590 2324 1781 2393 πέρας·
1823 2325 1896 2377 Ού
1926 2326 2033 2393 γὰρ
2066 2325 2431 2396 ἠδυνήθησαν,
2458 2326 2612 2396 φησὶ,
2642 2324 3001 2394 πολιορκῆσαι
3030 2324 3218 2395 αὑτήν.

529 2416 635 2470 Kal
682 2416 985 2483 ἀνηγγέλη
1032 2416 1118 2481 εις
1152 2414 1258 2468 τὸν
1291 2410 1456 2467 οἷκον
1508 2415 1683 2467 Δαϐὶδ
1730 2414 2030 2483 λέγοντες,

2216 2418 2378 2472 Vsus.
2410 2416 2463 2471 2.
2513 2416 2585 2470 Et
2638 2419 2995 2470 renuntiatum
3045 2428 3121 2469 est
3166 2417 3345 2470 domui
3405 2414 3620 2469 Davirlis
3671 2433 3707 2469 ιι

455 2510 503 2561 Σ
510 2505 893 2575 υνεφώνησεν
924 2507 1091 2576 Ἀρὰμ
1113 2506 1263 2574 πρὸς
1284 2508 1391 2560 τὸν
1406 2508 1674 2576 Ἐφρίιῒμ,
1692 2509 1785 2561 καὶ
1814 2508 2030 2576 ἐξέστη

2138 2508 2449 2575 dicentibus,
2507 2507 2837 2577 Conspiravit
2905 2509 3069 2562 Aram
3152 2524 3268 2561 cum
3334 2506 3612 2574 Ephmim,
3658 2522 3707 2561 et

457 2599 496 2665 ἡ
527 2600 693 2667 ψυχὴ
737 2598 943 2661 αὑτοῦ,
994 2598 1092 2652 καί
1121 2598 1160 2665 ἡ
1196 2598 1366 2667 ψυχὴ
1398 2600 1501 2653 τοῦ
1528 2600 1679 2653 λαοῦ
1723 2600 1931 2665 αὐτοῦ,
1961 2600 2030 2653 ὃν

2138 2611 2469 2655 consternata
2503 2610 2579 2653 est
2625 2602 2804 2653 anima
2850 2600 2987 2669 ejus,
3022 2610 3070 2654 et
3130 2601 3312 2654 anima
3352 2602 3531 2666 populi
3571 2600 3707 2669 ejus,

456 2694 678 2759 τρόπον
720 2691 864 2745 ὅταν
906 2691 976 2744 ἐν
1039 2689 1240 2761 δρυμῷ
1296 2690 1486 2756 ξύλον
1521 2691 1641 2746 ὑπὸ
1695 2692 2030 2762 πνεύματος

2137 2694 2575 2763 quemadmodum
2606 2694 2661 2746 in
2681 2694 2809 2747 silva
2832 2691 3030 2762 lignum
3055 2708 3087 2746 α
3113 2704 3263 2746 vento
3291 2700 3547 2745 niovelnr.

457 2782 747 2851 σαλευθῄ

538 2874 910 2945 Ὀρισάμενος,
952 2871 1026 2935 ὡς
1056 2872 1211 2942 ἔφην,
1238 2870 1347 2926 τῶν
1380 2872 1733 2943 διηγημάτων
1762 2872 1863 2943 τὴν
1891 2871 2028 2942 πρό-

2205 2868 2433 2923 Deliuita
2463 2883 2525 2923 ac
2556 2867 2850 2932 declarata,
2890 2876 2950 2921 ut
3010 2868 3278 2936 dicebam,
3334 2872 3705 2927 narrationum

458 2982 644 3035 φασιν,
681 2965 775 3017 καὶ
801 2962 875 3027 ὡς
905 2966 961 3016 ὲν
990 2962 1181 3033 βραχεῖ
1206 2963 1485 3034 κεφαλαίῳ
1526 2963 1827 3034 συλλήϐδην
1858 2962 2028 3015 είπὼν

2135 2959 2444 3021 occasione,
2472 2967 2526 3011 et
2583 2967 2834 3025 tanquam
2909 2957 2960 3010 in
3006 2956 3156 3012 brevi
3204 2975 3414 3014 summa
3464 2978 3712 3030 compre-

457 3058 520 3109 τὸ
543 3056 844 3129 ἐγχείρημα
878 3056 984 3108 τῶν
1014 3055 1107 3107 δύο
1138 3054 1424 3125 βασιλέων,
1461 3056 1554 3107 καὶ
1580 3055 1661 3109 ὅτι
1692 3055 1825 3125 πρὸς
1857 3054 2029 3124 πέρας

2137 3051 2346 3105 bensim
2373 3062 2569 3104 conatu
2602 3051 2827 3103 duorum
2864 3065 3046 3119 regum
3079 3063 3519 3119 commemorato,
3550 3066 3715 3123 utque

457 3149 639 3210 αὐτοῖς
666 3149 764 3200 οὐκ
793 3146 1090 3217 ἐκϐέϐηκεν
1118 3149 1145 3200 ὁ
1169 3147 1368 3208 σκοπὸς
1390 3186 1404 3209 ,
1467 3146 1690 3216 ἄρχεται
1722 3146 1904 3200 λοιπὸν
1933 3146 2030 3200 ἀνὰ

2140 3144 2205 3197 ad
2229 3144 2432 3196 exitum
2468 3158 2651 3195 eorum
2678 3140 2899 3196 consilia
2952 3158 3057 3196 non
3106 3146 3471 3212 pervenerint,
3526 3146 3715 3215 incipit

461 3241 626 3312 μέρος
651 3241 856 3293 ’ἐκαστα
900 3237 1219 3308 κατισχνοῦν
1251 3236 1329 3307 τῷ
1368 3237 1528 3306 λόγῳ.
1573 3237 1870 3307 Ἀνηγγέλη
1898 3238 2026 3309 γὰρ,

458 3333 645 3403 φησὶν,
680 3333 759 3395 είς
787 3331 877 3382 τὸν
909 3326 1053 3383 οἷκον
1092 3329 1273 3389 Δαϐὶδ,
1319 3328 1463 3381 τοῦτ’
1493 3328 1629 3393 ἐστι,
1661 3330 1752 3381 τὸν
1792 3329 2033 3398 βασιλεύ·

460 3441 606 3483 οντα,
637 3422 730 3475 καὶ
757 3420 1097 3491 ἀπήγγελλον
1131 3421 1212 3471 ὅτι
1246 3417 1622 3486 συνεφώνησεν
1676 3418 1854 3489 Ἀρὰμ
1896 3420 2032 3489 πρὸς

463 3518 545 3567 τὸν
614 3514 873 3583 Ἐφραῖμ.
962 3511 1139 3582 Ἀράμ
1214 3509 1270 3562 δέ
1331 3526 1461 3578 φησι
1505 3510 1596 3561 τὸν
1645 3509 1853 3580 Σύρον,
1937 3511 2031 3563 καὶ

468 3606 706 3677 Ἒιρραῒμ
723 3606 920 3673 ὁμοίως
941 3603 1038 3666 τὰς
1065 3604 1121 3655 ἐν
1138 3602 1414 3672 Σαμαρείᾳ
1443 3601 1573 3654 δέκα
1594 3603 1784 3670 φυλάς.
1816 3602 2029 3673 Ἐπειδὴ

460 3698 513 3751 δὲ
537 3696 706 3749 ταῦτα
736 3711 922 3747 τουτον
967 3693 1080 3763 ἔχει
1106 3692 1196 3745 τὸν
1230 3693 1446 3761 τρόπον,
1477 3692 1704 3745 ἐπύθετο
1736 3692 1830 3745 καὶ
1864 3694 2031 3746 πεπί-

461 3802 683 3839 στευκεν
705 3789 733 3837 ὁ
756 3780 905 3846 οἶκος
925 3782 1104 3843 Δαϐὶδ,
1123 3781 1266 3834 τοῦτ’
1297 3782 1462 3848 ἔστιν,
1485 3786 1513 3836 ὁ
1538 3782 1731 3852 Ἀχαζ.
1751 3783 1970 3853 Ἐξέστη
1998 3785 2031 3854 ἡ

458 3876 602 3947 ψυχὴ
629 3875 790 3927 αὐτοῦ
840 3876 932 3926 καὶ
960 3875 993 3944 ἡ
1021 3873 1166 3944 ψυχὴ
1198 3873 1290 3925 τοῦ
1329 3872 1458 3925 λαοῦ
1502 3873 1689 3935 αὐτοῦ,
1745 3872 1803 3925 ὃν
1834 3874 2030 3943 τρόπον

455 3968 584 4019 ὅταν
612 3968 668 4018 ἐν
700 3967 894 4034 δρυμῳ
916 3963 1067 4028 ξύλον
1097 3964 1200 4016 ὑπὸ
1225 3964 1531 4034 πνεύματος
1565 3963 1821 4035 σαλευθῇ.
1854 3964 1891 4016 Τ
1898 3966 1925 4016 ὸ
1946 3965 2026 4028 δὲ,

455 4057 672 4127 ἐξέστη,
711 4059 890 4125 τίυησι
940 4054 1152 4117 κοινῶς,
1203 4055 1323 4109 ἀντὶ
1368 4054 1485 4118 τοῦ,
1545 4055 1880 4125 κατεπλάγη,
1939 4058 2033 4108 καὶ

458 4150 653 4220 μικρὸν
705 4150 797 4200 καὶ
840 4145 1010 4215 αὐτῆς
1056 4145 1382 4199 ὲκπέπτωκε
1418 4149 1630 4215 φρενός.
1664 4148 1742 4201 Τὰ
1806 4149 1913 4219 γάρ
1948 4166 2032 4202 τοι

451 4242 605 4296 δεινᾶ
640 4240 747 4292 τῶν
771 4239 1061 4309 δειμάτων,
1100 4237 1261 4290 ἱκανά
1286 4237 1400 4301 πώς
1428 4240 1544 4290 ἐστι
1583 4240 1661 4302 είς
1686 4239 1745 4292 τὸ
1776 4245 2030 4294 κατασεῖ-

455 4351 549 4386 σαι
587 4330 846 4385 δύνασθαι
872 4328 964 4383 τὸν
1005 4328 1149 4393 νοῦν,
1182 4329 1277 4381 καὶ
1306 4328 1673 4399 καταδονῆσαι
1706 4333 1804 4400 τὴν
1833 4332 2029 4402 ψυχὴν,

451 4424 550 4478 καί
603 4442 656 4476 τι
698 4424 938 4476 τοιοῦτον
993 4423 1282 4491 ὑπομεῖναι
1327 4420 1524 4480 δοκεῖν,
1554 4423 1734 4474 ὁποῖον
1763 4422 1828 4474 ἂν
1866 4425 2032 4477 πάθοι

452 4516 551 4568 καὶ
578 4515 639 4567 τὸ
673 4516 733 4565 ὲν
754 4515 976 4585 δρυμοῖς
1002 4514 1180 4580 ξύλον,
1204 4511 1532 4582 πνευμάτων
1560 4513 1766 4584 ἀγρίων
1800 4515 2032 4585 προσϐο-

450 4610 573 4671 λαῖς
629 4607 756 4677 τῇδὲ
810 4625 869 4659 τε
915 4609 1138 4660 κάκεῖσε
1181 4603 1684 4676 διαρῤιπτούμενον.
1734 4606 1927 4675 Γέγονε
1977 4608 2034 4661 δὲ

455 4700 694 4771 μάλιστα
719 4699 819 4768 τῆς
850 4697 1049 4760 δειλίας
1075 4700 1107 4767 ή
1141 4698 1429 4767 πρόφασις,
1455 4699 1573 4768 ἦτοι
1604 4697 1704 4766 τῆς
1726 4700 2031 4763 ἐκστάσεως

452 4790 601 4860 αύτῷ
632 4791 691 4843 τὸ
728 4789 1091 4860 συμϐεϐηκός.
1133 4790 1269 4859 Ἤδη
1307 4789 1414 4859 γὰρ
1444 4788 1580 4859 ἔφην
1610 4789 1694 4841 ὅτι
1722 4788 2034 4858 βασιλεύον-

450 4900 544 4945 τος
580 4880 768 4944 αὐτοῦ,
809 4880 1179 4949 πεπολεμήκει
1232 4880 1368 4950 πρὸς
1413 4880 1505 4933 τὸν
1549 4880 1746 4933 Ἰούδαν
1784 4884 1811 4935 ὁ
1839 4882 2031 4947 Φακεὲ,

454 4973 549 5025 καὶ
577 4972 784 5025 ἀνεῖλεν
819 4972 879 5023 ἐκ
911 4970 1003 5024 τοῦ
1034 4969 1162 5023 λαοῦ
1209 4972 1267 5023 ὲν
1300 4972 1399 5041 μιᾷ
1433 4956 1613 5042 ἡμέρᾳ
1641 4972 1834 5025 ἑκατὸν
1864 4974 2035 5026 εἴκοσι

453 5064 717 5133 χιλιάδας.
759 5064 884 5115 Ὅτε
933 5062 1111 5115 τοίνυν
1152 5065 1243 5115 καὶ
1304 5064 1461 5133 μόνος
1502 5065 1529 5115 ὁ
1556 5064 1728 5116 Φακεὲ
1779 5064 2034 5126 τοσοῦτος

459 5158 695 5222 γέγονεν,
726 5156 800 5217 ὡς
829 5154 1154 5222 κατισχῦσαι
1188 5154 1387 5225 ῥᾳδίως
1415 5154 1525 5207 τῶν
1563 5156 1620 5206 ὲν
1650 5156 1760 5218 τοῖς
1804 5156 2034 5221 Ἱεροσο-

455 5246 646 5313 λύμοις
673 5263 684 5273 ·
724 5246 840 5309 πῶς
884 5247 984 5298 οὐκ
1014 5245 1117 5297 ἔδει
1164 5247 1251 5298 τὸν
1291 5249 1349 5298 ὲν
1378 5249 1489 5308 τοῖς
1520 5246 1766 5314 ἐσχάτοις
1802 5246 2036 5309 ἐνδείξα-

458 5338 584 5389 σῦαι
628 5339 812 5407 φόϐον,
864 5340 1023 5392 αὐτόν
1068 5356 1127 5392 τε
1172 5340 1262 5392 τὸν
1302 5338 1491 5406 Ἀχαζ,
1534 5338 1627 5390 καὶ
1655 5336 1743 5389 τὸν
1769 5340 1851 5389 ἐπ’
1884 5338 2030 5408 αὐτῷ

457 5428 605 5491 λαὸν,
642 5433 1140 5499 συμπεφωνηκότος
1164 5431 1256 5484 τοῦ
1283 5429 1475 5500 Σύρου,
1504 5431 1597 5483 καὶ
1632 5430 2031 5495 συνεξοπλίζον-

459 5535 546 5583 τος
576 5521 654 5591 τῷ
691 5521 929 5592 Ἐφραῖμ
963 5524 1099 5592 μετά
1125 5522 1233 5575 τῶν
1270 5520 1678 5592 Ἱεροσολύμων;

528 5613 635 5666 Καὶ
698 5608 827 5667 εἶπε
872 5615 1086 5682 Κύριος
1133 5613 1284 5681 πρὸς
1331 5613 1592 5675 Ἡσαΐαν,
1638 5611 1881 5677 Ἔξελθε
1947 5614 2034 5679 εὶς

460 5703 840 5771 συνάντησιν
870 5691 1062 5774 Ἀχῖιζ,
1119 5705 1200 5759 σὺ
1248 5705 1348 5758 καὶ
1402 5708 1434 5758 ό
1467 5705 1879 5773 καταλειφθεὶς
1926 5706 2033 5758 Ἰα-

461 5794 616 5850 σῡῦν
661 5798 847 5863 όυὶός
896 5813 1034 5867 σου,
1096 5798 1247 5867 πρὸς
1284 5797 1399 5866 τὴν
1447 5800 1871 5868 κολυμϐήθραν
1922 5799 2031 5868 τῆς

2131 3233 2386 3299 deinceps
2414 3245 2506 3300 per
2537 3241 2719 3299 partes
2742 3232 2951 3300 singula
2980 3235 3134 3301 quasi
3158 3237 3403 3289 oratione
3436 3240 3709 3306 persequi.

2134 3324 2516 3378 Renuntiatum
2561 3335 2690 3387 est,
2740 3326 2936 3393 inquit,
2996 3326 3173 3379 domui
3239 3326 3476 3391 Davidis,
3505 3330 3555 3383 id
3605 3343 3711 3399 est,

2133 3416 2401 3485 regnanti,
2434 3422 2487 3468 et
2516 3417 2908 3469 annuntiarunt
2933 3415 3097 3470 Aram
3136 3433 3257 3472 cum
3288 3418 3541 3487 prraim
3575 3438 3711 3477 con-

2132 3509 2391 3577 spirasse.
2438 3508 2603 3561 Aram
2644 3522 2778 3563 vero
2827 3509 3023 3579 Syrum
3076 3511 3229 3575 dicit,
3274 3512 3531 3581 prraim
3562 3515 3714 3569 simt-

2134 3597 2259 3653 liter
2302 3599 2487 3651 decem
2534 3596 2704 3651 tribus
2734 3597 2788 3650 in
2826 3597 3094 3652 Samaria.
3129 3599 3252 3654 Ha‘c
3279 3618 3400 3655 cum
3431 3603 3500 3657 ita
3533 3606 3712 3659 sella.

2135 3687 2360 3754 berent,
2398 3688 2601 3741 audivit
2642 3700 2699 3742 et
2741 3690 2968 3743 credidit
3001 3691 3193 3745 domus
3225 3693 3423 3757 David,
3458 3694 3559 3749 hoc
3599 3710 3711 3763 est,

2133 3779 2338 3836 Achaz.
2359 3779 2717 3833 Consternata
2734 3791 2816 3834 est
2852 3782 3029 3834 anima
3046 3783 3181 3852 ejus,
3223 3785 3469 3838 etanima
3506 3787 3708 3854 populi.

2135 3869 2930 3937 quemadmodumcumiusim:
2963 3870 3161 3941 lignum
3198 3890 3226 3925 a
3259 3884 3419 3928 vento
3444 3887 3709 3932 movetur.

2137 3961 2461 4015 Illudautem
2502 3961 3063 4030 éﬁéatqmomlernata
3080 3978 3171 4017 seu
3204 3975 3414 4030 stupore
3454 3977 3712 4019 commota

2134 4061 2233 4116 est,
2261 4054 2410 4122 ponit
2440 4054 2796 4107 communiter
2812 4068 2930 4121 pro,
2946 4054 3451 4126 κατεπλάγη,ιιθ
3467 4060 3710 4125 perculsa

2135 4150 2239 4205 est,
2270 4153 2323 4195 et
2350 4145 2733 4211 propemodum
2785 4144 2895 4210 ipsa
2931 4155 3108 4197 mente
3141 4147 3364 4199 exudu.
3424 4147 3502 4200 Ex
3533 4151 3711 4216 gravi-

2137 4235 2235 4288 bus
2281 4236 2423 4287 enim
2467 4235 2763 4288 terroribus
2820 4236 3129 4289 concutitur
3156 4252 3327 4304 meus,
3386 4240 3709 4309 animusque

2136 4332 2456 4395 exagitatur,
2522 4328 2769 4394 idemque
2819 4329 3030 4381 videtur
3056 4330 3160 4396 pati
3195 4330 3335 4397 quod
3396 4330 3594 4398 lignum
3656 4333 3709 4385 in

2137 4416 2287 4470 silvis
2314 4432 2578 4471 saevorum
2614 4430 2897 4472 ventorum
2918 4421 3115 4488 impetu
3146 4421 3247 4474 huc
3276 4421 3397 4475 illuc
3418 4422 3708 4489 juctnluttt.

2138 4508 2318 4563 Causa
2355 4520 2530 4563 autem
2557 4517 2731 4563 metus
2757 4510 2871 4563 sive
2893 4521 3172 4566 exstaseos
3205 4526 3268 4564 ac
3294 4513 3712 4579 perturbationis

2140 4602 2188 4654 ei
2245 4600 2346 4653 fuit
2428 4601 2476 4653 id
2505 4604 2645 4670 quod
2701 4602 3021 4671 contigerat.
3077 4601 3193 4657 Jam
3242 4604 3385 4656 enim
3443 4606 3709 4672 dicebam,

2142 4693 2233 4747 illo
2294 4705 2556 4761 regnante
2630 4694 2839 4748 Pbacee
2900 4695 3185 4749 adversum
3260 4694 3453 4751 Judam
3512 4700 3706 4753 bellum

2139 4785 2458 4852 suscepisse,
2511 4795 2565 4837 et
2630 4801 2739 4839 uno
2798 4786 2883 4839 die
2911 4801 2977 4840 ex
3035 4787 3228 4857 populo
3266 4798 3479 4842 centum
3520 4793 3707 4859 vigimi

2141 4875 2304 4928 millia
2342 4891 2373 4928 e
2416 4876 2591 4929 medio
2615 4876 2917 4931 sustulisse.
2981 4877 3114 4931 Cum
3142 4880 3304 4948 igitur
3331 4882 3480 4936 solus
3503 4883 3709 4937 Pbacee

2140 4966 2259 5020 talis
2295 4974 2583 5034 tantusque
2621 4970 2906 5034 exstiterit,
2934 4979 2991 5022 ut
3045 4968 3204 5024 facile
3254 4969 3695 5042 llierosulyinita-

2137 5069 2236 5108 nos
2310 5058 2622 5123 superarit,
2678 5073 2853 5111 annon
2924 5058 3009 5113 bis
3074 5062 3331 5115 extremis
3381 5065 3710 5130 temporibus

2136 5158 2245 5200 tum
2288 5149 2562 5202 Achazum
2622 5150 2818 5218 ipsum,
2868 5161 2977 5204 tum
3013 5154 3258 5207 subditos
3311 5154 3501 5208 timere
3545 5173 3710 5225 opor-

2138 5241 2407 5301 tuit,cum
2463 5244 2797 5296 consenserit
2850 5243 3038 5313 Syrus,
3087 5253 3141 5296 et
3203 5260 3350 5297 arma
3416 5249 3708 5317 copiasque

2140 5344 2261 5383 cum
2293 5329 2544 5401 Epitraim
2579 5334 2863 5387 adversum
2902 5333 3276 5404 Hierosolyma
3309 5338 3493 5391 tulerit
3524 5340 3546 5393 l

2215 5614 2375 5668 Vens.
2404 5615 2457 5669 3.
2493 5613 2565 5669 Et
2601 5616 2732 5670 dixi:
2769 5616 3023 5673 Dominus
3051 5621 3120 5675 ad
3161 5620 3359 5677 Isaiam
3392 5641 3413 5677 :
3453 5625 3714 5696 Egredere

2140 5705 2194 5759 in
2238 5722 2509 5759 occursum
2555 5707 2777 5774 Achazi,
2819 5719 2875 5760 tu
2905 5720 2952 5763 et
3004 5711 3280 5767 derelictus
3336 5714 3505 5769 Jasnb
3569 5719 3713 5787 ﬁlius

2141 5808 2283 5863 tuus,
2332 5800 2401 5855 ad
2460 5800 2717 5868 piscinam
2760 5803 3046 5872 superioris
3078 5806 3174 5862 vice
3209 5807 3323 5877 agri
3364 5805 3604 5874 fullonis.
3644 5810 3714 5869 Ε.
