4152 6366
495 382 597 441 193

1498 380 1555 435 S.
1597 378 1873 435 CYRILLI
1909 377 2384 435 ALEXANDRINI
2422 379 2750 436 ARCIIIEP.

3668 338 3771 437 ιοο

493 505 632 557 dices
675 504 743 566 ei,
810 502 1039 557 Observa
1090 512 1144 556 ut
1200 503 1455 572 quiescas,
1506 512 1557 556 et
1616 518 1680 554 ne
1742 510 1964 566 metuas,
2019 514 2076 551 ne

2192 498 2316 552 ἄνω
2369 499 2512 554 ὀδοῦ
2556 499 2663 553 τοῦ
2711 499 2896 568 ἀγροῦ
2946 499 3054 555 τοῦ
3100 498 3389 569 κναφέως.
3458 498 3569 555 Καὶ
3618 500 3771 569 ἐρεῖς

493 599 673 650 anima
728 606 818 649 tua
851 597 1151 650 debiliterur
1191 613 1221 646 a
1259 595 1415 663 lignis
1447 594 1653 647 duobus
1686 594 1933 646 titionum
1987 592 2077 661 fu-

492 692 747 743 mantium
775 690 1016 743 istorum.
1065 687 1195 743 Cum
1255 689 1392 741 enim
1425 689 1505 740 ira
1534 686 1732 756 furoris
1762 686 1861 740 mei
1891 685 2075 754 fuerit,

494 783 684 834 iterum
738 783 960 834 sanabo.

560 954 792 1010 Omnino
821 955 1058 1011 clemens
1086 965 1169 1010 est
1218 964 1273 1010 et
1337 956 1646 1012 misericors
1692 956 1969 1021 Dominus,
2026 965 2081 1013 et

488 1063 677 1102 omnes
728 1049 974 1103 homines
1047 1049 1249 1104 servari
1313 1050 1446 1114 vult,
1511 1059 1567 1103 et
1620 1052 1688 1103 ad
1745 1050 2078 1119 agnitionem

489 1142 733 1196 veritatis
780 1142 1056 1206 venire",
1132 1144 1423 1210 omniaque
1471 1144 1733 1213 gubernat
1785 1143 2078 1209 sapienter,

488 1233 685 1301 cuique
717 1232 907 1287 salutis
936 1234 1075 1287 viam
1124 1235 1440 1302 aequabilem
1492 1234 1816 1303 planamque
1844 1234 2071 1286 faciens.

489 1323 644 1388 Quod
683 1324 752 1376 ita
787 1339 906 1378 esse
937 1340 1002 1377 ex
1053 1326 1184 1393 ipsis
1233 1324 1393 1380 rebus
1452 1324 1577 1379 licet
1619 1326 1771 1379 nobis
1824 1339 2071 1378 cernere.

497 1412 633 1467 Nam
670 1415 917 1468 Achazus
952 1414 1052 1467 fuit
1085 1415 1389 1476 idololatra,
1415 1414 1795 1469 abominabilis
1816 1424 1871 1468 et
1895 1413 2079 1483 profa-

488 1520 612 1559 nus.
645 1506 778 1560 Cum
809 1516 987 1559 autem
1029 1507 1080 1558 in
1132 1506 1290 1561 malis
1322 1523 1423 1561 non
1463 1507 1729 1576 fugiendis
1773 1506 1884 1575 jam
1952 1521 2076 1560 ver-

489 1606 728 1663 saretur,
752 1611 808 1651 et
836 1598 1237 1652 calamitatibus
1299 1608 1507 1653 tantum
1566 1616 1670 1653 non
1757 1600 2076 1653 inebriatmu

488 1700 651 1759 atque
715 1692 965 1744 obrutum
1024 1707 1145 1745 eum
1205 1693 1663 1747 clementissimus
1736 1692 2079 1757 conspicatus

488 1794 657 1847 esset,
695 1781 1088 1851 coasequendte
1131 1784 1197 1837 ab
1251 1784 1365 1851 ipso
1426 1783 1616 1838 salutis
1670 1797 1815 1850 spem
1870 1782 1997 1837 facit
2050 1799 2080 1837 e

488 1876 736 1943 vestigio,
775 1891 837 1928 ac
871 1877 1156 1944 pollicetur
1204 1876 1483 1940 auxilium,
1519 1888 1576 1928 ut
1644 1878 1711 1929 ab
1743 1876 2069 1930 idolomania

487 1968 743 2030 desistat,
824 1970 1149 2037 studeatque
1212 1970 1321 2039 jam
1384 1969 1484 2022 sibi
1526 1984 1553 2020 a
1604 1968 1874 2035 prioribus
1935 1969 2077 2023 vitiis

488 2069 790 2127 temperare
817 2099 831 2124 ,
860 2070 913 2114 et
948 2074 1085 2115 vera:
1123 2060 1217 2114 Dei
1259 2061 1586 2127 cognitionis
1615 2061 1785 2114 lucem
1814 2061 2075 2127 recipere.

485 2151 671 2223 Itaque
734 2154 990 2222 propheta
1056 2152 1277 2221 iubetur
1328 2152 1377 2205 ei
1452 2150 1665 2205 obviam
1738 2152 1916 2208 facere
1973 2170 2075 2208 una

485 2257 752 2313 pnesente
785 2244 1009 2309 Jasobo,
1080 2245 1167 2311 qui
1208 2244 1475 2297 derelictio
1509 2253 1563 2296 et
1585 2244 1864 2297 derelictus
1911 2260 2078 2312 expo-

485 2341 654 2401 nitur,
710 2338 879 2406 lignra
953 2337 1345 2406 propemodum
1396 2336 1742 2405 significante
1820 2347 2075 2406 tanquam

482 2428 538 2482 in
569 2427 812 2496 symbolo
865 2428 1103 2490 Achazo,
1154 2429 1559 2482 conservandas
1612 2442 1735 2482 esse
1814 2429 2079 2498 reliquias

482 2517 643 2585 Juda,
671 2520 761 2589 qui
808 2519 916 2573 Deo
946 2520 1269 2573 adhaeserat.
1321 2518 1530 2589 Typum
1562 2522 1707 2574 enim
1751 2520 1840 2574 Dei
1877 2537 2077 2590 reprae-

483 2623 705 2667 sentans
749 2612 1032 2681 propheta,
1089 2614 1470 2681 percommode
1520 2611 1679 2667 atfert
1730 2614 2079 2681 pollicitatio-

485 2719 607 2759 nem
643 2705 829 2757 auxilii
864 2705 915 2758 in
950 2704 1154 2773 piscina
1178 2704 1474 2771 superioris
1531 2706 1632 2759 viae
1670 2708 1784 2776 agri
1830 2708 2077 2768 fullonis.

483 2796 682 2865 Figura
720 2812 932 2850 rursum
990 2796 1264 2865 est117
1328 2796 1531 2860 piscina
1593 2798 1852 2854 salutaris
1913 2800 2077 2857 fontis

485 2891 624 2945 sacri
656 2889 939 2958 baptismi,
997 2904 1118 2957 qua:
1177 2906 1272 2944 nos
1321 2890 1483 2943 etiam
1532 2890 1586 2945 in
1643 2891 1785 2946 viam
1858 2894 2076 2950 deducit

483 2984 841 3053 superiorem,
872 2993 924 3037 et
949 2982 1166 3037 fullonis
1206 2985 1305 3038 sub
1361 2985 1771 3054 intelligentiam
1806 2989 2072 3057 cadentis,

486 3072 538 3125 id
567 3082 671 3136 est,
701 3070 817 3139 ejus
864 3073 955 3140 qui
1009 3072 1199 3127 sordes
1231 3084 1445 3129 nostras
1494 3090 1683 3130 onmes
1735 3077 1990 3149 detergit,
2022 3089 2074 3134 et

2182 588 2371 657 αὐτῷ,
2425 591 2696 655 Φύλαξαι
2732 591 2841 645 τοῦ
2887 590 3225 661 ήσυχάσαι,
3268 593 3365 645 καὶ
3416 593 3502 662 μὴ
3558 594 3768 663 φοϐοῦ,

2174 681 2330 751 μηδὲ
2361 684 2397 749 ἠ
2445 681 2614 751 ψυχή
2642 698 2760 736 σου
2788 683 3114 737 ἀσθενείτω
3144 682 3263 736 ἀπὸ
3289 681 3409 735 τῶν
3433 683 3543 738 δύο
3571 685 3773 750 ξύλων

2179 775 2299 828 τῶν
2356 775 2560 829 ὅαλῶν
2617 774 2735 829 τῶν
2798 775 3241 844 καπνιζομένων
3296 777 3541 830 τούτων.
3586 778 3773 830 Ὅταν

2180 866 2291 937 γὰρ
2318 866 2464 935 ὀργὴ
2498 867 2605 920 τοῦ
2633 866 2824 935 θυμοῦ
2850 884 2970 937 μου
3000 867 3266 937 γένηται,
3281 864 3477 944 ’πάλιν
3502 865 3766 935 ἰάσομαι.

2252 958 2597 1028 Οἰκτείρμων
2651 957 2818 1021 ὅντως
2870 958 2960 1011 καὶ
3005 956 3251 1027 ἐλεήμων
3309 958 3338 1009 6
3382 955 3619 1027 Κύριος,
3677 956 3771 1009 καὶ⁸

2185 1051 2395 1113 πάντας
2422 1049 2747 1119 ἀνθρώπους
2772 1049 2945 1102 ἐθέλει
2975 1048 3232 1118 σωθῆναι,
3256 1047 3351 1099 καὶ
3375 1048 3454 1109 εἰς
3475 1045 3770 1114 ἐπίγνωσιν

2180 1141 2442 1211 ἀληθείας
2468 1141 2661 1195 ἐλθεῖν·
2693 1142 2967 1213 οἰκονομεῖ
3005 1140 3062 1193 δὲ
3097 1139 3276 1192 πάντα
3308 1137 3515 1207 σαφῶς,
3543 1141 3637 1191 καὶ
3679 1157 3772 1191 κα-

2180 1235 2503 1288 ταλειαίνων
2531 1234 2749 1305 ἑκάστῳ
2772 1234 2873 1304 τῆς
2900 1234 3172 1305 σωτηρίας
3195 1233 3293 1303 τὴν
3313 1232 3450 1284 ὁδόν.
3480 1232 3589 1284 Καὶ
3613 1232 3771 1285 τοῦτο

2179 1329 2313 1398 ἡμῖν
2364 1326 2423 1390 ἐξ
2473 1326 2653 1379 αὑτῶν
2702 1326 2879 1378 ἔνεστι
2908 1324 3016 1378 τῶν
3057 1324 3399 1396 πραγμάτων
3441 1321 3615 1386 οὕτως
3650 1324 3770 1394 ἔχον

2185 1418 2332 1470 ἰδεῖν.
2372 1416 2536 1487 Ἀνὴρ
2572 1416 2671 1488 μὲν
2696 1416 2806 1487 γὰρ
2837 1416 3061 1485 γέγονεν
3090 1416 3478 1486 εἰδωλολάτρης
3512 1417 3541 1467 6
3572 1414 3766 1484 Ἀχαζ,

2183 1508 2438 1580 βδελυρὸς
2488 1509 2583 1561 καὶ
2630 1507 2877 1578 βέϐηλος.
2927 1506 3145 1578 Ἐπειδὴ
3185 1506 3242 1560 δὲ
3290 1502 3361 1578 ἦν
3393 1508 3451 1560 ὲν
3504 1505 3771 1575 ἀφύκτοις

2180 1600 2283 1671 ἤδη
2316 1602 2530 1665 κακοῖς,
2565 1600 2658 1653 καὶ
2685 1599 2970 1670 μονονουχὶ
3002 1599 3269 1670 μεθύοντα
3295 1600 3413 1660 ταῖς
3462 1601 3770 1670 συμφοραῖς

2181 1692 2209 1743 6
2267 1690 2699 1761 φιλοικτείρμων
2750 1689 3025 1755 τεθέαται,
3086 1691 3439 1762 προστίθησιν
3494 1690 3659 1753 εὐθὺς
3707 1692 3769 1744 τὸ

2182 1783 2383 1851 ἐξεῖναι
2429 1783 2750 1855 μεταλαχεῖν
2796 1787 2894 1854 τῆς
2937 1784 3067 1855 παρ’
3111 1783 3272 1837 αὑτοῦ
3320 1786 3616 1856 σωτηρίας,
3667 1785 3769 1836 ὑπ-

2185 1879 2446 1946 ισχνεῖται
2479 1876 2535 1929 δὲ
2558 1876 2655 1947 τὴν
2692 1875 3031 1946 ἐπικουρίαν,
3062 1876 3149 1929 ἵνα
3177 1876 3358 1947 παύσῃ
3394 1876 3588 1947 μανίας
3616 1876 3769 1930 εἰδω-

2180 1968 2469 2039 λομοίνοῦς,
2528 1970 2621 2023 καὶ
2660 1969 2998 2040 ἀποσχέσθαι
3054 1969 3446 2041 παρασκευάζῃ
3501 1969 3609 2022 τῶν
3664 1969 3766 2041 ήδη

2192 2062 2741 2133 προσεπταισμένων,
2799 2062 2892 2114 καὶ
2933 2060 2992 2114 τὸ
3033 2061 3131 2131 τῆς
3168 2060 3398 2132 ἀληθοῦς
3435 2061 3766 2129 θεογνωσίας

2180 2154 2499 2221 ἐκδέξασθαι
2528 2154 2662 2224 φῶς.
2698 2154 3033 2223 Προστάττει
3061 2153 3240 2207 τοίνυν
3284 2154 3313 2206 6
3346 2155 3632 2225 προφήτης
3665 2154 3769 2207 ὑπ-

2180 2247 2415 2317 αντῆσαί
2460 2264 2517 2299 τε
2547 2244 2697 2316 αὑτῷ
2746 2245 2996 2308 συνόντος
3038 2234 3277 2315 Ἶασοῦμ,
3330 2245 3387 2310 ὂς
3430 2247 3767 2315 ὑπόλειμμα

2183 2343 2275 2393 καὶ
2306 2339 2821 2409 ὑπολελειμμένος
2874 2338 3270 2409 ἑρμηνεύεται·
3344 2339 3626 2408 μονονουχὶ
3671 2337 3765 2391 τοῦ

2178 2434 2353 2485 τύπου
2407 2432 2765 2503 σημαίνοντος
2812 2430 2887 2494 ὼς
2922 2432 2978 2483 ἐν
3032 2430 3286 2500 συμϐόλῳ
3319 2430 3396 2501 τῷ
3433 2430 3629 2500 Ἀχαζ,
3685 2430 3767 2483 ὅτι

2182 2526 2486 2597 σωθήσεται
2519 2524 2580 2576 τὸ
2625 2523 2941 2593 ὑπόλειμμα
2973 2523 3066 2576 τοῦ
3119 2521 3286 2576 Ἰούδα
3338 2522 3476 2593 μετά
3506 2522 3641 2575 Θεοῦ
3671 2538 3768 2592 με-

2182 2617 2435 2689 μενηκός.
2470 2616 2606 2669 Θεοῦ
2637 2616 2746 2687 γὰρ
2791 2618 2870 2679 είς
2918 2615 3086 2668 τύπον
3115 2616 3143 2666 6
3180 2618 3467 2683 προφήτης
3495 2613 3768 2684 λαμδάνε-

2179 2724 2292 2769 ται,
2329 2702 2387 2759 εὖ
2436 2705 2494 2758 δὲ
2539 2706 2603 2776 δὴ
2649 2705 2854 2776 σφόδρα
2900 2708 2998 2776 τῆς
3030 2705 3349 2777 ἐπικουρίας
3401 2707 3635 2758 ποιεῖται
3666 2703 3766 2773 τὴν

2180 2799 2475 2868 ὑπόσχεσιν
2541 2798 2633 2851 ἐπὶ
2676 2800 2741 2867 τῇ
2802 2797 3162 2868 κολυμϐήθρᾳ
3212 2797 3311 2867 τῆς
3364 2796 3475 2850 ἄνω
3518 2794 3638 2848 ὀδοῦ
3671 2794 3763 2847 τοῦ

2178 2891 2346 2961 ἀγροῦ
2391 2888 2482 2942 τοῦ
2534 2890 2804 2958 κναφέως.
2842 2889 3023 2951 Τύπος
3057 2889 3110 2942 δὲ
3142 2888 3302 2941 πάλιν
3344 2891 3376 2958 ἡ
3410 2884 3767 2957 κολυμϐήθρα

2176 2982 2274 3051 τῆς
2306 2980 2577 3050 σωτηρίου
2616 2980 2802 3049 πηγῆς
2841 2979 2935 3032 τοῦ
2965 2980 3122 3047 ἁγίου
3153 2980 3550 3049 βαπτίσματος,
3588 2979 3623 3049 ἢ
3668 2978 3765 3030 καὶ

2187 3076 2267 3137 είς
2319 3074 2437 3126 ὁδὸν
2485 3075 2632 3143 ἡμᾶς
2689 3072 2956 3141 ἀποφέρει
3006 3073 3105 3142 τὴν
3142 3073 3272 3132 ἄνω.
3324 3072 3415 3124 καὶ
3452 3070 3546 3123 τοῦ
3575 3069 3765 3142 νοητοῦ

484 3164 554 3218 ab
614 3162 1037 3233 inquinamentis
1094 3164 1307 3219 liberat.
1370 3165 1550 3220 Firma
1622 3177 1705 3222 est
1762 3169 1877 3223 haec
1941 3185 2073 3236 ergo

2189 3167 2460 3236 κναφέως,
2511 3166 2654 3218 τοῦτ’
2684 3165 2819 3230 ἔστι,
2875 3166 2967 3217 τοῦ
3001 3165 3177 3217 πάντα
3236 3163 3405 3234 ῥύπον
3458 3164 3614 3235 ἡμῶν
3668 3166 3765 3217 ἐκ·-

484 3255 840 3325 pollicitatio;
879 3266 935 3309 et
993 3256 1045 3310 in
1104 3258 1270 3325 figura
1328 3259 1640 3326 particulari
1689 3261 1902 3329 sapiens
1952 3263 2087 3316 ami-

486 3365 609 3419 gma
647 3365 710 3405 ac
741 3349 1037 3404 insinuatio
1073 3350 1148 3403 rei
1191 3350 1456 3419 generalis
1502 3362 1555 3405 ct
1602 3367 1695 3421 per
1723 3351 2021 3417 Christum,
2052 3369 2083 3407 a

484 3441 752 3511 propheta
779 3440 975 3495 tradita
999 3450 1103 3494 est.
1141 3441 1229 3493 Ait
1258 3452 1434 3495 autem
1469 3457 1483 3493 :
1519 3460 1537 3493 ι
1566 3443 1698 3497 Vide
1723 3454 1779 3496 ut
1809 3446 2081 3512 quiescas,

484 3543 541 3590 et
595 3548 662 3589 ne
696 3534 911 3599 timeas,
958 3548 1058 3587 nec
1088 3534 1269 3592 anima
1318 3545 1406 3588 tua
1458 3536 1793 3600 debilitetur,
1821 3553 1849 3590 a
1876 3540 2085 3593 duobus

485 3628 653 3698 lignis
690 3627 941 3681 titionum
968 3627 1193 3681 istorum
1237 3625 1671 3697 fumigantium.»
1717 3631 1868 3697 Quod
1932 3635 2080 3703 quie-

486 3733 641 3774 scere
671 3718 928 3787 curisque
954 3732 1168 3780 vacare,
1206 3726 1261 3770 et
1292 3734 1320 3771 a
1372 3720 1821 3788 trepidationibus
1842 3725 2084 3780 molestis

484 3806 716 3864 liberum
750 3824 873 3864 esse
906 3810 1181 3878 praecipiat
1210 3827 1224 3863 :
1276 3812 1521 3865 vocantis
1549 3812 1801 3866 nimirum
1851 3826 1957 3878 est,
2013 3817 2085 3869 id.

486 3916 592 3970 que
610 3900 1051 3970 prudentissime,
1076 3901 1140 3953 ad
1163 3900 1547 3967 obedientiam,
1567 3913 1621 3957 et
1638 3904 1797 3959 veluti
1823 3908 2085 3961 reducen-

486 3992 562 4047 tis
585 3992 649 4045 ad
674 3990 957 4060 principia,
1010 4000 1067 4043 ut
1093 3991 1234 4044 colat
1254 4008 1535 4047 sermones
1559 3994 1791 4060 divinos,
1819 4007 1873 4049 et
1939 3999 2085 4053 veri-

491 4091 653 4134 tatem
689 4095 1017 4148 eorumqute
1050 4081 1181 4144 dixi,
1227 4090 1480 4152 prompte
1513 4099 1613 4138 suo
1637 4087 1895 4155 sulfragio
1952 4104 2084 4142 con—

490 4174 723 4226 fiteatur.
782 4171 951 4226 Faces
986 4186 1117 4226 vero
1161 4183 1212 4226 et
1246 4175 1387 4244 ligna
1448 4174 1711 4231 fumantia
1766 4188 1925 4233 vocat
1966 4196 2081 4244 eos,

487 4265 582 4334 qui
617 4273 803 4317 contra
841 4262 990 4316 illum
1024 4266 1428 4332 conspirarunt,
1460 4269 1614 4336 quasi
1650 4270 1738 4338 qui
1771 4270 1929 4337 paulo
1956 4282 2075 4340 post

488 4366 696 4410 etesse
746 4365 799 4408 et
852 4370 1077 4424 regnare
1140 4357 1363 4409 desituri
1430 4358 1558 4411 sint.
1614 4359 2081 4423 Quemadmodum

488 4451 633 4503 enim
658 4448 858 4519 lignum
897 4462 989 4501 seu
1046 4449 1163 4502 tilio
1224 4452 1439 4519 quando
1476 4467 1540 4504 ex
1586 4452 1705 4520 igne
1760 4455 2080 4509 extrahitur»

2190 3259 2514 3328 σμήχοντος,
2554 3256 2648 3309 καὶ
2684 3254 3117 3317 ἀπαλλάττοντος
3145 3254 3455 3325 μολυσμῶν.
3496 3254 3765 3326 Ἀσφαλὴς

2187 3345 2281 3403 οὖν
2332 3351 2364 3417 ἡ
2403 3350 2713 3417 ὑπόσχεσις,
2763 3348 2857 3399 καὶ
2882 3346 2955 3409 ὡς
2991 3349 3047 3397 ἐν
3094 3345 3249 3417 τύπῳ
3274 3346 3374 3416 τῆς
3406 3350 3636 3419 μερικῆς
3666 3347 3766 3415 τῆς

2190 3442 2419 3496 καθόλου
2452 3442 2543 3492 καὶ
2574 3439 2660 3491 διὰ
2693 3438 2949 3508 Χριστοῦ,
2984 3438 3145 3507 σοφὸν
3168 3438 3372 3491 δέδοται
3404 3439 3481 3509 τῷ
3513 3440 3765 3511 προφήτῃ

2184 3536 2245 3587 τὸ
2279 3536 2524 3602 αἴνιγμα.
2573 3532 2712 3603 Φησὶ
2739 3532 2796 3584 δὲ
2828 3531 2907 3593 τὸ,
2945 3551 2963 3582 ι
2992 3532 3268 3584 Φυλάσσου
3329 3531 3421 3585 τοῦ
3474 3533 3762 3603 ήσυχάσαι,

2192 3627 2288 3678 καὶ
2320 3626 2394 3696 μὴ
2428 3623 2592 3692 φοϐοῦ
2613 3664 2627 3687 ,
2668 3623 2802 3693 μηδέ
2839 3626 2869 3693 η
2896 3622 3041 3694 ψυχή
3074 3639 3164 3675 σου
3200 3621 3493 3676 ἀσθενείτω
3522 3624 3629 3677 ἀπὸ
3655 3624 3765 3679 τῶν

2184 3717 2277 3771 δύο
2330 3717 2501 3784 ξύλων
2539 3716 2647 3768 τῶν
2686 3714 2861 3767 δαλῶν
2913 3716 3020 3767 τῶν
3056 3714 3470 3785 καπνιζομένων
3496 3715 3757 3769 τούτων.»

2185 3812 2296 3865 Καὶ
2328 3809 2387 3863 τὸ
2427 3810 2526 3877 μὲν
2573 3810 2886 3862 ἐπιτάττειν
2916 3809 3145 3877 ἠρεμεῖν
3184 3807 3277 3859 καὶ
3313 3807 3608 3877 φροντίδων
3640 3808 3765 3877 δίχα

2184 3901 2466 3965 διατελεῖν,
2528 3901 2622 3953 καὶ
2681 3901 2789 3971 μὴν
2846 3900 2939 3952 καὶ
3004 3898 3273 3968 δειμάτων
3326 3898 3764 3951 ἀπαλλάττεσθαι

2185 3992 2438 4064 χαλεπῶν
2464 4010 2477 4021 '
2517 3992 2805 4054 καλοῦντος
2838 3988 2903 4059 ἦν
2930 3990 3039 4061 ἄρα
3064 3993 3159 4043 καὶ
3190 3991 3337 4061 μάλα
3368 3992 3653 4061 ἐμφρόνως
3683 3993 3764 4055 είς

2185 4085 2517 4147 εὐπείθειαν,
2575 4085 2667 4137 καὶ
2717 4085 2880 4137 οἱονεὶ
2928 4086 3006 4144 είς
3034 4082 3209 4156 ἀρχὰς
3259 4084 3622 4152 ἀναφέροντος
3667 4083 3763 4136 τοῦ

2187 4177 2384 4248 χρῆναι
2408 4178 2571 4247 τιμᾷν
2604 4177 2729 4238 τοὺς
2762 4176 2889 4245 περὶ
2930 4174 3063 4227 Θεοῦ
3093 4175 3304 4243 λόγους,
3350 4177 3443 4229 καὶ
3468 4168 3550 4238 οἷς
3585 4176 3650 4229 ἂν
3674 4175 3763 4227 λέρ

2189 4285 2277 4336 γοι
2306 4268 2365 4321 τὸ
2398 4268 2595 4337 ἀληθὲς
2624 4268 2858 4336 ἑτοίμως
2887 4266 3331 4336 ἐπιψηφίζεσθαι.
3364 4266 3567 4330 Δαλοὺς
3593 4268 3647 4320 δέ
3671 4268 3764 4321 καὶ

2186 4359 2319 4426 ξύλα
2350 4358 2723 4427 καπνιζόμενα
2752 4359 2923 4421 καλεῖ,
2957 4360 3083 4422 τοὺς
3109 4360 3229 4412 κατ’
3263 4358 3427 4412 αὑτοῦ
3463 4375 3762 4430 συμπεφω-

2187 4451 2440 4522 νηκότας,
2478 4452 2553 4514 ὡς
2584 4452 2705 4503 ὅσον
2738 4451 2949 4503 οὐδέπω
2987 4451 3436 4521 πεπαυσομένους
3470 4453 3564 4503 καὶ
3598 4450 3761 4504 αὑτοῦ

488 4540 717 4607 fumigat
778 4539 1020 4608 quidem,
1071 4555 1255 4594 verum
1330 4543 1504 4610 ignem
1574 4542 1627 4596 in
1671 4559 1791 4598 sese
1845 4546 2075 4612 amplius

2182 4544 2273 4597 τοῦ
2298 4540 2460 4606 εἷναι,
2495 4544 2590 4595 καὶ
2613 4544 2710 4611 τῆς
2744 4543 3040 4612 βασιλείας.
3060 4544 3268 4612 Ὠσπερ
3291 4543 3399 4614 γὰρ
3421 4541 3575 4607 ξύλον
3600 4543 3763 4614 ἤγουν

489 4633 688 4686 habere
719 4631 948 4687 desinit:
979 4634 1093 4701 pari
1130 4648 1343 4703 quoque
1378 4636 1605 4703 ratione,
1631 4638 1882 4702 arbitror,
1918 4639 2077 4692 homo

487 4724 570 4777 vel
608 4724 748 4785 vine,
783 4722 865 4776 vel
927 4725 1001 4778 rei
1060 4724 1290 4793 alicujus
1344 4726 1504 4781 linem
1576 4730 1833 4793 facturus,
1881 4732 2075 4786 merito

490 4814 579 4868 fax
623 4816 727 4868 dici
762 4816 981 4884 poterit,
1011 4830 1104 4869 aut
1128 4818 1327 4887 lignum
1363 4822 1538 4874 adhuc
1566 4821 1857 4891 fumigans.
1891 4824 2070 4877 (hete-

490 4924 607 4960 rum
644 4908 731 4961 ubi
756 4923 850 4961 eos
890 4910 1110 4962 timidos
1162 4914 1451 4964 adutodum
1486 4923 1536 4965 et
1573 4927 1806 4966 mmrore
1876 4930 2071 4983 magno

490 5000 730 5053 delectos
762 5015 883 5054 esse
917 5000 1258 5072 intelligeret,
1301 5004 1443 5071 quod
1512 5004 1833 5058 dimicantes
1883 5016 2069 5057 centra

490 5091 701 5146 Phacee
730 5093 1095 5159 vincerentur,
1128 5097 1346 5162 etquod
1400 5106 1614 5149 centum
1663 5097 1849 5165 viginti
1904 5097 2070 5150 millia

489 5199 554 5236 ex
583 5182 741 5247 Juda,
775 5196 830 5237 ut
858 5186 990 5249 dixi,
1045 5201 1152 5240 uno
1205 5187 1291 5241 die
1347 5188 1721 5241 curruissent:
1780 5188 1940 5242 etiam
1992 5190 2074 5241 his

491 5272 941 5327 terriculamentis
1019 5290 1113 5330 eos
1185 5276 1396 5339 eximit,
1457 5286 1511 5328 et
1562 5277 1771 5344 inquit:
1814 5278 2074 5342 «Quando

495 5364 642 5417 enim
686 5363 767 5417 ira
794 5363 992 5419 furoris
1019 5367 1122 5421 mei
1154 5365 1335 5429 fuerit,
1372 5368 1565 5421 iterum
1597 5369 1849 5431 sanabo,»
1886 5368 1937 5422 id
1966 5380 2066 5434 est,

495 5438 839 5524 nequaquam
870 5458 1220 5522 cecidissent,
1245 5460 1345 5514 nisi
1381 5459 1530 5514 furor
1566 5475 1717 5514 meus
1740 5461 1791 5513 in
1850 5477 2066 5513 manmn

492 5547 725 5603 hostium
773 5564 863 5602 eos
892 5551 1226 5605 tradidisset.
1260 5550 1388 5618 Sed,
1426 5552 1619 5621 inquit,
1656 5553 1700 5607 si
1762 5551 1924 5607 fuerit
1992 5554 2066 5605 ira

493 5654 613 5693 mea
642 5649 828 5693 contra
860 5643 1122 5711 quosdam
1159 5658 1410 5709 accensa,
1438 5660 1627 5699 rursus
1656 5659 1749 5700 eos
1796 5646 1884 5714 qui
1923 5646 2065 5715 passi

491 5740 617 5787 sunt
662 5736 883 5787 sanabo.
923 5734 1055 5789 Nam
1084 5738 1174 5805 qui
1227 5752 1293 5792 ex
1342 5738 1417 5791 ira
1480 5738 1721 5803 tradidit,
1787 5735 1945 5792 facile
2003 5752 2065 5789 ex

597 5847 644 5879 ³⁸
683 5846 724 5905 1.
753 5846 871 5903 Tim
924 5866 985 5915 ll,
1022 5851 1075 5904 4.

2178 4637 2206 4688 6
2235 4634 2412 4698 δαλὸς,
2469 4635 2599 4686 ὅταν
2635 4632 2887 4702 ἐξέληται
2931 4632 3027 4685 τοῦ
3059 4632 3252 4703 πυρὸς,
3281 4632 3600 4696 καπνίζεται
3642 4630 3759 4700 μὲν,

2179 4726 2318 4797 πλὴν
2343 4728 2399 4779 ὲν
2428 4725 2723 4795 καταλήξει
2754 4725 2987 4792 γίνεται,
3018 4724 3112 4778 τοῦ
3146 4727 3242 4779 καὶ
3280 4724 3359 4777 ἔτι
3386 4726 3447 4777 τὸ
3480 4724 3591 4794 πῦρ
3620 4724 3761 4794 ἔχειν

2178 4819 2235 4871 ἐν
2266 4816 2464 4888 ἐαυτῷο
2496 4816 2637 4869 κατὰ
2666 4817 2758 4868 τὸν
2783 4813 2922 4878 ἴσον,
2949 4812 3125 4886 οἶμαι,
3161 4816 3371 4869 τουτονὶ
3403 4817 3622 4887 τρόπον,
3670 4815 3762 4867 καὶ

2176 4909 2466 4979 ἄνθρωπος
2517 4909 2731 4979 μέλλων
2761 4909 2793 4979 ἦ
2830 4908 2974 4978 ζωῆς
3005 4910 3037 4979 ἢ
3069 4911 3389 4981 πράγματος
3437 4910 3493 4959 ἐν
3522 4907 3761 4978 καταλή-

2180 5001 2260 5066 ξει
2287 5001 2551 5068 γίνεσθαι,
2575 5002 2771 5069 λέγοιτ’
2803 5001 2867 5054 ἂν
2890 5002 3113 5065 εἰκότως
3142 5002 3298 5063 δαλὸς
3327 5002 3358 5071 ἦ
3387 5000 3542 5067 ξύλον
3569 5017 3762 5053 καπνι-

2182 5094 2405 5164 ζόμενον
2434 5094 2533 5146 ἔτι.
2589 5093 2807 5164 Ἐπειδὴ
2836 5093 2891 5145 δὲ
2925 5095 3203 5162 ὴπίστοιτο
3234 5094 3497 5164 περιδεεῖς
3531 5093 3761 5162 μάλιστα

2180 5185 2493 5252 γεγονότας,
2526 5184 2619 5236 καὶ
2654 5185 2708 5236 ἐν
2756 5184 3035 5254 κατηφείᾳ
3069 5184 3258 5254 πολλῇ,
3298 5184 3385 5236 διά
3413 5200 3469 5236 τε
3505 5184 3563 5235 τὸ
3602 5183 3768 5252 ηττᾶο

2184 5278 2307 5329 σθαι
2332 5277 2757 5346 μεμαχημένους
2784 5278 2919 5345 πρὸς
2940 5276 3135 5337 Φακεὲ,
3163 5277 3248 5328 ὅτε
3265 5275 3358 5327 καὶ
3390 5273 3762 5335 πεπτώκασιν,

2183 5372 2257 5432 ὡς
2300 5368 2462 5439 ἔφην,
2522 5369 2717 5421 ἑκατὸν
2746 5369 2918 5421 εἴκοσι
2957 5368 3187 5438 χιλιάδες
3242 5370 3305 5420 ἐκ
3340 5368 3432 5420 τοῦ
3485 5368 3655 5421 Ἰούδα
3710 5369 3767 5419 ἐν

2179 5461 2364 5531 ἡμέρᾳ
2397 5462 2527 5530 μιᾷ·
2572 5460 2668 5513 καὶ
2710 5460 2915 5511 τούτων
2946 5458 3191 5529 ἐξίστησι
3220 5459 3328 5511 τῶν
3357 5459 3627 5527 δειμάτων
3672 5459 3768 5510 αὑ-

2174 5552 2319 5614 τοὺς,
2352 5552 2441 5603 καί
2494 5565 2677 5621 φησιν’
2714 5550 2918 5601 (Ὅταν
2975 5548 3083 5619 γὰρ
3121 5548 3397 5620 ὀργὴιτοῦ
3435 5550 3609 5620 θυμοῦ
3666 5567 3768 5619 μου

2173 5645 2420 5716 γένηται,
2452 5644 2611 5697 πάλιν
2647 5643 2927 5712 ἰάσομαι-ι
2961 5640 3103 5693 τοῦτ’
3138 5640 3302 5703 ἔστιν,
3339 5642 3445 5693 οὐδ’
3476 5643 3540 5694 ἂν
3572 5643 3767 5694 ἐκεῖνοι

2178 5737 2557 5804 πεπτώκασιν,
2592 5737 2641 5789 εἰ
2679 5735 2753 5805 μὴ
2786 5732 3030 5803 ,δέδωκεν
3078 5735 3272 5797 αὐτοὺς
3320 5734 3423 5787 ὑπὸ
3468 5737 3626 5806 χεῖρα
3659 5732 3767 5786 τῶν
