4152 6366
404 408 505 462 197

1569 392 1637 450 ΙΝ
1678 388 1914 448 lSAlAM
1952 387 2080 442 LIB.
2122 386 2165 443 1.
2208 385 2421 440 ORAT.
2458 384 2544 437 ιν.

3568 379 3673 438 198

404 525 611 595 ἐχθρῶν
661 520 834 592 θυμὸς
880 518 1031 591 ἐμός.
1076 516 1213 572 Ἀλλ’
1249 515 1298 569 εἰ
1330 515 1574 584 γένοιτο,
1610 512 1765 583 φησὶ,
1817 508 1885 561 τά
1938 505 1997 571 ἐξ

2107 506 2293 559 innata
2321 502 2551 573 quadam
2608 497 3020 555 mansuetudine
3074 506 3126 553 at
3168 496 3502 552 humanitate
3555 500 3674 552 exi-

403 618 571 690 ὀργῆς
598 614 741 669 κατά
776 629 961 677 τινων,
1000 611 1222 682 ίάσομαι
1251 608 1415 662 πάλιν
1455 607 1583 670 τοὺς
1625 602 1984 663 πεπονθότας.

2096 599 2215 652 mil.

415 715 474 769 ’0
503 716 611 784 γὰρ
645 712 920 783 παραδοὺς
964 711 1022 777 ἐξ
1050 712 1242 782 ὀργῆς,
1288 707 1549 773 ὲξελεῖται
1581 702 1778 776 ῥᾳδίως
1816 700 1882 753 δι’
1916 699 2156 768 ἔμφυτον
2182 695 2498 766 ἡμερότητα
2524 692 2617 747 καὶ
2648 690 3075 762 φιλανθρωπίαν.

474 806 581 860 Καὶ
611 808 645 859 ό
672 804 802 870 υἱὸς
833 802 938 857 τοῦ
970 803 1171 872 Ἀρὰμ,
1200 801 1296 855 καὶ
1326 804 1357 854 d
1386 801 1516 865 υἱὸς
1543 798 1647 851 τοῦ
1677 795 2001 864 Ῥομελίου,

405 898 494 951 ὅτι
521 898 967 951 ἐϐουλεύσαντο
1003 893 1252 962 βουλὴν
1276 892 1548 960 πονηρὰν
1575 889 1707 959 περὶ
1741 887 1857 941 σοῦ
1892 885 1992 940 λέ·-

406 1008 614 1060 τοντες
643 1004 659 1019 ·
699 988 1154 1057 Ἀναὸησόμεθα
1214 989 1301 1052 εις
1348 984 1464 1051 τὴν
1517 982 1827 1042 Ἰουδαίαν,
1892 979 1991 1033 καὶ

407 1081 915 1147 συλλαλήσαντες
973 1081 1179 1146 αὐτοῖς
1251 1075 1715 1145 ἀποστρέψομεν
1772 1072 1995 1138 αὐτοὺς

409 1174 560 1243 πρὸς
608 1171 783 1243 ἡμᾶς.
828 1173 928 1226 καὶ
961 1171 1423 1239 βασιλεύσομεν
1473 1167 1675 1233 αὐτοῖς
1703 1166 1811 1221 τὸν
1860 1165 1995 1219 υἱὸν

414 1267 639 1336 Τασεήλ
659 1284 673 1298 ο
712 1264 852 1319 τάδε
881 1266 1042 1333 λέγει
1072 1263 1284 1331 Κύριος
1308 1260 1571 1315 Σαϐαὼθ·
1627 1261 1710 1313 Οὐ
1756 1256 1842 1328 μὴ
1894 1257 1996 1325 ἐμ·-

408 1357 584 1428 μείνῃ
615 1357 654 1425 ἦ
680 1355 884 1423 ,ϐουλὴ
910 1354 1085 1420 αὕτη,
1130 1352 1272 1407 οὐδὲ
1303 1354 1495 1407 ἔσται.

464 1449 603 1503 Οὔτε
623 1448 731 1501 τῶν
751 1447 872 1501 κατ’
889 1446 1053 1501 αὐτοῦ
1072 1463 1249 1498 σκευω
1258 1462 1321 1516 ρη
1331 1446 1515 1514 μάτων
1534 1442 1634 1515 τὴν
1658 1440 1996 1510 ἀπαγγελίαν

411 1539 755 1595 ἀπιστεῖσθαι
776 1540 1067 1609 συγχωρεῖ,
1098 1538 1220 1590 οὐτε
1243 1537 1348 1608 μὴν
1371 1536 1555 1607 ἐφίησι
1579 1533 1853 1605 περισσῶς
1877 1550 1998 1586 συν-

412 1629 706 1701 θραύεσθαι
725 1628 961 1697 δείματι.
988 1626 1297 1690 Βεὸαιώσας
1323 1625 1379 1678 δὲ
1408 1623 1624 1695 μᾶλλον,
1649 1623 1744 1677 καὶ
1776 1623 1996 1693 ἀληθεῖς

410 1724 691 1792 ἀποφήνας
710 1722 809 1785 τὰς
827 1722 947 1775 κατ’
963 1719 1128 1773 αὑτοῦ
1151 1719 1482 1782 συναινέσεις
1502 1720 1668 1791 ἤγουν
1682 1716 1997 1787 συμφωνίας

410 1815 519 1867 τῶν
543 1815 637 1868 δύο
667 1814 933 1886 βασιλέων
959 1853 975 1879 ,
1035 1814 1377 1883 ὑπισχνεῖται
1421 1812 1521 1884 τὴν
1549 1810 1867 1881 ἐπικουρίαν
1910 1826 1998 1880 με·

410 1907 692 1959 τατάττων
719 1906 814 1957 ἐπὶ
842 1906 904 1958 τὸ
949 1906 1035 1959 ἐπ’
1065 1904 1244 1958 αὐτῶν
1277 1904 1477 1974 μᾶλλον
1519 1904 1833 1975 ἐρηρεῖσθαι
1863 1902 1993 1966 δεῖν,

413 1998 507 2050 καὶ
542 1997 618 2068 μὴ
640 2000 761 2061 ταῖς
786 1997 896 2049 τῶν
923 1997 1155 2051 εἰδώλων
1188 1997 1544 2069 προσκεῖσθαι
1570 1997 1868 2067 λατρείαις,
1904 1994 1998 2049 καὶ

409 2092 524 2152 τοῖς
553 2090 664 2142 τῶν
708 2089 1129 2159 ψευδομαντέων
1185 2088 1386 2157 λόγοις,
1437 2090 1487 2142 οἳ
1522 2089 1693 2159 μυρία
1743 2089 1841 2159 μὲν
1896 2089 1995 2141 ὃσα

412 2182 553 2235 κατά
576 2179 805 2252 γνώμην
841 2182 979 2251 φασὶ
1033 2183 1147 2244 τοῖς
1204 2181 1305 2244 τὰς
1357 2181 1581 2245 πεύσεις
1633 2181 1995 2253 προσάγουσι,

412 2274 633 2335 λαλοῦσί
663 2292 727 2343 γε
762 2274 869 2345 μὴν
895 2273 1004 2326 τῶν
1037 2273 1252 2343 ἀληθῶν
1285 2274 1459 2327 οὐδέν.
1479 2275 1600 2328 Ὅτι
1637 2274 1817 2327 τοίνυν
1844 2275 1997 2328 ἐϐου-

412 2364 673 2418 λεύσαντο
691 2404 707 2429 ,
734 2367 918 2436 φησὶν,
952 2365 1199 2418 ἀνελθεῖν
1224 2365 1323 2435 μὲν
1351 2368 1431 2429 εἰς
1460 2366 1559 2437 τὴν
1589 2365 1867 2430 Ἰουδαίαν,
1902 2367 1999 2418 καὶ

416 2460 745 2529 συλλαλῆσαι
776 2463 889 2522 τοῖς
945 2459 1050 2511 ὑπὸ
1079 2462 1238 2531 χεῖρα
1289 2461 1409 2530 σὴν,
1454 2460 1743 2514 ἀναπεῖσαί
1774 2478 1831 2514 τε
1882 2462 1999 2524 ταῖς

413 2552 590 2606 αὐτῶν
624 2550 853 2603 ἕπεσθαι
892 2550 1163 2622 γνώμαις,
1195 2551 1395 2622 ἀληθὲς
1434 2552 1527 2604 καὶ
1557 2550 1995 2622 ὡμολογημένον.

415 2644 705 2697 Βούλονται
734 2642 844 2714 γάρ
880 2645 1173 2715 ἐπιστῆσαι
1197 2645 1287 2697 τὸν
1314 2645 1408 2697 τοῦ
1439 2644 1655 2715 Ταὸεὴλ
1683 2645 1819 2698 υίὸν.
1860 2643 2000 2696 Ἀλλ’

412 2737 514 2789 οὒκ
563 2736 716 2789 ἔσται
747 2735 925 2798 τοῦτο,
984 2736 1170 2806 φησίν.
1198 2737 1307 2789 Καὶ
1348 2736 1431 2800 τίς
1465 2738 1493 2790 6
1532 2736 1999 2807 ὑπισχνούμενος;

414 2829 621 2900 Κύριος
654 2828 903 2889 Σαϐαὼθ,
960 2829 1105 2882 τοῦτ’
1140 2829 1275 2893 ἔστι,
1312 2829 1513 2904 Κύριος
1544 2829 1653 2882 τῶν
1697 2830 1999 2901 δυνάμεων,

414 2920 537 2991 ἦτοι
570 2921 635 2972 ὲκ
671 2920 943 2991 στρατιῶν
965 2936 979 2951 ’
1004 2914 1065 2974 οὗ
1112 2919 1176 2991 δὴ
1218 2921 1563 2984 συννεύοντος
1591 2921 1652 2973 τὸ
1679 2921 1875 2991 χρῆναι
1924 2938 2004 2973 νι-

414 3008 542 3078 κᾷν,
572 3002 656 3071 οἷς
680 3009 746 3061 ἂν
779 3008 954 3061 ἕλοιτο
982 3008 1165 3078 τυχὸν,
1196 3008 1279 3072 τίς
1325 3012 1353 3062 ὀ
1383 3008 1738 3081 ἀναστρέψων
1766 3011 1833 3063 τὰ
1866 3010 2002 3080 ἐψη-

417 3091 691 3168 φισμένας
718 3099 830 3152 Καὶ
861 3103 974 3163 τοῖς
1000 3100 1164 3163 θείοις
1192 3100 1358 3153 αὐτου
1398 3100 1682 3172 κρίμασιν,
1706 3101 1789 3165 τίς
1816 3104 1843 3155 6
1876 3105 2004 3155 ἀντ-

417 3188 632 3259 εξάγειν
690 3190 1025 3261 δυνάμενος;
1071 3191 1287 3245 Βεόαιοῖ
1328 3192 1619 3267 τοιγαροῦν
1696 3194 1777 3256 είς
1821 3194 2005 3247 πίστιν

416 3284 545 3346 τοὺς
571 3283 833 3345 ἀπίστους
867 3283 968 3335 ἔτι.
1004 3284 1079 3335 Οὐ
1113 3283 1224 3354 γάρ
1272 3284 1465 3355 χρείαν
1497 3284 1711 3355 ἔχουσιν
1744 3287 1793 3337 οἱ
1829 3284 2007 3352 ὑγιαί-

419 3393 602 3439 νοντες
630 3376 836 3447 ἰατροῦ,
868 3376 984 3429 ἀλλ’
1008 3378 1054 3428 οἱ
1088 3375 1275 3439 κακῶς
1294 3377 1529 3447 ἔχοντες,
1564 3377 1704 3431 καθά
1734 3377 1824 3431 καὶ
1848 3377 2009 3440 αὐτὸς

420 3467 642 3537 εἴρηκεν
667 3468 695 3519 6
726 3467 939 3536 Σωτήρ.
984 3467 1181 3519 ’ἰστέον
1213 3466 1270 3518 δὲ
1320 3466 1400 3518 ὅτι
1431 3465 1544 3517 υἱὸν
1573 3465 1673 3535 μὲν
1703 3465 1795 3519 τοῦ
1830 3466 2007 3538 Ἀρὰμ
2035 3485 2078 3545 C

418 3562 511 3613 τὸν
539 3560 708 3633 Σύρον
754 3559 1044 3623 ἀποκαλεῖ,
1085 3558 1229 3611 τοῦτ’
1264 3558 1401 3621 ἐστι,
1435 3557 1527 3611 τὸν
1566 3555 1864 3624 Ῥαασσὼν,
1910 3558 2004 3612 τοῦ

422 3670 487 3721 γε
516 3653 620 3723 μὴν
648 3652 927 3722 Ῥομελίου
960 3651 1052 3705 τὸν
1073 3651 1265 3715 Φακεὲ,
1305 3651 1363 3714 ὃς
1396 3651 1777 3721 βεϐασίλευκεν
1807 3654 1897 3705 ἐπὶ
1920 3653 2012 3705 τὸν

437 3743 676 3813 Ἰσραὴλ.
692 3742 838 3795 τοῦτ’
860 3742 995 3805 ἔστι,
1017 3741 1124 3795 τῶν
1152 3741 1283 3794 δέκα
1317 3742 1498 3812 φυλῶν
1530 3744 1588 3795 ἐν
1613 3747 1679 3814 τῇ
1702 3744 2008 3816 Σαμαρείᾳ.

513 3835 671 3887 Ἀλλ’
701 3836 740 3902 ἡ
785 3833 1021 3902 κεφαλὴ
1064 3834 1236 3903 Ἀρὰμ
1284 3834 1622 3903 Δαμασκὸς.
1673 3835 1773 3889 καὶ
1808 3838 1847 3903 ἡ
1911 3854 2009 3889 κε-

422 3924 589 3993 φαλὴ
644 3922 966 3992 Δαμασκοῦ
1006 3922 1361 3977 Ῥαασσώνυ
1411 3923 1548 3978 ἀλλ’
1590 3924 1679 3977 ἔτι
1714 3924 2011 3991 ἐξήκοντα

424 4014 523 4066 καὶ
562 4014 742 4067 πέντε
800 4012 972 4077 ἐτῶν,
1024 4014 1292 4083 ἐκλείψει
1342 4016 1379 4083 ἡ
1427 4016 1718 4079 βασιλεία
1762 4016 2010 4085 Ἐφρατμ

422 4107 543 4161 ἀπὸ
579 4108 751 4171 λαοῦ,
786 4107 883 4161 καὶ
920 4107 956 4174 ἡ
989 4107 1225 4175 κεφαλὴ
1274 4108 1524 4177 Ἐφραῒμ
1568 4108 1866 4177 Σομόρων,
1910 4107 2010 4161 καὶ

422 4200 463 4267 ἠ
496 4200 730 4267 κεφαλὴ
764 4201 1062 4267 Σομόρων,
1102 4199 1231 4264 υἱὸς
1258 4200 1366 4253 τοῦ
1403 4200 1731 4268 Ῥομελίου.
1767 4200 1874 4253 Καὶ
1902 4199 2011 4253 ἐὰν

423 4288 506 4359 μὴ
532 4292 921 4358 πιστεύσητε,
965 4290 1093 4345 οὐδ’
1119 4293 1191 4345 οὺ
1219 4290 1305 4359 μὴ
1335 4290 1585 4359 συνῆτε.

495 4384 619 4446 Τοῖς
656 4382 974 4453 διατρανοῦν
1035 4382 1279 4436 ἐθέλουσι
1334 4383 1403 4435 τὰ
1454 4384 1511 4434 ὲν
1554 4383 1619 4452 τῇ
1664 4380 2009 4451 θεοπνεύστῳ

422 4476 637 4547 Γραφῇ,
672 4476 830 4545 χρεία
862 4476 925 4547 δὴ
965 4476 1183 4539 πάντως
1217 4476 1312 4528 καὶ
1357 4475 1687 4546 ἀφηγήσεως
1735 4476 2006 4545 ἱστοριῶν,

425 4568 515 4622 ἵνα
550 4566 882 4637 πανταχόθεν
915 4568 975 4619 τὸ
1009 4568 1211 4637 ἀληθὲς
1241 4569 1353 4629 τοῖς
1385 4566 1549 4630 θείοις
1578 4566 1778 4638 ἕπηται
1803 4567 2004 4635 λόγοις.

437 4660 741 4728 Ἐξηγεῖται
799 4658 981 4711 τοίνυν
1035 4660 1063 4711 6
1114 4660 1400 4729 προφήτης
1450 4657 1519 4710 τὰ
1563 4659 1621 4712 ὲν
1672 4660 1784 4723 τοῖς
1841 4660 2008 4730 ἱεροῖς

426 4752 754 4823 Γράμμασι,
804 4750 872 4802 δι’
903 4744 977 4801 ὧν
1010 4750 1123 4802 ἔστι
1158 4750 1392 4820 μάλιστα
1420 4753 1540 4813 ταῖς
1575 4749 1685 4803 τῶν
1712 4752 2008 4823 προκειμέ-

2191 790 2347 844 Vens.
2384 791 2437 843 5.
2468 787 2535 841 Et
2590 788 2732 855 ﬁlius
2767 788 2928 839 Aram
2956 797 3001 839 et
3050 784 3194 849 ﬁlius
3255 782 3529 846 Romolia',
3552 782 3678 851 quia

2095 884 2326 935 inierunt
2364 881 2640 933 consilium
2684 893 2903 945 pravum
2940 888 3123 929 contra
3157 886 3224 939 te,
3270 876 3540 927 dicentes:
3578 873 3678 925 As-

2096 974 2371 1027 cendemus
2405 973 2462 1024 in
2507 969 2776 1032 Judwam,
2806 980 2851 1022 et
2871 969 3217 1038 colloquentes
3253 983 3368 1020 cum
3396 968 3471 1018 eis
3504 974 3679 1018 trans-

2097 1067 2321 1136 frremus
2346 1082 2429 1118 eos
2456 1064 2523 1117 ad
2547 1081 2661 1126 nos,
2679 1073 2727 1116 et
2767 1078 2936 1131 regem
2989 1061 3332 1128 pra'ﬁciemus
3387 1059 3491 1113 illis
3506 1059 3679 1126 ﬁlium

2100 1158 2326 1212 Tabeel:
2355 1162 2464 1209 lia'c
2498 1157 2625 1209 dicit
2660 1154 2911 1208 Dominus
2948 1153 3183 1208 Sabaoth
3227 1170 3241 1207 :
3272 1152 3397 1206 Non
3452 1151 3677 1205 manebit

2097 1252 2375 1305 consilium
2407 1251 2564 1316 istuc,
2598 1264 2759 1318 neque
2784 1247 2907 1299 erit.

2169 1428 2488 1484 lnsidiarum
2508 1438 2694 1483 contra
2725 1427 2899 1497 ipsum
2942 1441 3208 1481 rumorem
3230 1442 3403 1494 neque
3432 1426 3682 1482 concedit

2099 1538 2205 1578 non
2228 1522 2578 1583 credendum,
2626 1535 2800 1588 neque
2838 1520 3079 1589 permitit
3104 1534 3224 1571 eum
3260 1520 3425 1571 nimio
3470 1528 3682 1572 terrore

2099 1613 2395 1683 constringi
2427 1630 2440 1666 :
2473 1612 2565 1667 sed
2589 1610 2875 1666 confirmat
2901 1611 3108 1681 potius,
3142 1621 3195 1663 et
3223 1610 3383 1680 118
3424 1610 3681 1681 conjnra-

2100 1708 2275 1762 tiones
2311 1718 2718 1774 consensusque
2760 1712 2948 1758 contra
2993 1704 3166 1771 ipsum
3218 1704 3447 1757 duorum
3493 1718 3681 1771 regum

2099 1813 2259 1853 veros
2292 1812 2413 1851 esse
2445 1798 2802 1857 demonstrat,
2846 1795 3145 1848 subsidium
3187 1795 3476 1862 promittit.
3509 1810 3685 1864 eoque

2102 1883 2360 1940 transfert
2411 1898 2475 1938 ac
2504 1882 2671 1948 ducit,
2741 1883 2817 1937 uti
2873 1883 3017 1951 dixi,
3074 1892 3129 1935 ιιι
3162 1884 3259 1952 ipsi
3303 1884 3683 1950 inniterentur,

2100 1994 2164 2033 ac
2185 1979 2549 2041 considerent,
2578 1992 2679 2031 nec
2699 1976 2963 2030 idolorum
2997 1977 3233 2031 cultibus
3273 1978 3680 2040 addicerentur,

2104 2073 2469 2139 falsorumque
2500 2080 2682 2124 vatum
2714 2070 3077 2134 sermonibus,
3109 2070 3198 2137 qui
3235 2069 3439 2123 infinita
3468 2071 3686 2141 quidem

2100 2181 2196 2236 pro
2230 2166 2392 2220 animi
2422 2166 2503 2219 sui
2548 2164 2771 2218 libidine
2843 2162 3245 2217 sciscitantibus
3312 2165 3685 2231 pronuntiant,

2099 2256 2210 2311 veri
2242 2268 2421 2310 autem
2452 2255 2586 2310 nihil
2636 2254 2947 2323 loquuntur.
3000 2253 3151 2320 Quod
3203 2252 3369 2322 igitur
3397 2255 3685 2309 consilium

2100 2350 2322 2404 inierint
2352 2347 2660 2403 revertendi
2707 2349 2757 2400 in
2809 2346 3071 2413 Judazam,
3111 2360 3164 2401 et
3217 2364 3501 2403 sermones
3554 2365 3677 2403 cum

2103 2442 2209 2496 tuis
2248 2440 2480 2496 subditis
2532 2437 2871 2503 conlerendi,
2922 2440 3388 2509 persuadendique
3437 2451 3493 2493 ut
3532 2456 3685 2494 suam

2099 2546 2400 2605 sequantur
2458 2531 2787 2585 voluntatem
2849 2547 2911 2584 ac
2966 2533 3319 2596 sententiam,
3368 2547 3555 2587 verum
3605 2543 3687 2589 est

2101 2624 2532 2681 etconfessuin:
2604 2621 2794 2675 volunt
2849 2622 3048 2675 etenim
3088 2623 3191 2675 illis
3236 2622 3485 2678 Tabeelis
3522 2623 3688 2677 filium

2103 2718 2445 2787 prostituere.
2478 2714 2680 2769 Verum
2750 2728 2856 2767 non
2896 2712 2998 2767 erit
3032 2714 3153 2776 hoc.
3203 2715 3394 2784 inquit.
3444 2716 3508 2769 Et
3566 2719 3691 2785 quis

2107 2810 2321 2863 tandem
2386 2816 2471 2862 est
2521 2806 2610 2874 qui
2640 2804 2953 2873 promittit?
2990 2803 3246 2858 Dominus
3307 2807 3569 2873 Sabaoth,
3635 2799 3704 2862 Μ’

2103 2900 2419 2957 estvirtutis
2455 2913 2550 2953 seu
2577 2896 2911 2951 exercituum
2938 2914 2950 2949 :
2982 2912 3087 2966 quo
3110 2909 3379 2953 annuente
3411 2900 3692 2956 victoriam

2104 2994 2301 3063 quibus
2334 2990 2587 3055 voluerit,
2634 2989 2755 3057 quis
2787 3004 2851 3043 ea
2901 3004 3021 3057 qua:
3047 2990 3262 3044 decreta
3297 3000 3423 3045 sunt
3459 2992 3694 3045 evertet?

2106 3088 2171 3141 Et
2203 3086 2398 3140 divinis
2422 3082 2539 3152 ejus
2568 3083 2786 3149 iudiciis
2815 3083 2940 3151 quis
2970 3092 3143 3151 potest
3179 3084 3436 3139 resistere
3467 3084 3489 3137 ?
3544 3084 3698 3138 Cmt-

2108 3179 2286 3231 firmat
2309 3174 2534 3246 proinde
2562 3175 2614 3227 in
2647 3175 2749 3228 fide
2775 3176 2939 3229 etiam
2968 3173 3081 3240 jam
3102 3174 3368 3229 infideles.
3396 3175 3513 3230 Non
3550 3178 3695 3232 enim

2107 3286 2241 3336 opus
2280 3268 2484 3321 habent
2510 3265 2627 3319 sani
2659 3266 2865 3319 medico
2892 3305 2909 3330 ,
2955 3264 3047 3318 sed
3095 3266 3233 3320 male
3284 3266 3547 3322 habentes
3614 3269 3695 3335 ³⁸,

2110 3364 2252 3414 sicut
2292 3368 2347 3412 et
2384 3361 2495 3427 ipse
2540 3357 2675 3411 dixit
2712 3356 2994 3410 Servator.
3058 3355 3351 3411 Sciendum
3405 3374 3695 3426 praeterea,

2111 3453 2253 3520 quod
2285 3452 2451 3505 filium
2487 3452 2653 3505 Aram
2684 3450 2918 3519 appellet
2950 3449 3169 3520 Syrum,
3204 3449 3256 3503 id
3276 3462 3357 3504 est
3380 3448 3693 3515 Iihaasson,

2122 3546 2286 3598 filium
2311 3544 2566 3598 Romeliie
2593 3542 2880 3607 Phaceem,
2913 3544 3003 3611 qui
3031 3542 3279 3612 regnavit
3300 3557 3464 3611 snper
3508 3541 3697 3609 Israel,

2118 3640 2167 3692 id
2196 3649 2300 3702 est,
2352 3638 2541 3691 decem
2575 3637 2747 3689 tribus
2781 3636 2834 3688 in
2865 3636 3135 3689 Samaria.

2184 3813 2350 3869 Vens.
2383 3811 2437 3865 8.
2480 3810 2584 3865 Sed
2636 3820 2792 3880 caput
2848 3810 3013 3864 Aram
3058 3808 3375 3874 Damascus,
3438 3820 3488 3866 et
3539 3823 3695 3879 caput

2114 3906 2363 3959 Damasci
2392 3904 2671 3957 Rhaasson
2697 3921 2715 3957 .'
2756 3906 2847 3957 sed
2877 3906 2931 3957 in
2960 3907 3115 3958 annis
3140 3906 3413 3974 sexaginta
3447 3915 3495 3958 et
3545 3909 3697 3974 quin-

2110 4014 2208 4067 que
2243 3996 2447 4062 deficiet
2512 4010 2728 4061 regnum
2792 3990 3051 4060 Epltraim
3104 4009 3135 4045 a
3184 3991 3396 4061 populo,
3440 4003 3488 4045 et
3543 4003 3700 4059 caput

2112 4089 2364 4156 ΕμΙιι-αἱιιι
2396 4086 2672 4150 Somoron,
2732 4096 2778 4139 et
2801 4097 2952 4152 caput
2979 4082 3233 4138 Somoron
3262 4085 3403 4152 ﬁlius
3432 4082 3696 4139 Romeliw.

2113 4180 2177 4233 Et
2206 4180 2306 4233 nisi
2340 4178 2692 4243 credideritis,
2738 4192 3064 4245 nequaquam
3093 4175 3417 4245 intelligetis.

2181 4397 2281 4464 Qui
2335 4410 2609 4466 exponere
2669 4395 2860 4451 volunt
2915 4412 3036 4466 qua:
3100 4396 3378 4468 Scriptura
3441 4400 3702 4455 divinitus

2112 4491 2370 4559 inspirata
2390 4492 2760 4553 continentur,
2806 4489 2858 4543 hi
2880 4505 3015 4558 Opus
3041 4492 3264 4544 omnino
3301 4490 3501 4547 habent
3532 4494 3698 4545 etiam

2112 4584 2425 4637 narratione
2483 4584 2855 4648 historiarum,
2929 4592 2987 4637 ut
3062 4584 3426 4652 undequaque
3493 4586 3702 4639 veritas

2112 4676 2325 4730 divinos
2385 4690 2667 4729 sermones
2743 4684 3132 4745 consequatur.
3216 4676 3453 4732 Enarrat
3537 4678 3701 4747 igitur

2114 4770 2370 4839 prOpIieta
2406 4784 2525 4838 quae
2556 4770 2607 4821 in
2643 4769 2816 4823 sacris
2872 4767 3094 4823 Litteris
3166 4771 3379 4836 prodita
3426 4782 3571 4836 sunt,
3632 4790 3699 4827 ex

425 4863 530 4898 νων
570 4844 800 4907 ἐννοίαις
828 4843 1025 4912 ἄριστα
1064 4842 1411 4915 προσϐαλεῖν.
1455 4841 1666 4895 Οὐκοῦν
1708 4844 1765 4896 ὲν
1796 4845 2003 4914 καιροῖς

2115 4862 2309 4932 quibus
2342 4862 2576 4914 maxime
2607 4861 2903 4930 poterimus
2953 4876 3170 4914 sensum
3203 4861 3394 4916 horum
3412 4863 3700 4917 verborum

430 4936 704 5006 βασιλείας
756 4935 851 4988 τοῦ
880 4933 1057 5004 ’Ἄχας⁹
1090 4936 1560 5005 συμπεφωνήκασι
1609 4934 1709 5006 μὲν
1742 4936 1878 5006 μετά
1910 4934 2006 4988 τοῦ

439 5033 607 5086 Ἰούδα
637 5034 729 5086 καὶ
761 5032 870 5085 τῶν
905 5031 1169 5103 Ἰεροσολύ
1178 5049 1293 5101 μων
1320 5033 1347 5084 ὅ
1368 5050 1426 5084 τε
1442 5033 1725 5086 Ῥαασσὼν
1754 5033 2009 5105 βασιλεὺς

428 5124 625 5195 Συρίας
658 5127 752 5177 καὶ
782 5122 1099 5195 Δαμασκοῦ,
1134 5125 1229 5176 καὶ
1258 5126 1433 5177 Φακεὲ
1456 5126 1570 5189 υἱὸς
1609 5127 1888 5193 Ῥομελίου
1917 5127 2012 5197 βα-

430 5216 654 5271 σιλεύων
713 5218 805 5269 ἐπὶ
851 5218 941 5269 τὸν
984 5217 1203 5289 Ἰσραὴλ
1246 5217 1304 5269 ὲν
1341 5219 1406 5287 τῇ
1456 5218 1760 5289 Σαμαρείᾳ.
1813 5219 2010 5283 Δεδιὼς

428 5312 604 5362 τοίνυν
627 5310 725 5381 τὴν
760 5310 945 5380 ἔφοδον
976 5313 1004 5363 6
1026 5308 1205 5381 Ἀχαζ
1224 5310 1399 5363 πείθει
1427 5313 1670 5382 χρήμασι
1697 5313 1786 5364 τὸν
1801 5313 2006 5380 Θεγλα-

428 5403 711 5475 φαλλασάρ
739 5402 849 5455 τῶν
898 5403 1193 5474 Ἀσσυρίων
1222 5404 1443 5475 βασιλέα
1477 5405 1749 5473 ἐπαμῦναί
1778 5423 1835 5456 τε
1886 5407 2010 5457 ἐαυ-

426 5493 526 5562 τῷ,
557 5495 652 5547 καὶ
685 5495 793 5548 τῶν
816 5512 877 5548 συ
887 5498 1330 5567 μπεφωνηκότων
1353 5497 1652 5567 ἀνατρέψαι
1677 5498 1774 5568 τὴν
1799 5498 2005 5566 ἔφοδον.

434 5587 532 5649 ’ος
560 5588 651 5640 καὶ
677 5587 849 5641 ἐλθὼν
881 5589 1057 5642 ἀνεῖλε
1083 5589 1181 5659 μὲν
1207 5588 1304 5661 τὴν
1329 5589 1643 5660 Δαμασκὸν,
1678 5590 2008 5662 μητρόπολιν

429 5672 596 5732 οὖσαν
616 5676 725 5733 τῶν
758 5680 965 5752 Σύρων,
998 5682 1286 5736 ἀπέκτεινε
1322 5682 1376 5736 δὲ
1411 5682 1505 5738 καὶ
1559 5682 1719 5738 αὐτὸν
1759 5683 1848 5737 τὸν
1892 5683 2011 5739 Ῥα-

504 5833 549 5865 ³⁶
572 5832 761 5891 Matth.
794 5851 872 5904 lx,
916 5839 999 5894 12.

2115 4952 2316 5020 optime
2358 4950 2636 5019 consequi.
2679 4950 2867 5019 Itaque
2919 4952 3253 5020 temporibus
3289 4954 3435 5023 regni
3499 4954 3702 5010 Acliazi

2121 5052 2512 5098 consenserunt
2546 5051 2737 5097 contra
2775 5042 2970 5097 Judam
3039 5054 3092 5097 et
3125 5044 3497 5117 Hierosolyma
3555 5046 3705 5100 Rha--

2121 5150 2282 5188 asson
2362 5150 2458 5187 rex
2532 5134 2704 5205 Syriae
2754 5144 2809 5189 et
2873 5135 3144 5200 Damasci,
3197 5147 3252 5191 et
3297 5137 3508 5193 Phacee
3567 5140 3705 5192 lilius

2117 5222 2400 5288 Romeliaa,
2428 5224 2519 5293 qui
2560 5224 2855 5280 lsraelitico
2896 5242 3061 5296 regno
3093 5238 3321 5295 praeerat
3344 5227 3397 5281 in
3431 5227 3703 5283 Samaria.

2119 5316 2367 5369 Metuens
2395 5329 2524 5385 ergo
2550 5316 2826 5371 incursum
2858 5316 3129 5383 Acbazus,
3155 5320 3445 5386 persuadet
3475 5336 3702 5400 pecuina

2120 5409 2633 5480 'l‘heglaphallasaro
2651 5410 2994 5482 Assyriorum
3016 5412 3149 5481 regi,
3171 5412 3340 5467 utsibi
3361 5412 3707 5484 feratsuppe-

2122 5502 2241 5565 tias,
2261 5510 2313 5555 et
2332 5502 2801 5556 confederatorum
2828 5503 3082 5559 insultum
3102 5504 3397 5574 propulset.
3423 5504 3523 5573 Qui
3538 5523 3705 5577 expe-

2119 5595 2329 5651 ditione
2354 5594 2495 5651 facta
2515 5596 2833 5651 Damascum
2850 5597 3067 5664 evertit,
3085 5614 3205 5669 qua:
3222 5598 3482 5671 Syrorum
3500 5612 3702 5654 metro-

2121 5686 2257 5759 polis
2292 5696 2431 5754 erat,
2474 5687 2759 5761 ipsumque
2790 5686 3161 5747 Rhaassonem
3191 5691 3405 5747 occidit.
3442 5691 3706 5751 Defuncto
