4152 6366
520 380 626 440 1ΰ9

1512 375 1571 430 8.
1612 372 1892 429 CYRILLI
1931 373 2409 431 ALEXANDRINI
2448 376 2771 436 ARCIHEP.

3684 385 3789 440 900

521 512 652 555 vero
664 496 827 553 etiam
844 496 895 551 in
915 494 1158 551 Samaria
1174 493 1406 561 Phacee,
1422 493 1644 564 qui;erat
1660 492 1915 547 Romeliaa
1934 492 2097 562 ﬁlius,

2214 494 2404 549 ισσών.
2452 494 2836 556 Ἀποθανόντος
2888 492 2946 548 δὲ
2997 494 3093 548 καὶ
3141 493 3237 549 τοῦ
3282 496 3477 561 Φακεὲ,
3508 498 3566 551 ἐν
3594 501 3660 570 τῇ
3690 500 3791 552 Σα-

524 604 748 659 regnum
782 588 943 659 119
966 588 1160 658 accipit
1184 586 1322 642 Osee
1352 586 1493 639 ﬁlius
1528 585 1657 650 Elae,
1690 584 1773 636 vir
1799 583 2100 654 improbus,

521 690 575 734 et
602 682 904 735 diemouum
936 679 1347 746 deceptionibus
1375 676 1659 732 addictior.
1696 675 1815 742 Quo
1879 691 2102 746 regnum

521 773 897 840 gubernante,
927 768 1174 822 ascendit
1210 766 1564 821 Salmanasar
1606 766 1864 839 Assyrius
1911 769 2106 822 adver-

523 877 615 915 sus
652 870 815 916 totam
847 859 1175 923 Samariam,
1218 868 1271 913 et
1316 856 1603 913 confestim
1660 866 1823 927 capto
1855 857 2016 924 Osca,
2050 871 2105 913 et

526 954 580 1007 in
611 952 731 1006 loco
762 951 906 1006 servi
934 952 1140 1017 habito,
1170 964 1233 1003 ac
1260 957 1455 1003 cuncta
1487 948 1710 1019 regione
1763 957 1999 1013 vastata,
2051 956 2107 1003 et

526 1044 889 1100 Israclitarum
918 1052 1061 1099 terra
1088 1042 1330 1097 desolata
1359 1058 1423 1096 ac
1447 1041 1686 1107 deserta,
1712 1041 1832 1096 loco
1865 1042 2103 1111 ipsorum

526 1137 830 1191 incolarum
860 1136 1151 1205 inquilinos
1181 1137 1449 1205 quosdam
1504 1134 1806 1199 constituit,
1840 1144 1933 1187 aut
1976 1148 2107 1189 sane

522 1244 590 1282 ex
622 1230 853 1283 subditis
907 1230 1044 1293 suis,
1092 1230 1541 1298 Ecchuthamque
1587 1236 1643 1283 et
1696 1226 2100 1296 Sappharvian.

523 1320 727 1375 Gentes
761 1330 966 1385 autem,
1001 1324 1184 1384 credo,
1215 1322 1296 1375 ha:
1322 1320 1553 1375 Persicae
1581 1337 1595 1374 :
1644 1320 1723 1375 sic
1759 1320 1902 1373 enim
1954 1319 2006 1373 in
2038 1318 2104 1372 li-

524 1413 640 1466 bris
670 1412 976 1483 Regnorum
1005 1415 1267 1483 scriptum
1309 1423 1412 1468 est.
1453 1411 1625 1481 Hujus
1660 1411 1815 1466 nobis
1865 1410 2106 1467 historiae

523 1506 890 1558 narrationem
936 1506 1198 1573 propheta
1237 1518 1680 1558 commemorans
1712 1520 1726 1557 :
1763 1521 1782 1554 ι
1816 1500 1943 1557 Haec
1976 1501 2106 1556 dicit

526 1593 807 1661 Dominus,
840 1596 1055 1664 inquit:
1099 1593 1212 1648 Non
1245 1591 1801 1648 manebitcousilium
1837 1593 1960 1653 hoc.
2008 1607 2108 1646 ne-
2155 1628 2163 1640 .

524 1701 631 1755 que
657 1688 784 1750 erit,
814 1686 909 1741 sed
941 1695 1106 1756 caput
1144 1686 1312 1739 Aram
1353 1686 1672 1750 Damascus,
1701 1694 1752 1740 et
1788 1694 1953 1753 caput
2003 1683 2107 1738 Da-

525 1782 693 1835 masci
722 1779 1034 1844 Rbaasson,
1064 1779 1158 1834 sed
1194 1780 1332 1832 intra
1358 1793 1529 1834 anuos
1561 1780 1841 1849 sexaginta
1865 1790 1918 1832 et
1943 1778 2101 1848 quiu-

2211 586 2431 659 μαρείᾳ,
2490 587 2550 650 ὃς
2598 583 2667 659 ἦν
2710 586 2805 640 τοῦ
2844 585 3145 657 Ῥομελίου,
3186 587 3489 659 διαδέχεται
3549 589 3646 662 τὴν
3700 589 3793 661 βα-

2209 675 2414 731 σιλείαν
2453 677 2614 749 Ὠσηὲ
2642 676 2757 740 υίὸς
2791 676 2947 743 Ἦλᾶ,
2973 677 3212 749 πονηρὸς
3241 679 3402 752 ἀνὴρ.
3425 679 3516 734 καὶ
3539 683 3659 745 ταῖς
3681 681 3791 735 τῶν

2206 766 2498 839 δαιμονίων
2529 768 2767 833 ἀπάταις
2790 769 3130 841 ἐγκείμενος.
3164 763 3546 840 Οὗβιέποντος
3572 773 3671 845 τὴν
3702 774 3791 845 βα-

2209 856 2416 911 σιλείαν
2442 857 2611 928 ἀνέϐη
2637 859 3004 933 Σαλμανασάρ
3031 864 3061 916 6
3105 863 3390 935 Ἀσσύριος
3436 864 3577 918 κατά
3607 867 3788 937 πάσης

2207 949 2306 1019 τῆς
2332 950 2670 1021 Σαμαρείας,
2700 953 2795 1006 καὶ
2816 954 3160 1025 παραχρῆμα
3184 954 3283 1025 μὲν
3309 950 3454 1009 εἷλεν
3483 956 3573 1010 τὸν
3608 957 3785 1030 Ὠσηὲ,

2207 1043 2301 1096 καὶ
2334 1042 2392 1097 ἐν
2425 1044 2639 1097 οἰκέτου
2674 1045 2824 1110 τάξει
2861 1047 3180 1118 πεποίηται’
3215 1049 3572 1122 καταδῃώσας
3604 1051 3662 1104 δὲ
3689 1053 3787 1124 τὴν

2207 1134 2391 1206 χώραν
2423 1136 2661 1203 ἃπασαν,
2688 1138 2910 1192 καὶτῶν
2938 1140 3071 1195 υίῶν
3112 1142 3327 1214 Ἰσραὴλ
3352 1145 3635 1216 ἀποφήνας
3660 1146 3789 1217 ὲρή-

2212 1244 2340 1297 μην,
2374 1226 2697 1300 καθίστησιν
2735 1230 2848 1283 ἀντ’
2880 1231 3061 1287 αὐτῶν
3110 1233 3219 1287 τῶν
3274 1234 3418 1287 ἰδίων
3451 1236 3604 1299 τινὰς
3646 1237 3787 1291 ἐνοί-

2208 1337 2359 1385 κους,
2388 1322 2507 1392 ἥτοι
2536 1322 2643 1376 τῶν
2684 1324 2788 1377 ὑπὸ
2817 1327 2993 1396 χεῖρα,
3028 1325 3121 1381 τόν
3152 1343 3213 1379 τε
3254 1327 3522 1399 Ἐκχουθά
3565 1330 3660 1383 καὶ
3692 1331 3789 1384 τὸν

2209 1412 2602 1486 Σαπφαρουῒαν
2627 1430 2641 1447 ·
2688 1415 2816 1487 ἔθνη
2855 1416 2914 1471 δὲ
2969 1411 3123 1489 οἶμαι
3172 1420 3331 1473 ταυτὶ
3376 1420 3641 1492 Περσικά.
3693 1423 3791 1476 Γέ-

2209 1524 2451 1579 γραπται
2484 1508 2594 1582 γάρ
2643 1508 2818 1574 οὕτως
2862 1512 2921 1564 ἐν
2962 1511 3167 1583 βίϐλοις
3204 1513 3522 1568 Βασιλειῶν.
3573 1515 3791 1587 Ταύτης

2209 1601 2342 1671 ἡμῖν
2389 1601 2631 1673 ἱστορίας
2678 1602 2778 1674 τὴν
2812 1603 3091 1676 ἀφήγησιν
3137 1604 3167 1657 6
3221 1606 3532 1677 προφήτης,
3576 1605 3787 1675 λέγων·

2216 1713 2235 1746 ι
2261 1694 2399 1749 Τάδε
2432 1694 2583 1764 λέγει
2612 1696 2850 1768 Κύριος·
2881 1697 2957 1750 Οὐ
2996 1699 3069 1769 μὴ
3094 1698 3327 1772 ἐμμείνῃ
3360 1701 3395 1770 ἡ
3423 1697 3586 1771 βουλὴ
3629 1700 3790 1771 αὕτη,

2210 1787 2330 1840 οὐδὲ
2363 1787 2539 1851 ἔσται,
2580 1788 2696 1841 ἀλλ’
2728 1790 2761 1860 ἡ
2805 1788 3013 1861 κεφαλὴ
3051 1788 3293 1860 Ἐφραῒμ
3333 1791 3646 1862 Δαμασκὺς,
3698 1793 3791 1844 καὶ

524 1889 630 1943 que
652 1873 870 1927 deﬁciet
898 1888 1121 1943 regnum
1149 1871 1401 1941 prraiiu
1425 1886 1453 1924 a
1482 1870 1697 1941 populo.
1728 1890 1746 1921 ι
1777 1870 1842 1924 Ει
1870 1870 2095 1924 obscura

2214 1882 2245 1952 ἡ
2280 1880 2488 1951 κεφαλὴ
2543 1852 2838 1951 Δαμασκοῦ
2882 1852 3193 1954 ⁷Ῥαασσίμ·
3240 1852 3355 1937 ἀλλ’
3402 1852 3481 1937 ἐτι
3530 1852 3793 1954 ἐξήκοντα

524 1967 739 2035 quidem
772 1974 856 2018 est
884 1965 1174 2017 verborum
1213 1970 1517 2031 structura,
1550 1972 1605 2016 at
1630 1964 1771 2018 hunc
1802 1964 1854 2017 iu
1884 1964 2101 2015 modum

524 2059 863 2126 assequenda
895 2065 979 2110 est
1004 2072 1017 2108 :
1056 2056 1253 2125 Caput,
1281 2055 1478 2125 inquit,
1506 2058 1692 2119 Aram,
1718 2055 1769 2110 id
1802 2064 1885 2109 est
1913 2053 2101 2125 Syriae,

525 2151 844 2205 Damascus.
901 2148 1219 2215 Metropolis
1252 2149 1397 2201 enim
1455 2148 1629 2218 Syria:
1675 2147 1994 2210 Damascus.
2051 2155 2108 2200 et

526 2254 689 2313 caput
720 2241 973 2297 Damasci
1011 2239 1335 2301 Rbaassim.
1378 2240 1429 2294 id
1464 2250 1546 2295 est
1584 2240 1892 2295 libaasson.
1938 2239 2109 2309 Caput

524 2334 789 2402 siquidem
823 2332 1065 2403 regionis
1109 2342 1164 2388 et
1196 2332 1433 2387 civitatis
1469 2342 1576 2395 est,
1630 2333 1721 2402 qui
1776 2346 1996 2403 regnum
2052 2331 2105 2385 in

524 2427 643 2482 illos
667 2427 826 2498 gerit.
881 2426 946 2480 Et
980 2440 1204 2497 regnum
1255 2425 1508 2495 prraim
1545 2423 1762 2480 deﬁciet
1798 2439 1828 2478 a
1859 2423 2056 2494 populo
2090 2439 2105 2489 ;

526 2520 579 2573 iu
636 2520 793 2574 annis
846 2518 1130 2589 sexaginta
1191 2526 1247 2572 et
1308 2518 1547 2587 quinque
1609 2515 1826 2571 deﬁciet
1880 2528 2106 2585 regnum

526 2611 817 2681 prraim,
845 2611 899 2665 id
921 2620 1005 2665 est
1031 2608 1228 2675 Israel;
1254 2608 1473 2664 deﬁciet
1493 2622 1712 2678 quoque
1732 2616 1893 2676 caput
1917 2608 2105 2670 Aram,

525 2703 578 2757 id
613 2714 696 2759 est
722 2703 1039 2768 Damascus,
1070 2712 1126 2758 et
1169 2712 1335 2772 caput
1367 2701 1636 2764 Damasci,
1676 2700 1727 2754 id
1780 2708 1864 2755 est
1898 2700 2109 2754 Rhaas-

525 2810 646 2850 son.
687 2794 841 2859 Cepit
888 2795 1054 2857 enim,
1092 2801 1151 2847 ut
1203 2794 1336 2859 dixi,
1388 2792 1936 2863 Tbeglaphallasarus
2001 2792 2109 2846 Da-

526 2901 770 2942 mascum
802 2895 858 2939 et
887 2883 1191 2951 Rbaasson,
1217 2893 1273 2939 et
1302 2882 1742 2951 Salmanasarus,
1777 2883 1971 2938 Oscam
2010 2897 2104 2939 re-

526 2994 649 3051 gem
690 2977 975 3047 Ephraim,
1019 2977 1136 3031 sive
1184 2976 1422 3042 lsraelis,
1470 2986 1528 3032 et
1568 2974 1949 3039 Somorrham,
1996 2974 2111 3030 sive

529 3071 860 3131 Samariam,
891 3068 1258 3124 communiter
1283 3079 1543 3124 currente
1574 3077 1632 3123 et
1660 3068 1991 3122 inserviente
2020 3067 2111 3120 illo

2208 1968 2303 2021 καὶ
2336 1968 2497 2022 πέντε
2550 1969 2690 2022 ἐτῶν
2740 1970 2979 2041 ἐκλείψει
3033 1973 3065 2042 ἡ
3114 1971 3359 2041 βασιλεία
3402 1974 3641 2045 Ἐφραίμ
3685 1975 3794 2026 ἀπδ

2188 2060 2393 2115 λαοῦ.»
2428 2062 2540 2114 Καὶ
2564 2062 2780 2134 ἀσαφὴς
2806 2064 2902 2134 μὲν
2932 2064 3095 2134 ἡτῶν
3111 2063 3307 2129 λέξεων
3338 2064 3599 2137 συνθήκη·
3632 2084 3797 2136 προσ-

2210 2152 2392 2206 ϐαλεῖν
2428 2154 2484 2207 δὲ
2523 2155 2628 2227 χρὴ
2689 2156 2933 2209 τοιῶσδε·
2985 2156 3049 2209 Ἦ
3080 2158 3291 2227 κεφαλὴ
3316 2198 3331 2223 ,
3364 2159 3549 2229 φησὶν,
3595 2160 3793 2229 Ἀρὰμ,

2209 2244 2353 2299 τοῦτ’
2388 2244 2506 2299 ἔστι
2553 2247 2651 2316 τῆς
2681 2248 2900 2319 Συρίας,
2933 2250 3245 2319 Δαμασκός.
3277 2250 3427 2321 καὶὴ
3458 2250 3664 2322 κεφαλὴ
3694 2254 3796 2302 Δα-

2213 2336 2424 2407 μασκοῦ
2473 2338 2767 2407 Ῥαασσὶμ,
2798 2339 2944 2393 τοῦτ’
2983 2339 3130 2393 ἔστιν
3155 2344 3183 2394 6
3233 2341 3547 2396 Ῥαασσών·
3586 2342 3796 2412 κεφαλὴ

2210 2429 2319 2500 γὰρ
2338 2429 2436 2499 τῆς
2454 2446 2513 2482 τε
2535 2428 2718 2501 χώρας
2758 2431 2849 2485 καὶ
2869 2433 2968 2503 τῆς
2996 2433 3205 2497 πόλεως
3224 2436 3251 2487 ὁ
3276 2434 3574 2505 βασιλεύων
3594 2435 3793 2491 αὐτῶν.

2210 2522 2322 2575 Καὶ
2355 2524 2387 2594 ἡ
2424 2522 2670 2593 βασιλεία
2709 2523 2767 2577 δὲ
2808 2523 3047 2596 Ἐφραῖμ
3089 2526 3330 2597 ἐκλείψει
3369 2528 3478 2581 ἀπὸ
3518 2528 3685 2581 λαοῦ·
3718 2531 3797 2584 ἔτι

2212 2614 2474 2686 ἐξήκοντα
2490 2616 2585 2669 καὶ
2607 2617 2766 2671 πέντε
2786 2618 2923 2671 ἐτῶν
2940 2618 3177 2689 ἐκλείψει
3200 2621 3233 2690 η
3258 2620 3505 2690 βασιλεία
3537 2623 3793 2694 Ἐφραῒμ,

2209 2707 2354 2762 τοῦτ’
2404 2708 2555 2774 ἔστι,
2596 2709 2691 2763 τοῦ
2747 2711 2996 2783 Ἰσραήλ·
3059 2713 3302 2782 ἐκλείψει
3362 2714 3457 2767 καὶ
3507 2717 3540 2786 ἡ
3590 2717 3798 2788 κεφαλὴ

2226 2802 2425 2873 Ἀράμ,
2453 2802 2598 2856 τοῦτ’
2634 2802 2781 2856 ἔστιν
2818 2805 2852 2875 ἠ
2892 2805 3205 2875 Δαμασκὺς,
3238 2808 3331 2860 καὶ
3369 2809 3401 2879 ή
3443 2809 3651 2879 κεφαλὴ
3694 2814 3800 2862 Δα-

2216 2895 2451 2968 μασκοῦ,
2503 2898 2649 2950 τοῦτ’
2703 2896 2850 2951 ἐστιν
2904 2898 2933 2950 6
2984 2899 3284 2957 Ῥαασσών.
3329 2897 3492 2955 Εἷλεν
3546 2902 3674 2972 γὰρ,
3725 2903 3801 2965 ὡς

2214 2986 2372 3058 ἔφην,
2404 2989 2432 3040 6
2479 2988 2577 3057 μὲν
2634 2988 3104 3062 Θεγλαφαλλασὰρ
3137 2992 3235 3062 τήν
3277 3008 3337 3043 τε
3385 2994 3675 3063 Δαμασκὸν
3706 2994 3799 3045 καὶ

2213 3080 2304 3134 τὸν
2344 3079 2646 3145 Ῥαασσὼν,
2680 3082 2707 3133 ὁ
2742 3081 2799 3134 δὲ
2845 3082 3210 3155 Σαλμανασάρ
3240 3084 3330 3137 τὸν
3372 3086 3532 3155 Ὠσηέ
3580 3086 3802 3155 βασιλέα

528 3162 724 3229 verbo,
754 3159 975 3231 Deﬁciet
1004 3176 1023 3215 :
1058 3173 1113 3217 et
1135 3170 1301 3232 caput
1348 3160 1605 3230 Ephraim
1659 3160 1853 3215 civitas
1889 3159 2109 3213 Somor-

2227 3174 2489 3246 Ἐφραῒμ,
2527 3176 2646 3245 ἦτοι
2690 3175 2787 3229 τοῦ
2830 3176 3066 3247 Ἰσραὴλ,
3108 3177 3202 3230 καὶ
3233 3178 3332 3247 τὴν
3370 3179 3649 3251 Σομόρων,
3682 3181 3801 3251 ἦτοι

528 3256 778 3318 rhorum,
809 3253 1025 3307 deﬁciet
1068 3268 1280 3308 rursus.
1308 3253 1482 3323 Caput
1510 3262 1688 3307 autem
1718 3249 1970 3318 prraim
2009 3248 2111 3304 So—

530 3346 756 3401 morrha
788 3357 968 3412 vocat,
1004 3346 1053 3399 id
1090 3356 1174 3400 est
1204 3345 1530 3399 Samariam.
1576 3342 1746 3396 Mater
1785 3342 1929 3395 enim
1963 3343 2113 3410 prin-

529 3453 767 3508 cepsque
794 3438 989 3492 civitas
1009 3436 1272 3493 Samaria:
1298 3435 1615 3490 Somorrlia.
1643 3433 1898 3503 Ephraim
1933 3443 2111 3486 autem

527 3529 744 3599 quando
773 3528 923 3589 dicit,
955 3526 1204 3582 lsraelem
1246 3534 1429 3590 notat;
1497 3532 1552 3578 et
1590 3533 1745 3593 caput
1791 3519 2114 3577 Somorrbo-

529 3636 650 3675 rum
687 3620 828 3675 ﬁlius
859 3618 1222 3683 Romeliaafid
1251 3628 1333 3673 est
1366 3616 1587 3671 Phacee
1615 3633 1628 3670 :
1664 3614 1803 3670 redit
1832 3629 1896 3668 ac
1924 3628 2111 3667 recur-

529 3713 603 3765 rit
635 3711 830 3765 iterum
873 3709 998 3762 illutl
1030 3708 1233 3778 deﬁciet
1269 3710 1320 3762 in
1351 3707 1625 3761 omnibus.
1655 3705 1914 3775 Adjungit
1948 3717 2112 3774 porro

529 3803 718 3858 hisce:
752 3820 769 3854 ι
809 3801 877 3855 Ει
920 3801 964 3854 si
997 3816 1100 3853 non
1154 3800 1525 3863 credideritis,
1572 3814 1679 3854 non
1722 3797 2056 3867 intelligetis.
2088 3813 2107 3846 ι

528 3894 599 3949 Ει
634 3896 747 3949 haec
777 3894 996 3963 quidem
1030 3910 1135 3948 non
1173 3893 1446 3947 immerito
1478 3893 1752 3946 dicuntur.
1784 3890 1993 3945 Etenim
2022 3889 2113 3958 qui

530 3985 626 4040 Dei
667 3989 890 4039 verbum
939 3994 1164 4052 prOpIer
1198 3980 1636 4036 incredulitatem
1658 3988 1892 4033 onerant
1920 3988 2115 4034 contu-

531 4075 735 4138 meliis,
770 4074 825 4127 hi
860 4074 1171 4142 cognitione
1202 4070 1322 4138 ejus
1344 4071 1552 4139 praediti
1586 4084 1705 4123 esse
1731 4084 1834 4122 nou
1866 4077 2113 4137 possunt.

532 4166 761 4236 Oportet
788 4164 951 4235 igitur
996 4164 1382 4218 incunctanter
1429 4163 1672 4228 recipere
1702 4174 1821 4228 qu'e
1853 4157 2115 4212 exhiben-

532 4270 622 4314 tur
649 4277 677 4312 a
709 4259 842 4321 Deo,
874 4269 928 4311 et
956 4272 1075 4326 quae
1127 4255 1415 4324 pollicetur
1464 4268 1529 4307 ac
1574 4251 1834 4321 loquitur,
1881 4249 1966 4303 his
2016 4262 2116 4301 an-

530 4366 703 4406 nuere
736 4352 1011 4405 alacriter.
1048 4344 1127 4400 Ita
1169 4347 1323 4402 nobis
1359 4345 1521 4399 inerit
1560 4343 1798 4412 cognitio
1846 4340 2012 4405 bona,
2061 4346 2115 4394 et

530 4454 765 4500 mentem
802 4452 1048 4498 nostram
1080 4437 1375 4493 illustrabit
1411 4436 1502 4490 lux
1533 4434 1815 4505 sapientia:
1864 4430 2004 4501 eius.

600 4654 768 4709 Vsus.
809 4651 892 4705 l0.
927 4646 992 4701 Et
1020 4646 1246 4716 perrexit
1273 4645 1525 4699 Dominus
1576 4642 1722 4711 loqui
1761 4642 1996 4708 Achazo,
2023 4642 2111 4696 di-

528 4760 687 4802 cens:
717 4741 1051 4798 Postulatibi
1079 4741 1290 4810 signum
1340 4756 1371 4790 a
1398 4737 1508 4791 Deo
1545 4736 1705 4805 120
1735 4746 1847 4798 tuo,
1886 4736 1944 4788 in
1992 4751 2114 4804 pro-

530 4839 775 4908 fundum,
822 4836 900 4890 vel
950 4837 1003 4888 in
1042 4834 1324 4887 excelsum.
1364 4827 1430 4882 Et
1465 4830 1600 4883 dixit
1643 4829 1824 4881 Achaz
1849 4843 1868 4881 :
1905 4827 2113 4898 Nequa-

527 4946 684 5000 quam
713 4928 1016 4996 postulabo,
1047 4939 1375 4994 nequaquam
1402 4923 1610 4976 tentabo
1644 4920 1949 4975 Dominum.

601 5022 825 5076 Acbazo
860 5020 1113 5072 thronum
1145 5015 1296 5086 regni
1322 5015 1602 5069 obtinente
1624 5011 2040 5085 Hierosolymis,
2059 5022 2114 5069 et

531 5113 598 5167 ad
627 5112 1041 5167 eﬁ'renationem
1071 5110 1359 5179 quamdam
1404 5106 1559 5162 valde
1593 5106 1863 5176 prolapso,
1903 5116 1958 5161 et
2001 5109 2113 5161 dae-

531 5205 837 5260 moniorum
867 5203 1101 5257 cultibus
1134 5200 1285 5257 falsis
1321 5200 1749 5264 adlucresceute,
1789 5214 1910 5255 eum
1938 5198 2111 5253 omni-

529 5296 633 5353 bus
667 5296 841 5350 modis
876 5303 1101 5348 conatur
1132 5294 1199 5347 ad
1240 5292 1435 5347 melius
1471 5292 1777 5356 traducere,
1799 5304 1854 5347 et
1886 5302 1944 5346 ut
1977 5293 2115 5347 veri-

531 5387 661 5459 tatis
695 5385 983 5454 opiniones
1032 5392 1379 5438 consectetur
1414 5398 1478 5438 ac
1518 5383 1723 5452 cupiat,
1758 5391 1813 5437 et
1848 5392 1994 5438 recta
2047 5382 2114 5437 de

532 5476 643 5531 Deo
670 5474 874 5529 sentire
904 5472 1052 5529 velit.
1078 5472 1347 5541 Quoniam
1382 5474 1545 5544 igitur
1576 5472 1839 5527 idolorum
1873 5474 2112 5528 cultores

531 5567 869 5638 magnifecit,
900 5582 964 5621 ac
993 5582 1136 5621 cura:
1170 5565 1462 5636 studioque
1489 5566 1539 5621 ei
1584 5564 1685 5620 fuit
1722 5582 1903 5621 rerum
1946 5581 2114 5620 even-

532 5672 618 5714 tus
639 5658 910 5714 curiosius
927 5657 1187 5723 scrutari,
1204 5667 1258 5713 et
1279 5673 1345 5713 ex
1368 5658 1545 5713 sacris
1569 5658 1841 5713 sciscitari
1867 5658 2110 5725 oracula,

526 5754 818 5822 verbisque
845 5750 1102 5805 falsorum
1148 5761 1334 5803 vatum
1375 5750 1669 5815 ludiﬁcari,
1710 5752 1967 5817 periculis
2015 5752 2108 5804 im-

526 5840 911 5915 pendentibus,
936 5839 1210 5897 Achazum
1241 5840 1354 5895 bace
1393 5841 1704 5898 molientem
1728 5844 1958 5898 retrahit
1987 5852 2111 5899 ante

2218 3266 2552 3339 Σαμαρείαν,
2592 3266 2701 3320 ἀπὸ
2734 3269 2915 3321 κοινοῦ
2945 3269 3232 3340 τρέχοντος
3263 3270 3324 3323 τὸ
3366 3271 3669 3339 ἐκλείψειο
3708 3273 3802 3325 καὶ

2215 3360 2249 3429 ἡ
2280 3359 2490 3430 κεφαλὴ
2522 3360 2579 3414 δὲ
2629 3361 2869 3433 Ἐφραῒμ
2901 3363 3158 3435 Σομόρων
3192 3364 3429 3434 ἐκλείψει
3462 3366 3648 3422 πάλιν.
3694 3368 3803 3419 Κε-

2221 3451 2398 3522 φαλὴν
2419 3452 2476 3505 δὲ
2515 3452 2756 3523 Ἐφραῒμ
2778 3454 2847 3507 τά
2891 3454 3108 3526 Σόμορα
3151 3456 3327 3521 καλεῖ,
3362 3456 3507 3512 τοῦτ’
3541 3458 3653 3511 ἐστι
3706 3457 3805 3531 τὴν

2216 3543 2562 3614 Σαμαρείαν·
2633 3544 2968 3615 μητρόπολις
3029 3547 3137 3618 γὰρ
3194 3548 3506 3619 Σαμαρείας
3564 3550 3800 3623 Σόμορα.

2228 3636 2472 3707 Ἐφραίμ
2498 3636 2555 3690 δὲ
2583 3637 2710 3691 ὅταν
2734 3638 2903 3707 λέγει,
2930 3638 3020 3692 τὸν
3059 3640 3277 3712 Ἰσραὴλ
3316 3641 3497 3710 δηλοῖ·
3532 3643 3678 3713 καὶὴ
3711 3662 3803 3696 xa-

2217 3728 2361 3800 φαλὴ
2409 3730 2666 3799 Σομόρων
2726 3729 2841 3793 υίὸς
2898 3729 2991 3783 τοῦ
3044 3730 3349 3801 Ῥομελίου,
3405 3732 3549 3786 τοῦτ’
3581 3733 3727 3787 ἔστιν
3778 3737 3806 3788 6

2215 3820 2391 3873 Φακεέ
2412 3833 2428 3848 ·
2456 3818 2640 3890 τρέχει
2672 3819 2730 3872 δὲ
2780 3818 2943 3875 πάλιν
2972 3821 3032 3873 τὸ
3074 3821 3347 3890 ἐκλείψει
3391 3822 3532 3877 κατά
3565 3825 3802 3879 πάντων.

2217 3910 2565 3981 Προσεπάγει
2593 3908 2650 3961 δὲ
2680 3910 2911 3974 τούτοιςο
2936 3928 2953 3960 ι
2976 3910 3087 3963 Καὶ
3108 3910 3202 3963 ἐὰν
3230 3911 3303 3982 μὴ
3324 3911 3673 3983 πιστεύσητε,
3697 3913 3805 3966 ο;δ“

2215 4002 2275 4053 οὐ
2306 4001 2380 4073 μὴ
2413 4002 2630 4072 συνῆτε.
2670 4004 2857 4072 »Ἔχει
2882 4002 2936 4055 δὲ
2959 4002 3053 4055 καὶ
3076 4003 3283 4075 σφόδρα
3313 4003 3371 4056 τὸ
3400 4004 3545 4068 εἰκὸς
3571 4007 3598 4057 ό
3630 4005 3803 4072 λόγος.

2217 4092 2341 4152 Τοῖς
2369 4091 2478 4163 γὰρ
2503 4094 2623 4155 ταῖς
2660 4093 2942 4155 ἀπιστίαις
2970 4093 3384 4163 περιυϐρίζουσι
3421 4094 3512 4147 τὸν
3540 4094 3633 4147 τοῦ
3671 4096 3804 4149 Θεοῦ

2217 4183 2396 4251 λόγον,
2428 4183 2536 4236 οὐδ’
2570 4182 2635 4236 ἂν
2677 4183 2953 4251 ἐγγένοιτο
2987 4184 3201 4248 σύνεσις
3231 4186 3262 4255 η
3309 4186 3462 4257 παρὰ
3500 4188 3683 4241 αὑτοῦ.
3720 4192 3807 4240 Δεῖ

2216 4274 2507 4342 τοιγαροῦν
2543 4273 2807 4344 ἀμελλητὶ
2840 4274 3089 4343 δέχεσθαι
3114 4276 3184 4329 τὰ
3226 4276 3377 4348 παρά
3402 4277 3559 4340 Θεοῦ,
3604 4281 3697 4332 καί
3725 4274 3805 4343 οἷς

2218 4366 2283 4421 ἂν
2306 4368 2653 4437 ὑπισχνεῖται
2681 4368 2776 4419 καὶ
2823 4366 2975 4420 λαλεῖ
3013 4369 3287 4423 συννεύειν
3326 4370 3579 4440 ἑτοίμως.
3614 4374 3804 4425 Ἔσται

2218 4458 2327 4530 γάρ
2361 4461 2418 4511 ὲν
2452 4461 2582 4530 ἡμῖν
2612 4457 2786 4521 οὕτως
2816 4461 2848 4529 ἡ
2884 4459 3099 4524 σύνεσις
3128 4461 3327 4533 ἀγαθὴ,
3354 4464 3448 4515 καὶ
3477 4464 3781 4534 περιαστρά

2150 4548 2193 4601 D
2222 4550 2312 4619 ψει
2341 4551 2431 4604 τὸν
2471 4551 2595 4606 νοῦν
2623 4551 2724 4621 τῆς
2748 4555 2880 4623 παρ’
2920 4552 3084 4606 αὑτοῦ
3122 4555 3314 4623 σοφίας
3339 4556 3367 4607 ὁ
3399 4555 3697 4626 φωτισμός.

2291 4644 2401 4698 Καὶ
2434 4643 2764 4712 προσέθετο
2799 4646 3018 4713 Κύριος
3056 4647 3327 4716 λαλῆσαι
3361 4646 3442 4713 τῷ
3475 4648 3667 4715 Ἀχαζ
3701 4647 3802 4701 λέ-

2218 4753 2340 4805 γων
2361 4750 2375 4763 '
2398 4736 2653 4803 Αἴτησαι
2680 4736 2915 4802 σεαυτῷ
2944 4737 3199 4807 σημεῖον
3223 4739 3381 4807 παρὰ
3407 4741 3628 4808 Κυρίου
3658 4741 3806 4794 Θεοῦ

2220 4840 2338 4879 σου
2368 4827 2456 4891 εὶς
2494 4824 2709 4892 βάθος,
2744 4827 2782 4896 ἣ
2822 4830 2909 4894 εἰς
2937 4829 3116 4897 ὕψος.
3158 4832 3267 4884 Καὶ
3295 4826 3464 4885 εἶπεν
3493 4830 3684 4900 Ἀχαζ·
3725 4835 3807 4886 Οὐ

2214 4916 2301 4987 μὴ
2332 4918 2581 4986 αἰτήσω,
2617 4920 2756 4974 οὐδ’
2787 4922 2860 4975 οὐ
2880 4921 2965 4991 μὴ
2994 4921 3257 4990 πειράσω
3292 4924 3529 4993 Κύριον.

2292 5010 2430 5073 Τοὺς
2467 5012 2567 5081 τῆς
2603 5010 2881 5080 βασιλείας
2909 5012 3164 5066 διέποντα
3191 5012 3391 5076 θάκους
3420 5016 3479 5066 ἐν
3498 5016 3610 5078 τοῖς
3647 5017 3806 5086 Ἰερο-

2222 5101 2480 5172 σολύμοις
2538 5103 2628 5154 τὸν
2676 5102 2875 5173 Ἀχαζ,
2918 5105 3012 5157 καὶ
3056 5104 3191 5157 πολὺ
3239 5104 3357 5159 λίαν
3409 5104 3807 5160 ἀπονενευκότα

2222 5197 2357 5267 πρὸς
2390 5197 2450 5249 τὸ
2491 5196 2724 5266 ὲξήνιον,
2756 5198 2850 5251 καὶ
2884 5200 2963 5261 εἰς
2997 5198 3058 5250 τὸ
3096 5196 3454 5267 προσκεῖσθαι
3484 5197 3656 5268 φιλεῖν
3687 5201 3807 5262 ταῖς

2218 5289 2329 5341 τῶν
2359 5288 2653 5357 δαιμονίων
2692 5288 3154 5360 ψευδολατρείαις,
3190 5287 3279 5341 διὰ
3320 5289 3522 5353 παντὸς
3552 5292 3809 5361 πειρᾶται

2217 5379 2423 5449 τρόπου
2480 5379 2870 5450 μετακομίζειν
2909 5381 3001 5431 ἐπὶ
3042 5380 3102 5431 τὸ
3132 5378 3374 5449 ἄμεινον,
3415 5380 3509 5434 καὶ
3541 5380 3620 5444 είς
3650 5399 3711 5449 γε
3753 5382 3812 5434 τὸ

2219 5473 2329 5527 δεῖν
2357 5472 2467 5525 τῶν
2489 5473 2589 5543 τῆς
2616 5472 2876 5544 ἀληθείας
2903 5472 3186 5540 ἐφικέσθαι
3218 5471 3527 5543 δογμάτων,
3561 5475 3653 5526 καὶ
3676 5473 3813 5543 ὀρθὰ

2222 5568 2439 5637 φρονεῖν
2476 5566 2692 5620 ἑλέσθαι
2742 5566 2869 5637 περὶ
2915 5563 3072 5617 Θεοῦ.
3109 5563 3319 5617 Οὐκοῦν
3370 5565 3670 5637 ἐπειδήπερ
3697 5568 3809 5627 τοῖς

2218 5659 2329 5712 τῶν
2362 5660 2595 5715 εἰδώλων
2631 5660 2996 5730 θεραπευταῖς
3029 5658 3157 5730 περ)¹
3186 5658 3384 5712 πολλοῦ
3417 5658 3678 5720 ἐτέθειτο,
3714 5659 3808 5713 καὶ

2219 5747 2287 5822 ἦν
2314 5754 2372 5804 ἐν
2427 5753 2628 5822 σπουδῇ
2686 5751 2747 5805 τὸ
2797 5752 2994 5822 χρῆναι
3050 5749 3508 5823 περιεργάζεσθαι
3554 5754 3650 5815 τάς
3700 5750 3807 5804 τῶν

2222 5844 2565 5915 πραγμάτων
2595 5844 2873 5911 ἐκϐάσεις,
2898 5843 2993 5897 καὶ
3024 5844 3309 5915 χρησμοὺς
3338 5844 3512 5898 αἰτεῖν
3536 5843 3593 5910 ἐξ
3623 5841 3801 5915 ἱερῶν,
