4152 6366
412 405 511 460 εοι

1549 401 1620 456 ιΝ
1660 400 1893 455 ISAIAM
1933 401 2062 457 LIB.
2105 403 2147 457 l.
2182 402 2396 458 ORAT.
2430 402 2517 457 IV.

3551 397 3657 453 202

414 521 512 575 καί
566 521 678 583 τοῖς
725 517 834 573 τῶν
882 518 1297 589 ψευδομάντεων
1358 518 1742 587 φενακίζεσθαι
1790 518 1989 587 λόγοις,

2096 528 2150 575 et
2193 520 2434 589 impedit,
2469 518 2821 590 prmeipitque
2861 525 2922 570 ut
2962 530 3064 570 non
3112 514 3222 583 jam
3270 530 3337 568 ex
3380 514 3656 569 consuetis

416 612 678 667 κινδύνων
706 612 888 675 αὐτοῖς
918 612 1331 682 ἐπηρτημένων,
1363 610 1762 683 προανακόπτει
1792 611 1993 683 τρόπον

416 704 540 758 τινὰ
573 703 733 757 τοῦτο
763 704 1023 774 μέλλοντα
1054 707 1226 757 ποιεῖν
1255 704 1451 775 Ἀχαζ,
1474 704 1568 757 καὶ
1592 704 1724 775 πρὸς
1751 705 1813 758 τὸ
1836 721 1994 758 τετα-

419 795 569 866 χὲναι
611 814 663 849 τι
693 799 935 866 σημεῖον,
968 797 1068 850 οὐκ
1100 799 1165 850 ὲκ
1194 796 1302 849 τῶν
1336 797 1578 867 συνηθῶν
1614 796 1792 849 αὐτῶν
1827 813 1991 868 τεμε-

419 890 547 952 νῶν,
584 889 694 943 οὐδ’
726 892 791 943 ἐκ
820 889 926 942 τῶν
960 888 1373 960 ψευδομάντεων
1400 888 1500 951 ἔτι,
1540 887 1737 959 μᾶλλον
1762 888 1818 941 δὲ
1842 888 1993 959 παρὰ

420 983 626 1053 Κυρίου
650 981 743 1034 106
771 980 928 1035 Θεοῦ.
964 980 1074 1033 Καὶ
1098 980 1187 1033 τὸν
1220 984 1319 1050 τῆς
1358 981 1625 1051 αἰτήσεως
1650 979 1849 1051 τρόπον
1872 982 1993 1042 ταῖς

420 1072 584 1128 αὐτοῦ
632 1073 833 1145 ψήφοις
878 1073 1289 1145 ἀπονενέμηκεν
1320 1071 1486 1125 εἰπών
1510 1091 1523 1105 ο
1559 1092 1578 1124 ‹
1623 1073 1716 1136 Εἰς
1749 1071 1907 1142 βάθος
1954 1071 1989 1143 ἢ

420 1165 500 1227 εἰς
529 1162 679 1232 ὕψος,
716 1181 734 1214 ι
765 1162 911 1215 τοῦτ’
940 1162 1107 1227 ἔστιν,
1141 1161 1174 1232 ἦ
1201 1163 1282 1224 εἰς
1310 1161 1555 1232 οὐρανὸν,
1581 1162 1613 1232 ἢ
1640 1163 1719 1225 εἰς
1742 1164 1865 1233 γῆν,
1896 1162 1991 1214 καὶ

419 1256 488 1309 τὰ
510 1254 590 1308 ἔτι
623 1254 939 1325 κατωτέρω.
970 1254 1081 1306 Καὶ
1126 1252 1614 1324 πεπληροφόρηκεν
1662 1252 1747 1305 διὰ
1778 1252 1989 1318 τούτου,

421 1348 515 1399 καὶ
538 1346 717 1399 δίδωσι
741 1348 901 1409 νοεῖν,
928 1346 1010 1398 ὅτι
1041 1342 1173 1407 Θεὸς
1204 1343 1461 1415 ὑπάρχων
1489 1343 1595 1397 τῶν
1619 1343 1753 1397 ὅλων
1772 1345 1865 1397 καί
1888 1344 1993 1397 Κύ-

423 1452 559 1507 ριος,
590 1433 675 1487 ἐπ’
722 1433 969 1499 ἐξουσίας
1014 1432 1307 1503 ἐργάζεται
1338 1434 1400 1486 τὸ
1430 1432 1638 1497 δοκοῦν,
1675 1432 1778 1487 κᾶν
1809 1434 1917 1486 εἴτε
1940 1452 1990 1487 τι

420 1526 529 1580 τῶν
584 1528 641 1579 ὲν
667 1525 883 1596 οὐρανῷ
930 1525 1147 1594 βλέπειν
1200 1524 1461 1595 βούλοιτο,
1497 1523 1597 1578 κᾶν
1628 1524 1738 1577 εἴτε
1784 1544 1835 1579 τι
1882 1526 1992 1581 τῶν

419 1621 516 1673 ἐπὶ
536 1619 633 1690 τῆς
657 1617 780 1687 γῆς.
806 1617 1158 1688 Παραιτεῖταί
1179 1634 1241 1686 γε
1269 1616 1374 1688 μὴν
1395 1618 1423 1669 ὁ
1437 1617 1630 1687 Ἄχας,
1650 1618 1747 1689 οὐχ
1766 1618 1841 1681 ὼς
1862 1617 1992 1672 Θεὸν

421 1710 756 1780 αἰδούμενος,
793 1709 1157 1781 περιυϐρίζων
1187 1710 1246 1763 δὲ
1297 1708 1495 1779 μᾶλλον
1535 1710 1563 1761 ό
1604 1708 1849 1773 δείλαιος,
1889 1708 1992 1763 κᾶν

420 1805 602 1866 εἰτοῖς
627 1798 686 1867 ἐξ
707 1801 990 1864 εὐλαϐείας
1012 1799 1421 1869 ὲπισεμνύνοιτο
1449 1799 1646 1868 λόγοις.
1677 1800 1751 1853 Οὐ
1781 1800 1887 1871 γὰρ
1915 1799 1991 1870 μὴ

2094 610 2195 667 sibi
2219 611 2479 675 delubris,
2516 626 2619 664 non
2665 624 2733 663 ex
2759 608 2913 663 vanis
2942 607 3177 672 vatibus,
3215 605 3307 660 sed
3344 620 3373 659 a
3410 603 3655 658 «Domino

2093 700 2203 758 Deo
2233 702 2415 770 potius
2439 704 2647 771 signum
2685 708 2848 769 petat.
2892 698 3074 755 Genus
3114 697 3280 750 etiam
3327 706 3382 751 ct
3429 696 3652 749 modum

2092 794 2366 864 petitionis
2412 795 2651 863 assignat
2686 807 2779 846 sua
2818 789 3109 853 sententia,
3146 803 3267 868 cuin
3321 788 3453 843 dicit
3485 805 3497 839 :
3536 805 3556 838 ι
3596 785 3657 842 In

2092 888 2443 958 profundum,
2475 887 2559 943 vel
2600 887 2654 941 in
2699 885 2993 949 excelsum,
3033 904 3052 938 ι
3088 884 3193 939 hoc
3226 890 3330 947 est,
3370 882 3422 937 in
3457 880 3654 937 caelum

2093 979 2179 1035 vel
2206 980 2257 1035 in
2294 991 2516 1048 terram,
2557 988 2719 1049 atque
2749 980 2881 1034 adeo
2913 977 3189 1033 inferiora.
3218 976 3425 1044 Quibus
3476 969 3657 1028 verbis

2091 1073 2290 1142 probat
2320 1087 2385 1127 ac
2419 1072 2710 1142 significat,
2735 1077 2905 1129 Deum
2937 1084 3058 1125 esse
3086 1067 3457 1123 universitatis
3484 1064 3657 1119 Domi-

2094 1181 2245 1229 num,
2293 1175 2346 1219 et
2384 1179 2481 1235 per
2524 1172 2841 1233 potestatem
2884 1171 2938 1216 et
2981 1160 3355 1216 auctoritatem
3396 1156 3655 1229 quidquid

2092 1255 2266 1309 visum
2327 1265 2412 1309 est
2463 1254 2700 1319 efficere,
2741 1254 2855 1308 sive
2924 1268 3104 1307 rerum
3158 1251 3486 1310 caelestium,
3540 1248 3657 1302 sive

2107 1348 2440 1402 terrestrium
2527 1346 2959 1417 procurationem
3040 1342 3271 1397 voluerit
3353 1342 3651 1409 suscipere.

2092 1441 2359 1510 Bepudiat
2377 1439 2567 1494 deinde
2579 1438 2847 1503 Achazus,
2866 1454 2971 1493 non
2998 1436 3150 1507 quasi
3168 1435 3332 1490 Deum
3356 1434 3645 1498 reveritus,

2092 1532 2184 1585 sed
2215 1530 2539 1586 contumelia
2564 1531 2742 1600 potius
2763 1528 3005 1586 afficiens
3032 1529 3217 1593 miser,
3238 1526 3452 1583 etiamsi
3478 1524 3656 1579 verbis

2093 1622 2194 1691 piis
2224 1632 2277 1677 et
2306 1623 2573 1693 religiosis
2596 1622 2877 1693 glorietur.
2904 1621 3018 1676 Non
3043 1621 3210 1687 enim,
3231 1620 3427 1689 inquit,
3454 1627 3654 1690 petam,

2094 1730 2192 1769 nec
2210 1718 2428 1770 tentabo
2448 1715 2755 1769 Dominum.
2775 1714 2905 1768 Nam
2934 1730 3055 1768 cum
3076 1713 3297 1784 jubente
3317 1711 3428 1767 Deo
3451 1719 3654 1779 petere,

2094 1807 2138 1861 si
2173 1816 2353 1876 petere
2384 1807 2522 1861 nolis
2544 1845 2559 1871 ,
2613 1808 2758 1877 sapit
2792 1805 3133 1860 manifestam
3167 1804 3533 1873 impietatem,
3583 1802 3659 1854 si-

417 1896 653 1965 αἰτήσω,
708 1894 895 1965 φησὶν,
936 1893 1046 1947 οὐδ’
1097 1893 1159 1945 οὐ
1217 1892 1291 1965 μὴ
1332 1891 1578 1965 πειράσω
1631 1891 1724 1944 τὸν
1768 1891 1993 1962 Κύριον.

2097 1899 2264 1951 mulat
2295 1914 2354 1952 se
2380 1898 2522 1953 nolle
2561 1899 2735 1967 ipsum
2774 1906 3003 1963 tentare,
3051 1905 3110 1953 et
3153 1897 3317 1950 verba
3357 1895 3470 1948 fere
3522 1891 3658 1961 legis

433 1985 650 2057 Ἐπειδὴ
686 1986 797 2056 γὰρ
823 1984 958 2038 Θεοῦ
982 1983 1405 2056 προστάττοντος
1434 1986 1625 2047 αἰτεῖν,
1649 1983 1709 2037 τὸ
1734 1983 1807 2054 μὴ
1830 1986 1995 2037 αἰτεῖ-

2096 1986 2377 2041 obtendit:
2414 2004 2435 2038 ι
2478 1985 2592 2040 Νοη
2645 1987 2792 2042 enim
2848 1986 3081 2041 tentabis
3140 1984 3428 2040 Dominum
3485 1973 3656 2037 De‘um

425 2078 549 2135 σθαι
582 2078 757 2132 θέλειν
788 2077 1018 2151 ἐναργὲς
1049 2076 1161 2147 ἔχει
1188 2077 1249 2130 τὸ
1282 2076 1558 2143 δυσσεϐὲς,
1599 2077 1995 2132 ὑποπλάττεται

2096 2076 2336 2131 tuum".
2397 2094 2417 2128 ι
2486 2077 2677 2132 Annon
2718 2086 2901 2131 autem
2969 2086 3053 2131 est
3116 2076 3242 2131 huic
3306 2061 3650 2146 perversitati

421 2169 485 2221 τὸ
526 2171 604 2239 μὴ
639 2167 934 2239 πειρᾶσθαι
985 2166 1157 2220 θέλειν
1195 2165 1379 2233 αὐτὸν,
1409 2167 1505 2219 καὶ
1545 2167 1767 2237 νομικὸν
1808 2165 1995 2238 ὥσπερ

2096 2168 2294 2223 Achaei
2329 2167 2488 2238 pleno
2517 2183 2613 2222 ore
2653 2167 3136 2223 reclamitandum?
3177 2165 3311 2223 Nam
3341 2182 3461 2222 cum
3515 2167 3655 2221 Deus

423 2264 740 2334 προϊσχεται
771 2262 958 2330 λόγον·
1006 2279 1025 2312 ι
1060 2262 1133 2314 Οὐ
1160 2259 1269 2331 γὰρ
1300 2260 1647 2331 ἐκπειράσεις
1674 2259 1878 2331 Κύριον
1903 2260 1995 2313 τὸν

2096 2270 2278 2329 petere
2298 2258 2536 2328 juberet,
2562 2276 2737 2314 annon
2760 2259 3073 2329 praestabat,
3093 2258 3223 2314 illud
3245 2260 3384 2328 quod
3405 2259 3660 2325 praecepit
3752 2260 3756 2265 '

423 2354 557 2408 Θεόν
600 2370 714 2408 σου.
764 2373 781 2406 ι
823 2354 1015 2406 Καίτοι
1067 2350 1185 2414 πῶς
1235 2351 1332 2421 οὐχ
1374 2350 1709 2405 ἁπαστισοῦν
1755 2352 1857 2421 τῆς
1901 2350 1997 2406 τοῦ

427 2444 602 2519 Ἀχαζ
654 2446 977 2517 σκαιότητος
1032 2442 1361 2514 καταϐοήσει
1414 2440 1601 2511 λόγος;
1663 2442 1838 2496 Αὐτοῦ
1889 2443 2000 2512 γὰρ

422 2542 666 2608 ἐφιέντος
701 2541 872 2593 αἰτεῖν
903 2535 996 2590 106
1043 2534 1200 2598 Θεοῦ,
1246 2533 1363 2597 πῶς
1389 2532 1488 2586 οὐκ
1530 2534 1750 2603 ἄμεινον
1792 2533 1855 2586 τὸ
1879 2533 1997 2586 ὲλέ-

428 2631 547 2686 σθαι
578 2629 779 2702 μᾶλλον
822 2629 997 2682 ἐκεῖνο
1037 2626 1193 2700 δρᾷν,
1223 2624 1252 2678 ὃ
1284 2624 1671 2696 προστέταχεν,
1700 2624 1732 2695 ἢ
1774 2625 1997 2693 δυστρό-

424 2740 543 2785 πως
574 2721 957 2792 εύρεσιλογεῐν,
1005 2718 1099 2771 καὶ
1150 2716 1422 2787 πρόφασιν
1460 2714 1767 2779 εὐπειθείας
1824 2717 1997 2768 ποιεῖ-

427 2813 550 2866 σθαι
590 2810 795 2881 σαθρὰν
830 2811 910 2876 τὸ,
947 2810 1020 2861 Οὐ
1061 2808 1137 2880 μὴ
1180 2806 1426 2878 πειράσω
1468 2804 1702 2878 Κύριον;
1744 2805 1881 2860 Ἀλλ’
1922 2802 1993 2878 ἦν

423 2906 453 2958 ὁ
481 2901 678 2966 σκοπὸς
707 2900 856 2971 αὐτῷ
893 2904 1019 2964 τοὺς
1065 2901 1165 2970 μὲν
1208 2899 1412 2953 ἀνωθεν
1448 2900 1543 2952 καὶ
1572 2897 1723 2971 παρὰ
1748 2898 1882 2953 Θεοῦ
1907 2898 1993 2972 μὴ

426 2995 744 3070 προσίεσθαι
796 2995 1009 3064 λόγους,
1059 2994 1226 3065 ψήφῳ
1257 2992 1316 3046 δὲ
1367 2991 1565 3063 μᾶλλον
1611 2994 1678 3064 τῇ
1725 2992 1992 3063 κρείττονι

2096 2350 2316 2414 facere,
2365 2364 2528 2419 quam
2588 2349 2821 2417 maligne
2875 2348 3152 2417 captiones
3197 2347 3570 2410 eomminisci,-
3604 2356 3660 2399 et

2098 2442 2503 2498 excusationem
2565 2440 2941 2496 inobedientiae
3006 2437 3252 2496 frivolam
3304 2447 3654 2508 praetexere,

2094 2516 2342 2587 scilicet:
2391 2530 2506 2586 Non
2542 2532 2762 2585 tentabo
2810 2528 3136 2584 Dominum?
3184 2528 3384 2583 Verum
3440 2528 3545 2584 hoc
3578 2527 3655 2582 illi

2096 2624 2148 2678 in
2178 2624 2359 2678 animo
2390 2632 2527 2687 erat,
2565 2637 2791 2692 superos
2815 2630 2977 2691 atque
3000 2620 3211 2674 divinos
3231 2633 3510 2674 sermones
3542 2620 3650 2673 non

2095 2715 2369 2784 amplecti,
2395 2715 2489 2769 sed
2522 2714 2863 2768 fatidicorum
2900 2712 3081 2781 potius
3107 2710 3462 2767 deliramenta
3495 2724 3657 2765 coro-

2095 2821 2248 2870 nare,
2275 2816 2330 2861 et
2356 2803 2674 2861 candidiore
2707 2803 2916 2859 calculo
2948 2800 3245 2871 anteferre,
3299 2801 3658 2874 auguriorum

2096 2912 2358 2965 responsa
2389 2897 2659 2953 curiosius
2696 2895 2986 2963 sciscitari,
3032 2904 3090 2952 et
3116 2896 3419 2951 daemonum
3466 2894 3660 2966 praesi-

2097 2990 2243 3045 dium
2284 2990 2594 3060 implorare.

429 3086 821 3158 στεφανοῦντας
876 3085 967 3141 ¹ιὸν
1026 3088 1432 3159 χρησμολόγον,
1485 3087 1840 3157 ψευδοεπείας
1896 3088 1991 3141 καί
2026 3089 2148 3152 ταῖς
2191 3086 2395 3141 οἰωνῶν
2438 3086 2579 3159 τάχα
2632 3103 2735 3140 που
2792 3086 3250 3158 περιεργάζεσθαι
3283 3102 3534 3159 πτησεσι,
3564 3085 3661 3140 καὶ

426 3184 523 3246 τὰς
548 3186 614 3236 ὲκ
638 3184 745 3237 τῶν
773 3183 1059 3255 δαιμονίων
1087 3183 1404 3255 ἐπικουρίας
1433 3185 1624 3241 αἰτεῖν.

496 3276 604 3328 Καὶ
647 3271 836 3329 εἶπεν·
911 3276 1223 3330 Ἀκούσατε
1262 3274 1374 3342 δὴ,
1431 3271 1599 3342 οἰκος
1645 3273 1842 3339 Δαϐἰδ,
1904 3273 1991 3345 μὴ

2167 3273 2329 3330 Vens.
2362 3272 2447 3328 15.
2498 3270 2567 3326 Et
2606 3273 2784 3328 dixit:
2820 3272 3030 3337 Audite,
3063 3273 3249 3328 domus
3296 3274 3468 3329 David
3491 3293 3509 3330 :
3536 3293 3659 3329 num

421 3368 636 3437 μικρὸν
660 3368 805 3437 ὑμῖν
826 3366 1025 3436 ἀγῶνα
1050 3367 1333 3437 παρέχειν
1358 3367 1688 3435 ἀνθρώποις
1707 3383 1728 3431 ;
1747 3367 1847 3421 καὶ
1870 3364 1997 3433 πῶς

428 3459 618 3525 Κυρίῳ
646 3459 935 3526 παρέχετε
967 3455 1197 3526 drdira;
1226 3457 1330 3511 Διὰ
1355 3454 1531 3512 τοῦτο
1558 3455 1739 3511 δώσει
1782 3458 1997 3527 Κύριος

429 3549 608 3613 αὐτὸς
630 3549 777 3617 ὑμῖν
801 3548 1071 3618 σημεῖον.

509 3639 896 3710 Ἀπειρηκότος
920 3638 1012 3692 106
1046 3640 1219 3710 ’Δχαζ
1255 3640 1346 3694 106
1379 3640 1604 3712 σημείου
1630 3640 1727 3712 τὴν
1758 3640 1992 3713 αἴτησιν,

430 3729 527 3781 οὐκ
552 3728 877 3800 ἀνεχομένου
908 3746 968 3782 τε
991 3732 1156 3799 τιμᾷν
1188 3730 1220 3800 ἢ
1258 3731 1456 3784 εἰδέναι
1492 3731 1581 3785 τὸν
1617 3732 1777 3801 φύσει
1814 3749 1874 3786 τε
1902 3734 1997 3787 καὶ

430 3821 639 3893 ἀληθῶς
668 3822 798 3875 ὄντα
829 3821 979 3886 Θεὸν,
1010 3823 1102 3874 καὶ
1140 3822 1246 3875 τῶν
1274 3822 1409 3875 ὅλων
1436 3822 1660 3893 Κύριον,
1702 3825 1783 3876 ὅτι
1816 3823 1891 3896 μὴ
1916 3824 1997 3887 εἰς

432 3916 575 3969 ἅπαν
596 3914 994 3984 ἁγνοηθήσεται
1028 3914 1177 3985 παρὰ
1207 3913 1301 3967 τοῦ
1341 3914 1571 3986 Ἰσραὴλ,
1600 3916 1740 3986 μήτε
1774 3915 1878 3987 μὴν
1903 3916 1996 3970 τὸν

436 4007 561 4059 ἴδιον
590 4004 845 4059 ἀπολέσει
876 4004 1098 4075 κλῆρον,
1140 4004 1251 4057 ἀλλ’
1280 4005 1669 4074 ὲπιγνώσονται
1697 4006 1837 4061 κατὰ
1871 4022 1995 4062 και-

435 4099 579 4169 ροὺς,
616 4098 781 4151 αὐτὸν
822 4098 1077 4168 πειρᾶται
1112 4096 1399 4150 διδάσκειν.
1429 4098 1574 4169 Πλὴν
1610 4098 1793 4151 οὐκέτι
1837 4096 1995 4167 λόγου

435 4191 530 4260 μὲν
566 4188 707 4253 ἀξιοῖ
741 4188 834 4241 τὸν
884 4188 1076 4259 Ἀχαζ,
1125 4188 1383 4260 ὑϐριστὴν
1431 4188 1559 4242 ὄντα
1598 4189 1694 4243 καὶ
1744 4188 1993 4260 θεομισῆ,

432 4278 862 4348 προσπεφώνηκε
890 4277 945 4330 δὲ
975 4277 1174 4347 μᾶλλον
1209 4278 1287 4348 τῷ
1311 4279 1443 4348 οἴκῳ
1472 4278 1656 4343 Δαϐἰδ,
1681 4278 1825 4332 τοῦτ’
1858 4278 1993 4347 ἐστι,

432 4372 542 4432 τοῖς
590 4371 653 4421 ὲκ
697 4368 871 4438 φυλῆς
917 4369 1104 4431 Ἰούδα,
1137 4366 1196 4433 ἐξ
1240 4365 1308 4441 ἧς
1363 4371 1456 4423 καί
1510 4370 1672 4433 αὐτὸς
1714 4371 1903 4441 γέγονε
1934 4372 1997 4425 τὸ

434 4459 571 4512 κατὰ
601 4460 778 4530 σάρκα
800 4459 1053 4526 Χριστός.
1097 4458 1501 4531 Ἀνεξικάκῳβ]
1528 4460 1583 4512 δὲ
1617 4458 1737 4513 λίαν
1764 4461 1839 4525 ὡς
1866 4461 1999 4525 Θεὸς

433 4552 659 4602 ποιεῖται
681 4551 780 4619 τὴν
805 4550 1219 4621 προαγόρευσιν.
1249 4552 1747 4623 Προαιτιασάμενος
1771 4554 1879 4624 γὰρ
1916 4554 1997 4608 ὅτι

2094 3381 2280 3434 parum
2328 3364 2469 3419 vobis
2526 3376 2603 3419 est
2659 3364 2952 3418 molestiam
3025 3366 3265 3420 exhibere
3316 3369 3663 3422 hominibus?

2099 3455 2253 3525 121
2271 3457 2495 3510 etiamne
2517 3455 2742 3510 Domino
2771 3456 3025 3525 facessitis
3051 3459 3310 3527 negotium
3330 3458 3355 3512 ξ)
3375 3457 3659 3527 Propterea

2095 3548 2238 3600 dabit
2270 3545 2525 3601 Dominus
2555 3548 2662 3615 ipse
2681 3545 2822 3600 vobis
2853 3547 3082 3615 signum.

2163 3637 2297 3691 Cum
2331 3640 2579 3693 Achazus
2606 3637 2746 3706 signi
2788 3638 3103 3708 petitionem
3145 3638 3531 3707 detrectasset,
3562 3657 3661 3697 nec

2094 3729 2388 3784 sustineret
2438 3729 2619 3784 colere
2665 3737 2758 3783 aut
2812 3744 3141 3798 cognoscere
3184 3739 3379 3787 natura
3436 3741 3493 3787 et
3533 3748 3660 3787 vere

2097 3823 2289 3888 Deum,
2331 3832 2385 3878 et
2427 3823 2713 3879 Dominum
2746 3823 3145 3889 universitatis‘,
3174 3832 3402 3879 conatur
3441 3825 3657 3893 docere,

2095 3930 2218 3970 eum
2248 3929 2355 3971 non
2400 3916 2615 3985 penitus
2641 3912 2882 3982 ignotum
2916 3910 3032 3966 fore
3057 3910 3263 3977 lsraeli,
3298 3926 3473 3983 neque
3505 3930 3658 3971 suam

2095 4016 2294 4062 sortem
2337 4008 2696 4076 perditurum,
2729 4006 2822 4061 sed
2871 4005 3001 4061 olitn
3045 4021 3140 4061 eos
3182 4006 3329 4060 illum
3358 4007 3659 4077 aguituros.

2095 4096 2371 4153 Achaeum
2398 4113 2525 4153 vero
2559 4096 2877 4153 insolentem
2912 4106 2967 4152 et
2995 4098 3089 4152 Dei
3125 4097 3356 4163 hostem,
3389 4114 3497 4153 non
3521 4099 3663 4154 ulte-

2097 4189 2213 4244 rius
2255 4188 2492 4258 alloquio
2523 4189 2794 4257 dignatur,
2830 4187 2927 4243 sed
2955 4189 3171 4243 domum
3221 4189 3401 4257 potius
3440 4186 3660 4243 Davidi-

2096 4292 2217 4335 cam
2247 4279 2555 4349 compellat,
2584 4281 2637 4335 id
2662 4288 2772 4346 est,
2807 4293 2903 4335 eos
2926 4279 3019 4350 qui
3047 4295 3116 4333 ex
3148 4279 3289 4334 tribu
3315 4275 3451 4336 Juda
3480 4290 3661 4350 erant,

2096 4384 2167 4426 ex
2197 4385 2302 4441 qua
2339 4381 2498 4427 natus
2542 4378 2625 4426 est
2660 4371 2952 4426 secundum
2977 4386 3195 4426 carnem
3243 4372 3359 4441 ipse
3388 4370 3661 4429 Christus.

2103 4460 2425 4517 Vaticinium
2458 4472 2639 4516 autem
2669 4463 2772 4516 hoc
2798 4461 3225 4518 clementissime
3250 4472 3308 4517 ut
3334 4461 3478 4518 Deus
3504 4463 3664 4519 insti—

2098 4553 2220 4619 tuit,
2253 4566 2515 4607 accusans
2552 4552 2806 4622 primum,
2847 4553 2990 4621 quod
3022 4566 3120 4621 pro
3154 4551 3325 4606 nihilo
3350 4552 3662 4617 haberetur,

433 4640 718 4710 πεποίηται
737 4641 865 4710 παρ’
883 4642 1034 4694 οὐδὲν
1051 4642 1109 4695 τὸ
1127 4644 1218 4695 καὶ
1234 4642 1382 4713 αὐτῷ
1395 4640 1850 4714 προσκροῦσαιτῷ
1861 4643 1995 4696 πάν-

2102 4640 2275 4710 ipsum
2306 4640 2468 4694 etiam
2494 4638 2657 4694 Deum
2679 4640 3101 4709 omnipotentem
3118 4639 3391 4697 offendere
3418 4652 3472 4697 et
3498 4642 3662 4695 veluti

432 4746 495 4781 τα
526 4731 761 4802 ἰσχύοντι
778 4732 916 4803 Θεῷ,
940 4736 1033 4787 καί
1050 4729 1159 4787 οἷον
1186 4735 1398 4801 ἀγῶνας
1421 4735 1567 4805 αὐτῷ
1586 4735 1678 4787 καὶ
1694 4735 1995 4805 καμάτους,

432 4819 552 4886 τόγε
576 4816 713 4891 ἧκον
742 4825 820 4885 εἰς
851 4825 1073 4886 αὐτοὺς,
1108 4825 1351 4878 σαλεύειν
1378 4827 1672 4895 ἐπιχειρεῖν
1693 4825 1781 4877 διά
1813 4841 1875 4893 γε
1903 4824 1996 4877 106

437 4911 509 4981 μὴ
538 4911 709 4966 θέλειν
731 4914 1037 4984 όρθοποδείν
1057 4933 1069 4945 ’
1094 4916 1214 4968 τότε
1241 4915 1303 4987 δὴ
1321 4916 1439 4967 τότε
1457 4916 1552 4984 τῆς
1568 4914 1795 4968 καθόλου
1822 4933 1881 4967 τε
1904 4916 1997 4969 καὶ

433 5006 797 5075 γενικωτάτης
827 5007 1144 5077 ἐπικουρίας
1171 5011 1401 5059 ποιεῖται
1438 5006 1536 5077 τὴν
1568 5008 1996 5079 προανάρρησιν.

432 5090 523 5160 Ὦ,
543 5096 742 5159 τοίνυν,
769 5098 949 5166 φησὶν,
974 5093 1119 5160 οἶκος
1145 5098 1327 5160 Δαὸἰδ,
1355 5101 1401 5151 εἰ
1423 5097 1482 5151 τό
1505 5098 1808 5171 ἀνθρώποις
1840 5117 2002 5171 προσ-

434 5185 649 5256 κρούειν
674 5188 775 5239 οὐκ
805 5188 1055 5259 ἀζήμιον,
1090 5188 1141 5240 τί
1162 5188 1240 5258 τῷ
1274 5190 1462 5260 Κυρίῳ
1496 5193 1760 5261 παρέχετε
1790 5192 1998 5259 ἀγῶνα,

434 5271 509 5342 τῷ
541 5273 788 5339 κολάζειν
813 5276 911 5345 μὲν
934 5277 1033 5330 οὐκ
1060 5277 1315 5341 ἐθέλοντι,
1347 5278 1580 5348 ἰσχύοντι
1613 5279 1671 5333 δὲ
1691 5279 1847 5333 τοῦτο
1868 5281 2000 5351 δρᾷν

436 5365 528 5418 καί
555 5366 673 5419 λίαν
693 5369 949 5435 εὐκόλως;
968 5370 1182 5440 Ἐπειδὴ
1209 5370 1263 5422 δὲ
1282 5371 1629 5443 παραιτεῖσθε
1659 5372 1751 5426 τοῦ
1771 5374 1998 5444 σημείου

2103 4730 2378 4785 molestias
2436 4744 2502 4786 ac
2546 4730 2758 4801 negatis
2814 4731 3075 4786 exhibere
3125 4732 3176 4787 ei
3211 4732 3354 4802 quod
3401 4733 3469 4787 ad
3518 4732 3665 4801 ipsos

2102 4823 2320 4885 attinet,
2350 4836 2416 4878 eo
2451 4823 2592 4893 quod
2629 4832 2777 4878 recto
2807 4824 2940 4893 pede
2979 4826 3227 4880 incedere
3260 4824 3484 4881 nollent.
3512 4825 3665 4881 Tunc

2102 4914 2354 4969 catholici
2413 4916 2779 4984 latissimeque
2824 4916 3055 4984 patentis
3115 4916 3301 4971 auxilii
3347 4917 3661 4976 vaticinium

2100 5005 2322 5075 profert.
2374 5004 2421 5061 Ο
2478 5009 2689 5071 domus,
2744 5007 2938 5076 inquit,
2996 5007 3212 5064 Davidis
3252 5026 3268 5062 :
3316 5008 3363 5065 si
3416 5009 3663 5064 homines

2100 5100 2315 5166 quidem
2354 5098 2627 5153 offendere
2677 5114 2783 5155 non
2824 5100 2950 5155 licet
2996 5100 3251 5170 impune,
3292 5100 3520 5156 Domino
3572 5103 3663 5171 qui

2100 5186 2295 5254 punire
2321 5187 2535 5255 quidem
2567 5203 2672 5242 non
2719 5188 2850 5254 vult,
2883 5198 3056 5258 potest
3081 5200 3260 5245 autem
3297 5200 3352 5244 et
3380 5190 3663 5255 facillime,

2101 5278 2230 5347 quid
2266 5279 2462 5333 creatis
2492 5278 2828 5335 molestiam?
2865 5280 3127 5347 Quoniam
3156 5290 3334 5335 autem
3375 5296 3469 5337 vos
3504 5297 3663 5338 recu-

2100 5371 2235 5424 satis
2262 5371 2474 5439 signum
2508 5382 2710 5440 petere,
2747 5374 2861 5442 ipse
2885 5383 3076 5442 sponte
3108 5388 3227 5429 mea
3257 5373 3417 5429 venio
3440 5375 3506 5428 ad
3533 5374 3665 5444 hoc,

434 5458 530 5528 τὴν
551 5460 788 5530 αἴτησιν,
820 5461 1115 5530 αὐτόμολός
1149 5465 1262 5534 εἰμι
1302 5465 1438 5534 πρὸς
1471 5464 1645 5530 τοῦτο,
1682 5465 1878 5535 φησίν·
1906 5465 1995 5519 adt

2104 5461 2296 5531 inquit,
2329 5472 2385 5516 et
2413 5461 2539 5518 licet
2568 5462 2743 5518 velitis
2771 5472 3055 5533 aegrotare,
3082 5464 3290 5519 adduco
3316 5463 3662 5529 medicinam,

438 5552 485 5603 εἰ
513 5550 787 5620 βούλοισθε
835 5555 1029 5615 νοσεῖν,
1067 5554 1259 5623 ἐπάγω
1300 5555 1397 5626 τὴν
1432 5555 1745 5625 θεραπείαν,
1776 5556 1995 5627 ἐπείπερ

2103 5554 2531 5624 quandoquidem
2564 5555 2822 5625 benignus
2854 5569 2994 5620 sum,
3019 5563 3073 5609 et
3095 5555 3328 5609 hominis
3359 5555 3670 5610 amantissi-

437 5640 550 5709 εἰμί
593 5641 830 5712 χρηστὸς
871 5644 964 5696 καὶ
992 5643 1387 5715 φιλάνθρωπος.
1428 5646 1598 5709 Αὐτὸς
1636 5646 1762 5717 ὑμῖν
1801 5646 2005 5718 Κύριος

510 5794 553 5826 ³⁷
594 5798 749 5856 Deut.
783 5801 966 5866 Vt,16.

752 5890 1025 5953 Parnm.
1070 5893 1185 5953 Gn.
1236 5890 1406 5952 LXX.

2104 5661 2242 5701 mus.
2276 5645 2395 5717 Ipse
2427 5645 2689 5704 Dominus
2730 5647 2882 5704 vobis
2910 5648 3122 5719 signum
3162 5647 3333 5710 dabit,
3362 5655 3511 5702 certo
3540 5659 3668 5710 per-

3324 5898 3359 5953 7
