  <div class='ocr_page' id='page_1' title='image "/cluster/home/n/w/nwhite01/storage/ocr_20150623/70/nnc1.0046980253/119.png"; bbox 0 0 4152 6366; ppageno 0'>
   <div class='ocr_carea' id='block_1_1' title="bbox 494 336 602 391">
    <p class='ocr_par' dir='ltr' id='par_1_1' title="bbox 494 336 602 391">
     <span class='ocr_line' id='line_1_1' title="bbox 494 336 602 391; baseline 0 0"><span class='ocrx_word' id='word_1_1' title='bbox 494 336 602 391; x_wconf 76' lang='lat'><strong>9.05</strong></span> 
     </span>
    </p>
   </div>
   <div class='ocr_carea' id='block_1_2' title="bbox 1425 314 2707 378">
    <p class='ocr_par' dir='ltr' id='par_1_2' title="bbox 1425 314 2707 378">
     <span class='ocr_line' id='line_1_2' title="bbox 1425 314 2707 378; baseline -0.006 0"><span class='ocrx_word' id='word_1_2' title='bbox 1425 345 1429 348; x_wconf 50' lang='grc' dir='ltr'><strong>ν</strong></span> <span class='ocrx_word' id='word_1_3' title='bbox 1479 322 1537 378; x_wconf 91' lang='lat' dir='ltr'><strong>S.</strong></span> <span class='ocrx_word' id='word_1_4' title='bbox 1580 314 1852 376; x_wconf 65' lang='lat' dir='ltr'><strong>CYRTLLI</strong></span> <span class='ocrx_word' id='word_1_5' title='bbox 1891 317 2355 375; x_wconf 75' lang='lat' dir='ltr'><strong>ALEXANDRINI</strong></span> <span class='ocrx_word' id='word_1_6' title='bbox 2389 318 2707 374; x_wconf 78' lang='lat' dir='ltr'><strong>ARCHIEP.</strong></span> 
     </span>
    </p>
   </div>
   <div class='ocr_carea' id='block_1_3' title="bbox 3616 302 3723 358">
    <p class='ocr_par' dir='ltr' id='par_1_3' title="bbox 3616 302 3723 358">
     <span class='ocr_line' id='line_1_3' title="bbox 3616 302 3723 358; baseline 0 0"><span class='ocrx_word' id='word_1_7' title='bbox 3616 302 3723 358; x_wconf 61' lang='lat'><strong>20$</strong></span> 
     </span>
    </p>
   </div>
   <div class='ocr_carea' id='block_1_4' title="bbox 494 421 2094 510">
    <p class='ocr_par' dir='ltr' id='par_1_4' title="bbox 494 446 2094 510">
     <span class='ocr_line' id='line_1_4' title="bbox 494 446 2094 510; baseline -0.012 0"><span class='ocrx_word' id='word_1_8' title='bbox 494 452 725 510; x_wconf 81' lang='lat' dir='ltr'><strong>suadens</strong></span> <span class='ocrx_word' id='word_1_9' title='bbox 775 446 1026 503; x_wconf 83' lang='lat' dir='ltr'><strong>lsraelem</strong></span> <span class='ocrx_word' id='word_1_10' title='bbox 1072 451 1340 500; x_wconf 76' lang='lat' dir='ltr'><strong>errantem</strong></span> <span class='ocrx_word' id='word_1_11' title='bbox 1388 456 1485 496; x_wconf 90' lang='lat' dir='ltr'><strong>suo</strong></span> <span class='ocrx_word' id='word_1_12' title='bbox 1522 448 1762 510; x_wconf 86' lang='lat' dir='ltr'><strong>tempore</strong></span> <span class='ocrx_word' id='word_1_13' title='bbox 1790 448 2094 501; x_wconf 29' lang='lat' dir='ltr'><strong>servatum,</strong></span> 
     </span>
    </p>
   </div>
   <div class='ocr_carea' id='block_1_5' title="bbox 2193 421 3725 510">
    <p class='ocr_par' dir='ltr' id='par_1_5' title="bbox 2193 421 3725 509">
     <span class='ocr_line' id='line_1_5' title="bbox 2193 421 3725 509; baseline -0.012 -16"><span class='ocrx_word' id='word_1_14' title='bbox 2193 438 2321 493; x_wconf 83' lang='grc' dir='ltr'>ὠσει</span> <span class='ocrx_word' id='word_1_15' title='bbox 2355 439 2601 509; x_wconf 86' lang='grc' dir='ltr'>σημεῖον,</span> <span class='ocrx_word' id='word_1_16' title='bbox 2624 430 2985 506; x_wconf 83' lang='grc' dir='ltr'>πληροφορῶν</span> <span class='ocrx_word' id='word_1_17' title='bbox 3016 430 3099 483; x_wconf 76' lang='grc' dir='ltr'>ὅτι</span> <span class='ocrx_word' id='word_1_18' title='bbox 3125 424 3217 483; x_wconf 78' lang='grc' dir='ltr'>καὶ</span> <span class='ocrx_word' id='word_1_19' title='bbox 3257 424 3561 496; x_wconf 79' lang='grc' dir='ltr'>σωθήσεται</span> <span class='ocrx_word' id='word_1_20' title='bbox 3586 421 3725 477; x_wconf 84' lang='grc' dir='ltr'><strong>κατά</strong></span> 
     </span>
    </p>
   </div>
   <div class='ocr_carea' id='block_1_6' title="bbox 497 530 2057 609">
    <p class='ocr_par' dir='ltr' id='par_1_6' title="bbox 497 530 2057 609">
     <span class='ocr_line' id='line_1_6' title="bbox 497 530 2057 609; baseline -0.01 -12"><span class='ocrx_word' id='word_1_21' title='bbox 497 544 563 598; x_wconf 83' lang='grc' dir='ltr'><strong>ἰι·ἰ</strong></span> <span class='ocrx_word' id='word_1_22' title='bbox 599 552 695 597; x_wconf 90' lang='lat' dir='ltr'><strong>:et</strong></span> <span class='ocrx_word' id='word_1_23' title='bbox 723 555 828 595; x_wconf 90' lang='lat' dir='ltr'><strong>non</strong></span> <span class='ocrx_word' id='word_1_24' title='bbox 884 538 1252 609; x_wconf 75' lang='lat' dir='ltr'><strong>ignoraturum</strong></span> <span class='ocrx_word' id='word_1_25' title='bbox 1289 533 1602 594; x_wconf 86' lang='lat' dir='ltr'><strong>Dominum,</strong></span> <span class='ocrx_word' id='word_1_26' title='bbox 1659 531 1752 584; x_wconf 86' lang='lat' dir='ltr'><strong>sed</strong></span> <span class='ocrx_word' id='word_1_27' title='bbox 1796 530 2057 584; x_wconf 91' lang='lat' dir='ltr'><strong>cultorem</strong></span> 
     </span>
    </p>
   </div>
   <div class='ocr_carea' id='block_1_7' title="bbox 499 621 2060 692">
    <p class='ocr_par' dir='ltr' id='par_1_7' title="bbox 499 621 2060 692">
     <span class='ocr_line' id='line_1_7' title="bbox 499 621 2060 692; baseline -0.012 -1"><span class='ocrx_word' id='word_1_28' title='bbox 499 636 591 691; x_wconf 88' lang='lat' dir='ltr'><strong>Dei</strong></span> <span class='ocrx_word' id='word_1_29' title='bbox 644 632 934 689; x_wconf 76' lang='lat' dir='ltr'><strong>servatoris</strong></span> <span class='ocrx_word' id='word_1_30' title='bbox 978 641 1287 685; x_wconf 88' lang='lat' dir='ltr'><strong>evasurum.</strong></span> <span class='ocrx_word' id='word_1_31' title='bbox 1318 625 1375 679; x_wconf 89' lang='lat' dir='ltr'><strong>ld</strong></span> <span class='ocrx_word' id='word_1_32' title='bbox 1416 632 1597 678; x_wconf 88' lang='lat' dir='ltr'><strong>autem</strong></span> <span class='ocrx_word' id='word_1_33' title='bbox 1649 636 1744 692; x_wconf 89' lang='lat' dir='ltr'><strong>per</strong></span> <span class='ocrx_word' id='word_1_34' title='bbox 1789 621 2060 675; x_wconf 80' lang='lat' dir='ltr'><strong>Christum</strong></span> 
     </span>
    </p>
   </div>
   <div class='ocr_carea' id='block_1_8' title="bbox 496 709 2060 793">
    <p class='ocr_par' dir='ltr' id='par_1_8' title="bbox 496 709 2060 793">
     <span class='ocr_line' id='line_1_8' title="bbox 496 709 2060 793; baseline -0.01 -14"><span class='ocrx_word' id='word_1_35' title='bbox 496 726 792 793; x_wconf 80' lang='lat' dir='ltr'><strong>perfectum</strong></span> <span class='ocrx_word' id='word_1_36' title='bbox 822 731 922 786; x_wconf 91' lang='lat' dir='ltr'><strong>est,</strong></span> <span class='ocrx_word' id='word_1_37' title='bbox 960 721 1049 791; x_wconf 89' lang='lat' dir='ltr'><strong>qui</strong></span> <span class='ocrx_word' id='word_1_38' title='bbox 1089 719 1297 772; x_wconf 88' lang='lat' dir='ltr'><strong>vocavit</strong></span> <span class='ocrx_word' id='word_1_39' title='bbox 1331 718 1394 770; x_wconf 92' lang='lat' dir='ltr'><strong>ad</strong></span> <span class='ocrx_word' id='word_1_40' title='bbox 1424 712 1753 784; x_wconf 78' lang='lat' dir='ltr'><strong>agnitionem</strong></span> <span class='ocrx_word' id='word_1_41' title='bbox 1786 709 2060 774; x_wconf 88' lang='lat' dir='ltr'><strong>Israelem,</strong></span> 
     </span>
    </p>
   </div>
   <div class='ocr_carea' id='block_1_9' title="bbox 497 802 2065 885">
    <p class='ocr_par' dir='ltr' id='par_1_9' title="bbox 497 802 2065 885">
     <span class='ocr_line' id='line_1_9' title="bbox 497 802 2065 885; baseline -0.009 -15"><span class='ocrx_word' id='word_1_42' title='bbox 497 817 752 885; x_wconf 86' lang='lat' dir='ltr'><strong>omnique</strong></span> <span class='ocrx_word' id='word_1_43' title='bbox 775 821 994 883; x_wconf 87' lang='lat' dir='ltr'><strong>peccato</strong></span> <span class='ocrx_word' id='word_1_44' title='bbox 1021 820 1075 865; x_wconf 90' lang='lat' dir='ltr'><strong>et</strong></span> <span class='ocrx_word' id='word_1_45' title='bbox 1103 811 1366 881; x_wconf 88' lang='lat' dir='ltr'><strong>lignorum</strong></span> <span class='ocrx_word' id='word_1_46' title='bbox 1401 820 1467 861; x_wconf 90' lang='lat' dir='ltr'><strong>ac</strong></span> <span class='ocrx_word' id='word_1_47' title='bbox 1496 804 1732 876; x_wconf 81' lang='lat' dir='ltr'><strong>lapidum</strong></span> <span class='ocrx_word' id='word_1_48' title='bbox 1759 803 1903 859; x_wconf 92' lang='lat' dir='ltr'><strong>cultu</strong></span> <span class='ocrx_word' id='word_1_49' title='bbox 1932 802 2065 856; x_wconf 91' lang='lat' dir='ltr'><strong>libe-</strong></span> 
     </span>
    </p>
   </div>
   <div class='ocr_carea' id='block_1_10' title="bbox 500 907 859 975">
    <p class='ocr_par' dir='ltr' id='par_1_10' title="bbox 500 907 859 975">
     <span class='ocr_line' id='line_1_10' title="bbox 500 907 859 975; baseline -0.008 -15"><span class='ocrx_word' id='word_1_50' title='bbox 500 909 639 961; x_wconf 87' lang='lat' dir='ltr'><strong>ravit</strong></span> <span class='ocrx_word' id='word_1_51' title='bbox 668 907 859 975; x_wconf 85' lang='lat' dir='ltr'><strong>ipsum.</strong></span> 
     </span>
    </p>
   </div>
   <div class='ocr_carea' id='block_1_11' title="bbox 576 1071 2067 1145">
    <p class='ocr_par' dir='ltr' id='par_1_11' title="bbox 576 1071 2067 1145">
     <span class='ocr_line' id='line_1_11' title="bbox 576 1071 2067 1145; baseline -0.011 -8"><span class='ocrx_word' id='word_1_52' title='bbox 576 1082 744 1137; x_wconf 73' lang='lat' dir='ltr'><strong>Vens.</strong></span> <span class='ocrx_word' id='word_1_53' title='bbox 770 1078 958 1134; x_wconf 70' lang='lat'><strong>14-16.</strong></span> <span class='ocrx_word' id='word_1_54' title='bbox 994 1075 1127 1131; x_wconf 83' lang='lat' dir='ltr'><strong>Ecce</strong></span> <span class='ocrx_word' id='word_1_55' title='bbox 1147 1076 1287 1145; x_wconf 76' lang='lat' dir='ltr'><strong>virgo</strong></span> <span class='ocrx_word' id='word_1_56' title='bbox 1316 1076 1367 1125; x_wconf 83' lang='lat' dir='ltr'><strong>in</strong></span> <span class='ocrx_word' id='word_1_57' title='bbox 1390 1082 1532 1126; x_wconf 80' lang='lat' dir='ltr'><strong>utero</strong></span> <span class='ocrx_word' id='word_1_58' title='bbox 1559 1071 1792 1132; x_wconf 79' lang='lat' dir='ltr'><strong>habebit,</strong></span> <span class='ocrx_word' id='word_1_59' title='bbox 1821 1080 1867 1123; x_wconf 89' lang='lat' dir='ltr'><strong>et</strong></span> <span class='ocrx_word' id='word_1_60' title='bbox 1904 1071 2067 1131; x_wconf 83' lang='lat' dir='ltr'><strong>pariet</strong></span> 
     </span>
    </p>
   </div>
   <div class='ocr_carea' id='block_1_12' title="bbox 502 1161 2070 1248">
    <p class='ocr_par' dir='ltr' id='par_1_12' title="bbox 502 1161 2070 1248">
     <span class='ocr_line' id='line_1_12' title="bbox 502 1161 2070 1248; baseline -0.011 -17"><span class='ocrx_word' id='word_1_61' title='bbox 502 1177 696 1248; x_wconf 78' lang='lat' dir='ltr'><strong>ﬁlium,</strong></span> <span class='ocrx_word' id='word_1_62' title='bbox 719 1186 766 1228; x_wconf 81' lang='lat' dir='ltr'><strong>et</strong></span> <span class='ocrx_word' id='word_1_63' title='bbox 796 1172 1049 1227; x_wconf 77' lang='lat' dir='ltr'><strong>vocabunt</strong></span> <span class='ocrx_word' id='word_1_64' title='bbox 1072 1184 1258 1221; x_wconf 82' lang='lat' dir='ltr'><strong>nomen</strong></span> <span class='ocrx_word' id='word_1_65' title='bbox 1283 1169 1418 1236; x_wconf 81' lang='lat' dir='ltr'><strong>ejus,</strong></span> <span class='ocrx_word' id='word_1_66' title='bbox 1453 1161 1787 1217; x_wconf 77' lang='lat' dir='ltr'><strong>Emmanuel.</strong></span> <span class='ocrx_word' id='word_1_67' title='bbox 1810 1161 2070 1230; x_wconf 87' lang='lat' dir='ltr'><strong>Butyrum</strong></span> 
     </span>
    </p>
   </div>
   <div class='ocr_carea' id='block_1_13' title="bbox 502 1251 2073 1328">
    <p class='ocr_par' dir='ltr' id='par_1_13' title="bbox 502 1251 2073 1328">
     <span class='ocr_line' id='line_1_13' title="bbox 502 1251 2073 1328; baseline -0.013 -6"><span class='ocrx_word' id='word_1_68' title='bbox 502 1279 550 1322; x_wconf 76' lang='lat' dir='ltr'><strong>et</strong></span> <span class='ocrx_word' id='word_1_69' title='bbox 610 1266 711 1320; x_wconf 88' lang='lat' dir='ltr'><strong>mel</strong></span> <span class='ocrx_word' id='word_1_70' title='bbox 750 1264 1013 1326; x_wconf 83' lang='lat' dir='ltr'><strong>comedet;</strong></span> <span class='ocrx_word' id='word_1_71' title='bbox 1049 1261 1348 1328; x_wconf 79' lang='lat' dir='ltr'><strong>priusquam</strong></span> <span class='ocrx_word' id='word_1_72' title='bbox 1397 1257 1527 1310; x_wconf 80' lang='lat' dir='ltr'><strong>sciat</strong></span> <span class='ocrx_word' id='word_1_73' title='bbox 1580 1254 1667 1306; x_wconf 86' lang='lat' dir='ltr'><strong>ille</strong></span> <span class='ocrx_word' id='word_1_74' title='bbox 1695 1251 1837 1305; x_wconf 89' lang='lat' dir='ltr'><strong>mala</strong></span> <span class='ocrx_word' id='word_1_75' title='bbox 1870 1268 2073 1321; x_wconf 64' lang='lat' dir='ltr'><strong>praepo-</strong></span> 
     </span>
    </p>
   </div>
   <div class='ocr_carea' id='block_1_14' title="bbox 504 1342 2071 1424">
    <p class='ocr_par' dir='ltr' id='par_1_14' title="bbox 504 1342 2071 1424">
     <span class='ocr_line' id='line_1_14' title="bbox 504 1342 2071 1424; baseline -0.012 -11"><span class='ocrx_word' id='word_1_76' title='bbox 504 1375 645 1421; x_wconf 81' lang='lat' dir='ltr'><strong>nere,</strong></span> <span class='ocrx_word' id='word_1_77' title='bbox 670 1357 815 1424; x_wconf 79' lang='lat' dir='ltr'><strong>eliget</strong></span> <span class='ocrx_word' id='word_1_78' title='bbox 849 1354 1060 1407; x_wconf 87' lang='lat' dir='ltr'><strong>bonum.</strong></span> <span class='ocrx_word' id='word_1_79' title='bbox 1086 1349 1214 1404; x_wconf 83' lang='lat' dir='ltr'><strong>Ideo</strong></span> <span class='ocrx_word' id='word_1_80' title='bbox 1237 1350 1541 1417; x_wconf 80' lang='lat' dir='ltr'><strong>priusquam</strong></span> <span class='ocrx_word' id='word_1_81' title='bbox 1566 1344 1694 1397; x_wconf 81' lang='lat' dir='ltr'><strong>sciat</strong></span> <span class='ocrx_word' id='word_1_82' title='bbox 1714 1358 1842 1411; x_wconf 87' lang='lat' dir='ltr'><strong>puer</strong></span> <span class='ocrx_word' id='word_1_83' title='bbox 1881 1342 2071 1395; x_wconf 86' lang='lat' dir='ltr'><strong>bonum</strong></span> 
     </span>
    </p>
   </div>
   <div class='ocr_carea' id='block_1_15' title="bbox 504 1432 2073 1511">
    <p class='ocr_par' dir='ltr' id='par_1_15' title="bbox 504 1432 2073 1511">
     <span class='ocr_line' id='line_1_15' title="bbox 504 1432 2073 1511; baseline -0.012 -6"><span class='ocrx_word' id='word_1_84' title='bbox 504 1452 582 1507; x_wconf 72' lang='lat' dir='ltr'><strong>vel</strong></span> <span class='ocrx_word' id='word_1_85' title='bbox 632 1450 871 1511; x_wconf 90' lang='lat' dir='ltr'><strong>malum,</strong></span> <span class='ocrx_word' id='word_1_86' title='bbox 936 1442 1153 1497; x_wconf 67' lang='lat' dir='ltr'><strong>malitia:</strong></span> <span class='ocrx_word' id='word_1_87' title='bbox 1215 1456 1316 1494; x_wconf 86' lang='lat' dir='ltr'><strong>non</strong></span> <span class='ocrx_word' id='word_1_88' title='bbox 1388 1438 1740 1505; x_wconf 82' lang='lat' dir='ltr'><strong>obtemperat,</strong></span> <span class='ocrx_word' id='word_1_89' title='bbox 1795 1443 1853 1487; x_wconf 89' lang='lat' dir='ltr'><strong>ut</strong></span> <span class='ocrx_word' id='word_1_90' title='bbox 1916 1432 2073 1502; x_wconf 84' lang='lat' dir='ltr'><strong>eligat</strong></span> 
     </span>
    </p>
   </div>
   <div class='ocr_carea' id='block_1_16' title="bbox 506 1523 2075 1604">
    <p class='ocr_par' dir='ltr' id='par_1_16' title="bbox 506 1523 2075 1604">
     <span class='ocr_line' id='line_1_16' title="bbox 506 1523 2075 1604; baseline -0.012 -9"><span class='ocrx_word' id='word_1_91' title='bbox 506 1542 716 1595; x_wconf 88' lang='lat' dir='ltr'><strong>bonum.</strong></span> <span class='ocrx_word' id='word_1_92' title='bbox 768 1538 834 1591; x_wconf 76' lang='lat' dir='ltr'><strong>Et</strong></span> <span class='ocrx_word' id='word_1_93' title='bbox 888 1536 1209 1604; x_wconf 84' lang='lat' dir='ltr'><strong>relinquetur</strong></span> <span class='ocrx_word' id='word_1_94' title='bbox 1236 1534 1391 1601; x_wconf 51' lang='grc' dir='ltr'>μιαν-τα</span> <span class='ocrx_word' id='word_1_95' title='bbox 1456 1542 1614 1597; x_wconf 89' lang='lat' dir='ltr'><strong>quam</strong></span> <span class='ocrx_word' id='word_1_96' title='bbox 1658 1536 1720 1579; x_wconf 88' lang='lat' dir='ltr'><strong>tu</strong></span> <span class='ocrx_word' id='word_1_97' title='bbox 1772 1523 2001 1589; x_wconf 81' lang='lat' dir='ltr'><strong>metuis,</strong></span> <span class='ocrx_word' id='word_1_98' title='bbox 2042 1538 2075 1576; x_wconf 91' lang='lat' dir='ltr'><strong>a</strong></span> 
     </span>
    </p>
   </div>
   <div class='ocr_carea' id='block_1_17' title="bbox 508 1633 1168 1703">
    <p class='ocr_par' dir='ltr' id='par_1_17' title="bbox 508 1633 1168 1703">
     <span class='ocr_line' id='line_1_17' title="bbox 508 1633 1168 1703; baseline -0.014 -15"><span class='ocrx_word' id='word_1_99' title='bbox 508 1634 641 1703; x_wconf 79' lang='lat' dir='ltr'><strong>facie</strong></span> <span class='ocrx_word' id='word_1_100' title='bbox 689 1633 914 1685; x_wconf 87' lang='lat' dir='ltr'><strong>duorum</strong></span> <span class='ocrx_word' id='word_1_101' title='bbox 971 1642 1168 1698; x_wconf 81' lang='lat' dir='ltr'><strong>regum.</strong></span> 
     </span>
    </p>
   </div>
   <div class='ocr_carea' id='block_1_18' title="bbox 578 1788 2151 1873">
    <p class='ocr_par' dir='ltr' id='par_1_18' title="bbox 578 1788 2151 1873">
     <span class='ocr_line' id='line_1_18' title="bbox 578 1788 2151 1873; baseline -0.013 -9"><span class='ocrx_word' id='word_1_102' title='bbox 578 1806 951 1863; x_wconf 80' lang='lat' dir='ltr'><strong>Reddiderunt</strong></span> <span class='ocrx_word' id='word_1_103' title='bbox 983 1802 1203 1873; x_wconf 89' lang='lat' dir='ltr'><strong>quidam</strong></span> <span class='ocrx_word' id='word_1_104' title='bbox 1234 1814 1421 1856; x_wconf 89' lang='lat' dir='ltr'><strong>eorum</strong></span> <span class='ocrx_word' id='word_1_105' title='bbox 1452 1797 1543 1867; x_wconf 87' lang='lat' dir='ltr'><strong>qui</strong></span> <span class='ocrx_word' id='word_1_106' title='bbox 1589 1794 1801 1850; x_wconf 85' lang='lat' dir='ltr'><strong>divinas</strong></span> <span class='ocrx_word' id='word_1_107' title='bbox 1830 1790 2077 1860; x_wconf 86' lang='lat' dir='ltr'><strong>Scriptu-</strong></span> <span class='ocrx_word' id='word_1_108' title='bbox 2102 1788 2151 1844; x_wconf 83' lang='lat' dir='ltr'><strong>B</strong></span> 
     </span>
    </p>
   </div>
   <div class='ocr_carea' id='block_1_19' title="bbox 512 1883 2077 1970">
    <p class='ocr_par' dir='ltr' id='par_1_19' title="bbox 512 1883 2077 1970">
     <span class='ocr_line' id='line_1_19' title="bbox 512 1883 2077 1970; baseline -0.013 -14"><span class='ocrx_word' id='word_1_109' title='bbox 512 1916 604 1956; x_wconf 86' lang='lat' dir='ltr'><strong>ras</strong></span> <span class='ocrx_word' id='word_1_110' title='bbox 631 1897 973 1970; x_wconf 86' lang='lat' dir='ltr'><strong>interpretati</strong></span> <span class='ocrx_word' id='word_1_111' title='bbox 1011 1904 1172 1951; x_wconf 86' lang='lat' dir='ltr'><strong>sunt:</strong></span> <span class='ocrx_word' id='word_1_112' title='bbox 1201 1894 1344 1949; x_wconf 89' lang='lat' dir='ltr'><strong>Ecce</strong></span> <span class='ocrx_word' id='word_1_113' title='bbox 1369 1888 1542 1960; x_wconf 89' lang='lat' dir='ltr'><strong>puella</strong></span> <span class='ocrx_word' id='word_1_114' title='bbox 1578 1889 1631 1942; x_wconf 91' lang='lat' dir='ltr'><strong>in</strong></span> <span class='ocrx_word' id='word_1_115' title='bbox 1662 1894 1814 1941; x_wconf 90' lang='lat' dir='ltr'><strong>utero</strong></span> <span class='ocrx_word' id='word_1_116' title='bbox 1841 1883 2077 1939; x_wconf 89' lang='lat' dir='ltr'><strong>habebit.</strong></span> 
     </span>
    </p>
   </div>
   <div class='ocr_carea' id='block_1_20' title="bbox 510 1975 2083 2056">
    <p class='ocr_par' dir='ltr' id='par_1_20' title="bbox 510 1975 2083 2056">
     <span class='ocr_line' id='line_1_20' title="bbox 510 1975 2083 2056; baseline -0.013 -11"><span class='ocrx_word' id='word_1_117' title='bbox 510 1989 738 2045; x_wconf 80' lang='lat' dir='ltr'><strong>Videtur</strong></span> <span class='ocrx_word' id='word_1_118' title='bbox 797 1986 1013 2056; x_wconf 85' lang='lat' dir='ltr'><strong>quidem</strong></span> <span class='ocrx_word' id='word_1_119' title='bbox 1076 1981 1275 2037; x_wconf 68' lang='lat' dir='ltr'><strong>ludatis</strong></span> <span class='ocrx_word' id='word_1_120' title='bbox 1329 1978 1519 2048; x_wconf 67' lang='lat' dir='ltr'><strong>puellae</strong></span> <span class='ocrx_word' id='word_1_121' title='bbox 1567 1975 1784 2031; x_wconf 91' lang='lat' dir='ltr'><strong>nomine</strong></span> <span class='ocrx_word' id='word_1_122' title='bbox 1835 1981 2083 2043; x_wconf 87' lang='lat' dir='ltr'><strong>oportere</strong></span> 
     </span>
    </p>
   </div>
   <div class='ocr_carea' id='block_1_21' title="bbox 511 2063 2081 2133">
    <p class='ocr_par' dir='ltr' id='par_1_21' title="bbox 511 2063 2081 2133">
     <span class='ocr_line' id='line_1_21' title="bbox 511 2063 2081 2133; baseline -0.011 -1"><span class='ocrx_word' id='word_1_123' title='bbox 511 2077 737 2132; x_wconf 80' lang='lat' dir='ltr'><strong>Matrem</strong></span> <span class='ocrx_word' id='word_1_124' title='bbox 794 2073 1007 2130; x_wconf 86' lang='lat' dir='ltr'><strong>Domini</strong></span> <span class='ocrx_word' id='word_1_125' title='bbox 1061 2070 1381 2133; x_wconf 90' lang='lat' dir='ltr'><strong>subnotari,</strong></span> <span class='ocrx_word' id='word_1_126' title='bbox 1438 2082 1538 2122; x_wconf 91' lang='lat' dir='ltr'><strong>nec</strong></span> <span class='ocrx_word' id='word_1_127' title='bbox 1565 2066 1749 2122; x_wconf 90' lang='lat' dir='ltr'><strong>vocari</strong></span> <span class='ocrx_word' id='word_1_128' title='bbox 1798 2063 2081 2133; x_wconf 77' lang='lat' dir='ltr'><strong>virginem.</strong></span> 
     </span>
    </p>
   </div>
   <div class='ocr_carea' id='block_1_22' title="bbox 515 2155 2084 2234">
    <p class='ocr_par' dir='ltr' id='par_1_22' title="bbox 515 2155 2084 2234">
     <span class='ocr_line' id='line_1_22' title="bbox 515 2155 2084 2234; baseline -0.011 -10"><span class='ocrx_word' id='word_1_129' title='bbox 515 2168 846 2224; x_wconf 82' lang='lat' dir='ltr'><strong>Existimant</strong></span> <span class='ocrx_word' id='word_1_130' title='bbox 896 2163 1160 2234; x_wconf 87' lang='lat' dir='ltr'><strong>siquidem</strong></span> <span class='ocrx_word' id='word_1_131' title='bbox 1216 2160 1298 2216; x_wconf 80' lang='lat' dir='ltr'><strong>fas</strong></span> <span class='ocrx_word' id='word_1_132' title='bbox 1328 2174 1450 2214; x_wconf 89' lang='lat' dir='ltr'><strong>esse</strong></span> <span class='ocrx_word' id='word_1_133' title='bbox 1485 2158 1594 2213; x_wconf 89' lang='lat' dir='ltr'><strong>vim</strong></span> <span class='ocrx_word' id='word_1_134' title='bbox 1649 2155 1889 2227; x_wconf 83' lang='lat' dir='ltr'><strong>mysterii</strong></span> <span class='ocrx_word' id='word_1_135' title='bbox 1929 2168 2084 2207; x_wconf 88' lang='lat' dir='ltr'><strong>ener-</strong></span> 
     </span>
    </p>
   </div>
   <div class='ocr_carea' id='block_1_23' title="bbox 510 2245 2084 2327">
    <p class='ocr_par' dir='ltr' id='par_1_23' title="bbox 510 2245 2084 2327">
     <span class='ocr_line' id='line_1_23' title="bbox 510 2245 2084 2327; baseline -0.01 -14"><span class='ocrx_word' id='word_1_136' title='bbox 510 2274 676 2324; x_wconf 89' lang='lat' dir='ltr'><strong>vare,</strong></span> <span class='ocrx_word' id='word_1_137' title='bbox 708 2257 754 2312; x_wconf 88' lang='lat' dir='ltr'><strong>si</strong></span> <span class='ocrx_word' id='word_1_138' title='bbox 787 2255 961 2327; x_wconf 89' lang='lat' dir='ltr'><strong>puella</strong></span> <span class='ocrx_word' id='word_1_139' title='bbox 992 2268 1099 2308; x_wconf 89' lang='lat' dir='ltr'><strong>non</strong></span> <span class='ocrx_word' id='word_1_140' title='bbox 1145 2254 1295 2321; x_wconf 88' lang='lat' dir='ltr'><strong>virgo</strong></span> <span class='ocrx_word' id='word_1_141' title='bbox 1331 2249 1561 2305; x_wconf 86' lang='lat' dir='ltr'><strong>dicatur.</strong></span> <span class='ocrx_word' id='word_1_142' title='bbox 1612 2246 1878 2302; x_wconf 59' lang='lat' dir='ltr'><strong>Caeterum</strong></span> <span class='ocrx_word' id='word_1_143' title='bbox 1924 2245 2084 2300; x_wconf 91' lang='lat' dir='ltr'><strong>rudes</strong></span> 
     </span>
    </p>
   </div>
   <div class='ocr_carea' id='block_1_24' title="bbox 519 2334 2082 2406">
    <p class='ocr_par' dir='ltr' id='par_1_24' title="bbox 519 2334 2082 2406">
     <span class='ocr_line' id='line_1_24' title="bbox 519 2334 2082 2406; baseline -0.013 -1"><span class='ocrx_word' id='word_1_144' title='bbox 519 2363 613 2405; x_wconf 91' lang='lat' dir='ltr'><strong>eos</strong></span> <span class='ocrx_word' id='word_1_145' title='bbox 626 2362 744 2403; x_wconf 85' lang='lat' dir='ltr'><strong>esse</strong></span> <span class='ocrx_word' id='word_1_146' title='bbox 765 2345 948 2401; x_wconf 90' lang='lat' dir='ltr'><strong>multis</strong></span> <span class='ocrx_word' id='word_1_147' title='bbox 970 2342 1140 2399; x_wconf 90' lang='lat' dir='ltr'><strong>modis</strong></span> <span class='ocrx_word' id='word_1_148' title='bbox 1157 2342 1339 2396; x_wconf 89' lang='lat' dir='ltr'><strong>videre</strong></span> <span class='ocrx_word' id='word_1_149' title='bbox 1356 2339 1499 2394; x_wconf 85' lang='lat' dir='ltr'><strong>licet.</strong></span> <span class='ocrx_word' id='word_1_150' title='bbox 1519 2336 1676 2406; x_wconf 75' lang='lat'><strong>122</strong></span> <span class='ocrx_word' id='word_1_151' title='bbox 1691 2335 1923 2390; x_wconf 83' lang='lat' dir='ltr'><strong>Primum</strong></span> <span class='ocrx_word' id='word_1_152' title='bbox 1941 2334 2082 2389; x_wconf 89' lang='lat' dir='ltr'><strong>enim</strong></span> 
     </span>
    </p>
   </div>
   <div class='ocr_carea' id='block_1_25' title="bbox 516 2424 2083 2500">
    <p class='ocr_par' dir='ltr' id='par_1_25' title="bbox 516 2424 2083 2500">
     <span class='ocr_line' id='line_1_25' title="bbox 516 2424 2083 2500; baseline -0.01 -9"><span class='ocrx_word' id='word_1_153' title='bbox 516 2436 641 2491; x_wconf 86' lang='lat' dir='ltr'><strong>licet</strong></span> <span class='ocrx_word' id='word_1_154' title='bbox 672 2434 885 2489; x_wconf 88' lang='lat' dir='ltr'><strong>dicatur</strong></span> <span class='ocrx_word' id='word_1_155' title='bbox 925 2431 1040 2486; x_wconf 67' lang='lat' dir='ltr'><strong>hazc</strong></span> <span class='ocrx_word' id='word_1_156' title='bbox 1083 2432 1235 2500; x_wconf 89' lang='lat' dir='ltr'><strong>virgo</strong></span> <span class='ocrx_word' id='word_1_157' title='bbox 1280 2428 1480 2498; x_wconf 89' lang='lat' dir='ltr'><strong>puella,</strong></span> <span class='ocrx_word' id='word_1_158' title='bbox 1520 2441 1625 2481; x_wconf 86' lang='lat' dir='ltr'><strong>non</strong></span> <span class='ocrx_word' id='word_1_159' title='bbox 1662 2424 1961 2496; x_wconf 85' lang='lat' dir='ltr'><strong>privabitur</strong></span> <span class='ocrx_word' id='word_1_160' title='bbox 1997 2437 2083 2494; x_wconf 73' lang='lat' dir='ltr'><strong>eo,</strong></span> 
     </span>
    </p>
   </div>
   <div class='ocr_carea' id='block_1_26' title="bbox 516 2517 2087 2595">
    <p class='ocr_par' dir='ltr' id='par_1_26' title="bbox 516 2517 2087 2595">
     <span class='ocr_line' id='line_1_26' title="bbox 516 2517 2087 2595; baseline -0.009 -13"><span class='ocrx_word' id='word_1_161' title='bbox 516 2538 577 2582; x_wconf 93' lang='lat' dir='ltr'><strong>ut</strong></span> <span class='ocrx_word' id='word_1_162' title='bbox 619 2527 691 2582; x_wconf 85' lang='lat' dir='ltr'><strong>sit</strong></span> <span class='ocrx_word' id='word_1_163' title='bbox 733 2529 908 2595; x_wconf 84' lang='lat' dir='ltr'><strong>virgo.</strong></span> <span class='ocrx_word' id='word_1_164' title='bbox 944 2523 1077 2577; x_wconf 90' lang='lat' dir='ltr'><strong>Dein</strong></span> <span class='ocrx_word' id='word_1_165' title='bbox 1118 2529 1431 2577; x_wconf 88' lang='lat' dir='ltr'><strong>asseverant</strong></span> <span class='ocrx_word' id='word_1_166' title='bbox 1480 2518 1790 2589; x_wconf 83' lang='lat' dir='ltr'><strong>prophetam</strong></span> <span class='ocrx_word' id='word_1_167' title='bbox 1828 2517 1895 2571; x_wconf 91' lang='lat' dir='ltr'><strong>de</strong></span> <span class='ocrx_word' id='word_1_168' title='bbox 1923 2530 2087 2570; x_wconf 83' lang='lat' dir='ltr'><strong>uxore</strong></span> 
     </span>
    </p>
   </div>
   <div class='ocr_carea' id='block_1_27' title="bbox 514 2607 2085 2680">
    <p class='ocr_par' dir='ltr' id='par_1_27' title="bbox 514 2607 2085 2680">
     <span class='ocr_line' id='line_1_27' title="bbox 514 2607 2085 2680; baseline -0.01 -6"><span class='ocrx_word' id='word_1_169' title='bbox 514 2616 716 2674; x_wconf 77' lang='lat' dir='ltr'><strong>Achazi</strong></span> <span class='ocrx_word' id='word_1_170' title='bbox 746 2616 925 2672; x_wconf 87' lang='lat' dir='ltr'><strong>dicere</strong></span> <span class='ocrx_word' id='word_1_171' title='bbox 958 2613 1088 2669; x_wconf 90' lang='lat' dir='ltr'><strong>illud</strong></span> <span class='ocrx_word' id='word_1_172' title='bbox 1118 2630 1132 2668; x_wconf 88' lang='lat'><strong>:</strong></span> <span class='ocrx_word' id='word_1_173' title='bbox 1182 2611 1321 2667; x_wconf 88' lang='lat' dir='ltr'><strong>Ecce</strong></span> <span class='ocrx_word' id='word_1_174' title='bbox 1362 2609 1532 2680; x_wconf 87' lang='lat' dir='ltr'><strong>puella</strong></span> <span class='ocrx_word' id='word_1_175' title='bbox 1577 2610 1631 2663; x_wconf 91' lang='lat' dir='ltr'><strong>in</strong></span> <span class='ocrx_word' id='word_1_176' title='bbox 1662 2617 1816 2665; x_wconf 88' lang='lat' dir='ltr'><strong>utero</strong></span> <span class='ocrx_word' id='word_1_177' title='bbox 1849 2607 2085 2669; x_wconf 86' lang='lat' dir='ltr'><strong>habebit,</strong></span> 
     </span>
    </p>
   </div>
   <div class='ocr_carea' id='block_1_28' title="bbox 516 2690 2089 2781">
    <p class='ocr_par' dir='ltr' id='par_1_28' title="bbox 516 2690 2089 2781">
     <span class='ocr_line' id='line_1_28' title="bbox 516 2690 2089 2781; baseline -0.008 -16"><span class='ocrx_word' id='word_1_178' title='bbox 516 2723 567 2765; x_wconf 86' lang='lat' dir='ltr'><strong>et</strong></span> <span class='ocrx_word' id='word_1_179' title='bbox 600 2711 772 2781; x_wconf 90' lang='lat' dir='ltr'><strong>pariet</strong></span> <span class='ocrx_word' id='word_1_180' title='bbox 818 2707 1011 2770; x_wconf 92' lang='lat' dir='ltr'><strong>ﬁlium,</strong></span> <span class='ocrx_word' id='word_1_181' title='bbox 1045 2713 1106 2761; x_wconf 93' lang='lat' dir='ltr'><strong>ut</strong></span> <span class='ocrx_word' id='word_1_182' title='bbox 1138 2703 1502 2775; x_wconf 82' lang='lat' dir='ltr'><strong>intelligamus</strong></span> <span class='ocrx_word' id='word_1_183' title='bbox 1532 2716 1601 2757; x_wconf 74' lang='lat' dir='ltr'><strong>ex</strong></span> <span class='ocrx_word' id='word_1_184' title='bbox 1632 2716 1696 2756; x_wconf 94' lang='lat' dir='ltr'><strong>eo</strong></span> <span class='ocrx_word' id='word_1_185' title='bbox 1731 2712 1913 2755; x_wconf 91' lang='lat' dir='ltr'><strong>natum</strong></span> <span class='ocrx_word' id='word_1_186' title='bbox 1955 2690 2089 2753; x_wconf 88' lang='lat' dir='ltr'><strong>Eze-</strong></span> 
     </span>
    </p>
   </div>
   <div class='ocr_carea' id='block_1_29' title="bbox 518 2792 2093 2868">
    <p class='ocr_par' dir='ltr' id='par_1_29' title="bbox 518 2792 2093 2868">
     <span class='ocr_line' id='line_1_29' title="bbox 518 2792 2093 2868; baseline -0.01 -11"><span class='ocrx_word' id='word_1_187' title='bbox 518 2803 715 2859; x_wconf 91' lang='lat' dir='ltr'><strong>chiam.</strong></span> <span class='ocrx_word' id='word_1_188' title='bbox 769 2799 930 2868; x_wconf 83' lang='lat' dir='ltr'><strong>Atqui</strong></span> <span class='ocrx_word' id='word_1_189' title='bbox 960 2800 1083 2852; x_wconf 87' lang='lat' dir='ltr'><strong>dum</strong></span> <span class='ocrx_word' id='word_1_190' title='bbox 1123 2795 1418 2867; x_wconf 70' lang='lat' dir='ltr'><strong>prophetia:</strong></span> <span class='ocrx_word' id='word_1_191' title='bbox 1447 2793 1609 2849; x_wconf 87' lang='lat' dir='ltr'><strong>verba</strong></span> <span class='ocrx_word' id='word_1_192' title='bbox 1649 2808 1755 2847; x_wconf 88' lang='lat' dir='ltr'><strong>non</strong></span> <span class='ocrx_word' id='word_1_193' title='bbox 1781 2792 2093 2846; x_wconf 82' lang='lat' dir='ltr'><strong>examinan-</strong></span> 
     </span>
    </p>
   </div>
   <div class='ocr_carea' id='block_1_30' title="bbox 518 2884 2094 2959">
    <p class='ocr_par' dir='ltr' id='par_1_30' title="bbox 518 2884 2094 2959">
     <span class='ocr_line' id='line_1_30' title="bbox 518 2884 2094 2959; baseline -0.007 -11"><span class='ocrx_word' id='word_1_194' title='bbox 518 2902 632 2959; x_wconf 87' lang='lat' dir='ltr'><strong>tes,</strong></span> <span class='ocrx_word' id='word_1_195' title='bbox 682 2890 1088 2945; x_wconf 84' lang='lat' dir='ltr'><strong>inconsiderate</strong></span> <span class='ocrx_word' id='word_1_196' title='bbox 1119 2888 1261 2956; x_wconf 92' lang='lat' dir='ltr'><strong>quod</strong></span> <span class='ocrx_word' id='word_1_197' title='bbox 1300 2887 1445 2942; x_wconf 90' lang='lat' dir='ltr'><strong>lubet</strong></span> <span class='ocrx_word' id='word_1_198' title='bbox 1482 2886 1786 2956; x_wconf 87' lang='lat' dir='ltr'><strong>arripiunt,</strong></span> <span class='ocrx_word' id='word_1_199' title='bbox 1833 2893 1943 2938; x_wconf 90' lang='lat' dir='ltr'><strong>tum</strong></span> <span class='ocrx_word' id='word_1_200' title='bbox 1992 2884 2094 2937; x_wconf 87' lang='lat' dir='ltr'><strong>hoc</strong></span> 
     </span>
    </p>
   </div>
   <div class='ocr_carea' id='block_1_31' title="bbox 520 2976 2091 3048">
    <p class='ocr_par' dir='ltr' id='par_1_31' title="bbox 520 2976 2091 3048">
     <span class='ocr_line' id='line_1_31' title="bbox 520 2976 2091 3048; baseline -0.006 -11"><span class='ocrx_word' id='word_1_201' title='bbox 520 2984 685 3038; x_wconf 87' lang='lat' dir='ltr'><strong>etiam</strong></span> <span class='ocrx_word' id='word_1_202' title='bbox 725 2981 900 3037; x_wconf 90' lang='lat' dir='ltr'><strong>solum</strong></span> <span class='ocrx_word' id='word_1_203' title='bbox 935 2980 1134 3034; x_wconf 89' lang='lat' dir='ltr'><strong>habere</strong></span> <span class='ocrx_word' id='word_1_204' title='bbox 1164 2979 1414 3033; x_wconf 85' lang='lat' dir='ltr'><strong>videntur</strong></span> <span class='ocrx_word' id='word_1_205' title='bbox 1441 2991 1548 3048; x_wconf 91' lang='lat' dir='ltr'><strong>quo</strong></span> <span class='ocrx_word' id='word_1_206' title='bbox 1578 2992 1733 3031; x_wconf 90' lang='lat' dir='ltr'><strong>suum</strong></span> <span class='ocrx_word' id='word_1_207' title='bbox 1763 2976 2091 3047; x_wconf 90' lang='lat' dir='ltr'><strong>propositum</strong></span> 
     </span>
    </p>
   </div>
   <div class='ocr_carea' id='block_1_32' title="bbox 522 3067 2095 3137">
    <p class='ocr_par' dir='ltr' id='par_1_32' title="bbox 522 3067 2095 3137">
     <span class='ocr_line' id='line_1_32' title="bbox 522 3067 2095 3137; baseline -0.006 -8"><span class='ocrx_word' id='word_1_208' title='bbox 522 3089 587 3129; x_wconf 86' lang='lat' dir='ltr'><strong>ac</strong></span> <span class='ocrx_word' id='word_1_209' title='bbox 604 3073 925 3129; x_wconf 89' lang='lat' dir='ltr'><strong>sententiam</strong></span> <span class='ocrx_word' id='word_1_210' title='bbox 945 3068 1288 3125; x_wconf 89' lang='lat' dir='ltr'><strong>conﬁrment.</strong></span> <span class='ocrx_word' id='word_1_211' title='bbox 1306 3067 1526 3132; x_wconf 85' lang='lat' dir='ltr'><strong>Verum,</strong></span> <span class='ocrx_word' id='word_1_212' title='bbox 1552 3081 1585 3122; x_wconf 93' lang='grc' dir='ltr'><strong>ο</strong></span> <span class='ocrx_word' id='word_1_213' title='bbox 1602 3067 1699 3121; x_wconf 90' lang='lat' dir='ltr'><strong>viri</strong></span> <span class='ocrx_word' id='word_1_214' title='bbox 1716 3067 1923 3137; x_wconf 86' lang='lat' dir='ltr'><strong>optimi,</strong></span> <span class='ocrx_word' id='word_1_215' title='bbox 1946 3067 2095 3121; x_wconf 80' lang='lat' dir='ltr'><strong>dixe-</strong></span> 
     </span>
    </p>
   </div>
   <div class='ocr_carea' id='block_1_33' title="bbox 2161 514 3737 604">
    <p class='ocr_par' dir='ltr' id='par_1_33' title="bbox 2161 514 3737 604">
     <span class='ocr_line' id='line_1_33' title="bbox 2161 514 3737 604; baseline -0.013 -19"><span class='ocrx_word' id='word_1_216' title='bbox 2161 531 2386 604; x_wconf 78' lang='grc' dir='ltr'>καιροὺς</span> <span class='ocrx_word' id='word_1_217' title='bbox 2424 530 2453 582; x_wconf 87' lang='grc' dir='ltr'>ὁ</span> <span class='ocrx_word' id='word_1_218' title='bbox 2487 526 2897 597; x_wconf 77' lang='grc' dir='ltr'><strong>πεπλανημένος</strong></span> <span class='ocrx_word' id='word_1_219' title='bbox 2930 519 3165 593; x_wconf 81' lang='grc' dir='ltr'>Ἰσραὴλ,</span> <span class='ocrx_word' id='word_1_220' title='bbox 3206 518 3302 571; x_wconf 69' lang='grc' dir='ltr'><strong>καλ⁵</strong></span> <span class='ocrx_word' id='word_1_221' title='bbox 3342 516 3443 569; x_wconf 81' lang='grc' dir='ltr'><strong>οὐκ</strong></span> <span class='ocrx_word' id='word_1_222' title='bbox 3472 514 3737 583; x_wconf 81' lang='grc' dir='ltr'><strong>ἀγνοήσει·</strong></span> 
     </span>
    </p>
   </div>
   <div class='ocr_carea' id='block_1_34' title="bbox 2160 602 3729 690">
    <p class='ocr_par' dir='ltr' id='par_1_34' title="bbox 2160 602 3729 690">
     <span class='ocr_line' id='line_1_34' title="bbox 2160 602 3729 690; baseline -0.015 -13"><span class='ocrx_word' id='word_1_223' title='bbox 2160 602 2569 690; x_wconf 12' lang='grc' dir='ltr'>τδνήΔεστοότην,</span> <span class='ocrx_word' id='word_1_224' title='bbox 2595 618 2709 673; x_wconf 83' lang='grc' dir='ltr'>ἀλλ’</span> <span class='ocrx_word' id='word_1_225' title='bbox 2736 617 2886 669; x_wconf 75' lang='grc' dir='ltr'>ἔσται</span> <span class='ocrx_word' id='word_1_226' title='bbox 2912 608 3292 685; x_wconf 78' lang='grc' dir='ltr'>προσκυνητὴς</span> <span class='ocrx_word' id='word_1_227' title='bbox 3310 607 3405 662; x_wconf 87' lang='grc' dir='ltr'><strong>τοῦ</strong></span> <span class='ocrx_word' id='word_1_228' title='bbox 3431 602 3729 666; x_wconf 72' lang='grc' dir='ltr'>πσωκότος</span> 
     </span>
    </p>
   </div>
   <div class='ocr_carea' id='block_1_35' title="bbox 2163 692 3730 782">
    <p class='ocr_par' dir='ltr' id='par_1_35' title="bbox 2163 692 3730 782">
     <span class='ocr_line' id='line_1_35' title="bbox 2163 692 3730 782; baseline -0.015 -14"><span class='ocrx_word' id='word_1_229' title='bbox 2163 712 2321 768; x_wconf 88' lang='grc' dir='ltr'>Θεοῦ.</span> <span class='ocrx_word' id='word_1_230' title='bbox 2348 710 2721 782; x_wconf 83' lang='grc' dir='ltr'>Κατώρθωται</span> <span class='ocrx_word' id='word_1_231' title='bbox 2748 708 2805 761; x_wconf 88' lang='grc' dir='ltr'><strong>δέ</strong></span> <span class='ocrx_word' id='word_1_232' title='bbox 2830 706 2990 760; x_wconf 89' lang='grc' dir='ltr'>τοῦτο</span> <span class='ocrx_word' id='word_1_233' title='bbox 3015 702 3103 757; x_wconf 82' lang='grc' dir='ltr'>διὰ</span> <span class='ocrx_word' id='word_1_234' title='bbox 3132 697 3365 771; x_wconf 80' lang='grc' dir='ltr'><strong>Χριστοῦ</strong></span> <span class='ocrx_word' id='word_1_235' title='bbox 3403 692 3730 765; x_wconf 82' lang='grc' dir='ltr'><strong>κεκληκότος</strong></span> 
     </span>
    </p>
   </div>
   <div class='ocr_carea' id='block_1_36' title="bbox 2165 783 3731 873">
    <p class='ocr_par' dir='ltr' id='par_1_36' title="bbox 2165 783 3731 873">
     <span class='ocr_line' id='line_1_36' title="bbox 2165 783 3731 873; baseline -0.015 -14"><span class='ocrx_word' id='word_1_236' title='bbox 2165 808 2244 869; x_wconf 83' lang='grc' dir='ltr'>εἰς</span> <span class='ocrx_word' id='word_1_237' title='bbox 2279 804 2570 873; x_wconf 78' lang='grc' dir='ltr'><strong>ἐπίγνωσιν</strong></span> <span class='ocrx_word' id='word_1_238' title='bbox 2596 802 2687 855; x_wconf 84' lang='grc' dir='ltr'><strong>τὸν</strong></span> <span class='ocrx_word' id='word_1_239' title='bbox 2723 797 2958 870; x_wconf 79' lang='grc' dir='ltr'>Ἰσραὴλ,</span> <span class='ocrx_word' id='word_1_240' title='bbox 2992 794 3087 850; x_wconf 72' lang='grc' dir='ltr'><strong>καὶ</strong></span> <span class='ocrx_word' id='word_1_241' title='bbox 3128 790 3343 860; x_wconf 79' lang='grc' dir='ltr'>ἀπάσης</span> <span class='ocrx_word' id='word_1_242' title='bbox 3373 786 3533 841; x_wconf 84' lang='grc' dir='ltr'>αὐτὸν</span> <span class='ocrx_word' id='word_1_243' title='bbox 3556 783 3731 838; x_wconf 83' lang='grc' dir='ltr'>ἀπαλ-</span> 
     </span>
    </p>
   </div>
   <div class='ocr_carea' id='block_1_37' title="bbox 2164 875 3733 966">
    <p class='ocr_par' dir='ltr' id='par_1_37' title="bbox 2164 875 3733 966">
     <span class='ocr_line' id='line_1_37' title="bbox 2164 875 3733 966; baseline -0.015 -14"><span class='ocrx_word' id='word_1_244' title='bbox 2164 894 2752 966; x_wconf 74' lang='grc' dir='ltr'>λάξαντος,ἁμαρτίας,</span> <span class='ocrx_word' id='word_1_245' title='bbox 2796 891 2889 945; x_wconf 72' lang='grc' dir='ltr'><strong>καὶ</strong></span> <span class='ocrx_word' id='word_1_246' title='bbox 2917 887 3010 943; x_wconf 86' lang='grc' dir='ltr'><strong>τοῦ</strong></span> <span class='ocrx_word' id='word_1_247' title='bbox 3050 884 3371 958; x_wconf 82' lang='grc' dir='ltr'>προσκυνεῖν</span> <span class='ocrx_word' id='word_1_248' title='bbox 3408 880 3609 933; x_wconf 77' lang='grc' dir='ltr'>ἐθέλειν</span> <span class='ocrx_word' id='word_1_249' title='bbox 3646 875 3733 940; x_wconf 76' lang='grc' dir='ltr'><strong>ξύ-</strong></span> 
     </span>
    </p>
   </div>
   <div class='ocr_carea' id='block_1_38' title="bbox 2167 986 2612 1050">
    <p class='ocr_par' dir='ltr' id='par_1_38' title="bbox 2167 986 2612 1050">
     <span class='ocr_line' id='line_1_38' title="bbox 2167 986 2612 1050; baseline -0.009 -10"><span class='ocrx_word' id='word_1_250' title='bbox 2167 988 2279 1050; x_wconf 86' lang='grc' dir='ltr'>λοις</span> <span class='ocrx_word' id='word_1_251' title='bbox 2307 986 2401 1039; x_wconf 61' lang='grc' dir='ltr'><strong>καὶ¹</strong></span> <span class='ocrx_word' id='word_1_252' title='bbox 2424 986 2612 1047; x_wconf 81' lang='grc' dir='ltr'>λίθοις.</span> 
     </span>
    </p>
   </div>
   <div class='ocr_carea' id='block_1_39' title="bbox 2251 1060 3734 1145">
    <p class='ocr_par' dir='ltr' id='par_1_39' title="bbox 2251 1060 3734 1145">
     <span class='ocr_line' id='line_1_39' title="bbox 2251 1060 3734 1145; baseline -0.013 -13"><span class='ocrx_word' id='word_1_253' title='bbox 2251 1077 2395 1132; x_wconf 82' lang='grc' dir='ltr'>Ἰδοὺ</span> <span class='ocrx_word' id='word_1_254' title='bbox 2431 1077 2470 1143; x_wconf 72' lang='grc' dir='ltr'>ἢ</span> <span class='ocrx_word' id='word_1_255' title='bbox 2518 1074 2811 1145; x_wconf 77' lang='grc' dir='ltr'><strong>παρθένος</strong></span> <span class='ocrx_word' id='word_1_256' title='bbox 2845 1071 2915 1125; x_wconf 84' lang='grc' dir='ltr'>ἐν</span> <span class='ocrx_word' id='word_1_257' title='bbox 2944 1066 3156 1139; x_wconf 78' lang='grc' dir='ltr'>γαστρὶ</span> <span class='ocrx_word' id='word_1_258' title='bbox 3198 1065 3340 1131; x_wconf 78' lang='grc' dir='ltr'>ἔξει,</span> <span class='ocrx_word' id='word_1_259' title='bbox 3373 1061 3469 1117; x_wconf 79' lang='grc' dir='ltr'>καὶ</span> <span class='ocrx_word' id='word_1_260' title='bbox 3508 1060 3734 1125; x_wconf 79' lang='grc' dir='ltr'>τέξεται</span> 
     </span>
    </p>
   </div>
   <div class='ocr_carea' id='block_1_40' title="bbox 2169 1149 3732 1235">
    <p class='ocr_par' dir='ltr' id='par_1_40' title="bbox 2169 1149 3732 1235">
     <span class='ocr_line' id='line_1_40' title="bbox 2169 1149 3732 1235; baseline -0.012 -10"><span class='ocrx_word' id='word_1_261' title='bbox 2169 1170 2324 1235; x_wconf 76' lang='grc' dir='ltr'>υἱὸν,</span> <span class='ocrx_word' id='word_1_262' title='bbox 2352 1169 2449 1224; x_wconf 79' lang='grc' dir='ltr'>καὶ</span> <span class='ocrx_word' id='word_1_263' title='bbox 2481 1166 2759 1230; x_wconf 79' lang='grc' dir='ltr'><strong>καλέσεις</strong></span> <span class='ocrx_word' id='word_1_264' title='bbox 2794 1162 2857 1216; x_wconf 82' lang='grc' dir='ltr'>τὸ</span> <span class='ocrx_word' id='word_1_265' title='bbox 2888 1162 3075 1230; x_wconf 75' lang='grc' dir='ltr'>ὄνομα</span> <span class='ocrx_word' id='word_1_266' title='bbox 3100 1156 3284 1212; x_wconf 83' lang='grc' dir='ltr'>αὐτοῦ</span> <span class='ocrx_word' id='word_1_267' title='bbox 3332 1149 3732 1223; x_wconf 77' lang='grc' dir='ltr'><strong>Ἐμμανουήλ.</strong></span> 
     </span>
    </p>
   </div>
   <div class='ocr_carea' id='block_1_41' title="bbox 2170 1244 3738 1328">
    <p class='ocr_par' dir='ltr' id='par_1_41' title="bbox 2170 1244 3738 1328">
     <span class='ocr_line' id='line_1_41' title="bbox 2170 1244 3738 1328; baseline -0.015 -12"><span class='ocrx_word' id='word_1_268' title='bbox 2170 1263 2474 1328; x_wconf 67' lang='grc' dir='ltr'>Βούτίιιρον</span> <span class='ocrx_word' id='word_1_269' title='bbox 2502 1258 2597 1312; x_wconf 80' lang='grc' dir='ltr'>καὶ</span> <span class='ocrx_word' id='word_1_270' title='bbox 2635 1256 2774 1326; x_wconf 83' lang='grc' dir='ltr'><strong>μέλι</strong></span> <span class='ocrx_word' id='word_1_271' title='bbox 2803 1254 3048 1323; x_wconf 76' lang='grc' dir='ltr'><strong>φάγεται</strong></span> <span class='ocrx_word' id='word_1_272' title='bbox 3068 1268 3082 1282; x_wconf 69' lang='grc' dir='ltr'><strong><em>ο</em></strong></span> <span class='ocrx_word' id='word_1_273' title='bbox 3131 1249 3273 1317; x_wconf 78' lang='grc' dir='ltr'>πρὶν</span> <span class='ocrx_word' id='word_1_274' title='bbox 3300 1247 3338 1314; x_wconf 79' lang='grc' dir='ltr'><strong>ἢ</strong></span> <span class='ocrx_word' id='word_1_275' title='bbox 3387 1246 3603 1315; x_wconf 76' lang='grc' dir='ltr'>γνῶναι</span> <span class='ocrx_word' id='word_1_276' title='bbox 3635 1244 3738 1294; x_wconf 83' lang='grc' dir='ltr'><strong>αὑ-</strong></span> 
     </span>
    </p>
   </div>
   <div class='ocr_carea' id='block_1_42' title="bbox 2169 1334 3735 1420">
    <p class='ocr_par' dir='ltr' id='par_1_42' title="bbox 2169 1334 3735 1420">
     <span class='ocr_line' id='line_1_42' title="bbox 2169 1334 3735 1420; baseline -0.014 -14"><span class='ocrx_word' id='word_1_277' title='bbox 2169 1353 2277 1406; x_wconf 75' lang='grc' dir='ltr'><strong>τὸν</strong></span> <span class='ocrx_word' id='word_1_278' title='bbox 2301 1351 2338 1420; x_wconf 80' lang='grc' dir='ltr'><strong><em>ἡ</em></strong></span> <span class='ocrx_word' id='word_1_279' title='bbox 2360 1348 2717 1419; x_wconf 82' lang='grc' dir='ltr'><strong>προελέσθαι</strong></span> <span class='ocrx_word' id='word_1_280' title='bbox 2743 1346 2993 1412; x_wconf 77' lang='grc' dir='ltr'>πονηρὰ,</span> <span class='ocrx_word' id='word_1_281' title='bbox 3024 1340 3384 1405; x_wconf 75' lang='grc' dir='ltr'><strong>ἐκλέξασθαι</strong></span> <span class='ocrx_word' id='word_1_282' title='bbox 3409 1335 3472 1389; x_wconf 80' lang='grc' dir='ltr'>τὸ</span> <span class='ocrx_word' id='word_1_283' title='bbox 3496 1334 3735 1402; x_wconf 72' lang='grc' dir='ltr'>ἀγαθόν.</span> 
     </span>
    </p>
   </div>
   <div class='ocr_carea' id='block_1_43' title="bbox 2172 1423 3738 1511">
    <p class='ocr_par' dir='ltr' id='par_1_43' title="bbox 2172 1423 3738 1511">
     <span class='ocr_line' id='line_1_43' title="bbox 2172 1423 3738 1511; baseline -0.016 -12"><span class='ocrx_word' id='word_1_284' title='bbox 2172 1446 2326 1499; x_wconf 87' lang='grc' dir='ltr'>Διότι</span> <span class='ocrx_word' id='word_1_285' title='bbox 2352 1442 2531 1511; x_wconf 77' lang='grc' dir='ltr'>πρινὴ</span> <span class='ocrx_word' id='word_1_286' title='bbox 2555 1440 2773 1509; x_wconf 76' lang='grc' dir='ltr'>γνῶναι</span> <span class='ocrx_word' id='word_1_287' title='bbox 2800 1436 2864 1489; x_wconf 83' lang='grc' dir='ltr'><strong>τό</strong></span> <span class='ocrx_word' id='word_1_288' title='bbox 2888 1433 3126 1487; x_wconf 77' lang='grc' dir='ltr'>παιδίον</span> <span class='ocrx_word' id='word_1_289' title='bbox 3149 1429 3372 1499; x_wconf 72' lang='grc' dir='ltr'>ἀγαθὸν</span> <span class='ocrx_word' id='word_1_290' title='bbox 3402 1426 3501 1480; x_wconf 80' lang='grc' dir='ltr'>καὶ</span> <span class='ocrx_word' id='word_1_291' title='bbox 3530 1423 3738 1483; x_wconf 78' lang='grc' dir='ltr'>κακὸν,</span> 
     </span>
    </p>
   </div>
   <div class='ocr_carea' id='block_1_44' title="bbox 2171 1512 3742 1594">
    <p class='ocr_par' dir='ltr' id='par_1_44' title="bbox 2171 1512 3742 1594">
     <span class='ocr_line' id='line_1_44' title="bbox 2171 1512 3742 1594; baseline -0.013 -11"><span class='ocrx_word' id='word_1_292' title='bbox 2171 1528 2404 1584; x_wconf 83' lang='grc' dir='ltr'>ἀπειθεῖ</span> <span class='ocrx_word' id='word_1_293' title='bbox 2424 1527 2697 1594; x_wconf 78' lang='grc' dir='ltr'><strong>πονηρίᾳ,</strong></span> <span class='ocrx_word' id='word_1_294' title='bbox 2744 1523 3106 1586; x_wconf 75' lang='grc' dir='ltr'><strong>ἐκλέξασθαι</strong></span> <span class='ocrx_word' id='word_1_295' title='bbox 3136 1519 3201 1572; x_wconf 79' lang='grc' dir='ltr'>τὸ</span> <span class='ocrx_word' id='word_1_296' title='bbox 3249 1518 3472 1585; x_wconf 77' lang='grc' dir='ltr'>ἀγαθόν</span> <span class='ocrx_word' id='word_1_297' title='bbox 3503 1514 3599 1584; x_wconf 89' lang='lat' dir='ltr'><strong>(l).</strong></span> <span class='ocrx_word' id='word_1_298' title='bbox 3635 1512 3742 1566; x_wconf 83' lang='lat' dir='ltr'><strong>Kal</strong></span> 
     </span>
    </p>
   </div>
   <div class='ocr_carea' id='block_1_45' title="bbox 2172 1602 3742 1688">
    <p class='ocr_par' dir='ltr' id='par_1_45' title="bbox 2172 1602 3742 1688">
     <span class='ocr_line' id='line_1_45' title="bbox 2172 1602 3742 1688; baseline -0.013 -14"><span class='ocrx_word' id='word_1_299' title='bbox 2172 1618 2708 1688; x_wconf 67' lang='grc' dir='ltr'>καταλειφθήσεται</span> <span class='ocrx_word' id='word_1_300' title='bbox 2736 1615 2773 1682; x_wconf 71' lang='grc' dir='ltr'><strong>ἡ</strong></span> <span class='ocrx_word' id='word_1_301' title='bbox 2808 1614 2904 1684; x_wconf 67' lang='grc' dir='ltr'>γῆ,</span> <span class='ocrx_word' id='word_1_302' title='bbox 2940 1612 3019 1680; x_wconf 76' lang='grc' dir='ltr'><strong>ἦν</strong></span> <span class='ocrx_word' id='word_1_303' title='bbox 3047 1610 3129 1664; x_wconf 88' lang='grc' dir='ltr'>σὺ</span> <span class='ocrx_word' id='word_1_304' title='bbox 3163 1607 3342 1679; x_wconf 75' lang='grc' dir='ltr'>φοϐῇ,</span> <span class='ocrx_word' id='word_1_305' title='bbox 3383 1606 3601 1675; x_wconf 78' lang='grc' dir='ltr'>ἕρημος</span> <span class='ocrx_word' id='word_1_306' title='bbox 3627 1602 3742 1658; x_wconf 76' lang='grc' dir='ltr'><strong>ἀπὸ</strong></span> 
     </span>
    </p>
   </div>
   <div class='ocr_carea' id='block_1_46' title="bbox 2175 1704 3127 1780">
    <p class='ocr_par' dir='ltr' id='par_1_46' title="bbox 2175 1704 3127 1780">
     <span class='ocr_line' id='line_1_46' title="bbox 2175 1704 3127 1780; baseline -0.012 -15"><span class='ocrx_word' id='word_1_307' title='bbox 2175 1710 2496 1780; x_wconf 76' lang='grc' dir='ltr'><strong>προσώπου</strong></span> <span class='ocrx_word' id='word_1_308' title='bbox 2522 1709 2640 1762; x_wconf 85' lang='grc' dir='ltr'>τῶν</span> <span class='ocrx_word' id='word_1_309' title='bbox 2670 1707 2777 1761; x_wconf 83' lang='grc' dir='ltr'>δύο</span> <span class='ocrx_word' id='word_1_310' title='bbox 2800 1704 3127 1770; x_wconf 74' lang='grc' dir='ltr'>βασιλέων.</span> 
     </span>
    </p>
   </div>
   <div class='ocr_carea' id='block_1_47' title="bbox 2260 1788 3744 1870">
    <p class='ocr_par' dir='ltr' id='par_1_47' title="bbox 2260 1788 3744 1870">
     <span class='ocr_line' id='line_1_47' title="bbox 2260 1788 3744 1870; baseline -0.012 -13"><span class='ocrx_word' id='word_1_311' title='bbox 2260 1801 2621 1857; x_wconf 87' lang='grc' dir='ltr'>Ἐκδεδώκασι</span> <span class='ocrx_word' id='word_1_312' title='bbox 2653 1798 2750 1870; x_wconf 84' lang='grc' dir='ltr'><strong>μέν</strong></span> <span class='ocrx_word' id='word_1_313' title='bbox 2776 1815 2919 1859; x_wconf 90' lang='grc' dir='ltr'>τινες</span> <span class='ocrx_word' id='word_1_314' title='bbox 2949 1796 3057 1848; x_wconf 82' lang='grc' dir='ltr'>τῶν</span> <span class='ocrx_word' id='word_1_315' title='bbox 3080 1794 3176 1858; x_wconf 88' lang='grc' dir='ltr'>τὰς</span> <span class='ocrx_word' id='word_1_316' title='bbox 3205 1792 3354 1856; x_wconf 80' lang='grc' dir='ltr'>θείας</span> <span class='ocrx_word' id='word_1_317' title='bbox 3380 1788 3744 1861; x_wconf 83' lang='grc' dir='ltr'>ἑρμηνευσάν-</span> 
     </span>
    </p>
   </div>
   <div class='ocr_carea' id='block_1_48' title="bbox 2178 1881 3746 1967">
    <p class='ocr_par' dir='ltr' id='par_1_48' title="bbox 2178 1881 3746 1967">
     <span class='ocr_line' id='line_1_48' title="bbox 2178 1881 3746 1967; baseline -0.014 -16"><span class='ocrx_word' id='word_1_318' title='bbox 2178 1913 2285 1950; x_wconf 90' lang='grc' dir='ltr'><strong>των</strong></span> <span class='ocrx_word' id='word_1_319' title='bbox 2314 1894 2649 1967; x_wconf 82' lang='grc' dir='ltr'>Γραφὰς,τὸ,</span> <span class='ocrx_word' id='word_1_320' title='bbox 2693 1891 2823 1945; x_wconf 80' lang='grc' dir='ltr'>Ἰδοὺ</span> <span class='ocrx_word' id='word_1_321' title='bbox 2848 1891 2881 1959; x_wconf 85' lang='grc' dir='ltr'>ὴ</span> <span class='ocrx_word' id='word_1_322' title='bbox 2913 1889 3091 1951; x_wconf 86' lang='grc' dir='ltr'>νεᾶνις</span> <span class='ocrx_word' id='word_1_323' title='bbox 3120 1887 3176 1938; x_wconf 88' lang='grc' dir='ltr'><strong>ἐν</strong></span> <span class='ocrx_word' id='word_1_324' title='bbox 3205 1884 3399 1956; x_wconf 75' lang='grc' dir='ltr'>γαστρὶ</span> <span class='ocrx_word' id='word_1_325' title='bbox 3424 1883 3556 1948; x_wconf 75' lang='grc' dir='ltr'>ἕξει.</span> <span class='ocrx_word' id='word_1_326' title='bbox 3589 1881 3746 1931; x_wconf 87' lang='grc' dir='ltr'>Δοκεῖ</span> 
     </span>
    </p>
   </div>
   <div class='ocr_carea' id='block_1_49' title="bbox 2179 1976 3745 2058">
    <p class='ocr_par' dir='ltr' id='par_1_49' title="bbox 2179 1976 3745 2058">
     <span class='ocr_line' id='line_1_49' title="bbox 2179 1976 3745 2058; baseline -0.013 -16"><span class='ocrx_word' id='word_1_327' title='bbox 2179 2005 2242 2056; x_wconf 88' lang='grc' dir='ltr'><strong>γε</strong></span> <span class='ocrx_word' id='word_1_328' title='bbox 2275 1987 2380 2058; x_wconf 85' lang='grc' dir='ltr'><strong>μὴν</strong></span> <span class='ocrx_word' id='word_1_329' title='bbox 2418 1985 2689 2047; x_wconf 74' lang='grc' dir='ltr'>Ἰουδαίοις</span> <span class='ocrx_word' id='word_1_330' title='bbox 2729 1980 2805 2052; x_wconf 83' lang='grc' dir='ltr'><strong>τῷ</strong></span> <span class='ocrx_word' id='word_1_331' title='bbox 2831 1981 2929 2050; x_wconf 84' lang='grc' dir='ltr'><strong>τῆς</strong></span> <span class='ocrx_word' id='word_1_332' title='bbox 2974 1978 3211 2040; x_wconf 86' lang='grc' dir='ltr'>νεάνιδος</span> <span class='ocrx_word' id='word_1_333' title='bbox 3251 1976 3470 2045; x_wconf 82' lang='grc' dir='ltr'>ὀνόματι</span> <span class='ocrx_word' id='word_1_334' title='bbox 3505 1986 3745 2039; x_wconf 81' lang='grc' dir='ltr'>καταση-</span> 
     </span>
    </p>
   </div>
   <div class='ocr_carea' id='block_1_50' title="bbox 2184 2062 3745 2150">
    <p class='ocr_par' dir='ltr' id='par_1_50' title="bbox 2184 2062 3745 2150">
     <span class='ocr_line' id='line_1_50' title="bbox 2184 2062 3745 2150; baseline -0.012 -18"><span class='ocrx_word' id='word_1_335' title='bbox 2184 2076 2469 2150; x_wconf 85' lang='grc' dir='ltr'>μαίνεσθαι</span> <span class='ocrx_word' id='word_1_336' title='bbox 2495 2075 2603 2128; x_wconf 85' lang='grc' dir='ltr'>δεῖν</span> <span class='ocrx_word' id='word_1_337' title='bbox 2636 2073 2732 2144; x_wconf 84' lang='grc' dir='ltr'>τὴν</span> <span class='ocrx_word' id='word_1_338' title='bbox 2760 2070 2853 2125; x_wconf 90' lang='grc' dir='ltr'><strong>τοῦ</strong></span> <span class='ocrx_word' id='word_1_339' title='bbox 2895 2070 3101 2142; x_wconf 86' lang='grc' dir='ltr'>Κυρίου</span> <span class='ocrx_word' id='word_1_340' title='bbox 3128 2066 3382 2135; x_wconf 84' lang='grc' dir='ltr'>Μητέρα,</span> <span class='ocrx_word' id='word_1_341' title='bbox 3416 2064 3509 2118; x_wconf 75' lang='grc' dir='ltr'><strong>καὶ</strong></span> <span class='ocrx_word' id='word_1_342' title='bbox 3539 2062 3658 2132; x_wconf 79' lang='grc' dir='ltr'>οὐχὶ</span> <span class='ocrx_word' id='word_1_343' title='bbox 3681 2062 3745 2129; x_wconf 86' lang='grc' dir='ltr'>δὴ</span> 
     </span>
    </p>
   </div>
   <div class='ocr_carea' id='block_1_51' title="bbox 2186 2151 3746 2242">
    <p class='ocr_par' dir='ltr' id='par_1_51' title="bbox 2186 2151 3746 2242">
     <span class='ocr_line' id='line_1_51' title="bbox 2186 2151 3746 2242; baseline -0.013 -18"><span class='ocrx_word' id='word_1_344' title='bbox 2186 2169 2382 2242; x_wconf 86' lang='grc' dir='ltr'>μᾶλλον</span> <span class='ocrx_word' id='word_1_345' title='bbox 2405 2165 2682 2222; x_wconf 79' lang='grc' dir='ltr'>καλεῖσθαι</span> <span class='ocrx_word' id='word_1_346' title='bbox 2719 2162 3005 2235; x_wconf 85' lang='grc' dir='ltr'>παρθένον.</span> <span class='ocrx_word' id='word_1_347' title='bbox 3036 2160 3249 2213; x_wconf 83' lang='grc' dir='ltr'>Οῐονται</span> <span class='ocrx_word' id='word_1_348' title='bbox 3278 2159 3387 2228; x_wconf 88' lang='grc' dir='ltr'>γὰρ</span> <span class='ocrx_word' id='word_1_349' title='bbox 3417 2157 3496 2209; x_wconf 82' lang='grc' dir='ltr'>ὅτι</span> <span class='ocrx_word' id='word_1_350' title='bbox 3527 2155 3625 2225; x_wconf 84' lang='grc' dir='ltr'>τὴν</span> <span class='ocrx_word' id='word_1_351' title='bbox 3654 2151 3746 2205; x_wconf 89' lang='grc' dir='ltr'><strong>τοῦ</strong></span> 
     </span>
    </p>
   </div>
   <div class='ocr_carea' id='block_1_52' title="bbox 2189 2243 3749 2333">
    <p class='ocr_par' dir='ltr' id='par_1_52' title="bbox 2189 2243 3749 2333">
     <span class='ocr_line' id='line_1_52' title="bbox 2189 2243 3749 2333; baseline -0.013 -18"><span class='ocrx_word' id='word_1_352' title='bbox 2189 2259 2483 2333; x_wconf 82' lang='grc' dir='ltr'>μυστηρίου</span> <span class='ocrx_word' id='word_1_353' title='bbox 2526 2257 2752 2327; x_wconf 80' lang='grc' dir='ltr'>δύναμιν</span> <span class='ocrx_word' id='word_1_354' title='bbox 2781 2253 3131 2325; x_wconf 78' lang='grc' dir='ltr'>ἀπρακτῆσαι</span> <span class='ocrx_word' id='word_1_355' title='bbox 3178 2250 3355 2320; x_wconf 83' lang='grc' dir='ltr'>θέμις,</span> <span class='ocrx_word' id='word_1_356' title='bbox 3379 2250 3426 2300; x_wconf 86' lang='grc' dir='ltr'><strong>εί</strong></span> <span class='ocrx_word' id='word_1_357' title='bbox 3465 2247 3641 2308; x_wconf 84' lang='grc' dir='ltr'>νεᾶνις</span> <span class='ocrx_word' id='word_1_358' title='bbox 3663 2243 3749 2296; x_wconf 90' lang='grc' dir='ltr'>λέ-</span> 
     </span>
    </p>
   </div>
   <div class='ocr_carea' id='block_1_53' title="bbox 2185 2336 3751 2422">
    <p class='ocr_par' dir='ltr' id='par_1_53' title="bbox 2185 2336 3751 2422">
     <span class='ocr_line' id='line_1_53' title="bbox 2185 2336 3751 2422; baseline -0.013 -15"><span class='ocrx_word' id='word_1_359' title='bbox 2185 2369 2353 2422; x_wconf 89' lang='grc' dir='ltr'>γοιτο,</span> <span class='ocrx_word' id='word_1_360' title='bbox 2389 2351 2482 2405; x_wconf 74' lang='grc' dir='ltr'><strong>καὶ</strong></span> <span class='ocrx_word' id='word_1_361' title='bbox 2510 2350 2628 2419; x_wconf 68' lang='grc' dir='ltr'>οὐχ).</span> <span class='ocrx_word' id='word_1_362' title='bbox 2667 2347 2729 2419; x_wconf 83' lang='grc' dir='ltr'><strong>δὴ</strong></span> <span class='ocrx_word' id='word_1_363' title='bbox 2757 2346 2957 2416; x_wconf 89' lang='grc' dir='ltr'>μᾶλλον</span> <span class='ocrx_word' id='word_1_364' title='bbox 3002 2341 3287 2414; x_wconf 85' lang='grc' dir='ltr'>παρθένος.</span> <span class='ocrx_word' id='word_1_365' title='bbox 3329 2336 3751 2409; x_wconf 81' lang='grc' dir='ltr'>Ἀμαθαίνοντας</span> 
     </span>
    </p>
   </div>
   <div class='ocr_carea' id='block_1_54' title="bbox 2184 2425 3751 2510">
    <p class='ocr_par' dir='ltr' id='par_1_54' title="bbox 2184 2425 3751 2510">
     <span class='ocr_line' id='line_1_54' title="bbox 2184 2425 3751 2510; baseline -0.013 -12"><span class='ocrx_word' id='word_1_366' title='bbox 2184 2444 2241 2498; x_wconf 86' lang='grc' dir='ltr'>δὲ</span> <span class='ocrx_word' id='word_1_367' title='bbox 2266 2443 2405 2497; x_wconf 80' lang='grc' dir='ltr'>κατὰ</span> <span class='ocrx_word' id='word_1_368' title='bbox 2434 2442 2660 2504; x_wconf 78' lang='grc' dir='ltr'>πολλοὺς</span> <span class='ocrx_word' id='word_1_369' title='bbox 2680 2439 2911 2510; x_wconf 87' lang='grc' dir='ltr'>τρόπους</span> <span class='ocrx_word' id='word_1_370' title='bbox 2931 2435 3136 2490; x_wconf 78' lang='grc' dir='ltr'>κατίδοι</span> <span class='ocrx_word' id='word_1_371' title='bbox 3158 2451 3241 2497; x_wconf 89' lang='grc' dir='ltr'><strong>τις</strong></span> <span class='ocrx_word' id='word_1_372' title='bbox 3266 2430 3331 2485; x_wconf 87' lang='grc' dir='ltr'><strong>ἂν</strong></span> <span class='ocrx_word' id='word_1_373' title='bbox 3354 2428 3569 2491; x_wconf 78' lang='grc' dir='ltr'>αὐτούς.</span> <span class='ocrx_word' id='word_1_374' title='bbox 3603 2425 3751 2497; x_wconf 86' lang='grc' dir='ltr'>Πρῶ-</span> 
     </span>
    </p>
   </div>
   <div class='ocr_carea' id='block_1_55' title="bbox 2186 2518 3753 2606">
    <p class='ocr_par' dir='ltr' id='par_1_55' title="bbox 2186 2518 3753 2606">
     <span class='ocr_line' id='line_1_55' title="bbox 2186 2518 3753 2606; baseline -0.013 -17"><span class='ocrx_word' id='word_1_375' title='bbox 2186 2551 2276 2589; x_wconf 88' lang='grc' dir='ltr'><strong>τον</strong></span> <span class='ocrx_word' id='word_1_376' title='bbox 2317 2535 2413 2606; x_wconf 80' lang='grc' dir='ltr'><strong>μὲν</strong></span> <span class='ocrx_word' id='word_1_377' title='bbox 2450 2533 2578 2603; x_wconf 79' lang='grc' dir='ltr'>γὰρ,</span> <span class='ocrx_word' id='word_1_378' title='bbox 2604 2530 2705 2585; x_wconf 79' lang='grc' dir='ltr'>κᾶν</span> <span class='ocrx_word' id='word_1_379' title='bbox 2743 2531 2792 2583; x_wconf 85' lang='grc' dir='ltr'><strong>εί</strong></span> <span class='ocrx_word' id='word_1_380' title='bbox 2817 2529 3025 2599; x_wconf 80' lang='grc' dir='ltr'>λέγοιτο</span> <span class='ocrx_word' id='word_1_381' title='bbox 3061 2528 3239 2587; x_wconf 84' lang='grc' dir='ltr'>νεᾶνις</span> <span class='ocrx_word' id='word_1_382' title='bbox 3271 2524 3304 2593; x_wconf 82' lang='grc' dir='ltr'>ἠ</span> <span class='ocrx_word' id='word_1_383' title='bbox 3338 2520 3621 2592; x_wconf 81' lang='grc' dir='ltr'>παρθένος,</span> <span class='ocrx_word' id='word_1_384' title='bbox 3654 2518 3753 2571; x_wconf 87' lang='grc' dir='ltr'><strong>οὐκ</strong></span> 
     </span>
    </p>
   </div>
   <div class='ocr_carea' id='block_1_56' title="bbox 2190 2609 3753 2692">
    <p class='ocr_par' dir='ltr' id='par_1_56' title="bbox 2190 2609 3753 2692">
     <span class='ocr_line' id='line_1_56' title="bbox 2190 2609 3753 2692; baseline -0.011 -12"><span class='ocrx_word' id='word_1_385' title='bbox 2190 2626 2293 2692; x_wconf 76' lang='grc' dir='ltr'>ἔξω</span> <span class='ocrx_word' id='word_1_386' title='bbox 2324 2626 2561 2679; x_wconf 89' lang='grc' dir='ltr'>κείσεται</span> <span class='ocrx_word' id='word_1_387' title='bbox 2588 2623 2679 2677; x_wconf 89' lang='grc' dir='ltr'><strong>τοῦ</strong></span> <span class='ocrx_word' id='word_1_388' title='bbox 2702 2620 2838 2676; x_wconf 71' lang='grc' dir='ltr'>εἶναι</span> <span class='ocrx_word' id='word_1_389' title='bbox 2868 2618 3152 2691; x_wconf 81' lang='grc' dir='ltr'>παρθένος.</span> <span class='ocrx_word' id='word_1_390' title='bbox 3186 2613 3323 2673; x_wconf 75' lang='grc' dir='ltr'><strong>Εἶτά</strong></span> <span class='ocrx_word' id='word_1_391' title='bbox 3348 2631 3477 2685; x_wconf 83' lang='grc' dir='ltr'>φασι</span> <span class='ocrx_word' id='word_1_392' title='bbox 3500 2611 3628 2683; x_wconf 81' lang='grc' dir='ltr'>περὶ</span> <span class='ocrx_word' id='word_1_393' title='bbox 3654 2609 3753 2680; x_wconf 81' lang='grc' dir='ltr'>τῆς</span> 
     </span>
    </p>
   </div>
   <div class='ocr_carea' id='block_1_57' title="bbox 2189 2703 3753 2787">
    <p class='ocr_par' dir='ltr' id='par_1_57' title="bbox 2189 2703 3753 2787">
     <span class='ocr_line' id='line_1_57' title="bbox 2189 2703 3753 2787; baseline -0.01 -15"><span class='ocrx_word' id='word_1_394' title='bbox 2189 2718 2285 2772; x_wconf 91' lang='grc' dir='ltr'><strong>τοῦ</strong></span> <span class='ocrx_word' id='word_1_395' title='bbox 2318 2716 2492 2787; x_wconf 81' lang='grc' dir='ltr'><strong>’Δχαζ</strong></span> <span class='ocrx_word' id='word_1_396' title='bbox 2538 2714 2793 2786; x_wconf 82' lang='grc' dir='ltr'>γυναικὸς</span> <span class='ocrx_word' id='word_1_397' title='bbox 2830 2714 2918 2767; x_wconf 83' lang='grc' dir='ltr'><strong>τὸν</strong></span> <span class='ocrx_word' id='word_1_398' title='bbox 2956 2714 3238 2784; x_wconf 82' lang='grc' dir='ltr'>προφήτην</span> <span class='ocrx_word' id='word_1_399' title='bbox 3290 2710 3462 2761; x_wconf 81' lang='grc' dir='ltr'>εἰπεῖν</span> <span class='ocrx_word' id='word_1_400' title='bbox 3492 2706 3572 2772; x_wconf 86' lang='grc' dir='ltr'><strong>τὸ,</strong></span> <span class='ocrx_word' id='word_1_401' title='bbox 3624 2703 3753 2757; x_wconf 81' lang='grc' dir='ltr'>Ἰδοὺ</span> 
     </span>
    </p>
   </div>
   <div class='ocr_carea' id='block_1_58' title="bbox 2193 2795 3756 2882">
    <p class='ocr_par' dir='ltr' id='par_1_58' title="bbox 2193 2795 3756 2882">
     <span class='ocr_line' id='line_1_58' title="bbox 2193 2795 3756 2882; baseline -0.011 -17"><span class='ocrx_word' id='word_1_402' title='bbox 2193 2812 2227 2882; x_wconf 84' lang='grc' dir='ltr'><strong>ἡ</strong></span> <span class='ocrx_word' id='word_1_403' title='bbox 2264 2811 2442 2872; x_wconf 87' lang='grc' dir='ltr'>νεᾶνις</span> <span class='ocrx_word' id='word_1_404' title='bbox 2474 2810 2533 2862; x_wconf 87' lang='grc' dir='ltr'><strong>ἐν</strong></span> <span class='ocrx_word' id='word_1_405' title='bbox 2558 2807 2755 2879; x_wconf 72' lang='grc' dir='ltr'>γαστρὶ</span> <span class='ocrx_word' id='word_1_406' title='bbox 2794 2805 2924 2871; x_wconf 75' lang='grc' dir='ltr'>ἕξει,</span> <span class='ocrx_word' id='word_1_407' title='bbox 2954 2806 3048 2857; x_wconf 74' lang='grc' dir='ltr'><strong>καὶ</strong></span> <span class='ocrx_word' id='word_1_408' title='bbox 3084 2802 3293 2866; x_wconf 81' lang='grc' dir='ltr'>τέξεται</span> <span class='ocrx_word' id='word_1_409' title='bbox 3333 2800 3465 2864; x_wconf 80' lang='grc' dir='ltr'>υἱὸν,</span> <span class='ocrx_word' id='word_1_410' title='bbox 3502 2799 3587 2850; x_wconf 84' lang='grc' dir='ltr'><strong>ἵνα</strong></span> <span class='ocrx_word' id='word_1_411' title='bbox 3624 2795 3756 2849; x_wconf 83' lang='grc' dir='ltr'>νοῶ-</span> 
     </span>
    </p>
   </div>
   <div class='ocr_carea' id='block_1_59' title="bbox 2196 2890 3756 2976">
    <p class='ocr_par' dir='ltr' id='par_1_59' title="bbox 2196 2890 3756 2976">
     <span class='ocr_line' id='line_1_59' title="bbox 2196 2890 3756 2976; baseline -0.01 -19"><span class='ocrx_word' id='word_1_412' title='bbox 2196 2921 2294 2976; x_wconf 89' lang='grc' dir='ltr'><strong>μεν</strong></span> <span class='ocrx_word' id='word_1_413' title='bbox 2317 2904 2408 2957; x_wconf 79' lang='grc' dir='ltr'><strong>τὸν</strong></span> <span class='ocrx_word' id='word_1_414' title='bbox 2439 2901 2685 2972; x_wconf 78' lang='grc' dir='ltr'>Ἐζεχίαν</span> <span class='ocrx_word' id='word_1_415' title='bbox 2716 2901 2807 2953; x_wconf 82' lang='grc' dir='ltr'><strong>τὸν</strong></span> <span class='ocrx_word' id='word_1_416' title='bbox 2839 2898 2896 2965; x_wconf 79' lang='grc' dir='ltr'>ἐξ</span> <span class='ocrx_word' id='word_1_417' title='bbox 2928 2897 3093 2951; x_wconf 84' lang='grc' dir='ltr'>αὑτοῦ</span> <span class='ocrx_word' id='word_1_418' title='bbox 3126 2895 3402 2964; x_wconf 87' lang='grc' dir='ltr'>γεγονότα.</span> <span class='ocrx_word' id='word_1_419' title='bbox 3452 2891 3609 2946; x_wconf 83' lang='grc' dir='ltr'>Ἀλλὰ</span> <span class='ocrx_word' id='word_1_420' title='bbox 3634 2890 3756 2951; x_wconf 82' lang='grc' dir='ltr'>τοὺς</span> 
     </span>
    </p>
   </div>
   <div class='ocr_carea' id='block_1_60' title="bbox 2194 2983 3759 3067">
    <p class='ocr_par' dir='ltr' id='par_1_60' title="bbox 2194 2983 3759 3067">
     <span class='ocr_line' id='line_1_60' title="bbox 2194 2983 3759 3067; baseline -0.011 -17"><span class='ocrx_word' id='word_1_421' title='bbox 2194 2997 2292 3067; x_wconf 83' lang='grc' dir='ltr'>τῆς</span> <span class='ocrx_word' id='word_1_422' title='bbox 2325 2993 2657 3066; x_wconf 86' lang='grc' dir='ltr'>προφητείας</span> <span class='ocrx_word' id='word_1_423' title='bbox 2706 2993 2764 3045; x_wconf 80' lang='grc' dir='ltr'><strong>οὐ</strong></span> <span class='ocrx_word' id='word_1_424' title='bbox 2807 2990 3183 3061; x_wconf 77' lang='grc' dir='ltr'>βασανίζοντες</span> <span class='ocrx_word' id='word_1_425' title='bbox 3219 2988 3428 3056; x_wconf 63' lang='grc' dir='ltr'>λόγους,</span> <span class='ocrx_word' id='word_1_426' title='bbox 3467 2983 3526 3037; x_wconf 82' lang='grc' dir='ltr'>τὸ</span> <span class='ocrx_word' id='word_1_427' title='bbox 3569 2984 3759 3053; x_wconf 81' lang='grc' dir='ltr'>ἀπερι-</span> 
     </span>
    </p>
   </div>
   <div class='ocr_carea' id='block_1_61' title="bbox 2200 3075 3760 3155">
    <p class='ocr_par' dir='ltr' id='par_1_61' title="bbox 2200 3075 3760 3155">
     <span class='ocr_line' id='line_1_61' title="bbox 2200 3075 3760 3155; baseline -0.01 -14"><span class='ocrx_word' id='word_1_428' title='bbox 2200 3087 2444 3149; x_wconf 83' lang='grc' dir='ltr'>σκέπτως</span> <span class='ocrx_word' id='word_1_429' title='bbox 2463 3083 2652 3138; x_wconf 82' lang='grc' dir='ltr'>δοκοῦν</span> <span class='ocrx_word' id='word_1_430' title='bbox 2675 3083 3033 3155; x_wconf 79' lang='grc' dir='ltr'>ἁρπάζουσιν,</span> <span class='ocrx_word' id='word_1_431' title='bbox 3065 3075 3182 3134; x_wconf 81' lang='grc' dir='ltr'>εἶτα</span> <span class='ocrx_word' id='word_1_432' title='bbox 3213 3079 3303 3132; x_wconf 80' lang='grc' dir='ltr'><strong>τὸν</strong></span> <span class='ocrx_word' id='word_1_433' title='bbox 3330 3076 3536 3131; x_wconf 79' lang='grc' dir='ltr'>ἑαυτῶν</span> <span class='ocrx_word' id='word_1_434' title='bbox 3560 3076 3760 3128; x_wconf 78' lang='grc' dir='ltr'>οἴονται</span> 
     </span>
    </p>
   </div>
   <div class='ocr_carea' id='block_1_62' title="bbox 524 3138 2094 3245">
    <p class='ocr_par' dir='ltr' id='par_1_62' title="bbox 524 3155 2094 3232">
     <span class='ocr_line' id='line_1_62' title="bbox 524 3155 2094 3232; baseline -0.007 -13"><span class='ocrx_word' id='word_1_435' title='bbox 524 3165 599 3219; x_wconf 83' lang='lat' dir='ltr'><strong>rit</strong></span> <span class='ocrx_word' id='word_1_436' title='bbox 619 3163 880 3232; x_wconf 87' lang='lat' dir='ltr'><strong>quispiam</strong></span> <span class='ocrx_word' id='word_1_437' title='bbox 910 3160 1174 3231; x_wconf 87' lang='lat' dir='ltr'><strong>illis,quis</strong></span> <span class='ocrx_word' id='word_1_438' title='bbox 1206 3158 1492 3214; x_wconf 85' lang='lat' dir='ltr'><strong>Ezechiam</strong></span> <span class='ocrx_word' id='word_1_439' title='bbox 1520 3158 1730 3213; x_wconf 88' lang='lat' dir='ltr'><strong>vocavit</strong></span> <span class='ocrx_word' id='word_1_440' title='bbox 1752 3155 2094 3213; x_wconf 84' lang='lat' dir='ltr'><strong>Emmanuel?</strong></span> 
     </span>
    </p>
   </div>
   <div class='ocr_carea' id='block_1_63' title="bbox 2193 3138 3760 3245">
    <p class='ocr_par' dir='ltr' id='par_1_63' title="bbox 2200 3138 3760 3245">
     <span class='ocr_line' id='line_1_63' title="bbox 2200 3138 3760 3245; baseline -0.008 -16"><span class='ocrx_word' id='word_1_441' title='bbox 2425 3138 2726 3245; x_wconf 50' lang='grc' dir='ltr'>’ἐμπεδοῦν</span> <span class='ocrx_word' id='word_1_442' title='bbox 2777 3138 2865 3225; x_wconf 66' lang='grc' dir='ltr'>διόι</span> <span class='ocrx_word' id='word_1_443' title='bbox 2914 3138 3101 3225; x_wconf 82' lang='grc' dir='ltr'>τούτου</span> <span class='ocrx_word' id='word_1_444' title='bbox 3148 3171 3240 3223; x_wconf 72' lang='grc' dir='ltr'><strong>καὶ</strong></span> <span class='ocrx_word' id='word_1_445' title='bbox 3294 3168 3472 3240; x_wconf 87' lang='grc' dir='ltr'>μόνου.</span> <span class='ocrx_word' id='word_1_446' title='bbox 3516 3163 3673 3229; x_wconf 84' lang='grc' dir='ltr'>Ἀλλ’,</span> <span class='ocrx_word' id='word_1_447' title='bbox 3714 3156 3760 3216; x_wconf 80' lang='grc' dir='ltr'>ὦ</span> 
     </span>
    </p>
   </div>
   <div class='ocr_carea' id='block_1_64' title="bbox 527 3252 2096 3322">
    <p class='ocr_par' dir='ltr' id='par_1_64' title="bbox 527 3252 2096 3322">
     <span class='ocr_line' id='line_1_64' title="bbox 527 3252 2096 3322; baseline -0.004 -12"><span class='ocrx_word' id='word_1_448' title='bbox 527 3254 627 3311; x_wconf 72' lang='lat' dir='ltr'><strong>Vel</strong></span> <span class='ocrx_word' id='word_1_449' title='bbox 672 3254 813 3308; x_wconf 87' lang='lat' dir='ltr'><strong>unde</strong></span> <span class='ocrx_word' id='word_1_450' title='bbox 863 3254 1238 3309; x_wconf 89' lang='lat' dir='ltr'><strong>demonstrare</strong></span> <span class='ocrx_word' id='word_1_451' title='bbox 1282 3259 1568 3321; x_wconf 89' lang='lat' dir='ltr'><strong>poterunt,</strong></span> <span class='ocrx_word' id='word_1_452' title='bbox 1604 3252 1745 3322; x_wconf 88' lang='lat' dir='ltr'><strong>quod</strong></span> <span class='ocrx_word' id='word_1_453' title='bbox 1786 3252 2096 3319; x_wconf 86' lang='lat' dir='ltr'><strong>priusquam</strong></span> 
     </span>
    </p>
   </div>
   <div class='ocr_carea' id='block_1_65' title="bbox 527 3343 2101 3411">
    <p class='ocr_par' dir='ltr' id='par_1_65' title="bbox 527 3343 2101 3411">
     <span class='ocr_line' id='line_1_65' title="bbox 527 3343 2101 3411; baseline -0.004 -8"><span class='ocrx_word' id='word_1_454' title='bbox 527 3346 694 3403; x_wconf 85' lang='lat' dir='ltr'><strong>sciret</strong></span> <span class='ocrx_word' id='word_1_455' title='bbox 725 3345 813 3401; x_wconf 86' lang='lat' dir='ltr'><strong>ille</strong></span> <span class='ocrx_word' id='word_1_456' title='bbox 839 3346 1036 3401; x_wconf 87' lang='lat' dir='ltr'><strong>bonum</strong></span> <span class='ocrx_word' id='word_1_457' title='bbox 1066 3345 1153 3399; x_wconf 90' lang='lat' dir='ltr'><strong>vel</strong></span> <span class='ocrx_word' id='word_1_458' title='bbox 1193 3344 1414 3409; x_wconf 87' lang='lat' dir='ltr'><strong>malum,</strong></span> <span class='ocrx_word' id='word_1_459' title='bbox 1445 3343 1664 3399; x_wconf 65' lang='lat' dir='ltr'><strong>malitia;</strong></span> <span class='ocrx_word' id='word_1_460' title='bbox 1692 3357 1800 3398; x_wconf 91' lang='lat' dir='ltr'><strong>non</strong></span> <span class='ocrx_word' id='word_1_461' title='bbox 1825 3343 2101 3411; x_wconf 90' lang='lat' dir='ltr'><strong>obtempe-</strong></span> 
     </span>
    </p>
   </div>
   <div class='ocr_carea' id='block_1_66' title="bbox 531 3434 2101 3507">
    <p class='ocr_par' dir='ltr' id='par_1_66' title="bbox 531 3434 2101 3507">
     <span class='ocr_line' id='line_1_66' title="bbox 531 3434 2101 3507; baseline -0.003 -15"><span class='ocrx_word' id='word_1_462' title='bbox 531 3447 695 3503; x_wconf 87' lang='lat' dir='ltr'><strong>raret,</strong></span> <span class='ocrx_word' id='word_1_463' title='bbox 735 3448 792 3493; x_wconf 89' lang='lat' dir='ltr'><strong>ut</strong></span> <span class='ocrx_word' id='word_1_464' title='bbox 818 3438 1041 3507; x_wconf 87' lang='lat' dir='ltr'><strong>eligeret</strong></span> <span class='ocrx_word' id='word_1_465' title='bbox 1089 3435 1325 3491; x_wconf 77' lang='lat' dir='ltr'><strong>bonum?</strong></span> <span class='ocrx_word' id='word_1_466' title='bbox 1356 3436 1523 3507; x_wconf 88' lang='lat' dir='ltr'><strong>Igitur</strong></span> <span class='ocrx_word' id='word_1_467' title='bbox 1561 3434 1923 3489; x_wconf 86' lang='lat' dir='ltr'><strong>valedicamus</strong></span> <span class='ocrx_word' id='word_1_468' title='bbox 1968 3434 2101 3489; x_wconf 88' lang='lat' dir='ltr'><strong>isto-</strong></span> 
     </span>
    </p>
   </div>
   <div class='ocr_carea' id='block_1_67' title="bbox 533 3530 2103 3601">
    <p class='ocr_par' dir='ltr' id='par_1_67' title="bbox 533 3530 2103 3601">
     <span class='ocr_line' id='line_1_67' title="bbox 533 3530 2103 3601; baseline -0.004 -17"><span class='ocrx_word' id='word_1_469' title='bbox 533 3546 651 3585; x_wconf 90' lang='lat' dir='ltr'><strong>rum</strong></span> <span class='ocrx_word' id='word_1_470' title='bbox 696 3530 990 3601; x_wconf 74' lang='lat' dir='ltr'><strong>przestigiis</strong></span> <span class='ocrx_word' id='word_1_471' title='bbox 1043 3536 1095 3584; x_wconf 94' lang='lat' dir='ltr'><strong>et</strong></span> <span class='ocrx_word' id='word_1_472' title='bbox 1137 3530 1279 3598; x_wconf 90' lang='lat' dir='ltr'><strong>quod</strong></span> <span class='ocrx_word' id='word_1_473' title='bbox 1310 3537 1512 3583; x_wconf 91' lang='lat' dir='ltr'><strong>rectum</strong></span> <span class='ocrx_word' id='word_1_474' title='bbox 1547 3541 1841 3596; x_wconf 85' lang='lat' dir='ltr'><strong>verumque</strong></span> <span class='ocrx_word' id='word_1_475' title='bbox 1873 3534 1957 3581; x_wconf 89' lang='lat' dir='ltr'><strong>est</strong></span> <span class='ocrx_word' id='word_1_476' title='bbox 1989 3541 2103 3579; x_wconf 87' lang='lat' dir='ltr'><strong>am-</strong></span> 
     </span>
    </p>
   </div>
   <div class='ocr_carea' id='block_1_68' title="bbox 532 3615 2103 3692">
    <p class='ocr_par' dir='ltr' id='par_1_68' title="bbox 532 3615 2103 3692">
     <span class='ocr_line' id='line_1_68' title="bbox 532 3615 2103 3692; baseline -0.003 -18"><span class='ocrx_word' id='word_1_477' title='bbox 532 3623 865 3692; x_wconf 72' lang='lat' dir='ltr'><strong>plectamur;</strong></span> <span class='ocrx_word' id='word_1_478' title='bbox 891 3626 1130 3675; x_wconf 85' lang='lat' dir='ltr'><strong>sanctam</strong></span> <span class='ocrx_word' id='word_1_479' title='bbox 1166 3616 1436 3688; x_wconf 82' lang='lat' dir='ltr'><strong>Virginem</strong></span> <span class='ocrx_word' id='word_1_480' title='bbox 1468 3616 1571 3671; x_wconf 90' lang='lat' dir='ltr'><strong>hac</strong></span> <span class='ocrx_word' id='word_1_481' title='bbox 1591 3615 1868 3685; x_wconf 87' lang='lat' dir='ltr'><strong>prophetia</strong></span> <span class='ocrx_word' id='word_1_482' title='bbox 1899 3616 2052 3671; x_wconf 93' lang='lat' dir='ltr'><strong>nobis</strong></span> <span class='ocrx_word' id='word_1_483' title='bbox 2072 3629 2103 3669; x_wconf 88' lang='lat' dir='ltr'><strong>a</strong></span> 
     </span>
    </p>
   </div>
   <div class='ocr_carea' id='block_1_69' title="bbox 534 3706 2101 3778">
    <p class='ocr_par' dir='ltr' id='par_1_69' title="bbox 534 3706 2101 3778">
     <span class='ocr_line' id='line_1_69' title="bbox 534 3706 2101 3778; baseline -0.005 -9"><span class='ocrx_word' id='word_1_484' title='bbox 534 3715 643 3769; x_wconf 88' lang='lat' dir='ltr'><strong>Deo</strong></span> <span class='ocrx_word' id='word_1_485' title='bbox 655 3711 896 3768; x_wconf 87' lang='lat' dir='ltr'><strong>den0tari</strong></span> <span class='ocrx_word' id='word_1_486' title='bbox 910 3706 1316 3765; x_wconf 87' lang='lat' dir='ltr'><strong>credamus.Sic</strong></span> <span class='ocrx_word' id='word_1_487' title='bbox 1335 3710 1479 3764; x_wconf 91' lang='lat' dir='ltr'><strong>enim</strong></span> <span class='ocrx_word' id='word_1_488' title='bbox 1498 3709 1599 3764; x_wconf 90' lang='lat' dir='ltr'><strong>erit</strong></span> <span class='ocrx_word' id='word_1_489' title='bbox 1611 3707 1939 3778; x_wconf 84' lang='lat' dir='ltr'><strong>paradoxum</strong></span> <span class='ocrx_word' id='word_1_490' title='bbox 1957 3720 2101 3772; x_wconf 89' lang='lat' dir='ltr'><strong>vere,</strong></span> 
     </span>
    </p>
   </div>
   <div class='ocr_carea' id='block_1_70' title="bbox 534 3796 2103 3873">
    <p class='ocr_par' dir='ltr' id='par_1_70' title="bbox 534 3796 2103 3873">
     <span class='ocr_line' id='line_1_70' title="bbox 534 3796 2103 3873; baseline -0.005 -14"><span class='ocrx_word' id='word_1_491' title='bbox 534 3811 695 3873; x_wconf 76' lang='lat' dir='ltr'><strong>atque</strong></span> <span class='ocrx_word' id='word_1_492' title='bbox 727 3800 1061 3869; x_wconf 83' lang='lat' dir='ltr'><strong>incredibile,</strong></span> <span class='ocrx_word' id='word_1_493' title='bbox 1098 3811 1153 3856; x_wconf 90' lang='lat' dir='ltr'><strong>et</strong></span> <span class='ocrx_word' id='word_1_494' title='bbox 1196 3803 1408 3871; x_wconf 85' lang='lat' dir='ltr'><strong>signum</strong></span> <span class='ocrx_word' id='word_1_495' title='bbox 1439 3800 1755 3866; x_wconf 86' lang='lat' dir='ltr'><strong>maximum,</strong></span> <span class='ocrx_word' id='word_1_496' title='bbox 1791 3800 1843 3855; x_wconf 91' lang='lat' dir='ltr'><strong>in</strong></span> <span class='ocrx_word' id='word_1_497' title='bbox 1879 3796 2103 3869; x_wconf 83' lang='lat' dir='ltr'><strong>profun-</strong></span> 
     </span>
    </p>
   </div>
   <div class='ocr_carea' id='block_1_71' title="bbox 534 3888 2110 3959">
    <p class='ocr_par' dir='ltr' id='par_1_71' title="bbox 534 3888 2110 3959">
     <span class='ocr_line' id='line_1_71' title="bbox 534 3888 2110 3959; baseline -0.004 -12"><span class='ocrx_word' id='word_1_498' title='bbox 534 3896 663 3948; x_wconf 79' lang='lat' dir='ltr'><strong>dum</strong></span> <span class='ocrx_word' id='word_1_499' title='bbox 706 3892 865 3949; x_wconf 89' lang='lat' dir='ltr'><strong>simul</strong></span> <span class='ocrx_word' id='word_1_500' title='bbox 894 3901 947 3947; x_wconf 91' lang='lat' dir='ltr'><strong>et</strong></span> <span class='ocrx_word' id='word_1_501' title='bbox 972 3890 1267 3955; x_wconf 85' lang='lat' dir='ltr'><strong>excelsum,</strong></span> <span class='ocrx_word' id='word_1_502' title='bbox 1317 3891 1468 3959; x_wconf 81' lang='lat' dir='ltr'><strong>juxta</strong></span> <span class='ocrx_word' id='word_1_503' title='bbox 1507 3889 1744 3945; x_wconf 82' lang='lat' dir='ltr'><strong>divinam</strong></span> <span class='ocrx_word' id='word_1_504' title='bbox 1797 3888 2110 3958; x_wconf 86' lang='lat' dir='ltr'><strong>promissio-</strong></span> 
     </span>
    </p>
   </div>
   <div class='ocr_carea' id='block_1_72' title="bbox 538 3978 2104 4052">
    <p class='ocr_par' dir='ltr' id='par_1_72' title="bbox 538 3978 2104 4052">
     <span class='ocr_line' id='line_1_72' title="bbox 538 3978 2104 4052; baseline -0.004 -15"><span class='ocrx_word' id='word_1_505' title='bbox 538 3999 679 4037; x_wconf 89' lang='lat' dir='ltr'><strong>nem.</strong></span> <span class='ocrx_word' id='word_1_506' title='bbox 729 3982 773 4036; x_wconf 74' lang='grc' dir='ltr'>Ε</span> <span class='ocrx_word' id='word_1_507' title='bbox 819 3982 1065 4052; x_wconf 89' lang='lat' dir='ltr'><strong>supernis</strong></span> <span class='ocrx_word' id='word_1_508' title='bbox 1093 3981 1257 4043; x_wconf 87' lang='lat' dir='ltr'><strong>enim,</strong></span> <span class='ocrx_word' id='word_1_509' title='bbox 1288 3990 1342 4035; x_wconf 91' lang='lat' dir='ltr'><strong>et</strong></span> <span class='ocrx_word' id='word_1_510' title='bbox 1371 3995 1434 4034; x_wconf 79' lang='lat' dir='ltr'><strong>ex</strong></span> <span class='ocrx_word' id='word_1_511' title='bbox 1477 3979 1586 4034; x_wconf 89' lang='lat' dir='ltr'><strong>Deo</strong></span> <span class='ocrx_word' id='word_1_512' title='bbox 1617 3978 1779 4034; x_wconf 87' lang='lat' dir='ltr'><strong>Patre</strong></span> <span class='ocrx_word' id='word_1_513' title='bbox 1812 3979 2104 4033; x_wconf 90' lang='lat' dir='ltr'><strong>secundum</strong></span> 
     </span>
    </p>
   </div>
   <div class='ocr_carea' id='block_1_73' title="bbox 538 4069 2110 4141">
    <p class='ocr_par' dir='ltr' id='par_1_73' title="bbox 538 4069 2110 4141">
     <span class='ocr_line' id='line_1_73' title="bbox 538 4069 2110 4141; baseline -0.004 -14"><span class='ocrx_word' id='word_1_514' title='bbox 538 4084 787 4127; x_wconf 81' lang='lat' dir='ltr'><strong>naturain</strong></span> <span class='ocrx_word' id='word_1_515' title='bbox 814 4072 1027 4141; x_wconf 83' lang='lat' dir='ltr'><strong>genitus</strong></span> <span class='ocrx_word' id='word_1_516' title='bbox 1070 4070 1237 4124; x_wconf 87' lang='lat' dir='ltr'><strong>Filius</strong></span> <span class='ocrx_word' id='word_1_517' title='bbox 1271 4069 1612 4138; x_wconf 86' lang='lat' dir='ltr'><strong>unigenitus,</strong></span> <span class='ocrx_word' id='word_1_518' title='bbox 1645 4070 1941 4124; x_wconf 82' lang='lat' dir='ltr'><strong>exinanivit</strong></span> <span class='ocrx_word' id='word_1_519' title='bbox 1966 4069 2110 4137; x_wconf 89' lang='lat' dir='ltr'><strong>seip-</strong></span> 
     </span>
    </p>
   </div>
   <div class='ocr_carea' id='block_1_74' title="bbox 538 4154 2108 4232">
    <p class='ocr_par' dir='ltr' id='par_1_74' title="bbox 538 4154 2108 4232">
     <span class='ocr_line' id='line_1_74' title="bbox 538 4154 2108 4232; baseline -0.003 -13"><span class='ocrx_word' id='word_1_520' title='bbox 538 4154 698 4230; x_wconf 73' lang='lat' dir='ltr'><strong>sum,</strong></span> <span class='ocrx_word' id='word_1_521' title='bbox 736 4171 791 4217; x_wconf 89' lang='lat' dir='ltr'><strong>et</strong></span> <span class='ocrx_word' id='word_1_522' title='bbox 833 4178 902 4218; x_wconf 83' lang='lat' dir='ltr'><strong>ex</strong></span> <span class='ocrx_word' id='word_1_523' title='bbox 955 4172 1109 4218; x_wconf 87' lang='lat' dir='ltr'><strong>utero</strong></span> <span class='ocrx_word' id='word_1_524' title='bbox 1164 4162 1411 4232; x_wconf 85' lang='lat' dir='ltr'><strong>virginali</strong></span> <span class='ocrx_word' id='word_1_525' title='bbox 1455 4161 1631 4216; x_wconf 91' lang='lat' dir='ltr'><strong>editus</strong></span> <span class='ocrx_word' id='word_1_526' title='bbox 1675 4171 1759 4216; x_wconf 89' lang='lat' dir='ltr'><strong>est</strong></span> <span class='ocrx_word' id='word_1_527' title='bbox 1816 4160 2108 4216; x_wconf 88' lang='lat' dir='ltr'><strong>secundum</strong></span> 
     </span>
    </p>
   </div>
   <div class='ocr_carea' id='block_1_75' title="bbox 538 4254 2110 4323">
    <p class='ocr_par' dir='ltr' id='par_1_75' title="bbox 538 4254 2110 4323">
     <span class='ocr_line' id='line_1_75' title="bbox 538 4254 2110 4323; baseline -0.001 -14"><span class='ocrx_word' id='word_1_528' title='bbox 538 4269 781 4321; x_wconf 86' lang='lat' dir='ltr'><strong>carnem,</strong></span> <span class='ocrx_word' id='word_1_529' title='bbox 812 4270 918 4309; x_wconf 88' lang='lat' dir='ltr'><strong>non</strong></span> <span class='ocrx_word' id='word_1_530' title='bbox 943 4255 1177 4309; x_wconf 88' lang='lat' dir='ltr'><strong>humana</strong></span> <span class='ocrx_word' id='word_1_531' title='bbox 1211 4255 1433 4309; x_wconf 77' lang='lat' dir='ltr'><strong>seminis</strong></span> <span class='ocrx_word' id='word_1_532' title='bbox 1453 4254 1742 4309; x_wconf 88' lang='lat' dir='ltr'><strong>emissione</strong></span> <span class='ocrx_word' id='word_1_533' title='bbox 1770 4254 1910 4308; x_wconf 90' lang='lat' dir='ltr'><strong>unde</strong></span> <span class='ocrx_word' id='word_1_534' title='bbox 1947 4267 2110 4323; x_wconf 83' lang='lat' dir='ltr'><strong>gene-</strong></span> 
     </span>
    </p>
   </div>
   <div class='ocr_carea' id='block_1_76' title="bbox 544 4343 2107 4412">
    <p class='ocr_par' dir='ltr' id='par_1_76' title="bbox 544 4343 2107 4412">
     <span class='ocr_line' id='line_1_76' title="bbox 544 4343 2107 4412; baseline 0 -13"><span class='ocrx_word' id='word_1_535' title='bbox 544 4348 683 4399; x_wconf 85' lang='lat' dir='ltr'><strong>ratio</strong></span> <span class='ocrx_word' id='word_1_536' title='bbox 703 4353 886 4400; x_wconf 81' lang='lat' dir='ltr'><strong>secuta</strong></span> <span class='ocrx_word' id='word_1_537' title='bbox 919 4346 1012 4411; x_wconf 91' lang='lat' dir='ltr'><strong>sit,</strong></span> <span class='ocrx_word' id='word_1_538' title='bbox 1051 4346 1144 4400; x_wconf 87' lang='lat' dir='ltr'><strong>sed</strong></span> <span class='ocrx_word' id='word_1_539' title='bbox 1174 4346 1222 4399; x_wconf 91' lang='lat' dir='ltr'><strong>vi</strong></span> <span class='ocrx_word' id='word_1_540' title='bbox 1257 4354 1313 4399; x_wconf 92' lang='lat' dir='ltr'><strong>et</strong></span> <span class='ocrx_word' id='word_1_541' title='bbox 1335 4344 1622 4399; x_wconf 79' lang='lat' dir='ltr'><strong>elﬁcientia</strong></span> <span class='ocrx_word' id='word_1_542' title='bbox 1649 4343 1822 4399; x_wconf 89' lang='lat' dir='ltr'><strong>sancti</strong></span> <span class='ocrx_word' id='word_1_543' title='bbox 1853 4343 2107 4412; x_wconf 80' lang='lat' dir='ltr'><strong>Spiritus.</strong></span> 
     </span>
    </p>
   </div>
   <div class='ocr_carea' id='block_1_77' title="bbox 541 4432 2106 4507">
    <p class='ocr_par' dir='ltr' id='par_1_77' title="bbox 541 4432 2106 4507">
     <span class='ocr_line' id='line_1_77' title="bbox 541 4432 2106 4507; baseline -0.004 -14"><span class='ocrx_word' id='word_1_544' title='bbox 541 4437 619 4493; x_wconf 87' lang='lat' dir='ltr'><strong>lta</strong></span> <span class='ocrx_word' id='word_1_545' title='bbox 662 4452 894 4507; x_wconf 90' lang='lat' dir='ltr'><strong>namque</strong></span> <span class='ocrx_word' id='word_1_546' title='bbox 925 4437 1131 4493; x_wconf 88' lang='lat' dir='ltr'><strong>dictum</strong></span> <span class='ocrx_word' id='word_1_547' title='bbox 1182 4446 1267 4491; x_wconf 88' lang='lat' dir='ltr'><strong>est</strong></span> <span class='ocrx_word' id='word_1_548' title='bbox 1290 4444 1492 4492; x_wconf 69' lang='lat' dir='ltr'><strong>sancta:</strong></span> <span class='ocrx_word' id='word_1_549' title='bbox 1531 4434 1736 4505; x_wconf 77' lang='lat' dir='ltr'><strong>Virgini</strong></span> <span class='ocrx_word' id='word_1_550' title='bbox 1784 4447 1915 4489; x_wconf 90' lang='lat' dir='ltr'><strong>voce</strong></span> <span class='ocrx_word' id='word_1_551' title='bbox 1965 4432 2106 4488; x_wconf 89' lang='lat' dir='ltr'><strong>beati</strong></span> 
     </span>
    </p>
   </div>
   <div class='ocr_carea' id='block_1_78' title="bbox 543 4528 2109 4599">
    <p class='ocr_par' dir='ltr' id='par_1_78' title="bbox 543 4528 2109 4599">
     <span class='ocr_line' id='line_1_78' title="bbox 543 4528 2109 4599; baseline -0.004 -13"><span class='ocrx_word' id='word_1_552' title='bbox 543 4529 811 4586; x_wconf 84' lang='lat' dir='ltr'><strong>Gabrielis</strong></span> <span class='ocrx_word' id='word_1_553' title='bbox 844 4547 859 4584; x_wconf 88' lang='lat'><strong>:</strong></span> <span class='ocrx_word' id='word_1_554' title='bbox 899 4548 921 4580; x_wconf 78' lang='grc' dir='ltr'><strong>ι</strong></span> <span class='ocrx_word' id='word_1_555' title='bbox 959 4529 1191 4599; x_wconf 90' lang='lat' dir='ltr'><strong>Spiritus</strong></span> <span class='ocrx_word' id='word_1_556' title='bbox 1232 4539 1451 4585; x_wconf 86' lang='lat' dir='ltr'><strong>sanctus</strong></span> <span class='ocrx_word' id='word_1_557' title='bbox 1491 4528 1833 4598; x_wconf 88' lang='lat' dir='ltr'><strong>superveniet</strong></span> <span class='ocrx_word' id='word_1_558' title='bbox 1876 4528 1928 4583; x_wconf 90' lang='lat' dir='ltr'><strong>in</strong></span> <span class='ocrx_word' id='word_1_559' title='bbox 1956 4536 2027 4594; x_wconf 87' lang='lat' dir='ltr'><strong>te,</strong></span> <span class='ocrx_word' id='word_1_560' title='bbox 2053 4533 2109 4581; x_wconf 91' lang='lat' dir='ltr'><strong>et</strong></span> 
     </span>
    </p>
   </div>
   <div class='ocr_carea' id='block_1_79' title="bbox 544 4618 2107 4690">
    <p class='ocr_par' dir='ltr' id='par_1_79' title="bbox 544 4618 2107 4690">
     <span class='ocr_line' id='line_1_79' title="bbox 544 4618 2107 4690; baseline -0.001 -15"><span class='ocrx_word' id='word_1_561' title='bbox 544 4623 715 4677; x_wconf 84' lang='lat' dir='ltr'><strong>virtus</strong></span> <span class='ocrx_word' id='word_1_562' title='bbox 751 4622 1017 4677; x_wconf 85' lang='lat' dir='ltr'><strong>Altissitni</strong></span> <span class='ocrx_word' id='word_1_563' title='bbox 1056 4621 1397 4677; x_wconf 75' lang='lat' dir='ltr'><strong>obumbrabit</strong></span> <span class='ocrx_word' id='word_1_564' title='bbox 1429 4619 1524 4675; x_wconf 90' lang='lat' dir='ltr'><strong>tibi</strong></span> <span class='ocrx_word' id='word_1_565' title='bbox 1551 4618 1616 4674; x_wconf 81' lang='grc'><strong>³⁸.</strong></span> <span class='ocrx_word' id='word_1_566' title='bbox 1655 4638 1674 4672; x_wconf 72' lang='grc' dir='ltr'><strong>ι</strong></span> <span class='ocrx_word' id='word_1_567' title='bbox 1705 4619 1885 4674; x_wconf 89' lang='lat' dir='ltr'><strong>Pariet</strong></span> <span class='ocrx_word' id='word_1_568' title='bbox 1927 4621 2107 4690; x_wconf 91' lang='lat' dir='ltr'><strong>igitur,</strong></span> 
     </span>
    </p>
   </div>
   <div class='ocr_carea' id='block_1_80' title="bbox 543 4712 2106 4783">
    <p class='ocr_par' dir='ltr' id='par_1_80' title="bbox 543 4712 2106 4783">
     <span class='ocr_line' id='line_1_80' title="bbox 543 4712 2106 4783; baseline -0.003 -15"><span class='ocrx_word' id='word_1_569' title='bbox 543 4713 642 4779; x_wconf 92' lang='lat' dir='ltr'><strong>ait,</strong></span> <span class='ocrx_word' id='word_1_570' title='bbox 693 4713 881 4768; x_wconf 89' lang='lat' dir='ltr'><strong>ﬁlium.</strong></span> <span class='ocrx_word' id='word_1_571' title='bbox 914 4713 980 4769; x_wconf 87' lang='lat' dir='ltr'><strong>Et</strong></span> <span class='ocrx_word' id='word_1_572' title='bbox 1040 4724 1116 4780; x_wconf 91' lang='lat' dir='ltr'><strong>tu,</strong></span> <span class='ocrx_word' id='word_1_573' title='bbox 1142 4728 1175 4769; x_wconf 88' lang='grc' dir='ltr'><strong>ο</strong></span> <span class='ocrx_word' id='word_1_574' title='bbox 1204 4715 1393 4769; x_wconf 90' lang='lat' dir='ltr'><strong>domus</strong></span> <span class='ocrx_word' id='word_1_575' title='bbox 1422 4714 1611 4777; x_wconf 85' lang='lat' dir='ltr'><strong>David,</strong></span> <span class='ocrx_word' id='word_1_576' title='bbox 1645 4727 1765 4783; x_wconf 75' lang='lat' dir='ltr'><strong>qua:</strong></span> <span class='ocrx_word' id='word_1_577' title='bbox 1813 4727 1975 4776; x_wconf 82' lang='lat' dir='ltr'><strong>nunc,</strong></span> <span class='ocrx_word' id='word_1_578' title='bbox 2028 4712 2106 4764; x_wconf 86' lang='lat' dir='ltr'><strong>in-</strong></span> 
     </span>
    </p>
   </div>
   <div class='ocr_carea' id='block_1_81' title="bbox 546 4805 2112 4877">
    <p class='ocr_par' dir='ltr' id='par_1_81' title="bbox 546 4805 2112 4877">
     <span class='ocr_line' id='line_1_81' title="bbox 546 4805 2112 4877; baseline -0.002 -19"><span class='ocrx_word' id='word_1_579' title='bbox 546 4806 695 4873; x_wconf 88' lang='lat' dir='ltr'><strong>quit,</strong></span> <span class='ocrx_word' id='word_1_580' title='bbox 736 4807 917 4861; x_wconf 86' lang='lat' dir='ltr'><strong>reuuis</strong></span> <span class='ocrx_word' id='word_1_581' title='bbox 951 4806 1063 4862; x_wconf 91' lang='lat' dir='ltr'><strong>Deo</strong></span> <span class='ocrx_word' id='word_1_582' title='bbox 1101 4808 1342 4873; x_wconf 87' lang='lat' dir='ltr'><strong>credere,</strong></span> <span class='ocrx_word' id='word_1_583' title='bbox 1374 4808 1695 4877; x_wconf 82' lang='lat' dir='ltr'><strong>signumque</strong></span> <span class='ocrx_word' id='word_1_584' title='bbox 1726 4805 1793 4860; x_wconf 92' lang='lat' dir='ltr'><strong>ab</strong></span> <span class='ocrx_word' id='word_1_585' title='bbox 1836 4819 1902 4859; x_wconf 90' lang='lat' dir='ltr'><strong>eo</strong></span> <span class='ocrx_word' id='word_1_586' title='bbox 1930 4809 2112 4872; x_wconf 85' lang='lat' dir='ltr'><strong>postu-</strong></span> 
     </span>
    </p>
   </div>
   <div class='ocr_carea' id='block_1_82' title="bbox 546 4898 2110 4971">
    <p class='ocr_par' dir='ltr' id='par_1_82' title="bbox 546 4898 2110 4971">
     <span class='ocr_line' id='line_1_82' title="bbox 546 4898 2110 4971; baseline -0.001 -19"><span class='ocrx_word' id='word_1_587' title='bbox 546 4899 683 4963; x_wconf 88' lang='lat' dir='ltr'><strong>lare,</strong></span> <span class='ocrx_word' id='word_1_588' title='bbox 719 4899 785 4953; x_wconf 88' lang='lat' dir='ltr'><strong>ad</strong></span> <span class='ocrx_word' id='word_1_589' title='bbox 807 4899 1268 4956; x_wconf 91' lang='lat' dir='ltr'><strong>conﬁrmationem</strong></span> <span class='ocrx_word' id='word_1_590' title='bbox 1296 4916 1486 4957; x_wconf 89' lang='lat' dir='ltr'><strong>eorum</strong></span> <span class='ocrx_word' id='word_1_591' title='bbox 1527 4915 1645 4971; x_wconf 67' lang='lat' dir='ltr'><strong>quae</strong></span> <span class='ocrx_word' id='word_1_592' title='bbox 1671 4898 1937 4970; x_wconf 88' lang='lat' dir='ltr'><strong>promissa</strong></span> <span class='ocrx_word' id='word_1_593' title='bbox 1963 4904 2110 4961; x_wconf 91' lang='lat' dir='ltr'><strong>sunt,</strong></span> 
     </span>
    </p>
   </div>
   <div class='ocr_carea' id='block_1_83' title="bbox 548 4987 2110 5061">
    <p class='ocr_par' dir='ltr' id='par_1_83' title="bbox 548 4987 2110 5061">
     <span class='ocr_line' id='line_1_83' title="bbox 548 4987 2110 5061; baseline 0.001 -22"><span class='ocrx_word' id='word_1_594' title='bbox 548 4996 833 5056; x_wconf 78' lang='lat' dir='ltr'><strong>propterea</strong></span> <span class='ocrx_word' id='word_1_595' title='bbox 866 4990 1007 5058; x_wconf 91' lang='lat' dir='ltr'><strong>quod</strong></span> <span class='ocrx_word' id='word_1_596' title='bbox 1036 4990 1207 5061; x_wconf 87' lang='lat' dir='ltr'><strong>magis</strong></span> <span class='ocrx_word' id='word_1_597' title='bbox 1238 4990 1392 5045; x_wconf 90' lang='lat' dir='ltr'><strong>idolis</strong></span> <span class='ocrx_word' id='word_1_598' title='bbox 1436 4987 1608 5045; x_wconf 85' lang='lat' dir='ltr'><strong>aﬁicta</strong></span> <span class='ocrx_word' id='word_1_599' title='bbox 1647 4999 1703 5045; x_wconf 90' lang='lat' dir='ltr'><strong>et</strong></span> <span class='ocrx_word' id='word_1_600' title='bbox 1742 4988 1954 5044; x_wconf 87' lang='lat' dir='ltr'><strong>addicta</strong></span> <span class='ocrx_word' id='word_1_601' title='bbox 1996 4987 2110 5041; x_wconf 90' lang='lat' dir='ltr'><strong>sis:</strong></span> 
     </span>
    </p>
   </div>
   <div class='ocr_carea' id='block_1_84' title="bbox 550 5077 2117 5147">
    <p class='ocr_par' dir='ltr' id='par_1_84' title="bbox 550 5077 2117 5147">
     <span class='ocr_line' id='line_1_84' title="bbox 550 5077 2117 5147; baseline 0.003 -20"><span class='ocrx_word' id='word_1_602' title='bbox 550 5077 768 5134; x_wconf 85' lang='lat' dir='ltr'><strong>vocabis</strong></span> <span class='ocrx_word' id='word_1_603' title='bbox 792 5093 985 5135; x_wconf 87' lang='lat' dir='ltr'><strong>nomen</strong></span> <span class='ocrx_word' id='word_1_604' title='bbox 1010 5079 1127 5147; x_wconf 85' lang='lat' dir='ltr'><strong>ejus</strong></span> <span class='ocrx_word' id='word_1_605' title='bbox 1152 5079 1489 5146; x_wconf 87' lang='lat' dir='ltr'><strong>Emmanuel,</strong></span> <span class='ocrx_word' id='word_1_606' title='bbox 1515 5081 1618 5135; x_wconf 90' lang='lat' dir='ltr'><strong>hoc</strong></span> <span class='ocrx_word' id='word_1_607' title='bbox 1643 5089 1745 5145; x_wconf 89' lang='lat' dir='ltr'><strong>est,</strong></span> <span class='ocrx_word' id='word_1_608' title='bbox 1771 5078 2117 5134; x_wconf 90' lang='lat' dir='ltr'><strong>conﬁteberis</strong></span> 
     </span>
    </p>
   </div>
   <div class='ocr_carea' id='block_1_85' title="bbox 553 5167 2112 5244">
    <p class='ocr_par' dir='ltr' id='par_1_85' title="bbox 553 5167 2112 5244">
     <span class='ocr_line' id='line_1_85' title="bbox 553 5167 2112 5244; baseline 0.001 -22"><span class='ocrx_word' id='word_1_609' title='bbox 553 5167 722 5223; x_wconf 91' lang='lat' dir='ltr'><strong>Deum</strong></span> <span class='ocrx_word' id='word_1_610' title='bbox 772 5172 825 5226; x_wconf 90' lang='lat' dir='ltr'><strong>in</strong></span> <span class='ocrx_word' id='word_1_611' title='bbox 884 5172 1117 5227; x_wconf 84' lang='lat' dir='ltr'><strong>humana</strong></span> <span class='ocrx_word' id='word_1_612' title='bbox 1168 5172 1339 5229; x_wconf 79' lang='lat' dir='ltr'><strong>forma</strong></span> <span class='ocrx_word' id='word_1_613' title='bbox 1396 5173 1730 5244; x_wconf 88' lang='lat' dir='ltr'><strong>apparuisse.</strong></span> <span class='ocrx_word' id='word_1_614' title='bbox 1780 5174 1913 5226; x_wconf 85' lang='lat' dir='ltr'><strong>Cum</strong></span> <span class='ocrx_word' id='word_1_615' title='bbox 1968 5171 2112 5225; x_wconf 89' lang='lat' dir='ltr'><strong>enim</strong></span> 
     </span>
    </p>
   </div>
   <div class='ocr_carea' id='block_1_86' title="bbox 554 5258 2113 5333">
    <p class='ocr_par' dir='ltr' id='par_1_86' title="bbox 554 5258 2113 5333">
     <span class='ocr_line' id='line_1_86' title="bbox 554 5258 2113 5333; baseline 0.006 -25"><span class='ocrx_word' id='word_1_616' title='bbox 554 5258 802 5326; x_wconf 85' lang='lat' dir='ltr'><strong>apparuit</strong></span> <span class='ocrx_word' id='word_1_617' title='bbox 828 5269 1120 5317; x_wconf 87' lang='lat' dir='ltr'><strong>secundum</strong></span> <span class='ocrx_word' id='word_1_618' title='bbox 1154 5277 1252 5316; x_wconf 81' lang='lat' dir='ltr'><strong>nos</strong></span> <span class='ocrx_word' id='word_1_619' title='bbox 1281 5263 1587 5333; x_wconf 87' lang='lat' dir='ltr'><strong>unigenitus</strong></span> <span class='ocrx_word' id='word_1_620' title='bbox 1619 5264 1709 5319; x_wconf 89' lang='lat' dir='ltr'><strong>Dei</strong></span> <span class='ocrx_word' id='word_1_621' title='bbox 1739 5260 1953 5328; x_wconf 91' lang='lat' dir='ltr'><strong>Sermo,</strong></span> <span class='ocrx_word' id='word_1_622' title='bbox 1985 5272 2113 5318; x_wconf 87' lang='lat' dir='ltr'><strong>tunc</strong></span> 
     </span>
    </p>
   </div>
   <div class='ocr_carea' id='block_1_87' title="bbox 555 5348 2115 5424">
    <p class='ocr_par' dir='ltr' id='par_1_87' title="bbox 555 5348 2115 5424">
     <span class='ocr_line' id='line_1_87' title="bbox 555 5348 2115 5424; baseline 0.005 -23"><span class='ocrx_word' id='word_1_623' title='bbox 555 5348 717 5401; x_wconf 87' lang='lat' dir='ltr'><strong>etiam</strong></span> <span class='ocrx_word' id='word_1_624' title='bbox 747 5350 1027 5405; x_wconf 89' lang='lat' dir='ltr'><strong>uobiscum</strong></span> <span class='ocrx_word' id='word_1_625' title='bbox 1055 5361 1227 5408; x_wconf 69' lang='lat' dir='ltr'><strong>tactus</strong></span> <span class='ocrx_word' id='word_1_626' title='bbox 1255 5363 1357 5408; x_wconf 91' lang='lat' dir='ltr'><strong>est.</strong></span> <span class='ocrx_word' id='word_1_627' title='bbox 1389 5354 1492 5419; x_wconf 84' lang='lat' dir='ltr'><strong>Qui</strong></span> <span class='ocrx_word' id='word_1_628' title='bbox 1520 5354 1664 5409; x_wconf 91' lang='lat' dir='ltr'><strong>enim</strong></span> <span class='ocrx_word' id='word_1_629' title='bbox 1700 5370 1861 5424; x_wconf 88' lang='lat' dir='ltr'><strong>supra</strong></span> <span class='ocrx_word' id='word_1_630' title='bbox 1898 5370 2115 5409; x_wconf 90' lang='lat' dir='ltr'><strong>omnem</strong></span> 
     </span>
    </p>
   </div>
   <div class='ocr_carea' id='block_1_88' title="bbox 556 5441 2115 5510">
    <p class='ocr_par' dir='ltr' id='par_1_88' title="bbox 556 5441 2115 5510">
     <span class='ocr_line' id='line_1_88' title="bbox 556 5441 2115 5510; baseline 0.007 -19"><span class='ocrx_word' id='word_1_631' title='bbox 556 5447 860 5493; x_wconf 87' lang='lat' dir='ltr'><strong>creaturam</strong></span> <span class='ocrx_word' id='word_1_632' title='bbox 916 5441 1036 5510; x_wconf 86' lang='lat' dir='ltr'><strong>t‘uit,</strong></span> <span class='ocrx_word' id='word_1_633' title='bbox 1080 5442 1257 5501; x_wconf 78' lang='lat' dir='ltr'><strong>factus</strong></span> <span class='ocrx_word' id='word_1_634' title='bbox 1300 5455 1385 5501; x_wconf 87' lang='lat' dir='ltr'><strong>est</strong></span> <span class='ocrx_word' id='word_1_635' title='bbox 1426 5446 1581 5503; x_wconf 89' lang='lat' dir='ltr'><strong>nobis</strong></span> <span class='ocrx_word' id='word_1_636' title='bbox 1620 5447 1833 5504; x_wconf 83' lang='lat' dir='ltr'><strong>similis.</strong></span> <span class='ocrx_word' id='word_1_637' title='bbox 1877 5446 2115 5505; x_wconf 86' lang='lat' dir='ltr'><strong>Observa</strong></span> 
     </span>
    </p>
   </div>
   <div class='ocr_carea' id='block_1_89' title="bbox 633 5577 1024 5645">
    <p class='ocr_par' dir='ltr' id='par_1_89' title="bbox 633 5577 1024 5645">
     <span class='ocr_line' id='line_1_89' title="bbox 633 5577 1024 5645; baseline 0.01 -13"><span class='ocrx_word' id='word_1_638' title='bbox 633 5577 678 5609; x_wconf 82' lang='grc'><strong>³⁸</strong></span> <span class='ocrx_word' id='word_1_639' title='bbox 715 5577 829 5634; x_wconf 86' lang='lat' dir='ltr'><strong>Luc</strong></span> <span class='ocrx_word' id='word_1_640' title='bbox 858 5595 894 5645; x_wconf 88' lang='grc' dir='ltr'><strong>ι,</strong></span> <span class='ocrx_word' id='word_1_641' title='bbox 935 5582 1024 5636; x_wconf 80' lang='grc'><strong>55.</strong></span> 
     </span>
    </p>
   </div>
   <div class='ocr_carea' id='block_1_90' title="bbox 2200 3254 3760 3335">
    <p class='ocr_par' dir='ltr' id='par_1_90' title="bbox 2200 3254 3760 3335">
     <span class='ocr_line' id='line_1_90' title="bbox 2200 3254 3760 3335; baseline -0.006 -18"><span class='ocrx_word' id='word_1_642' title='bbox 2200 3265 2484 3335; x_wconf 85' lang='grc' dir='ltr'>βέλτιστοι,</span> <span class='ocrx_word' id='word_1_643' title='bbox 2525 3263 2658 3333; x_wconf 84' lang='grc' dir='ltr'>φαίη</span> <span class='ocrx_word' id='word_1_644' title='bbox 2696 3279 2781 3325; x_wconf 89' lang='grc' dir='ltr'><strong>τις</strong></span> <span class='ocrx_word' id='word_1_645' title='bbox 2821 3261 2887 3315; x_wconf 84' lang='grc' dir='ltr'><strong>ἂν</strong></span> <span class='ocrx_word' id='word_1_646' title='bbox 2924 3261 3061 3333; x_wconf 84' lang='grc' dir='ltr'>πρὸς</span> <span class='ocrx_word' id='word_1_647' title='bbox 3100 3260 3316 3324; x_wconf 81' lang='grc' dir='ltr'>αὐτοὺς,</span> <span class='ocrx_word' id='word_1_648' title='bbox 3353 3258 3435 3320; x_wconf 89' lang='grc' dir='ltr'><strong>τίς</strong></span> <span class='ocrx_word' id='word_1_649' title='bbox 3471 3255 3560 3309; x_wconf 86' lang='grc' dir='ltr'><strong>τὸν</strong></span> <span class='ocrx_word' id='word_1_650' title='bbox 3610 3254 3760 3318; x_wconf 79' lang='grc' dir='ltr'>Ἐζε-</span> 
     </span>
    </p>
   </div>
   <div class='ocr_carea' id='block_1_91' title="bbox 2197 3346 3762 3427">
    <p class='ocr_par' dir='ltr' id='par_1_91' title="bbox 2197 3346 3762 3427">
     <span class='ocr_line' id='line_1_91' title="bbox 2197 3346 3762 3427; baseline -0.008 -18"><span class='ocrx_word' id='word_1_651' title='bbox 2197 3358 2319 3427; x_wconf 86' lang='grc' dir='ltr'>χίαν</span> <span class='ocrx_word' id='word_1_652' title='bbox 2346 3355 2601 3410; x_wconf 72' lang='grc' dir='ltr'>ἐκάλεσεν</span> <span class='ocrx_word' id='word_1_653' title='bbox 2644 3354 3027 3426; x_wconf 88' lang='grc' dir='ltr'>Ἐμμανουήλ;</span> <span class='ocrx_word' id='word_1_654' title='bbox 3063 3352 3134 3404; x_wconf 89' lang='grc' dir='ltr'><strong><em>Ἦ</em></strong></span> <span class='ocrx_word' id='word_1_655' title='bbox 3155 3350 3317 3404; x_wconf 88' lang='grc' dir='ltr'>πόθεν</span> <span class='ocrx_word' id='word_1_656' title='bbox 3342 3348 3407 3402; x_wconf 86' lang='grc' dir='ltr'><strong>ἂν</strong></span> <span class='ocrx_word' id='word_1_657' title='bbox 3442 3346 3762 3412; x_wconf 83' lang='grc' dir='ltr'>ἐπιδείξειαν</span> 
     </span>
    </p>
   </div>
   <div class='ocr_carea' id='block_1_92' title="bbox 2198 3438 3762 3519">
    <p class='ocr_par' dir='ltr' id='par_1_92' title="bbox 2198 3438 3762 3519">
     <span class='ocr_line' id='line_1_92' title="bbox 2198 3438 3762 3519; baseline -0.008 -17"><span class='ocrx_word' id='word_1_658' title='bbox 2198 3449 2280 3502; x_wconf 85' lang='grc' dir='ltr'><strong>ὅτι</strong></span> <span class='ocrx_word' id='word_1_659' title='bbox 2313 3448 2442 3519; x_wconf 72' lang='grc' dir='ltr'>πρὶν</span> <span class='ocrx_word' id='word_1_660' title='bbox 2469 3448 2503 3519; x_wconf 77' lang='grc' dir='ltr'>ἢ</span> <span class='ocrx_word' id='word_1_661' title='bbox 2535 3447 2737 3516; x_wconf 84' lang='grc' dir='ltr'>γνῶναι</span> <span class='ocrx_word' id='word_1_662' title='bbox 2787 3446 2948 3499; x_wconf 83' lang='grc' dir='ltr'>αὐτὸν</span> <span class='ocrx_word' id='word_1_663' title='bbox 2980 3444 3182 3514; x_wconf 80' lang='grc' dir='ltr'>ἀγαθὸν</span> <span class='ocrx_word' id='word_1_664' title='bbox 3213 3443 3246 3497; x_wconf 76' lang='grc' dir='ltr'><strong>ἦ</strong></span> <span class='ocrx_word' id='word_1_665' title='bbox 3287 3442 3451 3496; x_wconf 82' lang='grc' dir='ltr'>κακὸν</span> <span class='ocrx_word' id='word_1_666' title='bbox 3499 3438 3762 3510; x_wconf 74' lang='grc' dir='ltr'>ἠπείθησε</span> 
     </span>
    </p>
   </div>
   <div class='ocr_carea' id='block_1_93' title="bbox 2201 3530 3765 3611">
    <p class='ocr_par' dir='ltr' id='par_1_93' title="bbox 2201 3530 3765 3611">
     <span class='ocr_line' id='line_1_93' title="bbox 2201 3530 3765 3611; baseline -0.005 -18"><span class='ocrx_word' id='word_1_667' title='bbox 2201 3540 2432 3611; x_wconf 81' lang='grc' dir='ltr'>πονηρίᾳ</span> <span class='ocrx_word' id='word_1_668' title='bbox 2451 3539 2542 3593; x_wconf 87' lang='grc' dir='ltr'><strong>τοῦ</strong></span> <span class='ocrx_word' id='word_1_669' title='bbox 2570 3538 2889 3605; x_wconf 82' lang='grc' dir='ltr'>ἐκλέξασθαι</span> <span class='ocrx_word' id='word_1_670' title='bbox 2911 3537 2971 3591; x_wconf 80' lang='grc' dir='ltr'>τὺ</span> <span class='ocrx_word' id='word_1_671' title='bbox 2999 3537 3233 3606; x_wconf 83' lang='grc' dir='ltr'>ἀγαθόν;</span> <span class='ocrx_word' id='word_1_672' title='bbox 3258 3534 3463 3588; x_wconf 84' lang='grc' dir='ltr'>Οὐκοῦν</span> <span class='ocrx_word' id='word_1_673' title='bbox 3496 3530 3765 3604; x_wconf 79' lang='grc' dir='ltr'>ἐρρῶσθαι</span> 
     </span>
    </p>
   </div>
   <div class='ocr_carea' id='block_1_94' title="bbox 2202 3624 3764 3705">
    <p class='ocr_par' dir='ltr' id='par_1_94' title="bbox 2202 3624 3764 3705">
     <span class='ocr_line' id='line_1_94' title="bbox 2202 3624 3764 3705; baseline -0.008 -17"><span class='ocrx_word' id='word_1_674' title='bbox 2202 3634 2509 3705; x_wconf 86' lang='grc' dir='ltr'>φράσαντες</span> <span class='ocrx_word' id='word_1_675' title='bbox 2550 3634 2672 3695; x_wconf 86' lang='grc' dir='ltr'>ταῖς</span> <span class='ocrx_word' id='word_1_676' title='bbox 2732 3631 2954 3685; x_wconf 76' lang='grc' dir='ltr'>ἐκείνων</span> <span class='ocrx_word' id='word_1_677' title='bbox 3004 3629 3329 3704; x_wconf 87' lang='grc' dir='ltr'>τερθρείαις,</span> <span class='ocrx_word' id='word_1_678' title='bbox 3372 3627 3432 3680; x_wconf 85' lang='grc' dir='ltr'><strong>τὸ</strong></span> <span class='ocrx_word' id='word_1_679' title='bbox 3483 3624 3656 3695; x_wconf 84' lang='grc' dir='ltr'>ὀρθῶς</span> <span class='ocrx_word' id='word_1_680' title='bbox 3702 3641 3764 3677; x_wconf 88' lang='grc' dir='ltr'><strong>τε</strong></span> 
     </span>
    </p>
   </div>
   <div class='ocr_carea' id='block_1_95' title="bbox 2202 3717 3767 3794">
    <p class='ocr_par' dir='ltr' id='par_1_95' title="bbox 2202 3717 3767 3794">
     <span class='ocr_line' id='line_1_95' title="bbox 2202 3717 3767 3794; baseline -0.006 -17"><span class='ocrx_word' id='word_1_681' title='bbox 2202 3725 2298 3777; x_wconf 75' lang='grc' dir='ltr'><strong>καὶ</strong></span> <span class='ocrx_word' id='word_1_682' title='bbox 2333 3723 2547 3792; x_wconf 83' lang='grc' dir='ltr'>ἀληθῶς</span> <span class='ocrx_word' id='word_1_683' title='bbox 2569 3724 2691 3794; x_wconf 79' lang='grc' dir='ltr'>ἕχον</span> <span class='ocrx_word' id='word_1_684' title='bbox 2718 3722 3151 3794; x_wconf 83' lang='grc' dir='ltr'>παραδεξόμεθα,</span> <span class='ocrx_word' id='word_1_685' title='bbox 3181 3720 3278 3792; x_wconf 86' lang='grc' dir='ltr'><strong>τὴν</strong></span> <span class='ocrx_word' id='word_1_686' title='bbox 3309 3719 3466 3788; x_wconf 87' lang='grc' dir='ltr'>ἁγίαν</span> <span class='ocrx_word' id='word_1_687' title='bbox 3496 3717 3767 3789; x_wconf 84' lang='grc' dir='ltr'>Παρθένον</span> 
     </span>
    </p>
   </div>
   <div class='ocr_carea' id='block_1_96' title="bbox 2204 3807 3768 3885">
    <p class='ocr_par' dir='ltr' id='par_1_96' title="bbox 2204 3807 3768 3885">
     <span class='ocr_line' id='line_1_96' title="bbox 2204 3807 3768 3885; baseline -0.007 -15"><span class='ocrx_word' id='word_1_688' title='bbox 2204 3816 2291 3871; x_wconf 86' lang='grc' dir='ltr'><strong>διὰ</strong></span> <span class='ocrx_word' id='word_1_689' title='bbox 2320 3816 2418 3879; x_wconf 81' lang='grc' dir='ltr'>τῆς</span> <span class='ocrx_word' id='word_1_690' title='bbox 2449 3813 2822 3885; x_wconf 82' lang='grc' dir='ltr'>προκειμένης</span> <span class='ocrx_word' id='word_1_691' title='bbox 2849 3816 2982 3884; x_wconf 82' lang='grc' dir='ltr'>ἡμῖν</span> <span class='ocrx_word' id='word_1_692' title='bbox 3008 3811 3339 3882; x_wconf 87' lang='grc' dir='ltr'>προφητείας</span> <span class='ocrx_word' id='word_1_693' title='bbox 3370 3807 3768 3878; x_wconf 85' lang='grc' dir='ltr'>κατασημαίνε-</span> 
     </span>
    </p>
   </div>
   <div class='ocr_carea' id='block_1_97' title="bbox 2207 3899 3771 3976">
    <p class='ocr_par' dir='ltr' id='par_1_97' title="bbox 2207 3899 3771 3976">
     <span class='ocr_line' id='line_1_97' title="bbox 2207 3899 3771 3976; baseline -0.006 -16"><span class='ocrx_word' id='word_1_694' title='bbox 2207 3908 2330 3961; x_wconf 90' lang='grc' dir='ltr'>σθαι</span> <span class='ocrx_word' id='word_1_695' title='bbox 2371 3905 2523 3976; x_wconf 86' lang='grc' dir='ltr'>παρὰ</span> <span class='ocrx_word' id='word_1_696' title='bbox 2562 3906 2696 3959; x_wconf 87' lang='grc' dir='ltr'>Θεοῦ</span> <span class='ocrx_word' id='word_1_697' title='bbox 2737 3904 3101 3967; x_wconf 84' lang='grc' dir='ltr'>πιστεύοντες.</span> <span class='ocrx_word' id='word_1_698' title='bbox 3137 3902 3291 3957; x_wconf 70' lang='grc' dir='ltr'>Οὕτω</span> <span class='ocrx_word' id='word_1_699' title='bbox 3320 3900 3427 3970; x_wconf 86' lang='grc' dir='ltr'>γὰρ</span> <span class='ocrx_word' id='word_1_700' title='bbox 3476 3899 3626 3952; x_wconf 77' lang='grc' dir='ltr'>ἔσται</span> <span class='ocrx_word' id='word_1_701' title='bbox 3668 3915 3771 3951; x_wconf 89' lang='grc' dir='ltr'>πα-</span> 
     </span>
    </p>
   </div>
   <div class='ocr_carea' id='block_1_98' title="bbox 2210 3989 3878 4068">
    <p class='ocr_par' dir='ltr' id='par_1_98' title="bbox 2210 3989 3878 4068">
     <span class='ocr_line' id='line_1_98' title="bbox 2210 3989 3878 4068; baseline -0.005 -18"><span class='ocrx_word' id='word_1_702' title='bbox 2210 3995 2426 4068; x_wconf 81' lang='grc' dir='ltr'>ράδοξον</span> <span class='ocrx_word' id='word_1_703' title='bbox 2457 3994 2671 4065; x_wconf 84' lang='grc' dir='ltr'>ἀληθῶς</span> <span class='ocrx_word' id='word_1_704' title='bbox 2688 3996 2782 4047; x_wconf 71' lang='grc' dir='ltr'>καὶ</span> <span class='ocrx_word' id='word_1_705' title='bbox 2811 3992 3180 4065; x_wconf 85' lang='grc' dir='ltr'>ὑπερμέγεθες</span> <span class='ocrx_word' id='word_1_706' title='bbox 3209 3992 3268 4044; x_wconf 86' lang='grc' dir='ltr'><strong>τὸ</strong></span> <span class='ocrx_word' id='word_1_707' title='bbox 3300 3993 3548 4061; x_wconf 86' lang='grc' dir='ltr'>σημεῖον,</span> <span class='ocrx_word' id='word_1_708' title='bbox 3569 3992 3648 4053; x_wconf 85' lang='grc' dir='ltr'><strong>εἰς</strong></span> <span class='ocrx_word' id='word_1_709' title='bbox 3676 3989 3769 4059; x_wconf 76' lang='grc' dir='ltr'><strong>βά·</strong></span> <span class='ocrx_word' id='word_1_710' title='bbox 3868 3998 3878 4007; x_wconf 91' lang='lat'><strong><em>‘</em></strong></span> 
     </span>
    </p>
   </div>
   <div class='ocr_carea' id='block_1_99' title="bbox 2207 4080 3770 4155">
    <p class='ocr_par' dir='ltr' id='par_1_99' title="bbox 2207 4080 3770 4155">
     <span class='ocr_line' id='line_1_99' title="bbox 2207 4080 3770 4155; baseline -0.006 -15"><span class='ocrx_word' id='word_1_711' title='bbox 2207 4087 2298 4151; x_wconf 91' lang='grc' dir='ltr'><strong>θος</strong></span> <span class='ocrx_word' id='word_1_712' title='bbox 2326 4103 2385 4139; x_wconf 90' lang='grc' dir='ltr'><strong>τε</strong></span> <span class='ocrx_word' id='word_1_713' title='bbox 2419 4084 2557 4155; x_wconf 85' lang='grc' dir='ltr'>όμοῦ</span> <span class='ocrx_word' id='word_1_714' title='bbox 2594 4085 2690 4139; x_wconf 73' lang='grc' dir='ltr'>καὶ</span> <span class='ocrx_word' id='word_1_715' title='bbox 2723 4084 2855 4153; x_wconf 76' lang='grc' dir='ltr'>ὕψος</span> <span class='ocrx_word' id='word_1_716' title='bbox 2886 4085 3026 4137; x_wconf 81' lang='grc' dir='ltr'>κατά</span> <span class='ocrx_word' id='word_1_717' title='bbox 3054 4100 3116 4151; x_wconf 88' lang='grc' dir='ltr'><strong>γε</strong></span> <span class='ocrx_word' id='word_1_718' title='bbox 3159 4082 3255 4153; x_wconf 83' lang='grc' dir='ltr'>τὴν</span> <span class='ocrx_word' id='word_1_719' title='bbox 3297 4080 3448 4134; x_wconf 84' lang='grc' dir='ltr'>θείαν</span> <span class='ocrx_word' id='word_1_720' title='bbox 3484 4080 3770 4149; x_wconf 80' lang='grc' dir='ltr'>ὑπόσχεσιν</span> 
     </span>
    </p>
   </div>
   <div class='ocr_carea' id='block_1_100' title="bbox 2207 4172 3771 4249">
    <p class='ocr_par' dir='ltr' id='par_1_100' title="bbox 2207 4172 3771 4249">
     <span class='ocr_line' id='line_1_100' title="bbox 2207 4172 3771 4249; baseline -0.005 -17"><span class='ocrx_word' id='word_1_721' title='bbox 2207 4178 2449 4249; x_wconf 85' lang='grc' dir='ltr'>γεγονός.</span> <span class='ocrx_word' id='word_1_722' title='bbox 2491 4178 2550 4232; x_wconf 90' lang='lat'><strong>&#39;0</strong></span> <span class='ocrx_word' id='word_1_723' title='bbox 2578 4176 2684 4248; x_wconf 86' lang='grc' dir='ltr'>γὰρ</span> <span class='ocrx_word' id='word_1_724' title='bbox 2717 4176 2917 4232; x_wconf 76' lang='grc' dir='ltr'>ἄνωθεν</span> <span class='ocrx_word' id='word_1_725' title='bbox 2950 4177 3041 4229; x_wconf 75' lang='grc' dir='ltr'><strong>καὶ</strong></span> <span class='ocrx_word' id='word_1_726' title='bbox 3089 4176 3153 4229; x_wconf 85' lang='grc' dir='ltr'><strong>ἐκ</strong></span> <span class='ocrx_word' id='word_1_727' title='bbox 3183 4173 3315 4228; x_wconf 83' lang='grc' dir='ltr'>Θεοῦ</span> <span class='ocrx_word' id='word_1_728' title='bbox 3365 4172 3576 4244; x_wconf 78' lang='grc' dir='ltr'>[ἰατρὸς</span> <span class='ocrx_word' id='word_1_729' title='bbox 3630 4173 3771 4226; x_wconf 71' lang='grc' dir='ltr'>κατὰ</span> 
     </span>
    </p>
   </div>
   <div class='ocr_carea' id='block_1_101' title="bbox 2210 4265 3772 4341">
    <p class='ocr_par' dir='ltr' id='par_1_101' title="bbox 2210 4265 3772 4341">
     <span class='ocr_line' id='line_1_101' title="bbox 2210 4265 3772 4341; baseline -0.004 -17"><span class='ocrx_word' id='word_1_730' title='bbox 2210 4270 2371 4340; x_wconf 83' lang='grc' dir='ltr'>φύσιν</span> <span class='ocrx_word' id='word_1_731' title='bbox 2408 4269 2772 4341; x_wconf 87' lang='grc' dir='ltr'>γεγενημένος</span> <span class='ocrx_word' id='word_1_732' title='bbox 2805 4268 2930 4331; x_wconf 76' lang='grc' dir='ltr'>Υἱὸς</span> <span class='ocrx_word' id='word_1_733' title='bbox 2965 4267 3276 4339; x_wconf 82' lang='grc' dir='ltr'>μονογενὴς,</span> <span class='ocrx_word' id='word_1_734' title='bbox 3310 4265 3614 4319; x_wconf 86' lang='grc' dir='ltr'>κεκένωκεν</span> <span class='ocrx_word' id='word_1_735' title='bbox 3647 4267 3772 4318; x_wconf 83' lang='grc' dir='ltr'>ἐαυ-</span> 
     </span>
    </p>
   </div>
   <div class='ocr_carea' id='block_1_102' title="bbox 2207 4355 3770 4431">
    <p class='ocr_par' dir='ltr' id='par_1_102' title="bbox 2207 4355 3770 4431">
     <span class='ocr_line' id='line_1_102' title="bbox 2207 4355 3770 4431; baseline -0.006 -14"><span class='ocrx_word' id='word_1_736' title='bbox 2207 4363 2319 4429; x_wconf 87' lang='grc' dir='ltr'>τδν,</span> <span class='ocrx_word' id='word_1_737' title='bbox 2350 4362 2445 4417; x_wconf 61' lang='grc' dir='ltr'><strong>καὶ¹</strong></span> <span class='ocrx_word' id='word_1_738' title='bbox 2488 4362 2729 4431; x_wconf 88' lang='grc' dir='ltr'>λαγόνων</span> <span class='ocrx_word' id='word_1_739' title='bbox 2767 4358 2978 4431; x_wconf 78' lang='grc' dir='ltr'>ἐξεδόθη</span> <span class='ocrx_word' id='word_1_740' title='bbox 3008 4358 3116 4413; x_wconf 88' lang='grc' dir='ltr'><strong>τῶν</strong></span> <span class='ocrx_word' id='word_1_741' title='bbox 3161 4357 3501 4429; x_wconf 84' lang='grc' dir='ltr'>παρθενικῶν</span> <span class='ocrx_word' id='word_1_742' title='bbox 3538 4356 3597 4410; x_wconf 81' lang='grc' dir='ltr'>τὸ</span> <span class='ocrx_word' id='word_1_743' title='bbox 3632 4355 3770 4410; x_wconf 58' lang='grc' dir='ltr'>κατὰ</span> 
     </span>
    </p>
   </div>
   <div class='ocr_carea' id='block_1_103' title="bbox 2137 4447 3771 4540">
    <p class='ocr_par' dir='ltr' id='par_1_103' title="bbox 2137 4447 3771 4540">
     <span class='ocr_line' id='line_1_103' title="bbox 2137 4447 3771 4540; baseline -0.005 -33"><span class='ocrx_word' id='word_1_744' title='bbox 2137 4479 2186 4540; x_wconf 77' lang='lat' dir='ltr'><strong>D</strong></span> <span class='ocrx_word' id='word_1_745' title='bbox 2213 4453 2411 4523; x_wconf 87' lang='grc' dir='ltr'>σάρκα,</span> <span class='ocrx_word' id='word_1_746' title='bbox 2439 4452 2538 4506; x_wconf 78' lang='grc' dir='ltr'><strong>οὐκ</strong></span> <span class='ocrx_word' id='word_1_747' title='bbox 2567 4452 2624 4518; x_wconf 82' lang='grc' dir='ltr'>ἐξ</span> <span class='ocrx_word' id='word_1_748' title='bbox 2659 4450 3005 4522; x_wconf 88' lang='grc' dir='ltr'>ἀνθρωπίνης</span> <span class='ocrx_word' id='word_1_749' title='bbox 3045 4449 3351 4521; x_wconf 74' lang='grc' dir='ltr'>καταϐολῆς</span> <span class='ocrx_word' id='word_1_750' title='bbox 3381 4447 3644 4517; x_wconf 63' lang='grc' dir='ltr'>λαϐούσης</span> <span class='ocrx_word' id='word_1_751' title='bbox 3676 4447 3771 4517; x_wconf 78' lang='grc' dir='ltr'>τὴν</span> 
     </span>
    </p>
   </div>
   <div class='ocr_carea' id='block_1_104' title="bbox 2212 4539 3771 4615">
    <p class='ocr_par' dir='ltr' id='par_1_104' title="bbox 2212 4539 3771 4615">
     <span class='ocr_line' id='line_1_104' title="bbox 2212 4539 3771 4615; baseline -0.006 -17"><span class='ocrx_word' id='word_1_752' title='bbox 2212 4544 2444 4615; x_wconf 87' lang='grc' dir='ltr'>γένεσιν,</span> <span class='ocrx_word' id='word_1_753' title='bbox 2472 4544 2585 4599; x_wconf 84' lang='grc' dir='ltr'>ἀλλ’</span> <span class='ocrx_word' id='word_1_754' title='bbox 2608 4546 2671 4598; x_wconf 85' lang='grc' dir='ltr'><strong>ἐκ</strong></span> <span class='ocrx_word' id='word_1_755' title='bbox 2696 4543 2979 4615; x_wconf 83' lang='grc' dir='ltr'>δυνάμεώς</span> <span class='ocrx_word' id='word_1_756' title='bbox 3004 4561 3063 4597; x_wconf 88' lang='grc' dir='ltr'><strong>τε</strong></span> <span class='ocrx_word' id='word_1_757' title='bbox 3092 4543 3186 4596; x_wconf 74' lang='grc' dir='ltr'>καὶ</span> <span class='ocrx_word' id='word_1_758' title='bbox 3206 4541 3481 4612; x_wconf 76' lang='grc' dir='ltr'>ἐνεργείας</span> <span class='ocrx_word' id='word_1_759' title='bbox 3509 4539 3599 4592; x_wconf 91' lang='grc' dir='ltr'><strong>τοῦ</strong></span> <span class='ocrx_word' id='word_1_760' title='bbox 3620 4539 3771 4607; x_wconf 88' lang='grc' dir='ltr'>ἁγίου</span> 
     </span>
    </p>
   </div>
   <div class='ocr_carea' id='block_1_105' title="bbox 2213 4631 3775 4708">
    <p class='ocr_par' dir='ltr' id='par_1_105' title="bbox 2213 4631 3775 4708">
     <span class='ocr_line' id='line_1_105' title="bbox 2213 4631 3775 4708; baseline -0.005 -18"><span class='ocrx_word' id='word_1_761' title='bbox 2213 4636 2546 4708; x_wconf 85' lang='grc' dir='ltr'>Πνεύματος.</span> <span class='ocrx_word' id='word_1_762' title='bbox 2578 4634 2733 4690; x_wconf 78' lang='grc' dir='ltr'>Οὕτω</span> <span class='ocrx_word' id='word_1_763' title='bbox 2761 4636 2869 4707; x_wconf 80' lang='grc' dir='ltr'>γὰρ</span> <span class='ocrx_word' id='word_1_764' title='bbox 2898 4634 3112 4707; x_wconf 80' lang='grc' dir='ltr'>εἴρηται</span> <span class='ocrx_word' id='word_1_765' title='bbox 3144 4633 3279 4705; x_wconf 83' lang='grc' dir='ltr'>πρὸς</span> <span class='ocrx_word' id='word_1_766' title='bbox 3305 4633 3404 4702; x_wconf 82' lang='grc' dir='ltr'>τὴν</span> <span class='ocrx_word' id='word_1_767' title='bbox 3439 4631 3595 4701; x_wconf 83' lang='grc' dir='ltr'>ἁγίαν</span> <span class='ocrx_word' id='word_1_768' title='bbox 3628 4632 3775 4702; x_wconf 80' lang='lat' dir='ltr'><strong>Hap—</strong></span> 
     </span>
    </p>
   </div>
   <div class='ocr_carea' id='block_1_106' title="bbox 2217 4725 3778 4801">
    <p class='ocr_par' dir='ltr' id='par_1_106' title="bbox 2217 4725 3778 4801">
     <span class='ocr_line' id='line_1_106' title="bbox 2217 4725 3778 4801; baseline -0.002 -21"><span class='ocrx_word' id='word_1_769' title='bbox 2217 4727 2366 4782; x_wconf 85' lang='grc' dir='ltr'>θένον</span> <span class='ocrx_word' id='word_1_770' title='bbox 2393 4729 2480 4783; x_wconf 86' lang='grc' dir='ltr'>διὰ</span> <span class='ocrx_word' id='word_1_771' title='bbox 2527 4730 2712 4800; x_wconf 83' lang='grc' dir='ltr'>φωνῆς</span> <span class='ocrx_word' id='word_1_772' title='bbox 2751 4728 2844 4782; x_wconf 90' lang='grc' dir='ltr'><strong>τοῦ</strong></span> <span class='ocrx_word' id='word_1_773' title='bbox 2883 4729 3151 4801; x_wconf 89' lang='grc' dir='ltr'>μακαρίου</span> <span class='ocrx_word' id='word_1_774' title='bbox 3192 4728 3458 4800; x_wconf 77' lang='grc' dir='ltr'>Γαϐριήλ·</span> <span class='ocrx_word' id='word_1_775' title='bbox 3504 4745 3522 4778; x_wconf 81' lang='grc' dir='ltr'><strong>ι</strong></span> <span class='ocrx_word' id='word_1_776' title='bbox 3558 4725 3778 4794; x_wconf 80' lang='grc' dir='ltr'>Πνεῦμα</span> 
     </span>
    </p>
   </div>
   <div class='ocr_carea' id='block_1_107' title="bbox 2218 4814 3778 4887">
    <p class='ocr_par' dir='ltr' id='par_1_107' title="bbox 2218 4814 3778 4887">
     <span class='ocr_line' id='line_1_107' title="bbox 2218 4814 3778 4887; baseline -0.004 -15"><span class='ocrx_word' id='word_1_777' title='bbox 2218 4818 2374 4886; x_wconf 74' lang='grc' dir='ltr'>ἅγιον</span> <span class='ocrx_word' id='word_1_778' title='bbox 2431 4819 2782 4872; x_wconf 85' lang='grc' dir='ltr'>ἐπελεύσεται</span> <span class='ocrx_word' id='word_1_779' title='bbox 2837 4820 2928 4871; x_wconf 77' lang='grc' dir='ltr'><strong>ἐπὶ</strong></span> <span class='ocrx_word' id='word_1_780' title='bbox 2980 4820 3061 4883; x_wconf 88' lang='grc' dir='ltr'><strong>σέ,</strong></span> <span class='ocrx_word' id='word_1_781' title='bbox 3120 4818 3215 4871; x_wconf 75' lang='grc' dir='ltr'><strong>καὶ</strong></span> <span class='ocrx_word' id='word_1_782' title='bbox 3262 4816 3490 4887; x_wconf 87' lang='grc' dir='ltr'>δύναμις</span> <span class='ocrx_word' id='word_1_783' title='bbox 3530 4814 3778 4884; x_wconf 76' lang='grc' dir='ltr'>Ὑψίστου</span> 
     </span>
    </p>
   </div>
   <div class='ocr_carea' id='block_1_108' title="bbox 2219 4901 3781 4975">
    <p class='ocr_par' dir='ltr' id='par_1_108' title="bbox 2219 4901 3781 4975">
     <span class='ocr_line' id='line_1_108' title="bbox 2219 4901 3781 4975; baseline -0.004 -16"><span class='ocrx_word' id='word_1_784' title='bbox 2219 4907 2528 4962; x_wconf 82' lang='grc' dir='ltr'>ἐπισκιάσει</span> <span class='ocrx_word' id='word_1_785' title='bbox 2573 4924 2653 4961; x_wconf 90' lang='grc' dir='ltr'><strong>σε.</strong></span> <span class='ocrx_word' id='word_1_786' title='bbox 2689 4926 2707 4957; x_wconf 73' lang='grc' dir='ltr'><strong>ι</strong></span> <span class='ocrx_word' id='word_1_787' title='bbox 2738 4906 2961 4973; x_wconf 82' lang='grc' dir='ltr'>Τέξεται</span> <span class='ocrx_word' id='word_1_788' title='bbox 3006 4906 3203 4970; x_wconf 83' lang='grc' dir='ltr'>τοίνυν,</span> <span class='ocrx_word' id='word_1_789' title='bbox 3247 4906 3430 4975; x_wconf 74' lang='grc' dir='ltr'>φησὶν,</span> <span class='ocrx_word' id='word_1_790' title='bbox 3488 4903 3622 4957; x_wconf 90' lang='grc' dir='ltr'>υίόν.</span> <span class='ocrx_word' id='word_1_791' title='bbox 3672 4901 3781 4955; x_wconf 75' lang='grc' dir='ltr'><strong>Καὶ</strong></span> 
     </span>
    </p>
   </div>
   <div class='ocr_carea' id='block_1_109' title="bbox 2221 4990 3782 5068">
    <p class='ocr_par' dir='ltr' id='par_1_109' title="bbox 2221 4990 3782 5068">
     <span class='ocr_line' id='line_1_109' title="bbox 2221 4990 3782 5068; baseline -0.007 -14"><span class='ocrx_word' id='word_1_792' title='bbox 2221 5001 2308 5064; x_wconf 79' lang='grc' dir='ltr'><strong>σὺ,</strong></span> <span class='ocrx_word' id='word_1_793' title='bbox 2344 4993 2389 5053; x_wconf 81' lang='grc' dir='ltr'><strong>ὦ</strong></span> <span class='ocrx_word' id='word_1_794' title='bbox 2424 4994 2570 5061; x_wconf 77' lang='grc' dir='ltr'>οἶκος</span> <span class='ocrx_word' id='word_1_795' title='bbox 2614 4997 2797 5063; x_wconf 72' lang='grc' dir='ltr'>Δαόὶδ,</span> <span class='ocrx_word' id='word_1_796' title='bbox 2830 5001 2858 5051; x_wconf 91' lang='grc' dir='ltr'>ὁ</span> <span class='ocrx_word' id='word_1_797' title='bbox 2904 4997 3019 5065; x_wconf 89' lang='grc' dir='ltr'>νῦν,</span> <span class='ocrx_word' id='word_1_798' title='bbox 3055 4997 3207 5068; x_wconf 72' lang='grc' dir='ltr'>φησὶ,</span> <span class='ocrx_word' id='word_1_799' title='bbox 3265 4996 3693 5068; x_wconf 82' lang='grc' dir='ltr'>παραιτούμενος</span> <span class='ocrx_word' id='word_1_800' title='bbox 3722 4990 3782 5043; x_wconf 76' lang='grc' dir='ltr'>τὸ</span> 
     </span>
    </p>
   </div>
   <div class='ocr_carea' id='block_1_110' title="bbox 2221 5085 3779 5159">
    <p class='ocr_par' dir='ltr' id='par_1_110' title="bbox 2221 5085 3779 5159">
     <span class='ocr_line' id='line_1_110' title="bbox 2221 5085 3779 5159; baseline -0.006 -17"><span class='ocrx_word' id='word_1_801' title='bbox 2221 5090 2314 5142; x_wconf 81' lang='grc' dir='ltr'><strong>ἐπὶ</strong></span> <span class='ocrx_word' id='word_1_802' title='bbox 2346 5087 2464 5158; x_wconf 88' lang='grc' dir='ltr'><strong>Θεῷ</strong></span> <span class='ocrx_word' id='word_1_803' title='bbox 2492 5087 2832 5149; x_wconf 86' lang='grc' dir='ltr'>πεποιθέναι,</span> <span class='ocrx_word' id='word_1_804' title='bbox 2860 5087 2952 5140; x_wconf 78' lang='grc' dir='ltr'><strong>καὶ</strong></span> <span class='ocrx_word' id='word_1_805' title='bbox 2991 5087 3121 5159; x_wconf 82' lang='grc' dir='ltr'>παρ’</span> <span class='ocrx_word' id='word_1_806' title='bbox 3151 5085 3316 5140; x_wconf 83' lang='grc' dir='ltr'>αὐτοῦ</span> <span class='ocrx_word' id='word_1_807' title='bbox 3348 5088 3567 5156; x_wconf 77' lang='grc' dir='ltr'>σημεῖον</span> <span class='ocrx_word' id='word_1_808' title='bbox 3593 5085 3779 5145; x_wconf 78' lang='grc' dir='ltr'>αἰτεῖν,</span> 
     </span>
    </p>
   </div>
   <div class='ocr_carea' id='block_1_111' title="bbox 2221 5167 3782 5245">
    <p class='ocr_par' dir='ltr' id='par_1_111' title="bbox 2221 5167 3782 5245">
     <span class='ocr_line' id='line_1_111' title="bbox 2221 5167 3782 5245; baseline -0.004 -17"><span class='ocrx_word' id='word_1_809' title='bbox 2221 5176 2300 5238; x_wconf 85' lang='grc' dir='ltr'><strong>είς</strong></span> <span class='ocrx_word' id='word_1_810' title='bbox 2351 5172 2640 5243; x_wconf 76' lang='grc' dir='ltr'>βεϐαίωσιν</span> <span class='ocrx_word' id='word_1_811' title='bbox 2684 5167 2759 5228; x_wconf 86' lang='grc' dir='ltr'>ὧν</span> <span class='ocrx_word' id='word_1_812' title='bbox 2790 5174 3142 5244; x_wconf 82' lang='grc' dir='ltr'>ἐπήγγελται,</span> <span class='ocrx_word' id='word_1_813' title='bbox 3195 5174 3282 5228; x_wconf 75' lang='grc' dir='ltr'><strong>διὰ</strong></span> <span class='ocrx_word' id='word_1_814' title='bbox 3326 5175 3387 5227; x_wconf 82' lang='grc' dir='ltr'>τὸ</span> <span class='ocrx_word' id='word_1_815' title='bbox 3434 5170 3782 5245; x_wconf 83' lang='grc' dir='ltr'>προσκεῖσθαι</span> 
     </span>
    </p>
   </div>
   <div class='ocr_carea' id='block_1_112' title="bbox 2227 5262 3785 5336">
    <p class='ocr_par' dir='ltr' id='par_1_112' title="bbox 2227 5262 3785 5336">
     <span class='ocr_line' id='line_1_112' title="bbox 2227 5262 3785 5336; baseline -0.004 -18"><span class='ocrx_word' id='word_1_816' title='bbox 2227 5265 2425 5336; x_wconf 86' lang='grc' dir='ltr'>μᾶλλον</span> <span class='ocrx_word' id='word_1_817' title='bbox 2472 5264 2732 5328; x_wconf 80' lang='grc' dir='ltr'>εἰδώλοις,</span> <span class='ocrx_word' id='word_1_818' title='bbox 2782 5264 3031 5328; x_wconf 81' lang='grc' dir='ltr'>καλέσεις</span> <span class='ocrx_word' id='word_1_819' title='bbox 3070 5265 3127 5317; x_wconf 78' lang='grc' dir='ltr'><strong>τὸ</strong></span> <span class='ocrx_word' id='word_1_820' title='bbox 3159 5264 3329 5334; x_wconf 76' lang='grc' dir='ltr'>ὄνομα</span> <span class='ocrx_word' id='word_1_821' title='bbox 3368 5263 3531 5318; x_wconf 81' lang='grc' dir='ltr'>αὐτοῦ</span> <span class='ocrx_word' id='word_1_822' title='bbox 3580 5262 3785 5331; x_wconf 87' lang='grc' dir='ltr'>Ἐμμα-</span> 
     </span>
    </p>
   </div>
   <div class='ocr_carea' id='block_1_113' title="bbox 2223 5351 3786 5427">
    <p class='ocr_par' dir='ltr' id='par_1_113' title="bbox 2223 5351 3786 5427">
     <span class='ocr_line' id='line_1_113' title="bbox 2223 5351 3786 5427; baseline -0.002 -19"><span class='ocrx_word' id='word_1_823' title='bbox 2223 5355 2406 5427; x_wconf 78' lang='grc' dir='ltr'>νουὴλ,</span> <span class='ocrx_word' id='word_1_824' title='bbox 2433 5354 2577 5409; x_wconf 85' lang='grc' dir='ltr'>τοῦτ’</span> <span class='ocrx_word' id='word_1_825' title='bbox 2617 5356 2785 5421; x_wconf 82' lang='grc' dir='ltr'>ἐστιν,</span> <span class='ocrx_word' id='word_1_826' title='bbox 2824 5355 3170 5427; x_wconf 83' lang='grc' dir='ltr'>ὁμολογήσεις</span> <span class='ocrx_word' id='word_1_827' title='bbox 3202 5357 3291 5410; x_wconf 85' lang='grc' dir='ltr'><strong>τὸν</strong></span> <span class='ocrx_word' id='word_1_828' title='bbox 3321 5356 3451 5409; x_wconf 81' lang='grc' dir='ltr'>Θεὸν</span> <span class='ocrx_word' id='word_1_829' title='bbox 3495 5355 3554 5408; x_wconf 81' lang='grc' dir='ltr'><strong>ἐν</strong></span> <span class='ocrx_word' id='word_1_830' title='bbox 3583 5351 3786 5423; x_wconf 72' lang='grc' dir='ltr'>ἀνθρωο</span> 
     </span>
    </p>
   </div>
   <div class='ocr_carea' id='block_1_114' title="bbox 2227 5443 3786 5521">
    <p class='ocr_par' dir='ltr' id='par_1_114' title="bbox 2227 5443 3786 5521">
     <span class='ocr_line' id='line_1_114' title="bbox 2227 5443 3786 5521; baseline -0.001 -20"><span class='ocrx_word' id='word_1_831' title='bbox 2227 5447 2355 5520; x_wconf 74' lang='grc' dir='ltr'>πείᾳ</span> <span class='ocrx_word' id='word_1_832' title='bbox 2388 5450 2568 5521; x_wconf 81' lang='grc' dir='ltr'>μορφῇ</span> <span class='ocrx_word' id='word_1_833' title='bbox 2618 5449 2913 5521; x_wconf 87' lang='grc' dir='ltr'>πεφηνότα.</span> <span class='ocrx_word' id='word_1_834' title='bbox 2947 5449 3073 5501; x_wconf 82' lang='grc' dir='ltr'>Ὅτε</span> <span class='ocrx_word' id='word_1_835' title='bbox 3106 5448 3211 5521; x_wconf 81' lang='grc' dir='ltr'>γὰρ</span> <span class='ocrx_word' id='word_1_836' title='bbox 3251 5448 3455 5518; x_wconf 79' lang='grc' dir='ltr'>πέφηνε</span> <span class='ocrx_word' id='word_1_837' title='bbox 3496 5444 3615 5501; x_wconf 75' lang='grc' dir='ltr'>καθ’</span> <span class='ocrx_word' id='word_1_838' title='bbox 3642 5443 3786 5516; x_wconf 77' lang='grc' dir='ltr'>ἡμᾶς</span> 
     </span>
    </p>
   </div>
   <div class='ocr_carea' id='block_1_115' title="bbox 632 5716 2094 5794">
    <p class='ocr_par' dir='ltr' id='par_1_115' title="bbox 632 5716 2094 5794">
     <span class='ocr_line' id='line_1_115' title="bbox 632 5716 2094 5794; baseline 0.005 -23"><span class='ocrx_word' id='word_1_839' title='bbox 632 5716 708 5787; x_wconf 76' lang='grc' dir='ltr'><strong>(ι)</strong></span> <span class='ocrx_word' id='word_1_840' title='bbox 744 5716 886 5784; x_wconf 76' lang='lat' dir='ltr'><strong>Haec,</strong></span> <span class='ocrx_word' id='word_1_841' title='bbox 912 5719 1122 5777; x_wconf 86' lang='grc' dir='ltr'>Διότι...</span> <span class='ocrx_word' id='word_1_842' title='bbox 1145 5721 1208 5775; x_wconf 81' lang='grc' dir='ltr'><strong>τὸ</strong></span> <span class='ocrx_word' id='word_1_843' title='bbox 1234 5722 1459 5793; x_wconf 84' lang='grc' dir='ltr'>ἀγαθόν,</span> <span class='ocrx_word' id='word_1_844' title='bbox 1492 5732 1711 5794; x_wconf 88' lang='lat' dir='ltr'><strong>propter</strong></span> <span class='ocrx_word' id='word_1_845' title='bbox 1745 5722 2094 5780; x_wconf 71' lang='lat' dir='ltr'><strong>homteoteleu</strong></span> 
     </span>
    </p>
   </div>
   <div class='ocr_carea' id='block_1_116' title="bbox 2193 5716 3649 5794">
    <p class='ocr_par' dir='ltr' id='par_1_116' title="bbox 2193 5721 3649 5793">
     <span class='ocr_line' id='line_1_116' title="bbox 2193 5721 3649 5793; baseline 0.001 -14"><span class='ocrx_word' id='word_1_846' title='bbox 2193 5742 2224 5791; x_wconf 76' lang='grc' dir='ltr'><strong>ι,</strong></span> <span class='ocrx_word' id='word_1_847' title='bbox 2252 5731 2310 5781; x_wconf 90' lang='lat' dir='ltr'><strong>ut</strong></span> <span class='ocrx_word' id='word_1_848' title='bbox 2338 5723 2571 5793; x_wconf 88' lang='lat' dir='ltr'><strong>videtur,</strong></span> <span class='ocrx_word' id='word_1_849' title='bbox 2607 5726 2662 5782; x_wconf 88' lang='lat' dir='ltr'><strong>in</strong></span> <span class='ocrx_word' id='word_1_850' title='bbox 2683 5726 2921 5783; x_wconf 89' lang='lat' dir='ltr'><strong>editione</strong></span> <span class='ocrx_word' id='word_1_851' title='bbox 2953 5727 3181 5785; x_wconf 82' lang='lat' dir='ltr'><strong>Aubcrti</strong></span> <span class='ocrx_word' id='word_1_852' title='bbox 3216 5728 3456 5781; x_wconf 79' lang='lat' dir='ltr'><strong>deerant.</strong></span> <span class='ocrx_word' id='word_1_853' title='bbox 3492 5721 3649 5781; x_wconf 76' lang='grc' dir='ltr'>Εοιτ.</span> 
     </span>
    </p>
   </div>
  </div>
