4124 6372
342 421 451 477 205

1492 413 1557 469 ΙΝ
1595 413 1830 469 ISAIAM
1870 413 1997 469 LIB.
2041 414 2081 471 I.
2122 415 2325 472 ORAT.
2368 416 2432 471 γ.

3490 418 3595 471 206

344 536 371 587 ὁ
401 532 696 604 μονογενὴς
741 528 835 583 τοῦ
880 528 1017 582 Θεοῦ
1066 527 1260 595 Λόγος,
1296 529 1417 582 τότε
1466 532 1560 582 καὶ
1586 530 1776 599 γέγονε
1825 529 1917 582 καὶ

2023 546 2172 595 vero,
2202 542 2257 585 ut
2277 533 2526 587 ostendat
2549 545 2670 586 eum
2698 545 2823 587 vere
2850 532 3018 585 Deum
3049 530 3209 586 simul
3238 540 3294 587 et
3321 532 3595 589 hominem

347 624 464 695 μεθ’
493 622 672 693 ἡμῶν.
709 622 769 675 '0
798 622 908 693 γὰρ
943 622 1080 693 ὑπὲρ
1128 622 1308 674 πᾶσαν
1342 620 1441 689 τὴν
1479 619 1677 682 κτίσιν,
1726 618 1919 686 γέγονε

343 715 465 770 καθ’
490 715 656 784 ἡμᾶς.
681 712 874 785 Ἀθρεν.
895 713 953 765 δὲ
984 714 1152 776 ὅπως,
1186 712 1273 765 ἵνα
1298 710 1448 782 δείξῃ
1479 711 1571 764 τὸν
1594 711 1757 765 αὑτὸν
1786 711 1919 782 ἀλη-

344 806 450 869 θῶς
483 805 615 858 Θεὸν
642 804 777 875 ὁμοῦ
808 807 903 859 καὶ
931 804 1216 875 ἄνθρωπον
1235 844 1251 869 ,
1288 804 1503 873 τίθησιν
1532 802 1618 855 ἐπ’
1648 801 1812 855 αὐτοῦ
1852 801 1921 855 τὰ

344 897 460 951 θεῖά
498 916 558 951 τε
597 900 693 950 καὶ
737 898 1073 968 ἀνθρώπινα.
1109 900 1230 951 Ὅτι
1263 898 1362 969 μὲν
1397 897 1504 968 γὰρ
1548 899 1607 949 ἐν
1637 898 1800 968 σαρκὶ
1830 897 1919 966 γέ-

342 1005 466 1056 γονε
514 990 633 1041 κατ’
661 988 934 1055 ἀλήθειαν,
978 990 1234 1058 πειρᾶται
1288 987 1673 1057 πληροφορεῖν,
1712 985 1921 1056 τροφὴν

345 1081 490 1152 αὐτῷ
517 1081 840 1151 γεγενῆσθαι
864 1080 1036 1147 λέγων
1058 1078 1155 1151 τὴν
1180 1078 1393 1149 νηπίοις
1426 1077 1764 1148 πρέπουσαν,
1798 1076 1920 1146 βού-

342 1170 502 1240 τυρόν
527 1187 584 1222 τε
609 1170 701 1223 καὶ
726 1170 866 1240 μέλι.
904 1169 1025 1222 Ὅτι
1054 1169 1129 1232 δέ,
1167 1169 1344 1221 καίτοι
1384 1167 1518 1240 σὰρξ
1544 1166 1805 1235 γεγονὼς,
1833 1166 1922 1219 0:3-

341 1265 428 1317 δέν
447 1260 611 1335 ἦττον
641 1264 792 1317 ἔσται
818 1263 1081 1333 κρείττων
1106 1262 1382 1334 ἁμαρτίας
1401 1261 1475 1323 ὡς
1500 1260 1652 1324 Θεὸς,
1680 1260 1919 1314 διδάσκει

342 1357 503 1409 πάλιν
529 1357 808 1427 ἐπιφέρων
829 1355 1011 1416 εὐθύς
1048 1372 1068 1405 r
1098 1355 1241 1407 Διότι
1263 1356 1390 1424 πρὶν
1420 1353 1452 1423 ἢ
1479 1352 1761 1421 γνῶναιτὸ
1791 1369 1918 1404 παι-

339 1448 449 1501 δίον
469 1448 720 1517 ἀγαθὸνῆ
742 1449 932 1513 κακὸν,
962 1445 1177 1500 ἀπειθεῖ
1201 1445 1455 1515 πονηρίᾳ,
1476 1443 1569 1497 τοῦ
1600 1442 1920 1508 ἐκλέξασθαι

340 1541 400 1592 τὸ
430 1539 649 1608 ἀγαθόν.
686 1538 996 1611 ⁸Ἄνθρωποι
1030 1538 1127 1608 μὲν
1150 1536 1257 1608 γὰρ
1285 1536 1437 1589 οῦπω
1471 1536 1606 1606 πρὸς
1634 1535 1774 1606 ἥϐην
1797 1534 1921 1587 ἐλά-

344 1650 555 1695 σαντες,
590 1630 713 1683 οὔτε
750 1631 855 1700 μὴν
887 1633 966 1694 εἰς
1008 1631 1204 1701 μέτρον
1238 1628 1451 1699 ἡλικίας
1486 1626 1795 1697 ἀφιγμένοι,
1820 1627 1919 1695 τῆς

342 1724 418 1787 ὡς
464 1724 571 1776 ἀπό
608 1741 667 1775 τε
708 1723 901 1795 χρόνου
949 1724 1209 1793 φρονήσει
1258 1720 1659 1791 τετιμημένης,
1707 1719 1816 1773 οὐδ’
1852 1718 1919 1771 ἂν

342 1813 451 1869 εἷεν
477 1816 615 1879 ὅλως
660 1815 950 1886 ἐπιτήδειοι
983 1814 1278 1885 διακρίνειν
1325 1811 1604 1875 δύνασθαι,
1644 1811 1697 1865 τί
1731 1811 1828 1881 μὲν
1853 1811 1919 1864 ἂν

2021 620 2207 686 fuisse,
2231 639 2337 692 quo
2362 633 2520 692 pacto
2547 624 2596 677 ei
2620 623 2799 678 divina
2823 632 2878 679 et
2902 624 3135 678 humana
3159 624 3437 680 attribuat.
3463 625 3595 680 Nam

2022 716 2074 768 in
2104 729 2267 770 carne
2290 715 2460 771 fuisse
2483 730 2634 782 vere,
2663 725 2892 772 conatur
2916 724 3068 770 certo
3100 717 3447 784 persuadere,
3472 731 3594 771 cum

2021 807 2174 875 dicit,
2204 808 2381 862 cibum
2416 808 2463 863 ei
2498 809 2612 865 fore
2636 808 2875 878 parvulis
2906 810 3309 865 convenientem
3343 810 3595 882 butyrum

2018 907 2070 951 et
2106 897 2229 953 mel.
2265 897 2419 964 Quod
2463 899 2626 953 etiam
2658 900 2782 953 licet
2821 914 2951 954 caro
2982 899 3273 963 exstiterit,
3323 900 3597 954 nihilomi-

2020 1002 2123 1042 nus
2174 986 2388 1043 iuturus
2439 997 2586 1043 esset
2631 998 2852 1058 peccato
2903 990 3185 1058 superior,
3228 987 3371 1043 Deus
3401 990 3595 1043 iterum

2023 1078 2183 1134 docet
2205 1093 2328 1133 cum
2360 1094 2484 1134 mox
2517 1078 2679 1133 infert
2708 1098 2721 1133 :
2752 1079 3051 1150 Antequam
3073 1081 3209 1136 sciat
3243 1097 3375 1151 puer
3396 1081 3595 1136 bonum

2020 1170 2104 1222 vel
2161 1169 2400 1233 malum,
2455 1169 2673 1225 malitire
2725 1186 2830 1225 non
2883 1170 3252 1241 obtemperat,
3312 1180 3371 1226 ut
3433 1172 3598 1244 eligat

2020 1260 2239 1315 bonum.
2318 1260 2573 1317 Homines
2642 1263 2783 1317 enim
2846 1264 3082 1318 nondum
3139 1264 3204 1318 ad
3255 1264 3594 1333 pubertatem

2021 1353 2280 1422 provecti,
2314 1352 2469 1424 123
2505 1368 2604 1407 nec
2658 1368 2960 1408 mensuram
2993 1354 3166 1409 aetatis
3192 1356 3422 1409 assecuti
3455 1357 3596 1425 (qua:

2022 1444 2137 1512 ipso
2166 1451 2405 1512 tempore
2450 1444 2728 1512 prudentia
2759 1444 2971 1498 exculta
3008 1455 3092 1499 est
3119 1457 3173 1498 et
3215 1450 3464 1515 ornata),
3501 1460 3595 1500 ne-

2019 1548 2283 1603 quaquam
2334 1535 2544 1589 habiles
2589 1544 2643 1589 et
2688 1535 2861 1589 idonei
2912 1549 3031 1590 esse
3071 1545 3318 1606 possunt,
3368 1545 3425 1589 ut
3465 1536 3595 1606 quid

2018 1624 2293 1688 vitiosum,
2329 1623 2457 1693 quid
2485 1625 2685 1679 bonum
2728 1625 2818 1691 sit,
2857 1625 3080 1679 valeant
3110 1626 3443 1680 decernere:
3470 1640 3594 1680 cum

2019 1720 2197 1768 autem
2218 1712 2284 1767 ad
2322 1713 2374 1768 id
2413 1722 2623 1783 tempus
2659 1724 2836 1779 vocat,
2876 1724 3003 1769 tunc
3050 1730 3229 1770 rerum
3263 1717 3592 1786 agendarum

2021 1806 2242 1861 liberam
2258 1804 2569 1862 facultatem
2597 1806 2817 1862 habent.
2842 1806 3032 1861 Divina
3055 1815 3233 1862 autem
3255 1818 3311 1863 et
3337 1822 3592 1878 suprema

342 1908 427 1975 εἴη
472 1908 532 1960 τὸ
584 1879 818 1973 φαῦλον,
840 1906 894 1958 τί
940 1906 997 1959 δὲ
1041 1879 1380 1972 τὸάγαθόν·
1408 1879 1774 1967 καλοῦντοςδέ
1817 1902 1915 1974 ἤδη

2021 1906 2233 1965 natura,
2269 1899 2321 1953 in
2352 1898 2682 1955 sublimitate
2703 1899 2934 1968 quadam
2969 1914 3077 1954 non
3108 1909 3312 1967 nostra,
3340 1901 3435 1956 sed
3468 1916 3594 1972 pro-

344 2002 479 2072 πρὸς
507 1999 667 2052 τοῦτο
714 1998 927 2068 καιροῦ,
972 1998 1091 2051 τότε
1140 1995 1250 2050 τῶν
1298 1995 1583 2065 πρακτέων
1628 1994 1918 2066 ἐλευθέραν

342 2090 618 2144 ποιοῦνται
655 2090 755 2160 τὴν
802 2088 1033 2160 αἵρεσιν.
1068 2089 1134 2140 Ἥ
1179 2088 1235 2141 δέ
1270 2104 1334 2157 γε
1377 2086 1497 2140 θεία
1525 2086 1619 2139 καὶ
1659 2087 1919 2141 ἀνωτάτω

342 2182 521 2252 φύσις,
555 2183 657 2234 οὐκ
685 2181 743 2236 ἔν
774 2198 841 2249 γε
878 2182 992 2243 τοῖς
1020 2180 1141 2233 καθ’
1166 2180 1334 2250 ἡμᾶς,
1365 2178 1479 2233 ἀλλ’
1520 2182 1577 2232 ὲν
1638 2179 1788 2242 ἰδίοις
1825 2180 1919 2232 καὶ

340 2278 455 2337 τοῖς
482 2276 617 2345 αὐτῇ
644 2274 943 2345 πρέπουσιν
972 2271 1281 2342 ὑψώμασιν,
1314 2271 1512 2335 ἄϐατος
1538 2271 1624 2323 ἀεὶ
1654 2269 1919 2341 πονηρίας

342 2364 489 2416 ἐστίν
510 2381 524 2394 ·
556 2365 650 2416 καὶ
677 2364 801 2425 τοὺς
823 2364 920 2433 τῆς
949 2360 1284 2431 φαυλότητος
1310 2360 1621 2414 ἀποσείεται
1660 2359 1917 2429 τρόπους,

340 2456 402 2506 οὐ
445 2444 814 2523 πειραζομένη
851 2451 1030 2517 ποθὲν,
1053 2452 1152 2504 οὐκ
1180 2451 1400 2521 ὄχλησιν
1422 2451 1790 2521 ὑπομένουσα,
1819 2468 1919 2519 φυ-

342 2546 510 2608 σικῶς
536 2546 591 2597 δὲ
621 2545 817 2615 μᾶλλον
840 2545 934 2596 καὶ
954 2543 1224 2606 οὑσιωδῶς
1246 2542 1546 2596 ἀπειθοῦσα
1572 2545 1637 2613 τῇ
1664 2543 1916 2613 πονηρίᾳ.

341 2640 452 2693 Καὶ
472 2639 534 2690 οὐ
565 2638 687 2691 καθ’
712 2637 919 2708 ἕτερον,
948 2632 1122 2707 οἶμαι,
1151 2637 1369 2705 τρόπον,
1389 2635 1421 2705 ἢ
1440 2634 1628 2706 ὥσπερ
1664 2634 1729 2687 ἂν
1762 2634 1815 2686 εῐ
1835 2652 1919 2698 τις

341 2732 489 2799 λέγοι
520 2732 648 2801 περὶ
680 2730 774 2783 τοῦ
809 2729 1006 2798 φωτὸς,
1034 2729 1117 2781 ὅτι
1151 2727 1368 2781 ἀπειθεῖ
1404 2744 1506 2780 που
1532 2722 1670 2780 εἶναι
1704 2727 1914 2790 σκότος.

342 2826 417 2877 Οὐ
448 2825 558 2894 γάρ
599 2824 851 2893 ἀνέχεται
884 2821 1077 2874 παθεῖν
1124 2821 1185 2873 τὸ
1231 2819 1305 2891 μὴ
1343 2815 1480 2873 εἶναι
1532 2819 1668 2887 φῶς.
1700 2818 1917 2882 Φύσεως

340 2910 434 2968 οῦν
467 2915 575 2985 ἄρα
602 2915 700 2984 τῆς
732 2913 884 2973 θείας
912 2913 973 2964 τὸ
999 2911 1087 2964 ἀεὶ
1125 2910 1371 2981 πεπηγὸς
1394 2912 1472 2974 είς
1500 2910 1560 2962 τὸ
1584 2909 1787 2979 ἀγαθὸν
1817 2927 1918 2962 κα-

340 3003 668 3075 τασημαίνει
715 3002 909 3070 λέγων,
928 3003 1009 3054 ὅτι
1052 3020 1070 3052 ‹
1106 3001 1344 3055 Ἀπειθεῖ
1371 3001 1605 3072 πονηρίᾳ
1641 3000 1735 3054 τοῦ
1765 3001 1915 3055 ἐκλέ-

344 3096 535 3162 ξασθαι
557 3096 620 3149 τὸ
652 3095 875 3164 ἀγαθόν.
910 3113 928 3147 ι
976 3094 1197 3164 Ἀληθές
1245 3093 1301 3146 δὲ
1326 3092 1483 3148 τοῦτο
1515 3093 1610 3146 καὶ
1634 3092 1720 3145 ἐπ’
1749 3092 1911 3146 αὐτοῦ

2018 1990 2134 2061 pria
2167 1997 2223 2044 et
2252 1990 2354 2044 sibi
2398 1999 2734 2060 congruente
2775 1990 2967 2045 collata
3010 1999 3116 2057 est,
3147 1992 3213 2046 ad
3244 2006 3404 2061 quam
3446 1992 3597 2047 mali-

2019 2078 2109 2133 tiae
2146 2093 2427 2135 accessum
2490 2093 2596 2135 non
2659 2080 2861 2146 habet;
2920 2081 3149 2151 vitiique
3206 2095 3368 2137 omne
3424 2071 3594 2152 ge'nus

2017 2174 2245 2240 excutit,
2297 2189 2406 2231 non
2460 2182 2667 2231 tentata
2722 2175 3036 2246 aliquando,
3097 2176 3595 2245 perturbationibus
3663 2237 3675 2250 ,

2020 2282 2220 2335 vacua;
2263 2268 2374 2323 imo
2415 2278 2606 2324 natura
2656 2282 2754 2324 sua
2801 2277 2858 2323 et
2904 2269 3171 2336 essentia,
3228 2268 3446 2323 malitiae
3486 2285 3594 2323 non

2018 2361 2422 2431 obtemperans.
2480 2359 2597 2416 Non
2642 2361 2825 2429 aliter,
2875 2361 3059 2426 credo,
3094 2376 3254 2430 quam
3286 2362 3331 2417 si
3377 2362 3497 2432 quis
3526 2362 3596 2416 de

2018 2451 2137 2513 luce
2168 2453 2329 2520 dicat,
2358 2454 2499 2524 quod
2525 2451 2841 2524 refragetur,
2868 2469 2989 2509 esse
3015 2454 3210 2524 caligo,
3245 2463 3300 2508 ut
3326 2455 3469 2509 enim
3504 2454 3594 2509 lux

2018 2558 2126 2599 non
2156 2545 2247 2609 sit,
2278 2544 2422 2599 ferre
2454 2560 2558 2600 non
2587 2554 2781 2615 patest.
2808 2544 3022 2600 Naturae
3043 2545 3201 2616 igitur
3227 2545 3421 2601 divina:
3451 2560 3591 2611 esse,

2019 2649 2237 2706 semper
2268 2635 2414 2692 bono
2447 2636 2745 2704 adhaerere,
2776 2636 3034 2702 declarat,
3068 2651 3189 2691 cum
3211 2636 3306 2700 ait,
3334 2650 3453 2690 eam
3486 2650 3593 2690 non

2016 2727 2394 2796 obtemperare
2430 2728 2679 2794 malitiae,
2723 2742 2831 2797 quo
2883 2727 3082 2783 bonum
3132 2726 3314 2797 eligat.
3350 2726 3503 2795 Quod
3537 2730 3593 2783 in

2017 2820 2133 2890 ipso
2160 2820 2380 2876 Christo
2404 2836 2590 2876 verum
2608 2830 2707 2876 εει.
2732 2820 2844 2875 Etsi
2874 2820 3017 2875 enim
3044 2821 3256 2892 genitus
3281 2819 3381 2875 fuit
3409 2836 3595 2876 secun-

2017 2911 2143 2965 dum
2182 2927 2400 2968 carnem
2433 2927 2529 2982 per
2567 2923 2810 2969 sanctam
2867 2910 3163 2982 Virginem,
3201 2910 3345 2966 Deus
3396 2922 3593 2967 natura

2016 3012 2151 3057 etex
2205 3002 2315 3058 Deo
2372 3012 2533 3059 natus
2581 3002 2817 3059 Verbum
2860 3014 3086 3059 :tamen
3138 3018 3208 3058 ex
3248 3004 3405 3059 vulva
3450 3014 3591 3071 erat,

2017 3104 2074 3149 et
2104 3103 2231 3150 ante
2266 3095 2460 3165 ipsam,
2500 3096 2607 3150 imo
2635 3107 2690 3151 et
2712 3105 2839 3151 ante
2866 3110 3029 3151 omne
3066 3094 3342 3161 saeculum,
3374 3106 3596 3152 sanctus

339 3191 434 3245 τοῦ
462 3189 719 3260 Χριστοῦ.
755 3189 819 3241 Ei
848 3186 957 3257 γὰρ
991 3187 1087 3239 καὶ
1117 3187 1409 3255 γεγένηται
1439 3182 1581 3237 κατὰ
1627 3183 1804 3254 σάρκα
1830 3184 1917 3238 διὰ

2019 3186 2273 3252 utDeus,
2313 3201 2343 3240 a
2383 3201 2480 3243 sua
2527 3188 2885 3257 praerogativa
2937 3202 3047 3242 non
3100 3186 3422 3242 deturbatus
3470 3202 3595 3257 pro-

340 3284 440 3353 τῆς
458 3283 617 3351 ἁγίας
652 3280 951 3351 Παρθένου,
977 3278 1107 3341 Θεὸς
1136 3276 1211 3330 ὢν
1242 3276 1401 3344 φύσει
1436 3278 1529 3329 καὶ
1561 3278 1625 3329 ἐκ
1654 3276 1787 3329 Θεοῦ
1815 3292 1911 3328 πε-

342 3374 527 3446 φηνὼς
550 3376 578 3427 ὁ
607 3373 795 3441 Λόγος,
826 3370 941 3424 ἀλλ’
967 3366 1035 3441 ἦν
1075 3372 1138 3422 ἐκ
1184 3370 1396 3440 μήτρας
1438 3368 1531 3421 καὶ
1570 3368 1675 3440 πρὸ
1718 3368 1907 3437 αὐτῆς,

346 3467 543 3537 μᾶλλον
564 3466 620 3518 δὲ
650 3467 744 3517 καὶ
773 3464 879 3535 πρὸ
902 3462 1099 3523 παντὸς
1121 3462 1315 3525 αἰῶνος
1346 3462 1499 3529 ἅγιος
1520 3460 1596 3524 ὡς
1625 3461 1777 3525 Θεὸς,
1807 3460 1914 3514 τῶν

346 3557 489 3611 ἰδίων
536 3554 1027 3626 πλεονεκτημάτων
1055 3553 1155 3606 οὐκ
1198 3550 1570 3621 ἀπολισθήσας
1600 3550 1689 3603 διὰ
1719 3549 1780 3603 τὸ
1825 3552 1918 3603 ἀν-

343 3650 642 3722 θρώπινον·
674 3649 788 3702 ἀλλ’
823 3647 943 3699 οὐδὲ
988 3645 1095 3699 τῶν
1133 3644 1488 3716 ἀνθρωπίνων
1523 3643 1801 3714 ἀμελήσας
1828 3642 1917 3696 διὰ

340 3743 441 3813 τὴν
473 3740 785 3811 οίκονομίαν
814 3756 827 3770 ·
854 3741 942 3792 ἵνα
986 3738 1344 3808 πιστεύσηται
1382 3735 1500 3790 κατ’
1541 3736 1797 3805 ἀλήθειαν
1826 3751 1918 3803 γε·-

341 3833 516 3903 γονὼς
545 3832 667 3886 καθ’
694 3834 865 3902 ἡμᾶς,
891 3832 987 3884 καὶ
1017 3830 1185 3901 αὐτὴν
1215 3829 1372 3900 ἡμῶν
1407 3828 1611 3900 ἁγιάσῃ
1636 3826 1735 3897 τὴν
1768 3826 1919 3895 γένε-

345 3941 448 3979 σιν.
480 3922 924 3993 Καταλειφθῆναι
946 3922 1005 3974 δέ
1035 3937 1166 3991 φησι
1196 3920 1293 3991 τὴν
1322 3920 1445 3989 γῆν,
1471 3920 1599 3989 περὶ
1628 3914 1696 3990 ἧς
1722 3918 1919 3989 ὑφορᾶο

342 4034 433 4069 ται
482 4017 577 4069 καὶ
638 4014 827 4068 ἐδεδίει
873 4016 936 4067 ἐκ
982 4012 1276 4084 προσώπου
1330 4011 1439 4064 τῶν
1481 4010 1575 4063 δύο
1633 4010 1915 4081 βασιλέων.

346 4111 569 4178 Ὅμοιον
601 4108 659 4161 δὲ
687 4106 818 4160 ὡσεὶ
851 4108 944 4159 καὶ
965 4105 1113 4173 λέγοι
1143 4103 1329 4174 σαφῶς
1349 4120 1363 4134 ⁸
1400 4104 1565 4157 Ὅταν
1586 4106 1619 4174 ή
1642 4102 1918 4172 Παρθένος

344 4203 403 4254 ἐν
427 4201 625 4271 γαστρὶ
661 4197 899 4251 λαϐοῦσα
942 4197 1113 4260 τέκοι,
1148 4198 1233 4261 σὺ,
1278 4190 1323 4249 ὦ
1354 4191 1502 4260 οἶκος
1542 4195 1725 4259 Δαὸὶδ,
1759 4194 1919 4248 καλέο

344 4309 461 4355 σεις
502 4291 565 4344 τὸ
612 4291 782 4360 ὄνομα
829 4289 995 4341 αὑτοῦ
1033 4287 1416 4359 Ἐμμανουήλ’
1451 4286 1571 4339 τότε
1620 4286 1820 4348 πάντες
1868 4288 1917 4338 oi

344 4382 803 4455 παρενοχλοῦντες
844 4384 913 4452 τῇ
960 4379 1093 4450 ἁγίᾳ
1132 4382 1201 4449 γῇ
1260 4377 1675 4447 καταλείψουσιν
1722 4377 1912 4447 αὑτήν.

347 4477 541 4528 Ἔσται
574 4474 682 4544 γὰρ
728 4472 911 4524 οὐκέτι
956 4470 1094 4542 βατὴ
1140 4472 1251 4534 τοῖς
1295 4468 1537 4522 ἐθέλουσι
1587 4466 1913 4540 καταδῃοῦν.

2024 3287 2143 3347 pter
2172 3278 2585 3345 humanitatem;
2617 3280 2717 3333 sed
2734 3294 2834 3334 nec
2855 3280 3087 3334 humana
3115 3278 3351 3349 neglexit
3377 3287 3595 3348 propter

2024 3370 2573 3437 administrationem,
2607 3371 2682 3425 ita
2713 3373 2790 3426 uti
2815 3371 3073 3427 credatur
3094 3386 3220 3428 vere
3243 3381 3443 3428 nostra:
3466 3388 3596 3428 con-

2020 3461 2240 3516 ditionis
2269 3460 2439 3517 fuisse
2467 3500 2483 3526 ,
2518 3472 2573 3516 et
2598 3472 2839 3517 nostram
2875 3464 3013 3518 hanc
3040 3463 3367 3519 creationem
3391 3464 3594 3520 sancti—

2017 3552 2228 3608 ficasse.
2293 3552 2718 3624 Relinquendam
2787 3562 3049 3624 praeterea
3124 3556 3318 3610 asserit
3389 3564 3589 3610 terram

2017 3658 2177 3714 quam
2226 3645 2534 3715 suspicatur
2564 3655 2618 3701 et
2647 3647 2821 3712 timet,
2864 3661 2895 3700 a
2940 3646 3077 3702 facie
3118 3647 3345 3702 duorum
3378 3657 3587 3719 regam.

2018 3736 2207 3792 Simile
2244 3747 2421 3792 autem
2461 3745 2544 3792 est
2570 3753 2636 3792 ac
2680 3738 2726 3793 si
2757 3738 2879 3807 quis
2922 3739 3067 3793 dicat
3109 3748 3332 3809 aperte:
3363 3740 3591 3809 Quando

2018 3826 2183 3899 Virgo
2207 3843 2493 3898 praegnans
2532 3831 2823 3899 pepererit,
2854 3838 2909 3885 et
2940 3840 3025 3897 tu,
3073 3846 3107 3886 ο
3146 3832 3337 3887 domus
3385 3831 3586 3895 David,

2016 3920 2236 3976 vocabis
2286 3937 2479 3976 nomen
2534 3922 2653 3993 ejus
2697 3921 3011 3978 Emmanuel
3050 3942 3063 3979 :
3108 3932 3237 3979 tunc
3278 3940 3465 3982 omnes
3498 3927 3589 3995 qui

2017 4012 2258 4084 aﬂligunt
2293 4023 2539 4069 sanctam
2574 4024 2796 4081 terram,
2841 4015 3146 4085 relinquent
3177 4032 3319 4082 eam,
3363 4032 3460 4072 nec
3486 4020 3590 4072 erit

2016 4106 2271 4176 deinceps
2296 4106 2453 4161 obvia
2486 4106 2577 4161 ulli
2605 4107 2911 4163 vastitatem
2940 4108 3140 4163 inferre
3167 4108 3387 4164 volenti.
3426 4109 3592 4179 Spiri-

2018 4197 2177 4251 tualis
2198 4212 2328 4253 vero
2364 4200 2478 4254 haec
2509 4200 2703 4255 oratio.
2746 4198 2885 4256 Nato
2920 4201 3064 4255 enim
3107 4200 3477 4268 Emmanuele,
3524 4219 3589 4258 ea

2017 4302 2137 4357 quae
2164 4302 2290 4343 vere
2320 4287 2460 4341 facta
2494 4298 2636 4344 terra
2667 4298 2748 4345 est
2777 4289 2987 4353 civitas,
3026 4290 3078 4343 id
3109 4297 3193 4344 est
3236 4289 3500 4355 Ecclesia,
3536 4291 3590 4344 in

2016 4382 2212 4435 bonam
2256 4394 2402 4448 spem
2432 4390 2625 4435 vocata
2662 4390 2766 4448 est,
2798 4396 3093 4452 omnesque
3127 4382 3309 4439 hostes
3340 4382 3589 4449 calcavit,

2016 4472 2107 4539 qui
2156 4471 2414 4526 invictam
2459 4472 2606 4527 illam
2653 4474 2914 4541 videntes,
2948 4482 3311 4541 recesserunt,
3366 4483 3423 4529 et
3463 4482 3521 4528 ut
3558 4488 3591 4527 a

343 4564 720 4635 Πνευματικὸς
747 4564 802 4617 δὲ
840 4566 869 4617 ὁ
893 4562 1068 4630 λόγος.
1097 4560 1451 4633 Γεννηθέντος
1496 4560 1603 4630 γὰρ
1644 4558 1738 4611 τοῦ
1787 4559 1917 4629 Ἐμ-

2020 4561 2130 4616 Deo
2178 4571 2552 4617 conservatam
2603 4563 2960 4634 reliquerunt.
3003 4563 3116 4633 Ego
3153 4566 3298 4619 enim
3347 4578 3443 4620 ero
3490 4562 3589 4632 illi,

348 4654 604 4725 μανουὴλ,
632 4656 667 4726 ή
692 4652 909 4723 ἀληθῶς
938 4653 1069 4720 ἁγία
1096 4652 1167 4722 γῆ
1200 4653 1295 4705 καὶ
1324 4650 1497 4715 πόλις,
1529 4650 1672 4704 τοῦτ’
1703 4648 1849 4702 ἐστιν
1880 4649 1915 4719 ἠ

2024 4646 2154 4701 dicit
2184 4645 2470 4712 Dominus,
2506 4663 2691 4705 murus
2734 4651 2922 4720 igneus
2949 4651 3401 4723 circumquaque,
3439 4662 3494 4709 et
3533 4652 3591 4707 in

360 4744 677 4815 Ἐκκλησία,
707 4743 929 4812 γέγονεν
964 4743 1022 4795 ἐν
1055 4740 1207 4812 καλῷ
1230 4742 1328 4812 τῆς
1353 4740 1587 4805 ἐλπίδος,
1621 4741 1713 4793 καὶ
1738 4740 1915 4793 πάντα

2020 4737 2247 4808 gloriam
2278 4753 2373 4795 ero
2404 4739 2457 4794 in
2490 4740 2663 4796 medio
2694 4740 2830 4811 ejus.

344 4840 661 4910 πεπάτηκεν
690 4836 903 4909 ἐχθρὸν,
939 4837 990 4889 οἳ
1026 4837 1120 4890 καὶ
1168 4835 1379 4905 ἄμαχον
1436 4834 1638 4895 εἰδότες
1694 4831 1863 4902 αὐτὴν
1918 4831 2371 4904 ἀνακεχωρήκασι
2397 4871 2412 4897 ,
2459 4832 2908 4898 καταλελοιπότες
2959 4835 3035 4899 ὡς
3089 4837 3240 4907 παρά
3289 4835 3423 4890 Θεοῦ
3485 4855 3592 4892 σω-

345 4933 599 5004 ζομένην.
642 4933 787 5001 Ἐγὼ
832 4932 942 5004 γὰρ
998 4931 1190 5002 ἔσομαι
1228 4929 1387 4999 αὐτῇ,
1429 4928 1577 4997 λέγει
1625 4926 1851 4998 Κύριος,
1894 4929 2071 4997 τεῖχος
2138 4927 2311 4998 πυρὸς
2352 4928 2634 4996 κυκλόθεν,
2662 4930 2757 4984 καὶ
2796 4932 2876 4995 είς
2900 4930 3057 4998 δόξαν
3100 4932 3293 5002 ἔσομαι
3332 4936 3392 4987 ἐν
3444 4935 3593 5006 μέσῳ

346 5031 534 5100 αὐτῆς.

974 5142 1191 5196 ΛΟΓΟΣ
1215 5141 1287 5194 E’.

428 5274 581 5327 Ἀλλ’
610 5272 817 5336 ἑπάξει
844 5273 1055 5340 Κύριος
1078 5271 1175 5325 ἐπὶ
1209 5268 1285 5324 σὲ
1309 5310 1323 5333 ,
1357 5268 1455 5321 καί
1493 5266 1590 5321 ἐπὶ
1636 5266 1739 5320 τὸν
1770 5266 1919 5321 λαόν

348 5383 483 5430 σου,
512 5366 611 5418 καὶ
645 5366 741 5418 ἐπὶ
768 5365 874 5419 τὸν
898 5366 1065 5419 οἷκον
1100 5363 1206 5416 τοῦ
1257 5364 1479 5430 πατρός
1516 5376 1632 5414 σου
1660 5359 1883 5428 ἡμέρας
1902 5398 1917 5423 ,

347 5458 409 5510 αἳ
459 5458 690 5512 οὐδέπω
768 5458 1027 5525 ἤλασαν,
1091 5455 1190 5525 ἀφ’
1242 5450 1318 5523 ἧς
1385 5452 1607 5523 ἡμέρας
1672 5451 1921 5522 ἀφεῖλεν

359 5550 605 5618 Ἐφραῖμ
662 5548 782 5604 ἀπὸ
847 5547 1042 5603 Ἰούδα
1104 5547 1211 5601 τὸν
1261 5544 1527 5611 βασιλέα
1590 5543 1707 5599 τῶν
1774 5545 1912 5598 Ἀσ-

347 5643 591 5709 cupitor.

419 5747 846 5819 Τεθορυδημένῳ
882 5747 1001 5803 λίαν
1029 5747 1106 5819 τῷ
1146 5749 1321 5819 Ἀχαζ
1370 5748 1461 5802 ἐπὶ
1513 5750 1585 5817 τῇ
1632 5744 1917 5816 συμφωνίᾳ

348 5838 455 5892 τῶν
484 5839 576 5894 δύο
600 5840 882 5908 βασιλέων,
905 5840 998 5893 τοῦ
1027 5857 1085 5893 τε
1121 5840 1399 5895 Ῥαασσὼν
1446 5841 1538 5893 καὶ
1578 5838 1672 5892 τοῦ
1703 5840 1876 5894 Φακεὲ
1899 5879 1914 5906 ,

2536 5138 2696 5211 124
2722 5138 2977 5196 ORATIO
3021 5141 3082 5197 v.

2092 5276 2253 5333 VBBS.
2291 5279 2379 5333 17.
2441 5278 2547 5334 Sed
2596 5280 2801 5334 inve/tet
2845 5280 3102 5337 Dominus
3148 5284 3260 5349 tibi,
3308 5294 3357 5339 et
3398 5289 3590 5357 popqu

2018 5379 2131 5435 tuo,
2163 5382 2212 5425 et
2238 5370 2418 5425 domui
2445 5373 2613 5440 patris
2638 5374 2715 5426 tui
2759 5373 2892 5438 dies,
2919 5375 3098 5445 quales
3133 5394 3235 5432 non
3257 5392 3523 5447 venerum,
3555 5400 3586 5436 a

2017 5460 2103 5514 die
2130 5476 2233 5530 quo
2271 5461 2489 5516 abstulit
2531 5461 2790 5534 Ephraim
2825 5482 2860 5520 a
2908 5463 3053 5521 Iuda
3087 5470 3375 5541 principem
3422 5474 3586 5544 Assy—

2016 5567 2238 5606 norum.

2093 5748 2333 5806 Turbato
2376 5748 2662 5819 plurimum
2712 5751 2927 5810 Achazo
2982 5766 3200 5826 propter
3235 5759 3593 5828 conspiratio-

2022 5853 2146 5925 nem
2175 5841 2406 5897 duorum
2429 5856 2638 5913 regum,
2670 5841 2952 5901 Rhaassou
2980 5856 3036 5902 et
3060 5846 3288 5918 Phacee,
3320 5849 3589 5920 pollicitus
