4152 6366
540 401 641 456 207

1525 392 1583 448 S.
1624 388 1917 447 CYRILLI‘
1944 384 2411 443 ALEXANDRINI
2451 384 2767 442 ARCHIEP.

3674 388 3780 445 208

533 529 623 573 'eSt
672 504 1047 571 universitatis
1089 511 1229 565 Deus
1274 508 1569 563 subsidium
1605 526 1617 560 :
1649 517 1705 560 et
1747 507 1803 559 in
1848 506 1953 559 ﬁde
1980 514 2104 561 eum

2213 503 2679 574 κατεπηγγέλλετο
2735 501 2833 574 μὲν
2883 502 2979 574 τὴν
3031 501 3348 572 ἐπικουρίαν
3401 502 3432 554 6
3484 501 3593 554 τῶν
3644 503 3783 559 ὅλων

536 609 725 663 volens
754 600 1127 665 corroborare,
1175 601 1387 671 signmn
1433 607 1615 666 petere
1648 595 1811 667 jussit
1841 612 1859 648 ι
1903 596 1955 648 in
1997 610 2115 663 pro-

497 756 501 760 ,
542 698 743 758 fundo,
782 696 894 749 sive
924 694 975 747 in
1012 690 1245 746 excelso.
1285 707 1304 742 ι
1346 687 1632 743 Reuuente
1663 697 1843 741 autem
1873 686 2113 749 Acbazo,

540 798 596 841 et
622 784 1027 857 perversissime
1057 782 1303 835 dicente:
1330 776 1445 832 Non
1467 785 1664 848 petam,
1693 791 1868 846 neque
1897 775 2116 829 tentabo

542 876 823 931 Dominum
880 871 1150 943 (attendit
1201 870 1347 924 enim
1400 868 1575 936 magis
1624 881 1884 921 vanorum
1932 875 2114 919 vatum

540 963 853 1035 imposturls
882 958 924 1032 ),
972 975 1066 1016 sua
1111 969 1301 1030 sponte
1344 957 1746 1028 quodammodo
1800 956 1940 1011 Deus
2000 955 2118 1026 ipse

540 1057 720 1112 domui
758 1054 980 1108 Davidis
1013 1054 1225 1122 signum
1258 1050 1521 1105 exhibuit.
1559 1048 1697 1103 Ecce
1723 1047 1889 1111 enim,
1922 1046 2115 1115 inquit,

544 1149 695 1216 virgo
736 1146 787 1198 in
825 1153 982 1197 utero
1025 1142 1263 1209 habebit,
1311 1149 1366 1197 et
1414 1140 1591 1209 pariet
1636 1139 1824 1202 lilium,
1873 1148 1931 1193 et
1960 1152 2120 1192 voca-

538 1236 673 1290 bunt
717 1249 911 1288 nomen
962 1234 1080 1303 ejus
1126 1231 1463 1286 Emmanuel.
1500 1228 1761 1285 Oratione
1805 1229 2018 1284 demum
2053 1230 2119 1283 de

539 1326 622 1380 bis
649 1340 781 1379 sane
811 1324 950 1379 belle
981 1322 1250 1388 confecta,
1288 1320 1554 1376 transfert
1588 1335 1775 1375 rursus
1815 1320 2117 1373 futurorum

539 1417 939 1485 praedictionem
962 1416 1028 1470 ad
1060 1415 1227 1485 ipsius
1252 1413 1450 1468 Achazi
1478 1427 1788 1483 personam.
1824 1411 2116 1482 Oportebat

536 1508 706 1571 enim,
744 1508 1030 1577 Oportebat
1055 1506 1245 1561 salutis
1279 1520 1378 1574 per
1405 1504 1676 1559 Christum
1707 1504 2115 1573 praanuntiatio-

538 1614 661 1655 nem
703 1599 819 1653 ﬂeri
866 1599 932 1653 ad
970 1613 1065 1653 eos
1088 1598 1176 1667 qui
1208 1613 1274 1650 ex
1320 1596 1520 1650 familia
1561 1600 1717 1651 erant
1757 1596 2030 1660 Davidica,
2068 1595 2119 1650 id

538 1701 623 1747 est
673 1707 738 1747 ex
792 1690 933 1745 tribu
990 1690 1149 1755 Juda,
1199 1690 1266 1744 de
1321 1697 1424 1759 qua
1480 1697 1631 1743 ortus
1683 1696 1767 1743 est
1824 1688 2116 1743 secundum

2217 594 2367 657 Θεὸς·
2398 592 2583 663 ἐπειδή
2610 594 2667 647 δὲ
2692 592 3098 665 προσεμπεδοῦν
3148 592 3334 662 ἢθελεν
3366 593 3445 655 είς
3482 592 3661 645 πίστιν
3682 594 3781 646 αὑ-

2217 687 2327 751 τὸν,
2385 688 2555 738 αἰτεῖν
2583 681 2854 739 ἐκέλευσε
2923 687 3182 755 σημεῖον,
3244 703 3263 735 ι
3304 685 3383 747 είς
3434 683 3595 754 βάθος
3628 685 3662 755 ἢ
3706 686 3786 748 εἰς

2218 778 2369 848 ὕψος.
2403 796 2423 829 s
2457 778 2894 848 Παραιτουμένου
2925 777 2982 830 δὲ
3004 776 3097 830 τοῦ
3144 777 3335 846 Ἀχαζ,
3362 776 3456 829 καὶ
3482 776 3787 846 δύστροπώ-

2217 886 2355 925 τατα
2382 870 2650 939 λέγοντος,
2676 868 2748 924 Οὐ
2783 870 2858 941 μὴ
2884 871 3108 941 αἰτήσω,
3156 868 3263 923 οὐδ’
3309 869 3370 922 οὐ
3412 868 3486 941 μὴ
3541 868 3786 939 πειράσω

2217 961 2423 1032 Κύριον
2449 962 2665 1033 (ἐζήτει
2702 962 2811 1033 γὰρ
2838 962 3035 1033 μᾶλλον
3060 962 3185 1024 τοὺς
3235 961 3300 1014 ἐκ
3336 960 3444 1014 τῶν
3484 960 3787 1031 ψευδομάν-

2217 1071 2354 1107 τεων
2377 1055 2794 1125 φενακισμοὺς),
2832 1054 3166 1124 ηὐτομόλησε
3214 1054 3413 1124 τρόπον
3458 1053 3580 1107 τινά
3621 1054 3785 1116 Θεὸς,

2219 1142 2313 1196 καὶ¹
2334 1142 2411 1213 τῷ
2442 1143 2576 1213 οἴκῳ
2606 1140 2768 1195 Δαὸὶδ
2821 1141 2992 1194 ἐδίδου
3028 1144 3250 1211 σημεῖον
3301 1142 3482 1205 αὐτός.
3538 1143 3783 1210 Ἔφασκε

2218 1235 2347 1305 γάρ’
2386 1252 2404 1285 ι
2441 1232 2573 1288 Ἰδοὺ
2611 1238 2644 1305 ή
2681 1234 2943 1306 παρθένος
2970 1236 3028 1288 ἐν
3053 1234 3249 1305 γαστρὶ
3286 1233 3415 1298 ἕξει,
3452 1234 3545 1288 καὶ
3573 1234 3784 1301 τέξεται

2220 1327 2353 1391 υἱὸν,
2410 1326 2505 1379 καὶ
2549 1324 2797 1388 καλέσεις
2850 1325 2911 1376 τὸ
2952 1324 3122 1394 ὄνομα
3154 1324 3319 1378 αὑτοῦ
3362 1322 3727 1393 Ἐμμανουήλ.
3759 1340 3779 1373 ι

2232 1416 2447 1489 Ἐπειδὴ
2475 1417 2531 1469 δὲ
2563 1419 2592 1471 6
2622 1417 2747 1487 περὶ
2794 1416 2996 1469 τούτων
3032 1413 3091 1469 εὖ
3130 1416 3272 1485 μάλα
3305 1414 3674 1485 διεπεραίνετο
3700 1413 3783 1465 M-

2219 1524 2334 1576 γος,
2373 1507 2657 1577 μεθίστησι
2684 1506 2842 1559 πάλιν
2873 1505 2981 1558 τῶν
3009 1505 3278 1577 ἐσομένων
3309 1504 3408 1575 τὴν
3447 1504 3780 1575 προαγόρευ-

2221 1615 2322 1663 σιν,
2358 1598 2443 1650 ἐπ’
2476 1598 2606 1651 αὐτὸ
2654 1598 2746 1651 τοῦ
2808 1598 2984 1667 Ἀχαζ
3024 1597 3085 1649 τὸ
3120 1597 3426 1668 πρόσωπον.
3479 1596 3623 1648 Ἔδει
3653 1596 3778 1664 γὰρ,

2218 1689 2327 1743 ἔδει
2359 1689 2628 1759 σωτηρίας
2667 1690 2765 1760 μὲν
2804 1691 2903 1760 τῆς
2958 1688 3045 1742 διά
3102 1688 3339 1760 Χριστοῦ
3398 1688 3651 1757 γενέσθαι
3685 1686 3782 1756 τὴν

538 1796 758 1837 carnem
786 1783 900 1853 ipse
925 1781 1195 1837 Christus.
1230 1780 1641 1836 Praedictionem
1668 1786 1848 1833 autem
1870 1780 2113 1848 gravium

2221 1783 2625 1854 προανάρρησιν
2662 1782 2798 1852 πρὸς
2838 1782 2963 1844 τοὺς
3012 1784 3077 1834 ἐκ
3112 1779 3204 1833 τοῦ
3236 1780 3385 1833 οἴκου
3424 1780 3606 1844 Δαϐὶδ,
3638 1779 3780 1832 τοῦτ’

538 1884 592 1931 et
664 1851 1281 1945 inauspicatissimornm
1346 1872 1608 1927 malorum
1681 1870 2113 1926 inobedientibus

2218 1851 2355 1939 ἐστι,
2586 1877 2650 1927 ἐκ
2698 1851 2797 1943 τῆς
2843 1874 3007 1927 Ἰούδα
3042 1874 3228 1945 φυλῆς,
3262 1872 3319 1937 ἐξ
3366 1870 3433 1945 ἧς
3473 1873 3567 1926 καὶ
3618 1871 3780 1933 αὐτὸς

538 1968 765 2037 proponi
792 1967 1039 2029 decebat,
1068 1975 1123 2019 ut
1153 1965 1518 2035 perspicerent
1549 1977 1673 2017 vere
1703 1964 1954 2017 acerbum
1978 1961 2118 2027 fore,

538 2068 594 2114 et
625 2072 730 2113 non
772 2059 993 2126 impune
1032 2068 1315 2112 cessurum
1351 2056 1435 2109 bis
1459 2056 1548 2124 qui
1580 2055 1814 2109 divinam
1864 2053 2118 2122 majesta-

538 2156 645 2201 tem
698 2149 964 2201 dedecore
1015 2154 1341 2216 aspergunt,
1378 2145 1523 2215 quod
1576 2144 1804 2200 Domino
1848 2142 2119 2197 molestias

538 2239 892 2303 facesserent,
922 2248 978 2293 et
1008 2247 1206 2308 praeter
1228 2238 1400 2307 ipsum
1438 2238 1571 2291 alios
1600 2237 1689 2306 qui
1728 2236 1801 2290 dil
1835 2251 1938 2291 non
1971 2244 2115 2300 sunt,

537 2330 845 2386 adorarent.
884 2330 1069 2399 Itaque
1109 2344 1361 2384 successu
1402 2330 1660 2398 temporis
1707 2338 1761 2383 et
1794 2328 1907 2397 ipsa
1932 2326 2120 2383 lliero-

538 2424 771 2496 solyma,
798 2432 854 2479 et
884 2431 1131 2477 cunctam
1169 2420 1476 2476 Iudaeorum
1523 2420 1797 2490 regionem
1824 2419 1876 2473 in
1903 2420 2120 2474 ultimas

535 2517 879 2572 calamitates
915 2514 1308 2569 devolvendam
1342 2528 1482 2578 esse,
1517 2523 1573 2568 et
1606 2512 1855 2567 manibus
1883 2511 2117 2566 hostium

537 2609 895 2671 subdendam,
920 2607 1200 2662 enucleate
1227 2612 1623 2676 praemonstrat.
1641 2605 1905 2660 Czeterum
1927 2604 2120 2659 obscu-

539 2701 736 2753 riorem
785 2698 1079 2751 dictionum
1143 2696 1589 2766 compositionem
1644 2704 1700 2751 et
1755 2684 2115 2761 structuram,

535 2790 713 2860 quoad
761 2799 971 2857 potero,
1021 2796 1148 2840 ante
1194 2786 1300 2840 alia
1345 2786 1511 2839 etiam
1548 2784 1833 2854 aggrediar
1858 2785 2114 2839 enodare.

537 2880 759 2934 lnvehet
797 2879 957 2941 Deus,
1009 2878 1204 2948 inquit,
1246 2876 1342 2931 tibi
1384 2884 1440 2930 et
1477 2876 1673 2946 populo
1704 2885 1816 2941 tuo,
1858 2884 1914 2929 et
1936 2873 2117 2930 domui

537 2974 713 3044 patris
753 2974 827 3025 tui
862 2973 1010 3035 dies,
1042 2969 1228 3039 quales
1283 2982 1554 3037 nunquam
1609 2976 1890 3028 venerunt,
1934 2981 1964 3020 a
2010 2979 2119 3035 quo

537 3066 624 3119 die
650 3064 868 3118 sustulit
896 3062 1154 3132 prraim
1189 3077 1218 3115 a
1241 3058 1400 3115 Juda.
1433 3059 1528 3115 Est
1558 3068 1736 3113 autem
1773 3059 1962 3112 borum
1993 3072 2117 3112 ver-

2217 1966 2543 2019 ἀνατέταλκε
2570 1966 2630 2019 τὸ
2656 1966 2792 2019 κατά
2822 1966 2998 2035 σάρκα
3022 1964 3251 2033 Χριστός
3271 1981 3284 1995 ·
3310 1963 3416 2015 τῶν
3439 1980 3497 2031 γε
3508 1964 3613 2033 μὴν
3642 1978 3779 2029 συμ-

2217 2056 2533 2127 ϐησομένων
2563 2057 2703 2112 κατὰ
2753 2058 2974 2126 καιροὺς
3034 2055 3216 2108 δεινῶν
3244 2071 3304 2107 τε
3350 2055 3442 2107 καὶ
3495 2051 3781 2106 ἀπευκτῶν

2216 2151 2327 2210 τοῖς
2355 2149 2597 2203 ἀπειθεῖν
2620 2148 2914 2220 ᾑρημένοις
2945 2147 3179 2201 ποιεῖται
3217 2146 3314 2216 τὴν
3345 2145 3746 2217 προανάρῤησιν
3766 2182 3779 2206 ,

2218 2240 2284 2293 ἵν’
2309 2240 2496 2293 εἰδεῖεν
2522 2240 2603 2295 ὅτι
2649 2240 2843 2312 πικρὸν
2878 2238 3110 2309 ἀληθῶς,
3142 2240 3235 2292 καὶ
3276 2239 3373 2291 οὐκ
3403 2239 3651 2308 ἀζήμιον,
3673 2240 3783 2299 τοῖς

2217 2333 2315 2403 τὴν
2345 2332 2495 2387 θείαν
2526 2333 2847 2404 ἀτιμάζουσι
2891 2333 3047 2399 δόξαν
3076 2332 3136 2385 τὸ
3175 2332 3431 2401 παρέχειν
3461 2332 3647 2398 ἀγῶνα
3672 2332 3783 2383 Κυ-

2222 2425 2339 2495 ρίῳ,
2376 2425 2471 2477 καὶ
2508 2426 2832 2496 προσκυνεῖν
2862 2423 3075 2477 ἑλέσθαι
3100 2424 3229 2493 παρ’
3263 2423 3423 2476 αὐτὸν
3448 2424 3652 2494 ἑτέροις
3673 2425 3785 2487 τοῖς

2217 2514 2317 2565 οὐκ
2349 2508 2467 2565 οὖσι
2517 2511 2678 2575 θεοῖς.
2711 2512 2833 2566 Ὅτι
2864 2512 3042 2565 τοίνυν
3074 2511 3295 2583 ἔμελλον
3342 2512 3483 2565 κατά
3526 2513 3744 2582 καιροὺς
3767 2552 3783 2574 ,

2219 2602 2361 2656 αὑτά
2388 2618 2452 2654 τε
2469 2601 2538 2655 τά
2573 2602 2941 2673 Ἰεροσόλυμα,
2969 2602 3062 2655 καὶ
3083 2603 3269 2657 ἅπασα
3290 2604 3347 2657 δὲ
3371 2604 3480 2657 τῶν
3524 2604 3784 2658 Ἰουδαίων

2218 2694 2251 2763 ή
2278 2692 2431 2762 χώρα
2460 2696 2579 2756 ταῖς
2606 2694 2862 2764 ἐσχάταις
2904 2695 3319 2765 περιπεσεῖσθαι
3358 2696 3783 2767 ταλαιπωρίαις,

2216 2787 2311 2838 καὶ
2336 2785 2441 2838 ὑπὸ
2478 2790 2638 2857 χεῖρα
2672 2786 2921 2855 γενέσθαι
2947 2787 3055 2839 τῶν
3084 2786 3312 2861 ἐχθρῶν,
3340 2789 3783 2860 προκαταμηνύει

2215 2875 2453 2941 λεπτῶς.
2526 2878 2930 2949 Ἀσαφεστέραν
2982 2878 3039 2931 δὲ
3090 2875 3255 2932 οὖσαν
3288 2878 3385 2949 τὴν
3418 2878 3527 2931 τῶν
3587 2880 3785 2945 λέξεων

2218 2969 2511 3039 συνθήκην,
2539 2969 2615 3033 ὡς
2645 2968 2711 3022 ἂν
2742 2963 2852 3031 οἷός
2874 2985 2955 3032 τε,
2986 2970 3079 3022 καὶ
3103 2970 3209 3040 πρό
3244 2986 3307 3038 γε
3339 2969 3445 3022 τῶν
3476 2970 3647 3024 ἀλλων
3669 2971 3783 3025 δια-

2214 3054 2444 3125 τρανοῦν
2472 3056 2824 3127 πειράσομαι.
2857 3070 2875 3109 ι
2907 3056 3145 3123 Ἐπάξει,
3165 3058 3344 3129 φησὶν,
3363 3060 3391 3110 6
3419 3057 3547 3122 Θεὸς
3579 3060 3670 3113 ἐπὶ
3700 3061 3781 3127 σὲ,

538 3170 694 3208 suum
746 3152 862 3208 hac
900 3152 1166 3208 sententia
1200 3171 1213 3207 :
1252 3152 1610 3221 Temporibus
1632 3151 1809 3221 .regni
1855 3151 2112 3205 Roboami

2220 3147 2313 3200 καὶ
2349 3146 2443 3200 ἐπὶ
2478 3148 2569 3200 τὸν
2591 3148 2714 3202 λαόν
2745 3166 2858 3215 σου,
2891 3150 2985 3204 καὶ
3007 3150 3099 3203 ἐπὶ
3138 3151 3225 3203 τὸν
3255 3147 3401 3204 οἶκον
3450 3151 3545 3204 τοῦ
3580 3153 3781 3222 πατρός

537 3245 635 3302 ﬁlii
687 3246 1015 3312 Salomonis,
1076 3244 1319 3308 abstulit,
1380 3245 1432 3299 id
1478 3254 1561 3298 est
1619 3244 1820 3298 avulsit
1880 3245 2112 3312 seipsum

2224 3254 2339 3301 σου,
2361 3239 2591 3309 ἡμέρας,
2621 3239 2676 3292 αἳ
2705 3240 2856 3294 οὕπω
2876 3242 3093 3312 ἦκασιν,
3126 3241 3218 3311 ἀφ’
3234 3238 3301 3315 ἦς
3334 3242 3542 3314 ἡμέρας
3566 3243 3781 3312 ἀφεῖλεν

536 3339 814 3409 prraim,
831 3340 883 3393 id
901 3348 980 3393 est
998 3336 1340 3408 125d'ecem
1359 3336 1531 3390 tribus
1544 3351 1573 3389 a
1590 3335 1726 3389 Juda
1745 3336 1906 3389 tribu.
1923 3335 2114 3389 Divism

538 3434 664 3484 sunt
710 3429 879 3492 enim,
908 3439 963 3483 et
1007 3429 1192 3484 decem
1225 3427 1400 3481 tribus
1432 3441 1461 3479 a
1497 3427 1638 3480 tribu
1665 3425 1800 3481 Juda
1841 3426 2111 3480 inhabita-

536 3531 662 3574 runt
706 3517 1041 3580 Samariam,
1093 3517 1265 3571 tribus
1312 3525 1492 3570 autem
1541 3515 1676 3571 Juda
1722 3525 1778 3571 et
1826 3516 2111 3570 ‘dimidium

542 3612 715 3665 tribus
749 3610 995 3664 Manasse
1023 3607 1409 3679 Hierosolymis
1438 3614 1833 3662 remanserunt.
1879 3607 1949 3660 At
1985 3621 2114 3675 pro-

537 3717 692 3757 cesso
724 3700 984 3770 temporis
1025 3700 1189 3753 multa
1220 3701 1444 3752 adversa
1502 3698 1606 3753 illis
1635 3698 1963 3753 acciderunt.
2008 3695 2114 3751 Va-

537 3802 678 3848 stata
708 3802 790 3847 est
817 3795 959 3847 enim
994 3792 1261 3854 Samaria,
1293 3801 1347 3845 et
1373 3794 1727 3845 contermina:
1752 3801 1960 3861 gentes,
1989 3790 2114 3844 ldu-

537 3885 679 3948 rna:i,
724 3882 972 3937 Moabitae
1017 3891 1071 3936 et
1114 3882 1383 3935 Philistini
1424 3883 1708 3936 incursum
1757 3882 1812 3937 in
1865 3879 2110 3936 Iudaeam

535 3973 800 4028 fecerunt.
849 3970 1037 4041 Itaque
1089 3973 1328 4041 perpessi
1370 3983 1499 4026 sunt
1552 3981 1662 4027 tam
1717 3971 1772 4026 bi
1823 3987 1985 4043 quam
2037 3973 2114 4027 illi

536 4062 701 4117 multa
729 4074 782 4118 et
810 4065 1015 4131 gravia,
1056 4074 1112 4119 et
1144 4074 1387 4134 tempora
1426 4080 1614 4135 aspera
1644 4075 1950 4120 senserunt.
1992 4064 2115 4121 Dies

537 4156 700 4225 igitur
731 4156 945 4210 invebet
985 4155 1147 4220 Deus,
1179 4155 1366 4225 quales
1398 4171 1502 4213 non
1543 4158 1779 4223 fuerunt,
1812 4159 1926 4213 sive
1962 4158 2114 4212 inVa-

536 4255 722 4299 serunt
768 4259 865 4299 nos
912 4245 980 4299 ab
1028 4258 1094 4299 eo
1142 4255 1416 4316 tempore,
1464 4260 1530 4300 ex
1574 4260 1679 4315 quo
1719 4248 1966 4312 abstulit,
1999 4248 2115 4304 sive

534 4336 765 4406 sejungit
806 4351 865 4392 se
904 4351 933 4390 a
973 4334 1112 4391 Juda
1170 4336 1446 4407 prraim.
1488 4337 1644 4405 Quod
1692 4338 1911 4393 tandem
1962 4339 2115 4394 vobis

534 4432 638 4483 erit
668 4431 769 4484 hoc
799 4440 1034 4499 tempus,
1066 4438 1120 4484 et
1148 4432 1365 4497 quinam
1398 4429 1545 4485 dies?
1566 4429 1703 4494 Rex,
1737 4430 1927 4500 inquit,
1955 4430 2115 4503 Assy-

2227 3330 2464 3401 Ἐφραῒμ
2497 3330 2604 3384 ἀπὸ
2637 3330 2821 3386 Ἰούδα.
2847 3352 2866 3383 ι
2902 3334 3055 3386 Ἐστι
3081 3333 3138 3387 δὲ
3151 3333 3258 3386 τῶν
3284 3334 3474 3404 στίχων
3503 3332 3733 3397 τοιοῦτος
3752 3334 3782 3386 6

2214 3420 2360 3483 νοῢς⁶
2412 3422 2502 3474 Ἐν
2534 3424 2744 3493 καιροῖς
2775 3424 2874 3493 τῆς
2895 3423 3172 3493 βασιλείας
3216 3424 3452 3495 Ῥοϐοάμ
3474 3423 3589 3477 υἱοῦ
3624 3423 3780 3476 Σολο-

2216 3511 2393 3581 μῶνος
2443 3512 2666 3581 ἀφεῖλε,
2723 3515 2867 3568 τοῦτ’
2911 3515 3091 3581 ἐστιν,
3141 3517 3455 3571 ἀπέσπασεν
3509 3518 3701 3571 ἐαυτὸν
3748 3518 3777 3570 6

2226 3602 2484 3674 Ἐφραῒμ,
2508 3603 2652 3658 τοῦτ’
2686 3605 2824 3671 ἔστι,
2874 3607 3036 3661 πάλιν
3073 3608 3130 3660 al
3184 3606 3315 3662 δέκα
3344 3607 3528 3676 φυλαὶ,
3548 3607 3655 3661 ἀπὸ
3677 3608 3779 3678 τῆς

2225 3695 2393 3750 Ἰούδα
2421 3696 2611 3768 φυλῆς.
2653 3698 3058 3770 Ἐχωρίσθησαν
3085 3699 3212 3772 γάρ,
3255 3700 3349 3753 καὶ
3403 3702 3459 3753 αἱ
3510 3700 3608 3770 μὲν
3645 3700 3779 3755 δέκα

2214 3786 2378 3856 φυλαὶ
2400 3789 2509 3841 ἀπὸ
2536 3789 2635 3859 τῆς
2672 3790 2842 3843 Ἰούδα
2892 3790 3097 3861 φυλῆς,
3146 3792 3495 3862 κατῳκήκασι
3538 3791 3638 3863 τὴν
3670 3793 3779 3846 Σα-

2216 3878 2468 3949 μάρειαν,
2501 3881 2533 3950 ή
2565 3879 2623 3933 δέ
2663 3898 2727 3950 γε
2768 3881 2904 3953 φυλὴ
2961 3881 3128 3935 Ἰούδα
3167 3884 3260 3937 καὶ
3293 3882 3353 3935 τὸ
3390 3884 3559 3954 ἥμισυ
3609 3883 3779 3953 φυλῆς

2211 3970 2480 4040 Μανασσῆ
2523 3972 2898 4043 μεμενήκασιν
2933 3973 2992 4025 ἐν
3019 3975 3132 4037 τοῖς
3173 3974 3579 4046 Ἰεροσολύμοις.
3619 3974 3778 4029 Ἀλλὰ

2213 4061 2494 4133 προϊόντος
2516 4061 2610 4115 τοῦ
2628 4062 2818 4132 καιροῦ
2841 4063 3010 4117 πολλά
3036 4064 3346 4135 συμϐἐὸηκε
3365 4065 3473 4119 τῶν
3492 4065 3776 4120 ἀπευκτῶν

2212 4154 2414 4216 αὐτοῖς.
2480 4154 2826 4226 Πεπόρθηται
2862 4155 2970 4226 γὰρ
3018 4157 3051 4226 ή
3103 4156 3404 4227 Σαμάρεια,
3439 4158 3776 4229 κατέδραμον

2210 4245 2268 4299 δὲ
2298 4246 2392 4299 καὶ
2417 4244 2516 4316 τὴν
2552 4245 2809 4299 Ἰουδαίαν
2836 4245 2906 4299 τά
2937 4246 3186 4317 περίοικα
3229 4246 3337 4300 τῶν
3379 4246 3571 4313 ἐθνῶν,
3617 4247 3774 4301 Ἰδου-

2214 4340 2385 4408 μαῖοι,
2413 4337 2722 4405 Μωαϐῖται,
2758 4338 2851 4391 καὶ
2869 4339 2919 4391 oi
2946 4341 3010 4392 ἐκ
3052 4339 3153 4408 τῆς
3194 4340 3512 4412 Φιλιστιείμ.
3570 4338 3775 4395 Πεπὸν-

2212 4430 2338 4485 θασι
2363 4431 2541 4484 τοίνυν
2573 4430 2742 4484 πολλά
2778 4430 2947 4496 δεινὰ,
3002 4432 3096 4485 καὶ
3149 4430 3369 4502 ήμερῶν
3421 4431 3774 4503 πεπείρανται

534 4522 763 4584 rion-um,
817 4521 1069 4575 nimirum
1099 4518 1695 4588 Nabucltodonosorus,
1730 4520 2109 4589 quiﬂieroso-

2216 4523 2490 4595 σκληρῶν,
2523 4518 2667 4579 οὗτοί
2691 4542 2749 4578 τε
2779 4526 3040 4579 κάκεῖνοι.
3081 4525 3324 4596 Ἡμέρας
3354 4526 3551 4592 τοίνυν,
3586 4524 3768 4597 φησὶν,

531 4611 672 4683 lyma
703 4612 951 4677 vastavit,
993 4613 1417 4683 universamqu'e
1442 4610 1679 4668 Judaeam
1713 4615 1765 4668 vi
1800 4615 2103 4683 occupavit,

530 4707 619 4774 qui
654 4705 888 4759 divinum
924 4704 1111 4758 l‘anum
1146 4705 1429 4771 cremavit,
1463 4712 1519 4759 et
1542 4706 1747 4759 nullum
1782 4719 1887 4760 non
1917 4704 2105 4759 ferime

529 4797 866 4852 crudelitatis
895 4806 1067 4867 genus
1095 4797 1369 4864 exercuit,
1396 4796 1696 4867 cuiusmodi
1741 4811 2017 4866 nunquam
2052 4796 2103 4850 in

531 4887 691 4941 ullam
729 4898 940 4955 gentem
972 4897 1220 4955 patrasse
1256 4889 1541 4957 reperitur.

2213 4615 2404 4681 ἐπάξει
2432 4616 2584 4679 Θεὸς,
2618 4610 2694 4670 ὧν
2722 4617 2833 4671 ἴσαι
2854 4615 3005 4672 οὔπω
3035 4619 3347 4686 γεγόνασιν,
3378 4620 3493 4689 ἦτοι
3519 4618 3773 4687 ἀφίκοντο

2210 4706 2331 4761 καθ’
2355 4706 2507 4777 ὑμῶν
2528 4707 2588 4771 ἐξ
2610 4708 2817 4761 ἐκείνου
2849 4708 2942 4763 τοῦ
2976 4709 3293 4779 καιροῦ,ἀφ’
3315 4704 3374 4764 οὗ
3398 4710 3630 4779 ἀφεῖλεν,
3654 4709 3771 4779 ήτοι

2205 4795 2523 4849 ἀπέσπασεν
2550 4797 2742 4850 ἐαυτὸν
2773 4797 2802 4848 6
2837 4796 3075 4867 Ἐφρατμ
3106 4798 3211 4851 ἀπὸ
3248 4798 3341 4851 τοῦ
3392 4798 3579 4851 Ἰούδα.
3614 4798 3771 4859 Ποῖος

2207 4884 2265 4938 δὲ
2286 4886 2417 4954 ἡμῖν
2444 4876 2599 4947 οὗτος
2629 4887 2657 4937 6
2679 4887 2889 4956 καιρὸς,
2919 4886 2951 4955 ἢ
2976 4887 3119 4949 τίνες
3157 4891 3212 4941 αί
3260 4887 3487 4958 ἡμέρας
3534 4886 3590 4939 '0
3621 4886 3772 4955 βασι·

529 4984 673 5050 λεὺς,
703 4984 886 5052 φησὶν,
942 4983 1263 5054 Ἀσσυρίων,
1329 4983 1471 5037 τοῦτ’
1542 4985 1711 5049 ἔστιν,
1754 4987 1784 5037 6
1842 4983 2344 5055 Ναϐουχοδονόσορ,
2392 4981 2452 5043 ὃς
2514 4982 2828 5052 πεπόρθηκε
2886 4982 2955 5035 τὰ
3024 4982 3395 5053 Ἰεροσόλυμα,
3476 4982 3569 5036 καὶ
3629 4979 3769 5032 κατά

530 5075 727 5143 κράτος
754 5069 862 5126 εἷλε
898 5077 1076 5129 πᾶσαν
1101 5077 1205 5147 τὴν
1261 5075 1551 5139 Ἰουδαίαν,
1610 5076 1879 5147 ἐνέπρησε
1923 5075 1980 5128 δέ
2017 5074 2113 5128 καὶ
2146 5073 2238 5127 τὸν
2264 5072 2407 5124 θεῖον
2438 5070 2587 5135 ναὸν,
2613 5071 2709 5124 καὶ
2765 5071 2915 5125 οὐδὲν
2978 5071 3037 5123 τὸ
3082 5071 3338 5142 παράπαν
3370 5071 3477 5125 τῶν
3514 5073 3593 5135 εἰς
3621 5071 3765 5141 ὠμό-

527 5187 666 5239 τητα
693 5170 1039 5241 θηριοπρεπῆ
1076 5170 1496 5242 παραλέλοιπεν,
1543 5169 1572 5222 6
1629 5170 1703 5241 μὴ
1736 5171 1875 5224 κατά
1912 5170 2110 5233 παντὸς
2144 5165 2418 5239 δεδρακὼς
2448 5165 2881 5236 εὑρίσκηταιτοῦ
2914 5165 3117 5231 ἔθνους.

604 5257 765 5315 Vens.
795 5261 903 5315 ι18.
941 5261 1011 5312 Et
1041 5262 1137 5313 erit
1178 5264 1233 5314 in
1281 5262 1367 5314 die
1406 5261 1523 5326 illa,
1565 5260 1791 5313 sibiiabit
1843 5260 2098 5314 Dominus

528 5350 724 5414 muscis
775 5360 891 5418 qua:
929 5352 1268 5405 dominantur
1302 5355 1441 5419 parti
1495 5352 1723 5420 ﬂuminis
1761 5351 2001 5422 Egypti,
2048 5360 2096 5405 et

528 5439 615 5506 api
647 5454 763 5505 qua!
783 5448 859 5491 est
892 5439 944 5492 in
974 5443 1181 5510 regione
1202 5436 1563 5509 Assyriorum,
1594 5451 1641 5493 et
1668 5441 1873 5495 venient
1896 5455 2091 5505 omnes,

527 5539 574 5581 et
608 5528 898 5582 residebunt
940 5533 994 5583 in
1040 5532 1262 5586 vallibus
1305 5534 1551 5602 regionis,
1580 5543 1627 5587 et
1660 5535 1712 5586 in
1742 5533 1877 5587 cavis
1919 5542 2095 5601 petra-

528 5634 668 5684 rum,
692 5630 737 5673 et
768 5621 821 5673 in
864 5622 1145 5690 speluncis,
1178 5634 1223 5677 et
1260 5624 1311 5676 in
1342 5626 1483 5678 omni
1512 5625 1762 5689 scissura,
1796 5633 1845 5677 et
1878 5626 2092 5678 inomni

528 5706 692 5776 ligno.

2272 5256 2381 5311 Καὶ
2411 5254 2583 5309 ἔσται
2637 5256 2707 5309 ἐν
2742 5254 2815 5323 τῇ
2862 5256 3050 5324 ἡμέρᾳ
3088 5255 3289 5323 ἐκείνῃ
3329 5254 3527 5325 συριεῖ
3556 5255 3766 5323 Κύριος

2195 5346 2422 5415 μυίαις,
2475 5344 2506 5397 6
2568 5344 2827 5413 κυριεύει
2869 5343 3089 5412 μέρους
3137 5342 3400 5411 ποταμοῦ
3445 5343 3760 5408 Αἰγύπτου,

2196 5438 2295 5490 καὶ
2323 5435 2399 5505 τῇ
2416 5437 2709 5505 μελισσῃ,
2727 5435 2766 5502 ἢ
2790 5436 2960 5489 ἐστιν
2979 5434 3048 5488 ἐν
3068 5432 3227 5504 χώρᾳ
3254 5435 3370 5487 τῶν
3404 5433 3726 5500 Ἀσσυρίων
3744 5446 3758 5464 '

2196 5529 2293 5582 καί
2325 5529 2678 5582 ἐλεύσονται
2740 5527 2961 5593 πάντες
2983 5568 2997 5593 ,
3040 5526 3138 5581 καὶ
3196 5527 3642 5581 ἀναπαύσονται
3695 5524 3765 5577 ἐν

2196 5620 2324 5686 ταῖς
2351 5619 2609 5692 φάραγξι
2659 5617 2766 5688 τῆς
2815 5620 3030 5688 χώρας,
3062 5618 3158 5672 καί
3205 5619 3275 5671 ἐν
3316 5615 3598 5685 τρὼγλαις
3645 5615 3765 5669 τῶν

2199 5709 2451 5778 πετρῶν,
2478 5712 2573 5765 καὶ
2602 5714 2689 5775 εἰς
2735 5711 2807 5763 τὰ
2847 5709 3136 5776 σπήλαια,
3164 5708 3259 5763 καὶ
3302 5710 3387 5774 εὶς
3421 5705 3627 5763 πᾶσαν
3652 5706 3779 5778 ῥα(

2198 5803 2367 5872 τάδα,
2396 5804 2491 5857 καὶ
2522 5805 2591 5858 ἐν
2618 5805 2790 5859 παντὶ
2814 5804 2996 5870 ξύλῳ.
