4152 6366
415 410 520 468 209

1592 426 1659 481 IN
1700 428 1928 484 ISAIAM
1970 431 2093 485 LIB.
2145 434 2182 488 I.
2219 435 2423 493 ORAT.
2466 439 2524 493 V.

3552 448 3659 503 210

489 527 935 627 F-G‘EEUpl-WEt-‘td
991 534 1257 607 διήγημα,
1310 538 1402 592 καὶ
1449 540 1607 595 διεισι
1664 544 1872 609 λεπτῶς
1898 544 1989 598 τοῦ

2163 548 2467 620 Ampliﬁcat
2486 554 2943 623 narrationem,et
2967 556 3216 612 minutim
3242 553 3498 627 impetum
3533 557 3661 615 belli

419 617 659 707 πολέμου
684 622 785 694 τὴν
818 624 1025 694 ἔφοδον,
1060 629 1153 682 καὶ
1171 630 1253 682 ὅτι
1282 632 1460 685 πᾶσαν
1476 634 1656 687 αὐτῶν
1678 652 1990 707 κατανεμη-

417 706 673 778 θήσονται
694 711 820 782 γῆν,
877 714 1069 785 κώμας
1093 734 1154 770 τε
1206 719 1299 772 καὶ
1345 720 1543 785 πόλεις,
1569 723 1619 775 oi
1667 723 1789 777 κατ’
1815 706 1993 776 αὐτῶν

414 798 637 869 ἥξοντες
667 804 811 859 κατὰ
861 808 1104 880 καιρούς.
1152 811 1364 881 Χρῆναι
1404 812 1461 864 δὲ
1515 808 1667 884 οἶμαι
1720 815 1789 869 τὰ
1830 817 1888 869 ὲν
1925 818 1988 886 τῇ

412 891 649 965 τετάρτῃ
704 894 814 949 τῶν
858 897 1154 967 Βασιλειῶν
1187 902 1546 973 γεγραμμένα
1594 904 1757 967 πάλιν
1781 908 1988 969 εἰπεῖν,

412 983 553 1073 πρὸς
577 983 678 1056 τὴν
710 986 821 1040 τῶν
854 988 1131 1062 ἐσομένων
1169 993 1372 1064 ἀκριϐῆ
1405 994 1755 1067 διασάφησιν.
1795 997 1990 1073 Γέγονε

412 1072 592 1126 τοίνυν
624 1074 739 1137 υίὸς
791 1077 890 1149 μὲν
922 1081 1019 1133 τοῦ
1065 1081 1261 1151 Ἀχας,
1316 1086 1452 1156 πρὸς
1494 1086 1553 1140 ὂν
1598 1086 1692 1155 νῦν
1737 1089 1765 1141 ὀ
1811 1087 1986 1156 λόγος,

423 1162 692 1235 Ἐζεκίας,
746 1167 985 1240 Ἐζεκίου
1014 1171 1071 1226 δὲ
1104 1174 1391 1245 Μανασῆς’
1426 1178 1656 1247 Μανασῆ
1690 1178 1746 1231 δὲ
1788 1180 1986 1250 Ἀμώς.

410 1255 613 1310 Τούτου
650 1258 707 1310 δὲ
743 1263 871 1324 παῖς
907 1263 1116 1327 Ἰωσίας
1142 1265 1283 1336 ἀνὴρ
1319 1268 1568 1340 εὐσεϐὴς,
1612 1268 1751 1341 πλὴν
1780 1270 1991 1324 ἀπεὸίω

408 1345 597 1416 τοιῷδέ
620 1366 727 1402 τινι
749 1352 956 1424 τρόπῳ.
984 1354 1181 1426 Φαραὼ
1205 1358 1401 1428 Νεχαὼ
1434 1359 1685 1429 βασιλεὺς
1712 1360 1989 1429 Αἰγύπτου

408 1440 508 1511 τὴν
540 1440 869 1509 ἐνεγκοῦσαν
910 1446 1069 1515 ἀφεῖς
1116 1447 1289 1514 ὲξέθει
1349 1454 1692 1524 πανστρατιᾷ
1724 1454 1818 1505 καὶ
1847 1453 1989 1507 κατὰ

406 1531 505 1599 τῆς
556 1532 856 1603 ’Δσσυρίων
905 1538 1167 1607 ἠπείγετο
1214 1540 1337 1610 γῆς.
1393 1539 1590 1605 Δεδιώς
1639 1560 1697 1595 τε
1743 1544 1920 1596 τοίνυν
1961 1546 1991 1597 ὀ

422 1621 652 1686 Ἰωσίας,
690 1625 767 1695 μὴ
793 1626 901 1695 ἄρα
929 1644 1046 1690 πως
1076 1627 1171 1682 καὶ
1206 1630 1348 1683 κατὰ
1376 1629 1476 1699 τῆς
1505 1630 1765 1694 Ἰουδαίας
1794 1630 1987 1697 ἐλθὼν,

407 1712 513 1765 ὑπὸ
531 1716 686 1783 χεῖρά
714 1733 772 1769 τε
796 1717 893 1787 τὴν
920 1718 1113 1772 ἑαυτοῦ
1138 1718 1313 1784 λάϐοι,
1339 1721 1433 1773 καὶ
1456 1721 1771 1793 κατάρξειεν
1796 1723 1986 1793 αὐτῆς,

405 1799 724 1869 ἀντεξάγειν
753 1803 933 1874 ἤθελε,
964 1806 1142 1860 καίτοι
1167 1807 1260 1860 τοῦ
1286 1807 1504 1880 Φαραὼ,
1538 1810 1638 1881 τὴν
1662 1813 1797 1883 πρὸς
1825 1812 1989 1867 αὑτὸν

408 1895 848 1963 παραιτουμένου
876 1897 1055 1968 μάχην
1084 1916 1097 1930 ·
1140 1900 1489 1972 ἐνιστάμενος
1519 1902 1573 1956 δὲ
1602 1903 1985 1975 τετελεύτηκεν
2016 1889 2058 1944 Β

407 1981 467 2031 ἐν
501 1980 577 2049 τῷ
600 1982 845 2056 πολέμῳ,
876 1988 972 2042 καὶ
1003 1991 1381 2064 κατεκράτησε
1434 1994 1535 2064 τῆς
1586 1994 1854 2049 Ἰουδαίων
1885 1998 1987 2067 γῆς

404 2070 433 2120 ὁ
454 2070 772 2145 Αἰγύπτιος,
800 2078 880 2140 είς
926 2079 1083 2134 τοῦτο
1108 2081 1169 2135 δὲ
1205 2082 1454 2154 διήλασεν
1490 2086 1692 2157 ίσχύος,
1722 2085 1863 2142 ὥστε
1892 2088 1988 2141 καὶ

408 2158 805 2226 βασιλεύσαντα
839 2166 929 2220 τὸν
976 2170 1203 2247 Ἰωαχὰς
1241 2173 1332 2229 τὸν
1374 2177 1577 2230 Ἰωσίου
1621 2180 1785 2233 παῖδα
1823 2197 1986 2250 μετα-

408 2253 603 2323 στῆσαι
632 2260 733 2330 τῆς
766 2258 1063 2328 βασιλείας,
1095 2266 1189 2318 καὶ
1230 2266 1513 2339 δεδεμένον
1556 2271 1883 2340 εἰσενεγκεῖν
1907 2274 1987 2334 είς

404 2344 503 2415 τὴν
555 2347 751 2403 ἑαυτοῦ
800 2352 1005 2422 χώραν,
1054 2356 1149 2408 καὶ
1203 2359 1576 2430 χειροτονῆσαι
1627 2360 1852 2431 βασιλέα
1895 2363 1987 2415 τὸν

420 2434 734 2508 Ἐλιακείμ,
776 2441 871 2493 καὶ
922 2442 1161 2521 δασμοὺς
1206 2448 1476 2502 ἐπιθεῖναι
1535 2450 1614 2522 τῷ
1667 2451 1830 2517 ἔθνει,
1892 2455 1987 2507 καὶ

405 2527 703 2595 χρημάτων
738 2530 981 2601 ἄθροισιν
1010 2538 1231 2607 αἰτῆσαι
1288 2538 1507 2611 πολλήν.
1564 2539 1697 2601 Εἶτα
1741 2524 1986 2614 βασιλεύ-

408 2632 597 2681 σαντος
634 2623 732 2691 τῆς
774 2623 1026 2690 Ἰουδαίας
1068 2628 1350 2701 Ἐλιακείμ
1394 2633 1480 2687 ἐπ’
1511 2632 1688 2688 ἐτεσιν
1727 2636 1866 2699 ὅλοις
1898 2637 1985 2688 έν-

404 2707 536 2761 δεκα
559 2711 648 2766 τὸν
678 2713 931 2785 ἀριθμὸν,
980 2717 1280 2791 διαδέχεται
1321 2725 1448 2787 τοὺς
1502 2724 1702 2788 θάκους
1736 2728 1987 2799 Ἰεχονίας

406 2801 522 2864 υίὸς
545 2804 735 2863 αὐτοῦ’
786 2804 907 2861 εἶτα
958 2811 1100 2885 μετὰ
1136 2812 1323 2867 τοῦτον
1373 2816 1647 2881 Σεδεκίας,
1684 2811 1745 2871 οὗ
1768 2822 1864 2890 τὴν
1892 2820 1987 2892 βα-

407 2893 612 2949 σιλείαν
675 2896 982 2968 διέποντος,
1040 2908 1473 2976 κατεστράτευσε
1509 2910 1608 2980 τῆς
1668 2911 1924 2982 Ἰουδαίας
1959 2916 1987 2967 ό

404 2986 909 3065 Ναϐουχοδονόσορ,
955 2994 1012 3059 ὃς
1059 2997 1154 3049 καὶ
1200 2998 1380 3062 πάσας
1430 3006 1844 3074 κατεμπρήσας,
1894 3007 1988 3063 καὶ

406 3079 663 3147 προσθεὶς
696 3085 814 3169 ταῖς
845 3084 1032 3150 ἄλλαις
1066 3087 1285 3143 πόλεσιν
1309 3092 1403 3146 καὶ
1441 3093 1610 3164 αὐτὴν
1642 3095 1742 3165 τὴν
1790 3096 1988 3169 Ἰερου-

2093 637 2372 706 describit,
2402 652 2456 698 et
2479 644 2620 710 quod
2648 660 2863 701 omnem
2899 661 3084 702 eorum
3121 657 3344 711 terram,
3381 648 3573 718 Oppida
3605 656 3662 704 et

2093 730 2254 789 nrbes
2285 734 2518 790 excisuri
2543 728 2746 802 essent,
2773 738 2864 810 qui
2889 739 3214 809 temporibus
3244 739 3661 809 succedentibus

2092 836 2186 895 eos
2220 823 2456 880 invasuri
2489 837 2666 883 erant.
2700 828 2798 885 Hic
2820 844 3007 886 rursus
3054 845 3159 900 quo
3208 831 3323 887 haec
3369 830 3559 893 melius
3592 832 3661 884 il-

2091 911 2388 977 lustrentur
2417 917 2640 973 dicenda
2658 918 2867 988 judico,
2895 936 3015 992 quae
3041 921 3093 975 in
3122 930 3317 992 quarto
3348 922 3656 992 Regnorum

2091 1008 2291 1075 scripta
2320 1018 2463 1065 sunt.
2506 1008 2628 1065 Fuit
2660 1012 2825 1078 igitur
2847 1012 2989 1067 ﬁlius
3014 1012 3212 1067 Achazi
3237 1011 3303 1067 ad
3329 1026 3487 1080 quem
3516 1026 3661 1073 nunc

2091 1112 2269 1154 sermo
2289 1110 2391 1164 est,
2430 1100 2710 1167 Ezechias,
2735 1102 2982 1158 Ezechiae
3009 1114 3187 1175 autem
3228 1102 3523 1167 Manasses,
3540 1099 3655 1171 Ma-

2092 1191 2267 1245 nassis
2296 1192 2497 1261 Amos;
2530 1195 2689 1265 hujus
2736 1196 2877 1250 ﬁlius
2907 1193 3080 1251 Josias
3122 1195 3242 1259 fuit,
3271 1196 3354 1249 vir
3391 1194 3512 1262 pius
3536 1193 3656 1263 qui-

2090 1281 2234 1344 dem.
2263 1294 2629 1341 verumtamen
2666 1285 2811 1341 hunc
2839 1287 2906 1341 ad
2937 1287 3153 1342 modum
3193 1302 3222 1341 e
3257 1287 3393 1343 vivis
3426 1285 3655 1355 emigra-

2094 1375 2193 1429 vit.
2222 1374 2431 1437 Pharao
2452 1376 2667 1433 Nechao
2689 1394 2782 1443 rex
2822 1378 3062 1449 Egypti,
3091 1379 3263 1448 patria
3290 1378 3497 1441 relicta,
3536 1391 3655 1440 om-

2089 1482 2186 1522 nes
2235 1468 2420 1538 copias
2461 1469 2666 1535 eduxit,
2705 1481 2759 1525 et
2812 1481 3001 1526 contra
3052 1480 3245 1535 terram
3309 1468 3653 1539 Assyriorum

2089 1572 2315 1628 propere
2341 1561 2738 1629 expeditionem
2774 1560 2925 1631 fecit.
2967 1562 3180 1617 Veritus
3207 1575 3336 1631 ergo
3364 1557 3561 1622 Josias,
3589 1573 3659 1611 ne

2088 1650 2301 1717 quando
2333 1660 2531 1706 terram
2570 1650 2847 1715 Judaicam
2888 1652 3148 1708 invadens
3174 1666 3292 1709 eam
3326 1663 3438 1705 suae
3464 1648 3656 1705 ditioni

2090 1745 2464 1814 subjiceret,in
2491 1759 2663 1816 eaque
2691 1747 3249 1811 dominaretur,arma
3285 1750 3476 1796 contra
3507 1739 3651 1793 ferre

2089 1836 2277 1901 voluit,
2301 1838 2463 1892 etiam
2489 1852 2612 1893 cum
2644 1838 2698 1892 in
2735 1836 2884 1892 illum
2928 1836 3140 1895 Pharao
3182 1846 3413 1905 pugnam
3441 1830 3654 1885 detrec—

2091 1937 2264 1982 taret:
2321 1943 2519 1997 urgens
2562 1942 2692 1985 vero
2746 1929 2798 1984 in
2841 1927 2981 1983 bello
3028 1926 3300 1989 occubuit,
3348 1934 3656 1991 terramque

2092 2020 2251 2090 126
2274 2018 2581 2083 Judaeorum
2615 2019 2941 2090 expugnavit
2975 2017 3282 2090 Egyptius,
3314 2014 3406 2083 qui
3437 2013 3503 2068 ad
3538 2022 3657 2066 tau-

2089 2123 2196 2173 tam
2219 2111 2510 2183 potentiam
2533 2113 2811 2181 aspiravit,
2846 2112 3088 2166 utetiam
3115 2109 3349 2166 Joachaz
3378 2107 3542 2162 ﬁlium
3566 2103 3659 2160 Jo-

2086 2206 2181 2267 sjae
2213 2219 2436 2276 regnum
2470 2190 2821 2269 obtinentem,
2858 2217 3025 2273 regno
3054 2200 3297 2271 pelleret,
3325 2200 3562 2263 vinctum
3600 2197 3655 2250 in

2088 2312 2241 2352 suam
2272 2296 2542 2367 regionem
2571 2294 2828 2352 inferret:
2860 2293 3118 2348 Eliacbim
3146 2307 3325 2363 regem
3356 2290 3655 2351 constitue-

2087 2396 2210 2452 ret,
2264 2386 2546 2457 vectigalia
2596 2385 2741 2455 genti
2798 2386 3138 2455 imponeret,
3195 2381 3656 2450 pecuniarumque

2087 2473 2341 2542 grandem
2376 2474 2484 2528 vim
2517 2472 2778 2542 exigeret.
2812 2473 3074 2540 Deinceps
3121 2485 3243 2527 cum
3294 2476 3574 2540 regnasset
3603 2468 3656 2521 in

2087 2562 2267 2619 Judaea
2305 2562 2637 2631 Eliaehimus
2669 2578 2840 2623 annos
2861 2562 3111 2618 undecim
3141 2558 3659 2630 integros,succedit

2089 2658 2141 2713 in
2195 2656 2370 2719 locum
2424 2653 2714 2721 Jechonias
2774 2655 2917 2711 ﬁlius
2944 2655 3106 2723 ejus;
3167 2662 3278 2715 tum
3340 2659 3463 2721 post
3514 2649 3659 2703 hune

2089 2748 2399 2814 Sedeohias,
2421 2764 2530 2818 quo
2569 2757 2783 2803 tenente
2810 2762 3036 2818 regnum
3073 2744 3271 2801 bellum
3305 2743 3444 2813 gerit
3469 2750 3658 2809 contra

2086 2838 2322 2899 Iudaeam
2362 2838 2961 2903 Nabuchodonosorus:
3006 2835 3098 2905 qui
3126 2849 3245 2893 eam
3279 2842 3445 2888 totam
3475 2832 3660 2887 incen-

2089 2932 2184 2993 dit,
2213 2938 2269 2985 et
2307 2938 2501 3000 praeter
2549 2929 2682 2987 alias
2712 2929 2889 2995 urbes,
2923 2928 3097 2998 ipsam
3137 2926 3300 2981 etiam
3333 2922 3656 2989 Jerusalem,

2088 3022 2357 3092 captivum
2402 3024 2541 3092 cepit
2577 3021 2851 3085 lsraelem,
2886 3036 3010 3076 cum
3057 3019 3230 3075 sacris
3283 3018 3451 3082 vasis,
3486 3023 3660 3087 eaque

2092 3115 2261 3185 gessit
2291 3130 2411 3183 quae
2441 3124 2567 3172 sunt
2603 3114 2657 3177 in
2686 3114 2856 3177 sacris
2881 3112 3123 3171 Litteris.
3146 3113 3258 3165 Has
3287 3109 3542 3166 historias
3571 3122 3661 3162 no-

407 3170 608 3276 σαλημ,
666 3167 810 3228 εἷλεν
845 3179 1190 3253 αἰχμάλωτον
1238 3182 1330 3239 τὸν
1390 3185 1627 3256 Ἰσραὴλ,
1681 3187 1817 3257 ὁμοῦ
1874 3167 1988 3257 τοῖς

2091 3167 2174 3263 bis
2195 3222 2257 3269 ea
2288 3167 2407 3275 quae
2433 3206 2707 3275 proposita
2738 3213 2866 3260 sunt
2896 3206 3121 3258 innuunt
3142 3211 3197 3267 et
3219 3201 3513 3269 insinuant.
3541 3199 3661 3254 Erit

408 3265 624 3317 σκεύεσι
664 3270 773 3331 τοῖς
806 3270 990 3343 ἱεροῖς,
1036 3274 1264 3339 κάκεῖνα
1302 3276 1615 3348 πέπραχεν,
1665 3280 1763 3333 ὅσα
1794 3282 1887 3347 καὶ
1924 3282 1982 3334 ὲν

404 3358 514 3418 τοῖς
548 3358 714 3428 ἱεροῖς
739 3364 918 3417 κεῖται
946 3364 1261 3435 Γράμμασι.
1297 3367 1514 3422 Τούτων
1543 3372 1672 3441 ἡμῖν
1702 3371 1808 3435 τῶν
1840 3374 1982 3425 ίστοο

408 3449 540 3517 ριῷν
562 3456 795 3507 ποιεῖται
834 3455 931 3524 τὴν
964 3457 1242 3529 ἀφήγησιν
1269 3460 1378 3514 τῶν
1418 3464 1790 3534 προκειμένων
1826 3467 1858 3537 ὴ
1887 3466 1980 3518 δύ-

408 3560 589 3612 ναμις.
640 3565 659 3596 r
689 3546 883 3600 Ἔσται
914 3550 1114 3618 τοίνυν,
1147 3552 1334 3624 φησὶν,
1383 3555 1442 3616 ὲν
1474 3558 1539 3628 τῇ
1584 3556 1765 3629 ἡμέρᾳ
1801 3560 1983 3632 ἐκείνῃ

410 3634 575 3703 (τοῦτ’
604 3636 740 3702 ἔστι,
786 3639 908 3703 κατ’
958 3644 1135 3705 έκεῖνο
1179 3646 1272 3698 τοῦ
1305 3646 1542 3718 καιροῦ),
1580 3652 1753 3720 συριεῖ
1781 3651 1983 3722 Κύριος

413 3726 617 3793 μυίαις,
643 3728 672 3781 ὃ
701 3731 943 3802 κυριεύει
979 3734 1179 3804 μέρους
1202 3736 1462 3807 ποταμῶν
1478 3739 1614 3807 Αίγύ
1627 3758 1777 3805 mou,
1803 3743 1895 3795 καὶ
1915 3745 1981 3815 τῇ

412 3821 661 3896 μελίσσῃ,
684 3841 703 3874 ι
738 3825 773 3894 ἥ
803 3826 953 3879 ἐστιν
969 3828 1029 3882 ὲν
1042 3828 1194 3901 χώρᾳ
1208 3830 1316 3883 τῶν
1348 3831 1666 3903 Ἀσσυρίων.
1684 3834 1983 3906 Πεποίηται

407 3914 587 3968 τοίνυν
612 3917 641 3967 ό
671 3914 826 3984 λόγος
858 3917 933 3981 ὼς
959 3920 1024 3972 ὲκ
1056 3924 1373 3993 μεταφορᾶς
1405 3924 1504 3995 τῆς
1531 3924 1638 3978 τῶν
1668 3925 1983 3995 μελισσοκό-

411 4023 529 4074 μων
563 4009 874 4080 ἐμπειρίας,
909 4013 958 4064 οἳ
1000 4015 1296 4085 συρίσμασι
1328 4016 1423 4080 τὰς
1459 4016 1621 4087 μυίας
1650 4018 1981 4090 ἀποφέρουσί

407 4115 467 4151 τε
499 4098 607 4153 τῶν
637 4100 877 4181 σίμϐλων
906 4107 985 4169 είς
1012 4107 1214 4183 ἀγροὺς
1246 4107 1338 4165 καὶ
1379 4110 1539 4168 πάλιν
1573 4111 1980 4183 ἁνακομίζουσι,

410 4192 663 4269 καθάπερ
713 4197 824 4249 τισὶ
881 4201 1069 4277 σηκοῖς
1131 4201 1616 4274 ὲγκαθειργνύντες
1673 4204 1981 4278 θρέμματα.

410 4283 613 4348 Μυίαις
672 4286 728 4340 δὲ
775 4291 1097 4359 παρεικάζει
1151 4294 1274 4357 τοὺς
1320 4295 1669 4362 Αἰγυπτίους,
1734 4276 1985 4370 καθάπερ

410 4372 835 4447 ἑγῷμαι,διάτοι
860 4383 921 4437 τὸ
950 4383 1152 4455 πλῆθος
1189 4388 1282 4441 καὶ
1317 4388 1377 4440 τὸ
1413 4388 1487 4460 μὴ
1521 4388 1638 4443 λίαν
1669 4388 1863 4461 εὖηχες
1888 4391 1986 4461 τῆς

411 4470 612 4540 φωνῆς.
630 4472 871 4544 Μελίσσῃ
901 4474 980 4549 δὲ,
1007 4475 1066 4528 τὸ
1096 4476 1204 4529 τῶν
1248 4479 1543 4551 Ἀσσυρίων
1573 4480 1742 4543 ἔθνος·
1770 4482 1986 4553 ποικίλη

2090 3300 2249 3370 igitur
2277 3300 2329 3357 in
2360 3301 2446 3361 die
2491 3300 2606 3365 illa,
2643 3300 2695 3355 id
2738 3306 2844 3365 est,
2869 3298 2972 3361 sub
3009 3298 3062 3351 id
3104 3295 3385 3366 temporis,
3425 3292 3663 3349 sibilabit

2092 3393 2235 3451 Deus
2269 3392 2489 3457 muscis,
2521 3404 2641 3459 quae
2681 3389 2822 3459 parti
2857 3388 3094 3443 ﬂuminis
3121 3385 3340 3457 [Egypti
3375 3386 3659 3442 dominan-

2091 3494 2208 3549 tur,
2274 3493 2326 3538 et
2371 3483 2458 3551 api
2499 3496 2619 3551 quae
2664 3488 2749 3541 est
2791 3480 2843 3533 in
2881 3480 3097 3548 regione
3135 3478 3505 3548 Assyriorum.
3561 3475 3658 3530 Ef-

2093 3571 2216 3635 ﬁcta
2265 3569 2493 3641 proinde
2532 3578 2585 3633 et
2637 3567 2863 3637 ﬁgurata
2915 3577 3000 3621 est
3051 3568 3262 3631 oratio.
3296 3567 3450 3635 Quasi
3486 3575 3660 3635 emeta-

2091 3660 2254 3728 phora
2286 3660 2352 3713 ab
2384 3672 2486 3726 ope
2516 3666 2571 3711 et
2606 3654 2866 3723 industria
2904 3667 3090 3708 eorum
3126 3654 3215 3725 qui
3247 3653 3438 3719 apibus
3466 3665 3660 3703 curan-

2090 3752 2173 3807 dis
2214 3758 2470 3820 praesunt,
2511 3756 2566 3805 et
2594 3750 2688 3819 qui
2723 3761 2939 3805 muscas
2982 3746 3139 3800 sibilo
3169 3759 3201 3798 e
3233 3744 3375 3799 nidis
3405 3744 3456 3796 in
3500 3756 3660 3812 agros

2088 3850 2335 3905 evocant,
2360 3842 2627 3906 etiterum
2661 3840 2943 3901 reducunt,
2976 3837 3137 3903 veluti
3177 3836 3402 3899 stabulis
3426 3835 3653 3904 quibus-

2090 3935 2212 3990 dam
2235 3933 2614 3997 coneludentes
2645 3930 3073 4002 pecora.Muscis
3103 3938 3377 3999 autem,ut
3407 3942 3510 4000 ego
3533 3928 3658 3995 qui-

2088 4027 2209 4083 dem
2232 4025 2434 4095 judico,
2465 4026 2677 4087 confert
2708 4024 2997 4096 Egyptios
3020 4032 3135 4089 tum
3164 4031 3382 4093 propter
3413 4022 3655 4085 multitu-

2090 4120 2292 4182 dinem,
2327 4127 2436 4173 tum
2467 4118 2536 4187 ob
2590 4133 2778 4173 vocem
2810 4120 3068 4191 absonam
3096 4129 3196 4171 nec
3224 4116 3297 4175 ita
3332 4116 3467 4191 bene
3493 4128 3655 4177 sono-

2092 4227 2228 4265 ram.
2276 4211 2405 4281 Apis
2464 4225 2591 4266 vero
2636 4224 2777 4281 gens
2816 4219 2902 4264 est
2954 4208 3302 4280 Assyriorum
3336 4224 3349 4259 :
3383 4205 3659 4274 variegata

2090 4305 2233 4365 enim
2270 4311 2355 4361 est
2395 4302 2511 4371 apis
2549 4310 2603 4369 et
2637 4301 2860 4374 pulchre
2887 4301 3145 4371 colorata,
3180 4308 3235 4367 et
3266 4296 3453 4373 multis
3490 4296 3662 4365 modis
3740 4362 3743 4363 ν

2092 4404 2274 4459 aptata
2324 4408 2389 4459 ac
2421 4393 2708 4459 maculata.
2750 4391 2908 4473 Tales
2950 4393 3166 4461 quidem
3210 4388 3353 4459 fere,
3392 4396 3657 4468 quantum

2093 4486 2158 4538 ad
2184 4484 2438 4553 amictum
2467 4494 2523 4538 et
2548 4484 2616 4549 ad
2640 4492 2890 4543 ornatum
2910 4482 3171 4557 pertinet,
3193 4487 3347 4541 erant
3366 4489 3429 4541 et
3454 4475 3659 4549 Assyrii

410 4565 541 4633 γάρ,
573 4564 783 4639 εὔχρως
830 4584 888 4621 τε
948 4570 1040 4635 καὶ
1096 4572 1495 4645 κατεστιγμένη
1558 4574 1909 4646 πολυτρόπως
1958 4578 1989 4647 ἡ

2096 4588 2149 4630 et
2178 4576 2355 4630 Persae
2385 4593 2399 4629 :
2432 4590 2554 4629 nam
2588 4584 2641 4633 et
2674 4573 2955 4646 elegantia:
2994 4571 3219 4643 studiosi
3256 4580 3431 4634 erant,
3465 4576 3521 4622 et
3571 4581 3659 4617 Vil-

415 4656 657 4724 μέλιττα.
678 4659 920 4714 Τοιοῦτοι
940 4661 1000 4727 ,δέ
1025 4677 1161 4729 πως,
1185 4663 1307 4717 ὅσον
1335 4660 1469 4734 ἧκεν
1494 4668 1574 4729 είς
1605 4666 1785 4737 ἄμφιά
1808 4684 1867 4719 τε
1897 4668 1991 4719 καὶ

416 4750 627 4821 στολὴν,
663 4752 935 4825 ’Δσσύριοί
953 4771 1010 4806 τε
1031 4755 1123 4809 καὶ
1146 4755 1374 4827 Πέρσαι’
1404 4758 1719 4829 φιλόκοσμοι
1745 4760 1872 4830 γὰρ,
1901 4762 1991 4814 καὶ

413 4840 475 4892 τὸ
502 4842 759 4906 ποικίλως
798 4844 1058 4909 ἐστάλθαι
1114 4845 1382 4917 τιμῶντες
1427 4848 1550 4913 ἀεὶ,
1608 4849 1700 4900 καὶ
1748 4849 1884 4920 πρός
1928 4864 1992 4915 γε

414 4932 572 4988 τοῦτο
598 4936 1051 5007 κεκεντρωμένοι.
1094 4934 1272 5001 Οὗτοι,
1314 4941 1497 5010 φησὶν,
1530 4941 1723 5011 ἥξουσι
1769 4940 1991 5005 πάντες,

416 5025 509 5078 καὶ
550 5025 959 5091 ἀναπαύσονται
991 5030 1053 5081 ὲν
1094 5032 1216 5093 ταῖς
1247 5030 1483 5101 φάραγξι
1525 5035 1624 5103 τῆς
1668 5032 1868 5103 χώρας,
1902 5012 1994 5085 καὶ

413 5124 470 5173 ὲν
504 5120 621 5181 ταῖς
649 5119 920 5190 τρώγλαις
965 5122 1074 5183 τῶν
1103 5122 1341 5194 πετρῶν,
1372 5124 1465 5179 καὶ
1490 5126 1570 5187 εἰς
1598 5124 1666 5177 τὰ
1714 5124 1954 5195 σπήλαια
1975 5162 1991 5187 ,

414 5211 504 5261 καὶ
544 5210 638 5262 ἐπὶ
678 5211 856 5262 πᾶσαν
892 5211 1122 5281 ραγάδα,
1156 5214 1248 5265 καὶ
1272 5215 1336 5265 ὲν
1386 5215 1547 5268 παντὶ
1581 5213 1739 5285 ξύλῳ.
1777 5215 1993 5287 Ἐπειδὴ

411 5304 516 5371 γὰρ
548 5302 624 5365 ὡς
651 5304 778 5370 περὶ
807 5304 980 5374 μυιῶν
1014 5306 1306 5376 πεποίηται
1350 5309 1475 5370 τοὺς
1509 5308 1717 5376 λόγους,
1746 5310 1993 5380 ἐπιμένει

508 5398 704 5466 τροπῇ.
738 5397 899 5465 Δηλοῖ
927 5398 1102 5469 γεμὴν
1129 5399 1212 5451 ὅτι
1238 5401 1417 5454 πᾶσαν
1436 5400 1615 5453 αὐτῶν
1648 5403 1995 5472 ἐρευνήσουσι

410 5485 508 5553 τὴν
542 5485 747 5556 χώραν,
777 5486 853 5549 ὠς
912 5488 1113 5558 μηδένα
1167 5488 1422 5543 δύνασθαι
1464 5491 1574 5544 τῶν
1601 5492 1995 5561 κεκρυμμένων

415 5576 620 5630 λαϐεῖν’
655 5580 762 5633 κᾶν
786 5581 896 5633 εῖτε
927 5581 1087 5650 τυχὸν
1114 5583 1171 5635 ἐν
1193 5582 1439 5652 πέτραις,
1470 5582 1631 5653 ήτουν
1651 5584 1708 5636 ἐν
1734 5582 1993 5654 φάραγξι,

423 5668 454 5736 ἢ
495 5670 585 5723 καὶ
616 5672 674 5723 ὲν
698 5672 921 5741 δρυμοῖς
944 5673 1037 5724 καὶ
1068 5673 1265 5736 νάπαις
1304 5674 1528 5736 ἑαυτοὺς
1567 5674 1992 5745 κατακρύψειαν.

422 5759 533 5812 Καὶ
570 5760 688 5812 καθ’
714 5762 901 5835 ἕτερον
922 5762 978 5815 δὲ
998 5763 1199 5834 τρόπον
1237 5765 1294 5816 ὲν
1320 5766 1432 5826 τοῖς
1481 5764 1875 5835 παροτρύνουσι
1906 5764 1998 5817 τὸν

424 5855 528 5904 των
560 5853 694 5907 ὅλων
728 5855 878 5922 Θεὸν,
912 5855 1003 5909 καὶ
1038 5854 1397 5925 προσκρούειν
1417 5855 1566 5926 αὐτῷ
1595 5856 1668 5925 μὴ
1700 5873 1994 5925 παραιτου-

2093 4672 2350 4740 riegatam
2404 4680 2605 4725 vestem
2672 4682 2886 4739 semper
2931 4666 3148 4738 plurimi
3209 4663 3570 4723 aestimabant.
3609 4668 3663 4713 et

2092 4774 2349 4832 praeterea
2388 4763 2550 4817 etiam
2599 4770 2753 4816 erant
2801 4759 3045 4817 aculeati.
3083 4757 3184 4829 illi,
3218 4757 3412 4824 inquit,
3449 4754 3663 4815 venient

2092 4869 2299 4918 omnes,
2335 4862 2386 4909 et
2425 4854 2477 4907 iu
2529 4853 2762 4922 regionis
2810 4851 3061 4914 vallibus,
3085 4859 3139 4905 et
3184 4849 3235 4902 in
3284 4849 3434 4903 cavis
3472 4854 3659 4915 petra-

2096 4961 2236 5012 rum,
2263 4956 2315 4999 ct
2338 4946 2391 4998 in
2424 4944 2719 5013 speluncis,
2762 4953 2817 4997 et
2846 4943 2898 4997 in
2935 4941 3079 4995 omni
3120 4939 3380 5004 scissura,
3405 4924 3662 5005 omnique

2094 5037 2237 5105 ligno
2283 5036 2611 5103 residebunt.
2654 5034 2917 5105 Quoniam
2958 5032 3105 5099 enim
3153 5030 3316 5095 veluti
3350 5030 3418 5095 de
3461 5014 3664 5082 muricis

2093 5128 2266 5182 oratio
2298 5126 2538 5191 instituta
2568 5136 2672 5190 est,
2714 5126 2767 5191 in
2800 5127 2901 5180 hoc
2920 5134 3081 5197 tropo
3096 5130 3331 5196 perstat.
3363 5119 3663 5183 Enimvero

2093 5234 2307 5281 omnem
2342 5218 2581 5288 ipsorum
2611 5216 2884 5286 regionem
2938 5221 3376 5285 perscrutaturos
3406 5210 3662 5273 ostendit,

2095 5313 2248 5382 quasi
2299 5327 2459 5369 nemo
2484 5309 2826 5380 quantumvis
2866 5306 3216 5365 absconditus
3251 5304 3421 5369 latere
3458 5310 3661 5371 posset,

2096 5410 2222 5468 puta
2258 5400 2373 5463 sive
2405 5399 2456 5454 in
2488 5399 2675 5469 petris,
2703 5398 2816 5453 sive
2847 5397 2899 5459 in
2928 5395 3181 5459 vallibus,
3214 5394 3328 5450 sive
3356 5394 3408 5447 in
3432 5389 3568 5447 lucis
3597 5406 3663 5446 ac

2095 5489 2245 5543 silvis
2283 5504 2401 5545 sese
2435 5489 2722 5545 occultent.
2774 5487 2941 5543 Porro
2982 5487 3138 5543 aliter
3159 5486 3320 5540 etiam
3356 5484 3416 5557 in
3457 5484 3541 5539 his
3563 5483 3657 5552 qui

2096 5582 2466 5637 universitatis
2502 5581 2667 5653 Deum
2720 5589 3045 5649 eanperant
3086 5578 3351 5655 illumque
3384 5575 3666 5634 .oﬂendere

2097 5690 2202 5728 non
2245 5684 2521 5741 verentur,
2558 5688 2839 5744 vesparum
2888 5674 3063 5729 instar
3094 5673 3370 5729 consident
3406 5670 3664 5733 adversa-

2098 5767 2191 5819 riae
2228 5775 2544 5834 potestates;
2560 5775 2615 5821 et
2662 5764 2818 5821 {indie
2837 5780 2959 5836 quae
3003 5764 3159 5819 nobis
3196 5765 3376 5819 insunt
3408 5760 3670 5831 cupidita-

2101 5868 2204 5925 tes,
2250 5857 2408 5925 127
2430 5868 2649 5915 arcente
2690 5857 2853 5923 nullo,
2885 5857 2970 5914 vel
3013 5862 3386 5913 succurrente.
3418 5852 3483 5910 Si
3520 5852 3665 5909 enim
