  <div class='ocr_page' id='page_1' title='image "/cluster/home/n/w/nwhite01/storage/ocr_20150623/70/nnc1.0046980253/123.png"; bbox 0 0 4152 6366; ppageno 0'>
   <div class='ocr_carea' id='block_1_1' title="bbox 500 446 598 501">
    <p class='ocr_par' dir='ltr' id='par_1_1' title="bbox 500 446 598 501">
     <span class='ocr_line' id='line_1_1' title="bbox 500 446 598 501; baseline 0.01 -1"><span class='ocrx_word' id='word_1_1' title='bbox 500 446 598 501; x_wconf 75' lang='lat' dir='ltr'><strong>2H</strong></span> 
     </span>
    </p>
   </div>
   <div class='ocr_carea' id='block_1_2' title="bbox 1501 448 2740 505">
    <p class='ocr_par' dir='ltr' id='par_1_2' title="bbox 1501 448 2740 505">
     <span class='ocr_line' id='line_1_2' title="bbox 1501 448 2740 505; baseline -0.002 0"><span class='ocrx_word' id='word_1_2' title='bbox 1501 452 1559 505; x_wconf 89' lang='lat' dir='ltr'><strong>S.</strong></span> <span class='ocrx_word' id='word_1_3' title='bbox 1601 448 1875 503; x_wconf 74' lang='lat' dir='ltr'><strong>CYRILLI</strong></span> <span class='ocrx_word' id='word_1_4' title='bbox 1917 448 2383 504; x_wconf 72' lang='lat' dir='ltr'><strong>ALEXANDRINI</strong></span> <span class='ocrx_word' id='word_1_5' title='bbox 2423 448 2740 505; x_wconf 79' lang='lat' dir='ltr'><strong>ARCHIEP.</strong></span> 
     </span>
    </p>
   </div>
   <div class='ocr_carea' id='block_1_3' title="bbox 3628 448 3735 502">
    <p class='ocr_par' dir='ltr' id='par_1_3' title="bbox 3628 448 3735 502">
     <span class='ocr_line' id='line_1_3' title="bbox 3628 448 3735 502; baseline 0.009 -1"><span class='ocrx_word' id='word_1_6' title='bbox 3628 448 3735 502; x_wconf 65' lang='lat' dir='ltr'><strong>9m</strong></span> 
     </span>
    </p>
   </div>
   <div class='ocr_carea' id='block_1_4' title="bbox 499 566 2071 642">
    <p class='ocr_par' dir='ltr' id='par_1_4' title="bbox 499 567 2063 640">
     <span class='ocr_line' id='line_1_4' title="bbox 499 567 2063 640; baseline 0.003 -19"><span class='ocrx_word' id='word_1_7' title='bbox 499 567 639 622; x_wconf 73' lang='lat' dir='ltr'><strong>Dens</strong></span> <span class='ocrx_word' id='word_1_8' title='bbox 688 567 919 639; x_wconf 67' lang='lat' dir='ltr'><strong>aﬂligcre</strong></span> <span class='ocrx_word' id='word_1_9' title='bbox 954 570 1097 636; x_wconf 83' lang='lat' dir='ltr'><strong>velit,</strong></span> <span class='ocrx_word' id='word_1_10' title='bbox 1139 572 1259 640; x_wconf 81' lang='lat' dir='ltr'><strong>quis</strong></span> <span class='ocrx_word' id='word_1_11' title='bbox 1309 572 1460 624; x_wconf 87' lang='lat' dir='ltr'><strong>nobis</strong></span> <span class='ocrx_word' id='word_1_12' title='bbox 1491 586 1643 639; x_wconf 83' lang='lat' dir='ltr'><strong>opem</strong></span> <span class='ocrx_word' id='word_1_13' title='bbox 1678 569 1871 625; x_wconf 79' lang='lat' dir='ltr'><strong>afferre</strong></span> <span class='ocrx_word' id='word_1_14' title='bbox 1913 582 2063 640; x_wconf 88' lang='lat' dir='ltr'><strong>pote-</strong></span> 
     </span>
    </p>
   </div>
   <div class='ocr_carea' id='block_1_5' title="bbox 2171 566 3733 642">
    <p class='ocr_par' dir='ltr' id='par_1_5' title="bbox 2171 566 3733 642">
     <span class='ocr_line' id='line_1_5' title="bbox 2171 566 3733 642; baseline -0.004 -18"><span class='ocrx_word' id='word_1_15' title='bbox 2171 571 2369 642; x_wconf 80' lang='grc' dir='ltr'><strong>μένοις,</strong></span> <span class='ocrx_word' id='word_1_16' title='bbox 2401 571 2623 642; x_wconf 82' lang='grc' dir='ltr'><strong>σφηκῶν</strong></span> <span class='ocrx_word' id='word_1_17' title='bbox 2660 571 2815 641; x_wconf 86' lang='grc' dir='ltr'>δίκην</span> <span class='ocrx_word' id='word_1_18' title='bbox 2853 568 3243 634; x_wconf 66' lang='grc' dir='ltr'>ἐναυλίζονται,</span> <span class='ocrx_word' id='word_1_19' title='bbox 3265 568 3357 621; x_wconf 65' lang='grc' dir='ltr'><strong>καλ⁸</strong></span> <span class='ocrx_word' id='word_1_20' title='bbox 3378 566 3733 620; x_wconf 70' lang='grc' dir='ltr'><strong>καταλύουσιν</strong></span> 
     </span>
    </p>
   </div>
   <div class='ocr_carea' id='block_1_6' title="bbox 499 658 615 711">
    <p class='ocr_par' dir='ltr' id='par_1_6' title="bbox 499 658 615 711">
     <span class='ocr_line' id='line_1_6' title="bbox 499 658 615 711; baseline 0 0"><span class='ocrx_word' id='word_1_21' title='bbox 499 659 567 711; x_wconf 87' lang='lat' dir='ltr'><strong>rit</strong></span> <span class='ocrx_word' id='word_1_22' title='bbox 589 658 615 711; x_wconf 73' lang='lat' dir='ltr'><strong>l|</strong></span> 
     </span>
    </p>
   </div>
   <div class='ocr_carea' id='block_1_7' title="bbox 2171 657 3735 733">
    <p class='ocr_par' dir='ltr' id='par_1_7' title="bbox 2171 657 3735 733">
     <span class='ocr_line' id='line_1_7' title="bbox 2171 657 3735 733; baseline -0.005 -18"><span class='ocrx_word' id='word_1_23' title='bbox 2171 664 2227 715; x_wconf 78' lang='grc' dir='ltr'>αἱ</span> <span class='ocrx_word' id='word_1_24' title='bbox 2257 664 2492 733; x_wconf 89' lang='grc' dir='ltr'>πονηραί</span> <span class='ocrx_word' id='word_1_25' title='bbox 2546 680 2603 715; x_wconf 90' lang='grc' dir='ltr'><strong>τε</strong></span> <span class='ocrx_word' id='word_1_26' title='bbox 2645 664 2738 715; x_wconf 72' lang='grc' dir='ltr'>καὶ</span> <span class='ocrx_word' id='word_1_27' title='bbox 2785 662 3151 730; x_wconf 85' lang='grc' dir='ltr'>ἀντικείμεναι</span> <span class='ocrx_word' id='word_1_28' title='bbox 3209 660 3486 728; x_wconf 86' lang='grc' dir='ltr'>δυνάμεις,</span> <span class='ocrx_word' id='word_1_29' title='bbox 3520 660 3613 710; x_wconf 77' lang='grc' dir='ltr'>καὶ</span> <span class='ocrx_word' id='word_1_30' title='bbox 3665 657 3735 707; x_wconf 68' lang='grc' dir='ltr'><strong>τὰ</strong></span> 
     </span>
    </p>
   </div>
   <div class='ocr_carea' id='block_1_8' title="bbox 499 747 3732 826">
    <p class='ocr_par' dir='ltr' id='par_1_8' title="bbox 499 747 3732 826">
     <span class='ocr_line' id='line_1_8' title="bbox 499 747 3732 826; baseline -0.001 -24"><span class='ocrx_word' id='word_1_31' title='bbox 499 748 704 804; x_wconf 69' lang='grc' dir='ltr'>ἓκτοπα</span> <span class='ocrx_word' id='word_1_32' title='bbox 754 751 861 805; x_wconf 87' lang='grc' dir='ltr'><strong>τῶν</strong></span> <span class='ocrx_word' id='word_1_33' title='bbox 910 753 968 804; x_wconf 85' lang='grc' dir='ltr'><strong>ἐν</strong></span> <span class='ocrx_word' id='word_1_34' title='bbox 1040 754 1170 822; x_wconf 81' lang='grc' dir='ltr'>ἡμῖν</span> <span class='ocrx_word' id='word_1_35' title='bbox 1230 753 1417 805; x_wconf 87' lang='grc' dir='ltr'>παθῶν</span> <span class='ocrx_word' id='word_1_36' title='bbox 1474 753 1867 817; x_wconf 76' lang='grc' dir='ltr'>ἀποσοϐοῦντος</span> <span class='ocrx_word' id='word_1_37' title='bbox 1908 752 2157 818; x_wconf 78' lang='grc' dir='ltr'>οὐδενὸς,</span> <span class='ocrx_word' id='word_1_38' title='bbox 2198 755 2364 826; x_wconf 81' lang='grc' dir='ltr'>ῆγουν</span> <span class='ocrx_word' id='word_1_39' title='bbox 2422 753 2792 824; x_wconf 80' lang='grc' dir='ltr'><strong>ἐπαμύνοντος</strong></span> <span class='ocrx_word' id='word_1_40' title='bbox 2844 753 2937 807; x_wconf 76' lang='grc' dir='ltr'><strong>καὶ</strong></span> <span class='ocrx_word' id='word_1_41' title='bbox 2991 751 3184 814; x_wconf 75' lang='grc' dir='ltr'>σώζειν</span> <span class='ocrx_word' id='word_1_42' title='bbox 3240 750 3529 821; x_wconf 75' lang='grc' dir='ltr'>ἰσχύοντος.</span> <span class='ocrx_word' id='word_1_43' title='bbox 3597 747 3732 800; x_wconf 83' lang='grc' dir='ltr'>Θεοῦ</span> 
     </span>
    </p>
   </div>
   <div class='ocr_carea' id='block_1_9' title="bbox 498 836 2240 915">
    <p class='ocr_par' dir='ltr' id='par_1_9' title="bbox 498 836 2240 915">
     <span class='ocr_line' id='line_1_9' title="bbox 498 836 2240 915; baseline 0.011 -26"><span class='ocrx_word' id='word_1_44' title='bbox 498 836 609 908; x_wconf 82' lang='grc' dir='ltr'><strong>γὰρ</strong></span> <span class='ocrx_word' id='word_1_45' title='bbox 634 838 837 893; x_wconf 81' lang='grc' dir='ltr'>κακοῦν</span> <span class='ocrx_word' id='word_1_46' title='bbox 879 839 1151 906; x_wconf 77' lang='grc' dir='ltr'><strong>ἐθέλοντος</strong></span> <span class='ocrx_word' id='word_1_47' title='bbox 1173 884 1188 909; x_wconf 89' lang='grc'><strong>,</strong></span> <span class='ocrx_word' id='word_1_48' title='bbox 1226 843 1312 907; x_wconf 92' lang='grc' dir='ltr'><strong>τίς</strong></span> <span class='ocrx_word' id='word_1_49' title='bbox 1357 844 1504 914; x_wconf 77' lang='grc' dir='ltr'>ἡμᾶς</span> <span class='ocrx_word' id='word_1_50' title='bbox 1531 845 1559 897; x_wconf 99' lang='lat'><strong>6</strong></span> <span class='ocrx_word' id='word_1_51' title='bbox 1587 844 1863 915; x_wconf 85' lang='grc' dir='ltr'>ὠφελῆσαι</span> <span class='ocrx_word' id='word_1_52' title='bbox 1917 843 2240 915; x_wconf 71' lang='grc' dir='ltr'>δυνάμενοςς</span> 
     </span>
    </p>
   </div>
   <div class='ocr_carea' id='block_1_10' title="bbox 572 926 2068 989">
    <p class='ocr_par' dir='ltr' id='par_1_10' title="bbox 572 926 2068 989">
     <span class='ocr_line' id='line_1_10' title="bbox 572 926 2068 989; baseline 0.005 -8"><span class='ocrx_word' id='word_1_53' title='bbox 572 926 736 982; x_wconf 80' lang='lat' dir='ltr'><strong>Vens.</strong></span> <span class='ocrx_word' id='word_1_54' title='bbox 774 929 864 984; x_wconf 76' lang='lat'><strong>20.</strong></span> <span class='ocrx_word' id='word_1_55' title='bbox 894 928 962 983; x_wconf 87' lang='lat' dir='ltr'><strong>In</strong></span> <span class='ocrx_word' id='word_1_56' title='bbox 1029 934 1114 987; x_wconf 81' lang='lat' dir='ltr'><strong>die</strong></span> <span class='ocrx_word' id='word_1_57' title='bbox 1158 933 1251 986; x_wconf 80' lang='lat' dir='ltr'><strong><em>illa</em></strong></span> <span class='ocrx_word' id='word_1_58' title='bbox 1298 934 1445 987; x_wconf 85' lang='lat' dir='ltr'><strong>radet</strong></span> <span class='ocrx_word' id='word_1_59' title='bbox 1509 934 1762 988; x_wconf 77' lang='lat' dir='ltr'><strong>Dominus</strong></span> <span class='ocrx_word' id='word_1_60' title='bbox 1811 934 2068 989; x_wconf 83' lang='lat' dir='ltr'><strong>novacula</strong></span> 
     </span>
    </p>
   </div>
   <div class='ocr_carea' id='block_1_11' title="bbox 498 1023 2066 1098">
    <p class='ocr_par' dir='ltr' id='par_1_11' title="bbox 498 1023 2066 1098">
     <span class='ocr_line' id='line_1_11' title="bbox 498 1023 2066 1098; baseline 0.005 -24"><span class='ocrx_word' id='word_1_61' title='bbox 498 1038 689 1092; x_wconf 84' lang='lat' dir='ltr'><strong>magna</strong></span> <span class='ocrx_word' id='word_1_62' title='bbox 714 1032 761 1075; x_wconf 81' lang='lat' dir='ltr'><strong>et</strong></span> <span class='ocrx_word' id='word_1_63' title='bbox 801 1023 1053 1077; x_wconf 80' lang='lat' dir='ltr'><strong>inebriato</strong></span> <span class='ocrx_word' id='word_1_64' title='bbox 1073 1066 1086 1087; x_wconf 88' lang='lat'><strong>,</strong></span> <span class='ocrx_word' id='word_1_65' title='bbox 1116 1041 1232 1095; x_wconf 71' lang='lat' dir='ltr'><strong>qua:</strong></span> <span class='ocrx_word' id='word_1_66' title='bbox 1257 1038 1330 1081; x_wconf 83' lang='lat' dir='ltr'><strong>est</strong></span> <span class='ocrx_word' id='word_1_67' title='bbox 1362 1036 1508 1081; x_wconf 84' lang='lat' dir='ltr'><strong>trans</strong></span> <span class='ocrx_word' id='word_1_68' title='bbox 1552 1028 1769 1097; x_wconf 81' lang='lat' dir='ltr'><strong>ﬂuvium</strong></span> <span class='ocrx_word' id='word_1_69' title='bbox 1796 1030 1930 1098; x_wconf 80' lang='lat' dir='ltr'><strong>regis</strong></span> <span class='ocrx_word' id='word_1_70' title='bbox 1962 1028 2066 1082; x_wconf 78' lang='lat' dir='ltr'><strong>As-</strong></span> 
     </span>
    </p>
   </div>
   <div class='ocr_carea' id='block_1_12' title="bbox 499 1114 2025 1191">
    <p class='ocr_par' dir='ltr' id='par_1_12' title="bbox 499 1114 2025 1191">
     <span class='ocr_line' id='line_1_12' title="bbox 499 1114 2025 1191; baseline 0.006 -24"><span class='ocrx_word' id='word_1_71' title='bbox 499 1114 786 1182; x_wconf 79' lang='lat' dir='ltr'><strong>syriorum,</strong></span> <span class='ocrx_word' id='word_1_72' title='bbox 817 1124 975 1183; x_wconf 80' lang='lat' dir='ltr'><strong>caput</strong></span> <span class='ocrx_word' id='word_1_73' title='bbox 1003 1128 1049 1170; x_wconf 89' lang='lat' dir='ltr'><strong>et</strong></span> <span class='ocrx_word' id='word_1_74' title='bbox 1083 1119 1214 1185; x_wconf 82' lang='lat' dir='ltr'><strong>pilos</strong></span> <span class='ocrx_word' id='word_1_75' title='bbox 1245 1122 1454 1186; x_wconf 80' lang='lat' dir='ltr'><strong>pedum,</strong></span> <span class='ocrx_word' id='word_1_76' title='bbox 1478 1132 1525 1173; x_wconf 88' lang='lat' dir='ltr'><strong>et</strong></span> <span class='ocrx_word' id='word_1_77' title='bbox 1557 1122 1768 1174; x_wconf 84' lang='lat' dir='ltr'><strong><em>barbam</em></strong></span> <span class='ocrx_word' id='word_1_78' title='bbox 1804 1123 2025 1191; x_wconf 75' lang='lat' dir='ltr'><strong>auferet.</strong></span> 
     </span>
    </p>
   </div>
   <div class='ocr_carea' id='block_1_13' title="bbox 566 1291 2064 1371">
    <p class='ocr_par' dir='ltr' id='par_1_13' title="bbox 566 1291 2064 1371">
     <span class='ocr_line' id='line_1_13' title="bbox 566 1291 2064 1371; baseline 0.006 -24"><span class='ocrx_word' id='word_1_79' title='bbox 566 1291 807 1371; x_wconf 76' lang='lat' dir='ltr'><strong>Primum</strong></span> <span class='ocrx_word' id='word_1_80' title='bbox 833 1296 1204 1365; x_wconf 84' lang='lat' dir='ltr'><strong>componenda</strong></span> <span class='ocrx_word' id='word_1_81' title='bbox 1242 1299 1547 1353; x_wconf 88' lang='lat' dir='ltr'><strong>necessario</strong></span> <span class='ocrx_word' id='word_1_82' title='bbox 1575 1307 1629 1353; x_wconf 92' lang='lat' dir='ltr'><strong>et</strong></span> <span class='ocrx_word' id='word_1_83' title='bbox 1650 1300 1944 1357; x_wconf 90' lang='lat' dir='ltr'><strong>ordinanda</strong></span> <span class='ocrx_word' id='word_1_84' title='bbox 1980 1309 2064 1357; x_wconf 90' lang='lat' dir='ltr'><strong>est</strong></span> 
     </span>
    </p>
   </div>
   <div class='ocr_carea' id='block_1_14' title="bbox 500 1384 2061 1460">
    <p class='ocr_par' dir='ltr' id='par_1_14' title="bbox 500 1384 2061 1460">
     <span class='ocr_line' id='line_1_14' title="bbox 500 1384 2061 1460; baseline 0.005 -20"><span class='ocrx_word' id='word_1_85' title='bbox 500 1384 665 1441; x_wconf 87' lang='lat' dir='ltr'><strong>dictio</strong></span> <span class='ocrx_word' id='word_1_86' title='bbox 706 1385 758 1440; x_wconf 91' lang='lat' dir='ltr'><strong>in</strong></span> <span class='ocrx_word' id='word_1_87' title='bbox 794 1387 877 1442; x_wconf 88' lang='lat' dir='ltr'><strong>his</strong></span> <span class='ocrx_word' id='word_1_88' title='bbox 916 1388 1095 1443; x_wconf 78' lang='lat' dir='ltr'><strong>verbis</strong></span> <span class='ocrx_word' id='word_1_89' title='bbox 1124 1405 1138 1441; x_wconf 91' lang='lat'><strong>:</strong></span> <span class='ocrx_word' id='word_1_90' title='bbox 1164 1387 1243 1443; x_wconf 90' lang='lat' dir='ltr'><strong>sic</strong></span> <span class='ocrx_word' id='word_1_91' title='bbox 1272 1389 1483 1444; x_wconf 90' lang='lat' dir='ltr'><strong>demum</strong></span> <span class='ocrx_word' id='word_1_92' title='bbox 1512 1390 1639 1460; x_wconf 87' lang='lat' dir='ltr'><strong>quid</strong></span> <span class='ocrx_word' id='word_1_93' title='bbox 1678 1391 1759 1446; x_wconf 71' lang='lat' dir='ltr'><strong>hte</strong></span> <span class='ocrx_word' id='word_1_94' title='bbox 1778 1391 2061 1448; x_wconf 70' lang='lat' dir='ltr'><strong>sententia:</strong></span> 
     </span>
    </p>
   </div>
   <div class='ocr_carea' id='block_1_15' title="bbox 498 1476 2058 1549">
    <p class='ocr_par' dir='ltr' id='par_1_15' title="bbox 498 1476 2058 1549">
     <span class='ocr_line' id='line_1_15' title="bbox 498 1476 2058 1549; baseline 0.003 -19"><span class='ocrx_word' id='word_1_95' title='bbox 498 1490 611 1544; x_wconf 74' lang='lat' dir='ltr'><strong>pra:</strong></span> <span class='ocrx_word' id='word_1_96' title='bbox 643 1489 703 1531; x_wconf 88' lang='lat' dir='ltr'><strong>se</strong></span> <span class='ocrx_word' id='word_1_97' title='bbox 743 1476 940 1545; x_wconf 79' lang='lat' dir='ltr'><strong>lerant,</strong></span> <span class='ocrx_word' id='word_1_98' title='bbox 968 1476 1273 1532; x_wconf 88' lang='lat' dir='ltr'><strong>dicendum.</strong></span> <span class='ocrx_word' id='word_1_99' title='bbox 1307 1478 1491 1542; x_wconf 89' lang='lat' dir='ltr'><strong>Proin,</strong></span> <span class='ocrx_word' id='word_1_100' title='bbox 1517 1480 1707 1549; x_wconf 81' lang='lat' dir='ltr'><strong>inquit,</strong></span> <span class='ocrx_word' id='word_1_101' title='bbox 1740 1481 1792 1535; x_wconf 92' lang='lat' dir='ltr'><strong>in</strong></span> <span class='ocrx_word' id='word_1_102' title='bbox 1823 1482 1909 1536; x_wconf 88' lang='lat' dir='ltr'><strong>die</strong></span> <span class='ocrx_word' id='word_1_103' title='bbox 1946 1482 2058 1548; x_wconf 90' lang='lat' dir='ltr'><strong>illa,</strong></span> 
     </span>
    </p>
   </div>
   <div class='ocr_carea' id='block_1_16' title="bbox 503 1567 2067 1641">
    <p class='ocr_par' dir='ltr' id='par_1_16' title="bbox 503 1567 2067 1641">
     <span class='ocr_line' id='line_1_16' title="bbox 503 1567 2067 1641; baseline 0.006 -22"><span class='ocrx_word' id='word_1_104' title='bbox 503 1567 602 1620; x_wconf 91' lang='lat' dir='ltr'><strong>hoc</strong></span> <span class='ocrx_word' id='word_1_105' title='bbox 652 1577 734 1621; x_wconf 86' lang='lat' dir='ltr'><strong>est</strong></span> <span class='ocrx_word' id='word_1_106' title='bbox 772 1568 872 1622; x_wconf 90' lang='lat' dir='ltr'><strong>sub</strong></span> <span class='ocrx_word' id='word_1_107' title='bbox 922 1570 973 1623; x_wconf 84' lang='lat' dir='ltr'><strong>id</strong></span> <span class='ocrx_word' id='word_1_108' title='bbox 1015 1568 1291 1638; x_wconf 87' lang='lat' dir='ltr'><strong>temporis,</strong></span> <span class='ocrx_word' id='word_1_109' title='bbox 1342 1586 1532 1641; x_wconf 87' lang='lat' dir='ltr'><strong>magna</strong></span> <span class='ocrx_word' id='word_1_110' title='bbox 1581 1572 1839 1626; x_wconf 84' lang='lat' dir='ltr'><strong>novacula</strong></span> <span class='ocrx_word' id='word_1_111' title='bbox 1862 1583 1915 1628; x_wconf 91' lang='lat' dir='ltr'><strong>et</strong></span> <span class='ocrx_word' id='word_1_112' title='bbox 1951 1574 2067 1628; x_wconf 89' lang='lat' dir='ltr'><strong>ine-</strong></span> 
     </span>
    </p>
   </div>
   <div class='ocr_carea' id='block_1_17' title="bbox 499 1656 2068 1732">
    <p class='ocr_par' dir='ltr' id='par_1_17' title="bbox 499 1656 2068 1732">
     <span class='ocr_line' id='line_1_17' title="bbox 499 1656 2068 1732; baseline 0.005 -20"><span class='ocrx_word' id='word_1_113' title='bbox 499 1656 698 1721; x_wconf 85' lang='lat' dir='ltr'><strong>briata,</strong></span> <span class='ocrx_word' id='word_1_114' title='bbox 735 1674 853 1728; x_wconf 76' lang='lat' dir='ltr'><strong>quze</strong></span> <span class='ocrx_word' id='word_1_115' title='bbox 906 1668 989 1714; x_wconf 88' lang='lat' dir='ltr'><strong>est</strong></span> <span class='ocrx_word' id='word_1_116' title='bbox 1030 1661 1170 1729; x_wconf 89' lang='lat' dir='ltr'><strong>regis</strong></span> <span class='ocrx_word' id='word_1_117' title='bbox 1224 1662 1571 1730; x_wconf 84' lang='lat' dir='ltr'><strong>Assyriorum</strong></span> <span class='ocrx_word' id='word_1_118' title='bbox 1634 1664 1725 1732; x_wconf 89' lang='lat' dir='ltr'><strong>qui</strong></span> <span class='ocrx_word' id='word_1_119' title='bbox 1761 1674 1845 1721; x_wconf 80' lang='lat' dir='ltr'><strong>est</strong></span> <span class='ocrx_word' id='word_1_120' title='bbox 1918 1676 2068 1719; x_wconf 88' lang='lat' dir='ltr'><strong>trans</strong></span> 
     </span>
    </p>
   </div>
   <div class='ocr_carea' id='block_1_18' title="bbox 500 1750 2067 1825">
    <p class='ocr_par' dir='ltr' id='par_1_18' title="bbox 500 1750 2067 1825">
     <span class='ocr_line' id='line_1_18' title="bbox 500 1750 2067 1825; baseline 0.004 -22"><span class='ocrx_word' id='word_1_121' title='bbox 500 1750 746 1815; x_wconf 83' lang='lat' dir='ltr'><strong>ﬂuvium,</strong></span> <span class='ocrx_word' id='word_1_122' title='bbox 776 1750 1027 1805; x_wconf 77' lang='lat' dir='ltr'><strong>videlicet</strong></span> <span class='ocrx_word' id='word_1_123' title='bbox 1093 1750 1426 1821; x_wconf 77' lang='lat' dir='ltr'><strong>Euphraten,</strong></span> <span class='ocrx_word' id='word_1_124' title='bbox 1458 1754 1611 1809; x_wconf 91' lang='lat' dir='ltr'><strong>radet</strong></span> <span class='ocrx_word' id='word_1_125' title='bbox 1655 1755 1795 1810; x_wconf 90' lang='lat' dir='ltr'><strong>Deus</strong></span> <span class='ocrx_word' id='word_1_126' title='bbox 1829 1764 1992 1825; x_wconf 91' lang='lat' dir='ltr'><strong>caput</strong></span> <span class='ocrx_word' id='word_1_127' title='bbox 2014 1766 2067 1810; x_wconf 87' lang='lat' dir='ltr'><strong>et</strong></span> 
     </span>
    </p>
   </div>
   <div class='ocr_carea' id='block_1_19' title="bbox 2253 929 3736 1009">
    <p class='ocr_par' dir='ltr' id='par_1_19' title="bbox 2253 929 3736 1009">
     <span class='ocr_line' id='line_1_19' title="bbox 2253 929 3736 1009; baseline -0.001 -22"><span class='ocrx_word' id='word_1_128' title='bbox 2253 936 2350 987; x_wconf 79' lang='grc' dir='ltr'><strong>Ἐν</strong></span> <span class='ocrx_word' id='word_1_129' title='bbox 2374 934 2448 1003; x_wconf 79' lang='grc' dir='ltr'>τῇ</span> <span class='ocrx_word' id='word_1_130' title='bbox 2489 934 2691 1003; x_wconf 57' lang='grc' dir='ltr'>ἡμέρῳ</span> <span class='ocrx_word' id='word_1_131' title='bbox 2711 934 2911 1009; x_wconf 79' lang='grc' dir='ltr'>ἐκείνῃ</span> <span class='ocrx_word' id='word_1_132' title='bbox 2945 932 3195 1002; x_wconf 75' lang='grc' dir='ltr'>ξυρήσει</span> <span class='ocrx_word' id='word_1_133' title='bbox 3232 932 3444 1000; x_wconf 82' lang='grc' dir='ltr'>Κύριος</span> <span class='ocrx_word' id='word_1_134' title='bbox 3471 929 3550 995; x_wconf 85' lang='grc' dir='ltr'>τῷ</span> <span class='ocrx_word' id='word_1_135' title='bbox 3577 929 3736 997; x_wconf 78' lang='grc' dir='ltr'><strong>ξυρῷ</strong></span> 
     </span>
    </p>
   </div>
   <div class='ocr_carea' id='block_1_20' title="bbox 2167 1021 3735 1099">
    <p class='ocr_par' dir='ltr' id='par_1_20' title="bbox 2167 1021 3735 1099">
     <span class='ocr_line' id='line_1_20' title="bbox 2167 1021 3735 1099; baseline -0.006 -15"><span class='ocrx_word' id='word_1_136' title='bbox 2167 1028 2248 1095; x_wconf 85' lang='grc' dir='ltr'>τῷ</span> <span class='ocrx_word' id='word_1_137' title='bbox 2280 1029 2521 1099; x_wconf 73' lang='grc' dir='ltr'>μεγάλῳ</span> <span class='ocrx_word' id='word_1_138' title='bbox 2556 1028 2655 1082; x_wconf 73' lang='grc' dir='ltr'><strong>καί</strong></span> <span class='ocrx_word' id='word_1_139' title='bbox 2698 1028 3147 1098; x_wconf 77' lang='grc' dir='ltr'>μεμεθυσμένῳ,</span> <span class='ocrx_word' id='word_1_140' title='bbox 3182 1027 3216 1080; x_wconf 81' lang='grc' dir='ltr'><em>ὅ</em></span> <span class='ocrx_word' id='word_1_141' title='bbox 3252 1026 3383 1080; x_wconf 81' lang='grc' dir='ltr'>ἐστι</span> <span class='ocrx_word' id='word_1_142' title='bbox 3415 1024 3601 1092; x_wconf 80' lang='grc' dir='ltr'>πέραν</span> <span class='ocrx_word' id='word_1_143' title='bbox 3629 1021 3735 1076; x_wconf 82' lang='grc' dir='ltr'><strong>τοῦ</strong></span> 
     </span>
    </p>
   </div>
   <div class='ocr_carea' id='block_1_21' title="bbox 2168 1115 3730 1192">
    <p class='ocr_par' dir='ltr' id='par_1_21' title="bbox 2168 1115 3730 1192">
     <span class='ocr_line' id='line_1_21' title="bbox 2168 1115 3730 1192; baseline -0.005 -18"><span class='ocrx_word' id='word_1_144' title='bbox 2168 1122 2436 1192; x_wconf 79' lang='grc' dir='ltr'><strong>ποταμοῦ</strong></span> <span class='ocrx_word' id='word_1_145' title='bbox 2462 1122 2769 1186; x_wconf 79' lang='grc' dir='ltr'>,ϐασιλέως</span> <span class='ocrx_word' id='word_1_146' title='bbox 2806 1121 3160 1188; x_wconf 82' lang='grc' dir='ltr'><strong>Ἀσσυρίων,</strong></span> <span class='ocrx_word' id='word_1_147' title='bbox 3192 1117 3306 1186; x_wconf 76' lang='grc' dir='ltr'><strong>τὴν</strong></span> <span class='ocrx_word' id='word_1_148' title='bbox 3333 1116 3605 1186; x_wconf 65' lang='grc' dir='ltr'>κεφαλὴν</span> <span class='ocrx_word' id='word_1_149' title='bbox 3634 1115 3730 1166; x_wconf 77' lang='grc' dir='ltr'>καὶ</span> 
     </span>
    </p>
   </div>
   <div class='ocr_carea' id='block_1_22' title="bbox 2166 1203 3731 1281">
    <p class='ocr_par' dir='ltr' id='par_1_22' title="bbox 2166 1203 3731 1281">
     <span class='ocr_line' id='line_1_22' title="bbox 2166 1203 3731 1281; baseline -0.006 -15"><span class='ocrx_word' id='word_1_150' title='bbox 2166 1212 2272 1279; x_wconf 85' lang='grc' dir='ltr'>τὰς</span> <span class='ocrx_word' id='word_1_151' title='bbox 2300 1214 2509 1281; x_wconf 82' lang='grc' dir='ltr'><strong>τρίχας</strong></span> <span class='ocrx_word' id='word_1_152' title='bbox 2543 1210 2662 1265; x_wconf 77' lang='grc' dir='ltr'>τῶν</span> <span class='ocrx_word' id='word_1_153' title='bbox 2684 1209 2904 1277; x_wconf 81' lang='grc' dir='ltr'><strong>ποδῶν,</strong></span> <span class='ocrx_word' id='word_1_154' title='bbox 2956 1210 3056 1264; x_wconf 75' lang='grc' dir='ltr'>καὶ</span> <span class='ocrx_word' id='word_1_155' title='bbox 3087 1209 3192 1263; x_wconf 72' lang='grc' dir='ltr'><strong>τὸν</strong></span> <span class='ocrx_word' id='word_1_156' title='bbox 3225 1207 3475 1276; x_wconf 70' lang='grc' dir='ltr'>πώγωνα</span> <span class='ocrx_word' id='word_1_157' title='bbox 3502 1203 3731 1274; x_wconf 63' lang='grc' dir='ltr'>ἀφελεῖ.</span> 
     </span>
    </p>
   </div>
   <div class='ocr_carea' id='block_1_23' title="bbox 2237 1296 3733 1375">
    <p class='ocr_par' dir='ltr' id='par_1_23' title="bbox 2237 1296 3733 1375">
     <span class='ocr_line' id='line_1_23' title="bbox 2237 1296 3733 1375; baseline -0.007 -17"><span class='ocrx_word' id='word_1_158' title='bbox 2237 1306 2513 1358; x_wconf 87' lang='grc' dir='ltr'>Συνθεῖναι</span> <span class='ocrx_word' id='word_1_159' title='bbox 2546 1304 2762 1375; x_wconf 87' lang='grc' dir='ltr'>πρῶτον</span> <span class='ocrx_word' id='word_1_160' title='bbox 2808 1302 2907 1375; x_wconf 82' lang='grc' dir='ltr'>τὴν</span> <span class='ocrx_word' id='word_1_161' title='bbox 2940 1301 3085 1367; x_wconf 81' lang='grc' dir='ltr'>λέξιν</span> <span class='ocrx_word' id='word_1_162' title='bbox 3122 1300 3217 1352; x_wconf 72' lang='grc' dir='ltr'><strong>καὶ</strong></span> <span class='ocrx_word' id='word_1_163' title='bbox 3249 1300 3307 1352; x_wconf 91' lang='grc' dir='ltr'><strong>ἐν</strong></span> <span class='ocrx_word' id='word_1_164' title='bbox 3343 1296 3548 1359; x_wconf 82' lang='grc' dir='ltr'><strong>τούτοις</strong></span> <span class='ocrx_word' id='word_1_165' title='bbox 3585 1296 3733 1367; x_wconf 80' lang='grc' dir='ltr'>ἡμᾶς</span> 
     </span>
    </p>
   </div>
   <div class='ocr_carea' id='block_1_24' title="bbox 2166 1384 3734 1467">
    <p class='ocr_par' dir='ltr' id='par_1_24' title="bbox 2166 1384 3734 1467">
     <span class='ocr_line' id='line_1_24' title="bbox 2166 1384 3734 1467; baseline -0.01 -15"><span class='ocrx_word' id='word_1_166' title='bbox 2166 1398 2492 1467; x_wconf 79' lang='grc' dir='ltr'>ἀναγκαῖον·</span> <span class='ocrx_word' id='word_1_167' title='bbox 2551 1392 2652 1449; x_wconf 79' lang='grc' dir='ltr'>εἷθ’</span> <span class='ocrx_word' id='word_1_168' title='bbox 2701 1395 2842 1449; x_wconf 71' lang='grc' dir='ltr'>οὕτω</span> <span class='ocrx_word' id='word_1_169' title='bbox 2900 1392 3086 1445; x_wconf 77' lang='grc' dir='ltr'>λοιπὸν</span> <span class='ocrx_word' id='word_1_170' title='bbox 3137 1389 3200 1443; x_wconf 84' lang='grc' dir='ltr'>τὸ</span> <span class='ocrx_word' id='word_1_171' title='bbox 3245 1391 3311 1443; x_wconf 87' lang='grc' dir='ltr'><strong>ἐκ</strong></span> <span class='ocrx_word' id='word_1_172' title='bbox 3351 1388 3460 1441; x_wconf 90' lang='grc' dir='ltr'><strong>τῶν</strong></span> <span class='ocrx_word' id='word_1_173' title='bbox 3517 1384 3734 1439; x_wconf 75' lang='grc' dir='ltr'>ἐννοιῶν</span> 
     </span>
    </p>
   </div>
   <div class='ocr_carea' id='block_1_25' title="bbox 2167 1477 3729 1560">
    <p class='ocr_par' dir='ltr' id='par_1_25' title="bbox 2167 1477 3729 1560">
     <span class='ocr_line' id='line_1_25' title="bbox 2167 1477 3729 1560; baseline -0.01 -17"><span class='ocrx_word' id='word_1_174' title='bbox 2167 1488 2597 1560; x_wconf 83' lang='grc' dir='ltr'>ὑποδηλούμενον</span> <span class='ocrx_word' id='word_1_175' title='bbox 2628 1488 2821 1539; x_wconf 75' lang='grc' dir='ltr'>εἰπεῖν.</span> <span class='ocrx_word' id='word_1_176' title='bbox 2858 1482 3066 1537; x_wconf 78' lang='grc' dir='ltr'>Οὐκοῦν</span> <span class='ocrx_word' id='word_1_177' title='bbox 3115 1484 3174 1534; x_wconf 81' lang='grc' dir='ltr'><strong>ἐν</strong></span> <span class='ocrx_word' id='word_1_178' title='bbox 3203 1483 3269 1552; x_wconf 79' lang='grc' dir='ltr'><strong>τῇ</strong></span> <span class='ocrx_word' id='word_1_179' title='bbox 3304 1479 3487 1550; x_wconf 72' lang='grc' dir='ltr'>ἡμέρᾳ</span> <span class='ocrx_word' id='word_1_180' title='bbox 3527 1477 3729 1548; x_wconf 80' lang='grc' dir='ltr'>ἐκείνη,</span> 
     </span>
    </p>
   </div>
   <div class='ocr_carea' id='block_1_26' title="bbox 2166 1568 3735 1652">
    <p class='ocr_par' dir='ltr' id='par_1_26' title="bbox 2166 1568 3735 1652">
     <span class='ocr_line' id='line_1_26' title="bbox 2166 1568 3735 1652; baseline -0.011 -17"><span class='ocrx_word' id='word_1_181' title='bbox 2166 1581 2318 1652; x_wconf 76' lang='grc' dir='ltr'>φησὶ.</span> <span class='ocrx_word' id='word_1_182' title='bbox 2349 1580 2492 1633; x_wconf 84' lang='grc' dir='ltr'>τοῦτ’</span> <span class='ocrx_word' id='word_1_183' title='bbox 2521 1578 2657 1643; x_wconf 78' lang='grc' dir='ltr'>ἔστι,</span> <span class='ocrx_word' id='word_1_184' title='bbox 2691 1580 2809 1631; x_wconf 88' lang='grc' dir='ltr'>κατ’</span> <span class='ocrx_word' id='word_1_185' title='bbox 2844 1577 3017 1630; x_wconf 84' lang='grc' dir='ltr'>ἐκεῖνο</span> <span class='ocrx_word' id='word_1_186' title='bbox 3037 1572 3129 1626; x_wconf 91' lang='grc' dir='ltr'><strong>τοῦ</strong></span> <span class='ocrx_word' id='word_1_187' title='bbox 3162 1570 3378 1643; x_wconf 81' lang='grc' dir='ltr'><strong>καιροῦ,</strong></span> <span class='ocrx_word' id='word_1_188' title='bbox 3410 1570 3487 1640; x_wconf 84' lang='grc' dir='ltr'>τῷ</span> <span class='ocrx_word' id='word_1_189' title='bbox 3515 1568 3735 1639; x_wconf 82' lang='grc' dir='ltr'>μεγάλῳ</span> 
     </span>
    </p>
   </div>
   <div class='ocr_carea' id='block_1_27' title="bbox 2172 1660 3732 1744">
    <p class='ocr_par' dir='ltr' id='par_1_27' title="bbox 2172 1660 3732 1744">
     <span class='ocr_line' id='line_1_27' title="bbox 2172 1660 3732 1744; baseline -0.01 -19"><span class='ocrx_word' id='word_1_190' title='bbox 2172 1673 2317 1744; x_wconf 84' lang='grc' dir='ltr'>ξυρῴ</span> <span class='ocrx_word' id='word_1_191' title='bbox 2357 1672 2449 1727; x_wconf 70' lang='grc' dir='ltr'>καὶ</span> <span class='ocrx_word' id='word_1_192' title='bbox 2488 1668 2902 1741; x_wconf 67' lang='grc' dir='ltr'><strong>μεμεθυσμένα),</strong></span> <span class='ocrx_word' id='word_1_193' title='bbox 2963 1667 3136 1719; x_wconf 82' lang='grc' dir='ltr'>ὅέστι</span> <span class='ocrx_word' id='word_1_194' title='bbox 3171 1663 3267 1716; x_wconf 85' lang='grc' dir='ltr'><strong>τοῦ</strong></span> <span class='ocrx_word' id='word_1_195' title='bbox 3304 1661 3565 1733; x_wconf 85' lang='grc' dir='ltr'>βασιλέως</span> <span class='ocrx_word' id='word_1_196' title='bbox 3607 1660 3732 1711; x_wconf 80' lang='grc' dir='ltr'><strong>Ἀσ-</strong></span> 
     </span>
    </p>
   </div>
   <div class='ocr_carea' id='block_1_28' title="bbox 2167 1752 3731 1837">
    <p class='ocr_par' dir='ltr' id='par_1_28' title="bbox 2167 1752 3731 1837">
     <span class='ocr_line' id='line_1_28' title="bbox 2167 1752 3731 1837; baseline -0.011 -18"><span class='ocrx_word' id='word_1_197' title='bbox 2167 1767 2389 1837; x_wconf 83' lang='grc' dir='ltr'>συρίων,</span> <span class='ocrx_word' id='word_1_198' title='bbox 2424 1763 2519 1817; x_wconf 84' lang='grc' dir='ltr'><strong>τοῦ</strong></span> <span class='ocrx_word' id='word_1_199' title='bbox 2561 1763 2712 1825; x_wconf 78' lang='grc' dir='ltr'>ὄντος</span> <span class='ocrx_word' id='word_1_200' title='bbox 2748 1762 2919 1831; x_wconf 85' lang='grc' dir='ltr'>πέραν</span> <span class='ocrx_word' id='word_1_201' title='bbox 2947 1759 3039 1811; x_wconf 90' lang='grc' dir='ltr'><strong>τοῦ</strong></span> <span class='ocrx_word' id='word_1_202' title='bbox 3069 1754 3334 1826; x_wconf 81' lang='grc' dir='ltr'><strong>ποταμοῦ,</strong></span> <span class='ocrx_word' id='word_1_203' title='bbox 3365 1754 3522 1823; x_wconf 86' lang='grc' dir='ltr'>δῆλον</span> <span class='ocrx_word' id='word_1_204' title='bbox 3560 1752 3617 1805; x_wconf 78' lang='grc' dir='ltr'>δὲ</span> <span class='ocrx_word' id='word_1_205' title='bbox 3649 1752 3731 1803; x_wconf 84' lang='grc' dir='ltr'>ὅτι</span> 
     </span>
    </p>
   </div>
   <div class='ocr_carea' id='block_1_29' title="bbox 499 1838 2071 1925">
    <p class='ocr_par' dir='ltr' id='par_1_29' title="bbox 499 1839 2066 1910">
     <span class='ocr_line' id='line_1_29' title="bbox 499 1839 2066 1910; baseline 0.004 -18"><span class='ocrx_word' id='word_1_206' title='bbox 499 1840 638 1908; x_wconf 89' lang='lat' dir='ltr'><strong>pilos</strong></span> <span class='ocrx_word' id='word_1_207' title='bbox 672 1839 890 1910; x_wconf 88' lang='lat' dir='ltr'><strong>pedum,</strong></span> <span class='ocrx_word' id='word_1_208' title='bbox 923 1852 976 1896; x_wconf 91' lang='lat' dir='ltr'><strong>et</strong></span> <span class='ocrx_word' id='word_1_209' title='bbox 1004 1843 1223 1896; x_wconf 82' lang='lat' dir='ltr'><strong>barbam</strong></span> <span class='ocrx_word' id='word_1_210' title='bbox 1252 1843 1478 1897; x_wconf 82' lang='lat' dir='ltr'><strong>auferet.</strong></span> <span class='ocrx_word' id='word_1_211' title='bbox 1526 1843 1852 1900; x_wconf 84' lang='lat' dir='ltr'><strong>Novaculam</strong></span> <span class='ocrx_word' id='word_1_212' title='bbox 1892 1855 2066 1901; x_wconf 89' lang='lat' dir='ltr'><strong>autem</strong></span> 
     </span>
    </p>
   </div>
   <div class='ocr_carea' id='block_1_30' title="bbox 2171 1838 3734 1925">
    <p class='ocr_par' dir='ltr' id='par_1_30' title="bbox 2171 1838 3734 1925">
     <span class='ocr_line' id='line_1_30' title="bbox 2171 1838 3734 1925; baseline -0.012 -16"><span class='ocrx_word' id='word_1_213' title='bbox 2171 1856 2260 1909; x_wconf 81' lang='grc' dir='ltr'><strong>τοῦ</strong></span> <span class='ocrx_word' id='word_1_214' title='bbox 2286 1854 2590 1925; x_wconf 74' lang='grc' dir='ltr'>Εὐφράτου,</span> <span class='ocrx_word' id='word_1_215' title='bbox 2622 1852 2845 1922; x_wconf 80' lang='grc' dir='ltr'>ξυρήσει</span> <span class='ocrx_word' id='word_1_216' title='bbox 2871 1847 3075 1919; x_wconf 86' lang='grc' dir='ltr'>Κύριος</span> <span class='ocrx_word' id='word_1_217' title='bbox 3100 1845 3199 1916; x_wconf 77' lang='grc' dir='ltr'>τὴν</span> <span class='ocrx_word' id='word_1_218' title='bbox 3231 1840 3489 1911; x_wconf 83' lang='grc' dir='ltr'>κεφαλὴν,</span> <span class='ocrx_word' id='word_1_219' title='bbox 3517 1839 3611 1893; x_wconf 71' lang='grc' dir='ltr'><strong>καὶ</strong></span> <span class='ocrx_word' id='word_1_220' title='bbox 3633 1838 3734 1900; x_wconf 83' lang='grc' dir='ltr'><strong>τὰς</strong></span> 
     </span>
    </p>
   </div>
   <div class='ocr_carea' id='block_1_31' title="bbox 504 1931 2071 2004">
    <p class='ocr_par' dir='ltr' id='par_1_31' title="bbox 504 1931 2071 2004">
     <span class='ocr_line' id='line_1_31' title="bbox 504 1931 2071 2004; baseline 0.004 -22"><span class='ocrx_word' id='word_1_221' title='bbox 504 1946 755 1999; x_wconf 82' lang='lat' dir='ltr'><strong>magnam</strong></span> <span class='ocrx_word' id='word_1_222' title='bbox 815 1940 870 1985; x_wconf 87' lang='lat' dir='ltr'><strong>et</strong></span> <span class='ocrx_word' id='word_1_223' title='bbox 914 1931 1235 1986; x_wconf 89' lang='lat' dir='ltr'><strong>inebriatam</strong></span> <span class='ocrx_word' id='word_1_224' title='bbox 1285 1933 1428 2003; x_wconf 82' lang='lat' dir='ltr'><strong>regis</strong></span> <span class='ocrx_word' id='word_1_225' title='bbox 1457 1935 1797 2004; x_wconf 87' lang='lat' dir='ltr'><strong>Assyriorum</strong></span> <span class='ocrx_word' id='word_1_226' title='bbox 1832 1934 2071 1989; x_wconf 81' lang='lat' dir='ltr'><strong>transﬂu-</strong></span> 
     </span>
    </p>
   </div>
   <div class='ocr_carea' id='block_1_32' title="bbox 502 2022 2070 2093">
    <p class='ocr_par' dir='ltr' id='par_1_32' title="bbox 502 2022 2070 2093">
     <span class='ocr_line' id='line_1_32' title="bbox 502 2022 2070 2093; baseline 0.004 -20"><span class='ocrx_word' id='word_1_227' title='bbox 502 2023 667 2085; x_wconf 85' lang='lat' dir='ltr'><strong>viani,</strong></span> <span class='ocrx_word' id='word_1_228' title='bbox 706 2022 938 2092; x_wconf 84' lang='lat' dir='ltr'><strong>appellat</strong></span> <span class='ocrx_word' id='word_1_229' title='bbox 986 2023 1223 2092; x_wconf 82' lang='lat' dir='ltr'><strong>gladium</strong></span> <span class='ocrx_word' id='word_1_230' title='bbox 1261 2024 1399 2093; x_wconf 82' lang='lat' dir='ltr'><strong>ejus,</strong></span> <span class='ocrx_word' id='word_1_231' title='bbox 1432 2025 1808 2082; x_wconf 88' lang='lat' dir='ltr'><strong>detondentem</strong></span> <span class='ocrx_word' id='word_1_232' title='bbox 1862 2026 2070 2082; x_wconf 76' lang='lat' dir='ltr'><strong>scilicet</strong></span> 
     </span>
    </p>
   </div>
   <div class='ocr_carea' id='block_1_33' title="bbox 500 2110 2067 2185">
    <p class='ocr_par' dir='ltr' id='par_1_33' title="bbox 500 2110 2067 2185">
     <span class='ocr_line' id='line_1_33' title="bbox 500 2110 2067 2185; baseline 0.004 -21"><span class='ocrx_word' id='word_1_233' title='bbox 500 2110 1022 2174; x_wconf 84' lang='lat' dir='ltr'><strong>immisericorditer,</strong></span> <span class='ocrx_word' id='word_1_234' title='bbox 1063 2121 1120 2165; x_wconf 89' lang='lat' dir='ltr'><strong>et</strong></span> <span class='ocrx_word' id='word_1_235' title='bbox 1156 2113 1464 2168; x_wconf 82' lang='lat' dir='ltr'><strong>cadentium</strong></span> <span class='ocrx_word' id='word_1_236' title='bbox 1499 2116 1762 2185; x_wconf 81' lang='lat' dir='ltr'><strong>sanguine</strong></span> <span class='ocrx_word' id='word_1_237' title='bbox 1812 2116 2067 2171; x_wconf 88' lang='lat' dir='ltr'><strong>inebriari</strong></span> 
     </span>
    </p>
   </div>
   <div class='ocr_carea' id='block_1_34' title="bbox 501 2204 2063 2275">
    <p class='ocr_par' dir='ltr' id='par_1_34' title="bbox 501 2204 2063 2275">
     <span class='ocr_line' id='line_1_34' title="bbox 501 2204 2063 2275; baseline 0.004 -18"><span class='ocrx_word' id='word_1_238' title='bbox 501 2204 841 2271; x_wconf 84' lang='lat' dir='ltr'><strong>gestientem.</strong></span> <span class='ocrx_word' id='word_1_239' title='bbox 866 2204 931 2259; x_wconf 85' lang='lat' dir='ltr'><strong>Et</strong></span> <span class='ocrx_word' id='word_1_240' title='bbox 988 2204 1075 2258; x_wconf 92' lang='lat' dir='ltr'><strong>hic</strong></span> <span class='ocrx_word' id='word_1_241' title='bbox 1127 2205 1344 2275; x_wconf 86' lang='lat' dir='ltr'><strong>quidem</strong></span> <span class='ocrx_word' id='word_1_242' title='bbox 1391 2214 1478 2261; x_wconf 88' lang='lat' dir='ltr'><strong>est</strong></span> <span class='ocrx_word' id='word_1_243' title='bbox 1530 2221 1721 2262; x_wconf 87' lang='lat' dir='ltr'><strong>sensus</strong></span> <span class='ocrx_word' id='word_1_244' title='bbox 1758 2210 2063 2263; x_wconf 81' lang='lat' dir='ltr'><strong>verborum.</strong></span> 
     </span>
    </p>
   </div>
   <div class='ocr_carea' id='block_1_35' title="bbox 501 2295 2067 2370">
    <p class='ocr_par' dir='ltr' id='par_1_35' title="bbox 501 2295 2067 2370">
     <span class='ocr_line' id='line_1_35' title="bbox 501 2295 2067 2370; baseline 0.005 -22"><span class='ocrx_word' id='word_1_245' title='bbox 501 2295 739 2352; x_wconf 79' lang='lat' dir='ltr'><strong>Dicimus</strong></span> <span class='ocrx_word' id='word_1_246' title='bbox 785 2308 966 2351; x_wconf 88' lang='lat' dir='ltr'><strong>autem</strong></span> <span class='ocrx_word' id='word_1_247' title='bbox 1004 2296 1240 2351; x_wconf 72' lang='lat' dir='ltr'><strong>infamiae</strong></span> <span class='ocrx_word' id='word_1_248' title='bbox 1290 2298 1570 2368; x_wconf 83' lang='lat' dir='ltr'><strong>cujusdam</strong></span> <span class='ocrx_word' id='word_1_249' title='bbox 1622 2299 1846 2369; x_wconf 78' lang='lat' dir='ltr'><strong>insignis</strong></span> <span class='ocrx_word' id='word_1_250' title='bbox 1899 2315 2067 2370; x_wconf 90' lang='lat' dir='ltr'><strong>genus</strong></span> 
     </span>
    </p>
   </div>
   <div class='ocr_carea' id='block_1_36' title="bbox 499 2388 2068 2458">
    <p class='ocr_par' dir='ltr' id='par_1_36' title="bbox 499 2388 2068 2458">
     <span class='ocr_line' id='line_1_36' title="bbox 499 2388 2068 2458; baseline 0.003 -17"><span class='ocrx_word' id='word_1_251' title='bbox 499 2388 666 2442; x_wconf 85' lang='lat' dir='ltr'><strong>fuisse</strong></span> <span class='ocrx_word' id='word_1_252' title='bbox 717 2397 866 2442; x_wconf 89' lang='lat' dir='ltr'><strong>certo</strong></span> <span class='ocrx_word' id='word_1_253' title='bbox 921 2398 1183 2458; x_wconf 89' lang='lat' dir='ltr'><strong>tempore,</strong></span> <span class='ocrx_word' id='word_1_254' title='bbox 1211 2397 1266 2443; x_wconf 90' lang='lat' dir='ltr'><strong>et</strong></span> <span class='ocrx_word' id='word_1_255' title='bbox 1325 2390 1503 2457; x_wconf 85' lang='lat' dir='ltr'><strong>capite</strong></span> <span class='ocrx_word' id='word_1_256' title='bbox 1534 2400 1589 2444; x_wconf 91' lang='lat' dir='ltr'><strong>et</strong></span> <span class='ocrx_word' id='word_1_257' title='bbox 1632 2390 1800 2445; x_wconf 87' lang='lat' dir='ltr'><strong>barba</strong></span> <span class='ocrx_word' id='word_1_258' title='bbox 1846 2389 2068 2446; x_wconf 86' lang='lat' dir='ltr'><strong>derasos</strong></span> 
     </span>
    </p>
   </div>
   <div class='ocr_carea' id='block_1_37' title="bbox 498 2478 2066 2547">
    <p class='ocr_par' dir='ltr' id='par_1_37' title="bbox 498 2478 2066 2547">
     <span class='ocr_line' id='line_1_37' title="bbox 498 2478 2066 2547; baseline 0.003 -15"><span class='ocrx_word' id='word_1_259' title='bbox 498 2479 757 2547; x_wconf 85' lang='lat' dir='ltr'><strong>conspici.</strong></span> <span class='ocrx_word' id='word_1_260' title='bbox 793 2478 945 2534; x_wconf 87' lang='lat' dir='ltr'><strong>Nunc</strong></span> <span class='ocrx_word' id='word_1_261' title='bbox 974 2481 1137 2534; x_wconf 87' lang='lat' dir='ltr'><strong>etiam</strong></span> <span class='ocrx_word' id='word_1_262' title='bbox 1182 2482 1556 2536; x_wconf 86' lang='lat' dir='ltr'><strong>universitatis</strong></span> <span class='ocrx_word' id='word_1_263' title='bbox 1598 2483 1736 2537; x_wconf 89' lang='lat' dir='ltr'><strong>Deus</strong></span> <span class='ocrx_word' id='word_1_264' title='bbox 1764 2483 2066 2537; x_wconf 84' lang='lat' dir='ltr'><strong>commina-</strong></span> 
     </span>
    </p>
   </div>
   <div class='ocr_carea' id='block_1_38' title="bbox 501 2570 2066 2634">
    <p class='ocr_par' dir='ltr' id='par_1_38' title="bbox 501 2570 2066 2634">
     <span class='ocr_line' id='line_1_38' title="bbox 501 2570 2066 2634; baseline 0.003 -11"><span class='ocrx_word' id='word_1_265' title='bbox 501 2579 588 2625; x_wconf 85' lang='lat' dir='ltr'><strong>tus</strong></span> <span class='ocrx_word' id='word_1_266' title='bbox 639 2570 850 2625; x_wconf 82' lang='lat' dir='ltr'><strong>ﬁliabus</strong></span> <span class='ocrx_word' id='word_1_267' title='bbox 897 2570 1049 2634; x_wconf 90' lang='lat' dir='ltr'><strong>Sion,</strong></span> <span class='ocrx_word' id='word_1_268' title='bbox 1080 2571 1333 2626; x_wconf 86' lang='lat' dir='ltr'><strong>fastuosis</strong></span> <span class='ocrx_word' id='word_1_269' title='bbox 1371 2582 1424 2627; x_wconf 92' lang='lat' dir='ltr'><strong>et</strong></span> <span class='ocrx_word' id='word_1_270' title='bbox 1485 2573 1859 2629; x_wconf 83' lang='lat' dir='ltr'><strong>incedentibus</strong></span> <span class='ocrx_word' id='word_1_271' title='bbox 1926 2574 2066 2628; x_wconf 88' lang='lat' dir='ltr'><strong>elata</strong></span> 
     </span>
    </p>
   </div>
   <div class='ocr_carea' id='block_1_39' title="bbox 497 2663 2070 2737">
    <p class='ocr_par' dir='ltr' id='par_1_39' title="bbox 497 2663 2070 2737">
     <span class='ocr_line' id='line_1_39' title="bbox 497 2663 2070 2737; baseline 0.005 -22"><span class='ocrx_word' id='word_1_272' title='bbox 497 2663 731 2727; x_wconf 75' lang='lat' dir='ltr'><strong>cervice,</strong></span> <span class='ocrx_word' id='word_1_273' title='bbox 765 2663 1158 2734; x_wconf 85' lang='lat' dir='ltr'><strong>oculorumque</strong></span> <span class='ocrx_word' id='word_1_274' title='bbox 1186 2664 1430 2729; x_wconf 89' lang='lat' dir='ltr'><strong>nutibus,</strong></span> <span class='ocrx_word' id='word_1_275' title='bbox 1471 2664 1748 2721; x_wconf 80' lang='lat' dir='ltr'><strong>felicitatis</strong></span> <span class='ocrx_word' id='word_1_276' title='bbox 1773 2667 2070 2737; x_wconf 82' lang='lat' dir='ltr'><strong>ademptio-</strong></span> 
     </span>
    </p>
   </div>
   <div class='ocr_carea' id='block_1_40' title="bbox 498 2754 2068 2825">
    <p class='ocr_par' dir='ltr' id='par_1_40' title="bbox 498 2754 2068 2825">
     <span class='ocr_line' id='line_1_40' title="bbox 498 2754 2068 2825; baseline 0.003 -18"><span class='ocrx_word' id='word_1_277' title='bbox 498 2770 643 2818; x_wconf 89' lang='lat' dir='ltr'><strong>nem,</strong></span> <span class='ocrx_word' id='word_1_278' title='bbox 669 2754 805 2808; x_wconf 84' lang='lat' dir='ltr'><strong>dixit</strong></span> <span class='ocrx_word' id='word_1_279' title='bbox 838 2772 852 2807; x_wconf 91' lang='lat'><strong>:</strong></span> <span class='ocrx_word' id='word_1_280' title='bbox 888 2754 951 2808; x_wconf 87' lang='lat' dir='ltr'><strong>Et</strong></span> <span class='ocrx_word' id='word_1_281' title='bbox 996 2755 1102 2810; x_wconf 90' lang='lat' dir='ltr'><strong>erit</strong></span> <span class='ocrx_word' id='word_1_282' title='bbox 1136 2770 1238 2825; x_wconf 90' lang='lat' dir='ltr'><strong>pro</strong></span> <span class='ocrx_word' id='word_1_283' title='bbox 1281 2756 1445 2810; x_wconf 89' lang='lat' dir='ltr'><strong>odore</strong></span> <span class='ocrx_word' id='word_1_284' title='bbox 1492 2756 1642 2811; x_wconf 87' lang='lat' dir='ltr'><strong>suavi</strong></span> <span class='ocrx_word' id='word_1_285' title='bbox 1683 2756 1848 2819; x_wconf 80' lang='lat' dir='ltr'><strong>letor,</strong></span> <span class='ocrx_word' id='word_1_286' title='bbox 1872 2766 1927 2812; x_wconf 90' lang='lat' dir='ltr'><strong>et</strong></span> <span class='ocrx_word' id='word_1_287' title='bbox 1973 2773 2068 2825; x_wconf 80' lang='lat' dir='ltr'><strong>pro</strong></span> 
     </span>
    </p>
   </div>
   <div class='ocr_carea' id='block_1_41' title="bbox 500 2844 2069 2916">
    <p class='ocr_par' dir='ltr' id='par_1_41' title="bbox 500 2844 2069 2916">
     <span class='ocr_line' id='line_1_41' title="bbox 500 2844 2069 2916; baseline 0.003 -18"><span class='ocrx_word' id='word_1_288' title='bbox 500 2860 654 2909; x_wconf 84' lang='lat' dir='ltr'><strong>zona,</strong></span> <span class='ocrx_word' id='word_1_289' title='bbox 688 2844 926 2901; x_wconf 82' lang='lat' dir='ltr'><strong>funiculo</strong></span> <span class='ocrx_word' id='word_1_290' title='bbox 958 2846 1307 2915; x_wconf 87' lang='lat' dir='ltr'><strong>succingeris,</strong></span> <span class='ocrx_word' id='word_1_291' title='bbox 1333 2855 1386 2900; x_wconf 92' lang='lat' dir='ltr'><strong>et</strong></span> <span class='ocrx_word' id='word_1_292' title='bbox 1407 2861 1503 2916; x_wconf 91' lang='lat' dir='ltr'><strong>pro</strong></span> <span class='ocrx_word' id='word_1_293' title='bbox 1528 2856 1847 2901; x_wconf 90' lang='lat' dir='ltr'><strong>ornamento</strong></span> <span class='ocrx_word' id='word_1_294' title='bbox 1876 2849 2069 2916; x_wconf 88' lang='lat' dir='ltr'><strong>capitis</strong></span> 
     </span>
    </p>
   </div>
   <div class='ocr_carea' id='block_1_42' title="bbox 500 2938 2068 3008">
    <p class='ocr_par' dir='ltr' id='par_1_42' title="bbox 500 2938 2068 3008">
     <span class='ocr_line' id='line_1_42' title="bbox 500 2938 2068 3008; baseline 0.003 -16"><span class='ocrx_word' id='word_1_295' title='bbox 500 2955 685 3004; x_wconf 87' lang='lat' dir='ltr'><strong>aureo,</strong></span> <span class='ocrx_word' id='word_1_296' title='bbox 713 2941 987 2993; x_wconf 86' lang='lat' dir='ltr'><strong>calvitium</strong></span> <span class='ocrx_word' id='word_1_297' title='bbox 1035 2938 1257 2993; x_wconf 86' lang='lat' dir='ltr'><strong>habebis</strong></span> <span class='ocrx_word' id='word_1_298' title='bbox 1302 2948 1521 3008; x_wconf 87' lang='lat' dir='ltr'><strong>propter</strong></span> <span class='ocrx_word' id='word_1_299' title='bbox 1553 2952 1715 3007; x_wconf 89' lang='lat' dir='ltr'><strong>opera</strong></span> <span class='ocrx_word' id='word_1_300' title='bbox 1758 2948 1868 2993; x_wconf 89' lang='lat' dir='ltr'><strong>tua.</strong></span> <span class='ocrx_word' id='word_1_301' title='bbox 1904 2941 2068 2996; x_wconf 84' lang='lat' dir='ltr'><strong>Fece-</strong></span> 
     </span>
    </p>
   </div>
   <div class='ocr_carea' id='block_1_43' title="bbox 500 3032 2066 3101">
    <p class='ocr_par' dir='ltr' id='par_1_43' title="bbox 500 3032 2066 3101">
     <span class='ocr_line' id='line_1_43' title="bbox 500 3032 2066 3101; baseline 0.002 -17"><span class='ocrx_word' id='word_1_302' title='bbox 500 3041 628 3085; x_wconf 88' lang='lat' dir='ltr'><strong>runt</strong></span> <span class='ocrx_word' id='word_1_303' title='bbox 656 3032 850 3087; x_wconf 88' lang='lat' dir='ltr'><strong>deinde</strong></span> <span class='ocrx_word' id='word_1_304' title='bbox 881 3032 995 3086; x_wconf 65' lang='lat' dir='ltr'><strong>hate</strong></span> <span class='ocrx_word' id='word_1_305' title='bbox 1023 3032 1245 3101; x_wconf 89' lang='lat' dir='ltr'><strong>quidam</strong></span> <span class='ocrx_word' id='word_1_306' title='bbox 1268 3038 1321 3086; x_wconf 86' lang='lat' dir='ltr'><strong>et</strong></span> <span class='ocrx_word' id='word_1_307' title='bbox 1344 3045 1510 3101; x_wconf 81' lang='lat' dir='ltr'><strong>super</strong></span> <span class='ocrx_word' id='word_1_308' title='bbox 1542 3032 1789 3097; x_wconf 87' lang='lat' dir='ltr'><strong>mortuis,</strong></span> <span class='ocrx_word' id='word_1_309' title='bbox 1814 3046 1878 3086; x_wconf 86' lang='lat' dir='ltr'><strong>ac</strong></span> <span class='ocrx_word' id='word_1_310' title='bbox 1900 3032 2066 3087; x_wconf 89' lang='lat' dir='ltr'><strong>dede-</strong></span> 
     </span>
    </p>
   </div>
   <div class='ocr_carea' id='block_1_44' title="bbox 499 3123 2068 3193">
    <p class='ocr_par' dir='ltr' id='par_1_44' title="bbox 499 3123 2068 3193">
     <span class='ocr_line' id='line_1_44' title="bbox 499 3123 2068 3193; baseline 0.002 -15"><span class='ocrx_word' id='word_1_311' title='bbox 499 3141 625 3179; x_wconf 89' lang='lat' dir='ltr'><strong>core</strong></span> <span class='ocrx_word' id='word_1_312' title='bbox 652 3140 771 3180; x_wconf 89' lang='lat' dir='ltr'><strong>sese</strong></span> <span class='ocrx_word' id='word_1_313' title='bbox 804 3124 1096 3179; x_wconf 75' lang='lat' dir='ltr'><strong>affecerunt</strong></span> <span class='ocrx_word' id='word_1_314' title='bbox 1131 3140 1145 3178; x_wconf 90' lang='lat'><strong>:</strong></span> <span class='ocrx_word' id='word_1_315' title='bbox 1187 3125 1326 3178; x_wconf 89' lang='lat' dir='ltr'><strong>unde</strong></span> <span class='ocrx_word' id='word_1_316' title='bbox 1354 3133 1408 3179; x_wconf 90' lang='lat' dir='ltr'><strong>et</strong></span> <span class='ocrx_word' id='word_1_317' title='bbox 1432 3124 1515 3177; x_wconf 80' lang='lat' dir='ltr'><strong>lex</strong></span> <span class='ocrx_word' id='word_1_318' title='bbox 1548 3123 1781 3179; x_wconf 77' lang='lat' dir='ltr'><strong>Mosaica</strong></span> <span class='ocrx_word' id='word_1_319' title='bbox 1825 3125 2068 3193; x_wconf 61' lang='lat' dir='ltr'><strong>praecipit</strong></span> 
     </span>
    </p>
   </div>
   <div class='ocr_carea' id='block_1_45' title="bbox 2170 1928 3730 2017">
    <p class='ocr_par' dir='ltr' id='par_1_45' title="bbox 2170 1928 3730 2017">
     <span class='ocr_line' id='line_1_45' title="bbox 2170 1928 3730 2017; baseline -0.012 -18"><span class='ocrx_word' id='word_1_320' title='bbox 2170 1945 2361 2017; x_wconf 84' lang='grc' dir='ltr'>τρίχας</span> <span class='ocrx_word' id='word_1_321' title='bbox 2386 1943 2495 1997; x_wconf 89' lang='grc' dir='ltr'><strong>τῶν</strong></span> <span class='ocrx_word' id='word_1_322' title='bbox 2529 1941 2727 2005; x_wconf 81' lang='grc' dir='ltr'><strong>ποδῶν,</strong></span> <span class='ocrx_word' id='word_1_323' title='bbox 2752 1941 2847 1993; x_wconf 78' lang='grc' dir='ltr'>καὶ</span> <span class='ocrx_word' id='word_1_324' title='bbox 2876 1938 2966 1992; x_wconf 82' lang='grc' dir='ltr'>τὸν</span> <span class='ocrx_word' id='word_1_325' title='bbox 2994 1936 3232 2005; x_wconf 88' lang='grc' dir='ltr'>πώγωνα</span> <span class='ocrx_word' id='word_1_326' title='bbox 3252 1932 3455 2000; x_wconf 86' lang='grc' dir='ltr'>ἀφελεῖ.</span> <span class='ocrx_word' id='word_1_327' title='bbox 3480 1928 3649 2001; x_wconf 81' lang='grc' dir='ltr'>Ξυρὸν</span> <span class='ocrx_word' id='word_1_328' title='bbox 3673 1928 3730 1980; x_wconf 74' lang='grc' dir='ltr'>δὲ</span> 
     </span>
    </p>
   </div>
   <div class='ocr_carea' id='block_1_46' title="bbox 2173 2021 3730 2105">
    <p class='ocr_par' dir='ltr' id='par_1_46' title="bbox 2173 2021 3730 2105">
     <span class='ocr_line' id='line_1_46' title="bbox 2173 2021 3730 2105; baseline -0.01 -18"><span class='ocrx_word' id='word_1_329' title='bbox 2173 2035 2315 2105; x_wconf 82' lang='grc' dir='ltr'>μέγα</span> <span class='ocrx_word' id='word_1_330' title='bbox 2350 2033 2444 2086; x_wconf 80' lang='grc' dir='ltr'>καὶ</span> <span class='ocrx_word' id='word_1_331' title='bbox 2492 2029 2902 2103; x_wconf 85' lang='grc' dir='ltr'>μεμεθυσμένον</span> <span class='ocrx_word' id='word_1_332' title='bbox 2946 2027 3040 2081; x_wconf 92' lang='grc' dir='ltr'><strong>τοῦ</strong></span> <span class='ocrx_word' id='word_1_333' title='bbox 3109 2024 3368 2097; x_wconf 82' lang='grc' dir='ltr'>βασιλέως</span> <span class='ocrx_word' id='word_1_334' title='bbox 3405 2021 3730 2092; x_wconf 80' lang='grc' dir='ltr'><strong>Ἀσσυρίων,</strong></span> 
     </span>
    </p>
   </div>
   <div class='ocr_carea' id='block_1_47' title="bbox 2168 2114 3732 2195">
    <p class='ocr_par' dir='ltr' id='par_1_47' title="bbox 2168 2114 3732 2195">
     <span class='ocr_line' id='line_1_47' title="bbox 2168 2114 3732 2195; baseline -0.011 -15"><span class='ocrx_word' id='word_1_335' title='bbox 2168 2124 2264 2180; x_wconf 93' lang='grc' dir='ltr'><strong>τοῦ</strong></span> <span class='ocrx_word' id='word_1_336' title='bbox 2310 2125 2461 2190; x_wconf 77' lang='grc' dir='ltr'>ὄντος</span> <span class='ocrx_word' id='word_1_337' title='bbox 2499 2124 2671 2195; x_wconf 87' lang='grc' dir='ltr'>πέραν</span> <span class='ocrx_word' id='word_1_338' title='bbox 2700 2120 2795 2175; x_wconf 86' lang='grc' dir='ltr'><strong>τοῦ</strong></span> <span class='ocrx_word' id='word_1_339' title='bbox 2830 2118 3102 2191; x_wconf 81' lang='grc' dir='ltr'>ποταμοῦ,</span> <span class='ocrx_word' id='word_1_340' title='bbox 3133 2117 3287 2171; x_wconf 86' lang='grc' dir='ltr'>καλεῖ</span> <span class='ocrx_word' id='word_1_341' title='bbox 3317 2115 3413 2186; x_wconf 82' lang='grc' dir='ltr'>τὴν</span> <span class='ocrx_word' id='word_1_342' title='bbox 3460 2114 3732 2183; x_wconf 87' lang='grc' dir='ltr'>μάχαιραν</span> 
     </span>
    </p>
   </div>
   <div class='ocr_carea' id='block_1_48' title="bbox 2168 2205 3737 2288">
    <p class='ocr_par' dir='ltr' id='par_1_48' title="bbox 2168 2205 3737 2288">
     <span class='ocr_line' id='line_1_48' title="bbox 2168 2205 3737 2288; baseline -0.011 -16"><span class='ocrx_word' id='word_1_343' title='bbox 2168 2216 2356 2281; x_wconf 81' lang='grc' dir='ltr'>αὑτοῦ,</span> <span class='ocrx_word' id='word_1_344' title='bbox 2399 2217 2495 2288; x_wconf 84' lang='grc' dir='ltr'>τὴν</span> <span class='ocrx_word' id='word_1_345' title='bbox 2525 2213 2634 2270; x_wconf 71' lang='grc' dir='ltr'>οἷον</span> <span class='ocrx_word' id='word_1_346' title='bbox 2664 2214 2897 2285; x_wconf 84' lang='grc' dir='ltr'>ἀφειδῶς</span> <span class='ocrx_word' id='word_1_347' title='bbox 2928 2210 3350 2281; x_wconf 87' lang='grc' dir='ltr'>ἀποκείρουσαν,</span> <span class='ocrx_word' id='word_1_348' title='bbox 3389 2206 3483 2259; x_wconf 67' lang='grc' dir='ltr'><strong>καὶ</strong></span> <span class='ocrx_word' id='word_1_349' title='bbox 3512 2205 3737 2275; x_wconf 88' lang='grc' dir='ltr'>χαίρου-</span> 
     </span>
    </p>
   </div>
   <div class='ocr_carea' id='block_1_49' title="bbox 2171 2296 3732 2380">
    <p class='ocr_par' dir='ltr' id='par_1_49' title="bbox 2171 2296 3732 2380">
     <span class='ocr_line' id='line_1_49' title="bbox 2171 2296 3732 2380; baseline -0.012 -15"><span class='ocrx_word' id='word_1_350' title='bbox 2171 2329 2270 2365; x_wconf 88' lang='grc' dir='ltr'><strong>σαν</strong></span> <span class='ocrx_word' id='word_1_351' title='bbox 2302 2309 2380 2380; x_wconf 83' lang='grc' dir='ltr'>τῷ</span> <span class='ocrx_word' id='word_1_352' title='bbox 2418 2308 2635 2379; x_wconf 79' lang='grc' dir='ltr'>μεθύειν</span> <span class='ocrx_word' id='word_1_353' title='bbox 2678 2306 2755 2378; x_wconf 82' lang='grc' dir='ltr'><strong>τῷ</strong></span> <span class='ocrx_word' id='word_1_354' title='bbox 2793 2306 2900 2359; x_wconf 91' lang='grc' dir='ltr'><strong>τῶν</strong></span> <span class='ocrx_word' id='word_1_355' title='bbox 2953 2301 3260 2357; x_wconf 85' lang='grc' dir='ltr'>πιπτόντων</span> <span class='ocrx_word' id='word_1_356' title='bbox 3297 2299 3507 2370; x_wconf 80' lang='grc' dir='ltr'>αἵματι.</span> <span class='ocrx_word' id='word_1_357' title='bbox 3548 2296 3657 2349; x_wconf 73' lang='grc' dir='ltr'><strong>Καὶ</strong></span> <span class='ocrx_word' id='word_1_358' title='bbox 3704 2297 3732 2347; x_wconf 90' lang='lat'><strong>6</strong></span> 
     </span>
    </p>
   </div>
   <div class='ocr_carea' id='block_1_50' title="bbox 2173 2381 3785 2475">
    <p class='ocr_par' dir='ltr' id='par_1_50' title="bbox 2173 2381 3785 2475">
     <span class='ocr_line' id='line_1_50' title="bbox 2173 2381 3785 2475; baseline -0.013 -18"><span class='ocrx_word' id='word_1_359' title='bbox 2173 2404 2271 2475; x_wconf 80' lang='grc' dir='ltr'><strong>μὲν</strong></span> <span class='ocrx_word' id='word_1_360' title='bbox 2298 2402 2423 2465; x_wconf 89' lang='grc' dir='ltr'>νοῦς</span> <span class='ocrx_word' id='word_1_361' title='bbox 2447 2400 2555 2454; x_wconf 89' lang='grc' dir='ltr'><strong>τῶν</strong></span> <span class='ocrx_word' id='word_1_362' title='bbox 2584 2398 2780 2466; x_wconf 79' lang='grc' dir='ltr'>λέξεων</span> <span class='ocrx_word' id='word_1_363' title='bbox 2802 2393 2974 2459; x_wconf 69' lang='grc' dir='ltr'>οὗτος.</span> <span class='ocrx_word' id='word_1_364' title='bbox 3001 2392 3184 2464; x_wconf 80' lang='grc' dir='ltr'>Φαμὲν</span> <span class='ocrx_word' id='word_1_365' title='bbox 3206 2392 3262 2444; x_wconf 78' lang='grc' dir='ltr'>δὲ</span> <span class='ocrx_word' id='word_1_366' title='bbox 3298 2392 3379 2443; x_wconf 82' lang='grc' dir='ltr'>ὅτι</span> <span class='ocrx_word' id='word_1_367' title='bbox 3411 2387 3630 2456; x_wconf 78' lang='grc' dir='ltr'>ἀτιμίας</span> <span class='ocrx_word' id='word_1_368' title='bbox 3664 2381 3734 2456; x_wconf 73' lang='grc' dir='ltr'>ἦν</span> <span class='ocrx_word' id='word_1_369' title='bbox 3782 2414 3785 2417; x_wconf 60' lang='grc' dir='ltr'><em>ν</em></span> 
     </span>
    </p>
   </div>
   <div class='ocr_carea' id='block_1_51' title="bbox 2169 2482 3734 2565">
    <p class='ocr_par' dir='ltr' id='par_1_51' title="bbox 2169 2482 3734 2565">
     <span class='ocr_line' id='line_1_51' title="bbox 2169 2482 3734 2565; baseline -0.012 -17"><span class='ocrx_word' id='word_1_370' title='bbox 2169 2496 2401 2565; x_wconf 76' lang='grc' dir='ltr'>ἐσχάτης</span> <span class='ocrx_word' id='word_1_371' title='bbox 2430 2492 2627 2563; x_wconf 82' lang='grc' dir='ltr'>τρόπος</span> <span class='ocrx_word' id='word_1_372' title='bbox 2652 2533 2667 2556; x_wconf 89' lang='grc'><strong>,</strong></span> <span class='ocrx_word' id='word_1_373' title='bbox 2711 2490 2770 2542; x_wconf 83' lang='grc' dir='ltr'>τὸ</span> <span class='ocrx_word' id='word_1_374' title='bbox 2811 2487 2933 2541; x_wconf 86' lang='grc' dir='ltr'>καθ’</span> <span class='ocrx_word' id='word_1_375' title='bbox 2959 2486 3054 2539; x_wconf 76' lang='grc' dir='ltr'>ἕνα</span> <span class='ocrx_word' id='word_1_376' title='bbox 3088 2483 3277 2555; x_wconf 76' lang='grc' dir='ltr'>καιρὸν</span> <span class='ocrx_word' id='word_1_377' title='bbox 3320 2482 3546 2553; x_wconf 79' lang='grc' dir='ltr'>ὁρᾶσθαί</span> <span class='ocrx_word' id='word_1_378' title='bbox 3582 2495 3734 2540; x_wconf 87' lang='grc' dir='ltr'>τινας</span> 
     </span>
    </p>
   </div>
   <div class='ocr_carea' id='block_1_52' title="bbox 2168 2567 3735 2655">
    <p class='ocr_par' dir='ltr' id='par_1_52' title="bbox 2168 2567 3735 2655">
     <span class='ocr_line' id='line_1_52' title="bbox 2168 2567 3735 2655; baseline -0.012 -17"><span class='ocrx_word' id='word_1_379' title='bbox 2168 2584 2408 2655; x_wconf 85' lang='grc' dir='ltr'>κεφαλήν</span> <span class='ocrx_word' id='word_1_380' title='bbox 2441 2600 2499 2636; x_wconf 89' lang='grc' dir='ltr'><strong>τε</strong></span> <span class='ocrx_word' id='word_1_381' title='bbox 2527 2583 2619 2635; x_wconf 76' lang='grc' dir='ltr'>καὶ</span> <span class='ocrx_word' id='word_1_382' title='bbox 2662 2580 2899 2647; x_wconf 89' lang='grc' dir='ltr'>πώγωνα</span> <span class='ocrx_word' id='word_1_383' title='bbox 2930 2573 3418 2646; x_wconf 78' lang='grc' dir='ltr'>κατεξυρημένους.</span> <span class='ocrx_word' id='word_1_384' title='bbox 3465 2570 3573 2623; x_wconf 55' lang='grc' dir='ltr'><strong>Καὶ⁵</strong></span> <span class='ocrx_word' id='word_1_385' title='bbox 3606 2567 3735 2637; x_wconf 88' lang='grc' dir='ltr'>γοῦν</span> 
     </span>
    </p>
   </div>
   <div class='ocr_carea' id='block_1_53' title="bbox 2167 2658 3732 2740">
    <p class='ocr_par' dir='ltr' id='par_1_53' title="bbox 2167 2658 3732 2740">
     <span class='ocr_line' id='line_1_53' title="bbox 2167 2658 3732 2740; baseline -0.012 -11"><span class='ocrx_word' id='word_1_386' title='bbox 2167 2677 2197 2727; x_wconf 87' lang='lat'><strong>6</strong></span> <span class='ocrx_word' id='word_1_387' title='bbox 2244 2676 2351 2728; x_wconf 89' lang='grc' dir='ltr'><strong>τῶν</strong></span> <span class='ocrx_word' id='word_1_388' title='bbox 2401 2674 2537 2727; x_wconf 85' lang='grc' dir='ltr'>ὅλων</span> <span class='ocrx_word' id='word_1_389' title='bbox 2586 2672 2717 2735; x_wconf 86' lang='grc' dir='ltr'>Θεὸς</span> <span class='ocrx_word' id='word_1_390' title='bbox 2759 2668 3097 2740; x_wconf 85' lang='grc' dir='ltr'>ἐπηπείλησέ</span> <span class='ocrx_word' id='word_1_391' title='bbox 3134 2683 3237 2718; x_wconf 91' lang='grc' dir='ltr'><strong>που</strong></span> <span class='ocrx_word' id='word_1_392' title='bbox 3274 2666 3390 2726; x_wconf 86' lang='grc' dir='ltr'>ταῖς</span> <span class='ocrx_word' id='word_1_393' title='bbox 3438 2658 3732 2730; x_wconf 71' lang='grc' dir='ltr'>θυγατράσι</span> 
     </span>
    </p>
   </div>
   <div class='ocr_carea' id='block_1_54' title="bbox 2168 2753 3734 2834">
    <p class='ocr_par' dir='ltr' id='par_1_54' title="bbox 2168 2753 3734 2834">
     <span class='ocr_line' id='line_1_54' title="bbox 2168 2753 3734 2834; baseline -0.01 -14"><span class='ocrx_word' id='word_1_394' title='bbox 2168 2765 2325 2831; x_wconf 86' lang='grc' dir='ltr'>Σιὼν,</span> <span class='ocrx_word' id='word_1_395' title='bbox 2370 2764 2699 2834; x_wconf 75' lang='grc' dir='ltr'>ὑψουμέναις</span> <span class='ocrx_word' id='word_1_396' title='bbox 2737 2779 2795 2813; x_wconf 92' lang='grc' dir='ltr'><strong>τε</strong></span> <span class='ocrx_word' id='word_1_397' title='bbox 2830 2761 2922 2813; x_wconf 73' lang='grc' dir='ltr'>καὶ</span> <span class='ocrx_word' id='word_1_398' title='bbox 2944 2757 3335 2830; x_wconf 86' lang='grc' dir='ltr'>πορευομέναις</span> <span class='ocrx_word' id='word_1_399' title='bbox 3376 2753 3561 2825; x_wconf 75' lang='grc' dir='ltr'>ὑψηλῷ</span> <span class='ocrx_word' id='word_1_400' title='bbox 3608 2768 3734 2823; x_wconf 82' lang='grc' dir='ltr'>τρα-</span> 
     </span>
    </p>
   </div>
   <div class='ocr_carea' id='block_1_55' title="bbox 2168 2844 3732 2931">
    <p class='ocr_par' dir='ltr' id='par_1_55' title="bbox 2168 2844 3732 2931">
     <span class='ocr_line' id='line_1_55' title="bbox 2168 2844 3732 2931; baseline -0.009 -21"><span class='ocrx_word' id='word_1_401' title='bbox 2168 2859 2316 2931; x_wconf 82' lang='grc' dir='ltr'>χή).ῳ</span> <span class='ocrx_word' id='word_1_402' title='bbox 2356 2858 2448 2914; x_wconf 76' lang='grc' dir='ltr'>καὶ</span> <span class='ocrx_word' id='word_1_403' title='bbox 2488 2856 2749 2925; x_wconf 83' lang='grc' dir='ltr'>νεύμασιν</span> <span class='ocrx_word' id='word_1_404' title='bbox 2790 2852 3103 2925; x_wconf 81' lang='grc' dir='ltr'>ὀφθαλμῶν,</span> <span class='ocrx_word' id='word_1_405' title='bbox 3157 2852 3253 2921; x_wconf 90' lang='grc' dir='ltr'><strong>τῆς</strong></span> <span class='ocrx_word' id='word_1_406' title='bbox 3298 2847 3595 2919; x_wconf 82' lang='grc' dir='ltr'>εὐημερίας</span> <span class='ocrx_word' id='word_1_407' title='bbox 3635 2844 3732 2913; x_wconf 84' lang='grc' dir='ltr'><strong>τὴν</strong></span> 
     </span>
    </p>
   </div>
   <div class='ocr_carea' id='block_1_56' title="bbox 2168 2937 3734 3021">
    <p class='ocr_par' dir='ltr' id='par_1_56' title="bbox 2168 2937 3734 3021">
     <span class='ocr_line' id='line_1_56' title="bbox 2168 2937 3734 3021; baseline -0.011 -16"><span class='ocrx_word' id='word_1_408' title='bbox 2168 2949 2477 3021; x_wconf 80' lang='grc' dir='ltr'>ἀφαίρεσιν.</span> <span class='ocrx_word' id='word_1_409' title='bbox 2513 2948 2655 3019; x_wconf 84' lang='grc' dir='ltr'>Ἔφη</span> <span class='ocrx_word' id='word_1_410' title='bbox 2680 2946 2808 3015; x_wconf 82' lang='grc' dir='ltr'>γὰρ,</span> <span class='ocrx_word' id='word_1_411' title='bbox 2837 2945 2916 2998; x_wconf 84' lang='grc' dir='ltr'>ὅτι</span> <span class='ocrx_word' id='word_1_412' title='bbox 2963 2944 3071 3000; x_wconf 67' lang='grc' dir='ltr'><strong>Καὶ</strong></span> <span class='ocrx_word' id='word_1_413' title='bbox 3095 2942 3265 3005; x_wconf 83' lang='grc' dir='ltr'>ἐσται,</span> <span class='ocrx_word' id='word_1_414' title='bbox 3297 2942 3390 2994; x_wconf 78' lang='grc' dir='ltr'>καὶ</span> <span class='ocrx_word' id='word_1_415' title='bbox 3419 2939 3537 2993; x_wconf 73' lang='grc' dir='ltr'>ἀντὶ</span> <span class='ocrx_word' id='word_1_416' title='bbox 3561 2937 3734 3007; x_wconf 82' lang='grc' dir='ltr'>ὀσμῆς</span> 
     </span>
    </p>
   </div>
   <div class='ocr_carea' id='block_1_57' title="bbox 2168 3028 3733 3117">
    <p class='ocr_par' dir='ltr' id='par_1_57' title="bbox 2168 3028 3733 3117">
     <span class='ocr_line' id='line_1_57' title="bbox 2168 3028 3733 3117; baseline -0.012 -19"><span class='ocrx_word' id='word_1_417' title='bbox 2168 3044 2350 3117; x_wconf 79' lang='grc' dir='ltr'>ἡδείας</span> <span class='ocrx_word' id='word_1_418' title='bbox 2379 3041 2670 3114; x_wconf 83' lang='grc' dir='ltr'>κονιορτὸς,</span> <span class='ocrx_word' id='word_1_419' title='bbox 2700 3040 2792 3093; x_wconf 72' lang='grc' dir='ltr'><strong>καὶ</strong></span> <span class='ocrx_word' id='word_1_420' title='bbox 2826 3038 2945 3093; x_wconf 73' lang='grc' dir='ltr'>ἀντὶ</span> <span class='ocrx_word' id='word_1_421' title='bbox 2979 3037 3155 3106; x_wconf 79' lang='grc' dir='ltr'>ζώνης</span> <span class='ocrx_word' id='word_1_422' title='bbox 3195 3034 3410 3105; x_wconf 86' lang='grc' dir='ltr'>σχοινίῳ</span> <span class='ocrx_word' id='word_1_423' title='bbox 3438 3031 3605 3102; x_wconf 81' lang='grc' dir='ltr'>ζώσῃ,</span> <span class='ocrx_word' id='word_1_424' title='bbox 3637 3028 3733 3081; x_wconf 72' lang='grc' dir='ltr'><strong>καὶ</strong></span> 
     </span>
    </p>
   </div>
   <div class='ocr_carea' id='block_1_58' title="bbox 2169 3123 3735 3202">
    <p class='ocr_par' dir='ltr' id='par_1_58' title="bbox 2169 3123 3735 3202">
     <span class='ocr_line' id='line_1_58' title="bbox 2169 3123 3735 3202; baseline -0.012 -13"><span class='ocrx_word' id='word_1_425' title='bbox 2169 3136 2290 3189; x_wconf 78' lang='grc' dir='ltr'>ἀντὶ</span> <span class='ocrx_word' id='word_1_426' title='bbox 2305 3134 2397 3187; x_wconf 87' lang='grc' dir='ltr'><strong>τοῦ</strong></span> <span class='ocrx_word' id='word_1_427' title='bbox 2418 3133 2622 3202; x_wconf 83' lang='grc' dir='ltr'>κόσμου</span> <span class='ocrx_word' id='word_1_428' title='bbox 2650 3131 2746 3199; x_wconf 87' lang='grc' dir='ltr'><strong>τῆς</strong></span> <span class='ocrx_word' id='word_1_429' title='bbox 2766 3129 3005 3199; x_wconf 83' lang='grc' dir='ltr'>κεφαλῆς</span> <span class='ocrx_word' id='word_1_430' title='bbox 3025 3127 3118 3180; x_wconf 88' lang='grc' dir='ltr'><strong>τοῦ</strong></span> <span class='ocrx_word' id='word_1_431' title='bbox 3147 3124 3367 3198; x_wconf 87' lang='grc' dir='ltr'>χρυσοῦ,</span> <span class='ocrx_word' id='word_1_432' title='bbox 3392 3123 3649 3192; x_wconf 78' lang='grc' dir='ltr'>φαλάκρω</span> <span class='ocrx_word' id='word_1_433' title='bbox 3660 3136 3735 3190; x_wconf 87' lang='grc' dir='ltr'>μα</span> 
     </span>
    </p>
   </div>
   <div class='ocr_carea' id='block_1_59' title="bbox 502 3208 2071 3294">
    <p class='ocr_par' dir='ltr' id='par_1_59' title="bbox 502 3215 2071 3286">
     <span class='ocr_line' id='line_1_59' title="bbox 502 3215 2071 3286; baseline 0.003 -16"><span class='ocrx_word' id='word_1_434' title='bbox 502 3217 607 3270; x_wconf 77' lang='lat' dir='ltr'><strong>illis</strong></span> <span class='ocrx_word' id='word_1_435' title='bbox 636 3216 727 3285; x_wconf 91' lang='lat' dir='ltr'><strong>qui</strong></span> <span class='ocrx_word' id='word_1_436' title='bbox 761 3216 1001 3270; x_wconf 90' lang='lat' dir='ltr'><strong>divinum</strong></span> <span class='ocrx_word' id='word_1_437' title='bbox 1045 3216 1404 3270; x_wconf 89' lang='lat' dir='ltr'><strong>ministerium</strong></span> <span class='ocrx_word' id='word_1_438' title='bbox 1449 3215 1627 3270; x_wconf 89' lang='lat' dir='ltr'><strong>sortiti</strong></span> <span class='ocrx_word' id='word_1_439' title='bbox 1649 3225 1796 3286; x_wconf 83' lang='lat' dir='ltr'><strong>sunt,</strong></span> <span class='ocrx_word' id='word_1_440' title='bbox 1821 3231 1889 3272; x_wconf 88' lang='lat' dir='ltr'><strong>ne</strong></span> <span class='ocrx_word' id='word_1_441' title='bbox 1921 3233 2071 3274; x_wconf 88' lang='lat' dir='ltr'><strong>more</strong></span> 
     </span>
    </p>
   </div>
   <div class='ocr_carea' id='block_1_60' title="bbox 2171 3208 3736 3294">
    <p class='ocr_par' dir='ltr' id='par_1_60' title="bbox 2172 3211 3736 3294">
     <span class='ocr_line' id='line_1_60' title="bbox 2172 3211 3736 3294; baseline -0.012 -14"><span class='ocrx_word' id='word_1_442' title='bbox 2172 3226 2315 3291; x_wconf 75' lang='grc' dir='ltr'>ἕξεις</span> <span class='ocrx_word' id='word_1_443' title='bbox 2344 3226 2430 3279; x_wconf 89' lang='grc' dir='ltr'>διὰ</span> <span class='ocrx_word' id='word_1_444' title='bbox 2459 3224 2527 3277; x_wconf 74' lang='grc' dir='ltr'>τὰ</span> <span class='ocrx_word' id='word_1_445' title='bbox 2549 3223 2683 3294; x_wconf 74' lang='grc' dir='ltr'>ἔργα</span> <span class='ocrx_word' id='word_1_446' title='bbox 2709 3238 2819 3274; x_wconf 91' lang='grc' dir='ltr'>σου.</span> <span class='ocrx_word' id='word_1_447' title='bbox 2849 3221 3056 3291; x_wconf 82' lang='grc' dir='ltr'>Ἔδρων</span> <span class='ocrx_word' id='word_1_448' title='bbox 3081 3219 3137 3272; x_wconf 86' lang='grc' dir='ltr'>δὲ</span> <span class='ocrx_word' id='word_1_449' title='bbox 3162 3217 3316 3271; x_wconf 91' lang='grc' dir='ltr'>τοῦτό</span> <span class='ocrx_word' id='word_1_450' title='bbox 3340 3232 3503 3278; x_wconf 91' lang='grc' dir='ltr'>τινες,</span> <span class='ocrx_word' id='word_1_451' title='bbox 3522 3214 3611 3266; x_wconf 74' lang='grc' dir='ltr'><strong>καὶ</strong></span> <span class='ocrx_word' id='word_1_452' title='bbox 3644 3211 3736 3264; x_wconf 71' lang='grc' dir='ltr'><strong>ἐπὶ</strong></span> 
     </span>
    </p>
   </div>
   <div class='ocr_carea' id='block_1_61' title="bbox 501 3307 2069 3377">
    <p class='ocr_par' dir='ltr' id='par_1_61' title="bbox 501 3307 2069 3377">
     <span class='ocr_line' id='line_1_61' title="bbox 501 3307 2069 3377; baseline 0.001 -16"><span class='ocrx_word' id='word_1_453' title='bbox 501 3307 730 3361; x_wconf 87' lang='lat' dir='ltr'><strong>aliorum</strong></span> <span class='ocrx_word' id='word_1_454' title='bbox 765 3320 929 3377; x_wconf 92' lang='lat' dir='ltr'><strong>super</strong></span> <span class='ocrx_word' id='word_1_455' title='bbox 954 3307 1219 3362; x_wconf 88' lang='lat' dir='ltr'><strong>cadavere</strong></span> <span class='ocrx_word' id='word_1_456' title='bbox 1246 3307 1599 3371; x_wconf 85' lang='lat' dir='ltr'><strong>abradantur,</strong></span> <span class='ocrx_word' id='word_1_457' title='bbox 1630 3321 1805 3377; x_wconf 85' lang='lat' dir='ltr'><strong>neque</strong></span> <span class='ocrx_word' id='word_1_458' title='bbox 1840 3308 2069 3364; x_wconf 78' lang='lat' dir='ltr'><strong>formam</strong></span> 
     </span>
    </p>
   </div>
   <div class='ocr_carea' id='block_1_62' title="bbox 500 3396 2097 3467">
    <p class='ocr_par' dir='ltr' id='par_1_62' title="bbox 500 3396 2097 3467">
     <span class='ocr_line' id='line_1_62' title="bbox 500 3396 2097 3467; baseline 0.001 -14"><span class='ocrx_word' id='word_1_459' title='bbox 500 3398 681 3453; x_wconf 62' lang='lat' dir='ltr'><strong>barbae</strong></span> <span class='ocrx_word' id='word_1_460' title='bbox 711 3405 1080 3467; x_wconf 87' lang='lat' dir='ltr'><strong>corrumpant.</strong></span> <span class='ocrx_word' id='word_1_461' title='bbox 1112 3396 1203 3451; x_wconf 88' lang='lat' dir='ltr'><strong>Sic</strong></span> <span class='ocrx_word' id='word_1_462' title='bbox 1241 3397 1383 3451; x_wconf 89' lang='lat' dir='ltr'><strong>enim</strong></span> <span class='ocrx_word' id='word_1_463' title='bbox 1423 3398 1685 3467; x_wconf 88' lang='lat' dir='ltr'><strong>scriptum</strong></span> <span class='ocrx_word' id='word_1_464' title='bbox 1725 3408 1827 3453; x_wconf 90' lang='lat' dir='ltr'><strong>est.</strong></span> <span class='ocrx_word' id='word_1_465' title='bbox 1865 3399 2097 3455; x_wconf 82' lang='lat' dir='ltr'><strong>Devas-&#39;</strong></span> 
     </span>
    </p>
   </div>
   <div class='ocr_carea' id='block_1_63' title="bbox 501 3488 2071 3561">
    <p class='ocr_par' dir='ltr' id='par_1_63' title="bbox 501 3488 2071 3561">
     <span class='ocr_line' id='line_1_63' title="bbox 501 3488 2071 3561; baseline 0 -16"><span class='ocrx_word' id='word_1_466' title='bbox 501 3492 629 3545; x_wconf 87' lang='lat' dir='ltr'><strong>tatis</strong></span> <span class='ocrx_word' id='word_1_467' title='bbox 662 3506 789 3544; x_wconf 88' lang='lat' dir='ltr'><strong>vero</strong></span> <span class='ocrx_word' id='word_1_468' title='bbox 816 3489 1203 3561; x_wconf 85' lang='lat' dir='ltr'><strong>Hierosolymis</strong></span> <span class='ocrx_word' id='word_1_469' title='bbox 1234 3506 1262 3543; x_wconf 90' lang='lat' dir='ltr'><strong><em>a</em></strong></span> <span class='ocrx_word' id='word_1_470' title='bbox 1299 3488 1850 3557; x_wconf 78' lang='lat' dir='ltr'><strong>Nabuchodonosoro,</strong></span> <span class='ocrx_word' id='word_1_471' title='bbox 1883 3507 2071 3547; x_wconf 89' lang='lat' dir='ltr'><strong>ascen-</strong></span> 
     </span>
    </p>
   </div>
   <div class='ocr_carea' id='block_1_64' title="bbox 501 3580 2075 3654">
    <p class='ocr_par' dir='ltr' id='par_1_64' title="bbox 501 3580 2075 3654">
     <span class='ocr_line' id='line_1_64' title="bbox 501 3580 2075 3654; baseline 0.001 -16"><span class='ocrx_word' id='word_1_472' title='bbox 501 3584 697 3638; x_wconf 84' lang='lat' dir='ltr'><strong>derunt</strong></span> <span class='ocrx_word' id='word_1_473' title='bbox 728 3584 828 3638; x_wconf 87' lang='lat' dir='ltr'><strong>viri</strong></span> <span class='ocrx_word' id='word_1_474' title='bbox 868 3599 895 3637; x_wconf 91' lang='lat' dir='ltr'><strong>a</strong></span> <span class='ocrx_word' id='word_1_475' title='bbox 924 3581 1138 3639; x_wconf 89' lang='lat' dir='ltr'><strong>Sichem</strong></span> <span class='ocrx_word' id='word_1_476' title='bbox 1168 3591 1222 3636; x_wconf 93' lang='lat' dir='ltr'><strong>et</strong></span> <span class='ocrx_word' id='word_1_477' title='bbox 1255 3596 1283 3635; x_wconf 89' lang='lat' dir='ltr'><strong>a</strong></span> <span class='ocrx_word' id='word_1_478' title='bbox 1314 3580 1489 3647; x_wconf 78' lang='lat' dir='ltr'><strong>Salern</strong></span> <span class='ocrx_word' id='word_1_479' title='bbox 1520 3591 1574 3636; x_wconf 91' lang='lat' dir='ltr'><strong>et</strong></span> <span class='ocrx_word' id='word_1_480' title='bbox 1600 3581 1864 3647; x_wconf 87' lang='lat' dir='ltr'><strong>Samaria,</strong></span> <span class='ocrx_word' id='word_1_481' title='bbox 1891 3600 2075 3654; x_wconf 88' lang='lat' dir='ltr'><strong>quem-</strong></span> 
     </span>
    </p>
   </div>
   <div class='ocr_carea' id='block_1_65' title="bbox 502 3670 2073 3740">
    <p class='ocr_par' dir='ltr' id='par_1_65' title="bbox 502 3670 2073 3740">
     <span class='ocr_line' id='line_1_65' title="bbox 502 3670 2073 3740; baseline -0.001 -12"><span class='ocrx_word' id='word_1_482' title='bbox 502 3674 787 3728; x_wconf 89' lang='lat' dir='ltr'><strong>admodum</strong></span> <span class='ocrx_word' id='word_1_483' title='bbox 860 3673 938 3727; x_wconf 89' lang='lat' dir='ltr'><strong>ait</strong></span> <span class='ocrx_word' id='word_1_484' title='bbox 1000 3670 1267 3726; x_wconf 86' lang='lat' dir='ltr'><strong>Jeremias</strong></span> <span class='ocrx_word' id='word_1_485' title='bbox 1315 3670 1358 3703; x_wconf 84' lang='grc'><strong>³⁸</strong></span> <span class='ocrx_word' id='word_1_486' title='bbox 1402 3688 1416 3723; x_wconf 92' lang='lat'><strong>:</strong></span> <span class='ocrx_word' id='word_1_487' title='bbox 1468 3670 1749 3740; x_wconf 75' lang='lat' dir='ltr'><strong>Octoginta</strong></span> <span class='ocrx_word' id='word_1_488' title='bbox 1801 3673 1899 3727; x_wconf 89' lang='lat' dir='ltr'><strong>viri</strong></span> <span class='ocrx_word' id='word_1_489' title='bbox 1960 3673 2073 3727; x_wconf 89' lang='lat' dir='ltr'><strong>cir-</strong></span> 
     </span>
    </p>
   </div>
   <div class='ocr_carea' id='block_1_66' title="bbox 502 3761 2075 3830">
    <p class='ocr_par' dir='ltr' id='par_1_66' title="bbox 502 3761 2075 3830">
     <span class='ocr_line' id='line_1_66' title="bbox 502 3761 2075 3830; baseline -0.001 -11"><span class='ocrx_word' id='word_1_490' title='bbox 502 3764 725 3819; x_wconf 88' lang='lat' dir='ltr'><strong>cumcisi</strong></span> <span class='ocrx_word' id='word_1_491' title='bbox 784 3763 975 3828; x_wconf 89' lang='lat' dir='ltr'><strong>barba,</strong></span> <span class='ocrx_word' id='word_1_492' title='bbox 1027 3772 1082 3817; x_wconf 90' lang='lat' dir='ltr'><strong>et</strong></span> <span class='ocrx_word' id='word_1_493' title='bbox 1141 3762 1282 3830; x_wconf 89' lang='lat' dir='ltr'><strong>rupti</strong></span> <span class='ocrx_word' id='word_1_494' title='bbox 1340 3761 1583 3816; x_wconf 88' lang='lat' dir='ltr'><strong>vestibus</strong></span> <span class='ocrx_word' id='word_1_495' title='bbox 1646 3770 1702 3816; x_wconf 87' lang='lat' dir='ltr'><strong>et</strong></span> <span class='ocrx_word' id='word_1_496' title='bbox 1756 3763 1982 3828; x_wconf 91' lang='lat' dir='ltr'><strong>concisi,</strong></span> <span class='ocrx_word' id='word_1_497' title='bbox 2019 3772 2075 3818; x_wconf 85' lang='lat' dir='ltr'><strong>et</strong></span> 
     </span>
    </p>
   </div>
   <div class='ocr_carea' id='block_1_67' title="bbox 503 3853 2072 3916">
    <p class='ocr_par' dir='ltr' id='par_1_67' title="bbox 503 3853 2072 3916">
     <span class='ocr_line' id='line_1_67' title="bbox 503 3853 2072 3916; baseline -0.002 -7"><span class='ocrx_word' id='word_1_498' title='bbox 503 3869 706 3909; x_wconf 85' lang='lat' dir='ltr'><strong>manna</strong></span> <span class='ocrx_word' id='word_1_499' title='bbox 734 3864 788 3908; x_wconf 90' lang='lat' dir='ltr'><strong>et</strong></span> <span class='ocrx_word' id='word_1_500' title='bbox 813 3854 1027 3910; x_wconf 87' lang='lat' dir='ltr'><strong>lihanus</strong></span> <span class='ocrx_word' id='word_1_501' title='bbox 1057 3853 1111 3909; x_wconf 92' lang='lat' dir='ltr'><strong>in</strong></span> <span class='ocrx_word' id='word_1_502' title='bbox 1154 3853 1404 3907; x_wconf 89' lang='lat' dir='ltr'><strong>manibus</strong></span> <span class='ocrx_word' id='word_1_503' title='bbox 1441 3866 1654 3916; x_wconf 88' lang='lat' dir='ltr'><strong>eorum,</strong></span> <span class='ocrx_word' id='word_1_504' title='bbox 1691 3853 1825 3907; x_wconf 90' lang='lat' dir='ltr'><strong>utin</strong></span> <span class='ocrx_word' id='word_1_505' title='bbox 1856 3856 2072 3909; x_wconf 91' lang='lat' dir='ltr'><strong>domum</strong></span> 
     </span>
    </p>
   </div>
   <div class='ocr_carea' id='block_1_68' title="bbox 504 3943 2073 4016">
    <p class='ocr_par' dir='ltr' id='par_1_68' title="bbox 504 3943 2073 4016">
     <span class='ocr_line' id='line_1_68' title="bbox 504 3943 2073 4016; baseline -0.001 -15"><span class='ocrx_word' id='word_1_506' title='bbox 504 3947 717 4003; x_wconf 86' lang='lat' dir='ltr'><strong>Domini</strong></span> <span class='ocrx_word' id='word_1_507' title='bbox 755 3948 1131 4016; x_wconf 90' lang='lat' dir='ltr'><strong>importarent.</strong></span> <span class='ocrx_word' id='word_1_508' title='bbox 1162 3943 1351 4013; x_wconf 76' lang='lat' dir='ltr'><strong>Itaque</strong></span> <span class='ocrx_word' id='word_1_509' title='bbox 1375 3944 1547 3999; x_wconf 87' lang='lat' dir='ltr'><strong>luctus</strong></span> <span class='ocrx_word' id='word_1_510' title='bbox 1569 3943 1728 3998; x_wconf 89' lang='lat' dir='ltr'><strong>simul</strong></span> <span class='ocrx_word' id='word_1_511' title='bbox 1757 3953 1813 4000; x_wconf 84' lang='lat' dir='ltr'><strong>et.</strong></span> <span class='ocrx_word' id='word_1_512' title='bbox 1841 3946 2073 4000; x_wconf 89' lang='lat' dir='ltr'><strong>dedeco-</strong></span> 
     </span>
    </p>
   </div>
   <div class='ocr_carea' id='block_1_69' title="bbox 505 4034 2073 4108">
    <p class='ocr_par' dir='ltr' id='par_1_69' title="bbox 505 4034 2073 4108">
     <span class='ocr_line' id='line_1_69' title="bbox 505 4034 2073 4108; baseline -0.003 -14"><span class='ocrx_word' id='word_1_513' title='bbox 505 4041 583 4095; x_wconf 87' lang='lat' dir='ltr'><strong>ris</strong></span> <span class='ocrx_word' id='word_1_514' title='bbox 612 4039 819 4108; x_wconf 88' lang='lat' dir='ltr'><strong>species</strong></span> <span class='ocrx_word' id='word_1_515' title='bbox 849 4045 990 4104; x_wconf 89' lang='lat' dir='ltr'><strong>erat,</strong></span> <span class='ocrx_word' id='word_1_516' title='bbox 1020 4036 1279 4093; x_wconf 86' lang='lat' dir='ltr'><strong>novacula</strong></span> <span class='ocrx_word' id='word_1_517' title='bbox 1331 4043 1495 4106; x_wconf 87' lang='lat' dir='ltr'><strong>caput</strong></span> <span class='ocrx_word' id='word_1_518' title='bbox 1537 4034 1689 4103; x_wconf 66' lang='lat' dir='ltr'><strong>iusta</strong></span> <span class='ocrx_word' id='word_1_519' title='bbox 1745 4044 1800 4090; x_wconf 88' lang='lat' dir='ltr'><strong>et</strong></span> <span class='ocrx_word' id='word_1_520' title='bbox 1850 4036 2073 4091; x_wconf 89' lang='lat' dir='ltr'><strong>barbam</strong></span> 
     </span>
    </p>
   </div>
   <div class='ocr_carea' id='block_1_70' title="bbox 504 4130 2075 4205">
    <p class='ocr_par' dir='ltr' id='par_1_70' title="bbox 504 4130 2075 4205">
     <span class='ocr_line' id='line_1_70' title="bbox 504 4130 2075 4205; baseline -0.008 -13"><span class='ocrx_word' id='word_1_521' title='bbox 504 4152 774 4192; x_wconf 82' lang='lat' dir='ltr'><strong>resecare.</strong></span> <span class='ocrx_word' id='word_1_522' title='bbox 815 4135 930 4192; x_wconf 86' lang='lat' dir='ltr'><strong>Hoc</strong></span> <span class='ocrx_word' id='word_1_523' title='bbox 958 4135 1085 4192; x_wconf 91' lang='lat' dir='ltr'><strong>olim</strong></span> <span class='ocrx_word' id='word_1_524' title='bbox 1116 4134 1353 4192; x_wconf 64' lang='lat' dir='ltr'><strong>Judaicat</strong></span> <span class='ocrx_word' id='word_1_525' title='bbox 1384 4135 1589 4205; x_wconf 79' lang='lat' dir='ltr'><strong>regioni</strong></span> <span class='ocrx_word' id='word_1_526' title='bbox 1621 4134 1738 4189; x_wconf 81' lang='lat' dir='ltr'><strong>fore</strong></span> <span class='ocrx_word' id='word_1_527' title='bbox 1768 4140 1828 4187; x_wconf 92' lang='lat' dir='ltr'><strong>ut</strong></span> <span class='ocrx_word' id='word_1_528' title='bbox 1859 4130 2075 4185; x_wconf 86' lang='lat' dir='ltr'><strong>contin-</strong></span> 
     </span>
    </p>
   </div>
   <div class='ocr_carea' id='block_1_71' title="bbox 505 4224 2074 4299">
    <p class='ocr_par' dir='ltr' id='par_1_71' title="bbox 505 4224 2074 4299">
     <span class='ocr_line' id='line_1_71' title="bbox 505 4224 2074 4299; baseline -0.005 -16"><span class='ocrx_word' id='word_1_529' title='bbox 505 4237 679 4299; x_wconf 85' lang='lat' dir='ltr'><strong>geret,</strong></span> <span class='ocrx_word' id='word_1_530' title='bbox 709 4227 1055 4298; x_wconf 80' lang='lat' dir='ltr'><strong>propheticus</strong></span> <span class='ocrx_word' id='word_1_531' title='bbox 1083 4241 1264 4283; x_wconf 84' lang='lat' dir='ltr'><strong>sermo</strong></span> <span class='ocrx_word' id='word_1_532' title='bbox 1291 4228 1602 4282; x_wconf 87' lang='lat' dir='ltr'><strong>conlirmat.</strong></span> <span class='ocrx_word' id='word_1_533' title='bbox 1642 4224 1881 4280; x_wconf 84' lang='lat' dir='ltr'><strong>Manebit</strong></span> <span class='ocrx_word' id='word_1_534' title='bbox 1906 4224 2074 4289; x_wconf 89' lang='lat' dir='ltr'><strong>enim,</strong></span> 
     </span>
    </p>
   </div>
   <div class='ocr_carea' id='block_1_72' title="bbox 506 4318 2075 4391">
    <p class='ocr_par' dir='ltr' id='par_1_72' title="bbox 506 4318 2075 4391">
     <span class='ocr_line' id='line_1_72' title="bbox 506 4318 2075 4391; baseline -0.003 -16"><span class='ocrx_word' id='word_1_535' title='bbox 506 4320 699 4391; x_wconf 85' lang='lat' dir='ltr'><strong>inquit,</strong></span> <span class='ocrx_word' id='word_1_536' title='bbox 730 4319 1018 4374; x_wconf 83' lang='lat' dir='ltr'><strong>exstinctis</strong></span> <span class='ocrx_word' id='word_1_537' title='bbox 1048 4318 1216 4389; x_wconf 88' lang='lat' dir='ltr'><strong>ipsius</strong></span> <span class='ocrx_word' id='word_1_538' title='bbox 1249 4318 1457 4384; x_wconf 87' lang='lat' dir='ltr'><strong>liberis,</strong></span> <span class='ocrx_word' id='word_1_539' title='bbox 1478 4319 1702 4386; x_wconf 88' lang='lat' dir='ltr'><strong>plorans</strong></span> <span class='ocrx_word' id='word_1_540' title='bbox 1726 4326 1781 4373; x_wconf 88' lang='lat' dir='ltr'><strong>et</strong></span> <span class='ocrx_word' id='word_1_541' title='bbox 1802 4324 2075 4384; x_wconf 88' lang='lat' dir='ltr'><strong>contemp-</strong></span> 
     </span>
    </p>
   </div>
   <div class='ocr_carea' id='block_1_73' title="bbox 506 4409 2076 4482">
    <p class='ocr_par' dir='ltr' id='par_1_73' title="bbox 506 4409 2076 4482">
     <span class='ocr_line' id='line_1_73' title="bbox 506 4409 2076 4482; baseline -0.004 -15"><span class='ocrx_word' id='word_1_542' title='bbox 506 4413 735 4468; x_wconf 87' lang='lat' dir='ltr'><strong>tissima.</strong></span> <span class='ocrx_word' id='word_1_543' title='bbox 755 4410 811 4467; x_wconf 91' lang='lat' dir='ltr'><strong>Si</strong></span> <span class='ocrx_word' id='word_1_544' title='bbox 834 4413 925 4468; x_wconf 86' lang='lat' dir='ltr'><strong>cui</strong></span> <span class='ocrx_word' id='word_1_545' title='bbox 947 4425 1075 4467; x_wconf 89' lang='lat' dir='ltr'><strong>vero</strong></span> <span class='ocrx_word' id='word_1_546' title='bbox 1101 4409 1279 4480; x_wconf 77' lang='lat' dir='ltr'><strong>placet</strong></span> <span class='ocrx_word' id='word_1_547' title='bbox 1306 4411 1413 4467; x_wconf 89' lang='lat' dir='ltr'><strong>alio</strong></span> <span class='ocrx_word' id='word_1_548' title='bbox 1437 4412 1600 4482; x_wconf 69' lang='lat'><strong>128</strong></span> <span class='ocrx_word' id='word_1_549' title='bbox 1625 4410 1784 4466; x_wconf 91' lang='lat' dir='ltr'><strong>modo</strong></span> <span class='ocrx_word' id='word_1_550' title='bbox 1802 4423 2076 4466; x_wconf 91' lang='lat' dir='ltr'><strong>commen-</strong></span> 
     </span>
    </p>
   </div>
   <div class='ocr_carea' id='block_1_74' title="bbox 2171 3303 3735 3389">
    <p class='ocr_par' dir='ltr' id='par_1_74' title="bbox 2171 3303 3735 3389">
     <span class='ocr_line' id='line_1_74' title="bbox 2171 3303 3735 3389; baseline -0.01 -18"><span class='ocrx_word' id='word_1_551' title='bbox 2171 3321 2384 3389; x_wconf 85' lang='grc' dir='ltr'>νεκροῖς</span> <span class='ocrx_word' id='word_1_552' title='bbox 2408 3316 2631 3378; x_wconf 78' lang='grc' dir='ltr'>ἑαυτοὺς</span> <span class='ocrx_word' id='word_1_553' title='bbox 2658 3311 3043 3383; x_wconf 79' lang='grc' dir='ltr'>ἀτιμάζοντες·</span> <span class='ocrx_word' id='word_1_554' title='bbox 3077 3311 3197 3363; x_wconf 84' lang='grc' dir='ltr'>ὅθεν</span> <span class='ocrx_word' id='word_1_555' title='bbox 3231 3308 3321 3361; x_wconf 79' lang='grc' dir='ltr'>καὶ</span> <span class='ocrx_word' id='word_1_556' title='bbox 3353 3310 3380 3360; x_wconf 91' lang='lat'><strong>6</strong></span> <span class='ocrx_word' id='word_1_557' title='bbox 3406 3307 3565 3376; x_wconf 81' lang='grc' dir='ltr'>νόμος</span> <span class='ocrx_word' id='word_1_558' title='bbox 3590 3307 3617 3357; x_wconf 91' lang='lat'><strong>6</strong></span> <span class='ocrx_word' id='word_1_559' title='bbox 3648 3303 3735 3357; x_wconf 76' lang='grc' dir='ltr'><strong>διὰ</strong></span> 
     </span>
    </p>
   </div>
   <div class='ocr_carea' id='block_1_75' title="bbox 2172 3398 3736 3475">
    <p class='ocr_par' dir='ltr' id='par_1_75' title="bbox 2172 3398 3736 3475">
     <span class='ocr_line' id='line_1_75' title="bbox 2172 3398 3736 3475; baseline -0.011 -12"><span class='ocrx_word' id='word_1_560' title='bbox 2172 3408 2448 3471; x_wconf 77' lang='grc' dir='ltr'>Μωσέως,</span> <span class='ocrx_word' id='word_1_561' title='bbox 2500 3408 2612 3468; x_wconf 79' lang='grc' dir='ltr'>τοῖς</span> <span class='ocrx_word' id='word_1_562' title='bbox 2642 3405 2740 3475; x_wconf 82' lang='grc' dir='ltr'>τὴν</span> <span class='ocrx_word' id='word_1_563' title='bbox 2769 3404 2919 3456; x_wconf 85' lang='grc' dir='ltr'>θείαν</span> <span class='ocrx_word' id='word_1_564' title='bbox 2957 3402 3210 3474; x_wconf 87' lang='grc' dir='ltr'>λαχοῦσιν</span> <span class='ocrx_word' id='word_1_565' title='bbox 3260 3398 3567 3470; x_wconf 79' lang='grc' dir='ltr'>ἱερουργίαν</span> <span class='ocrx_word' id='word_1_566' title='bbox 3599 3411 3736 3465; x_wconf 85' lang='grc' dir='ltr'>παρ-</span> 
     </span>
    </p>
   </div>
   <div class='ocr_carea' id='block_1_76' title="bbox 2172 3483 3740 3569">
    <p class='ocr_par' dir='ltr' id='par_1_76' title="bbox 2172 3483 3740 3569">
     <span class='ocr_line' id='line_1_76' title="bbox 2172 3483 3740 3569; baseline -0.022 1"><span class='ocrx_word' id='word_1_567' title='bbox 2172 3501 2366 3569; x_wconf 73' lang='grc' dir='ltr'><strong>εΥΥυᾷο</strong></span> <span class='ocrx_word' id='word_1_568' title='bbox 2409 3498 2470 3550; x_wconf 79' lang='grc' dir='ltr'>τὸ</span> <span class='ocrx_word' id='word_1_569' title='bbox 2512 3496 2586 3568; x_wconf 85' lang='grc' dir='ltr'><strong>μὴ</strong></span> <span class='ocrx_word' id='word_1_570' title='bbox 2620 3499 2675 3549; x_wconf 84' lang='grc' dir='ltr'><strong>ἐν</strong></span> <span class='ocrx_word' id='word_1_571' title='bbox 2709 3497 2808 3565; x_wconf 79' lang='grc' dir='ltr'><strong>ἴσῳ</strong></span> <span class='ocrx_word' id='word_1_572' title='bbox 2837 3497 2949 3556; x_wconf 85' lang='grc' dir='ltr'>τοῖς</span> <span class='ocrx_word' id='word_1_573' title='bbox 2985 3492 3165 3555; x_wconf 81' lang='grc' dir='ltr'>ἄλλοις</span> <span class='ocrx_word' id='word_1_574' title='bbox 3195 3492 3285 3544; x_wconf 73' lang='grc' dir='ltr'><strong>ἐπὶ</strong></span> <span class='ocrx_word' id='word_1_575' title='bbox 3310 3488 3486 3560; x_wconf 84' lang='grc' dir='ltr'>νεκρῷ</span> <span class='ocrx_word' id='word_1_576' title='bbox 3515 3483 3740 3549; x_wconf 82' lang='grc' dir='ltr'>κατεξυ-</span> 
     </span>
    </p>
   </div>
   <div class='ocr_carea' id='block_1_77' title="bbox 2175 3573 3737 3661">
    <p class='ocr_par' dir='ltr' id='par_1_77' title="bbox 2175 3573 3737 3661">
     <span class='ocr_line' id='line_1_77' title="bbox 2175 3573 3737 3661; baseline -0.013 -16"><span class='ocrx_word' id='word_1_577' title='bbox 2175 3589 2407 3661; x_wconf 90' lang='grc' dir='ltr'>ρῆσθαι,</span> <span class='ocrx_word' id='word_1_578' title='bbox 2447 3590 2581 3659; x_wconf 86' lang='grc' dir='ltr'>μήτε</span> <span class='ocrx_word' id='word_1_579' title='bbox 2618 3586 2721 3657; x_wconf 85' lang='grc' dir='ltr'><strong>μὴν</strong></span> <span class='ocrx_word' id='word_1_580' title='bbox 2754 3584 3137 3656; x_wconf 82' lang='grc' dir='ltr'>καταφθείρειν</span> <span class='ocrx_word' id='word_1_581' title='bbox 3186 3582 3284 3652; x_wconf 83' lang='grc' dir='ltr'>τὴν</span> <span class='ocrx_word' id='word_1_582' title='bbox 3322 3580 3443 3648; x_wconf 67' lang='grc' dir='ltr'>ὄψιν</span> <span class='ocrx_word' id='word_1_583' title='bbox 3495 3576 3587 3629; x_wconf 85' lang='grc' dir='ltr'><strong>τοῦ</strong></span> <span class='ocrx_word' id='word_1_584' title='bbox 3621 3573 3737 3627; x_wconf 88' lang='grc' dir='ltr'>πώ-</span> 
     </span>
    </p>
   </div>
   <div class='ocr_carea' id='block_1_78' title="bbox 2173 3667 3742 3752">
    <p class='ocr_par' dir='ltr' id='par_1_78' title="bbox 2173 3667 3742 3752">
     <span class='ocr_line' id='line_1_78' title="bbox 2173 3667 3742 3752; baseline -0.011 -17"><span class='ocrx_word' id='word_1_585' title='bbox 2173 3699 2364 3749; x_wconf 91' lang='grc' dir='ltr'>γωνος.</span> <span class='ocrx_word' id='word_1_586' title='bbox 2416 3681 2725 3752; x_wconf 83' lang='grc' dir='ltr'>Γέγραπται</span> <span class='ocrx_word' id='word_1_587' title='bbox 2752 3678 2860 3747; x_wconf 76' lang='grc' dir='ltr'><strong>γὰρ</strong></span> <span class='ocrx_word' id='word_1_588' title='bbox 2890 3676 3007 3729; x_wconf 84' lang='grc' dir='ltr'>ὡδί.</span> <span class='ocrx_word' id='word_1_589' title='bbox 3071 3672 3507 3744; x_wconf 82' lang='grc' dir='ltr'>Πεπορθημένων</span> <span class='ocrx_word' id='word_1_590' title='bbox 3536 3669 3590 3721; x_wconf 83' lang='grc' dir='ltr'>δὲ</span> <span class='ocrx_word' id='word_1_591' title='bbox 3626 3667 3742 3719; x_wconf 81' lang='grc' dir='ltr'><strong>τῶν</strong></span> 
     </span>
    </p>
   </div>
   <div class='ocr_carea' id='block_1_79' title="bbox 2185 3760 3739 3844">
    <p class='ocr_par' dir='ltr' id='par_1_79' title="bbox 2185 3760 3739 3844">
     <span class='ocr_line' id='line_1_79' title="bbox 2185 3760 3739 3844; baseline -0.01 -18"><span class='ocrx_word' id='word_1_592' title='bbox 2185 3770 2570 3844; x_wconf 83' lang='grc' dir='ltr'>Ἰεροσολύμων</span> <span class='ocrx_word' id='word_1_593' title='bbox 2624 3770 2717 3822; x_wconf 77' lang='grc' dir='ltr'>ἐπὶ</span> <span class='ocrx_word' id='word_1_594' title='bbox 2770 3768 2861 3821; x_wconf 90' lang='grc' dir='ltr'><strong>τοῦ</strong></span> <span class='ocrx_word' id='word_1_595' title='bbox 2918 3764 3408 3835; x_wconf 83' lang='grc' dir='ltr'>Ναϐουχοδονόσορ,</span> <span class='ocrx_word' id='word_1_596' title='bbox 3467 3760 3739 3828; x_wconf 76' lang='grc' dir='ltr'>ἀνέδησαν</span> 
     </span>
    </p>
   </div>
   <div class='ocr_carea' id='block_1_80' title="bbox 2173 3849 3734 3935">
    <p class='ocr_par' dir='ltr' id='par_1_80' title="bbox 2173 3849 3734 3935">
     <span class='ocr_line' id='line_1_80' title="bbox 2173 3849 3734 3935; baseline -0.01 -16"><span class='ocrx_word' id='word_1_597' title='bbox 2173 3864 2365 3935; x_wconf 82' lang='grc' dir='ltr'>ἄνδρες</span> <span class='ocrx_word' id='word_1_598' title='bbox 2400 3862 2509 3915; x_wconf 82' lang='grc' dir='ltr'>ἀπὸ</span> <span class='ocrx_word' id='word_1_599' title='bbox 2537 3861 2749 3932; x_wconf 82' lang='grc' dir='ltr'>Συχὲμ,</span> <span class='ocrx_word' id='word_1_600' title='bbox 2785 3859 2879 3912; x_wconf 73' lang='grc' dir='ltr'>καὶ</span> <span class='ocrx_word' id='word_1_601' title='bbox 2904 3857 3011 3911; x_wconf 82' lang='grc' dir='ltr'>ἀπὸ</span> <span class='ocrx_word' id='word_1_602' title='bbox 3038 3855 3245 3927; x_wconf 80' lang='grc' dir='ltr'>Σαλὴμ,</span> <span class='ocrx_word' id='word_1_603' title='bbox 3281 3854 3374 3906; x_wconf 74' lang='grc' dir='ltr'>καὶ</span> <span class='ocrx_word' id='word_1_604' title='bbox 3407 3849 3734 3921; x_wconf 85' lang='grc' dir='ltr'>Σαμαρείας,</span> 
     </span>
    </p>
   </div>
   <div class='ocr_carea' id='block_1_81' title="bbox 2175 3941 3739 4026">
    <p class='ocr_par' dir='ltr' id='par_1_81' title="bbox 2175 3941 3739 4026">
     <span class='ocr_line' id='line_1_81' title="bbox 2175 3941 3739 4026; baseline -0.013 -16"><span class='ocrx_word' id='word_1_605' title='bbox 2175 3955 2319 4010; x_wconf 89' lang='grc' dir='ltr'>καθὰ</span> <span class='ocrx_word' id='word_1_606' title='bbox 2360 3971 2524 4026; x_wconf 88' lang='grc' dir='ltr'>φησιν</span> <span class='ocrx_word' id='word_1_607' title='bbox 2559 3950 2866 4023; x_wconf 77' lang='grc' dir='ltr'>’ῐερεμίαςο</span> <span class='ocrx_word' id='word_1_608' title='bbox 2922 3949 3274 4017; x_wconf 86' lang='grc' dir='ltr'>Ὀγδοήκοντα</span> <span class='ocrx_word' id='word_1_609' title='bbox 3317 3944 3507 4014; x_wconf 81' lang='grc' dir='ltr'>ἄνδρες</span> <span class='ocrx_word' id='word_1_610' title='bbox 3550 3941 3739 4011; x_wconf 80' lang='grc' dir='ltr'>ἐξυρη-</span> 
     </span>
    </p>
   </div>
   <div class='ocr_carea' id='block_1_82' title="bbox 2178 4030 3742 4118">
    <p class='ocr_par' dir='ltr' id='par_1_82' title="bbox 2178 4030 3742 4118">
     <span class='ocr_line' id='line_1_82' title="bbox 2178 4030 3742 4118; baseline -0.013 -16"><span class='ocrx_word' id='word_1_611' title='bbox 2178 4046 2329 4118; x_wconf 81' lang='grc' dir='ltr'>μένοι</span> <span class='ocrx_word' id='word_1_612' title='bbox 2375 4045 2685 4115; x_wconf 83' lang='grc' dir='ltr'>πώγωνας,</span> <span class='ocrx_word' id='word_1_613' title='bbox 2726 4042 2823 4095; x_wconf 75' lang='grc' dir='ltr'>καὶ</span> <span class='ocrx_word' id='word_1_614' title='bbox 2874 4038 3233 4111; x_wconf 82' lang='grc' dir='ltr'>διερῤωγότες</span> <span class='ocrx_word' id='word_1_615' title='bbox 3280 4036 3348 4088; x_wconf 83' lang='grc' dir='ltr'>τὰ</span> <span class='ocrx_word' id='word_1_616' title='bbox 3388 4033 3597 4105; x_wconf 80' lang='grc' dir='ltr'>ἱμάτια,</span> <span class='ocrx_word' id='word_1_617' title='bbox 3642 4030 3742 4084; x_wconf 65' lang='grc' dir='ltr'>καὶ</span> 
     </span>
    </p>
   </div>
   <div class='ocr_carea' id='block_1_83' title="bbox 2176 4123 3734 4209">
    <p class='ocr_par' dir='ltr' id='par_1_83' title="bbox 2176 4123 3734 4209">
     <span class='ocr_line' id='line_1_83' title="bbox 2176 4123 3734 4209; baseline -0.012 -16"><span class='ocrx_word' id='word_1_618' title='bbox 2176 4138 2521 4209; x_wconf 87' lang='grc' dir='ltr'>κοπτόμενοι,</span> <span class='ocrx_word' id='word_1_619' title='bbox 2568 4134 2662 4190; x_wconf 63' lang='grc' dir='ltr'><strong>καὶ⁹</strong></span> <span class='ocrx_word' id='word_1_620' title='bbox 2703 4132 2881 4204; x_wconf 82' lang='grc' dir='ltr'>μάννα</span> <span class='ocrx_word' id='word_1_621' title='bbox 2925 4132 3019 4184; x_wconf 77' lang='grc' dir='ltr'><strong>καὶ</strong></span> <span class='ocrx_word' id='word_1_622' title='bbox 3048 4129 3261 4182; x_wconf 79' lang='grc' dir='ltr'>λίϐανον</span> <span class='ocrx_word' id='word_1_623' title='bbox 3308 4128 3364 4179; x_wconf 91' lang='grc' dir='ltr'><strong>ἐν</strong></span> <span class='ocrx_word' id='word_1_624' title='bbox 3394 4126 3513 4187; x_wconf 79' lang='grc' dir='ltr'>ταῖς</span> <span class='ocrx_word' id='word_1_625' title='bbox 3546 4123 3734 4193; x_wconf 79' lang='grc' dir='ltr'>χερσὶν</span> 
     </span>
    </p>
   </div>
   <div class='ocr_carea' id='block_1_84' title="bbox 2175 4213 3736 4297">
    <p class='ocr_par' dir='ltr' id='par_1_84' title="bbox 2175 4213 3736 4297">
     <span class='ocr_line' id='line_1_84' title="bbox 2175 4213 3736 4297; baseline -0.013 -11"><span class='ocrx_word' id='word_1_626' title='bbox 2175 4231 2377 4297; x_wconf 87' lang='grc' dir='ltr'>αὐτῶν,</span> <span class='ocrx_word' id='word_1_627' title='bbox 2409 4228 2503 4283; x_wconf 88' lang='grc' dir='ltr'><strong>τοῦ</strong></span> <span class='ocrx_word' id='word_1_628' title='bbox 2534 4228 2861 4294; x_wconf 86' lang='grc' dir='ltr'>εἰσενεγκεῖν</span> <span class='ocrx_word' id='word_1_629' title='bbox 2885 4225 2964 4287; x_wconf 88' lang='grc' dir='ltr'><strong>είς</strong></span> <span class='ocrx_word' id='word_1_630' title='bbox 2989 4222 3080 4275; x_wconf 68' lang='grc' dir='ltr'>τὴν</span> <span class='ocrx_word' id='word_1_631' title='bbox 3099 4220 3243 4274; x_wconf 78' lang='grc' dir='ltr'>οῐκον</span> <span class='ocrx_word' id='word_1_632' title='bbox 3269 4217 3499 4290; x_wconf 85' lang='grc' dir='ltr'>Κυρίου.</span> <span class='ocrx_word' id='word_1_633' title='bbox 3529 4213 3736 4269; x_wconf 83' lang='grc' dir='ltr'>Οὐκοῦν</span> 
     </span>
    </p>
   </div>
   <div class='ocr_carea' id='block_1_85' title="bbox 2174 4309 3739 4391">
    <p class='ocr_par' dir='ltr' id='par_1_85' title="bbox 2174 4309 3739 4391">
     <span class='ocr_line' id='line_1_85' title="bbox 2174 4309 3739 4391; baseline -0.012 -13"><span class='ocrx_word' id='word_1_634' title='bbox 2174 4323 2401 4386; x_wconf 86' lang='grc' dir='ltr'>πένθους</span> <span class='ocrx_word' id='word_1_635' title='bbox 2427 4339 2487 4375; x_wconf 91' lang='grc' dir='ltr'><strong>τε</strong></span> <span class='ocrx_word' id='word_1_636' title='bbox 2512 4321 2650 4391; x_wconf 73' lang='grc' dir='ltr'>ἅμα,</span> <span class='ocrx_word' id='word_1_637' title='bbox 2671 4320 2763 4373; x_wconf 70' lang='grc' dir='ltr'><strong>καὶ</strong></span> <span class='ocrx_word' id='word_1_638' title='bbox 2779 4316 3002 4387; x_wconf 83' lang='grc' dir='ltr'>ἀτιμίας</span> <span class='ocrx_word' id='word_1_639' title='bbox 3027 4311 3094 4386; x_wconf 82' lang='grc' dir='ltr'><strong>ἦν</strong></span> <span class='ocrx_word' id='word_1_640' title='bbox 3121 4315 3323 4383; x_wconf 85' lang='grc' dir='ltr'>τρόπος</span> <span class='ocrx_word' id='word_1_641' title='bbox 3343 4310 3402 4363; x_wconf 84' lang='grc' dir='ltr'>τὸ</span> <span class='ocrx_word' id='word_1_642' title='bbox 3423 4309 3739 4379; x_wconf 86' lang='grc' dir='ltr'>ἀποκείρειν</span> 
     </span>
    </p>
   </div>
   <div class='ocr_carea' id='block_1_86' title="bbox 2178 4399 3738 4487">
    <p class='ocr_par' dir='ltr' id='par_1_86' title="bbox 2178 4399 3738 4487">
     <span class='ocr_line' id='line_1_86' title="bbox 2178 4399 3738 4487; baseline -0.012 -18"><span class='ocrx_word' id='word_1_643' title='bbox 2178 4415 2323 4487; x_wconf 79' lang='grc' dir='ltr'>ξυρῷ</span> <span class='ocrx_word' id='word_1_644' title='bbox 2341 4414 2585 4483; x_wconf 86' lang='grc' dir='ltr'>κεφαλήν</span> <span class='ocrx_word' id='word_1_645' title='bbox 2612 4428 2669 4465; x_wconf 89' lang='grc' dir='ltr'><strong>τε</strong></span> <span class='ocrx_word' id='word_1_646' title='bbox 2698 4412 2792 4463; x_wconf 76' lang='grc' dir='ltr'>καὶ</span> <span class='ocrx_word' id='word_1_647' title='bbox 2819 4408 3073 4477; x_wconf 86' lang='grc' dir='ltr'>πώγωνα.</span> <span class='ocrx_word' id='word_1_648' title='bbox 3098 4405 3267 4457; x_wconf 90' lang='grc' dir='ltr'>Τοῦτο</span> <span class='ocrx_word' id='word_1_649' title='bbox 3294 4402 3576 4454; x_wconf 85' lang='grc' dir='ltr'>πείσεσθαι</span> <span class='ocrx_word' id='word_1_650' title='bbox 3600 4399 3738 4453; x_wconf 85' lang='grc' dir='ltr'><strong>κατά</strong></span> 
     </span>
    </p>
   </div>
   <div class='ocr_carea' id='block_1_87' title="bbox 507 4489 2071 4599">
    <p class='ocr_par' dir='ltr' id='par_1_87' title="bbox 507 4500 2071 4575">
     <span class='ocr_line' id='line_1_87' title="bbox 507 4500 2071 4575; baseline -0.003 -17"><span class='ocrx_word' id='word_1_651' title='bbox 507 4506 634 4571; x_wconf 84' lang='lat' dir='ltr'><strong>tari,</strong></span> <span class='ocrx_word' id='word_1_652' title='bbox 664 4504 967 4573; x_wconf 90' lang='lat' dir='ltr'><strong>hnjusmodi</strong></span> <span class='ocrx_word' id='word_1_653' title='bbox 1010 4506 1285 4575; x_wconf 89' lang='lat' dir='ltr'><strong>quidpiam</strong></span> <span class='ocrx_word' id='word_1_654' title='bbox 1335 4504 1451 4559; x_wconf 80' lang='lat' dir='ltr'><strong>fere</strong></span> <span class='ocrx_word' id='word_1_655' title='bbox 1500 4501 1789 4573; x_wconf 89' lang='lat' dir='ltr'><strong>intelliget.</strong></span> <span class='ocrx_word' id='word_1_656' title='bbox 1843 4500 2071 4572; x_wconf 87' lang='lat' dir='ltr'><strong>Capillos</strong></span> 
     </span>
    </p>
   </div>
   <div class='ocr_carea' id='block_1_88' title="bbox 2171 4489 3735 4599">
    <p class='ocr_par' dir='ltr' id='par_1_88' title="bbox 2177 4489 3735 4576">
     <span class='ocr_line' id='line_1_88' title="bbox 2177 4489 3735 4576; baseline -0.013 -16"><span class='ocrx_word' id='word_1_657' title='bbox 2177 4505 2404 4576; x_wconf 78' lang='grc' dir='ltr'>καιροὺς</span> <span class='ocrx_word' id='word_1_658' title='bbox 2442 4503 2540 4573; x_wconf 83' lang='grc' dir='ltr'>τὴν</span> <span class='ocrx_word' id='word_1_659' title='bbox 2572 4501 2679 4554; x_wconf 86' lang='grc' dir='ltr'><strong>τῶν</strong></span> <span class='ocrx_word' id='word_1_660' title='bbox 2705 4499 2976 4553; x_wconf 86' lang='grc' dir='ltr'>Ἰουδαίων</span> <span class='ocrx_word' id='word_1_661' title='bbox 3006 4495 3191 4567; x_wconf 84' lang='grc' dir='ltr'>χώραν</span> <span class='ocrx_word' id='word_1_662' title='bbox 3214 4496 3242 4546; x_wconf 92' lang='lat'><strong>6</strong></span> <span class='ocrx_word' id='word_1_663' title='bbox 3270 4491 3602 4562; x_wconf 76' lang='grc' dir='ltr'>προφητικδς</span> <span class='ocrx_word' id='word_1_664' title='bbox 3634 4489 3735 4559; x_wconf 82' lang='grc' dir='ltr'>ἔφη</span> 
     </span>
    </p>
   </div>
   <div class='ocr_carea' id='block_1_89' title="bbox 507 4594 2071 4667">
    <p class='ocr_par' dir='ltr' id='par_1_89' title="bbox 507 4594 2071 4667">
     <span class='ocr_line' id='line_1_89' title="bbox 507 4594 2071 4667; baseline -0.004 -13"><span class='ocrx_word' id='word_1_665' title='bbox 507 4600 771 4667; x_wconf 84' lang='lat' dir='ltr'><strong>siquidem</strong></span> <span class='ocrx_word' id='word_1_666' title='bbox 800 4597 993 4666; x_wconf 88' lang='lat' dir='ltr'><strong>capitis</strong></span> <span class='ocrx_word' id='word_1_667' title='bbox 1018 4596 1247 4651; x_wconf 82' lang='lat' dir='ltr'><strong>fortasse</strong></span> <span class='ocrx_word' id='word_1_668' title='bbox 1277 4605 1456 4660; x_wconf 88' lang='lat' dir='ltr'><strong>vocat,</strong></span> <span class='ocrx_word' id='word_1_669' title='bbox 1486 4596 1935 4651; x_wconf 91' lang='lat' dir='ltr'><strong>honoratissimos</strong></span> <span class='ocrx_word' id='word_1_670' title='bbox 1971 4594 2071 4648; x_wconf 83' lang='lat' dir='ltr'><strong>lto-</strong></span> 
     </span>
    </p>
   </div>
   <div class='ocr_carea' id='block_1_90' title="bbox 505 4687 2074 4760">
    <p class='ocr_par' dir='ltr' id='par_1_90' title="bbox 505 4687 2074 4760">
     <span class='ocr_line' id='line_1_90' title="bbox 505 4687 2074 4760; baseline -0.001 -18"><span class='ocrx_word' id='word_1_671' title='bbox 505 4692 699 4755; x_wconf 87' lang='lat' dir='ltr'><strong>mines,</strong></span> <span class='ocrx_word' id='word_1_672' title='bbox 731 4700 787 4744; x_wconf 92' lang='lat' dir='ltr'><strong>et</strong></span> <span class='ocrx_word' id='word_1_673' title='bbox 812 4690 1022 4760; x_wconf 90' lang='lat' dir='ltr'><strong>opibus,</strong></span> <span class='ocrx_word' id='word_1_674' title='bbox 1040 4704 1337 4759; x_wconf 86' lang='lat' dir='ltr'><strong>rerumque</strong></span> <span class='ocrx_word' id='word_1_675' title='bbox 1369 4696 1688 4744; x_wconf 67' lang='lat' dir='ltr'><strong>casterarum</strong></span> <span class='ocrx_word' id='word_1_676' title='bbox 1717 4687 2074 4757; x_wconf 66' lang='lat' dir='ltr'><strong>praerogativa</strong></span> 
     </span>
    </p>
   </div>
   <div class='ocr_carea' id='block_1_91' title="bbox 506 4778 2075 4852">
    <p class='ocr_par' dir='ltr' id='par_1_91' title="bbox 506 4778 2075 4852">
     <span class='ocr_line' id='line_1_91' title="bbox 506 4778 2075 4852; baseline -0.003 -17"><span class='ocrx_word' id='word_1_677' title='bbox 506 4783 793 4852; x_wconf 85' lang='lat' dir='ltr'><strong>insigniter</strong></span> <span class='ocrx_word' id='word_1_678' title='bbox 842 4790 1196 4837; x_wconf 90' lang='lat' dir='ltr'><strong>antestantes.</strong></span> <span class='ocrx_word' id='word_1_679' title='bbox 1226 4780 1488 4850; x_wconf 89' lang='lat' dir='ltr'><strong>Superius</strong></span> <span class='ocrx_word' id='word_1_680' title='bbox 1525 4780 1667 4835; x_wconf 89' lang='lat' dir='ltr'><strong>enim</strong></span> <span class='ocrx_word' id='word_1_681' title='bbox 1708 4780 1885 4848; x_wconf 88' lang='lat' dir='ltr'><strong>capite</strong></span> <span class='ocrx_word' id='word_1_682' title='bbox 1938 4778 2075 4832; x_wconf 88' lang='lat' dir='ltr'><strong>nihil</strong></span> 
     </span>
    </p>
   </div>
   <div class='ocr_carea' id='block_1_92' title="bbox 504 4870 2077 4939">
    <p class='ocr_par' dir='ltr' id='par_1_92' title="bbox 504 4870 2077 4939">
     <span class='ocr_line' id='line_1_92' title="bbox 504 4870 2077 4939; baseline -0.003 -11"><span class='ocrx_word' id='word_1_683' title='bbox 504 4884 635 4929; x_wconf 86' lang='lat' dir='ltr'><strong>est:</strong></span> <span class='ocrx_word' id='word_1_684' title='bbox 683 4873 866 4928; x_wconf 63' lang='lat' dir='ltr'><strong>barbae</strong></span> <span class='ocrx_word' id='word_1_685' title='bbox 917 4882 1095 4927; x_wconf 88' lang='lat' dir='ltr'><strong>autem</strong></span> <span class='ocrx_word' id='word_1_686' title='bbox 1159 4873 1341 4927; x_wconf 87' lang='lat' dir='ltr'><strong>crines</strong></span> <span class='ocrx_word' id='word_1_687' title='bbox 1382 4872 1536 4936; x_wconf 90' lang='lat' dir='ltr'><strong>dicit,</strong></span> <span class='ocrx_word' id='word_1_688' title='bbox 1601 4870 1956 4939; x_wconf 83' lang='lat' dir='ltr'><strong>intelligentia</strong></span> <span class='ocrx_word' id='word_1_689' title='bbox 2020 4878 2077 4924; x_wconf 90' lang='lat' dir='ltr'><strong>et</strong></span> 
     </span>
    </p>
   </div>
   <div class='ocr_carea' id='block_1_93' title="bbox 508 4958 2076 5033">
    <p class='ocr_par' dir='ltr' id='par_1_93' title="bbox 508 4958 2076 5033">
     <span class='ocr_line' id='line_1_93' title="bbox 508 4958 2076 5033; baseline -0.003 -16"><span class='ocrx_word' id='word_1_690' title='bbox 508 4974 686 5019; x_wconf 78' lang='lat' dir='ltr'><strong>mente</strong></span> <span class='ocrx_word' id='word_1_691' title='bbox 735 4966 1011 5033; x_wconf 66' lang='lat' dir='ltr'><strong>praeditos.</strong></span> <span class='ocrx_word' id='word_1_692' title='bbox 1042 4963 1134 5017; x_wconf 87' lang='lat' dir='ltr'><strong>Sic</strong></span> <span class='ocrx_word' id='word_1_693' title='bbox 1181 4962 1323 5017; x_wconf 89' lang='lat' dir='ltr'><strong>enim</strong></span> <span class='ocrx_word' id='word_1_694' title='bbox 1350 4962 1516 5017; x_wconf 87' lang='lat' dir='ltr'><strong>barba</strong></span> <span class='ocrx_word' id='word_1_695' title='bbox 1550 4973 1764 5028; x_wconf 89' lang='lat' dir='ltr'><strong>semper</strong></span> <span class='ocrx_word' id='word_1_696' title='bbox 1803 4960 1854 5013; x_wconf 93' lang='lat' dir='ltr'><strong>in</strong></span> <span class='ocrx_word' id='word_1_697' title='bbox 1894 4958 2076 5027; x_wconf 90' lang='lat' dir='ltr'><strong>Scrip-</strong></span> 
     </span>
    </p>
   </div>
   <div class='ocr_carea' id='block_1_94' title="bbox 512 5049 2066 5122">
    <p class='ocr_par' dir='ltr' id='par_1_94' title="bbox 512 5049 2066 5122">
     <span class='ocr_line' id='line_1_94' title="bbox 512 5049 2066 5122; baseline -0.003 -15"><span class='ocrx_word' id='word_1_698' title='bbox 512 5065 633 5116; x_wconf 73' lang='lat' dir='ltr'><strong>tura</strong></span> <span class='ocrx_word' id='word_1_699' title='bbox 662 5057 918 5111; x_wconf 90' lang='lat' dir='ltr'><strong>divinitus</strong></span> <span class='ocrx_word' id='word_1_700' title='bbox 958 5053 1216 5122; x_wconf 90' lang='lat' dir='ltr'><strong>inspirata</strong></span> <span class='ocrx_word' id='word_1_701' title='bbox 1240 5052 1489 5106; x_wconf 88' lang='lat' dir='ltr'><strong>sumitur.</strong></span> <span class='ocrx_word' id='word_1_702' title='bbox 1526 5050 1751 5118; x_wconf 89' lang='lat' dir='ltr'><strong>Quando</strong></span> <span class='ocrx_word' id='word_1_703' title='bbox 1780 5049 1943 5106; x_wconf 89' lang='lat' dir='ltr'><strong>etiam</strong></span> <span class='ocrx_word' id='word_1_704' title='bbox 1972 5063 2066 5116; x_wconf 87' lang='lat' dir='ltr'><strong>pe-</strong></span> 
     </span>
    </p>
   </div>
   <div class='ocr_carea' id='block_1_95' title="bbox 510 5140 2075 5215">
    <p class='ocr_par' dir='ltr' id='par_1_95' title="bbox 510 5140 2075 5215">
     <span class='ocr_line' id='line_1_95' title="bbox 510 5140 2075 5215; baseline -0.005 -14"><span class='ocrx_word' id='word_1_705' title='bbox 510 5150 634 5201; x_wconf 91' lang='lat' dir='ltr'><strong>dum</strong></span> <span class='ocrx_word' id='word_1_706' title='bbox 662 5146 840 5215; x_wconf 79' lang='lat' dir='ltr'><strong>crines</strong></span> <span class='ocrx_word' id='word_1_707' title='bbox 865 5147 1125 5211; x_wconf 90' lang='lat' dir='ltr'><strong>nominat,</strong></span> <span class='ocrx_word' id='word_1_708' title='bbox 1153 5146 1206 5199; x_wconf 89' lang='lat' dir='ltr'><strong>in</strong></span> <span class='ocrx_word' id='word_1_709' title='bbox 1240 5153 1480 5199; x_wconf 78' lang='lat' dir='ltr'><strong>extrema</strong></span> <span class='ocrx_word' id='word_1_710' title='bbox 1511 5152 1567 5197; x_wconf 91' lang='lat' dir='ltr'><strong>et</strong></span> <span class='ocrx_word' id='word_1_711' title='bbox 1596 5151 1872 5212; x_wconf 88' lang='lat' dir='ltr'><strong>postrema</strong></span> <span class='ocrx_word' id='word_1_712' title='bbox 1898 5140 2075 5195; x_wconf 90' lang='lat' dir='ltr'><strong>classe</strong></span> 
     </span>
    </p>
   </div>
   <div class='ocr_carea' id='block_1_96' title="bbox 512 5232 2076 5303">
    <p class='ocr_par' dir='ltr' id='par_1_96' title="bbox 512 5232 2076 5303">
     <span class='ocr_line' id='line_1_96' title="bbox 512 5232 2076 5303; baseline -0.005 -10"><span class='ocrx_word' id='word_1_713' title='bbox 512 5240 832 5294; x_wconf 88' lang='lat' dir='ltr'><strong>constitutos</strong></span> <span class='ocrx_word' id='word_1_714' title='bbox 861 5237 1107 5291; x_wconf 87' lang='lat' dir='ltr'><strong>homines</strong></span> <span class='ocrx_word' id='word_1_715' title='bbox 1137 5238 1393 5291; x_wconf 79' lang='lat' dir='ltr'><strong>denotare</strong></span> <span class='ocrx_word' id='word_1_716' title='bbox 1421 5235 1651 5289; x_wconf 90' lang='lat' dir='ltr'><strong>videtur.</strong></span> <span class='ocrx_word' id='word_1_717' title='bbox 1669 5232 1917 5303; x_wconf 90' lang='lat' dir='ltr'><strong>Pepercit</strong></span> <span class='ocrx_word' id='word_1_718' title='bbox 1944 5244 2076 5285; x_wconf 92' lang='lat' dir='ltr'><strong>vero</strong></span> 
     </span>
    </p>
   </div>
   <div class='ocr_carea' id='block_1_97' title="bbox 512 5323 2071 5398">
    <p class='ocr_par' dir='ltr' id='par_1_97' title="bbox 512 5323 2071 5398">
     <span class='ocr_line' id='line_1_97' title="bbox 512 5323 2071 5398; baseline -0.005 -17"><span class='ocrx_word' id='word_1_719' title='bbox 512 5328 730 5381; x_wconf 89' lang='lat' dir='ltr'><strong>omnino</strong></span> <span class='ocrx_word' id='word_1_720' title='bbox 788 5324 918 5379; x_wconf 88' lang='lat' dir='ltr'><strong>nulli</strong></span> <span class='ocrx_word' id='word_1_721' title='bbox 978 5324 1241 5398; x_wconf 72' lang='lat' dir='ltr'><strong>novacula</strong></span> <span class='ocrx_word' id='word_1_722' title='bbox 1286 5324 1549 5379; x_wconf 88' lang='lat' dir='ltr'><strong>inebriata</strong></span> <span class='ocrx_word' id='word_1_723' title='bbox 1591 5341 1605 5376; x_wconf 90' lang='lat'>:</span> <span class='ocrx_word' id='word_1_724' title='bbox 1648 5323 1742 5378; x_wconf 89' lang='lat' dir='ltr'><strong>sed</strong></span> <span class='ocrx_word' id='word_1_725' title='bbox 1792 5335 1896 5375; x_wconf 90' lang='lat' dir='ltr'><strong>una</strong></span> <span class='ocrx_word' id='word_1_726' title='bbox 1951 5335 2071 5375; x_wconf 92' lang='lat' dir='ltr'><strong>cum</strong></span> 
     </span>
    </p>
   </div>
   <div class='ocr_carea' id='block_1_98' title="bbox 511 5410 2073 5486">
    <p class='ocr_par' dir='ltr' id='par_1_98' title="bbox 511 5410 2073 5486">
     <span class='ocr_line' id='line_1_98' title="bbox 511 5410 2073 5486; baseline -0.005 -17"><span class='ocrx_word' id='word_1_727' title='bbox 511 5413 894 5486; x_wconf 84' lang='lat' dir='ltr'><strong>praestantibus</strong></span> <span class='ocrx_word' id='word_1_728' title='bbox 926 5414 1078 5477; x_wconf 88' lang='lat' dir='ltr'><strong>viris,</strong></span> <span class='ocrx_word' id='word_1_729' title='bbox 1113 5415 1319 5466; x_wconf 85' lang='lat' dir='ltr'><strong>medios</strong></span> <span class='ocrx_word' id='word_1_730' title='bbox 1357 5422 1412 5467; x_wconf 90' lang='lat' dir='ltr'><strong>et</strong></span> <span class='ocrx_word' id='word_1_731' title='bbox 1442 5414 1659 5467; x_wconf 88' lang='lat' dir='ltr'><strong>ultimos</strong></span> <span class='ocrx_word' id='word_1_732' title='bbox 1691 5426 1754 5465; x_wconf 92' lang='lat' dir='ltr'><strong>ac</strong></span> <span class='ocrx_word' id='word_1_733' title='bbox 1780 5410 2073 5481; x_wconf 83' lang='lat' dir='ltr'><strong>prudentes</strong></span> 
     </span>
    </p>
   </div>
   <div class='ocr_carea' id='block_1_99' title="bbox 420 5504 2072 5573">
    <p class='ocr_par' dir='ltr' id='par_1_99' title="bbox 420 5504 2072 5573">
     <span class='ocr_line' id='line_1_99' title="bbox 420 5504 2072 5573; baseline -0.005 -12"><span class='ocrx_word' id='word_1_734' title='bbox 420 5520 421 5527; x_wconf 82' lang='lat'>‘</span> <span class='ocrx_word' id='word_1_735' title='bbox 513 5524 543 5561; x_wconf 87' lang='lat' dir='ltr'><strong>e</strong></span> <span class='ocrx_word' id='word_1_736' title='bbox 576 5516 716 5560; x_wconf 88' lang='lat' dir='ltr'><strong>terra</strong></span> <span class='ocrx_word' id='word_1_737' title='bbox 754 5504 1058 5559; x_wconf 67' lang='lat' dir='ltr'><strong>Iudaeorum</strong></span> <span class='ocrx_word' id='word_1_738' title='bbox 1088 5506 1287 5558; x_wconf 77' lang='lat' dir='ltr'><strong>excidit</strong></span> <span class='ocrx_word' id='word_1_739' title='bbox 1311 5514 1363 5558; x_wconf 89' lang='lat' dir='ltr'><strong>et</strong></span> <span class='ocrx_word' id='word_1_740' title='bbox 1390 5505 1706 5573; x_wconf 83' lang='lat' dir='ltr'><strong>amputavit,</strong></span> <span class='ocrx_word' id='word_1_741' title='bbox 1737 5515 1796 5557; x_wconf 91' lang='lat' dir='ltr'><strong>ut</strong></span> <span class='ocrx_word' id='word_1_742' title='bbox 1823 5518 1940 5556; x_wconf 89' lang='lat' dir='ltr'><strong>eam</strong></span> <span class='ocrx_word' id='word_1_743' title='bbox 1979 5518 2072 5556; x_wconf 86' lang='lat' dir='ltr'><strong>nu-</strong></span> 
     </span>
    </p>
   </div>
   <div class='ocr_carea' id='block_1_100' title="bbox 515 5594 2076 5667">
    <p class='ocr_par' dir='ltr' id='par_1_100' title="bbox 515 5594 2076 5667">
     <span class='ocr_line' id='line_1_100' title="bbox 515 5594 2076 5667; baseline -0.003 -17"><span class='ocrx_word' id='word_1_744' title='bbox 515 5604 634 5651; x_wconf 81' lang='lat' dir='ltr'><strong>(iam</strong></span> <span class='ocrx_word' id='word_1_745' title='bbox 663 5608 717 5651; x_wconf 90' lang='lat' dir='ltr'><strong>et</strong></span> <span class='ocrx_word' id='word_1_746' title='bbox 745 5595 1026 5665; x_wconf 87' lang='lat' dir='ltr'><strong>spoliatam</strong></span> <span class='ocrx_word' id='word_1_747' title='bbox 1047 5597 1391 5667; x_wconf 88' lang='lat' dir='ltr'><strong>relinqueret.</strong></span> <span class='ocrx_word' id='word_1_748' title='bbox 1413 5595 1548 5651; x_wconf 86' lang='lat' dir='ltr'><strong>Nam</strong></span> <span class='ocrx_word' id='word_1_749' title='bbox 1573 5597 1625 5650; x_wconf 91' lang='lat' dir='ltr'><strong>in</strong></span> <span class='ocrx_word' id='word_1_750' title='bbox 1657 5604 1864 5649; x_wconf 88' lang='lat' dir='ltr'><strong>montes</strong></span> <span class='ocrx_word' id='word_1_751' title='bbox 1888 5594 2076 5648; x_wconf 85' lang='lat' dir='ltr'><strong>Persa-</strong></span> 
     </span>
    </p>
   </div>
   <div class='ocr_carea' id='block_1_101' title="bbox 516 5686 2073 5745">
    <p class='ocr_par' dir='ltr' id='par_1_101' title="bbox 516 5686 2073 5745">
     <span class='ocr_line' id='line_1_101' title="bbox 516 5686 2073 5745; baseline -0.004 -2"><span class='ocrx_word' id='word_1_752' title='bbox 516 5706 633 5743; x_wconf 79' lang='lat' dir='ltr'><strong>rum</strong></span> <span class='ocrx_word' id='word_1_753' title='bbox 661 5706 721 5742; x_wconf 88' lang='lat' dir='ltr'><strong>ac</strong></span> <span class='ocrx_word' id='word_1_754' title='bbox 762 5686 1033 5742; x_wconf 80' lang='lat' dir='ltr'><strong>Medorum</strong></span> <span class='ocrx_word' id='word_1_755' title='bbox 1083 5690 1390 5743; x_wconf 84' lang='lat' dir='ltr'><strong>universum</strong></span> <span class='ocrx_word' id='word_1_756' title='bbox 1444 5688 1553 5745; x_wconf 78' lang='lat' dir='ltr'><strong>fere</strong></span> <span class='ocrx_word' id='word_1_757' title='bbox 1598 5687 1844 5743; x_wconf 68' lang='lat' dir='ltr'><strong>larualem</strong></span> <span class='ocrx_word' id='word_1_758' title='bbox 1896 5687 2073 5737; x_wconf 63' lang='lat' dir='ltr'><strong>Nata-I-</strong></span> 
     </span>
    </p>
   </div>
   <div class='ocr_carea' id='block_1_102' title="bbox 591 5842 1064 5908">
    <p class='ocr_par' dir='ltr' id='par_1_102' title="bbox 591 5842 1064 5908">
     <span class='ocr_line' id='line_1_102' title="bbox 591 5842 1064 5908; baseline -0.008 -10"><span class='ocrx_word' id='word_1_759' title='bbox 591 5843 849 5898; x_wconf 77' lang='lat' dir='ltr'><strong>1“‘Jercm.</strong></span> <span class='ocrx_word' id='word_1_760' title='bbox 882 5858 994 5908; x_wconf 76' lang='lat' dir='ltr'><strong>xu,</strong></span> <span class='ocrx_word' id='word_1_761' title='bbox 1015 5842 1064 5895; x_wconf 83' lang='lat'><strong>5.</strong></span> 
     </span>
    </p>
   </div>
   <div class='ocr_carea' id='block_1_103' title="bbox 2175 4580 3737 4665">
    <p class='ocr_par' dir='ltr' id='par_1_103' title="bbox 2175 4580 3737 4665">
     <span class='ocr_line' id='line_1_103' title="bbox 2175 4580 3737 4665; baseline -0.013 -14"><span class='ocrx_word' id='word_1_762' title='bbox 2175 4598 2350 4665; x_wconf 89' lang='grc' dir='ltr'>λόγος.</span> <span class='ocrx_word' id='word_1_763' title='bbox 2392 4596 2682 4664; x_wconf 81' lang='grc' dir='ltr'>Ἀπομενεῖ</span> <span class='ocrx_word' id='word_1_764' title='bbox 2697 4592 2821 4663; x_wconf 84' lang='grc' dir='ltr'>γὰρ,</span> <span class='ocrx_word' id='word_1_765' title='bbox 2850 4590 3033 4659; x_wconf 67' lang='grc' dir='ltr'>φησιν,</span> <span class='ocrx_word' id='word_1_766' title='bbox 3060 4586 3409 4640; x_wconf 86' lang='grc' dir='ltr'>ἀπολωλότων</span> <span class='ocrx_word' id='word_1_767' title='bbox 3441 4583 3609 4650; x_wconf 77' lang='grc' dir='ltr'>αὐτῆς</span> <span class='ocrx_word' id='word_1_768' title='bbox 3628 4580 3737 4633; x_wconf 86' lang='grc' dir='ltr'><strong>τῶν</strong></span> 
     </span>
    </p>
   </div>
   <div class='ocr_carea' id='block_1_104' title="bbox 2177 4674 3733 4752">
    <p class='ocr_par' dir='ltr' id='par_1_104' title="bbox 2177 4674 3733 4752">
     <span class='ocr_line' id='line_1_104' title="bbox 2177 4674 3733 4752; baseline -0.012 -10"><span class='ocrx_word' id='word_1_769' title='bbox 2177 4689 2404 4752; x_wconf 87' lang='grc' dir='ltr'>τέκνων,</span> <span class='ocrx_word' id='word_1_770' title='bbox 2441 4683 2712 4738; x_wconf 89' lang='grc' dir='ltr'>πενθοῦσά</span> <span class='ocrx_word' id='word_1_771' title='bbox 2746 4700 2805 4735; x_wconf 91' lang='grc' dir='ltr'><strong>τε</strong></span> <span class='ocrx_word' id='word_1_772' title='bbox 2854 4683 2948 4735; x_wconf 78' lang='grc' dir='ltr'>καὶ</span> <span class='ocrx_word' id='word_1_773' title='bbox 2987 4677 3321 4749; x_wconf 83' lang='grc' dir='ltr'>ἀτιμωτάτη.</span> <span class='ocrx_word' id='word_1_774' title='bbox 3377 4676 3437 4728; x_wconf 83' lang='grc' dir='ltr'><strong>Εἰ</strong></span> <span class='ocrx_word' id='word_1_775' title='bbox 3460 4675 3514 4727; x_wconf 80' lang='grc' dir='ltr'>δὲ</span> <span class='ocrx_word' id='word_1_776' title='bbox 3538 4674 3599 4742; x_wconf 88' lang='grc' dir='ltr'>δή</span> <span class='ocrx_word' id='word_1_777' title='bbox 3651 4689 3733 4734; x_wconf 87' lang='grc' dir='ltr'><strong>τις</strong></span> 
     </span>
    </p>
   </div>
   <div class='ocr_carea' id='block_1_105' title="bbox 2178 4766 3738 4850">
    <p class='ocr_par' dir='ltr' id='par_1_105' title="bbox 2178 4766 3738 4850">
     <span class='ocr_line' id='line_1_105' title="bbox 2178 4766 3738 4850; baseline -0.01 -18"><span class='ocrx_word' id='word_1_778' title='bbox 2178 4779 2418 4850; x_wconf 87' lang='grc' dir='ltr'>βούλοιτο</span> <span class='ocrx_word' id='word_1_779' title='bbox 2481 4778 2573 4831; x_wconf 76' lang='grc' dir='ltr'>καὶ</span> <span class='ocrx_word' id='word_1_780' title='bbox 2637 4776 2760 4829; x_wconf 86' lang='grc' dir='ltr'>καθ’</span> <span class='ocrx_word' id='word_1_781' title='bbox 2799 4775 2983 4845; x_wconf 71' lang='grc' dir='ltr'>ἕτερον</span> <span class='ocrx_word' id='word_1_782' title='bbox 3036 4771 3233 4842; x_wconf 87' lang='grc' dir='ltr'>τρόπον</span> <span class='ocrx_word' id='word_1_783' title='bbox 3275 4769 3388 4830; x_wconf 82' lang='grc' dir='ltr'>τοῖς</span> <span class='ocrx_word' id='word_1_784' title='bbox 3429 4766 3738 4836; x_wconf 87' lang='grc' dir='ltr'>θεωρήμασι</span> 
     </span>
    </p>
   </div>
   <div class='ocr_carea' id='block_1_106' title="bbox 2176 4854 3737 4940">
    <p class='ocr_par' dir='ltr' id='par_1_106' title="bbox 2176 4854 3737 4940">
     <span class='ocr_line' id='line_1_106' title="bbox 2176 4854 3737 4940; baseline -0.012 -18"><span class='ocrx_word' id='word_1_785' title='bbox 2176 4866 2522 4940; x_wconf 72' lang='grc' dir='ltr'>προσϐαλεῖν,</span> <span class='ocrx_word' id='word_1_786' title='bbox 2567 4867 2806 4935; x_wconf 83' lang='grc' dir='ltr'>ἐννοήσει</span> <span class='ocrx_word' id='word_1_787' title='bbox 2849 4880 2899 4915; x_wconf 90' lang='grc' dir='ltr'><strong>τι</strong></span> <span class='ocrx_word' id='word_1_788' title='bbox 2928 4860 3189 4914; x_wconf 89' lang='grc' dir='ltr'>τοιοῦτον.</span> <span class='ocrx_word' id='word_1_789' title='bbox 3215 4857 3425 4927; x_wconf 85' lang='grc' dir='ltr'>Τρίχας</span> <span class='ocrx_word' id='word_1_790' title='bbox 3477 4856 3575 4925; x_wconf 86' lang='grc' dir='ltr'>μὲν</span> <span class='ocrx_word' id='word_1_791' title='bbox 3631 4854 3737 4922; x_wconf 85' lang='grc' dir='ltr'>γὰρ</span> 
     </span>
    </p>
   </div>
   <div class='ocr_carea' id='block_1_107' title="bbox 2176 4944 3740 5029">
    <p class='ocr_par' dir='ltr' id='par_1_107' title="bbox 2176 4944 3740 5029">
     <span class='ocr_line' id='line_1_107' title="bbox 2176 4944 3740 5029; baseline -0.012 -16"><span class='ocrx_word' id='word_1_792' title='bbox 2176 4959 2420 5029; x_wconf 85' lang='grc' dir='ltr'>κεφαλῆς</span> <span class='ocrx_word' id='word_1_793' title='bbox 2458 4958 2601 5027; x_wconf 89' lang='grc' dir='ltr'><strong>τάχα</strong></span> <span class='ocrx_word' id='word_1_794' title='bbox 2627 4955 2729 5010; x_wconf 89' lang='grc' dir='ltr'><strong>πού</strong></span> <span class='ocrx_word' id='word_1_795' title='bbox 2767 4970 2931 5025; x_wconf 88' lang='grc' dir='ltr'>φησιν</span> <span class='ocrx_word' id='word_1_796' title='bbox 2955 4954 3079 5014; x_wconf 80' lang='grc' dir='ltr'>τοὺς</span> <span class='ocrx_word' id='word_1_797' title='bbox 3107 4948 3500 5020; x_wconf 83' lang='grc' dir='ltr'>ἐντιμωτάτους</span> <span class='ocrx_word' id='word_1_798' title='bbox 3530 4944 3740 5013; x_wconf 85' lang='grc' dir='ltr'>πλούτῳ</span> 
     </span>
    </p>
   </div>
   <div class='ocr_carea' id='block_1_108' title="bbox 2172 5035 3723 5120">
    <p class='ocr_par' dir='ltr' id='par_1_108' title="bbox 2172 5035 3723 5120">
     <span class='ocr_line' id='line_1_108' title="bbox 2172 5035 3723 5120; baseline -0.015 -14"><span class='ocrx_word' id='word_1_799' title='bbox 2172 5069 2232 5105; x_wconf 87' lang='grc' dir='ltr'><strong>τε</strong></span> <span class='ocrx_word' id='word_1_800' title='bbox 2264 5051 2356 5105; x_wconf 71' lang='grc' dir='ltr'><strong>καὶ</strong></span> <span class='ocrx_word' id='word_1_801' title='bbox 2389 5048 2681 5120; x_wconf 85' lang='grc' dir='ltr'>ὑπεροχαῖς</span> <span class='ocrx_word' id='word_1_802' title='bbox 2703 5046 2810 5100; x_wconf 90' lang='grc' dir='ltr'><strong>τῶν</strong></span> <span class='ocrx_word' id='word_1_803' title='bbox 2836 5044 3009 5098; x_wconf 82' lang='grc' dir='ltr'>ἄλλων</span> <span class='ocrx_word' id='word_1_804' title='bbox 3047 5037 3575 5111; x_wconf 82' lang='grc' dir='ltr'>ὑπερανεστηκότας·</span> <span class='ocrx_word' id='word_1_805' title='bbox 3602 5035 3723 5085; x_wconf 78' lang='grc' dir='ltr'><strong>ἀνω</strong></span> 
     </span>
    </p>
   </div>
   <div class='ocr_carea' id='block_1_109' title="bbox 2172 5124 3737 5215">
    <p class='ocr_par' dir='ltr' id='par_1_109' title="bbox 2172 5124 3737 5215">
     <span class='ocr_line' id='line_1_109' title="bbox 2172 5124 3737 5215; baseline -0.018 -16"><span class='ocrx_word' id='word_1_806' title='bbox 2172 5146 2317 5215; x_wconf 87' lang='grc' dir='ltr'>τέρω</span> <span class='ocrx_word' id='word_1_807' title='bbox 2343 5143 2452 5212; x_wconf 87' lang='lat'><strong>7&amp;9</strong></span> <span class='ocrx_word' id='word_1_808' title='bbox 2480 5140 2719 5210; x_wconf 82' lang='grc' dir='ltr'>κεφαλῆς</span> <span class='ocrx_word' id='word_1_809' title='bbox 2734 5136 2906 5190; x_wconf 82' lang='grc' dir='ltr'>οὐδέν’</span> <span class='ocrx_word' id='word_1_810' title='bbox 2931 5133 3166 5202; x_wconf 87' lang='grc' dir='ltr'>πώγωνα</span> <span class='ocrx_word' id='word_1_811' title='bbox 3189 5131 3265 5194; x_wconf 86' lang='grc' dir='ltr'>δὲ,</span> <span class='ocrx_word' id='word_1_812' title='bbox 3293 5130 3418 5190; x_wconf 83' lang='grc' dir='ltr'>τοὺς</span> <span class='ocrx_word' id='word_1_813' title='bbox 3441 5128 3496 5178; x_wconf 83' lang='grc' dir='ltr'>ἐν</span> <span class='ocrx_word' id='word_1_814' title='bbox 3528 5124 3737 5176; x_wconf 85' lang='grc' dir='ltr'>συνέσει</span> 
     </span>
    </p>
   </div>
   <div class='ocr_carea' id='block_1_110' title="bbox 2175 5216 3737 5305">
    <p class='ocr_par' dir='ltr' id='par_1_110' title="bbox 2175 5216 3737 5305">
     <span class='ocr_line' id='line_1_110' title="bbox 2175 5216 3737 5305; baseline -0.015 -15"><span class='ocrx_word' id='word_1_815' title='bbox 2175 5237 2269 5290; x_wconf 75' lang='grc' dir='ltr'>καὶ</span> <span class='ocrx_word' id='word_1_816' title='bbox 2299 5234 2489 5305; x_wconf 83' lang='grc' dir='ltr'>φρεσίν</span> <span class='ocrx_word' id='word_1_817' title='bbox 2512 5250 2526 5262; x_wconf 82' lang='grc'><strong>·</strong></span> <span class='ocrx_word' id='word_1_818' title='bbox 2561 5231 2702 5285; x_wconf 84' lang='grc' dir='ltr'>οῦτω</span> <span class='ocrx_word' id='word_1_819' title='bbox 2728 5228 2835 5299; x_wconf 87' lang='grc' dir='ltr'><strong>γὰρ</strong></span> <span class='ocrx_word' id='word_1_820' title='bbox 2866 5225 3065 5293; x_wconf 87' lang='grc' dir='ltr'>πώγων</span> <span class='ocrx_word' id='word_1_821' title='bbox 3092 5224 3177 5277; x_wconf 73' lang='grc' dir='ltr'>ἀεὶ</span> <span class='ocrx_word' id='word_1_822' title='bbox 3208 5221 3545 5292; x_wconf 77' lang='grc' dir='ltr'>λαμϐάνεται</span> <span class='ocrx_word' id='word_1_823' title='bbox 3593 5216 3737 5305; x_wconf 80' lang='grc' dir='ltr'><strong>παρά</strong></span> 
     </span>
    </p>
   </div>
   <div class='ocr_carea' id='block_1_111' title="bbox 2174 5304 3737 5397">
    <p class='ocr_par' dir='ltr' id='par_1_111' title="bbox 2174 5304 3737 5397">
     <span class='ocr_line' id='line_1_111' title="bbox 2174 5304 3737 5397; baseline -0.017 -17"><span class='ocrx_word' id='word_1_824' title='bbox 2174 5329 2240 5397; x_wconf 85' lang='grc' dir='ltr'><strong>τῇ</strong></span> <span class='ocrx_word' id='word_1_825' title='bbox 2277 5304 2620 5391; x_wconf 85' lang='grc' dir='ltr'>θεοπνεύστῳ</span> <span class='ocrx_word' id='word_1_826' title='bbox 2642 5320 2855 5391; x_wconf 81' lang='grc' dir='ltr'>Γραφῇ.</span> <span class='ocrx_word' id='word_1_827' title='bbox 2884 5317 3052 5367; x_wconf 85' lang='grc' dir='ltr'>Ὅταν</span> <span class='ocrx_word' id='word_1_828' title='bbox 3079 5312 3135 5365; x_wconf 82' lang='grc' dir='ltr'>δὲ</span> <span class='ocrx_word' id='word_1_829' title='bbox 3165 5310 3257 5363; x_wconf 66' lang='grc' dir='ltr'>καὶ</span> <span class='ocrx_word' id='word_1_830' title='bbox 3281 5307 3456 5361; x_wconf 84' lang='grc' dir='ltr'>ποδῶν</span> <span class='ocrx_word' id='word_1_831' title='bbox 3486 5304 3737 5397; x_wconf 63' lang='grc' dir='ltr'>ὀνομάςει</span> 
     </span>
    </p>
   </div>
   <div class='ocr_carea' id='block_1_112' title="bbox 2174 5391 3739 5485">
    <p class='ocr_par' dir='ltr' id='par_1_112' title="bbox 2174 5391 3739 5485">
     <span class='ocr_line' id='line_1_112' title="bbox 2174 5391 3739 5485; baseline -0.017 -17"><span class='ocrx_word' id='word_1_832' title='bbox 2174 5414 2385 5485; x_wconf 85' lang='grc' dir='ltr'>τρίχας,</span> <span class='ocrx_word' id='word_1_833' title='bbox 2423 5409 2675 5481; x_wconf 83' lang='grc' dir='ltr'>σημαίνει</span> <span class='ocrx_word' id='word_1_834' title='bbox 2699 5422 2834 5469; x_wconf 89' lang='grc' dir='ltr'>που,</span> <span class='ocrx_word' id='word_1_835' title='bbox 2860 5402 2999 5455; x_wconf 85' lang='grc' dir='ltr'><strong>κατά</strong></span> <span class='ocrx_word' id='word_1_836' title='bbox 3032 5400 3092 5452; x_wconf 83' lang='grc' dir='ltr'>τὸ</span> <span class='ocrx_word' id='word_1_837' title='bbox 3145 5398 3309 5461; x_wconf 80' lang='grc' dir='ltr'>εἰκὸς,</span> <span class='ocrx_word' id='word_1_838' title='bbox 3346 5397 3469 5458; x_wconf 75' lang='grc' dir='ltr'>τοὺς</span> <span class='ocrx_word' id='word_1_839' title='bbox 3505 5397 3561 5447; x_wconf 86' lang='grc' dir='ltr'><strong>ἐν</strong></span> <span class='ocrx_word' id='word_1_840' title='bbox 3593 5391 3739 5453; x_wconf 76' lang='grc' dir='ltr'>τάξει</span> 
     </span>
    </p>
   </div>
   <div class='ocr_carea' id='block_1_113' title="bbox 2178 5481 3737 5572">
    <p class='ocr_par' dir='ltr' id='par_1_113' title="bbox 2178 5481 3737 5572">
     <span class='ocr_line' id='line_1_113' title="bbox 2178 5481 3737 5572; baseline -0.017 -14"><span class='ocrx_word' id='word_1_841' title='bbox 2178 5481 2465 5572; x_wconf 78' lang='grc' dir='ltr'>κειμένους</span> <span class='ocrx_word' id='word_1_842' title='bbox 2493 5503 2558 5571; x_wconf 80' lang='grc' dir='ltr'>τῇ</span> <span class='ocrx_word' id='word_1_843' title='bbox 2590 5499 2793 5569; x_wconf 82' lang='grc' dir='ltr'>ἐσχάτῃ</span> <span class='ocrx_word' id='word_1_844' title='bbox 2818 5495 2909 5548; x_wconf 74' lang='grc' dir='ltr'>καὶ</span> <span class='ocrx_word' id='word_1_845' title='bbox 2941 5491 3253 5545; x_wconf 80' lang='grc' dir='ltr'>κατωτάτω.</span> <span class='ocrx_word' id='word_1_846' title='bbox 3293 5487 3574 5555; x_wconf 81' lang='grc' dir='ltr'>Ἐφείσατο</span> <span class='ocrx_word' id='word_1_847' title='bbox 3597 5484 3653 5536; x_wconf 81' lang='grc' dir='ltr'>δὲ</span> <span class='ocrx_word' id='word_1_848' title='bbox 3678 5481 3737 5532; x_wconf 77' lang='grc' dir='ltr'>τὸ</span> 
     </span>
    </p>
   </div>
   <div class='ocr_carea' id='block_1_114' title="bbox 2179 5573 3739 5665">
    <p class='ocr_par' dir='ltr' id='par_1_114' title="bbox 2179 5573 3739 5665">
     <span class='ocr_line' id='line_1_114' title="bbox 2179 5573 3739 5665; baseline -0.015 -18"><span class='ocrx_word' id='word_1_849' title='bbox 2179 5595 2439 5665; x_wconf 83' lang='grc' dir='ltr'>παράπαν</span> <span class='ocrx_word' id='word_1_850' title='bbox 2462 5592 2675 5653; x_wconf 77' lang='grc' dir='ltr'>οὐδενὸς</span> <span class='ocrx_word' id='word_1_851' title='bbox 2711 5589 2772 5641; x_wconf 77' lang='grc' dir='ltr'>τὸ</span> <span class='ocrx_word' id='word_1_852' title='bbox 2804 5585 2962 5655; x_wconf 71' lang='grc' dir='ltr'>ξυρὸν</span> <span class='ocrx_word' id='word_1_853' title='bbox 2999 5580 3424 5653; x_wconf 83' lang='grc' dir='ltr'>μεμεθυσμένον,</span> <span class='ocrx_word' id='word_1_854' title='bbox 3456 5578 3570 5629; x_wconf 75' lang='grc' dir='ltr'>ἀλλ’</span> <span class='ocrx_word' id='word_1_855' title='bbox 3605 5573 3739 5643; x_wconf 76' lang='grc' dir='ltr'>ὁμοῦ</span> 
     </span>
    </p>
   </div>
   <div class='ocr_carea' id='block_1_115' title="bbox 2210 5666 3741 5755">
    <p class='ocr_par' dir='ltr' id='par_1_115' title="bbox 2210 5666 3741 5755">
     <span class='ocr_line' id='line_1_115' title="bbox 2210 5666 3741 5755; baseline -0.017 -15"><span class='ocrx_word' id='word_1_856' title='bbox 2210 5689 2290 5738; x_wconf 74' lang='grc' dir='ltr'>οἷς</span> <span class='ocrx_word' id='word_1_857' title='bbox 2320 5683 2752 5755; x_wconf 79' lang='grc' dir='ltr'>ύπερκειμένοις,</span> <span class='ocrx_word' id='word_1_858' title='bbox 2803 5678 2999 5746; x_wconf 75' lang='grc' dir='ltr'>μέσους</span> <span class='ocrx_word' id='word_1_859' title='bbox 3043 5690 3098 5725; x_wconf 87' lang='grc' dir='ltr'>τε</span> <span class='ocrx_word' id='word_1_860' title='bbox 3135 5671 3229 5724; x_wconf 72' lang='grc' dir='ltr'>καὶ</span> <span class='ocrx_word' id='word_1_861' title='bbox 3256 5668 3617 5729; x_wconf 76' lang='grc' dir='ltr'>τελευταίους,</span> <span class='ocrx_word' id='word_1_862' title='bbox 3650 5666 3741 5716; x_wconf 69' lang='grc' dir='ltr'>καὶ</span> 
     </span>
    </p>
   </div>
  </div>
