4152 6366
417 420 524 475 213

1578 434 1647 489 IN
1683 434 1919 491 ISAIAM
1955 433 2021 490 Ll

2128 436 2172 492 1.
2213 434 2420 493 ORAT.
2464 436 2528 493 ν.
3568 436 3634 491 ει
3646 441 3687 495 ι

423 536 677 598 συνετοὺς
707 537 810 609 τῆς
847 540 1113 597 Ἰουδαίων
1140 544 1401 618 ἀπέκειρε
1432 546 1638 622 χώρας,
1664 550 1740 618 ὡς
1783 551 2002 623 ἀφεῖναι

2122 553 2510 609 :hodonosorus
2543 552 2805 608 traduxit.

420 628 636 773 ⁴ἔυμνὴν
674 631 768 777 ζζὶ
813 632 1173 706 ἐψιλωμένην.
1234 639 1580 712 Μετεκόμισε
1647 642 1759 715 γὰρ
1818 645 1845 697 ὁ
1906 641 2372 717 Ναῦουχοδονόσορ
2416 648 2497 709 είς
2551 645 2618 699 τὰ
2665 647 2766 717 ὅρη
2820 644 3046 717 Περσῶν
3092 645 3189 698 καὶ
3233 643 3434 715 Μήδων
3490 641 3679 712 σχεδὸν

464 726 638 776 πάντα
740 742 767 776 ν
804 726 1041 777 Ἰσοαήλ-

464 726 638 776 παντα
676 726 767 777 τὸν
804 726 1041 798 Ἰσραήλ.

496 818 601 872 Καὶ
641 820 813 875 ἔσται
842 822 913 877 ἐν
943 821 1019 891 τῇ
1049 823 1242 893 ἡμέρᾳ
1275 827 1500 897 ἐκείνῃ,
1543 830 1748 899 θρέψει
1787 831 2005 897 ἄνθρω-

426 923 541 977 πος
581 909 843 981 δάμαλιν
868 914 1061 982 βοῶν,
1092 916 1191 971 καὶ
1217 917 1327 973 δύο
1364 922 1635 989 πρόϐατα
1655 938 1668 954 ο
1695 924 1795 977 καὶ
1833 923 2007 979 ἔσται

426 1005 545 1058 ἀπὸ
600 1006 705 1061 τοῦ
751 1007 1043 1063 πλεῖστον
1087 1012 1280 1066 ποιεῖν
1303 1012 1480 1083 γάλα,
1516 1014 1851 1086 [ϐούτυρον
1909 1019 2009 1073 καὶ

424 1098 562 1167 μέλι
586 1098 834 1169 φάγεται
867 1099 909 1173 ],
946 1100 1067 1169 πᾶς
1093 1106 1126 1158 ό
1155 1107 1570 1177 καταλειφθεὶς
1601 1110 1699 1163 ἐπὶ
1737 1111 1847 1180 τῆς
1876 1112 2008 1184 γῆς.
2039 1120 2051 1129 ·

503 1189 606 1242 Τοῦ
639 1190 802 1261 ξυροῦ
832 1194 923 1246 καὶ
952 1195 1366 1267 μεμεθυσμένου
1416 1202 1511 1254 καὶ
1550 1203 1809 1272 μεγάλου,
1862 1205 2007 1260 τοῦτ’

2179 822 2341 878 Vens.
2378 825 2468 879 2i.
2507 823 2627 877 Erit
2660 824 2818 878 etiam
2861 824 2914 877 in
2942 822 3026 878 die
3050 823 3167 890 illa,
3190 823 3297 878 alet
3329 825 3485 879 homo
3518 824 3685 880 bucu-

2109 913 2237 981 lam,
2261 928 2307 968 et
2333 918 2466 969 duas
2490 932 2627 979 oves,
2657 926 2703 970 et
2735 918 2833 969 erit
2862 932 2925 969 ea:
2974 931 3035 969 eo
3070 916 3210 986 quod
3263 915 3488 970 multum
3528 916 3684 971 lactis

2108 1012 2389 1078 proveniet,
2408 1011 2652 1082 butyrum
2672 1018 2721 1064 et
2748 1009 2848 1064 mel
2875 1010 3108 1065 comedet
3142 1012 3309 1065 omnis
3337 1018 3598 1079 superstes
3628 1010 3692 1063 in

2114 1112 2275 1158 terra.

2184 1194 2467 1251 Novaculae
2491 1210 2695 1265 magnae
2723 1204 2778 1250 et
2803 1195 3100 1260 inebriatze,
3126 1195 3177 1250 id
3209 1205 3290 1251 est
3318 1194 3479 1267 gladii
3506 1194 3684 1266 Baby-

431 1279 544 1333 ἐστι
576 1282 678 1351 τῆς
710 1283 1067 1340 Βαϐυλωνίων
1096 1290 1393 1362 μαχαίρας,
1421 1293 1637 1366 ἐμφανῆ
1668 1298 2007 1367 καταστῆσαι

2122 1287 2294 1353 lonici,
2322 1287 2569 1343 eﬂ'ectum
2608 1301 2673 1341 ac
2716 1287 2824 1341 vim
2871 1286 3150 1341 declarare
3192 1288 3523 1357 propositum
3574 1296 3681 1354 est,

434 1374 532 1441 τὴν
580 1376 865 1448 ἐνέργειαν
901 1380 929 1432 ὁ
980 1381 1179 1445 σκοπὸς
1221 1382 1390 1455 αὐτῷ.
1444 1387 2009 1461 Καταψιλωθήσεσθαι

2122 1378 2350 1447 dicitque
2375 1386 2544 1432 totam
2578 1378 2851 1447 regionem
2878 1377 3184 1433 Judteorum
3223 1380 3483 1434 nudatum
3509 1380 3595 1445 iri,
3630 1388 3686 1435 et

434 1464 544 1536 γάρ
585 1483 750 1535 φησιν
794 1468 1013 1523 ἃπασαν
1046 1470 1155 1524 τῶν
1196 1473 1465 1529 Ἰουδαίων
1499 1476 1598 1547 τὴν
1624 1476 1827 1549 χώραν,
1863 1499 2010 1535 πτω-

2122 1484 2180 1525 eo
2224 1469 2587 1525 mendicitatis
2624 1470 2970 1538 virorumque
3014 1471 3305 1539 paucitatis
3362 1472 3682 1537 redituram,

436 1558 586 1626 χείας
621 1576 679 1611 τε
710 1559 847 1629 ὁμοῦ
878 1563 973 1614 καὶ
1012 1562 1359 1635 ὀλιγανδρίας
1400 1568 1480 1631 είς
1520 1566 1678 1622 τοῦτο
1706 1570 1902 1636 ἐλθεῖν,
1936 1573 2013 1637 ὡς

2122 1572 2177 1619 ιιι
2207 1563 2297 1632 qui
2335 1563 2551 1619 relictus
2579 1571 2736 1618 estet
2769 1572 3014 1618 servatus
3043 1578 3074 1616 ε
3115 1578 3272 1618 manu
3306 1564 3565 1629 hostium,
3598 1579 3687 1618 re-

434 1650 525 1701 τὸν
562 1650 978 1721 περιλειφθέντα
1026 1654 1117 1707 καὶ
1160 1655 1612 1728 ἀνασεσωσμὲνον
1661 1662 1725 1714 ἐκ
1771 1663 1871 1734 τῆς
1904 1664 2010 1718 τῶν

2122 1656 2485 1725 manseritque
2512 1655 2565 1709 in
2598 1663 2741 1711 terra
2762 1693 2778 1717 ,
2805 1654 2895 1708 vix
2935 1652 3150 1709 futurus
3185 1654 3257 1707 sit
3286 1653 3443 1708 unius
3478 1653 3686 1709 bucula:

439 1741 713 1810 πολεμίων
741 1743 943 1813 χειρὸς,
975 1747 1409 1816 ἐναπομείναντά
1432 1767 1491 1803 τε
1519 1753 1584 1822 τῇ
1616 1756 1710 1824 γῇ,
1739 1754 2010 1829 δεσπότην

2122 1759 2171 1803 et
2210 1751 2433 1801 duarum
2479 1745 2660 1801 ovium
2698 1745 2948 1801 dominus
2983 1762 2996 1797 :
3028 1744 3155 1799 licet
3195 1745 3323 1798 olim
3369 1758 3687 1798 numerosos

437 1829 653 1885 ἔσεσθαι
682 1832 965 1903 δαμάλεως
994 1854 1053 1889 τε
1082 1840 1210 1907 μιᾶς
1238 1855 1251 1867 ·
1291 1840 1383 1893 καὶ
1406 1842 1694 1911 προϐάτων
1723 1845 1815 1901 δύο
1843 1851 2017 1909 καίτοι

2122 1838 2295 1891 ovium
2323 1850 2510 1906 greges
2548 1842 2604 1889 et
2641 1835 2800 1889 boum
2834 1844 2945 1887 tum
2989 1832 3281 1901 possidere,
3308 1840 3419 1884 tum
3462 1843 3687 1903 pascere

438 1919 607 1973 πάλαι
662 1922 923 1987 πλείστας
959 1942 1017 1978 τε
1055 1926 1187 1991 ὅσας
1215 1928 1344 1982 ὀῖων
1386 1931 1608 1999 ἀγέλας,
1650 1935 1744 1987 καὶ
1780 1940 1886 2008 μὴν
1920 1945 2015 1997 καί⁵

437 2010 574 2081 βοῶν
617 2015 915 2085 κεκτῆσθαί
959 2034 1017 2069 τε
1069 2018 1165 2072 καὶ
1212 2020 1399 2090 νέμειν
1451 2023 1722 2080 εἰωθότων
1767 2029 1874 2083 τῶν
1912 2033 2017 2087 ἀνὰ

436 2104 615 2156 πᾶσαν
656 2105 755 2174 τὴν
797 2106 1076 2161 Ἰουδαίαν.
1114 2109 1326 2163 Οὐκοῦν
1363 2113 1632 2183 πτωχείας
1675 2117 1773 2186 μὲν
1801 2120 1899 2189 τῆς
1934 2125 2015 2187 είς

433 2193 602 2262 ἄκρον
624 2194 897 2259 ἀπόδειξις
933 2197 1026 2267 ἥδε
1059 2200 1236 2270 σαφής
1266 2200 1406 2254 ,Ὅτι
1431 2202 1487 2255 δὲ
1524 2206 1614 2258 καὶ
1648 2209 1841 2281 κομιδῇ
1881 2210 2015 2282 βρα-

439 2286 549 2357 χεῖς
591 2287 647 2338 ἐν
692 2286 912 2358 ἀριθμῷ
944 2290 1088 2343 κατὰ
1138 2292 1338 2356 τόπους
1387 2293 1599 2350 ἔσονται
1652 2303 2015 2369 προσαποδεί-

436 2393 595 2430 κνυσι
628 2378 802 2447 λέγων
824 2396 835 2407 ·
877 2400 895 2431 ι
925 2382 1031 2435 Καὶ
1067 2382 1219 2436 ἕσται
1259 2386 1368 2439 ἀπὸ
1394 2385 1489 2440 τοῦ
1543 2388 1791 2446 πλεῖστον
1845 2398 2018 2451 ποιεῖν

439 2469 602 2535 γάλα,
654 2470 917 2542 βούτυρον
962 2474 1057 2527 καὶ
1095 2475 1215 2545 μέλι
1266 2478 1496 2546 φάγεται
1547 2483 1656 2546 πᾶς
1691 2485 1719 2537 ὁ
1765 2487 2018 2542 καταλει-

438 2560 591 2629 φθεὶς
625 2562 716 2615 ἐπὶ
749 2563 850 2634 τῆς
876 2564 996 2634 γῆς.
1043 2567 1137 2620 Ἐκ
1159 2567 1252 2621 δύο
1288 2570 1576 2640 προϐάτων
1605 2575 1698 2628 καὶ
1730 2576 2017 2647 δαμάλεως

441 2654 570 2721 μιᾶς
606 2653 862 2709 τοσοῦτον
892 2656 1031 2724 γάλα
1058 2658 1276 2713 ἔσεσθαί
1302 2679 1486 2733 φησιν,
1530 2663 1670 2718 ὥστε
1717 2669 1884 2722 πᾶσιν
1914 2672 2013 2741 ἀρ-

439 2742 594 2796 κέσαι
623 2747 734 2808 τοῖς
764 2746 1201 2817 καταλειφθεῖσιν
1225 2752 1306 2814 εἰς
1337 2753 1515 2822 κόρον,
1548 2758 1596 2808 εί
1626 2756 1690 2828 δὴ
1746 2758 2018 2828 βούλοιντο

439 2833 537 2897 τὰς
585 2834 675 2888 διὰ
704 2836 977 2904 γάλακτος
1028 2839 1297 2893 ποιεῖσθαι
1338 2843 1563 2914 τροφάς.
1603 2841 1729 2918 Ἆρ’
1777 2843 1871 2902 οῦν
1919 2850 2019 2905 οὐκ

442 2928 689 3001 ἐναργὲς,
740 2930 815 2993 ὡς
855 2932 1213 3003 εὐαρίθμητοι
1258 2936 1534 3000 παντελῶς
1565 2938 1615 2991 oi
1663 2940 2018 3011 διαφυγόντες

440 3019 501 3071 τὸ
541 3020 719 3092 ξυρὸν,
757 3025 850 3077 καὶ
881 3024 938 3076 ἐν
981 3026 1196 3096 ἑκάστῳ
1222 3029 1372 3099 τόπῳ
1415 3030 1515 3100 τῆς
1552 3031 1811 3098 Ἰουδαίας
1842 3052 2018 3106 μεμε-

441 3113 714 3183 νηκότων;
770 3116 932 3170 Πόσοι
997 3116 1104 3187 γὰρ
1166 3119 1231 3172 ἂν
1286 3116 1417 3184 εἷεν,
1475 3117 1558 3185 οἷς
1602 3124 1829 3194 ἀρκέσει
1882 3126 2019 3198 πρὸς

2118 1945 2214 1999 ρει·
2268 1938 2430 1982 totam
2482 1925 2721 1981 Judteam
2767 1923 3166 1981 consueverint,
3220 1921 3401 1989 Quare
3461 1935 3688 1974 summa:

2118 2019 2450 2089 paupertatis
2477 2017 2733 2071 indicium
2760 2012 3110 2070 manifestum
3136 2014 3238 2067 hoc
3275 2020 3381 2067 est.
3414 2010 3566 2077 Quod
3589 2025 3686 2064 au-

2120 2122 2224 2167 tem
2249 2120 2304 2165 et
2335 2124 2460 2164 vere
2488 2110 2641 2179 pauci
2670 2123 2891 2163 numero
2931 2108 2989 2163 in
3028 2107 3161 2161 locis
3189 2106 3474 2168 exsistent,
3500 2102 3687 2171 praesi-

2117 2203 2337 2275 gniﬁcat
2368 2203 2584 2256 dicens:
2615 2200 2680 2255 Et
2703 2200 2830 2267 erit,
2852 2215 2917 2256 eo
2941 2200 3083 2269 quod
3120 2198 3345 2254 multum
3374 2197 3528 2253 Iactis
3564 2210 3690 2267 pro-

2116 2297 2316 2363 veniet,
2356 2295 2608 2366 butyrum
2638 2302 2689 2348 et
2727 2294 2829 2349 mel
2860 2293 3129 2357 comedet,
3166 2292 3411 2361 quisquis
3451 2292 3503 2345 in
3540 2298 3687 2344 terra

2117 2390 2223 2443 erit
2244 2399 2543 2459 superstes.
2577 2386 2618 2441 E
2656 2386 2866 2441 duabus
2895 2386 3086 2441 ovibus
3114 2394 3170 2441 et
3211 2384 3400 2455 bucula
3440 2397 3545 2436 una
3573 2391 3690 2434 tan-

2119 2490 2231 2536 tum
2296 2480 2449 2535 lactis
2490 2478 2607 2534 fore
2668 2478 2921 2545 aﬂirmat,
2973 2487 3034 2533 ut
3086 2477 3339 2532 omnibus
3408 2473 3689 2531 derelictis

2117 2572 2328 2627 abunde
2365 2572 2437 2626 sit
2469 2571 2841 2636 suffecturum,
2869 2573 2914 2627 si
2945 2586 3013 2627 ex
3050 2571 3192 2626 lacte
3222 2569 3541 2640 proveniens
3584 2569 3690 2623 ali—

2118 2675 2355 2719 mentum
2388 2664 2567 2720 facere
2604 2663 2787 2719 velint.
2832 2666 3021 2719 Annon
3062 2664 3222 2733 igitur
3238 2661 3577 2733 perspicuum
3606 2668 3692 2716 est

2117 2773 2210 2814 eos
2238 2759 2330 2827 qui
2370 2756 2687 2814 novaculam
2726 2756 3048 2829 effugerunt,
3089 2757 3178 2826 qui
3210 2754 3437 2824 singulis
3474 2754 3523 2807 in
3557 2752 3692 2807 locis

2117 2849 2314 2907 Judaeze
2365 2851 2655 2915 haeserunt,
2712 2850 2867 2905 facile
2923 2848 3284 2904 numerabiles
3339 2847 3509 2903 esse?
3550 2844 3694 2911 Quot

2119 2943 2262 2997 enim
2295 2956 2417 2998 esse
2450 2943 2658 3014 possint
2680 2942 2878 3012 quibus
2915 2942 2982 2997 ad
3011 2941 3355 2996 nutritionem
3387 2947 3441 2993 et
3468 2938 3693 2993 satieta-

2121 3042 2251 3103 tem,
2281 3035 2507 3090 duarum
2542 3036 2721 3091 ovium
2755 3037 3019 3104 uniusque
3049 3032 3254 3088 buculte
3285 3032 3366 3087 Iac
3395 3031 3529 3086 satis
3564 3029 3692 3085 erit?

2121 3126 2388 3183 Caeterum
2439 3126 2567 3198 quid
2617 3130 2771 3183 nobis
2830 3124 3204 3194 spiritualibus
3269 3124 3397 3179 hinc
3446 3122 3695 3177 utilitatis

440 3204 646 3276 τροφὴν
676 3205 772 3259 καὶ
794 3208 953 3278 κόρον
983 3206 1171 3282 [γάλα]
1199 3210 1292 3264 δύο
1318 3212 1604 3285 προϐάτων
1628 3218 1720 3269 καὶ
1741 3216 2021 3289 δαμάλεως

2127 3220 2427 3289 proveniet,
2498 3218 2624 3274 licet
2655 3234 2721 3273 ex
2764 3218 2895 3288 ipsis
2924 3216 3085 3272 rebus
3126 3230 3347 3271 cernere
3377 3233 3391 3269 :
3428 3213 3569 3284 quod
3600 3212 3695 3283 qui

446 3298 609 3365 μιᾶςς
660 3299 724 3350 Τί
751 3296 843 3353 οῦν
873 3297 981 3372 ἆρα
1008 3302 1068 3355 τὸ
1100 3303 1347 3358 ἐντεῦθεν
1386 3307 1468 3370 εἰς
1510 3308 1699 3379 ὄνησιν
1738 3311 1869 3380 ἡμῖν
1907 3313 2020 3376 τοῖς

442 3394 835 3457 πνευματικοῖς
868 3393 1181 3463 ἐκϐήσεται,
1209 3394 1417 3461 ἔξεστιν
1458 3398 1583 3451 ἰδεῖν
1620 3399 1709 3453 διά
1756 3402 2019 3473 πραγμά-

443 3496 549 3533 των
581 3481 779 3535 αὐτῶν.
810 3482 960 3537 Ὅσοι
1019 3487 1117 3555 μὲν
1161 3485 1494 3556 μελετῶντες
1520 3489 1580 3542 τὸ
1606 3490 1890 3563 δυσήκοον,
1927 3494 2022 3547 καὶ

445 3571 647 3643 γαῦρον
669 3575 1044 3640 ἐξανιστάντες
1077 3577 1154 3648 τῷ
1176 3576 1296 3649 Θεῷ
1324 3580 1412 3633 τὸν
1440 3581 1666 3651 αὐχένα,
1695 3584 1791 3637 καὶ
1813 3587 1880 3656 τῇ
1911 3585 2021 3638 τῶν

447 3666 829 3734 πνευματικῶν
881 3668 1101 3735 ἀγαθῶν
1142 3670 1318 3742 ἐνδείᾳ
1365 3676 1834 3744 καταταχήσονται
1857 3716 1871 3741 ,
1928 3677 2023 3730 καὶ

446 3755 712 3825 ὀλιγοστοὶ
742 3760 1019 3825 παντελῶς
1041 3762 1454 3835 γενηθήσονται,
1474 3766 1569 3819 καὶ
1592 3768 1794 3832 παντὸς
1823 3768 2021 3833 ἐνδεεῖς

446 3847 833 3919 εὑρεθήσονται
880 3850 976 3904 τοῦ
1037 3854 1255 3925 τρέφειν
1294 3856 1491 3920 εἰδότος
1538 3859 1617 3921 είς
1666 3857 1880 3923 εὐεξίαν
1923 3859 2021 3931 τὴν

446 3942 663 4011 νοητὴν,
694 3942 790 3995 καὶ
828 3942 1178 4015 ἀνακομίζειν
1210 3946 1322 3999 οἴου
1364 3964 1447 4011 τε,
1481 3947 1574 4001 καὶ
1605 3947 1750 4019 μάλα
1782 3950 2020 4021 γοργῶς,

446 4033 527 4095 είς
559 4032 725 4104 ἄνδρα
748 4033 971 4102 τέλειον,
1000 4037 1081 4100 είς
1111 4037 1308 4109 μέτρον
1331 4038 1568 4111 ἡλικίας,
1603 4038 1695 4093 τοῦ
1722 4039 2024 4111 πληρώμα-

448 4140 537 4186 τος
556 4124 649 4179 τοῦ
680 4126 937 4196 Χριστοῦ.
974 4128 1320 4183 Ἀκούσονται
1363 4131 1417 4185 δὲ
1463 4133 1511 4185 οἱ
1550 4131 1743 4185 τοιοίδε
1769 4132 1904 4186 Θεοῦ
1938 4132 2025 4185 λέ-

447 4232 635 4283 γοντος
655 4218 741 4271 διὰ
768 4221 950 4291 φωνῆς
980 4222 1165 4290 ἁγίου·
1186 4223 1315 4277 Ἰδοὺ
1347 4225 1397 4276 oi
1426 4223 1769 4289 δουλεύοντές
1800 4242 1890 4296 μοι
1917 4226 2021 4295 φά-

448 4323 654 4374 γονται,
686 4310 843 4381 ὑμεῖς
870 4311 926 4365 δέ
957 4314 1263 4368 πεινάσετε.
1304 4315 1434 4369 Ἰδοὺ
1462 4318 1511 4368 οἱ
1555 4315 1897 4380 δουλεύοντές
1929 4333 2018 4386 μοι

450 4398 660 4454 πίονται
686 4440 700 4465 ,
756 4404 915 4473 ὑμεῖς
956 4405 1013 4458 δὲ
1054 4405 1329 4476 διψήσετε.
1388 4407 1870 4479 Ἀμφιλαφεστάτη
1904 4409 2015 4480 γὰρ

449 4492 566 4546 λίαν
610 4494 643 4565 ἡ
683 4495 885 4560 παντὸς
932 4497 1135 4566 ἀγαθοῦ
1183 4498 1397 4570 μέθεξις
1426 4501 1577 4571 παρά
1624 4501 1759 4555 Θεοῦ
1806 4505 1919 4564 τοῖς
1953 4502 2022 4554 τὰ

2120 3310 2309 3366 volunt
2336 3324 2457 3366 esse
2497 3318 2864 3374 contumaces,
2902 3318 2957 3362 et
2980 3316 3167 3362 contra
3204 3307 3369 3362 Deum
3406 3306 3692 3376 superbam

2121 3403 2387 3458 cervicem
2427 3401 2637 3465 tollunt,
2673 3411 2781 3455 tum
2814 3399 3174 3469 spiritualium
3218 3398 3481 3452 bonorum
3515 3395 3694 3465 inopia

2126 3493 2287 3565 129
2315 3493 2721 3557 contabescent,
2756 3502 2866 3545 tum
2915 3491 3136 3545 omnino
3181 3488 3311 3543 ﬁent
3357 3486 3691 3559 paucissimi,

2122 3597 2176 3642 et
2211 3587 2470 3657 quidquid
2501 3600 2596 3642 eos
2622 3590 2762 3652 bona
2793 3584 2990 3639 mentis
3027 3580 3501 3651 intelligentia‘que
3536 3578 3693 3633 babi-

2125 3679 2309 3734 tudine
2335 3679 2621 3740 enutriret,
2654 3687 2708 3732 et
2739 3679 2805 3731 ad
2837 3677 3010 3731 virum
3033 3675 3329 3746 perfectum
3356 3685 3696 3727 mensuram-

2122 3783 2229 3839 que
2264 3768 2440 3823 aetatis
2470 3768 2823 3839 plenitudinis
2848 3766 3048 3821 Christi
3074 3764 3248 3819 solide
3273 3762 3610 3832 perduceret,
3630 3774 3696 3815 eo

2122 3862 2267 3916 omni
2308 3875 2497 3915 carere
2544 3850 3035 3930 deprchendemur.
3077 3855 3204 3912 Tale
3236 3854 3489 3924 quiddam
3527 3852 3691 3906 etiam

2124 3954 2344 4009 audient
2369 3953 2536 4007 Deum
2565 3967 2698 4007 voce
2720 3951 2893 4007 sancti
2933 3951 3274 4020 loquentem:
3306 3946 3443 4001 Ecce
3465 3945 3553 4013 qui
3582 3957 3714 3998 ser-

2125 4046 2277 4098 viunt
2332 4043 2484 4106 mihi,
2527 4043 2971 4098 manducabunt:
3036 4055 3131 4095 vos
3181 4046 3362 4093 autem
3414 4034 3687 4091 esurietis.

2128 4135 2265 4191 Ecce
2292 4135 2382 4203 qui
2418 4134 2661 4190 serviunt
2697 4132 2852 4196 mibi,
2891 4131 3111 4187 bibent:
3140 4144 3234 4184 vos
3267 4137 3447 4182 autem
3475 4124 3695 4183 sitietis.

2126 4225 2338 4280 Etenim
2389 4223 2600 4279 abunde
2626 4221 3005 4290 cumulateque
3033 4219 3411 4290 suppeditatur
3454 4216 3697 4272 omnium

2126 4321 2388 4375 bonorum
2419 4314 2764 4387 participatio
2805 4328 2835 4366 a
2868 4313 2977 4367 Deo
3031 4312 3135 4377 his,
3166 4311 3258 4380 qui
3299 4310 3385 4364 illa
3421 4324 3541 4379 qua:
3581 4307 3700 4376 ejus

2127 4422 2251 4466 sunt
2289 4409 2523 4477 sapiunt,
2554 4420 2693 4475 quos
2735 4403 2933 4459 affatus
2974 4414 3059 4459 est
3088 4406 3250 4459 etiam
3282 4403 3395 4471 ipse
3425 4420 3439 4456 :
3477 4419 3495 4452 ι
3522 4398 3699 4464 Edite,

2127 4498 2322 4569 inquit,
2351 4507 2406 4551 et
2432 4496 2622 4561 bibite,
2662 4502 2718 4549 et
2746 4493 3173 4565 ingurgitamini,
3200 4507 3234 4547 o
3258 4491 3486 4561 proximi
3510 4488 3583 4544 "1
3618 4506 3637 4540 ι

450 4582 612 4637 αὐτοῦ
647 4588 864 4656 φρονεῖν
926 4588 1242 4656 ἐγνωκόσιν,
1276 4585 1357 4653 οἷς
1424 4591 1517 4643 καὶ
1556 4590 1719 4655 αὐτὸς
1758 4590 2197 4663 προσπεφώνηκε
2246 4586 2458 4657 λέγων·
2497 4606 2517 4640 ι
2573 4585 2805 4655 Φάγετε,
2850 4586 2944 4639 καὶ
2986 4585 3161 4650 πίετε,
3205 4584 3303 4638 καῖ⁹
3358 4581 3713 4654 μεθύσκητει

450 4680 499 4731 οἱ
526 4679 750 4749 πλησίον
781 4697 907 4751 μου.
946 4700 966 4732 ›

520 4771 825 4826 Καὶέσται
858 4773 929 4826 ἐν
954 4772 1029 4842 τῇ
1068 4775 1260 4844 ἡμέρᾳ
1285 4774 1510 4843 ἐκείνῃ,
1547 4776 1667 4842 πᾶς
1712 4777 1914 4842 τόπος,
1951 4770 2021 4831 οὗ

2204 4774 2367 4829 Vens.
2398 4772 2489 4828 2'5.
2514 4772 2581 4827 Et
2602 4772 2699 4828 erit
2731 4771 2786 4826 in
2806 4772 2892 4826 die
2932 4771 3051 4839 illa,
3070 4771 3248 4828 omnia
3268 4771 3405 4840 loca,
3434 4774 3489 4829 in
3515 4775 3702 4847 quibus

449 4862 559 4916 ἐὰν
588 4857 698 4917 ὦσι
726 4864 913 4933 χίλιαι
949 4865 1205 4933 ἄμπελοι
1234 4867 1444 4935 χιλίων
1474 4868 1726 4931 σίκλων,
1776 4869 1862 4932 εἰς
1894 4865 2028 4936 χέρ·

2126 4874 2247 4922 sunt
2277 4864 2419 4918 mille
2475 4867 2598 4920 uites
2658 4864 2799 4919 mille
2874 4864 3147 4931 siclorum,
3202 4865 3433 4921 solitudo
3467 4879 3621 4923 erunt
3650 4880 3699 4923 et

451 4969 570 5007 σον
598 4954 846 5009 ἔσονται
883 4956 981 5011 καὶ
1012 4959 1099 5024 εὶς
1128 4957 1398 5012 ἄκανθαν
1420 4976 1435 4991 ·
1468 4958 1618 5028 μετὰ
1645 4958 1877 5023 βέλους
1927 4958 2021 5011 καί

2124 4963 2373 5029 spineta;
2418 4975 2536 5012 cum
2576 4958 2769 5026 sagitta
2807 4967 2855 5010 et
2909 4957 3133 5010 arcubus
3182 4958 3416 5013 veniatur
3463 4976 3544 5025 eo,
3576 4963 3709 5032 quia

453 5046 817 5117 τοξεύματος
876 5048 1233 5106 ἐλεύσονται
1301 5050 1450 5104 ἐκεῖο
1505 5049 1595 5102 ὅτι
1652 5051 1874 5119 χέρσος
1927 5048 2021 5102 καί

2123 5053 2352 5108 solitudo
2395 5064 2443 5107 et
2480 5051 2630 5120 spina
2679 5051 2775 5103 erit
2820 5050 2990 5104 omnis
3035 5059 3194 5103 terra.

454 5140 685 5196 ἄκανθα
710 5140 885 5196 ἔσται
914 5138 1081 5196 πᾶσα
1108 5144 1146 5210 ὴ
1169 5141 1267 5211 τῆ.

530 5234 728 5304 Ἔργον
773 5232 841 5287 ἂν
887 5234 972 5304 εῖη
1015 5234 1176 5286 τοῦτο
1209 5233 1298 5287 τοῦ
1329 5234 1489 5304 ξυροῦ
1519 5233 1611 5288 τοῦ
1658 5233 1891 5305 μεγάλου
1933 5235 2028 5287 καὶ

461 5320 896 5396 μεμεθυσμένουζ
920 5327 1014 5379 καὶ
1030 5326 1308 5393 ἀπόδειξις
1334 5325 1569 5398 ἐναργὴς
1595 5327 1695 5397 τῆς
1721 5325 1817 5379 τοῦ
1846 5326 2032 5390 ἔθνους

456 5414 815 5488 ὀλιγανδρίας.
847 5416 1195 5488 Δεδαπάνηκε
1234 5417 1343 5487 γὰρ
1370 5416 1543 5481 οὔτως
1571 5418 1600 5469 ὁ
1637 5416 1872 5487 πόλεμος
1902 5416 2031 5481 τοὺς

460 5507 844 5571 κατοικοῦντας
871 5507 971 5580 τὴν
1010 5508 1293 5574 Ἰουδαίαν,
1322 5509 1398 5573 ὡς
1432 5508 1847 5580 περιλειφθῆναι
1878 5508 2031 5580 μόλις

458 5598 674 5669 ἀριθμῷ
710 5598 929 5671 βραχεῖς
958 5600 1086 5665 τοὺς
1111 5602 1169 5654 ἐν
1195 5601 1355 5673 αὐτῇ.
1397 5600 1666 5674 Ταύτῃτοι
1694 5601 1790 5656 καὶ
1819 5600 2031 5672 ἀμελη-

460 5688 719 5760 θήσεσθαί
751 5707 907 5761 φησι,
947 5693 1041 5747 καὶ
1065 5694 1145 5757 εἰς
1183 5691 1375 5765 χέρσον
1406 5692 1626 5748 ἔσεσθαι
1650 5694 1739 5748 καὶ
1766 5694 1847 5758 είς
1870 5693 2035 5749 ἄκαν-

540 5845 583 5877 ³⁹
606 5843 761 5900 Cant.
788 5860 840 5913 v,
867 5847 918 5902 1.

2196 5228 2430 5283 Etl‘ectus
2461 5226 2551 5282 hic
2580 5234 2663 5281 est
2691 5223 2963 5279 novaculae
2994 5236 3203 5295 magna:
3230 5231 3289 5277 et
3325 5222 3622 5285 inebriatae,
3648 5232 3707 5275 et

2132 5320 2420 5391 paucitatis
2466 5318 2709 5372 virorum
2757 5316 2811 5370 in
2846 5314 2947 5370 hac
3008 5323 3171 5382 gente
3220 5322 3407 5383 aperta
3442 5314 3701 5367 demons-

2135 5411 2316 5466 tratio.
2368 5411 2461 5465 Sic
2505 5409 2647 5464 enim
2684 5407 2893 5463 attrivit
2940 5405 3136 5461 bellum
3166 5402 3363 5460 Iudaeae
3399 5403 3623 5471 incolas,
3646 5414 3705 5458 ut

2131 5506 2224 5561 vix
2273 5504 2325 5559 in
2374 5519 2435 5559 ea
2483 5516 2709 5557 numero
2744 5498 2899 5570 pauci
2936 5497 3255 5569 superstites
3296 5496 3517 5552 fuerint.
3569 5497 3705 5551 Hinc:

2133 5597 2435 5667 neglectum
2505 5595 2571 5650 iri
2629 5604 2684 5648 et
2747 5590 3091 5648 solitudinem
3139 5589 3255 5647 fore
3295 5597 3350 5645 et
3395 5580 3721 5658 spinetum,‘

2135 5688 2514 5760 possessiones
2583 5685 2822 5756 ipsorum
2871 5681 3263 5753 pulcherrimas
3306 5688 3361 5737 et
3385 5679 3707 5737 lectissimas
