4152 6366
440 396 545 450 215

1438 402 1496 457 S.
1538 402 1808 459 CYRlLLi
1846 404 2319 467 ALEXANDRINI
2354 412 2676 468 ARCHIEP.

3590 413 3702 469 2m

443 514 539 579 ait,
577 512 833 569 nimirum
887 531 1011 571 cum
1051 518 1179 572 nulli
1234 519 1343 573 sint
1406 521 1497 590 qui
1557 531 1759 577 norunt
1822 532 2019 578 terram

2126 527 2225 582 θαν
2251 531 2319 585 τὰ
2344 532 2608 586 κάλλιστα
2636 534 2766 603 παρ’
2805 533 2986 596 αὐτοῖς
3017 532 3113 586 καὶ
3146 532 3402 602 ἐξαίρετα
3424 531 3535 585 τῶν
3565 550 3699 604 κτη-

442 604 644 661 colere.
694 604 754 661 Si
809 608 975 673 enim,
1026 610 1222 680 inquit,
1254 613 1306 665 in
1355 627 1463 666 uno
1502 612 1624 669 loco
1669 614 1814 670 mille
1884 616 2023 671 vites

446 695 593 750 mille
638 697 897 753 siclorum
930 700 1061 766 sint,
1094 710 1152 757 ut
1174 703 1397 770 singulae
1427 704 1563 760 vites
1599 706 1843 775 singulos
1863 708 2023 763 siclos

445 788 679 856 valeant,
712 791 1084 849 aestimationis
1105 793 1219 849 haec
1245 810 1499 851 mensura
1542 808 1786 854 vertetur
1817 800 1870 854 in
1896 801 2025 855 soli-

448 878 685 935 tudinem
737 889 792 937 et
834 882 889 937 in
945 885 1146 953 spinas,
1180 896 1238 942 ut
1275 888 1323 943 si
1365 890 1488 959 quis
1546 891 1678 945 velit
1746 892 2021 963 regionem

450 970 723 1036 invadere,
754 982 808 1028 et
845 974 1180 1043 ingrediatur
1203 980 1400 1045 solum,
1421 983 1524 1038 hoc
1554 999 1657 1040 non
1693 988 1861 1056 possit
1890 988 2018 1043 abs-

449 1077 555 1131 que
602 1064 795 1132 sagitta
833 1076 886 1121 et
945 1082 1072 1124 arcu
1124 1070 1355 1127 ellicere.
1398 1073 1581 1145 Spinae
1636 1078 1850 1146 quidem
1917 1096 2021 1135 non

448 1169 630 1222 arcus,
675 1171 778 1211 non
812 1159 1040 1229 sagittas
1079 1163 1411 1233 desiderant,
1438 1176 1495 1222 at
1533 1171 1720 1226 statim
1767 1169 1882 1240 ejus
1929 1174 2022 1243 qui

451 1247 579 1301 velit
622 1248 960 1307 inambulare
1003 1255 1166 1322 pedes
1216 1258 1467 1315 sauciare
1520 1271 1798 1330 poterunt.
1847 1263 2023 1321 Causa

449 1340 613 1408 igitur
652 1342 896 1413 ratioque
932 1343 1170 1402 eliiciens
1216 1351 1456 1405 omnium
1536 1353 1802 1410 malorum
1868 1357 2024 1413 nobis

447 1427 572 1493 erit,
610 1441 672 1482 ea
721 1443 842 1498 qua:
875 1430 957 1486 fas
986 1448 1092 1489 non
1117 1443 1200 1491 est
1229 1437 1365 1492 velle
1402 1438 1707 1511 designare.
1756 1446 2024 1507 Destitue-

451 1533 571 1571 mur
613 1520 758 1575 enim
804 1523 1203 1591 quodammodo
1254 1527 1398 1597 Deo,
1440 1533 1485 1587 si
1516 1534 1664 1590 illum
1694 1552 1801 1593 non
1838 1554 2025 1598 verea-

451 1625 572 1664 mur
632 1611 926 1669 oﬁ‘endere.
987 1615 1044 1671 Si
1095 1619 1239 1674 enim
1300 1634 1620 1691 prastamus
1673 1639 1729 1685 et
1761 1646 1882 1701 qua:
1947 1635 2023 1690 illi

448 1714 599 1768 grata
654 1712 711 1758 et
748 1705 920 1761 amica
955 1718 1310 1780 sunt,sapere
1340 1715 1604 1785 volumus,
1622 1736 1723 1777 nec
1762 1725 2025 1797 tergiver-

449 1809 654 1861 samur,
674 1796 890 1854 virtutis
913 1797 1119 1858 fructus
1150 1805 1509 1875 proferemus,
1531 1827 1738 1884 nosque
1759 1796 1867 1873 sua,
1891 1836 2021 1875 cura

450 1886 778 1952 dignabitur.
803 1891 1099 1951 Audiemus
1116 1897 1381 1967 siquidem
1411 1902 1680 1960 dicentem
1710 1908 1981 1967 Christum
2005 1932 2018 1968 :

454 1996 471 2025 ι
499 1976 612 2046 Ego
633 1994 751 2035 sum
783 1982 911 2038 vitis
935 1999 1083 2051 vera,
1102 1996 1157 2043 et
1183 1988 1345 2045 Pater
1362 2008 1513 2049 meus
1545 1998 1779 2067 agricola
1797 2012 1899 2058 est.
1930 2004 1973 2036 ιι
2000 2024 2019 2059 ι

447 2068 636 2126 Omnis
700 2074 905 2142 palmes
944 2078 998 2132 in
1060 2094 1146 2136 me
1198 2097 1303 2139 non
1350 2084 1532 2143 ferens
1587 2089 1847 2159 fructum,
1888 2096 2028 2154 tollit

446 2177 599 2217 eum:
624 2164 783 2236 130
796 2176 850 2220 et
878 2170 1055 2225 omnis
1076 2172 1283 2242 palmes
1299 2175 1478 2233 ferens
1501 2178 1756 2251 fructum,
1774 2190 2025 2257 purgabit

450 2254 647 2321 ipsum,
703 2269 761 2311 ut
810 2258 1045 2317 fructum
1111 2267 1466 2337 copiosiorem
1516 2270 1678 2330 ferat.
1718 2254 1916 2334 verum
1972 2283 2024 2337 si

445 2344 706 2404 effrenate
740 2350 794 2406 in
833 2352 1165 2424 impietatem
1205 2375 1415 2419 morum
1452 2366 1841 2437 provolvimur,
1868 2373 2022 2443 spina

444 2438 543 2494 sub
568 2440 919 2514 intelligentia
961 2449 1187 2505 cadente
1241 2455 1532 2523 replemur,
1568 2462 1718 2516 omni
1759 2438 2021 2522 vitiorum

444 2546 642 2599 genere
684 2533 736 2589 in
792 2537 949 2593 nobis
1025 2540 1402 2603 invalescente.
1434 2548 1584 2607 Finis
1630 2569 1762 2610 vero
1828 2559 2016 2627 spinae,

446 2623 618 2692 ignis;
647 2636 702 2681 et
732 2626 1026 2687 fomentum
1061 2633 1200 2704 ignis
1240 2648 1346 2703 est,
1387 2651 1482 2696 aut
1506 2647 1732 2701 materia
1793 2623 2021 2707 inutilis.

446 2712 558 2769 Hoc
587 2716 750 2771 etiam
775 2717 966 2775 beatus
987 2720 1193 2781 Paulus
1233 2729 1387 2785 nobis
1412 2730 1626 2800 planum
1683 2736 1865 2804 faciet,
1898 2756 2021 2796 cum

447 2806 861 2901 inquit:_Terra
897 2814 1043 2868 enim
1089 2832 1210 2887 quae
1240 2823 1544 2880 venientem
1608 2828 1661 2883 in
1695 2845 1755 2886 se
1786 2832 2019 2901 pluviam

444 2891 725 2960 combibit,
758 2904 814 2949 et
842 2896 1064 2953 herbam
1093 2902 1235 2971 parit
1261 2910 1721 2966 accommodatam
1747 2891 1831 2970 his
1860 2932 2023 2986 prep-

447 2992 531 3037 ter
582 2997 718 3053 quos
763 2987 986 3057 colitur,
1006 3005 1070 3047 ea
1132 2993 1561 3056 benedictionem
1612 3017 1644 3057 ιι
1684 3002 1796 3061 Deo
1853 3010 2021 3078 parti-

447 3074 614 3141 cipat.
637 3072 683 3105 “
716 3078 789 3131 At
820 3093 940 3147 qua:
971 3082 1181 3152 profert
1207 3088 1394 3157 spinas
1430 3101 1484 3147 et
1502 3093 1754 3162 tribulos,
1778 3072 2020 3169 improba

452 3177 536 3220 est
566 3175 620 3222 et
648 3171 1021 3229 maledictioni
1056 3174 1251 3245 aliinis,
1271 3182 1423 3250 cujus
1452 3184 1577 3242 linis
1598 3190 1924 3247 combustio.

522 3349 684 3403 Vens.
710 3349 802 3405 25.
840 3350 908 3406 Et
948 3356 1116 3410 omnis
1160 3373 1309 3413 mons
1334 3364 1537 3417 arando
1564 3368 1825 3437 arabitur,
1855 3381 1903 3424 et
1920 3389 2023 3427 non

446 3441 608 3494 veniet
629 3458 688 3497 eo
714 3451 902 3497 terror.
924 3443 1042 3498 Erit
1083 3450 1220 3503 enim
1240 3466 1305 3505 ex
1336 3452 1618 3511 solitudine
1639 3471 1691 3512 et
1727 3474 1928 3530 veprem
1965 3465 2023 3518 in

446 3549 642 3599 pascua
688 3536 882 3603 ovium,
917 3546 964 3591 et
1017 3539 1072 3593 in
1109 3542 1552 3601 conculcationem
1586 3550 1746 3605 bovis.

523 3722 729 3781 Paucos
768 3725 909 3782 forte
944 3730 1266 3800 superstites
1313 3733 1365 3786 in
1417 3732 1599 3790 Judaea
1670 3739 1823 3809 dicit,
1852 3752 1909 3796 et
1958 3758 2024 3798 eo

452 3809 758 3866 timiditatis
783 3820 835 3866 et
866 3812 1093 3882 ignaviae
1136 3828 1414 3884 venturos,
1451 3829 1510 3872 ut
1553 3835 1664 3889 prie
1716 3824 1923 3895 ingenti
1968 3838 2023 3883 et

453 3901 753 3957 incredibili
775 3903 990 3971 timore,
1035 3906 1087 3961 in
1122 3909 1394 3964 montibus
1447 3916 1835 3971 commoraturi
1889 3920 2025 3986 sint,

450 4003 505 4047 et
546 3992 614 4047 ab
668 3994 890 4050 urbibus
954 3997 1485 4071 babitatiouibusque
1542 4004 2025 4069 desideratissimis

450 4084 827 4154 semigraturi,
848 4093 905 4143 et
947 4087 1252 4146 festinaturi
1285 4093 1339 4147 in
1369 4096 1639 4154 montibus
1659 4137 1676 4164 ,
1706 4099 2025 4173 insidiisque

451 4178 784 4235 delitescere.
820 4180 912 4236 Sic
964 4182 1106 4237 enim
1145 4183 1323 4242 facere
1373 4192 1653 4246 consuevit
1716 4202 1822 4249 tota
1878 4198 2024 4267 regio

450 4281 505 4325 ut
533 4270 744 4335 civitas,
767 4272 811 4328 si
841 4277 1056 4342 quando
1088 4276 1267 4346 aliqua
1320 4279 1389 4335 sit
1414 4280 1649 4337 hostium
1706 4284 2021 4347 ineursatio.

450 4363 753 4417 Accurrunt
778 4364 922 4420 enim
978 4368 1045 4422 ad
1080 4369 1254 4424 editos
1284 4380 1338 4426 et
1372 4372 1664 4443 impervius
1707 4388 1940 4448 montes,
1966 4392 2022 4437 et

451 4454 756 4513 difﬁcultate
810 4458 935 4526 loei,
970 4475 1067 4516 ceu
1100 4473 1375 4520 armatura
1398 4481 1456 4522 se
1476 4470 1744 4537 muniunt,
1779 4481 1835 4527 et
1877 4475 2023 4529 timi-

2128 624 2332 692 μάτων,
2370 626 2468 677 οὐκ
2490 625 2659 678 ὄντων
2687 625 2926 696 δηλονότι
2952 624 3061 677 τῶν
3088 627 3344 695 γηπονεῖν
3369 625 3608 679 εἰδότων.
3634 626 3699 679 Ei

2123 713 2234 784 γάρ
2286 710 2415 778 εἷεν,
2446 717 2630 784 φησιν,
2659 718 2716 769 ἐν
2747 717 2827 768 ἑνὶ
2855 715 3002 785 τόπῳ
3046 715 3211 784 χίλιαι
3250 715 3484 787 ἄμπελοι
3512 717 3699 786 χιλίων

2124 803 2344 870 σίκλων,
2396 805 2471 869 ὡς
2525 805 2681 871 ἀξίαν
2732 805 2972 875 ἄμπελον
3018 805 3255 876 ἑκάστην
3330 806 3514 860 σίκλου
3580 809 3700 871 ἐνὸς

2124 894 2456 966 (τιμήματος
2487 895 2544 948 δὲ
2572 893 2728 947 τοῦτο
2756 893 2998 967 μέτρον),
3031 895 3110 957 είς
3135 894 3329 965 χέρσον
3360 896 3577 951 ἔσεσθαι
3605 900 3700 951 καὶ

2123 989 2203 1051 είς
2256 987 2536 1041 ἄκανθανο
2579 986 2722 1041 ὥστε
2769 986 2871 1040 κᾶν
2909 987 2962 1039 εἴ
2999 1004 3084 1050 τις
3112 986 3352 1057 βούλοιτο
3393 987 3470 1059 τῷ
3518 988 3700 1059 χωρίῳ

2124 1079 2472 1150 προσϐαλεῖν,
2520 1081 2611 1133 καὶ
2659 1079 2934 1133 εἰσελάσαι
2993 1078 3177 1149 μόνον,
3227 1079 3301 1149 μὴ
3357 1080 3422 1133 ἀν
3487 1080 3700 1150 ἰσχύσαι

2122 1171 2279 1225 τοῦτο
2313 1171 2444 1243 δρᾷν
2475 1172 2597 1242 δίχα
2622 1171 2809 1242 βέλους
2836 1172 2928 1225 καὶ
2953 1170 3303 1241 τοξεύματος.
3353 1173 3699 1225 Ἀποδέουσαι

2123 1262 2232 1333 γὰρ
2266 1263 2416 1316 οὐδὲν
2444 1264 2500 1315 αἱ
2532 1262 2763 1316 ἄκανθαι
2806 1261 3152 1331 τοξευμάτων
3183 1263 3277 1314 καὶ
3311 1260 3499 1331 βελῶν,
3531 1279 3698 1315 καστα-

2122 1354 2388 1425 τρὼσειαν
2431 1353 2499 1408 ἂν
2534 1354 2698 1416 εὐθὺς
2739 1352 2834 1406 τοῦ
2879 1356 3204 1424 περιπατεῖν
3244 1353 3521 1418 ἐθέλοντος
3573 1354 3701 1417 τοὺς

2124 1445 2308 1509 πόδας.
2334 1445 2599 1516 Πρόξενον
2622 1442 2717 1500 οὖν
2739 1448 2846 1518 ἀρα
2882 1449 3083 1511 παντὸς
3108 1449 3237 1519 ἡμῖν
3265 1447 3416 1500 ἔσται
3442 1447 3615 1499 κακοῦ
3639 1448 3701 1498 τό

2126 1536 2408 1607 βούλεσθαι
2441 1537 2574 1609 δρᾷν
2616 1537 2652 1592 ἃ
2696 1539 2773 1609 μὴ
2828 1539 3005 1609 θέμις.
3059 1538 3562 1610 Καταχερσούμεθα
3593 1537 3703 1608 γᾴρ

2122 1632 2325 1702 τρόπον
2374 1632 2515 1698 τινὰ,
2564 1630 2684 1703 Θεῷ
2735 1633 3093 1704 προσκρούειν
3132 1633 3192 1686 οὗ
3252 1632 3699 1701 παραιτούμενοι.

2124 1726 2370 1794 Δρῶντες
2407 1725 2507 1795 μὲν
2530 1726 2660 1798 γὰρ,
2707 1726 2802 1779 καὶ
2845 1724 2950 1797 μὴν
2980 1726 3074 1779 καὶ
3115 1728 3331 1797 φρονεῖν
3360 1724 3633 1786 ἐθέλοντες
3666 1723 3707 1777 δι

2129 1816 2278 1887 αὑτῷ
2317 1816 2538 1887 θυμήρη
2587 1816 2682 1870 καὶ
2726 1817 2877 1885 φίλα,
2910 1817 3403 1886 καρποφορήσομεν
3437 1817 3535 1885 τὴν
3574 1816 3704 1883 ἀρε-ο

2128 1906 2250 1975 τὴν,
2284 1905 2383 1975 τῆς
2419 1906 2549 1975 παρ’
2573 1905 2736 1958 αὐτοῦ
2764 1905 3042 1976 φροντίδος
3071 1904 3402 1976 ἀξιούμενοι.
3443 1904 3702 1958 Ἀκουσό-

2129 1996 2270 2068 μεθα
2316 1996 2425 2067 γὰρ
2482 1996 2732 2065 λέγοντος
2793 1996 2887 2050 τοῦ
2936 1997 3204 2068 Χριστοῦ·
3255 2015 3275 2048 ι
3320 1996 3461 2065 Ἐγώ
3506 2000 3620 2066 είμι
3666 1999 3705 2067 ὴ

2125 2090 2366 2159 ἄμπελος
2413 2091 2445 2160 ἡ
2493 2089 2721 2161 ἀληθινὴ
2747 2130 2762 2153 ,
2813 2092 2908 2145 καὶ
2946 2091 2976 2143 ό
3014 2091 3204 2161 Πατήρ
3250 2107 3351 2161 μου
3388 2093 3417 2143 ό
3457 2090 3707 2161 γεωργός

2124 2187 2292 2238 ἐστιν.
2344 2184 2460 2236 Πᾶν
2507 2182 2693 2254 κλῆμα
2726 2186 2785 2237 ἐν
2817 2184 2940 2254 ἐμοὶ
2971 2183 3046 2256 μὴ
3077 2182 3262 2254 φέρον,
3295 2182 3527 2253 καρπὸν,
3555 2183 3701 2254 αἴρει

2124 2279 2256 2333 αὐτό
2282 2296 2294 2308 ·
2348 2277 2441 2330 καὶ
2488 2278 2597 2330 πᾶν
2645 2276 2829 2348 κλῆμα
2874 2276 2935 2328 τὸ
2976 2276 3188 2346 καρπον
3247 2275 3411 2347 φέρον
3451 2274 3705 2345 καθαίρει

2125 2372 2276 2433 αὐτὸ,
2310 2372 2397 2424 ἵνα
2417 2370 2630 2443 καρπὸν
2666 2368 2887 2422 πλείονα
2909 2368 3070 2439 φέρῃ.
3098 2386 3117 2418 ι
3165 2367 3611 2428 Ἀπονενευκότες
3644 2364 3703 2418 δὲ

2124 2464 2397 2534 ἀχαλίνως
2442 2466 2521 2525 εἰς
2549 2462 2872 2531 ἀνοσιότητα
2901 2460 3143 2531 τρόπων,
3176 2458 3417 2529 ἀκάνθης
3448 2458 3547 2529 τῆς
3575 2475 3702 2527 νοη-

2122 2556 2223 2626 τῆς
2249 2554 2625 2626 πληροῦμεθα,
2655 2552 2857 2615 παντὸς
2893 2551 3067 2614 εἴδους
3090 2549 3428 2620 φαυλότητος
3457 2550 3705 2619 ἀνίσχον-

2122 2666 2212 2712 τος
2256 2650 2311 2700 ὲν
2352 2649 2500 2717 ἡμῖν.
2534 2646 2697 2709 Τέλος
2732 2645 2790 2698 δὲ
2820 2643 3087 2715 ἀκάνθης,
3133 2642 3194 2696 τὸ
3222 2641 3335 2713 πῦρ
3355 2658 3370 2673 ο
3400 2642 3495 2696 καὶ
3526 2642 3702 2712 τροφὴ

2123 2740 2316 2811 πυρὸς,
2343 2739 2375 2810 ἣ
2405 2739 2677 2811 ἄχρηστος
2702 2736 2821 2807 ῦλη.
2868 2738 2976 2789 Καὶ
3007 2735 3165 2789 τοῦτο
3204 2735 3336 2806 ἡμῖν
3368 2736 3396 2788 ὀ
3432 2734 3703 2805 μακάριος

2123 2831 2334 2892 Παῦλος
2355 2831 2578 2899 ἐναργὲς
2600 2830 2930 2900 καταστήσει
2954 2827 3154 2897 λέγων’
3177 2846 3194 2878 t
3219 2827 3292 2897 Γῆ
3317 2826 3425 2897 γὰρ
3446 2828 3478 2896 ἡ
3508 2824 3703 2879 πιοῦσα

2120 2923 2211 2976 τὸν
2275 2922 2362 2974 ἐπ’
2433 2920 2606 2990 αὐτῆς
2675 2918 2936 2981 πολλάκις
2998 2918 3291 2989 ἐρχόμενον
3354 2914 3543 2982 ὑετὸν,
3608 2914 3704 2967 καὶ

2120 3015 2381 3068 τίκτουσα
2444 3011 2679 3083 βοτάνην
2732 3011 2950 3065 εὔθετον
3008 3011 3277 3076 ἐκείνοις,
3325 3009 3394 3063 δι’
3460 3009 3555 3072 οὒς
3608 3007 3706 3062 καὶ

2120 3106 2447 3176 γεωργεῖται
2469 3145 2485 3169 ,
2529 3101 2936 3173 μεταλαμϐάνει
2969 3101 3220 3169 εὐλογίας
3254 3100 3363 3153 ἀπὸ
3399 3099 3494 3153 τοῦ
3526 3093 3703 3153 Θεοῦ⁶

2047 3211 2089 3270 ε
2125 3196 2434 3267 ἐκφέρουσα
2489 3192 2548 3247 δὲ
2618 3192 2862 3255 ἀκάνθας
2909 3192 3004 3245 κα).
3058 3190 3381 3263 τριϐόλους,
3447 3189 3704 3262 ἀδόκιμος

2124 3292 2218 3346 καὶ
2239 3289 2483 3359 κατάρας
2505 3288 2697 3356 ἐγγὺς,
2727 3281 2795 3360 ἧς
2818 3285 2880 3339 τὸ
2911 3286 3063 3349 τέλος
3087 3286 3168 3350 είς
3201 3283 3423 3338 καῦσιν.
3450 3303 3470 3335 ι

2190 3382 2301 3438 Καὶ
2370 3379 2494 3436 πᾶν
2541 3379 2679 3448 ὅρος
2721 3378 3156 3448 ἀροτριώμενον
3191 3375 3701 3447 ἁροτριαθήσεται.

2123 3476 2220 3531 καὶ
2249 3477 2320 3530 οὐ
2349 3473 2435 3545 μὴ
2488 3473 2712 3541 ἐπέλθῃ
2761 3472 2889 3526 ἐκεῖ
2935 3473 3141 3541 φόϐος.
3183 3472 3399 3525 Ἔσται
3434 3470 3543 3539 γὰρ
3585 3468 3709 3522 ἀπὸ

2125 3570 2238 3637 τῆς
2267 3568 2492 3638 χέρσου
2522 3566 2620 3620 καὶ
2646 3564 2920 3632 ἀκάνθης
2947 3567 3037 3631 είς
3054 3563 3346 3634 ,ϐόσκημα
3372 3564 3702 3632 προϐάτων,

2124 3661 2224 3716 καὶ
2252 3664 2341 3728 εἰς
2374 3659 2770 3728 statuminum
2791 3658 2967 3723 βοός.

2206 3754 2448 3823 Ὀλίγους
2487 3752 2587 3825 μὲν
2632 3750 2851 3805 ἔσεσθαι
2878 3751 3005 3813 τοὺς
3042 3748 3492 3821 περιλειφθέντας
3535 3749 3594 3801 ἐν
3636 3748 3702 3818 τῇ

2136 3845 2365 3916 Ἰουδαίᾳ
2403 3845 2587 3916 φησιν,
2618 3843 2771 3915 ἥξειν
2808 3859 2868 3896 τε
2910 3844 2994 3905 είς
3032 3840 3191 3896 τοῦτο
3235 3840 3439 3904 δειλίας
3485 3841 3705 3903 αὐτοὺς,

2125 3933 2220 3987 καὶ
2256 3933 2441 4003 μέντοι
2464 3932 2560 3985 καὶ
2581 3931 2964 4002 κακανδρείας,
2984 3931 3067 3994 -ὠς
3099 3929 3209 3983 ὑπὸ
3232 3947 3294 3999 γε
3317 3929 3493 3983 δεινοῦ
3518 3948 3576 3983 τε
3613 3931 3707 3983 καὶ

2125 4023 2404 4094 ἀφορήτου
2432 4022 2712 4093 δείματος,
2741 4022 2840 4086 τὰς
2867 4024 2922 4076 ὲν
2948 4022 3063 4093 όρει
3094 4021 3364 4075 ποιεῖσθαι
3396 4020 3706 4095 διατριϐὰς,

2124 4115 2219 4166 καὶ
2247 4113 2455 4168 πόλεων
2487 4114 2590 4185 μὲν
2624 4114 2947 4186 ἀποφοιτᾷν,
2990 4114 3084 4168 καὶ
3110 4114 3222 4167 τῶν
3251 4114 3420 4167 πάλαι
3445 4113 3705 4185 τριποθή-

2122 4223 2231 4259 των
2269 4207 2454 4271 αὐτοῖς
2513 4207 2967 4279 ἐνδιαιτημάτων,
2999 4206 3315 4276 ἐπείγεσθαι
3342 4207 3399 4260 δὲ
3424 4207 3706 4261 λανθάνειν

2124 4298 2183 4351 ὲν
2214 4298 2369 4361 ὕλαις
2408 4316 2467 4353 τε
2502 4302 2597 4354 καὶ
2628 4301 2876 4370 λόχμαις.
2914 4299 3074 4363 Ἕθος
3109 4301 3219 4372 γὰρ
3244 4299 3403 4354 τοῦτο
3435 4301 3567 4373 δρᾷν
3593 4304 3705 4363 τοῖς

2124 4391 2227 4445 ἀνά
2252 4394 2431 4446 πᾶσαν
2458 4392 2556 4463 τὴν
2586 4392 2770 4465 χώραν
2792 4410 2850 4446 τε
2882 4393 2977 4448 καὶ
3000 4393 3174 4458 πόλιν,
3204 4396 3252 4447 εἰ
3274 4395 3337 4467 δή
3371 4412 3455 4459 τις
3486 4396 3708 4463 γένοιτο

2124 4482 2397 4553 πολεμίων
2438 4482 2654 4554 ἐκϐολή.
2707 4483 3049 4548 Ἀναθέοντες
3090 4484 3198 4556 γὰρ
3250 4486 3330 4547 εἰς
3380 4485 3561 4555 ὑψηλὰ
3608 4484 3703 4537 καὶ

450 4547 632 4603 ditatis
660 4549 1011 4619 pharmacum
1062 4570 1125 4610 ac
1172 4556 1464 4612 remedium
1534 4571 1641 4629 est,
1698 4564 1752 4619 in
1812 4564 2022 4621 ﬁssuris

2127 4573 2367 4627 δύσϐατα
2399 4574 2506 4627 τῶν
2532 4576 2693 4647 ὀρῶν,
2746 4576 2910 4629 ὅπλον
2936 4576 3217 4631 ποιοῦνται
3246 4578 3344 4649 τὴν
3372 4579 3701 4649 δυσχωρίαν,

448 4654 569 4694 esse
617 4651 915 4711 petrarum.
949 4644 1202 4710 Quinimo
1248 4648 1350 4704 hoc
1396 4650 1560 4706 etiam
1593 4652 1854 4712 Servator
1907 4659 2022 4729 ipse

447 4730 583 4784 dixit
627 4733 821 4801 populo
867 4732 1121 4791 Iudaico:
1164 4758 1183 4788 ι
1204 4736 1341 4792 Tum
1373 4758 1395 4791 ι
1428 4742 1597 4807 enim,
1628 4745 1830 4814 inquit,
1880 4768 1899 4801 ι
1929 4752 2019 4819 qui

449 4820 500 4873 in
546 4820 732 4879 Judtea
806 4835 953 4892 sunt,
1005 4826 1212 4899 fugiant
1266 4831 1336 4885 ad
1400 4845 1631 4891 montes.
1657 4837 1703 4869 ⁸³
1735 4857 1771 4903 ι,
1814 4840 2022 4911 Itaque,

448 4913 640 4982 inquit,
698 4916 1063 4986 pulcherrima
1105 4922 1302 4991 praedia
1366 4924 1422 4979 in
1463 4927 1803 4986 solitudinem
1838 4942 1896 4989 et
1970 4936 2023 4990 in

448 5015 663 5070 vepreta
713 5007 1063 5063 mutabuntur
1092 5029 1106 5065 :
1135 5027 1257 5067 cum
1286 5014 1525 5073 derelieti
1556 5020 1828 5088 timerent,
1857 5027 2023 5082 etiam

447 5094 499 5148 iu
517 5094 642 5162 illis,
661 5106 717 5152 et
740 5099 950 5167 spineta
975 5101 1147 5157 solum
1172 5105 1334 5160 etiam
1360 5109 1541 5165 subire
1592 5126 1698 5168 non
1737 5117 2022 5184 permitte-

449 5197 662 5243 rentur:
695 5190 791 5244 sed
832 5190 899 5246 ad
934 5203 1149 5250 montes
1188 5198 1368 5264 potius
1429 5202 1808 5274 confugerent,
1840 5209 2022 5277 ibique

446 5279 782 5349 suspirantes
812 5285 1030 5342 rusticis
1059 5287 1334 5347 laboribus
1381 5308 1598 5350 manum
1641 5298 2016 5357 admoverent.

446 5372 700 5427 Arabilur
753 5375 899 5430 enim
931 5381 1107 5434 omnis
1147 5398 1303 5439 mons
1330 5393 1390 5438 et
1417 5387 1592 5443 omnis
1640 5390 1817 5456 collis,
1846 5394 2020 5451 abhis

445 5464 537 5529 qui
575 5464 642 5519 ad
676 5478 770 5521 eos
842 5468 1180 5542 confugiunt,
1216 5475 1496 5544 cupientes
1581 5482 1855 5552 colligere,
1911 5502 2020 5542 non

445 5570 566 5621 qua:
610 5555 676 5609 ad
723 5571 852 5625 opes
894 5570 988 5615 aut
1036 5562 1338 5635 voluptates
1376 5576 1657 5637 spectant,
1707 5574 1804 5628 sed
1845 5589 2021 5644 quan-

448 5659 556 5702 tum
585 5648 653 5703 ad
697 5654 1059 5710 necessarium
1104 5673 1259 5713 usum
1304 5662 1547 5732 corporis
1598 5667 1923 5736 suppeditat,
1964 5679 2021 5724 et

516 5810 560 5841 δι
586 5807 741 5867 Joan.
767 5827 857 5878 xv,
886 5812 937 5865 l.
1018 5814 1060 5845 θ’
1086 5814 1251 5871 llebr.
1276 5832 1351 5882 vr,
1376 5818 1429 5871 7.
1507 5818 1552 5852 ’⁵³
1576 5819 1769 5877 Matth.
1794 5837 1943 5890 xmv,
1972 5824 2066 5880 16..

2130 4664 2223 4718 καὶ
2251 4664 2452 4728 δειλίας
2492 4665 2780 4737 φάρμακον
2813 4668 2873 4720 τὸ
2899 4670 2957 4720 ὲν
2987 4671 3246 4739 σχημαῖς
3290 4666 3428 4722 εἶναι
3462 4670 3703 4740 πετρῶν.

2129 4757 2298 4811 Τοῦτό
2328 4776 2410 4811 τοι
2440 4760 2533 4812 καὶ
2566 4760 2724 4823 αὐτὸς
2763 4764 2792 4814 ό
2821 4761 3011 4833 Σωτὴρ
3045 4764 3159 4826 τοῖς
3201 4762 3466 4815 Ἰουδαίων
3495 4762 3700 4830 ἔφασκε

2129 4849 2354 4919 δήμοιςο
2398 4869 2416 4900 ι
2452 4850 2583 4903 Τότε
2619 4869 2639 4902 ι
2671 4854 2813 4921 γάρ,
2867 4854 3053 4922 φησὶν,
3106 4872 3125 4904 ‹
3156 4853 3207 4906 οί
3245 4854 3303 4905 ὲν
3332 4855 3398 4923 τῇ
3446 4852 3705 4922 Ἰουδαία,

2132 4941 2481 5009 φευγέτωσαν
2510 4943 2589 5005 εἰς
2612 4942 2680 4995 τὰ
2706 4942 2829 5014 ὅρη.
2867 4963 2885 4994 ι
2921 4942 3132 4997 Οὐκοῦν
3172 4944 3242 4997 τὰ
3291 4943 3390 5014 μὲν
3437 4944 3701 4997 κάλλιστα

2127 5034 2235 5086 τῶν
2263 5034 2496 5105 χωρίων,
2525 5036 2604 5097 εἰς
2632 5034 2826 5105 χέρσον
2854 5034 3088 5101 ἔσονται,
3115 5037 3270 5107 φησὶ,
3294 5038 3388 5089 καὶ
3424 5038 3507 5099 είς
3536 5036 3703 5090 ἄκαν-

2129 5125 2248 5190 θαν,
2277 5126 2525 5179 δεδιότων
2566 5126 2672 5179 τῶν
2713 5126 3169 5197 περιλειφθέντων
3224 5129 3325 5182 κᾶν
3356 5129 3487 5195 γοῦν
3516 5132 3574 5181 ἐν
3607 5130 3704 5182 αὐ-

2126 5217 2237 5279 τοῖς
2280 5217 2555 5270 εἰσελάσαι
2592 5217 2772 5287 μόνον,
2815 5219 2847 5289 ἢ
2898 5220 2991 5273 καὶ
3042 5220 3145 5273 ὑπὸ
3192 5221 3291 5292 τῆς
3344 5220 3591 5291 ἀκάνθης
3639 5221 3701 5273 οῦ

2130 5310 2621 5381 συγχωρουμένων·
2677 5312 3046 5381 ἀναφυγόντες
3098 5314 3156 5366 δὲ
3211 5314 3413 5383 μᾶλλον
3476 5316 3533 5366 ὲν
3588 5315 3702 5376 τοῖς

2128 5398 2329 5470 δρεσιν,
2369 5403 2488 5455 ἐκεῖ
2535 5403 2810 5468 στένοντες
2862 5405 2969 5457 τῶν
3015 5407 3095 5468 είς
3149 5409 3425 5477 γεωργίαν
3474 5405 3701 5475 ἅψονται

2129 5490 2326 5546 πόνων.
2366 5491 2841 5565 Ἀροτριαθήσεται
2870 5496 2978 5567 γὰρ
3018 5500 3127 5550 πᾶν
3155 5497 3279 5567 ὄρος
3307 5498 3401 5551 καὶ
3435 5499 3543 5560 πᾶς
3575 5497 3698 5567 βου-

2126 5581 2247 5648 νὸς,
2282 5581 2393 5635 τῶν
2433 5584 2491 5635 ἐν
2535 5585 2718 5648 αὐτοῖς
2762 5585 3175 5656 ἀναφυγόντων,
3205 5587 3479 5656 συλλέγειν
3509 5586 3699 5641 ἐπιθυ-

2128 5672 2393 5743 μούντων,
2417 5676 2477 5729 οὐ
2496 5675 2563 5730 τά
2596 5678 2677 5741 είς
2704 5678 2931 5732 πλοῦτον
2958 5680 3054 5734 καὶ
3076 5680 3307 5751 τρυφὰς,
3335 5680 3449 5733 ἀλλ’
3480 5681 3582 5735 ὅσα
3598 5679 3700 5749 τὴν
