4152 6366
391 393 493 452 217

1557 402 1621 455 ΙΝ
1664 402 1897 458 lS.\lAM
1932 402 2060 459 LIB.
2103 405 2139 460 Ι.
2173 403 2382 463 ΟΒᾹΤ.
2412 406 2476 460 ν.

3542 413 3650 470 218

392 511 695 581 ἀναγκαίαν
724 512 820 566 τοῦ
861 513 1109 587 σώματος
1138 516 1430 586 θεραπεύει
1463 520 1674 593 χρείαν,
1709 520 1803 572 καὶ
1850 536 1964 571 στε-

2072 532 2329 589 quantum
2389 535 2605 580 tenuem
2640 533 2697 583 et
2738 535 3025 594 angustum
3106 526 3495 596 dilliculterque
3550 544 3653 597 pa-

396 609 489 679 δὴν
539 608 634 660 καὶ
677 608 1043 682 δυσπόρευτον
1083 613 1414 685 παρατίθησι
1453 617 1681 687 τροφήν.
1718 615 1854 668 Ποία
1889 631 1968 678 τις

390 696 484 754 οὖν
532 701 802 770 πρόφασις
850 702 943 755 τοῦ
995 706 1088 757 καὶ
1129 706 1188 759 ὲν
1232 706 1417 777 ὄρεσιν
1450 708 1641 773 οἰκεῖν,
1685 707 1776 761 καὶ
1828 706 1969 760 αὑτά

391 794 660 863 γεωργεῖν
688 792 912 858 ἐθέλειν,
954 797 1131 850 καίτοι
1169 796 1277 851 τῶν
1308 798 1603 871 ὲξαιρέτων
1652 801 1969 871 ὑπερεωρα-

395 883 573 952 μένων
618 886 866 957 χωρίων;
924 907 941 939 ι
975 889 1049 942 Οὐ
1103 890 1179 960 μὴ
1222 891 1454 963 ἐπέλθῃ,
1495 911 1513 944 r
1554 893 1756 963 φησὶν,
1793 912 1811 943 ι
1854 892 1970 946 ἐκεῖ

394 974 580 1042 φόϐος.
622 996 642 1029 ι
691 977 878 1031 Ταῦτα
902 979 1207 1047 λογιοῦνται
1236 983 1356 1036 καθ’
1390 984 1634 1047 ἑαυτοὺς,
1665 985 1740 1047 ὡς
1768 984 1869 1037 οὑκ
1901 982 1966 1039 ἂν

391 1066 577 1130 αὐτοῖς
614 1068 732 1121 ἐκεῖ
767 1075 1039 1125 κατοικεῖν
1079 1072 1354 1127 ἐθέλουσιν
1382 1075 1586 1149 ἐπέλθῃ
1612 1076 1795 1145 φόϐος.
1833 1072 1968 1131 Εἶτα

376 1158 491 1227 τῆς
549 1161 630 1223 είς
674 1162 843 1232 ἄκρον
892 1164 1129 1235 ἐρημίας
1171 1167 1549 1221 καταδεικνὺει
1603 1168 1662 1221 τὸ
1716 1169 1963 1239 μέγεθος.

392 1252 656 1307 Ἐσεσθαι
698 1257 806 1329 γάρ
866 1274 1029 1329 φησιν
1080 1258 1298 1313 ἅπασαν
1344 1260 1442 1332 τὴν
1484 1259 1668 1333 χώραν
1714 1262 1822 1315 ἀπὸ
1867 1264 1967 1333 τῆς

390 1349 644 1418 χερσείας
680 1351 774 1404 καὶ
813 1352 913 1421 τῆς
970 1352 1214 1425 ἀκάνθης
1256 1356 1337 1417 είς
1365 1354 1617 1425 βόσκημα
1652 1353 1964 1426 προϐάτων,

389 1440 484 1492 καὶ
505 1440 585 1504 είς
608 1441 979 1513 καταπάτημα
1002 1441 1142 1512 βοὸς,
1171 1432 1316 1496 τοῦτ’
1344 1443 1512 1506 ἔστιν,
1548 1444 1627 1507 εἰς
1651 1445 1967 1514 κατανομὰς

389 1530 742 1603 θρεμμάτων,
790 1534 889 1605 τὴν
928 1536 1108 1601 πίονα,
1152 1536 1251 1607 τὴν
1280 1537 1609 1607 εῦάμπελον,
1647 1538 1749 1608 τὴν
1787 1539 1959 1591 ἐλαιο-

387 1624 572 1695 φόρον,
594 1625 691 1694 τὴν
714 1625 1149 1697 εὑδενδροτάτην.
1174 1628 1274 1700 τὴν
1302 1628 1389 1681 ἀεὶ
1420 1629 1679 1698 κομώσαν
1708 1632 1966 1698 καρποῖς,

385 1716 483 1785 τὴν
515 1716 741 1786 ῥέουσαν
779 1717 917 1786 γάλα
970 1721 1062 1772 καὶ
1092 1720 1237 1790 μέλι,
1272 1721 1412 1774 κατά
1454 1722 1515 1775 τὸ
1556 1722 1961 1793 γεγραμμένον.

386 1806 594 1861 Οὐκοῦν
623 1807 755 1861 Θεὸν
782 1810 1164 1882 εὐφραίνοντες
1191 1816 1311 1875 ταῖς
1336 1816 1416 1877 εἰς
1443 1816 1551 1868 πᾶν
1576 1814 1753 1868 ὁτιοῦν
1781 1814 1964 1867 εὑπει-

385 1898 577 1963 θείαις,
622 1879 902 1971 ἀσφαλῶς
929 1905 1245 1975 οἰκήσομεν,
1270 1904 1519 1976 καθάπερ
1549 1904 1669 1959 τινὰ
1713 1904 1894 1976 χώραν
1927 1904 1959 1975 ἦ
1992 1879 2037 1936 Β

384 1990 563 2056 πόλιν,
576 1992 673 2064 τὴν
689 1994 911 2067 ἀρετὴν,
927 1996 1020 2050 καὶ
1034 1998 1584 2068 κατευμεγεθήσομεν
1596 1998 1705 2050 τῶν
1729 1996 1956 2069 ἐχθρῶν.

385 2083 770 2157 Καταπτοήσει
795 2087 850 2140 δὲ
874 2088 934 2141 τὸ
964 2088 1184 2160 σύμπαν
1216 2092 1363 2161 ἡμᾶς
1393 2090 1568 2144 οὐδέν.
1609 2091 1875 2161 Ἔσόμεθα
1903 2089 1960 2141 δὲ

369 2175 585 2245 -μᾶλλον
618 2178 835 2250 ἀπάσης
866 2182 1166 2245 ἐπιεικείας
1216 2184 1309 2235 καὶ
1352 2182 1533 2236 καλῶν
1563 2182 1741 2250 ἔργων
1769 2185 1963 2253 ἐπιμε-

383 2268 583 2337 ληταὶ,
636 2271 732 2324 καὶ⁸
780 2273 1087 2343 εὐκαρπίας
1134 2276 1428 2344 ἁνάμεστοι
1468 2275 1569 2345 τῆς
1618 2276 1960 2347 ἀρεσκοὺσης

384 2362 522 2433 Θεῷ,
552 2365 645 2417 καὶ
673 2366 869 2436 νοητῆς
892 2367 1133 2439 ἀκάνθης
1175 2368 1608 2439 ἀπηλλαγμένοι,
1642 2369 1735 2422 καὶ⁵
1771 2370 1843 2437 γῆ
1875 2370 1963 2421 θε-

384 2451 545 2525 λητὴ,
602 2456 742 2509 κατά
788 2456 887 2526 τὴν
945 2456 1038 2510 τοῦ
1078 2459 1360 2529 προφήτου
1414 2458 1618 2529 φωνὴν,
1673 2461 1765 2512 καί
1824 2458 1961 2513 Θεοῦ

384 2543 656 2615 γεώργιον
696 2547 933 2617 ἀληθῶς.

456 2727 565 2780 Καὶ
603 2722 734 2780 εἷπε
758 2728 974 2797 Κύριος
1005 2732 1154 2797 πρός
1185 2748 1297 2799 με’
1334 2730 1492 2785 Λάϐε
1518 2731 1753 2798 σεαυτῷ
1781 2733 1963 2801 τόμον

384 2818 597 2873 καινοῦ
624 2820 915 2890 μεγάλου,
958 2821 1057 2875 καὶ
1101 2822 1336 2892 γράψον
1372 2826 1457 2890 εὶς
1493 2824 1680 2878 αὑτὸν
1722 2825 1961 2894 τραφίὸι

383 2912 716 2981 ἀνθρώπου,
744 2914 851 2968 τοῦ
875 2915 1058 2981 ὀξέως
1077 2917 1390 2987 προνομὴν
1410 2918 1658 2988 ποιῆσαι
1688 2920 1958 2973 σκύλων.

382 3004 643 3075 Πάρεστι
667 3008 799 3075 γὰρ,
826 3008 923 3061 καὶ
950 3007 1257 3076 μάρτυράς
1287 3028 1391 3079 μοι
1419 3012 1681 3078 ποίησον
1705 3011 1961 3077 πιστοὺς

384 3096 758 3165 ἀνθρώπους,
782 3100 891 3151 τὸν
939 3084 1180 3168 Oitpjar,
1214 3101 1310 3154 καὶ
1343 3101 1451 3156 τὸν
1484 3103 1788 3172 Ζαχαρίαν
1827 3103 1964 3156 υἱὸν

383 3191 705 3259 Βαραχίου.

467 3284 817 3357 ’Δποχρῶσαν
864 3280 923 3339 εὖ
969 3286 1116 3357 μάλα
1164 3286 1532 3357 ποιησάμενος
1583 3285 1681 3358 τὴν
1729 3286 1965 3357 προαγό-

388 3394 573 3449 ρευσιν
633 3378 740 3431 τῶν
790 3378 1090 3449 μελλόντων
1141 3378 1513 3449 συμϐήσεσθαι
1566 3379 1708 3432 κατά
1741 3381 1969 3451 καιροὺς

385 3472 451 3540 τῇ
484 3470 591 3522 τῶν
634 3469 897 3523 Ἰουδαίων
926 3471 1097 3542 χώρᾳ,
1132 3471 1224 3524 καὶ
1261 3470 1322 3523 τὸ
1362 3472 1459 3540 τῆς
1490 3473 1774 3542 συμφορᾶς
1805 3489 1971 3524 κατα·-

387 3561 566 3626 δείξας
614 3562 861 3633 μέγεθος,
917 3565 1255 3634 προσεπάγει
1305 3565 1590 3635 χρησίμως
1635 3566 1702 3618 τὰ
1744 3566 1871 3636 περί
1904 3582 1968 3633 γε

386 3652 481 3708 τοῦ
543 3654 910 3724 Ἐμμανουήλ,
956 3656 1050 3707 καὶ
1093 3655 1155 3707 τὸ
1201 3656 1286 3708 ἐπ’
1320 3656 1469 3727 αὑτῷ
1518 3674 1580 3725 γε
1637 3658 1969 3730 παραδείξας

392 3747 717 3819 μυστήριον,
786 3748 1179 3818 ἐναργέστερον
1237 3750 1527 3818 ἀποφαίνει
1585 3750 1661 3822 τῷ
1717 3753 1970 3823 προφήτῃ

388 3838 540 3901 θεός.
580 3839 720 3910 Ἔφη
755 3838 854 3909 μὲν
885 3841 1025 3910 γάρ’
1069 3859 1086 3891 ι
1128 3840 1257 3894 Ἰδοὺ
1303 3843 1335 3911 ή
1380 3842 1648 3912 παρθένος
1680 3845 1735 3895 ἐν
1772 3844 1971 3913 γαστρὶ

389 3930 519 3996 ἕξει,
542 3932 634 3984 καὶ
662 3931 876 3995 τέξεται
906 3932 1039 3995 υἱὸν,
1068 3933 1163 3987 καὶ
1201 3933 1486 3987 καλέσουσι
1515 3934 1574 3988 τὸ
1608 3935 1779 4004 ὄνομα
1802 3935 1967 3988 αὑτοῦ

401 4025 769 4095 Ἐμμανουήλ.
835 4043 855 4075 ι
919 4024 1042 4077 ’Ότι
1108 4025 1205 4096 μὲν
1264 4025 1371 4097 γὰρ
1455 4026 1648 4097 καινῆς
1711 4027 1972 4099 διαθήκης

392 4112 543 4166 ἔσται
570 4113 816 4183 μεσίτης,
856 4114 1303 4185 καταργουμένης
1328 4115 1571 4186 δηλονότι
1597 4117 1696 4187 τῆς
1725 4117 1968 4188 πρώτης,

391 4206 467 4269 ὡς
516 4206 649 4259 πολὺ
704 4206 765 4259 τὸ
816 4206 1043 4277 ἀδρανὲς
1090 4207 1341 4278 ἐχούσης,
1386 4209 1844 4283 πεπαλαιωμένης
1891 4211 1968 4275 δὲ,

392 4299 487 4350 καὶ
534 4297 846 4369 τελειοὺσης
890 4299 1078 4351 οὐδένα
1126 4298 1268 4352 κατά
1322 4301 1646 4371 συνείδησιν,
1684 4303 1971 4368 ὑποφαίνει

391 4388 564 4456 λέγων
585 4406 600 4421 ο
631 4410 649 4439 ‹
680 4388 824 4442 Λάϐε
846 4389 1059 4460 σεαυτῷ
1085 4390 1249 4460 τόμον
1265 4391 1451 4444 καινοῦ
1483 4392 1774 4461 μεγάλου.»
1794 4394 1902 4447 Καὶ
1921 4394 1973 4447 τί

390 4481 473 4537 τὸ.
511 4479 743 4551 σεαυτῷ,
773 4482 1232 4551 κατασημαίνειεν
1261 4482 1394 4554 ἂν,ἢ
1415 4484 1589 4539 ἐκεῖνό
1610 4502 1711 4537 που
1735 4485 1972 4550 πάντως;

1991 3235 2039 3298 C

2072 614 2294 671 rabilem
2319 616 2519 671 victum
2554 617 2952 677 subministrat.
2977 619 3117 688 Quid
3170 629 3255 675 est
3288 635 3419 688 ergo
3447 635 3649 688 causae,

2070 717 2126 760 ut
2162 707 2215 763 in
2261 708 2534 764 montibus
2571 710 2818 765 habitare
2863 726 3064 782 eosque
3093 712 3272 767 colere
3301 711 3490 777 velint,
3516 727 3650 766 con-

2070 801 2284 869 temptis
2335 800 2553 869 praediis
2603 803 2988 858 electissimis?
3049 822 3067 857 ι
3101 802 3217 857 Νοη
3274 804 3459 857 veniet
3524 804 3652 858 illuc

2071 901 2264 956 terror,
2293 910 2313 945 ι
2347 892 2540 964 inquit.
2584 891 2707 949 Haec
2749 894 2889 963 apud
2933 909 2992 950 se
3052 894 3378 963 reputabunt
3422 895 3491 949 ad
3531 909 3646 959 eos,

2067 985 2158 1055 qui
2220 985 2455 1040 incolere
2512 986 2587 1040 ibi
2625 985 2822 1051 volent,
2855 998 3054 1042 metum
3097 1003 3203 1042 non
3244 998 3647 1055 perventurum.

2069 1077 2329 1146 Deinceps
2360 1091 2492 1131 vero
2526 1086 2785 1133 extremm
2845 1077 3152 1133 solitudinis
3182 1078 3333 1149 131
3366 1094 3432 1134 ac
3494 1078 3653 1134 deso-

2070 1168 2282 1224 lationis
2338 1168 2761 1239 magnitudinem
2817 1169 3078 1225 ostendit.
3141 1172 3436 1224 Mutabitur
3497 1177 3693 1226 nam-'

2068 1275 2192 1331 que,
2222 1261 2414 1330 inquit,
2451 1270 2671 1330 propter
2699 1261 3005 1317 vastitatem
3050 1270 3106 1317 et
3132 1272 3349 1331 vepreta
3410 1262 3463 1316 in
3525 1278 3652 1333 pas-

2068 1371 2165 1410 cua
2220 1356 2361 1420 ovis,
2408 1365 2463 1410 et
2517 1356 2575 1410 in
2628 1355 3091 1411 conculcationem
3151 1359 3322 1421 bovis,
3356 1359 3407 1412 id
3459 1369 3562 1423 est,
3596 1359 3649 1412 in

2068 1448 2432 1517 depastionem
2482 1446 2662 1501 ovium
2700 1448 2950 1502 universa
2998 1446 3168 1517 regio,
3201 1450 3366 1518 regio,
3404 1449 3647 1517 inquam,
3688 1440 3697 1453 ’

2066 1540 2412 1611 prmpiuguis,
2433 1538 2632 1594 vitibus
2668 1537 2920 1604 fecunda,
2945 1539 3079 1595 olea:
3152 1538 3326 1604 ferax,
3366 1539 3652 1595 arboribus

2067 1635 2283 1707 egregie
2335 1633 2565 1701 consita,
2595 1648 2809 1702 semper
2867 1632 3133 1687 fructibus
3190 1642 3407 1702 compta
3486 1633 3644 1702 quasi

2064 1737 2120 1783 et
2177 1727 2345 1791 culta,
2391 1726 2530 1781 lacte
2598 1734 2651 1781 et
2693 1725 2855 1781 melle
2914 1726 3157 1793 aﬂhiens,
3195 1724 3350 1793 juxta
3403 1725 3454 1779 id
3505 1726 3650 1795 quod

2066 1821 2327 1890 scriptum
2366 1831 2472 1876 est.
2501 1818 2684 1888 Itaque
2726 1817 2964 1888 quandiu
3020 1817 3131 1872 Deo
3174 1828 3354 1872 nostra
3421 1818 3474 1871 in
3532 1832 3653 1872 om-

2070 1913 2226 1967 nibus
2277 1911 2584 1968 obedientia
2659 1909 2956 1980 placemus,
2987 1917 3105 1964 tuto
3169 1912 3424 1964 virtutem
3494 1909 3651 1978 quasi

2069 2004 2339 2060 civitatem
2385 2002 2467 2058 vel
2518 2002 2791 2071 regionem
2839 2002 3083 2057 eolemus
3120 2012 3173 2056 et
3204 2001 3647 2065 inhabitabimus,

2071 2097 2313 2153 hostibus
2362 2094 2672 2165 superiores
2715 2094 2937 2157 erimus,
2988 2108 3164 2162 neque
3220 2095 3507 2162 quisquam
3545 2107 3645 2145 nos

2067 2192 2287 2247 omnino
2335 2188 2820 2260 perterrebit:sed
2862 2188 3040 2256 potius
3104 2188 3285 2241 omnis
3359 2185 3650 2255 probitatis

2070 2293 2125 2339 et
2178 2284 2437 2337 bonorum
2496 2294 2719 2350 operum
2764 2286 3064 2333 sectatores
3116 2278 3340 2341 erimus,
3390 2276 3544 2344 c0pia
3594 2284 3651 2329 et

2069 2378 2313 2432 ubertate
2350 2374 2624 2429 fructuum
2688 2373 2797 2426 Deo
2834 2371 3182 2440 placentium,
3210 2369 3606 2423 abundabimus
3630 2382 3653 2420 :,

2071 2467 2387 2537 intelligibili
2462 2467 2675 2535 spineto
2736 2463 3107 2526 liberabimur,
3171 2472 3229 2515 et
3289 2470 3432 2513 terra
3484 2474 3651 2528 spon-

2072 2576 2227 2618 tanea
2270 2561 2495 2626 erimus,
2516 2560 2670 2631 juxta
2696 2571 2885 2613 vocem
2914 2556 3206 2625 propheta’,
3260 2564 3315 2608 et
3356 2567 3483 2607 vere
3558 2552 3650 2605 Dei

2068 2653 2400 2723 agricolatio.

2137 2748 2264 2803 CAP.
2296 2745 2431 2808 Vill,
2458 2759 2613 2799 rans.
2646 2746 2699 2810 i,
2731 2743 2785 2799 2.
2818 2742 2886 2796 Et
2930 2742 3063 2795 dixit
3106 2740 3360 2794 Dominus
3400 2740 3468 2792 ad
3506 2754 3587 2792 me
3629 2753 3665 2792 :'

2070 2839 2230 2894 Sume
2271 2836 2364 2891 tibi
2412 2837 2604 2890 librum
2644 2835 2763 2888 novi
2806 2833 3003 2901 magni,
3024 2839 3078 2885 et
3115 2830 3281 2883 scribe
3320 2831 3377 2883 in
3414 2846 3475 2882 eu
3516 2828 3653 2897 siglo

2069 2929 2324 2993 hominis,
2357 2937 2415 2981 ut
2455 2926 2689 2980 celeriter
2722 2924 2943 2991 deripiat
2989 2922 3176 2989 spoiia.
3203 2922 3360 2975 Adest
3404 2921 3571 2985 enim,
3604 2930 3652 2973 et

2072 3032 2220 3075 tester
2248 3020 2377 3073 mihi
2408 3018 2596 3073 adhibe
2622 3017 2759 3084 ﬁdos
2789 3017 3054 3079 homines,
3080 3012 3125 3067 U
3134 3014 3264 3067 riam
3296 3013 3650 3078 sacerdotem,

2068 3123 2115 3166 et
2144 3109 2459 3165 Zachariam
2486 3109 2660 3178 [ilium
2686 3107 2984 3163 Barachiae.

2138 3295 2273 3352 Cum
2302 3294 2513 3364 plenam
2541 3302 2596 3347 et
2618 3289 2888 3358 copiosam
2913 3285 3219 3343 adhibuerit
3248 3282 3651 3354 praedictionem

2070 3406 2258 3448 eorum
2313 3404 2433 3457 qua:
2487 3384 2727 3440 Judaicae
2784 3379 2988 3449 regioni
3045 3392 3329 3448 progressu
3391 3374 3655 3440 temporis

2070 3492 2224 3541 erant
2244 3483 2563 3540 obventura,
2587 3473 3124 3544 magnitudinemque
3151 3467 3475 3524 calamitatis
3492 3466 3654 3522 eahi—

2073 3575 2270 3636 buerit,
2298 3570 2582 3626 commode
2610 3567 2679 3622 de
2708 3562 3057 3621 Emmanuele
3086 3560 3343 3623 subtexit,
3370 3570 3426 3613 et
3456 3569 3654 3628 mysteo

2080 3664 2218 3715 rium
2281 3660 2398 3729 ejus
2454 3657 2598 3713 Deus
2658 3662 2923 3710 monstrat
2973 3653 3245 3723 prophetae
3303 3649 3651 3703 luculentius.

2074 3752 2295 3805 Dim-bat
2327 3749 2470 3805 enim
2511 3763 2525 3801 :
2576 3764 2593 3798 ι
2640 3744 2778 3799 Ecce
2811 3743 2968 3813 virgo
3009 3742 3062 3796 iu
3106 3750 3262 3801 utero
3312 3738 3559 3800 habebit.
3598 3746 3657 3793 et

2073 3845 2247 3915 pariet
2275 3842 2439 3896 (ilium
2462 3857 2477 3903 ;
2507 3850 2561 3895 et
2583 3838 2853 3892 vocabunt
2880 3848 3075 3890 nomen
3108 3832 3227 3903 ejus
3254 3830 3596 3886 Emmanuel.
3626 3849 3651 3883 ι

2073 3938 2224 4004 Quod
2252 3946 2430 3991 autem
2459 3932 2591 3989 Novi
2616 3930 2948 3989 Testamenti
2971 3935 3254 3997 sequester
3276 3925 3370 3988 sit,
3395 3923 3671 3991 abrogato-

2074 4033 2325 4086 nitnirum
2364 4030 2566 4100 primo,
2597 4026 2741 4097 quod
2778 4025 3004 4079 multum
3037 4023 3260 4075 haberet
3290 4016 3661 4079 inﬁrmitatis,

2072 4135 2126 4181 et
2159 4123 2303 4193 quod
2340 4122 2744 4190 antiquaretur,
2789 4132 2854 4172 ac
2889 4116 3157 4171 neminem
3193 4112 3487 4168 secundum
3529 4124 3658 4163 can-

2074 4217 2355 4272 Scientiam
2414 4212 2736 4283 perﬁceret,
2789 4208 3097 4265 subindicat
3157 4207 3345 4261 dicens
3413 4221 3428 4258 :
3490 4202 3658 4258 Sume

2074 4309 2269 4364 librum
2300 4321 2520 4370 novum,
2544 4318 2818 4373 magnum.
2842 4302 2909 4355 Lt
2931 4300 3185 4369 quidnam
3216 4297 3344 4351 illud
3376 4296 3467 4350 tibi
3494 4295 3659 4365 signi-

2075 4399 2230 4465 iit-at,
2264 4397 2371 4452 nisi
2402 4396 2527 4450 illud
2556 4395 2732 4465 plane;
2764 4392 3037 4462 Siquidem
3057 4430 3072 4455 ,
3099 4390 3305 4461 inquit,
3335 4403 3439 4442 non
3465 4397 3661 4441 contu-

2078 4490 2341 4552 macibus,
2365 4488 2459 4543 sed
2490 4488 2541 4540 in
2576 4484 2680 4540 ﬁde
2709 4499 3015 4539 sermonem
3040 4483 3156 4552 ejus
3184 4481 3663 4552 amplectentibus.

393 4573 470 4626 Οὐ
500 4574 608 4643 γάρ
639 4573 721 4626 τοί
755 4590 919 4644 φησιν
951 4577 1064 4637 τοῖς
1086 4575 1331 4628 ἀπειθεῖν
1362 4577 1681 4646 ᾑρημένοις,
1709 4578 1844 4632 ἀλλά
1868 4582 1969 4643 τοῖς

2084 4597 2203 4651 quae
2246 4580 2300 4634 in
2345 4595 2484 4635 novo
2527 4578 2666 4633 libro
2712 4586 2837 4631 sunt
2875 4576 3166 4639 dabuntur,
3206 4576 3258 4629 itl
3307 4584 3420 4635 est,
3456 4574 3671 4628 Christi

391 4667 452 4719 ὲν
481 4666 660 4718 πίστει
704 4666 1026 4736 τετιμηκόσι
1070 4666 1161 4719 τὸν
1195 4669 1281 4719 ἐπ’
1311 4668 1461 4737 αὑτῷ
1505 4668 1662 4736 λόγον
1694 4670 1760 4722 τὰ
1804 4673 1862 4723 ὲν
1895 4670 1973 4742 τῷ

393 4756 565 4827 καινῷ
598 4757 882 4827 δοθήσεται
910 4760 1081 4827 τόμῳ.
1127 4758 1282 4811 Τοῦτ’
1310 4758 1477 4822 ἐστιν,
1514 4760 1975 4833 ἀποκαλυφθήσε-

393 4868 483 4903 ται
511 4851 573 4901 τὸ
608 4849 844 4919 Χριστοῦ
876 4851 1196 4921 μυστήριον.
1231 4850 1435 4915 Καινὸς
1483 4848 1576 4905 οὖν
1608 4856 1635 4906 ό
1672 4854 1836 4925 τόμος
1879 4855 1976 4908 καὶ

396 4940 588 5011 μέγας.
640 4943 714 4994 Οὐ
755 4942 863 5013 γάρ
891 4941 1146 4996 τοικατά
1196 4944 1295 5015 τὴν
1341 4944 1564 5015 πρώτην
1612 4948 1971 5003 συντέτακται

391 5034 653 5105 διαθήκην
715 5036 748 5106 ή
826 5036 984 5106 καινή
1048 5053 1109 5088 τε
1164 5036 1257 5090 καὶ
1327 5037 1422 5091 νέα
1488 5039 1550 5092 τὸ
1598 5040 1691 5093 τοῦ
1737 5041 1974 5112 Χριστοῦ

394 5126 628 5180 λαλοῦσα
679 5129 1013 5199 μυστήριον,
1073 5127 1195 5183 οὗτε
1250 5130 1356 5201 μὴν
1409 5131 1707 5204 ὀφθήσεται
1763 5137 1824 5189 τὸ
1878 5137 1976 5208 τῆς

394 5221 622 5291 νομικῆς
646 5221 884 5292 ἱστορίας
906 5221 1102 5293 ἔχουσα
1126 5224 1399 5288 ταπεινὸν,
1423 5226 1537 5279 ἀλλ’
1560 5226 1635 5291 ὡς
1657 5231 1714 5282 ἐν
1734 5229 1977 5303 ὑπεροχῇ

395 5314 490 5366 καὶ
524 5312 646 5381 ῦψει
678 5313 931 5382 γνώσεως
962 5316 1056 5368 καὶ
1077 5315 1383 5386 δογμάτων,
1419 5318 1578 5372 Ὅθεν
1603 5320 1696 5373 καὶ
1724 5321 1754 5372 ό
1788 5320 1981 5376 θεσπέ-

399 5422 509 5469 σιος
541 5406 754 5470 Παῦλος
777 5407 972 5477 ἥδιστά
1006 5424 1190 5478 φησιν,
1222 5407 1561 5481 ἐζημιῶσθαι
1601 5413 1781 5467 πάντα
1810 5413 1881 5467 τὰ
1921 5416 1979 5469 ἐν

398 5499 544 5570 νόμῳ
576 5500 665 5553 διὰ
708 5500 770 5553 τὸ
804 5500 1069 5572 ὑπερέχον
1125 5501 1227 5571 τῆς
1274 5500 1529 5569 γνώσεως
1579 5504 1673 5558 τοῦ
1715 5506 1975 5577 Χριστοῦ.

397 5591 666 5663 Πρόδηλον
715 5590 808 5646 οὖν
834 5596 916 5647 ὅτι
956 5594 1416 5666 πεπαλαιωμένης
1464 5595 1566 5665 τῆς
1615 5597 1857 5669 πρώτης,
1903 5600 1980 5665 ώς

401 5684 554 5757 ἔφην,
605 5686 789 5750 καινὸς
846 5688 875 5739 ὁ
918 5686 1081 5759 τόμος
1138 5687 1233 5743 καὶ
1287 5689 1461 5759 μέγας
1516 5690 1849 5762 λαμϐάνεται
1884 5695 1982 5767 τῆς

472 5845 519 5878 ⁸⁸
543 5846 706 5905 llebr.
733 5864 812 5915 ιι,
834 5847 1020 5905 11-25.

2072 4672 2393 4744 mysterium
2446 4669 2795 4726 revelabitur.
2838 4665 3022 4723 Novus
3069 4666 3234 4734 igitur
3283 4664 3372 4721 hic
3423 4664 3557 4718 liber
3604 4673 3661 4715 et

2071 4780 2321 4835 magnus.
2350 4762 2464 4819 Non
2510 4762 2655 4817 enim
2703 4762 2769 4814 ad
2816 4759 3017 4814 veteris
3065 4757 3288 4813 foederis
3339 4758 3526 4817 instar,
3557 4756 3660 4809 huc

2070 4875 2268 4915 novum
2291 4868 2622 4926 etnnperum
2647 4854 3004 4922 compositum
3027 4861 3132 4915 est,
3149 4850 3294 4920 quod
3317 4848 3515 4905 Christi
3541 4863 3658 4917 tny-
3754 4907 3767 4917 α

2072 4954 2294 5008 sterium
2339 4948 2612 5013 enuntiat,
2644 4960 2815 5016 neque
2849 4946 3041 5014 legalis
3082 4944 3323 4998 historiae
3360 4940 3661 4996 exilitatem

2080 5048 2311 5108 habere,
2335 5044 2426 5099 sed
2455 5044 2509 5097 in
2537 5041 2828 5096 eminentia
2870 5050 2925 5093 et
2972 5037 3303 5093 sublimitate
3334 5034 3680 5104 cognitionis.

2079 5155 2143 5194 ac
2172 5141 2484 5209 dogmatum
2517 5134 2722 5191 versari
2752 5133 3136 5204 conspicietur.
3171 5128 3327 5185 Unde
3354 5137 3411 5183 et
3443 5127 3681 5183 divinus.

2080 5234 2280 5290 Paulus
2320 5232 2643 5287 suavissime
2686 5229 2854 5292 dicit,
2884 5242 2979 5296 pro
3015 5225 3227 5279 damnis
3272 5223 3456 5278 haberi
3501 5220 3679 5291 132;

2080 5328 2261 5382 omnia
2290 5340 2407 5395 qua:
2434 5333 2557 5380 sunt
2580 5304 2746 5393 legis,
2773 5336 2885 5390 prae
2916 5318 3122 5374 notitia:
3140 5316 3351 5372 Christi
3384 5314 3665 5373 excellen-

2087 5419 2178 5473 tia.
2228 5417 2382 5473 Patet
2429 5432 2560 5486 ergo
2619 5413 2759 5484 quod
2817 5412 3100 5481 antiquato
3142 5410 3359 5480 primo,
3411 5416 3469 5463 ut
3510 5405 3677 5471 dixi,

2087 5526 2282 5566 novum
2321 5517 2377 5562 et
2409 5521 2658 5578 magnum
2691 5503 2940 5560 volumen
2977 5500 3200 5556 secundi
3235 5499 3459 5556 hederis
3495 5497 3666 5553 sumi-

2089 5613 2175 5657 tur
2210 5620 2225 5656 :
2259 5599 2400 5670 quod
2434 5595 2906 5667 praestantioribus
2936 5593 3220 5649 sacriﬁciis
3252 5591 3519 5647 sancitum
3545 5598 3662 5653 est,
3692 5584 3734 5651 ξ,

2085 5692 2536 5766 quemadmodum
2569 5689 2945 5746 sanctissimus
2970 5686 3167 5742 Paulus
3201 5686 3279 5741 ait
3300 5685 3368 5742 “.
3395 5682 3663 5739 Scribitur
