4152 6366
524 398 632 456 219

520 698 805 759 Trinitatis
838 711 1153 777 mysterium
1190 719 1654 787 pervestigamus,
1683 725 1806 781 dein
1844 728 1966 784 aliis
1999 731 2102 785 ali-

519 793 735 859 quando
774 811 1028 853 arcanum
1071 814 1245 857 ortum
1294 808 1538 877 unigena:
1580 813 1702 869 Filii
1745 816 1839 873 Dei
1888 823 2103 879 tradere

520 883 853 943 instituimus
900 908 914 945 :
959 901 1086 949 tunc
1127 910 1294 963 sane,
1334 908 1458 956 tunc
1499 919 1633 971 opus
1674 911 1826 966 nobis
1871 924 1953 969 est
1993 932 2100 971 non

518 975 753 1033 humano
788 981 957 1052 stylo,
986 994 1042 1039 et
1074 988 1231 1044 nobis
1265 981 1542 1050 familiari.
1580 998 1709 1066 Quae
1742 1004 1885 1059 enim
1922 1010 2100 1065 oratio

516 1066 649 1121 satis
682 1069 813 1135 erit,
847 1080 906 1125 ut
931 1076 1074 1143 quod
1104 1093 1268 1147 supra
1304 1093 1536 1139 mentem
1564 1097 1619 1143 et
1645 1092 1947 1151 orationem
1979 1112 2098 1165 est,

515 1157 771 1224 expedire
825 1165 1051 1230 posset?
1100 1164 1203 1222 His
1262 1173 1399 1228 adeo
1430 1177 1720 1235 subtilibus
1772 1157 2100 1257 omnemque

516 1258 754 1303 mentem
790 1266 855 1307 ac
891 1257 1274 1327 cogitationem
1310 1271 1691 1334 superantibus
1733 1278 2098 1332 enarrationi-

513 1337 614 1391 bus
656 1338 747 1394 ille
792 1342 964 1399 solum
1007 1348 1251 1406 calamus
1290 1355 1600 1425 suffecerit,
1630 1362 1699 1417 de
1730 1379 1841 1432 quo
1875 1368 2015 1425 Deus
2047 1382 2099 1427 et

514 1426 675 1485 Pater
703 1448 836 1489 voce
866 1435 1119 1495 Davidica
1155 1443 1396 1514 loquitur
1426 1467 1441 1503 :
1484 1470 1502 1503 ι
1543 1452 1750 1527 Lingua
1789 1476 1904 1515 mea
1945 1463 2097 1519 cala-

513 1538 635 1576 mus
683 1524 903 1589 scribae,
931 1530 1180 1587 celeriter
1228 1538 1518 1597 scribentis
1550 1543 1615 1599 ιδ.
1656 1524 1681 1599 3
1739 1547 1907 1605 Nemo
1951 1557 2095 1610 enim

514 1617 665 1671 novit
696 1618 890 1673 Filium
927 1622 1028 1677 nisi
1064 1622 1257 1691 Pater,
1286 1630 1378 1684 sed
1416 1647 1518 1687 nec
1550 1634 1767 1691 Patrem
1804 1643 2093 1715 quisquam

512 1711 757 1779 agnoscit
780 1711 872 1780 qui
902 1712 996 1775 sit,
1026 1716 1129 1770 nisi
1158 1716 1348 1784 Filius,
1373 1730 1427 1777 et
1450 1725 1537 1779 cui
1568 1731 1710 1783 volet
1736 1730 1907 1790 Filius
1939 1711 2095 1794 reve-

511 1797 645 1855 lare.
676 1800 748 1854 At
780 1803 999 1871 quando
1033 1805 1102 1861 de
1136 1808 1476 1869 humanitate
1509 1817 1626 1886 ejus
1654 1824 1815 1877 verba
1843 1826 2091 1899 facimus,

512 1901 645 1948 tunc
702 1894 942 1952 humano
989 1900 1126 1971 stylo
1176 1916 1311 1971 opus
1354 1915 1471 1974 est,
1532 1911 1677 1979 quod
1732 1924 1787 1969 et
1832 1917 1961 1973 fecit
2002 1894 2089 1976 sa;

2194 1894 2478 1989 ἐιὲζκᾞιξὲε
2496 1940 2588 1993 τὸν
2637 1943 2681 1994 II

509 1985 662 2055 piens
686 1986 959 2060 Joannes,
998 1994 1223 2051 dicens:
1256 2016 1275 2049 ι
1312 1998 1542 2057 Verbum
1589 2020 1717 2061 caro
1752 2008 1957 2068 factum
1986 2025 2087 2082 est,

508 2088 563 2131 et
589 2078 851 2137 habitavit
878 2083 928 2138 in
956 2086 1112 2141 nobis
1131 2087 1198 2142 “.
1229 2107 1248 2142 ι
1275 2089 1384 2146 Nec
1412 2108 1541 2151 vero
1564 2096 1778 2155 diﬂicile
1800 2112 1905 2169 est,
1927 2108 2089 2163 etiam

507 2181 735 2226 mortem
761 2174 878 2243 ejus
905 2180 1201 2234 secundum
1232 2198 1471 2251 carnem,
1491 2198 1545 2242 et
1565 2206 1629 2245 ex
1657 2198 1885 2252 mortuis
1910 2214 2092 2255 resur-

507 2262 800 2317 rectionem
837 2267 1038 2323 nostris
1072 2271 1251 2329 verbis
1284 2279 1613 2335 annuntiare
1649 2300 1663 2336 :
1701 2296 1756 2338 et
1787 2290 1940 2356 quasi
1975 2294 2091 2361 pri-

506 2352 688 2405 mitias
715 2354 964 2412 humante
990 2369 1200 2415 natura:
1228 2363 1297 2417 ad
1326 2365 1789 2440 incorruptionem
1820 2392 2091 2437 renovatae

505 2440 572 2494 ad
612 2442 829 2501 Patrem
879 2452 1302 2519 ascendisse,et
1348 2458 1401 2512 in
1450 2462 1604 2519 caelis
1652 2471 1993 2541 consedisse,
2027 2492 2091 2531 ac

505 2538 798 2594 constituto
825 2550 1067 2613 tempore
1090 2556 1399 2617 venturum,
1416 2552 1765 2628 judicetnque
1786 2579 2086 2624 sessurntn.

505 2624 739 2685 Proinde
788 2632 1021 2691 hominis
1064 2654 1241 2707 penna
1282 2642 1349 2697 de
1403 2624 1742 2707 humanitate
1790 2655 2087 2727 Unigeniti,

506 2716 752 2776 homines
801 2726 995 2794 spiritu
1041 2728 1204 2786 amati
1263 2739 1628 2796 conscribunt.
1682 2744 1852 2801 Porro
1907 2763 2088 2807 autem

505 2813 779 2881 praecipit,
804 2816 1055 2887 inquiens
1085 2839 1098 2875 :
1126 2822 1316 2883 Testes
1352 2832 1484 2885 mihi
1518 2834 1716 2893 adhibe
1748 2840 1884 2897 fidos
1915 2843 2091 2900 homi-

505 2917 628 2971 nes,
670 2906 852 2963 Uriatn
892 2921 945 2965 et
981 2913 1301 2974 Zachariam
1343 2922 1512 2980 filium
1559 2928 1860 2989 Barachiae.
1898 2934 2088 2993 Scien-

504 2995 629 3049 dum
665 3014 773 3068 quo
810 3011 1049 3074 tempore
1084 3009 1150 3066 de
1182 3010 1329 3068 hisce
1364 3015 1527 3073 rebus
1563 3036 1742 3078 sermo
1784 3041 1811 3078 a
1856 3026 1971 3084 Deo
2020 3034 2088 3087 ad

504 3087 721 3145 beatum
748 3091 943 3150 Isaiam
972 3098 1188 3158 habitus
1211 3117 1315 3171 est,
1339 3105 1524 3165 Uriam
1553 3116 1869 3185 prophetam
1900 3120 2085 3187 fuisse,

504 3178 823 3240 Zachariam
858 3193 1194 3249 sacerdotem
1226 3208 1280 3252 et
1309 3199 1444 3272 legis
1478 3178 1779 3265 duetorem.
1808 3212 2088 3269 Adhiben-

504 3282 592 3330 tur
623 3292 753 3350 ergo
782 3282 852 3335 ad
888 3283 1030 3339 hanc
1062 3286 1128 3341 de
1160 3288 1375 3349 Christo
1408 3298 1847 3357 testiﬁcationem
1882 3318 2084 3378 mysta-

503 3369 686 3438 gogia,
733 3389 854 3442 quae
900 3376 1014 3447 lege
1058 3394 1271 3439 constat
1318 3391 1631 3462 sanctisque
1676 3397 1986 3466 pr0phetis,
2031 3412 2086 3457 et

502 3464 773 3532 cognitio,
805 3468 917 3524 sive
951 3474 1250 3540 praedictio.
1279 3477 1431 3535 Finis
1464 3464 1834 3558 quippeleg'is
1866 3506 1929 3546 ac
1959 3464 2086 3562 pro-

502 3554 784 3623 phetarum
812 3561 1079 3625 Christus.
1102 3568 1231 3626 Tale
1254 3574 1511 3643 quiddam
1540 3554 1894 3639 monstratum
1921 3554 2086 3645 fdisse

501 3650 704 3703 sanctis
728 3655 982 3720 apostolis
1010 3666 1250 3729 tempore
1278 3668 1770 3738 transfigurationis
1796 3675 1995 3731 Christi
2028 3680 2082 3735 in

502 3752 686 3798 monte
700 3749 1012 3808 asserimus.
1042 3753 1314 3826 Scriptum
1335 3771 1417 3816 est
1439 3765 1581 3818 enim
1609 3770 1754 3834 quod
1778 3790 1796 3822 ι
1824 3771 1948 3827 Post
1971 3776 2085 3831 dies

501 3845 598 3887 sex
633 3842 925 3908 assumpsit
955 3842 1112 3900 Jesus
1146 3848 1396 3918 Petrum,
1425 3865 1479 3909 et
1507 3856 1799 3926 Jacobutn,
1834 3863 1990 3937 133
2030 3877 2084 3923 et

502 3922 762 3983 Joannem
809 3932 1033 3990 fratrem
1085 3939 1233 4008 ejus,
1275 3955 1330 3998 et
1377 3945 1528 4001 ducit
1574 3950 1697 4007 illos
1744 3952 1797 4008 in
1846 3970 2082 4015 montem

505 4018 659 4075 valde
711 4026 986 4082 excelsum
1043 4046 1290 4090 seorsum
1349 4056 1362 4091 :
1421 4048 1476 4093 et
1534 4046 1951 4115 transfiguratus
1997 4062 2084 4108 est

506 4124 689 4165 coram
724 4115 876 4183 ipsis.
910 4118 974 4173 Et
1002 4125 1333 4194 resplenduit
1361 4131 1539 4187 vultus
1573 4134 1691 4203 ejus
1721 4140 1862 4193 sicut
1891 4143 2003 4207 sol,
2028 4155 2085 4200 et

503 4212 681 4259 vestes
718 4207 834 4273 ejus
879 4208 1033 4268 factae
1075 4228 1200 4271 sunt
1240 4223 1485 4277 eamlidse
1528 4226 1673 4281 sicut
1714 4228 1825 4286 lux.
1857 4232 1918 4286 Et
1956 4251 2083 4291 ecce

502 4306 868 4361 apparuerunt
905 4301 1005 4355 illis
1040 4304 1215 4361 Moses
1248 4320 1301 4363 et
1336 4312 1507 4376 Elias,
1546 4318 1915 4387 colloquentes
1960 4341 2081 4379 cum

503 4384 621 4451 ipso
642 4387 742 4443 ιε’.
783 4407 801 4441 ι
830 4390 1069 4451 Observa
1102 4399 1281 4470 itaque
1310 4410 1581 4472 quomodo
1609 4410 1783 4467 Moses
1812 4424 1868 4468 et
1900 4416 2040 4473 Elias
2064 4460 2079 4485 ,

504 4474 557 4526 id
602 4489 713 4545 est,
747 4484 1108 4541 sacerdotium
1156 4505 1219 4547 ac
1266 4493 1348 4547 lex
1392 4500 1641 4568 (utraque
1686 4505 1829 4557 enim
1862 4504 2077 4580 Moses),

1520 419 1580 475 S.
1621 420 1893 482 CYRILLI
1933 428 2403 491 ALEXANDRINI
2442 441 2765 505 ARCHIEP.

524 533 686 585 porro
733 519 821 576 hic
865 521 1003 579 liber
1051 527 1190 600 stylo
1238 531 1491 588 hominis.
1527 535 1669 602 Quid
1721 542 1833 596 ita?
1877 545 2089 611 Quandt

524 609 866 639 οηΡΜ-...ιεηιζ
909 617 1076 639 ---.I:_
1122 635 1325 639 ---μ-,κ
1418 635 1429 639 -
1799 634 1810 639 -
1988 638 1993 639 ,
2042 638 2045 639 ,

2205 554 2467 628 δευτέρας
2493 561 2776 637 διαθήκης,
2808 568 2931 639 ἥτις

519 609 867 667 enim'animi
906 617 1078 672 oculis
1118 635 1481 681 sacrosanctae
1527 640 1579 681 et
1620 634 2089 693 consubstantialit

520 698 773 720 ,.._.7._,_.
961 715 971 720 Α
1047 711 1057 720 .
1415 719 1420 720 κ

2206 609 2713 720 παραλαμϐάνεται,

3682 471 3792 527 220

2966 571 3060 625 ἐπὶ
3095 577 3399 646 κρείττοσιν
3429 584 3790 656 ἐπαγγελίαις

2749 657 2893 712 καθά
2939 679 3102 734 φησιν
3133 668 3161 718 6
3210 670 3500 740 ἱερώτατος
3548 677 3782 744 Παῦλος.

2204 737 2244 789 Γ
2251 739 2478 808 ράφεται
2507 742 2562 795 δὲ
2595 746 2623 798 6
2655 747 2818 817 τόμος
2861 754 3083 823 γραφίδι
3131 737 3439 830 ἀνθρώπου.
3480 737 3589 821 -Διὰ
3624 737 3766 824 ποία*

2203 830 2413 899 αίτίαν;
2446 833 2575 888 Ὅτε
2628 838 2728 908 μὲν
2769 845 2881 906 τοῖς
2930 847 3028 916 τῆς
3073 847 3311 916 διανοίας
3347 854 3556 926 ὄμμασι
3592 860 3653 914 τὸ
3686 866 3783 930 τὴς

2204 920 2368 987 ἁγίας
2388 924 2483 977 καὶ
2513 928 2799 996 όμοουσίου
2835 935 3065 1004 Τριάδος
3103 920 3648 1020 πολυπραγμονῶμεν
3680 920 3785 1023 po:

2205 1014 2448 1085 στήριον,
2485 1014 2603 1073 εἶτα
2655 1022 2836 1092 λέγειν
2885 1028 3094 1101 ἑτέροις
3138 1014 3501 1109 ἐπιχειρῶμεν
3535 1014 3644 1094 ἐσθ’
3680 1014 3780 1100 ’ὅτι

2198 1102 2297 1174 τὴν
2343 1107 2654 1180 ἀπόρρητον
2702 1115 2953 1188 γέννησιν
3008 1122 3103 1174 τοῦ
3155 1102 3476 1196 μονογενοῦς
3526 1131 3653 1185 Υίοῦ
3686 1133 3781 1189 τοῦ

2200 1195 2335 1248 Θεοῦ
2357 1213 2370 1228 ο
2405 1198 2525 1252 τότε
2552 1201 2638 1273 δὴ,
2670 1204 2789 1257 τότε
2816 1209 2973 1279 χρεία
3002 1214 3264 1282 γραφίδος
3293 1218 3424 1288 ἡμῖν
3452 1220 3550 1273 οὐκ
3576 1223 3781 1291 ἀνθρω-

2201 1285 2364 1359 πίνης
2389 1291 2482 1345 καὶ
2514 1293 2637 1346 καθ’
2671 1298 2835 1367 ἡμᾶς.
2864 1302 3023 1366 Ποῖος
3048 1304 3154 1375 γὰρ
3186 1308 3251 1361 ἂν
3285 1285 3507 1379 ἀρκέσει
3531 1312 3602 1387 [ε]
3624 1285 3779 1385 λόγος

2198 1379 2279 1443 είς
2331 1398 2394 1450 γε
2442 1384 2504 1437 τὸ
2549 1386 2810 1443 δύνασθαι
2856 1391 3176 1467 διατρανοῦν
3231 1400 3290 1453 τὸ
3346 1403 3486 1475 ὑπὲρ
3529 1379 3651 1460 νοῦν
3684 1379 3779 1463 καί

2197 1472 2391 1542 λόγον;
2435 1478 2672 1552 Ἀπόχρη
2719 1483 2773 1535 δὲ
2815 1485 2975 1555 μόνος
3012 1492 3124 1553 τοῖς
3167 1491 3341 1558 οὕτως
3402 1472 3639 1569 ἰσχυροῖς
3685 1502 3778 1554 καὶ

2198 1562 2339 1635 ὑπὲρ
2397 1566 2573 1622 πάντα
2623 1569 2747 1625 νοῦν
2798 1574 3128 1648 διηγήμασιν
3177 1584 3382 1649 ἐκεῖνος
3427 1562 3774 1661 όηκάλαμος,

2199 1658 2326 1725 περὶ
2357 1654 2417 1713 οὗ
2448 1678 2612 1731 φησιν
2644 1668 2672 1719 ό
2698 1668 2828 1733 Θεὸς
2858 1674 2952 1725 καὶ
3002 1675 3191 1745 Πατὴρ
3219 1677 3307 1729 διὰ
3336 1681 3521 1750 φωνῆς
3549 1681 3643 1736 τοῦ
3657 1654 3775 1737 Ἀάὲ

2198 1748 2319 1802 ϐίδ·
2360 1771 2378 1803 t
2431 1755 2497 1807 Ἡ
2529 1757 2752 1824 γλῶσσά
2798 1780 2900 1833 μου
2952 1765 3195 1837 κάλαμος
3242 1748 3618 1841 γραμματέως
3647 1776 3773 1841 ὀξυ-

2196 1843 2431 1914 Υράφου.
2466 1865 2483 1899 ι
2515 1846 2668 1903 Οἶδεν
2691 1854 2799 1924 γάρ
2820 1856 2988 1921 οὐδεὶς
3018 1858 3110 1911 τὸν
3138 1860 3282 1926 Υῑὺν,
3317 1866 3364 1916 εί
3395 1864 3468 1935 μὴ
3499 1867 3527 1918 6
3550 1869 3771 1941 Πατήρο

2687 1944 2855 2014 ατέρα
2897 1948 3073 2011 οὐδεὶς
3108 1952 3457 2019 ἐπιγινώσκει
3489 1957 3572 2019 τίς
3606 1960 3773 2024 ἐστιν,

2193 2022 2339 2094 εἰμὴ
2364 2026 2391 2078 6
2421 2026 2566 2093 Υἱὸς,
2592 2030 2683 2083 και
2709 2026 2752 2098 ᾧ
2784 2034 2879 2086 ἐὰν
2912 2035 3168 2106 βούληται
3194 2043 3221 2093 ό
3255 2042 3378 2105 Υἱὸς
3404 2022 3771 2117 ἀποκαλύψαιῤ

2196 2114 2365 2170 Ὅταν
2391 2118 2447 2170 δὲ
2470 2119 2596 2184 τοὺς
2626 2123 2755 2195 περὶ
2780 2126 2881 2197 τῆς
2910 2129 3375 2203 ὲνανθρωπήσεως
3397 2136 3560 2189 αὐτοῦ
3593 2139 3775 2193 ποιού-

2196 2208 2334 2277 μεθα
2360 2209 2570 2280 λόγους,
2603 2214 2723 2268 τότε
2752 2216 2836 2289 δὴ,
2871 2219 2991 2273 τότε
3022 2224 3180 2292 χρεία
3209 2226 3466 2295 γραφίδος
3496 2229 3774 2300 ἀνθρωπί-

2191 2315 2321 2370 νης·
2356 2302 2383 2355 ὃ
2415 2302 2477 2374 δὴ
2509 2307 2603 2359 καὶ
2650 2308 2931 2381 πέπραχεν
2975 2315 3003 2366 6
3053 2316 3214 2384 σοφὸς
3260 2318 3511 2390 Ἰωάννης
3558 2322 3726 2390 λέγων
3752 2342 3766 2356 ·

2199 2406 2218 2437 ‹
2270 2390 2326 2442 Ὁ
2360 2392 2531 2461 Λόγος
2558 2395 2693 2468 σάρξ
2720 2399 2955 2465 ἐγένετο,
3003 2406 3097 2457 καὶ
3130 2407 3438 2478 ἐσκήνωσεν
3466 2412 3522 2464 ὲν
3552 2414 3703 2482 ἡμῖν.
3745 2433 3764 2466 ι

2191 2483 2439 2539 Χαλεπὸν
2465 2488 2522 2541 δὲ
2552 2490 2689 2554 ὅλως
2721 2493 2892 2558 οὐδὲν,
2930 2496 3025 2549 καὶ
3057 2497 3147 2551 τὸν
3179 2501 3317 2554 κατὰ
3342 2502 3522 2574 σάρκα
3542 2504 3771 2561 θάνατον

2190 2575 2377 2639 αὐτοῦ,
2406 2580 2501 2633 καὶ
2529 2580 2627 2652 τὴν
2657 2583 2720 2635 ἐκ
2754 2585 2963 2657 νεκρῶν
2997 2589 3293 2645 ἀνάστασιν
3319 2597 3439 2658 ταῖς
3474 2597 3595 2649 καθ’
3626 2601 3771 2669 ἡμᾶς

2190 2665 2544 2735 ἁναγγέλλειν
2593 2676 2818 2739 φωναῖς,
2876 2676 2967 2729 καὶ
3013 2678 3095 2732 ὅτι
3131 2683 3458 2752 πρωτόλειον
3487 2665 3676 2759 ῶσπερ
3720 2707 3772 2743 τι

2190 2757 2284 2808 καὶ
2337 2758 2557 2831 ἀπαρχὴ
2614 2765 2712 2833 τῆς
2765 2764 3052 2835 ἀνθρώπου
3113 2771 3328 2840 φύσεως
3373 2757 3772 2851 ἁνανεουμένης

2190 2848 2271 2909 εἰς
2300 2848 2629 2922 ἀφθαρσίαν,
2666 2856 2831 2930 ἀνέϐη
2861 2860 2997 2930 πρὸς
3025 2861 3116 2914 τὸν
3147 2864 3385 2935 Πατέρα,
3422 2867 3516 2920 καὶ
3551 2848 3770 2923 κεκάθι-

2191 2954 2285 2991 κεν
2330 2942 2387 2992 ὲν
2432 2946 2543 3007 τοῖς
2590 2946 2856 3017 οὐρανοῖς,
2897 2952 3052 3016 ’Ἥξει
3088 2971 3147 3006 τε
3192 2956 3332 3009 κατὰ
3384 2959 3627 3030 καιροὺς,
3676 2960 3771 3035 καὶτ

2191 3032 2458 3088 καθιεῖται
2496 3041 2708 3109 κριτής.
2741 3042 2949 3097 Οὐκοῦν
2986 3045 3273 3117 ἀνθρώπου
3301 3049 3519 3119 γραφίδι
3549 3049 3618 3102 τὰ
3644 3032 3771 3122 περί

2189 3122 2289 3194 τῆς
2331 3127 2797 3201 ὲνανθρωτιήσεως
2834 3134 2928 3188 τοῦ
2982 3138 3321 3207 Μονογενοῦς
3370 3142 3672 3211 γράφουσιν
3722 3145 3769 3196 οἱ

2190 3223 2691 3293 πνευματογράφοι.
2720 3227 3149 3297 Προσεπιτάττει
3175 3232 3230 3285 δὲ
3252 3232 3424 3301 λέγων
3447 3250 3461 3265 ο
3506 3253 3524 3286 ι
3544 3235 3768 3304 Μάρτυ-

2190 3312 2291 3382 ράς
2319 3330 2406 3383 μοι
2435 3315 2658 3387 ποίησον
2684 3322 2909 3384 πιστοὺς
2928 3323 3270 3395 ἀνθρώπους,
3302 3327 3393 3380 τὸν
3426 3328 3646 3398 Οὐρίαν,
3675 3327 3771 3382 καὶ

2184 3404 2275 3457 τὸν
2315 3406 2591 3479 Ζαχαρίαν
2621 3411 2734 3463 υἱὸν
2763 3413 3057 3484 Βαραχίου.
3090 3436 3108 3468 ›
3159 3419 3352 3473 Ἰστέον
3406 3420 3464 3473 δὲ
3518 3421 3599 3474 ὅτι
3650 3420 3771 3473 κατ’

2186 3497 2369 3551 έκεῖνο
2413 3499 2508 3552 τοῦ
2564 3503 2783 3574 καιροῦ,
2838 3507 2962 3560 καθ’
2999 3507 3057 3561 ὃν
3108 3511 3136 3563 6
3188 3513 3316 3581 περὶ
3363 3516 3567 3566 τούτων
3612 3512 3767 3581 λόγος

2186 3590 2336 3657 παρὰ
2394 3590 2530 3645 Θεοῦ
2566 3593 2756 3662 γέγονε
2784 3599 2920 3669 πρὸς
2945 3601 3038 3654 τὸν
3067 3603 3335 3674 μακάριον
3378 3603 3627 3669 Ἡσαΐαν,
3659 3606 3768 3658 Οὐ-

2187 3684 2310 3755 ρίας
2339 3685 2436 3756 μὲν
2473 3682 2541 3757 ἦν
2589 3705 2674 3752 τις
2713 3693 3032 3764 προφήτης,
3075 3698 3346 3769 Ζαχαρίας
3383 3698 3559 3768 γεμὴν
3591 3698 3770 3769 ἱερεὺς

2185 3777 2279 3829 καὶ
2327 3779 2797 3847 νομοδιδάσκαλος.
2864 3786 3391 3859 Παραλαμόάνονται
3454 3790 3634 3844 τοίνυν
3689 3791 3770 3853 είς

2187 3871 2495 3940 μαρτυρίαν
2525 3871 2623 3943 τὴν
2652 3875 2745 3926 ἐπὶ
2772 3876 3067 3951 Χριστῷ,ῆ
3097 3898 3155 3933 τε
3192 3881 3279 3934 διὰ
3317 3882 3480 3951 νόμου
3517 3883 3610 3935 καὶ
3640 3900 3771 3954 προ-

2185 3960 2371 4029 φητῶν
2405 3963 2574 4031 ἁγίων
2605 3970 2963 4037 μυσταγωγία
2999 3971 3092 4024 καὶ
3141 3972 3375 4039 σύνεσις,
3421 3973 3588 4043 ἤγουν
3634 3992 3768 4045 προ-

2183 4054 2490 4126 αγόρευσις.
2524 4058 2688 4122 Τέλος
2711 4060 2821 4133 γὰρ
2848 4062 3012 4133 νόμου
3034 4064 3128 4117 καὶ
3148 4065 3438 4136 προφητῶν
3466 4067 3493 4119 6
3512 4067 3761 4138 Χριστός.

2184 4146 2438 4201 Τοιοῦτόν
2465 4166 2519 4201 τι
2545 4150 2813 4221 δεδεῖχθαί
2849 4172 3027 4225 φαμεν
3070 4158 3182 4220 τοῖς
3230 4158 3403 4224 ἁγίοις
3449 4159 3763 4222 ἀποστόλοις

2185 4239 2243 4292 ὲν
2273 4240 2451 4312 καιρῷ
2495 4242 2594 4313 τῆς
2633 4247 2692 4298 ἐν
2736 4245 2813 4316 τῷ
2842 4247 2955 4318 ὄρει
2994 4249 3466 4321 μεταμορφώσεως
3513 4251 3605 4304 τοῦ
3636 4252 3768 4322 Χρι-

2186 4334 2333 4387 στοῦ.
2354 4334 2663 4406 Γέγραπται
2686 4338 2814 4409 γὰρ,
2838 4339 2917 4392 ὅτι
2940 4359 2959 4391 ι
2991 4341 3123 4393 Μεθ’
3146 4343 3355 4414 ἡμέρας
3383 4343 3439 4410 ἒξ
3464 4343 3768 4413 παρέλαϐεν

2183 4426 2212 4477 6
2250 4426 2455 4496 Ἰησοῦς
2505 4429 2596 4483 τὸν
2641 4432 2870 4502 Πέτρον,
2918 4435 3010 4487 καὶ
3061 4435 3151 4487 τὸν
3215 4437 3490 4503 Ἰάκωὸον,
3542 4439 3634 4491 καὶ
3675 4438 3767 4490 τὸν

2198 4518 2451 4590 Ἰωάννην
2484 4522 2575 4574 τὸν
2604 4523 2835 4594 ἀδελφὸν
2884 4527 3075 4594 αὑτοῦ,
3125 4530 3217 4583 καὶ
3271 4531 3530 4601 ἀναφέρει
3569 4531 3764 4594 αὐτοὺς

502 4568 633 4634 quin
658 4581 712 4626 et
735 4573 878 4630 Elias
901 4592 1207 4652 assumptus
1233 4601 1361 4641 an.e
1387 4589 1578 4645 faciem
1609 4607 1922 4652 sanctorum
1956 4617 2079 4670 pro-

503 4662 783 4691 ι.Ι.,ιίη....-.-
883 4671 980 4691 :_-:
1026 4674 1036 4691 ε
1060 4684 1123 4691 _.,
1377 4680 1409 4691 ..
1562 4688 1570 4691 .

2496 4568 2568 4574 η-
2606 4568 2731 4577 η-..
2778 4568 2830 4579 -,
2884 4568 3049 4580 ..πη
3125 4568 3217 4583 η...
3271 4568 3374 4583 νη..
3419 4568 3443 4583 ε
3483 4568 3530 4583 ..ν
3569 4568 3761 4594 ..υνυς

2190 4568 2418 4680 εἱςνὸρος
2449 4612 2650 4682 ὑψηλὸν
2701 4568 2820 4668 κάτ’
2869 4568 3177 4671 ἰδίαν-’καὶ
3222 4568 3618 4691 μετεμὶργφὼθη
3667 4620 3765 4690 έμ-

503 4662 819 4732 pltetarum,
881 4671 981 4740 ipsi
1025 4674 1166 4729 inter
1207 4693 1266 4733 se
1307 4680 1757 4752 colloquebantur
1795 4693 1861 4747 de
1898 4696 2079 4761 exitu,

501 4773 660 4823 quem
689 4774 832 4818 esset
863 4766 914 4819 in
941 4766 1240 4827 Jerusalem
1280 4776 1616 4846 impleturus.
1644 4782 1829 4848 Qualis
1864 4788 2078 4841 tandem

502 4852 717 4907 exitus?
761 4856 1186 4926 Dispensationis
1222 4867 1475 4923 nimirum
1518 4872 1668 4937 finis,
1702 4891 1868 4940 crux,
1899 4894 2075 4945 mors,

501 4957 569 4994 ex
614 4948 842 5002 mortuis
888 4956 1246 5021 resurrectio,
1280 4958 1333 5011 itt
1382 4962 1549 5016 caelos
1591 4968 1911 5035 assumptio.
1945 4969 2078 5024 Nam

505 5034 619 5089 lnec
653 5040 834 5091 omnia
870 5044 1239 5113 prteﬁguravit
1272 5065 1366 5118 per
1399 5053 1643 5107 umbram
1683 5034 1799 5120 lex,
1832 5060 2079 5126 prazdixit

502 5129 663 5181 etiam
709 5131 930 5188 illustris
971 5146 1026 5192 et
1065 5155 1291 5210 magnus
1335 5156 1645 5201 sanctorum
1691 5152 2075 5217 prophetarum

503 5216 719 5276 chorus.

2178 4699 2414 4770 πρόσθεν
2442 4702 2644 4759 αὐτῶν.
2682 4705 2792 4758 Καὶ
2819 4704 3029 4778 ἔλαμψε
3059 4710 3121 4761 τὸ
3160 4710 3451 4781 πρόσωπον
3487 4711 3649 4764 αὐτοῦ
3688 4712 3765 4774 ὡς

2178 4790 2207 4841 ὁ
2252 4788 2423 4859 ἥλιος,
2476 4792 2576 4876 καὶ
2622 4794 2690 4845 τὰ
2742 4796 2933 4865 ἱμάτια
2986 4797 3151 4851 αὑτοῦ
3192 4799 3358 4852 λευκὰ
3402 4800 3477 4861 ὡς
3518 4799 3579 4852 τὸ
3626 4800 3762 4867 φῶς.

2179 4880 2289 4933 Καὶ
2320 4881 2428 4934 ἰδοὺ
2458 4880 2719 4954 ὤφθησαν
2747 4889 2933 4951 αὐτοῖς
2966 4890 3171 4960 Μωσῆς
3213 4891 3307 4944 καὶ
3354 4890 3542 4954 Ἠλίας
3578 4892 3767 4945 συλλα-

2178 4974 2397 5040 λοῦντες
2427 4981 2544 5050 μετ’
2597 4982 2783 5041 αὐτοῦ.
2826 5002 2844 5036 ι
2884 4983 3076 5056 Ἀθρει
3108 4986 3170 5056 δὴ
3222 4982 3314 5039 οὖν
3362 4988 3510 5051 ὅπως
3557 4986 3764 5055 Μωσῆς

2182 5069 2277 5120 καὶ
2316 5069 2520 5136 Ἠλίας,
2554 5072 2695 5126 τοῦτ’
2733 5074 2903 5140 ἐστιν,
2937 5077 3205 5149 ἱερωσύνη
3238 5078 3330 5131 καὶ
3362 5078 3526 5149 νόμος
3560 5078 3764 5148 (ἀμφό-

2182 5176 2313 5230 τερα
2345 5161 2453 5232 γὰρ
2496 5165 2523 5216 ὁ
2566 5164 2814 5235 Μωσῆς),
2847 5167 2940 5220 καὶ
2987 5169 3093 5240 μὴν
3120 5169 3214 5222 καὶ
3260 5168 3442 5270 Ἠλίας
3468 5169 3548 5232 είς

2182 5265 2330 5303 ωπον
2364 5251 2471 5304 τῶν
2502 5253 2670 5322 ἁγίων
2729 5258 3023 5328 προφητῶν
3062 5258 3468 5331 παραληφθεὶς,
3500 5258 3765 5331 προσελά-

503 5314 627 5368 λουν
680 5318 950 5393 ἀλλήλοις,
1004 5330 1263 5401 περὶτῆς
1310 5332 1514 5399 ἐξόδου,
1566 5337 1750 5407 φησὶν,
1792 5332 1860 5408 ἧς
1911 5338 2102 5411 ἔμελλε
2142 5345 2385 5419 πληροῦν
2432 5353 2490 5403 ἐν
2533 5314 2910 5426 ’ίερουσαλήμί
2952 5356 3086 5409 Ποία
3115 5356 3171 5408 δὲ
3215 5356 3426 5423 ἔξοδος;
3462 5357 3573 5426 Τῆς
3615 5356 3762 5407 οἶκο-

505 5409 695 5481 νομίας
721 5415 959 5485 δηλονότι
983 5421 1044 5474 τὸ
1082 5424 1277 5494 πέρας,
1317 5426 1345 5477 ὁ
1378 5429 1627 5500 σταυρὸς,
1658 5431 1686 5481 6
1715 5409 1964 5500 θάνατος,
2016 5436 2109 5489 καὶ
2174 5409 2267 5492 ἐκ..
2286 5444 2493 5515 νεκρῶν
2557 5409 2889 5515 άῦαϐίωσιέ,
2938 5449 2972 5518 ή
3037 5449 3118 5512 είς
3164 5450 3427 5520 οὐρανοὺς
3474 5446 3758 5517 ἀνάληψις-

506 5505 687 5560 Ταῦτα
736 5509 844 5581 γὰρ
894 5514 1071 5570 πάντα
1120 5523 1491 5590 προανετόπου
1555 5526 1653 5595 μὲν
1713 5529 1799 5580 διὰ
1854 5532 2009 5592 σκιᾶς
2058 5533 2086 5584 6
2135 5535 2329 5604 νόμος,
2385 5505 2783 5615 ’προηγόρευσε
2831 5544 2888 5599 δὲ
2938 5545 3033 5597 καὶ
3074 5546 3103 5598 6
3149 5544 3401 5616 λαμπρὸς
3446 5544 3542 5599 καὶ
3591 5543 3762 5615 μέγας

504 5601 614 5655 τῶν
642 5605 813 5672 ἁγίων
847 5613 1137 5683 προφητῶν
1166 5619 1193 5669 6
1220 5620 1397 5689 χορός.

581 5845 791 5930 ξῬδθΙ.
821 5870 965 5925 xuv,
988 5860 1041 5913 :2.
1122 5863 1163 5894 ³⁸
1186 5862 1340 5919 Juan.
1369 5886 1404 5933 ι,
1441 5872 1489 5924 l.
1566 5873 1607 5904 ⁸⁸
1632 5880 1644 5892 ⁸
1671 5872 1856 5929 Matth.
1890 5890 2015 5939 xvn,
2050 5875 2095 5939 Ι,
2121 5877 2173 5929 5.
