4152 6366
425 420 526 476 εει

1555 420 1618 474 ΙΝ
1659 420 1887 475 lSAlAM
1926 419 2052 474 LIB.
2095 420 2134 475 1.
2178 420 2384 475 ΟΒᾹΤ.
2430 424 2492 475 ν.

3544 420 3655 473 ’Ξὲἰ

498 538 603 593 Καὶ
625 536 930 605 προσῆλθε
948 537 1094 606 πρὸς
1109 538 1221 606 τὴν
1236 538 1544 609 προφῆτιν,
1569 541 1664 595 καὶ
1682 542 1751 594 ἐν
1778 541 1985 611 γαστρὶ

2159 540 2321 595 Vens.
2350 542 2402 595 5.
2438 538 2504 593 Et
2536 538 2747 592 accessit
2780 537 2848 590 ad
2877 538 3249 606 prophetissam
3285 551 3302 588 :
3336 544 3384 587 et
3415 535 3470 587 in
3507 546 3651 588 utero

430 629 625 691 ἔλαϐε,
667 630 762 683 καὶ
807 630 1010 683 ἔτεκεν
1043 630 1247 699 ἄρσεν.

502 723 622 776 Ὅτι
653 723 726 792 μὴ
756 722 812 788 ἐξ
854 722 1082 792 αἵματος
1116 725 1207 776 καὶ
1252 725 1469 795 σαρκὸς,
1508 726 1641 795 μήτε
1676 726 1779 796 μὴν
1807 726 1871 779 ὲκ
1898 727 1988 778 θε-

430 813 669 885 λήματος
712 811 919 885 ἀνδρὸς,
953 815 986 883 ἠ
1025 814 1165 867 κατὰ
1195 816 1371 885 σάρκα
1403 817 1635 887 Χριστοῦ
1680 818 1987 888 πέπρακται

430 908 697 977 γέννησις,
752 909 1125 980 καινοπρεπὴς
1173 908 1229 961 δέ
1276 926 1358 971 τις
1400 902 1466 979 ἦν
1514 909 1607 963 καὶ
1655 910 1846 980 ἀήθης,
1894 910 1989 963 καὶ

430 999 537 1052 τῶν
568 999 667 1070 τῆς
711 998 1056 1071 ἀνθρωπίνης
1102 1000 1315 1069 φύσεως
1356 1002 1612 1056 ἐπέκεινα
1659 1003 1855 1071 νόμων,
1882 1004 1988 1056 ἁπ-

432 1091 665 1159 εκάλυψε
716 1090 793 1161 τῷ
847 1094 1098 1165 προφήτῃ
1151 1091 1299 1156 Θεὸς.
1358 1094 1527 1156 Αὐτὸς
1573 1093 1680 1164 γάρ
1743 1110 1905 1163 φησιν
1961 1094 1990 1147 6

432 1184 635 1251 λέγων·
684 1202 704 1235 ι
755 1183 897 1237 Λάϐε
959 1166 1168 1255 σεαυτῷ
1211 1184 1375 1254 τόμον
1430 1185 1616 1239 καινοῦ
1662 1186 1916 1256 μεγάλου.
1966 1204 1985 1237 ι

433 1275 707 1346 Προσῆλθε
743 1276 876 1346 πρὸς
914 1276 1013 1346 τὴν
1058 1278 1343 1347 προφῆτιν.
1383 1276 1571 1346 Ἀθρει
1598 1277 1659 1348 δὴ
1706 1274 1817 1343 οὖν,
1844 1279 1990 1341 ὅπως

432 1366 718 1438 ἀνθρώπου
757 1367 977 1435 γραφίδι
1023 1367 1085 1420 τὸ
1112 1367 1345 1439 Χριστοῦ
1379 1370 1670 1438 μυστήριον
1696 1368 1789 1421 καὶ
1816 1368 1991 1436 λόγοις

431 1460 697 1530 γράφεται
728 1462 837 1523 τοῖς
862 1459 1159 1530 καθ’ήμᾶς.
1179 1459 1251 1512 Τὸ
1278 1459 1386 1530 γάρ
1403 1477 1502 1524 τοι,
1528 1460 1849 1531 προσῆλθεν,
1874 1460 1993 1524 ἔθος

432 1554 497 1621 τῇ
547 1550 665 1622 θείᾳ
706 1551 883 1619 λέγειν
930 1552 1139 1623 Γραφῇ,
1174 1552 1293 1606 ἀντὶ
1326 1550 1444 1617 τοῦ,
1481 1552 1757 1624 συνῆλθεν,
1802 1551 1989 1623 ήγουν,

434 1642 791 1713 κεκοινώνηκε
832 1644 1102 1713 γαμικῶς.
1144 1642 1276 1715 Ὁρᾷ
1307 1643 1591 1715 τοιγαροῦν
1647 1644 1675 1696 6
1714 1646 1993 1716 προφήτης

434 1735 526 1787 καὶ
572 1735 785 1787 συνόδου
832 1735 1011 1804 σχῆμα
1040 1736 1256 1803 γεγονὸς
1286 1736 1418 1806 πρὸς
1458 1735 1556 1807 τὴν
1592 1736 1749 1804 ἁγίαν
1785 1736 1994 1807 Παρθέ-

432 1842 541 1889 νον,
573 1825 637 1897 ἢν
663 1821 802 1879 εἶναί
846 1844 977 1897 φησι
1011 1828 1103 1879 καὶ
1136 1827 1421 1897 προφῆτιν,
1464 1829 1693 1899 πρᾶγμα
1730 1827 1994 1881 διδάσκων

433 1916 659 1985 ἁληθές’
700 1910 819 1968 εἶτα
860 1916 951 1968 καὶ
1006 1916 1262 1985 σύλληψιν
1306 1916 1633 1986 γεγενῆσθαί
1680 1934 1863 1988 φησιν,
1906 1933 1994 1969 τε·

432 2007 622 2076 χθῆναι
667 2005 723 2058 δὲ
755 2007 848 2059 καὶ
891 2006 1022 2059 υἱόν.
1070 2007 1243 2070 Ὀξεῖα
1276 2007 1333 2061 δὲ
1384 2008 1585 2079 σφόδρα
1611 2010 1710 2079 τῆς
1752 2011 1995 2081 ὁράσεως

432 2101 465 2167 ή
517 2098 791 2162 ἀπόδοσις,
816 2098 993 2151 πάντα
1038 2098 1123 2169 τῷ
1160 2101 1412 2173 προφήτῃ
1457 2102 1816 2171 παρατιθεῖσα
1860 2102 1996 2173 πρὸς

434 2190 651 2258 γνῶσιν.
695 2191 813 2242 ’Ότι
861 2190 967 2261 γὰρ
1010 2190 1067 2255 ἐξ
1097 2193 1252 2259 ἁγίου
1290 2191 1602 2261 Πνεῦματος
1642 2194 1701 2245 τὸ
1733 2195 1996 2262 πανάγιον

435 2285 608 2335 ἐκεῖνο
650 2282 970 2351 διεπήγνυτο
1010 2283 1167 2352 σῶμα
1212 2285 1274 2335 τὸ
1317 2284 1509 2337 ἑνωθὲν
1550 2285 1626 2355 τῷ
1669 2287 1845 2356 Λόγῳ,
1878 2286 1994 2350 πῶς

437 2372 502 2423 ἂν
524 2372 809 2425 ἐνδοιάσειέ
832 2391 915 2436 τις
937 2390 950 2436 ;
980 2374 1185 2427 Οὐκοῦν
1212 2375 1359 2445 ήτοῦ
1382 2377 1519 2429 Πνεῦ
1528 2396 1694 2448 ματος
1724 2379 1993 2450 ἐνέργεια,

436 2464 499 2515 δι’
529 2460 594 2535 ἦς
627 2465 686 2516 τὸ
714 2467 771 2517 ὲν
793 2468 856 2536 τῇ
889 2466 1018 2536 ἁγία
1047 2467 1303 2536 Παρθένῳ
1328 2468 1672 2522 διεπλάττετο
1702 2471 1879 2540 σῶμα,
1920 2471 1996 2541 τῷ

436 2556 533 2624 τῆς
559 2556 773 2609 συνόδου
802 2559 1035 2627 σχήματι
1081 2559 1323 2627 πλαγίως
1371 2562 1817 2631 κατεσημαίνετο.
1864 2563 1998 2616 Ἀττ-

437 2646 578 2716 αρχὴ
601 2648 707 2717 γάρ
736 2647 923 2715 γέγονε
951 2649 1043 2701 καὶ
1088 2650 1228 2702 κατὰ
1266 2652 1420 2705 τοῦτο
1448 2654 1676 2722 Χριστὸς
1705 2652 1812 2706 τῶν
1836 2655 1995 2724 ἡγια-

436 2739 641 2806 σμὲνων
671 2740 727 2791 ἐν
776 2739 1067 2810 πνεύματι,
1102 2741 1151 2793 οἳ
1200 2741 1298 2794 οὐκ
1347 2741 1405 2808 ἐξ
1454 2743 1717 2813 αἱμάτων,
1767 2745 1887 2798 οὐδὲ
1933 2750 1997 2800 ἐκ

433 2830 731 2899 θελήματος
764 2831 987 2902 σαρκὸς.
1028 2832 1147 2885 οὐδὲ
1192 2834 1256 2885 ὲκ
1301 2832 1598 2904 θελήματος
1634 2835 1844 2905 ἀνδρὸς,
1881 2838 1995 2890 ἁλλ’

432 2924 496 2973 ἐκ
523 2921 654 2973 θεοῦ
686 2924 1070 2994 ἐγεννήθησαν.
1107 2924 1364 2996 Γεννητὸς
1392 2922 1483 2979 οὖν
1514 2926 1830 2995 Πνεῦματος
1860 2930 1998 2983 κατά

2088 636 2340 699 concepit,
2364 641 2413 686 et
2439 632 2629 699 peperit
2656 630 2849 698 ﬁlium.

2159 726 2310 792 Quod
2344 739 2449 777 non
2475 738 2539 775 ex
2568 722 2825 791 sanguine
2856 730 2908 774 et
2938 734 3134 787 carne,
3163 734 3337 789 neque
3363 733 3431 773 ex
3460 717 3652 772 volun-

2091 824 2197 869 tate
2224 815 2343 876 viri,
2368 813 2567 868 Christi
2599 813 2849 866 nativitas
2873 814 3161 866 seetmdutn
3191 825 3406 864 carnem
3432 820 3652 879 peracta

2088 909 2270 971 fuerit,
2295 907 2389 961 sed
2416 918 2468 960 et
2492 905 2727 967 insolita,
2750 912 2803 959 et
2828 903 2962 957 ultra
2994 902 3138 972 leges
3168 901 3417 955 humanae
3448 911 3654 954 natura:

2090 1000 2389 1061 exstiterit,
2422 998 2562 1053 Deus
2608 998 2879 1067 prophetae
2933 992 3206 1048 revelavit.
3240 992 3452 1046 Etenim
3506 991 3650 1060 ipse,

2092 1092 2296 1159 inquit,
2343 1090 2434 1160 qui
2489 1089 2620 1143 dicit
2681 1106 2695 1142 ε
2760 1105 2780 1138 ι
2844 1085 2989 1154 Cape
3048 1084 3145 1137 tibi
3201 1084 3396 1138 librum
3452 1097 3651 1136 novum

2094 1199 2380 1254 magnum,
2434 1201 2453 1235 ι
2504 1181 2734 1235 accessit
2788 1180 2852 1233 ad
2904 1179 3316 1248 prophetissam.
3360 1174 3651 1229 Considera

2091 1290 2220 1329 vero
2250 1288 2355 1344 quo
2385 1280 2541 1341 pacto
2562 1271 2796 1325 hominis
2823 1269 3071 1339 penicillo
3104 1269 3301 1322 Christi
3337 1267 3651 1338 mysterium

2092 1366 2397 1434 nostrisque
2430 1363 2607 1417 verbis
2640 1362 2929 1415 scribatur.
2966 1359 3101 1414 Illud
3134 1372 3345 1424 autem,
3379 1358 3652 1421 Accessit,

2091 1476 2190 1532 pro
2221 1459 2383 1523 Coiit,
2405 1458 2489 1512 vel
2513 1456 2773 1524 conjugali
2810 1456 2912 1509 ritu
2946 1453 3385 1516 communicavit,
3411 1468 3475 1507 ex
3509 1467 3655 1505 more

2092 1568 2190 1611 suo
2237 1552 2367 1605 dicit
2412 1550 2593 1604 divina
2655 1548 2954 1618 Scriptura.
3007 1544 3163 1599 Videt
3210 1560 3340 1615 ergo
3391 1544 3653 1613 propheta

2091 1645 2251 1699 etiam
2284 1657 2604 1712 congressus
2630 1641 2855 1693 formam
2881 1654 3002 1693 cum
3028 1648 3211 1691 sancta
3238 1636 3478 1704 Virgine,
3496 1648 3654 1703 quam

2096 1735 2488 1806 prophetissam
2536 1748 2747 1801 quoque
2795 1732 2955 1792 dicit,
3000 1745 3109 1785 rem
3164 1742 3345 1782 veram
3394 1727 3592 1782 docens
3640 1743 3653 1777 :

2095 1828 2214 1881 dein
2245 1836 2293 1879 et
2328 1827 2730 1894 conceptionem
2763 1823 2958 1877 factam
2989 1824 3086 1883 ait,
3119 1821 3393 1889 liliumque
3423 1821 3647 1875 editum.

2097 1918 2337 1986 Namque
2366 1934 2396 1972 a
2426 1929 2614 1972 Sancto
2636 1916 2835 1986 Spiritu
2863 1916 3261 1969 sanctissimum
3292 1913 3416 1968 illud
3442 1928 3658 1981 corpus,

2096 2009 2272 2064 Verbo
2303 2010 2530 2069 unitum,
2554 2006 2717 2061 fuisse
2742 2006 3025 2059 formatum
3054 2006 3154 2076 (l),
3177 2006 3260 2060 cui
3287 2005 3505 2059 dubium
3538 2020 3660 2059 esse

2095 2102 2327 2171 poterit?
2362 2102 2623 2167 Quocirca
2663 2099 2897 2169 Spiritus
2934 2101 3102 2153 virtus
3138 2114 3201 2153 ac
3234 2100 3345 2165 vis,
3381 2112 3476 2168 per
3497 2113 3658 2167 quam

2097 2193 2225 2247 illud
2269 2206 2465 2259 corpus
2509 2191 2559 2243 in
2602 2198 2786 2244 sancta
2825 2190 3043 2257 Virgine
3083 2187 3370 2242 formatum
3414 2194 3529 2249 est,
3559 2186 3661 2240 hoc

2094 2299 2417 2355 congressus
2472 2284 2653 2337 habitu
2705 2297 2767 2335 ac
2818 2283 2983 2350 ﬁgura
3038 2281 3253 2348 oblique
3299 2279 3659 2350 significatur.

2094 2375 2351 2431 Primitiae
2389 2375 2652 2444 siquidem
2692 2374 2866 2428 factus
2901 2384 2983 2427 est
3016 2374 3141 2427 hinc
3181 2372 3431 2427 Christus
3473 2386 3659 2425 eormn

2096 2469 2184 2537 qui
2221 2469 2540 2523 sanctiticati
2576 2477 2700 2522 sunt
2732 2467 2784 2519 in
2820 2467 3042 2534 spiritu,
3076 2465 3167 2533 qui
3202 2479 3305 2518 non
3340 2480 3405 2517 ex
3441 2462 3657 2531 sangui-

2099 2562 2283 2623 uibus,
2316 2577 2486 2631 neque
2517 2576 2585 2615 ex
2620 2559 2893 2613 voluntate
2924 2558 3131 2621 carnis,
3164 2572 3260 2612 nec
3291 2572 3356 2610 ex
3390 2557 3663 2609 voluntate

2095 2654 2229 2716 viri,
2261 2654 2353 2707 sed
2380 2668 2443 2706 ex
2474 2652 2584 2706 Deo
2611 2651 2774 2721 geniti
2804 2659 2949 2707 sunt.
2978 2650 3146 2704 Natus
3175 2664 3302 2717 ergo
3332 2658 3413 2702 est
3439 2663 3504 2701 ex
3534 2663 3661 2701 sau-

2097 2756 2185 2799 cto
2213 2744 2412 2815 Spiritu
2441 2743 2591 2812 juxta
2622 2758 2841 2798 carnem
2868 2754 2921 2797 et
2947 2744 3058 2812 ipse
3081 2750 3203 2795 ante
3230 2741 3382 2801 alios,
3406 2748 3461 2793 ut
3485 2749 3539 2792 et
3566 2754 3664 2793 nos

2098 2852 2311 2908 quoque
2337 2852 2430 2903 per
2454 2836 2598 2889 illum
2635 2850 2997 2889 nasceremur.
3027 2833 3122 2886 llic
3155 2834 3316 2887 etiam
3347 2831 3664 2891 notandum,

2097 2930 2237 2996 quod
2294 2925 2450 2997 134
2499 2924 2681 2979 Uriam
2731 2936 2785 2978 et
2831 2924 3147 2979 Zachariam
3206 2933 3369 2978 testes
3420 2922 3663 2977 adhiberi

429 3027 495 3075 γε
537 3010 634 3081 τὴν
669 3012 846 3082 σάρκα
886 3014 980 3065 καὶ
1026 3013 1129 3083 πρὸ
1174 3014 1282 3066 τῶν
1327 3014 1501 3067 ἄλλων
1549 3016 1729 3081 αὐτὸς,
1767 3018 1851 3070 ἵνα
1902 3019 1993 3072 καὶ

2096 3022 2340 3089 iusserit,
2380 3028 2437 3073 ut
2475 3020 2582 3073 cito
2623 3018 2842 3087 diripiat
2888 3017 3079 3086 spolia.
3115 3017 3375 3086 Apposuit
3425 3017 3589 3069 etiam
3646 3031 3660 3067 :

431 3104 591 3173 ἡμεῖς
650 3103 717 3155 δι’
782 3105 942 3157 αὑτὸν
999 3106 1058 3157 ὲν
1121 3106 1348 3169 τούτοις.
1409 3106 1881 3179 Ἐπισημήνασθαι
1938 3111 1995 3165 δὲ

2097 3114 2262 3167 Adest
2289 3113 2449 3166 enim.
2482 3111 2782 3166 Attestatur
2806 3112 3002 3163 etenim
3038 3110 3117 3162 lex
3139 3152 3152 3173 ,
3178 3118 3232 3161 et
3259 3122 3419 3178 porro
3451 3118 3665 3162 sancto-

431 3197 745 3265 ἀναγκαῖον,
777 3197 857 3250 ὃτι
894 3197 983 3251 τὸν
1009 3198 1209 3268 Οὐρίαν
1239 3200 1331 3251 καὶ
1359 3200 1449 3253 τὸν
1489 3203 1761 3272 Ζαχαρίαν
1787 3204 1991 3275 μάρτυ-

2101 3220 2215 3257 rum
2249 3204 2625 3272 prophetarum
2656 3200 2961 3270 prmdictio,
2991 3200 3264 3254 Christum
3296 3208 3475 3252 natum
3509 3198 3665 3252 δςιιη-

432 3308 532 3359 ρας
574 3291 719 3361 αὐτῷ
749 3292 997 3359 γενέσθαι
1036 3294 1420 3363 προστέταχεν,
1465 3295 1557 3347 τοῦ
1605 3296 1768 3359 ὀξέως
1802 3314 1994 3367 προνο-

435 3383 539 3453 μὴν
556 3383 771 3454 ποιῆσαι
787 3383 1332 3453 σκύλων.Προσετίθει
1347 3386 1420 3451 δὲ,
1436 3388 1515 3439 ὃτι
1539 3406 1555 3437 ‹
1576 3388 1809 3459 Πάρεστι
1829 3389 1954 3457 γάρ.
1968 3407 1987 3439 ι

435 3474 842 3546 Μεμαρτῦρηκε
877 3476 985 3546 γὰρ
1019 3477 1047 3528 6
1086 3476 1268 3546 νόμος,
1316 3478 1410 3530 καὶ
1444 3478 1549 3549 μὴν
1594 3480 1625 3549 ή
1674 3480 1782 3532 τῶν
1822 3480 1993 3548 ἁγίων

434 3568 725 3639 προφητῶν
768 3568 1197 3640 πρωνάρρησις,
1246 3571 1327 3623 ὅτι
1367 3571 1646 3640 γεννηθεὶς
1689 3571 1717 3622 6
1760 3570 1995 3643 Χριστὸς

435 3658 713 3711 σκυλεύσει
759 3658 849 3711 τὸν
894 3661 1164 3721 Σατανᾶν,
1214 3660 1307 3713 καὶ¹
1366 3660 1655 3731 διαρπάσει
1702 3661 1771 3715 τά
1824 3661 1992 3731 σκεύη

430 3747 615 3810 αὑτοῦ,
665 3748 805 3801 καθά
852 3766 1013 3819 φησιν
1056 3749 1215 3812 αὐτὸς
1235 3791 1250 3814 ,
1284 3749 1426 3802 τοῦτ’
1456 3751 1543 3803 ἔστ
1556 3768 1622 3817 ιν,
1654 3752 1813 3816 ἰδίους
1840 3755 1996 3824 ποιή-

432 3857 583 3891 σεται
634 3842 757 3901 τοὺς
798 3840 1005 3894 ἐκείνου
1050 3842 1426 3912 προσκυνητάς
1472 3859 1621 3895 ποτε.
1672 3842 1845 3896 Τοῦτο
1885 3843 1991 3915 γὰρ

431 3934 524 3985 καὶ
552 3933 712 3996 αὐτὸς
752 3935 989 4002 ἔφασκεν
1036 3936 1063 3988 6
1100 3935 1354 4006 Χριστὸς,
1386 3937 1461 4000 ὡς
1505 3939 1563 4006 ἐν
1591 3937 1774 4009 τρόπῳ
1818 3956 1997 4008 παρα-

428 4025 720 4095 δείγματος
751 4025 959 4093 λέγων·
1010 4042 1031 4076 ε
1085 4026 1155 4078 Ἢ
1192 4025 1309 4088 πῶς
1354 4025 1576 4081 δύναταί
1618 4046 1703 4092 τις
1736 4029 1994 4083 εἰσελθεῖν

430 4116 512 4176 είς
554 4114 652 4185 τὴν
698 4115 873 4168 οίκίαν
920 4114 1012 4168 τοῦ
1070 4115 1310 4188 ίτχυροῦ,
1363 4118 1560 4171 καὶτὰ
1611 4119 1780 4190 σκεύη
1829 4120 1993 4174 αὑτοῦ

429 4206 742 4275 διαρπάσαι,
794 4206 888 4260 ἐὰν
942 4207 1016 4279 μὴ
1066 4206 1279 4278 πρῶτον
1324 4208 1459 4280 δήσῃ
1487 4210 1576 4263 τὸν
1622 4212 1856 4282 ἰσχυρὸν,
1901 4214 1994 4268 καὶ

2094 3312 2215 3349 nam
2244 3296 2627 3364 spoliaturum,
2654 3304 2707 3347 et
2736 3309 2860 3347 vasa
2901 3292 3016 3359 ejus
3040 3292 3407 3361 direptarum,
3432 3300 3489 3344 ut
3524 3291 3666 3359 ipsc-

2092 3396 2223 3449 met,
2252 3386 2442 3454 inquit,
2471 3390 2571 3439 hoc
2597 3396 2699 3450 est,
2724 3386 2811 3455 qui
2842 3385 3000 3455 hujus
3029 3383 3317 3454 aliquando
3347 3383 3667 3438 adoratorcs

2092 3487 2304 3541 essent,
2332 3492 2457 3530 suos
2499 3476 2785 3532 iacturum.
2817 3475 2928 3531 lloc
2968 3477 3111 3531 enim
3158 3484 3215 3531 et
3256 3477 3369 3545 ipse
3421 3475 3667 3530 Christus

2092 3570 2263 3634 dixit,
2317 3570 2547 3638 exempli
2617 3584 2819 3633 causa,
2884 3567 3135 3638 inquiens
3208 3586 3223 3622 :
3298 3586 3319 3619 ι
3385 3568 3668 3635 Quomodo

2100 3672 2277 3730 potest
2318 3663 2580 3731 quispiam
2622 3661 2824 3731 ingredi
2868 3660 2919 3714 iu
2967 3661 3182 3715 domum
3225 3657 3409 3726 fortis,
3440 3668 3493 3714 et
3539 3674 3665 3713 vasa

2102 3750 2243 3807 illius
2275 3754 2534 3820 diripere,
2567 3753 2669 3806 nisi
2706 3753 2937 3822 primum
2973 3753 3176 3806 vinciat
3213 3752 3439 3815 fortem,
3466 3759 3521 3805 et
3556 3761 3665 3803 tum

2102 3845 2319 3913 diripiat
2361 3860 2483 3899 vasa
2538 3844 2677 3898 illius
2704 3845 2780 3899 ‘7?
2833 3864 2852 3898 ι
2904 3844 3035 3899 Cum
3092 3853 3271 3898 autem
3322 3844 3395 3898 ait
3442 3860 3459 3897 :
3503 3842 3668 3898 Adest

2101 3939 2265 4005 enim,
2285 3955 2391 3993 non
2416 3940 2569 4015 longe
2588 3939 2771 3994 abfore
2794 3938 3281 3993 manifestationem
3304 3935 3669 3992 Emmanuelis

2102 4031 2462 4086 annuntiavit.
2492 4032 2629 4097 Quin
2665 4043 2719 4086 et
2753 4030 2944 4085 beatus
2977 4030 3248 4086 Habacum
3282 4029 3481 4085 dixisse
3512 4044 3667 4097 repe-

2101 4124 2239 4177 ritur
2264 4144 2277 4179 :
2309 4141 2328 4174 (
2356 4122 2547 4177 Adhuc
2573 4135 2881 4192 parumper,
2902 4121 2991 4189 qui
3023 4120 3237 4175 accedit
3265 4118 3462 4180 veniet,
3483 4126 3537 4171 et
3566 4131 3669 4168 non

2102 4214 2333 4270 tardabit
2354 4215 2420 4270 ⁸⁸.
2452 4234 2470 4266 ι

430 4301 552 4352 τότε
596 4298 878 4368 διαρπάσει
921 4300 987 4353 τὰ
1022 4300 1186 4371 σκεύη
1221 4300 1415 4367 dinei};
1450 4321 1467 4353 ι
1523 4302 1710 4371 Λέγων
1738 4304 1814 4368 δὲ,
1845 4306 1925 4357 ὅτι
1973 4325 1991 4356 ι
2020 4308 2255 4377 Πάρεστι
2291 4308 2418 4380 γὰρ,
2456 4329 2474 4360 ι
2518 4309 2619 4361 οὑκ
2650 4309 2729 4371 εἰς
2758 4306 2975 4378 μακρὰν
3007 4305 3223 4359 ἔσεσθαι
3270 4305 3366 4376 τὴν
3404 4301 3671 4367 ἀνάδειξιν

431 4395 525 4448 τοῦ
583 4396 922 4466 Ἐμμανουήλ
976 4398 1459 4468 κατεπηγγέλλετο.
1524 4400 1692 4453 Τοῦτό
1753 4417 1834 4453 τοι
1896 4401 1989 4454 καὶ
2057 4405 2191 4474 πρὸς
2234 4405 2325 4458 τὸν
2364 4405 2633 4476 μακάριον
2688 4404 3009 4476 Ἀμόακοὺμ
3084 4402 3393 4473 εὑρίσκεται
3456 4401 3667 4468 λέγων·

437 4511 456 4542 ι
502 4491 620 4544 Ἔτι
664 4493 923 4563 μικρὸν,ὁ
944 4494 1233 4563 ἐρχόμενος
1265 4494 1381 4564 ήξει
1400 4536 1412 4557 ,
1439 4494 1532 4547 καὶ
1564 4496 1623 4548 οὐ
1651 4497 1873 4566 χρονιεῖ.
1904 4514 1923 4548 ι

500 4588 605 4641 Καὶ
639 4583 768 4641 εἷπε
812 4588 1022 4655 Κύριός
1067 4606 1165 4656 μοι
1190 4606 1201 4619 ·
1239 4588 1515 4644 Κάλεσον
1556 4592 1620 4643 te
1661 4592 1847 4660 ὄνομα
1889 4593 1993 4646 αὺ-

2172 4591 2334 4646 Vens.
2356 4591 2411 4645 4.
2436 4590 2501 4644 Ει
2524 4592 2659 4644 dixit
2685 4590 2810 4643 mihi
2836 4590 3085 4643 Dominus
3108 4606 3127 4645 :
3163 4590 3297 4643 Voca
3327 4606 3508 4643 nomen
3535 4589 3670 4657 ejus,

432 4679 566 4741 τοῦ.
608 4680 834 4747 Ταχέως
875 4680 1243 4742 σκύλευσον,
1298 4681 1509 4746 Ὀξέως
1550 4682 1987 4750 προνόμευσον.

431 4773 583 4826 Διότι
634 4772 777 4838 πρὶν
812 4772 849 4837 ἢ
882 4770 1097 4839 γνῶναι
1143 4772 1205 4824 τὸ
1250 4772 1490 4825 παιδίον
1537 4774 1744 4827 καλεῖν
1772 4773 1996 4841 πατέρα

431 4863 469 4928 ἢ
508 4861 750 4930 μητέρα,
800 4861 1057 4929 λήψεται
1109 4861 1364 4927 δύναμιν
1409 4864 1748 4931 Δαμασκοῦ,
1798 4864 1996 4919 καὶτὰ

432 4954 629 5005 σκύλα
685 4954 1032 5020 Σαμαρείας,
1082 4954 1391 5007 κατέναντι
1422 4955 1730 5020 ,βασιλέως
1778 4957 1996 5011 Ἀσσυ-

424 5044 593 5111 ρίων.

504 5134 684 5188 Εἰπὼν
724 5136 978 5207 ἀνωτέρω
1017 5136 1109 5200 τὸ,
1146 5156 1163 5187 ι
1224 5136 1353 5190 Ἰδοὺ
1402 5138 1665 5207 παρθένος
1700 5140 1757 5191 ὲν
1795 5139 1995 5208 γαστρὶ

431 5225 563 5293 ἔξει,
594 5229 686 5281 καὶ
711 5228 920 5295 τέξεται
945 5228 1078 5293 υἱὸν,
1106 5228 1199 5281 καὶ
1235 5230 1522 5282 καλέσουσι
1550 5230 1609 5281 τὸ
1635 5230 1803 5299 ὄνομα
1831 5228 1992 5281 αὑτοῦ

504 5411 545 5443 ⁵⁷
571 5413 756 5467 Matth.
782 5429 879 5475 xu,
901 5412 992 5467 ΞΩ.
1066 5412 1328 5468 ⁵⁸11εώιιε.
1360 5411 1475 5475 ",5.

505 5621 581 5685 (l)
612 5621 699 5674 Sic
728 5621 1099 5688 corrigendum
1132 5629 1312 5675 monet
1342 5621 1477 5689 Aug.
1509 5620 1607 5675 Mai
1635 5621 1795 5689 (Bibl.
1836 5623 1993 5686 Neu,

435 5690 529 5753 ΙΙΙ,
556 5691 704 5759 445).
738 5691 1034 5759 Legehatur
1076 5703 1227 5743 antea
1258 5708 1270 5743 :
1311 5708 1329 5739 ι
1369 5690 1497 5743 Illud
1539 5692 1679 5744 enim
1713 5694 1993 5744 sanctissi-

437 5778 579 5814 mum
625 5778 819 5829 corpus
864 5777 928 5813 ex
974 5761 1174 5827 Spiritu
1225 5773 1413 5815 sancto
1461 5778 1491 5814 c
1540 5762 1785 5822 superuis
1834 5762 1996 5815 τοι-ΙΝ)

437 5832 721 5886 fortunatum
772 5847 925 5896 esse,
966 5850 983 5881 ι
1037 5842 1139 5886 etc.
1177 5831 1447 5888 Aubertus
1492 5832 1746 5885 nimirum
1794 5831 1994 5886 ἄνωθεν

2109 4681 2363 4737 Velociter
2404 4683 2658 4752 spoliato,
2696 4682 2811 4735 Cito
2856 4682 3138 4744 prmdator.
3183 4681 3471 4749 Eapropter
3518 4692 3669 4735 ante-

2100 4791 2257 4846 quam
2292 4777 2421 4829 sciat
2462 4792 2593 4845 puer
2630 4791 2812 4829 vocare
2846 4788 3048 4843 patrem
3091 4773 3167 4826 vel
3202 4783 3442 4838 matrem,
3471 4775 3669 4840 auferet

2100 4869 2383 4936 potentiam
2418 4866 2700 4934 Damasci,
2724 4878 2773 4923 et
2808 4868 2975 4938 spolia
3012 4868 3307 4932 Samarite,
3340 4882 3516 4919 coram
3555 4883 3671 4934 rege

2100 4962 2457 5031 Assyriorum.

2172 5141 2304 5193 Cum
2357 5145 2605 5210 superius
2647 5143 2870 5197 dixisset
2917 5160 2929 5195 :
2978 5162 2996 5194 ι
3049 5142 3187 5197 Ecce
3229 5144 3380 5211 virgo
3424 5144 3473 5195 iu
3521 5154 3673 5195 utero

2104 5229 2344 5294 habebit,
2374 5242 2425 5285 et
2466 5232 2639 5300 pariet
2670 5233 2862 5299 ﬁlium,
2909 5242 2963 5287 et
3006 5234 3274 5289 vocabunt
3308 5249 3502 5289 nomen
3535 5234 3670 5301 ejus,

2104 5640 2201 5690 pro
2231 5621 2427 5676 ὲνωθέν
2454 5620 2555 5675 sibi
2589 5621 2768 5675 nescio
2796 5635 2899 5687 qua
2936 5620 3131 5690 mentis
3173 5621 3512 5675 aberratione
3545 5636 3676 5675 con-

2105 5688 2336 5818 liltuterat
2367 5702 2422 5747 ct
2453 5705 2667 5748 sensum
2713 5690 3018 5746 reddiderat
3063 5688 3256 5746 falsum
3301 5699 3462 5761 atque
3506 5690 3674 5763 Euty-

2106 5778 2355 5818 cunnum

2106 5778 2355 5819 ειιιιιηυιιι
