  <div class='ocr_page' id='page_1' title='image "/cluster/home/n/w/nwhite01/storage/ocr_20150623/70/nnc1.0046980253/129.png"; bbox 0 0 4124 6372; ppageno 0'>
   <div class='ocr_carea' id='block_1_1' title="bbox 496 367 608 423">
    <p class='ocr_par' dir='ltr' id='par_1_1' title="bbox 496 367 608 423">
     <span class='ocr_line' id='line_1_1' title="bbox 496 367 608 423; baseline -0.018 -1"><span class='ocrx_word' id='word_1_1' title='bbox 496 367 608 423; x_wconf 70' lang='lat'><strong>223</strong></span> 
     </span>
    </p>
   </div>
   <div class='ocr_carea' id='block_1_2' title="bbox 1487 378 2715 450">
    <p class='ocr_par' dir='ltr' id='par_1_2' title="bbox 1487 378 2715 450">
     <span class='ocr_line' id='line_1_2' title="bbox 1487 378 2715 450; baseline 0.015 -18"><span class='ocrx_word' id='word_1_2' title='bbox 1487 378 1544 433; x_wconf 88' lang='lat' dir='ltr'><strong>S.</strong></span> <span class='ocrx_word' id='word_1_3' title='bbox 1585 380 1857 436; x_wconf 79' lang='lat' dir='ltr'><strong>CYRILLI</strong></span> <span class='ocrx_word' id='word_1_4' title='bbox 1895 384 2363 444; x_wconf 71' lang='lat' dir='ltr'><strong>ALEXANDRINI</strong></span> <span class='ocrx_word' id='word_1_5' title='bbox 2401 391 2715 450; x_wconf 79' lang='lat' dir='ltr'><strong>ARCHIEP.</strong></span> 
     </span>
    </p>
   </div>
   <div class='ocr_carea' id='block_1_3' title="bbox 3631 404 3739 459">
    <p class='ocr_par' dir='ltr' id='par_1_3' title="bbox 3631 404 3739 459">
     <span class='ocr_line' id='line_1_3' title="bbox 3631 404 3739 459; baseline 0.009 -1"><span class='ocrx_word' id='word_1_6' title='bbox 3631 404 3739 459; x_wconf 61' lang='grc'><strong>225</strong></span> 
     </span>
    </p>
   </div>
   <div class='ocr_carea' id='block_1_4' title="bbox 496 484 2054 594">
    <p class='ocr_par' dir='ltr' id='par_1_4' title="bbox 496 484 2054 567">
     <span class='ocr_line' id='line_1_4' title="bbox 496 484 2054 567; baseline 0.01 -27"><span class='ocrx_word' id='word_1_7' title='bbox 496 484 842 551; x_wconf 83' lang='lat' dir='ltr'><strong>Emmanuel;</strong></span> <span class='ocrx_word' id='word_1_8' title='bbox 868 504 887 537; x_wconf 77' lang='grc' dir='ltr'><strong>ι</strong></span> <span class='ocrx_word' id='word_1_9' title='bbox 912 501 1054 541; x_wconf 88' lang='lat' dir='ltr'><strong>nunc</strong></span> <span class='ocrx_word' id='word_1_10' title='bbox 1066 486 1217 556; x_wconf 89' lang='lat' dir='ltr'><strong>jubet</strong></span> <span class='ocrx_word' id='word_1_11' title='bbox 1235 492 1413 545; x_wconf 89' lang='lat' dir='ltr'><strong>vocari</strong></span> <span class='ocrx_word' id='word_1_12' title='bbox 1437 509 1631 550; x_wconf 88' lang='lat' dir='ltr'><strong>nomen</strong></span> <span class='ocrx_word' id='word_1_13' title='bbox 1650 497 1787 567; x_wconf 86' lang='lat' dir='ltr'><strong>ejus,</strong></span> <span class='ocrx_word' id='word_1_14' title='bbox 1811 500 2054 557; x_wconf 73' lang='lat' dir='ltr'><strong>Velocitel</strong></span> 
     </span>
    </p>
   </div>
   <div class='ocr_carea' id='block_1_5' title="bbox 2157 484 3740 594">
    <p class='ocr_par' dir='ltr' id='par_1_5' title="bbox 2187 508 3740 594">
     <span class='ocr_line' id='line_1_5' title="bbox 2187 508 3740 594; baseline 0.012 -35"><span class='ocrx_word' id='word_1_15' title='bbox 2187 508 2557 581; x_wconf 79' lang='grc' dir='ltr'><strong>Ἐμμανουήλ·</strong></span> <span class='ocrx_word' id='word_1_16' title='bbox 2598 531 2617 563; x_wconf 78' lang='grc' dir='ltr'><strong>ι</strong></span> <span class='ocrx_word' id='word_1_17' title='bbox 2664 515 2997 586; x_wconf 85' lang='grc' dir='ltr'>προστέταχε</span> <span class='ocrx_word' id='word_1_18' title='bbox 3027 516 3122 570; x_wconf 87' lang='grc' dir='ltr'><strong>νῦν</strong></span> <span class='ocrx_word' id='word_1_19' title='bbox 3162 519 3442 574; x_wconf 85' lang='grc' dir='ltr'>καλεῖσθαι</span> <span class='ocrx_word' id='word_1_20' title='bbox 3477 521 3537 575; x_wconf 81' lang='grc' dir='ltr'>τὸ</span> <span class='ocrx_word' id='word_1_21' title='bbox 3567 522 3740 594; x_wconf 75' lang='grc' dir='ltr'>ὄνομα</span> 
     </span>
    </p>
   </div>
   <div class='ocr_carea' id='block_1_6' title="bbox 496 574 2066 661">
    <p class='ocr_par' dir='ltr' id='par_1_6' title="bbox 496 574 2066 661">
     <span class='ocr_line' id='line_1_6' title="bbox 496 574 2066 661; baseline 0.012 -33"><span class='ocrx_word' id='word_1_22' title='bbox 496 574 762 642; x_wconf 89' lang='lat' dir='ltr'><strong>spoliato,</strong></span> <span class='ocrx_word' id='word_1_23' title='bbox 812 575 931 630; x_wconf 88' lang='lat' dir='ltr'><strong>Cito</strong></span> <span class='ocrx_word' id='word_1_24' title='bbox 973 578 1259 647; x_wconf 62' lang='lat' dir='ltr'><strong>praedator.</strong></span> <span class='ocrx_word' id='word_1_25' title='bbox 1315 582 1397 636; x_wconf 85' lang='lat' dir='ltr'><strong>An</strong></span> <span class='ocrx_word' id='word_1_26' title='bbox 1446 600 1606 652; x_wconf 88' lang='lat' dir='ltr'><strong>vero,</strong></span> <span class='ocrx_word' id='word_1_27' title='bbox 1658 588 1788 643; x_wconf 92' lang='lat' dir='ltr'><strong>illud</strong></span> <span class='ocrx_word' id='word_1_28' title='bbox 1837 592 2066 661; x_wconf 91' lang='lat' dir='ltr'><strong>primum</strong></span> 
     </span>
    </p>
   </div>
   <div class='ocr_carea' id='block_1_7' title="bbox 498 670 2071 741">
    <p class='ocr_par' dir='ltr' id='par_1_7' title="bbox 498 670 2071 741">
     <span class='ocr_line' id='line_1_7' title="bbox 498 670 2071 741; baseline 0.013 -21"><span class='ocrx_word' id='word_1_29' title='bbox 498 680 690 721; x_wconf 89' lang='lat' dir='ltr'><strong>nomen</strong></span> <span class='ocrx_word' id='word_1_30' title='bbox 736 670 892 722; x_wconf 89' lang='lat' dir='ltr'><strong>inane</strong></span> <span class='ocrx_word' id='word_1_31' title='bbox 931 678 1015 725; x_wconf 86' lang='lat' dir='ltr'><strong>est</strong></span> <span class='ocrx_word' id='word_1_32' title='bbox 1056 680 1109 725; x_wconf 90' lang='lat' dir='ltr'><strong>et</strong></span> <span class='ocrx_word' id='word_1_33' title='bbox 1152 671 1384 741; x_wconf 85' lang='lat' dir='ltr'><strong>irritum,</strong></span> <span class='ocrx_word' id='word_1_34' title='bbox 1418 676 1669 733; x_wconf 89' lang='lat' dir='ltr'><strong>nimirum</strong></span> <span class='ocrx_word' id='word_1_35' title='bbox 1715 681 2071 740; x_wconf 77' lang='lat' dir='ltr'><strong>Emmanuel?</strong></span> 
     </span>
    </p>
   </div>
   <div class='ocr_carea' id='block_1_8' title="bbox 495 756 2073 844">
    <p class='ocr_par' dir='ltr' id='par_1_8' title="bbox 495 756 2073 844">
     <span class='ocr_line' id='line_1_8' title="bbox 495 756 2073 844; baseline 0.014 -35"><span class='ocrx_word' id='word_1_36' title='bbox 495 768 549 809; x_wconf 89' lang='lat' dir='ltr'><strong>et</strong></span> <span class='ocrx_word' id='word_1_37' title='bbox 576 756 677 810; x_wconf 84' lang='lat' dir='ltr'><strong>hoc</strong></span> <span class='ocrx_word' id='word_1_38' title='bbox 704 759 938 813; x_wconf 80' lang='lat' dir='ltr'><strong>maxime</strong></span> <span class='ocrx_word' id='word_1_39' title='bbox 967 760 1177 816; x_wconf 92' lang='lat' dir='ltr'><strong>decebit</strong></span> <span class='ocrx_word' id='word_1_40' title='bbox 1206 761 1471 819; x_wconf 85' lang='lat' dir='ltr'><strong>Velociter</strong></span> <span class='ocrx_word' id='word_1_41' title='bbox 1500 770 1757 838; x_wconf 88' lang='lat' dir='ltr'><strong>spoliato,</strong></span> <span class='ocrx_word' id='word_1_42' title='bbox 1788 774 1908 828; x_wconf 92' lang='lat' dir='ltr'><strong>Cito</strong></span> <span class='ocrx_word' id='word_1_43' title='bbox 1934 790 2073 844; x_wconf 59' lang='lat' dir='ltr'><strong>pras-</strong></span> 
     </span>
    </p>
   </div>
   <div class='ocr_carea' id='block_1_9' title="bbox 496 847 2070 926">
    <p class='ocr_par' dir='ltr' id='par_1_9' title="bbox 496 847 2070 926">
     <span class='ocr_line' id='line_1_9' title="bbox 496 847 2070 926; baseline 0.016 -27"><span class='ocrx_word' id='word_1_44' title='bbox 496 847 686 902; x_wconf 86' lang='lat' dir='ltr'><strong>dator?</strong></span> <span class='ocrx_word' id='word_1_45' title='bbox 710 847 1061 920; x_wconf 85' lang='lat' dir='ltr'><strong>Nequaquam</strong></span> <span class='ocrx_word' id='word_1_46' title='bbox 1097 853 1237 910; x_wconf 93' lang='lat' dir='ltr'><strong>istuc</strong></span> <span class='ocrx_word' id='word_1_47' title='bbox 1264 857 1525 926; x_wconf 88' lang='lat' dir='ltr'><strong>dicimus,</strong></span> <span class='ocrx_word' id='word_1_48' title='bbox 1554 864 1648 916; x_wconf 87' lang='lat' dir='ltr'><strong>sed</strong></span> <span class='ocrx_word' id='word_1_49' title='bbox 1683 863 1811 919; x_wconf 92' lang='lat' dir='ltr'><strong>illud</strong></span> <span class='ocrx_word' id='word_1_50' title='bbox 1842 867 2070 924; x_wconf 80' lang='lat' dir='ltr'><strong>dicimus</strong></span> 
     </span>
    </p>
   </div>
   <div class='ocr_carea' id='block_1_10' title="bbox 494 939 2069 1025">
    <p class='ocr_par' dir='ltr' id='par_1_10' title="bbox 494 939 2069 1025">
     <span class='ocr_line' id='line_1_10' title="bbox 494 939 2069 1025; baseline 0.015 -34"><span class='ocrx_word' id='word_1_51' title='bbox 494 939 693 1008; x_wconf 79' lang='lat' dir='ltr'><strong>potius.</strong></span> <span class='ocrx_word' id='word_1_52' title='bbox 713 940 827 996; x_wconf 85' lang='lat' dir='ltr'><strong>Mos</strong></span> <span class='ocrx_word' id='word_1_53' title='bbox 853 952 935 999; x_wconf 88' lang='lat' dir='ltr'><strong>est</strong></span> <span class='ocrx_word' id='word_1_54' title='bbox 957 944 1251 1013; x_wconf 87' lang='lat' dir='ltr'><strong>Scripturae</strong></span> <span class='ocrx_word' id='word_1_55' title='bbox 1274 950 1529 1005; x_wconf 87' lang='lat' dir='ltr'><strong>divinitus</strong></span> <span class='ocrx_word' id='word_1_56' title='bbox 1554 956 1823 1025; x_wconf 72' lang='lat' dir='ltr'><strong>aspiratae,</strong></span> <span class='ocrx_word' id='word_1_57' title='bbox 1842 959 2069 1015; x_wconf 85' lang='lat' dir='ltr'><strong>diversis</strong></span> 
     </span>
    </p>
   </div>
   <div class='ocr_carea' id='block_1_11' title="bbox 494 1032 2067 1114">
    <p class='ocr_par' dir='ltr' id='par_1_11' title="bbox 494 1032 2067 1114">
     <span class='ocr_line' id='line_1_11' title="bbox 494 1032 2067 1114; baseline 0.016 -33"><span class='ocrx_word' id='word_1_58' title='bbox 494 1032 806 1088; x_wconf 87' lang='lat' dir='ltr'><strong>nominibus</strong></span> <span class='ocrx_word' id='word_1_59' title='bbox 834 1034 1204 1099; x_wconf 86' lang='lat' dir='ltr'><strong>universitatis</strong></span> <span class='ocrx_word' id='word_1_60' title='bbox 1235 1040 1397 1096; x_wconf 90' lang='lat' dir='ltr'><strong>Deum</strong></span> <span class='ocrx_word' id='word_1_61' title='bbox 1426 1045 1697 1114; x_wconf 88' lang='lat' dir='ltr'><strong>appellare</strong></span> <span class='ocrx_word' id='word_1_62' title='bbox 1726 1067 1739 1103; x_wconf 93' lang='lat'><strong>:</strong></span> <span class='ocrx_word' id='word_1_63' title='bbox 1768 1059 1823 1104; x_wconf 91' lang='lat' dir='ltr'><strong>et</strong></span> <span class='ocrx_word' id='word_1_64' title='bbox 1845 1067 1874 1104; x_wconf 93' lang='lat' dir='ltr'><strong>a</strong></span> <span class='ocrx_word' id='word_1_65' title='bbox 1906 1054 2067 1107; x_wconf 84' lang='lat' dir='ltr'><strong>rebus</strong></span> 
     </span>
    </p>
   </div>
   <div class='ocr_carea' id='block_1_12' title="bbox 496 1130 2069 1203">
    <p class='ocr_par' dir='ltr' id='par_1_12' title="bbox 496 1130 2069 1203">
     <span class='ocr_line' id='line_1_12' title="bbox 496 1130 2069 1203; baseline 0.014 -31"><span class='ocrx_word' id='word_1_66' title='bbox 496 1138 591 1191; x_wconf 81' lang='lat' dir='ltr'><strong>pro</strong></span> <span class='ocrx_word' id='word_1_67' title='bbox 624 1132 922 1193; x_wconf 92' lang='lat' dir='ltr'><strong>temporum</strong></span> <span class='ocrx_word' id='word_1_68' title='bbox 952 1130 1162 1185; x_wconf 86' lang='lat' dir='ltr'><strong>ratione</strong></span> <span class='ocrx_word' id='word_1_69' title='bbox 1190 1133 1357 1199; x_wconf 81' lang='lat' dir='ltr'><strong>gestis</strong></span> <span class='ocrx_word' id='word_1_70' title='bbox 1387 1134 1676 1203; x_wconf 88' lang='lat' dir='ltr'><strong>aliquando</strong></span> <span class='ocrx_word' id='word_1_71' title='bbox 1703 1140 2069 1194; x_wconf 80' lang='lat' dir='ltr'><strong>nomenclato-</strong></span> 
     </span>
    </p>
   </div>
   <div class='ocr_carea' id='block_1_13' title="bbox 498 1212 2069 1297">
    <p class='ocr_par' dir='ltr' id='par_1_13' title="bbox 498 1212 2069 1297">
     <span class='ocr_line' id='line_1_13' title="bbox 498 1212 2069 1297; baseline 0.012 -30"><span class='ocrx_word' id='word_1_72' title='bbox 498 1230 584 1267; x_wconf 91' lang='lat' dir='ltr'><strong>ras</strong></span> <span class='ocrx_word' id='word_1_73' title='bbox 613 1227 738 1269; x_wconf 90' lang='lat' dir='ltr'><strong>ante</strong></span> <span class='ocrx_word' id='word_1_74' title='bbox 768 1217 1028 1273; x_wconf 80' lang='lat' dir='ltr'><strong>invenire.</strong></span> <span class='ocrx_word' id='word_1_75' title='bbox 1059 1220 1169 1276; x_wconf 87' lang='lat' dir='ltr'><strong>Hoc</strong></span> <span class='ocrx_word' id='word_1_76' title='bbox 1201 1224 1365 1278; x_wconf 90' lang='lat' dir='ltr'><strong>etiam</strong></span> <span class='ocrx_word' id='word_1_77' title='bbox 1401 1226 1452 1278; x_wconf 91' lang='lat' dir='ltr'><strong>in</strong></span> <span class='ocrx_word' id='word_1_78' title='bbox 1480 1212 1605 1297; x_wconf 90' lang='lat' dir='ltr'><strong>ipso</strong></span> <span class='ocrx_word' id='word_1_79' title='bbox 1638 1228 1855 1283; x_wconf 82' lang='lat' dir='ltr'><strong>Christo</strong></span> <span class='ocrx_word' id='word_1_80' title='bbox 1880 1231 2069 1285; x_wconf 91' lang='lat' dir='ltr'><strong>obser-</strong></span> 
     </span>
    </p>
   </div>
   <div class='ocr_carea' id='block_1_14' title="bbox 496 1308 2067 1387">
    <p class='ocr_par' dir='ltr' id='par_1_14' title="bbox 496 1308 2067 1387">
     <span class='ocr_line' id='line_1_14' title="bbox 496 1308 2067 1387; baseline 0.013 -33"><span class='ocrx_word' id='word_1_81' title='bbox 496 1315 675 1358; x_wconf 89' lang='lat' dir='ltr'><strong>vatum</strong></span> <span class='ocrx_word' id='word_1_82' title='bbox 708 1316 809 1361; x_wconf 89' lang='lat' dir='ltr'><strong>est.</strong></span> <span class='ocrx_word' id='word_1_83' title='bbox 846 1308 984 1363; x_wconf 89' lang='lat' dir='ltr'><strong>Deus</strong></span> <span class='ocrx_word' id='word_1_84' title='bbox 1018 1312 1159 1365; x_wconf 91' lang='lat' dir='ltr'><strong>enim</strong></span> <span class='ocrx_word' id='word_1_85' title='bbox 1196 1328 1356 1369; x_wconf 90' lang='lat' dir='ltr'><strong>verus</strong></span> <span class='ocrx_word' id='word_1_86' title='bbox 1391 1324 1493 1369; x_wconf 92' lang='lat' dir='ltr'><strong>est.</strong></span> <span class='ocrx_word' id='word_1_87' title='bbox 1530 1317 1599 1372; x_wconf 90' lang='lat' dir='ltr'><strong>Et</strong></span> <span class='ocrx_word' id='word_1_88' title='bbox 1634 1321 1887 1387; x_wconf 90' lang='lat' dir='ltr'><strong>quoniam</strong></span> <span class='ocrx_word' id='word_1_89' title='bbox 1926 1321 2067 1375; x_wconf 87' lang='lat' dir='ltr'><strong>Deus</strong></span> 
     </span>
    </p>
   </div>
   <div class='ocr_carea' id='block_1_15' title="bbox 494 1400 2065 1482">
    <p class='ocr_par' dir='ltr' id='par_1_15' title="bbox 494 1400 2065 1482">
     <span class='ocr_line' id='line_1_15' title="bbox 494 1400 2065 1482; baseline 0.013 -36"><span class='ocrx_word' id='word_1_90' title='bbox 494 1408 681 1451; x_wconf 90' lang='lat' dir='ltr'><strong>natura</strong></span> <span class='ocrx_word' id='word_1_91' title='bbox 728 1400 1022 1467; x_wconf 82' lang='lat' dir='ltr'><strong>exsistens,</strong></span> <span class='ocrx_word' id='word_1_92' title='bbox 1060 1402 1232 1458; x_wconf 85' lang='lat' dir='ltr'><strong>factus</strong></span> <span class='ocrx_word' id='word_1_93' title='bbox 1276 1413 1357 1460; x_wconf 86' lang='lat' dir='ltr'><strong>est.</strong></span> <span class='ocrx_word' id='word_1_94' title='bbox 1397 1408 1712 1474; x_wconf 88' lang='lat' dir='ltr'><strong>nobiscum,</strong></span> <span class='ocrx_word' id='word_1_95' title='bbox 1751 1424 1933 1466; x_wconf 88' lang='lat' dir='ltr'><strong>sermo</strong></span> <span class='ocrx_word' id='word_1_96' title='bbox 1973 1414 2065 1482; x_wconf 91' lang='lat' dir='ltr'><strong>qui</strong></span> 
     </span>
    </p>
   </div>
   <div class='ocr_carea' id='block_1_16' title="bbox 493 1492 2065 1564">
    <p class='ocr_par' dir='ltr' id='par_1_16' title="bbox 493 1492 2065 1564">
     <span class='ocr_line' id='line_1_16' title="bbox 493 1492 2065 1564; baseline 0.013 -24"><span class='ocrx_word' id='word_1_97' title='bbox 493 1492 741 1558; x_wconf 84' lang='lat' dir='ltr'><strong>apparuit</strong></span> <span class='ocrx_word' id='word_1_98' title='bbox 767 1502 950 1546; x_wconf 89' lang='lat' dir='ltr'><strong>nostra</strong></span> <span class='ocrx_word' id='word_1_99' title='bbox 976 1497 1175 1564; x_wconf 85' lang='lat' dir='ltr'><strong>specie,</strong></span> <span class='ocrx_word' id='word_1_100' title='bbox 1196 1499 1437 1552; x_wconf 87' lang='lat' dir='ltr'><strong>denotari</strong></span> <span class='ocrx_word' id='word_1_101' title='bbox 1459 1500 1825 1557; x_wconf 89' lang='lat' dir='ltr'><strong>Emmanuelis</strong></span> <span class='ocrx_word' id='word_1_102' title='bbox 1850 1506 2065 1560; x_wconf 89' lang='lat' dir='ltr'><strong>nomine</strong></span> 
     </span>
    </p>
   </div>
   <div class='ocr_carea' id='block_1_17' title="bbox 491 1582 2065 1667">
    <p class='ocr_par' dir='ltr' id='par_1_17' title="bbox 491 1582 2065 1667">
     <span class='ocr_line' id='line_1_17' title="bbox 491 1582 2065 1667; baseline 0.013 -35"><span class='ocrx_word' id='word_1_103' title='bbox 491 1582 887 1649; x_wconf 77' lang='lat' dir='ltr'><strong>sapientissime</strong></span> <span class='ocrx_word' id='word_1_104' title='bbox 922 1589 1109 1655; x_wconf 90' lang='lat' dir='ltr'><strong>possit.</strong></span> <span class='ocrx_word' id='word_1_105' title='bbox 1143 1587 1273 1643; x_wconf 87' lang='lat' dir='ltr'><strong>Dein</strong></span> <span class='ocrx_word' id='word_1_106' title='bbox 1308 1589 1483 1647; x_wconf 85' lang='lat' dir='ltr'><strong>factus</strong></span> <span class='ocrx_word' id='word_1_107' title='bbox 1514 1593 1678 1651; x_wconf 88' lang='lat' dir='ltr'><strong>homo</strong></span> <span class='ocrx_word' id='word_1_108' title='bbox 1713 1611 1831 1649; x_wconf 93' lang='lat' dir='ltr'><strong>cum</strong></span> <span class='ocrx_word' id='word_1_109' title='bbox 1869 1602 2065 1667; x_wconf 79' lang='lat' dir='ltr'><strong>despo-</strong></span> 
     </span>
    </p>
   </div>
   <div class='ocr_carea' id='block_1_18' title="bbox 492 1671 2064 1761">
    <p class='ocr_par' dir='ltr' id='par_1_18' title="bbox 492 1671 2064 1761">
     <span class='ocr_line' id='line_1_18' title="bbox 492 1671 2064 1761; baseline 0.015 -38"><span class='ocrx_word' id='word_1_110' title='bbox 492 1671 676 1728; x_wconf 87' lang='lat' dir='ltr'><strong>liasset</strong></span> <span class='ocrx_word' id='word_1_111' title='bbox 703 1675 978 1741; x_wconf 81' lang='lat' dir='ltr'><strong>Satanam,</strong></span> <span class='ocrx_word' id='word_1_112' title='bbox 1009 1689 1059 1732; x_wconf 92' lang='lat' dir='ltr'><strong>et</strong></span> <span class='ocrx_word' id='word_1_113' title='bbox 1093 1680 1218 1733; x_wconf 90' lang='lat' dir='ltr'><strong>olim</strong></span> <span class='ocrx_word' id='word_1_114' title='bbox 1250 1682 1523 1753; x_wconf 89' lang='lat' dir='ltr'><strong>abreptos,</strong></span> <span class='ocrx_word' id='word_1_115' title='bbox 1557 1688 1717 1756; x_wconf 88' lang='lat' dir='ltr'><strong>eique</strong></span> <span class='ocrx_word' id='word_1_116' title='bbox 1750 1705 1845 1760; x_wconf 86' lang='lat' dir='ltr'><strong>per</strong></span> <span class='ocrx_word' id='word_1_117' title='bbox 1874 1706 2064 1761; x_wconf 89' lang='lat' dir='ltr'><strong>pecca-</strong></span> 
     </span>
    </p>
   </div>
   <div class='ocr_carea' id='block_1_19' title="bbox 492 1768 2062 1848">
    <p class='ocr_par' dir='ltr' id='par_1_19' title="bbox 492 1768 2062 1848">
     <span class='ocr_line' id='line_1_19' title="bbox 492 1768 2062 1848; baseline 0.015 -35"><span class='ocrx_word' id='word_1_118' title='bbox 492 1772 603 1817; x_wconf 91' lang='lat' dir='ltr'><strong>tum</strong></span> <span class='ocrx_word' id='word_1_119' title='bbox 630 1768 946 1831; x_wconf 88' lang='lat' dir='ltr'><strong>servientes,</strong></span> <span class='ocrx_word' id='word_1_120' title='bbox 966 1771 1032 1824; x_wconf 92' lang='lat' dir='ltr'><strong>ab</strong></span> <span class='ocrx_word' id='word_1_121' title='bbox 1057 1771 1194 1825; x_wconf 87' lang='lat' dir='ltr'><strong>illius</strong></span> <span class='ocrx_word' id='word_1_122' title='bbox 1211 1777 1808 1848; x_wconf 85' lang='lat' dir='ltr'><strong>tyrannideeripuisset,</strong></span> <span class='ocrx_word' id='word_1_123' title='bbox 1824 1785 2062 1839; x_wconf 80' lang='lat' dir='ltr'><strong>exseruit</strong></span> 
     </span>
    </p>
   </div>
   <div class='ocr_carea' id='block_1_20' title="bbox 2171 599 3733 684">
    <p class='ocr_par' dir='ltr' id='par_1_20' title="bbox 2171 599 3733 684">
     <span class='ocr_line' id='line_1_20' title="bbox 2171 599 3733 684; baseline 0.012 -33"><span class='ocrx_word' id='word_1_124' title='bbox 2171 599 2373 664; x_wconf 85' lang='grc' dir='ltr'>αύτοῦ,</span> <span class='ocrx_word' id='word_1_125' title='bbox 2429 602 2649 673; x_wconf 81' lang='grc' dir='ltr'><strong>Ταχέως</strong></span> <span class='ocrx_word' id='word_1_126' title='bbox 2700 606 3025 674; x_wconf 88' lang='grc' dir='ltr'>σκύλευσον,</span> <span class='ocrx_word' id='word_1_127' title='bbox 3098 609 3290 681; x_wconf 82' lang='grc' dir='ltr'>Ὀξέως</span> <span class='ocrx_word' id='word_1_128' title='bbox 3346 614 3733 684; x_wconf 84' lang='grc' dir='ltr'>προνόμευσον.</span> 
     </span>
    </p>
   </div>
   <div class='ocr_carea' id='block_1_21' title="bbox 2169 683 3734 773">
    <p class='ocr_par' dir='ltr' id='par_1_21' title="bbox 2169 683 3734 773">
     <span class='ocr_line' id='line_1_21' title="bbox 2169 683 3734 773; baseline 0.014 -35"><span class='ocrx_word' id='word_1_129' title='bbox 2169 683 2293 760; x_wconf 67' lang='grc' dir='ltr'><strong>Ἆρ’</strong></span> <span class='ocrx_word' id='word_1_130' title='bbox 2322 686 2414 746; x_wconf 77' lang='grc' dir='ltr'><strong>οὖν</strong></span> <span class='ocrx_word' id='word_1_131' title='bbox 2439 695 2643 748; x_wconf 89' lang='grc' dir='ltr'>εἰκαῖον</span> <span class='ocrx_word' id='word_1_132' title='bbox 2673 695 2842 767; x_wconf 76' lang='grc' dir='ltr'>ὄνομα</span> <span class='ocrx_word' id='word_1_133' title='bbox 2870 697 3018 769; x_wconf 85' lang='grc' dir='ltr'><strong>αύτῴ</strong></span> <span class='ocrx_word' id='word_1_134' title='bbox 3047 699 3107 752; x_wconf 83' lang='grc' dir='ltr'>τὸ</span> <span class='ocrx_word' id='word_1_135' title='bbox 3136 701 3370 773; x_wconf 83' lang='grc' dir='ltr'>πρῶτον,</span> <span class='ocrx_word' id='word_1_136' title='bbox 3400 704 3543 757; x_wconf 84' lang='grc' dir='ltr'>τοῦτ’</span> <span class='ocrx_word' id='word_1_137' title='bbox 3567 706 3734 771; x_wconf 73' lang='grc' dir='ltr'>ἐστιν,</span> 
     </span>
    </p>
   </div>
   <div class='ocr_carea' id='block_1_22' title="bbox 2182 783 3736 870">
    <p class='ocr_par' dir='ltr' id='par_1_22' title="bbox 2182 783 3736 870">
     <span class='ocr_line' id='line_1_22' title="bbox 2182 783 3736 870; baseline 0.013 -36"><span class='ocrx_word' id='word_1_138' title='bbox 2182 783 2556 856; x_wconf 87' lang='grc' dir='ltr'>Ἐμμανουήλ;</span> <span class='ocrx_word' id='word_1_139' title='bbox 2588 789 2784 860; x_wconf 79' lang='grc' dir='ltr'><strong>πρέποι</strong></span> <span class='ocrx_word' id='word_1_140' title='bbox 2804 792 2849 845; x_wconf 85' lang='grc' dir='ltr'>δ’</span> <span class='ocrx_word' id='word_1_141' title='bbox 2868 792 2933 845; x_wconf 83' lang='grc' dir='ltr'>ἂν</span> <span class='ocrx_word' id='word_1_142' title='bbox 2955 794 3035 847; x_wconf 81' lang='grc' dir='ltr'><strong>ὅτι</strong></span> <span class='ocrx_word' id='word_1_143' title='bbox 3066 795 3301 867; x_wconf 82' lang='grc' dir='ltr'>μάλιστά</span> <span class='ocrx_word' id='word_1_144' title='bbox 3322 814 3383 865; x_wconf 87' lang='grc' dir='ltr'><strong>γε</strong></span> <span class='ocrx_word' id='word_1_145' title='bbox 3411 798 3493 862; x_wconf 88' lang='grc' dir='ltr'><strong>τὸ,</strong></span> <span class='ocrx_word' id='word_1_146' title='bbox 3516 800 3736 870; x_wconf 79' lang='grc' dir='ltr'><strong>Ταχέως</strong></span> 
     </span>
    </p>
   </div>
   <div class='ocr_carea' id='block_1_23' title="bbox 2170 875 3734 961">
    <p class='ocr_par' dir='ltr' id='par_1_23' title="bbox 2170 875 3734 961">
     <span class='ocr_line' id='line_1_23' title="bbox 2170 875 3734 961; baseline 0.013 -35"><span class='ocrx_word' id='word_1_147' title='bbox 2170 875 2482 943; x_wconf 89' lang='grc' dir='ltr'>σκύλευσον,</span> <span class='ocrx_word' id='word_1_148' title='bbox 2526 878 2721 945; x_wconf 82' lang='grc' dir='ltr'>Ὀξέως</span> <span class='ocrx_word' id='word_1_149' title='bbox 2776 886 3178 955; x_wconf 87' lang='grc' dir='ltr'>προνόμευσον;</span> <span class='ocrx_word' id='word_1_150' title='bbox 3230 889 3303 941; x_wconf 80' lang='grc' dir='ltr'><strong>Οὐ</strong></span> <span class='ocrx_word' id='word_1_151' title='bbox 3334 889 3491 942; x_wconf 88' lang='grc' dir='ltr'>τοῦτὸ</span> <span class='ocrx_word' id='word_1_152' title='bbox 3535 907 3734 961; x_wconf 83' lang='grc' dir='ltr'>φαμεν,</span> 
     </span>
    </p>
   </div>
   <div class='ocr_carea' id='block_1_24' title="bbox 2168 966 3735 1055">
    <p class='ocr_par' dir='ltr' id='par_1_24' title="bbox 2168 966 3735 1055">
     <span class='ocr_line' id='line_1_24' title="bbox 2168 966 3735 1055; baseline 0.012 -38"><span class='ocrx_word' id='word_1_153' title='bbox 2168 966 2344 1020; x_wconf 80' lang='grc' dir='ltr'>ἐκεῖνο</span> <span class='ocrx_word' id='word_1_154' title='bbox 2375 968 2431 1021; x_wconf 87' lang='grc' dir='ltr'>δὲ</span> <span class='ocrx_word' id='word_1_155' title='bbox 2466 970 2684 1039; x_wconf 91' lang='grc' dir='ltr'>μᾶλλον.</span> <span class='ocrx_word' id='word_1_156' title='bbox 2728 973 2887 1038; x_wconf 85' lang='grc' dir='ltr'>Ἔθος</span> <span class='ocrx_word' id='word_1_157' title='bbox 2919 980 2985 1051; x_wconf 79' lang='grc' dir='ltr'><strong>τῇ</strong></span> <span class='ocrx_word' id='word_1_158' title='bbox 3022 977 3360 1052; x_wconf 83' lang='grc' dir='ltr'>θεοπνεύστῳ</span> <span class='ocrx_word' id='word_1_159' title='bbox 3393 982 3579 1055; x_wconf 78' lang='grc' dir='ltr'>Γραφῇ</span> <span class='ocrx_word' id='word_1_160' title='bbox 3620 983 3735 1035; x_wconf 74' lang='grc' dir='ltr'>δια-</span> 
     </span>
    </p>
   </div>
   <div class='ocr_carea' id='block_1_25' title="bbox 2170 1059 3736 1138">
    <p class='ocr_par' dir='ltr' id='par_1_25' title="bbox 2170 1059 3736 1138">
     <span class='ocr_line' id='line_1_25' title="bbox 2170 1059 3736 1138; baseline 0.011 -28"><span class='ocrx_word' id='word_1_161' title='bbox 2170 1059 2355 1129; x_wconf 82' lang='grc' dir='ltr'><strong>φόροις</strong></span> <span class='ocrx_word' id='word_1_162' title='bbox 2383 1062 2603 1133; x_wconf 82' lang='grc' dir='ltr'>ὀνόμασι</span> <span class='ocrx_word' id='word_1_163' title='bbox 2658 1065 2747 1117; x_wconf 87' lang='grc' dir='ltr'><strong>τὸν</strong></span> <span class='ocrx_word' id='word_1_164' title='bbox 2775 1067 2881 1118; x_wconf 85' lang='grc' dir='ltr'><strong>τῶν</strong></span> <span class='ocrx_word' id='word_1_165' title='bbox 2912 1068 3079 1124; x_wconf 77' lang='grc' dir='ltr'>ὄντων</span> <span class='ocrx_word' id='word_1_166' title='bbox 3112 1070 3244 1124; x_wconf 80' lang='grc' dir='ltr'>Θεὸν</span> <span class='ocrx_word' id='word_1_167' title='bbox 3293 1073 3606 1138; x_wconf 83' lang='grc' dir='ltr'>ἀποκαλεῖν,</span> <span class='ocrx_word' id='word_1_168' title='bbox 3640 1075 3736 1127; x_wconf 66' lang='grc' dir='ltr'><strong>καὶ⁹</strong></span> 
     </span>
    </p>
   </div>
   <div class='ocr_carea' id='block_1_26' title="bbox 2166 1148 3733 1232">
    <p class='ocr_par' dir='ltr' id='par_1_26' title="bbox 2166 1148 3733 1232">
     <span class='ocr_line' id='line_1_26' title="bbox 2166 1148 3733 1232; baseline 0.01 -32"><span class='ocrx_word' id='word_1_169' title='bbox 2166 1148 2242 1211; x_wconf 84' lang='grc' dir='ltr'><strong>ὡς</strong></span> <span class='ocrx_word' id='word_1_170' title='bbox 2290 1151 2397 1204; x_wconf 86' lang='grc' dir='ltr'><strong>ἀπό</strong></span> <span class='ocrx_word' id='word_1_171' title='bbox 2428 1168 2489 1220; x_wconf 87' lang='grc' dir='ltr'><strong>γε</strong></span> <span class='ocrx_word' id='word_1_172' title='bbox 2540 1154 2648 1205; x_wconf 80' lang='grc' dir='ltr'>τῶν</span> <span class='ocrx_word' id='word_1_173' title='bbox 2700 1156 2838 1211; x_wconf 76' lang='grc' dir='ltr'>κατὰ</span> <span class='ocrx_word' id='word_1_174' title='bbox 2885 1160 3109 1229; x_wconf 82' lang='grc' dir='ltr'>καιροὺς</span> <span class='ocrx_word' id='word_1_175' title='bbox 3158 1160 3450 1232; x_wconf 82' lang='grc' dir='ltr'><strong>δρωμένων</strong></span> <span class='ocrx_word' id='word_1_176' title='bbox 3486 1162 3597 1216; x_wconf 78' lang='grc' dir='ltr'>ἔσθ’</span> <span class='ocrx_word' id='word_1_177' title='bbox 3643 1165 3733 1217; x_wconf 82' lang='grc' dir='ltr'><strong>ὅτε</strong></span> 
     </span>
    </p>
   </div>
   <div class='ocr_carea' id='block_1_27' title="bbox 2168 1244 3735 1323">
    <p class='ocr_par' dir='ltr' id='par_1_27' title="bbox 2168 1244 3735 1323">
     <span class='ocr_line' id='line_1_27' title="bbox 2168 1244 3735 1323; baseline 0.011 -32"><span class='ocrx_word' id='word_1_178' title='bbox 2168 1244 2545 1309; x_wconf 86' lang='grc' dir='ltr'>προσεπινοεῖν</span> <span class='ocrx_word' id='word_1_179' title='bbox 2577 1245 2675 1309; x_wconf 84' lang='grc' dir='ltr'>τὰς</span> <span class='ocrx_word' id='word_1_180' title='bbox 2718 1246 2958 1316; x_wconf 82' lang='grc' dir='ltr'><strong>κλήσεις.</strong></span> <span class='ocrx_word' id='word_1_181' title='bbox 3006 1251 3174 1305; x_wconf 88' lang='grc' dir='ltr'>Τοῦτο</span> <span class='ocrx_word' id='word_1_182' title='bbox 3200 1254 3491 1323; x_wconf 77' lang='grc' dir='ltr'><strong>τετήρηται</strong></span> <span class='ocrx_word' id='word_1_183' title='bbox 3522 1256 3613 1308; x_wconf 81' lang='grc' dir='ltr'><strong>καὶ</strong></span> <span class='ocrx_word' id='word_1_184' title='bbox 3646 1257 3735 1308; x_wconf 79' lang='grc' dir='ltr'>ἐπ’</span> 
     </span>
    </p>
   </div>
   <div class='ocr_carea' id='block_1_28' title="bbox 2165 1331 3733 1414">
    <p class='ocr_par' dir='ltr' id='par_1_28' title="bbox 2165 1331 3733 1414">
     <span class='ocr_line' id='line_1_28' title="bbox 2165 1331 3733 1414; baseline 0.01 -30"><span class='ocrx_word' id='word_1_185' title='bbox 2165 1331 2330 1385; x_wconf 82' lang='grc' dir='ltr'>αὑτοῦ</span> <span class='ocrx_word' id='word_1_186' title='bbox 2377 1334 2467 1387; x_wconf 84' lang='grc' dir='ltr'><strong>τοῦ</strong></span> <span class='ocrx_word' id='word_1_187' title='bbox 2522 1338 2774 1408; x_wconf 86' lang='grc' dir='ltr'>Χριστοῦ.</span> <span class='ocrx_word' id='word_1_188' title='bbox 2829 1339 2960 1403; x_wconf 82' lang='grc' dir='ltr'>Θεὸς</span> <span class='ocrx_word' id='word_1_189' title='bbox 3006 1343 3113 1413; x_wconf 90' lang='grc' dir='ltr'><strong>γάρ</strong></span> <span class='ocrx_word' id='word_1_190' title='bbox 3157 1345 3301 1396; x_wconf 78' lang='grc' dir='ltr'>ἐστιν</span> <span class='ocrx_word' id='word_1_191' title='bbox 3334 1344 3605 1414; x_wconf 76' lang='grc' dir='ltr'>ἀληθινὸς.</span> <span class='ocrx_word' id='word_1_192' title='bbox 3640 1348 3733 1399; x_wconf 72' lang='grc' dir='ltr'><strong>καὶ</strong></span> 
     </span>
    </p>
   </div>
   <div class='ocr_carea' id='block_1_29' title="bbox 2165 1422 3728 1505">
    <p class='ocr_par' dir='ltr' id='par_1_29' title="bbox 2165 1422 3728 1505">
     <span class='ocr_line' id='line_1_29' title="bbox 2165 1422 3728 1505; baseline 0.01 -31"><span class='ocrx_word' id='word_1_193' title='bbox 2165 1422 2247 1474; x_wconf 86' lang='grc' dir='ltr'>ὅτι</span> <span class='ocrx_word' id='word_1_194' title='bbox 2280 1424 2375 1491; x_wconf 87' lang='grc' dir='ltr'>μὲν</span> <span class='ocrx_word' id='word_1_195' title='bbox 2424 1424 2551 1488; x_wconf 77' lang='grc' dir='ltr'>Θεὸς,</span> <span class='ocrx_word' id='word_1_196' title='bbox 2584 1424 2658 1477; x_wconf 81' lang='grc' dir='ltr'><strong>ὢν</strong></span> <span class='ocrx_word' id='word_1_197' title='bbox 2691 1426 2867 1501; x_wconf 81' lang='grc' dir='ltr'>φύσει,</span> <span class='ocrx_word' id='word_1_198' title='bbox 2897 1430 3084 1505; x_wconf 88' lang='grc' dir='ltr'>γέγονε</span> <span class='ocrx_word' id='word_1_199' title='bbox 3120 1431 3238 1501; x_wconf 84' lang='grc' dir='ltr'>μεθ’</span> <span class='ocrx_word' id='word_1_200' title='bbox 3283 1434 3314 1502; x_wconf 84' lang='grc' dir='ltr'>ἠ</span> <span class='ocrx_word' id='word_1_201' title='bbox 3326 1433 3439 1502; x_wconf 83' lang='grc' dir='ltr'><strong>μῶν</strong></span> <span class='ocrx_word' id='word_1_202' title='bbox 3476 1436 3504 1487; x_wconf 83' lang='grc' dir='ltr'>ὁ</span> <span class='ocrx_word' id='word_1_203' title='bbox 3534 1436 3728 1503; x_wconf 87' lang='grc' dir='ltr'>Λόγος.</span> 
     </span>
    </p>
   </div>
   <div class='ocr_carea' id='block_1_30' title="bbox 2165 1514 3730 1592">
    <p class='ocr_par' dir='ltr' id='par_1_30' title="bbox 2165 1514 3730 1592">
     <span class='ocr_line' id='line_1_30' title="bbox 2165 1514 3730 1592; baseline 0.01 -27"><span class='ocrx_word' id='word_1_204' title='bbox 2165 1514 2239 1566; x_wconf 83' lang='grc' dir='ltr'><strong>ὅτ’</strong></span> <span class='ocrx_word' id='word_1_205' title='bbox 2273 1516 2507 1584; x_wconf 72' lang='grc' dir='ltr'>ἐπέφηνε</span> <span class='ocrx_word' id='word_1_206' title='bbox 2556 1518 2677 1571; x_wconf 84' lang='grc' dir='ltr'>καθ’</span> <span class='ocrx_word' id='word_1_207' title='bbox 2715 1520 2880 1588; x_wconf 82' lang='grc' dir='ltr'>ἡμᾶς,</span> <span class='ocrx_word' id='word_1_208' title='bbox 2936 1523 3331 1592; x_wconf 85' lang='grc' dir='ltr'>κατασημαίνει</span> <span class='ocrx_word' id='word_1_209' title='bbox 3382 1524 3483 1591; x_wconf 77' lang='grc' dir='ltr'>μὲν</span> <span class='ocrx_word' id='word_1_210' title='bbox 3529 1525 3595 1579; x_wconf 89' lang='grc' dir='ltr'><strong>ἂν</strong></span> <span class='ocrx_word' id='word_1_211' title='bbox 3636 1528 3730 1587; x_wconf 68' lang='grc' dir='ltr'><strong>καὶ</strong></span> 
     </span>
    </p>
   </div>
   <div class='ocr_carea' id='block_1_31' title="bbox 2166 1606 3733 1687">
    <p class='ocr_par' dir='ltr' id='par_1_31' title="bbox 2166 1606 3733 1687">
     <span class='ocr_line' id='line_1_31' title="bbox 2166 1606 3733 1687; baseline 0.01 -29"><span class='ocrx_word' id='word_1_212' title='bbox 2166 1606 2314 1675; x_wconf 90' lang='grc' dir='ltr'>μάλα</span> <span class='ocrx_word' id='word_1_213' title='bbox 2366 1608 2548 1675; x_wconf 81' lang='grc' dir='ltr'>σαφῶς</span> <span class='ocrx_word' id='word_1_214' title='bbox 2576 1609 2672 1674; x_wconf 84' lang='grc' dir='ltr'><strong>τὸ,</strong></span> <span class='ocrx_word' id='word_1_215' title='bbox 2718 1611 3076 1683; x_wconf 78' lang='grc' dir='ltr'><strong>Ἐμμανουήλ.</strong></span> <span class='ocrx_word' id='word_1_216' title='bbox 3139 1615 3354 1686; x_wconf 83' lang='grc' dir='ltr'><strong>Ἐπειδὴ</strong></span> <span class='ocrx_word' id='word_1_217' title='bbox 3401 1618 3456 1671; x_wconf 84' lang='grc' dir='ltr'><strong>δὲ</strong></span> <span class='ocrx_word' id='word_1_218' title='bbox 3511 1618 3733 1687; x_wconf 88' lang='grc' dir='ltr'>γέγονεν</span> 
     </span>
    </p>
   </div>
   <div class='ocr_carea' id='block_1_32' title="bbox 2165 1696 3730 1779">
    <p class='ocr_par' dir='ltr' id='par_1_32' title="bbox 2165 1696 3730 1779">
     <span class='ocr_line' id='line_1_32' title="bbox 2165 1696 3730 1779; baseline 0.01 -31"><span class='ocrx_word' id='word_1_219' title='bbox 2165 1696 2469 1766; x_wconf 81' lang='grc' dir='ltr'>ἄνθρωπος,</span> <span class='ocrx_word' id='word_1_220' title='bbox 2532 1699 2821 1753; x_wconf 87' lang='grc' dir='ltr'>ὲσκύλευσε</span> <span class='ocrx_word' id='word_1_221' title='bbox 2875 1702 2964 1754; x_wconf 83' lang='grc' dir='ltr'><strong>τὸν</strong></span> <span class='ocrx_word' id='word_1_222' title='bbox 3012 1704 3281 1769; x_wconf 80' lang='grc' dir='ltr'>Σατανᾶν,</span> <span class='ocrx_word' id='word_1_223' title='bbox 3334 1707 3429 1759; x_wconf 81' lang='grc' dir='ltr'><strong>καὶ</strong></span> <span class='ocrx_word' id='word_1_224' title='bbox 3480 1708 3585 1779; x_wconf 80' lang='grc' dir='ltr'><strong>μὴν</strong></span> <span class='ocrx_word' id='word_1_225' title='bbox 3636 1710 3730 1765; x_wconf 71' lang='grc' dir='ltr'>καὶ</span> 
     </span>
    </p>
   </div>
   <div class='ocr_carea' id='block_1_33' title="bbox 2166 1788 3728 1873">
    <p class='ocr_par' dir='ltr' id='par_1_33' title="bbox 2166 1788 3728 1873">
     <span class='ocr_line' id='line_1_33' title="bbox 2166 1788 3728 1873; baseline 0.009 -34"><span class='ocrx_word' id='word_1_226' title='bbox 2166 1788 2400 1854; x_wconf 78' lang='grc' dir='ltr'><strong>ἐξείλετο</strong></span> <span class='ocrx_word' id='word_1_227' title='bbox 2425 1794 2523 1861; x_wconf 84' lang='grc' dir='ltr'>τῆς</span> <span class='ocrx_word' id='word_1_228' title='bbox 2555 1792 2759 1846; x_wconf 78' lang='grc' dir='ltr'>ἐκείνου</span> <span class='ocrx_word' id='word_1_229' title='bbox 2795 1794 3109 1864; x_wconf 78' lang='grc' dir='ltr'><strong>σκαιότητος</strong></span> <span class='ocrx_word' id='word_1_230' title='bbox 3148 1799 3272 1860; x_wconf 78' lang='grc' dir='ltr'>τοὺς</span> <span class='ocrx_word' id='word_1_231' title='bbox 3302 1799 3467 1851; x_wconf 88' lang='grc' dir='ltr'>πάλαι</span> <span class='ocrx_word' id='word_1_232' title='bbox 3495 1799 3728 1873; x_wconf 83' lang='grc' dir='ltr'>διηρπα-</span> 
     </span>
    </p>
   </div>
   <div class='ocr_carea' id='block_1_34' title="bbox 489 1857 2054 1965">
    <p class='ocr_par' dir='ltr' id='par_1_34' title="bbox 489 1857 2054 1944">
     <span class='ocr_line' id='line_1_34' title="bbox 489 1857 2054 1944; baseline 0.013 -36"><span class='ocrx_word' id='word_1_233' title='bbox 489 1867 544 1909; x_wconf 89' lang='lat' dir='ltr'><strong>et</strong></span> <span class='ocrx_word' id='word_1_234' title='bbox 573 1857 865 1913; x_wconf 83' lang='lat' dir='ltr'><strong>declaravit</strong></span> <span class='ocrx_word' id='word_1_235' title='bbox 894 1861 1020 1914; x_wconf 89' lang='lat' dir='ltr'><strong>illud</strong></span> <span class='ocrx_word' id='word_1_236' title='bbox 1056 1881 1069 1917; x_wconf 87' lang='lat'><strong>:</strong></span> <span class='ocrx_word' id='word_1_237' title='bbox 1106 1864 1377 1921; x_wconf 70' lang='lat' dir='ltr'><strong>\‘elociter</strong></span> <span class='ocrx_word' id='word_1_238' title='bbox 1403 1869 1669 1940; x_wconf 89' lang='lat' dir='ltr'><strong>spoliato,</strong></span> <span class='ocrx_word' id='word_1_239' title='bbox 1697 1870 1818 1927; x_wconf 87' lang='lat' dir='ltr'><strong>Cito</strong></span> <span class='ocrx_word' id='word_1_240' title='bbox 1851 1875 2054 1944; x_wconf 66' lang='lat' dir='ltr'><strong>prteda-</strong></span> 
     </span>
    </p>
   </div>
   <div class='ocr_carea' id='block_1_35' title="bbox 2157 1857 3727 1965">
    <p class='ocr_par' dir='ltr' id='par_1_35' title="bbox 2165 1857 3727 1965">
     <span class='ocr_line' id='line_1_35' title="bbox 2165 1857 3727 1965; baseline 0.008 -33"><span class='ocrx_word' id='word_1_241' title='bbox 2165 1881 2412 1951; x_wconf 87' lang='grc' dir='ltr'>σμένους,</span> <span class='ocrx_word' id='word_1_242' title='bbox 2456 1857 2547 1943; x_wconf 74' lang='grc' dir='ltr'><strong>καὶ</strong></span> <span class='ocrx_word' id='word_1_243' title='bbox 2580 1884 2925 1949; x_wconf 84' lang='grc' dir='ltr'>δουλεύοντας</span> <span class='ocrx_word' id='word_1_244' title='bbox 2973 1857 3121 1958; x_wconf 70' lang='grc' dir='ltr'>αύτῷ</span> <span class='ocrx_word' id='word_1_245' title='bbox 3170 1857 3266 1942; x_wconf 34' lang='grc' dir='ltr'>διὰ.</span> <span class='ocrx_word' id='word_1_246' title='bbox 3294 1893 3390 1965; x_wconf 76' lang='grc' dir='ltr'><strong>τῆς</strong></span> <span class='ocrx_word' id='word_1_247' title='bbox 3437 1857 3727 1961; x_wconf 66' lang='grc' dir='ltr'>ἁμαρτίας,</span> 
     </span>
    </p>
   </div>
   <div class='ocr_carea' id='block_1_36' title="bbox 491 1948 2061 2031">
    <p class='ocr_par' dir='ltr' id='par_1_36' title="bbox 491 1948 2061 2031">
     <span class='ocr_line' id='line_1_36' title="bbox 491 1948 2061 2031; baseline 0.014 -31"><span class='ocrx_word' id='word_1_248' title='bbox 491 1956 591 2001; x_wconf 88' lang='lat' dir='ltr'><strong>tor.</strong></span> <span class='ocrx_word' id='word_1_249' title='bbox 623 1948 771 2015; x_wconf 87' lang='lat' dir='ltr'><strong>Quod</strong></span> <span class='ocrx_word' id='word_1_250' title='bbox 799 1954 995 2017; x_wconf 91' lang='lat' dir='ltr'><strong>etiam,</strong></span> <span class='ocrx_word' id='word_1_251' title='bbox 1028 1965 1084 2009; x_wconf 91' lang='lat' dir='ltr'><strong>ut</strong></span> <span class='ocrx_word' id='word_1_252' title='bbox 1115 1956 1285 2022; x_wconf 88' lang='lat' dir='ltr'><strong>Deus,</strong></span> <span class='ocrx_word' id='word_1_253' title='bbox 1318 1960 1738 2031; x_wconf 82' lang='lat' dir='ltr'><strong>redemptionem</strong></span> <span class='ocrx_word' id='word_1_254' title='bbox 1771 1966 2061 2023; x_wconf 86' lang='lat' dir='ltr'><strong>humanam</strong></span> 
     </span>
    </p>
   </div>
   <div class='ocr_carea' id='block_1_37' title="bbox 488 2041 2060 2125">
    <p class='ocr_par' dir='ltr' id='par_1_37' title="bbox 488 2041 2060 2125">
     <span class='ocr_line' id='line_1_37' title="bbox 488 2041 2060 2125; baseline 0.014 -33"><span class='ocrx_word' id='word_1_255' title='bbox 488 2041 849 2111; x_wconf 80' lang='lat' dir='ltr'><strong>inexplicabili</strong></span> <span class='ocrx_word' id='word_1_256' title='bbox 877 2045 1074 2100; x_wconf 88' lang='lat' dir='ltr'><strong>virtute</strong></span> <span class='ocrx_word' id='word_1_257' title='bbox 1102 2048 1440 2117; x_wconf 83' lang='lat' dir='ltr'><strong>perfecturus</strong></span> <span class='ocrx_word' id='word_1_258' title='bbox 1469 2054 1573 2119; x_wconf 89' lang='lat' dir='ltr'><strong>sit,</strong></span> <span class='ocrx_word' id='word_1_259' title='bbox 1599 2060 2060 2125; x_wconf 65' lang='lat' dir='ltr'><strong>praamonstravit,</strong></span> 
     </span>
    </p>
   </div>
   <div class='ocr_carea' id='block_1_38' title="bbox 487 2133 2059 2222">
    <p class='ocr_par' dir='ltr' id='par_1_38' title="bbox 487 2133 2059 2222">
     <span class='ocr_line' id='line_1_38' title="bbox 487 2133 2059 2222; baseline 0.015 -37"><span class='ocrx_word' id='word_1_260' title='bbox 487 2133 670 2193; x_wconf 89' lang='lat' dir='ltr'><strong>dicens</strong></span> <span class='ocrx_word' id='word_1_261' title='bbox 696 2155 706 2188; x_wconf 97' lang='lat'>:</span> <span class='ocrx_word' id='word_1_262' title='bbox 728 2153 746 2186; x_wconf 80' lang='grc' dir='ltr'><strong>ι</strong></span> <span class='ocrx_word' id='word_1_263' title='bbox 768 2134 1085 2207; x_wconf 88' lang='lat' dir='ltr'><strong>Priusquam</strong></span> <span class='ocrx_word' id='word_1_264' title='bbox 1111 2144 1319 2197; x_wconf 88' lang='lat' dir='ltr'><strong>noverit</strong></span> <span class='ocrx_word' id='word_1_265' title='bbox 1337 2159 1467 2212; x_wconf 90' lang='lat' dir='ltr'><strong>puer</strong></span> <span class='ocrx_word' id='word_1_266' title='bbox 1484 2157 1688 2215; x_wconf 87' lang='lat' dir='ltr'><strong>patrem</strong></span> <span class='ocrx_word' id='word_1_267' title='bbox 1710 2151 1791 2203; x_wconf 90' lang='lat' dir='ltr'><strong>vel</strong></span> <span class='ocrx_word' id='word_1_268' title='bbox 1810 2162 2059 2222; x_wconf 86' lang='lat' dir='ltr'><strong>matrem,</strong></span> 
     </span>
    </p>
   </div>
   <div class='ocr_carea' id='block_1_39' title="bbox 486 2223 2058 2307">
    <p class='ocr_par' dir='ltr' id='par_1_39' title="bbox 486 2223 2058 2307">
     <span class='ocr_line' id='line_1_39' title="bbox 486 2223 2058 2307; baseline 0.015 -32"><span class='ocrx_word' id='word_1_269' title='bbox 486 2223 693 2279; x_wconf 78' lang='lat' dir='ltr'><strong>auferet</strong></span> <span class='ocrx_word' id='word_1_270' title='bbox 713 2229 1000 2295; x_wconf 88' lang='lat' dir='ltr'><strong>potentiam</strong></span> <span class='ocrx_word' id='word_1_271' title='bbox 1028 2231 1296 2299; x_wconf 87' lang='lat' dir='ltr'><strong>Damasci,</strong></span> <span class='ocrx_word' id='word_1_272' title='bbox 1320 2245 1374 2290; x_wconf 91' lang='lat' dir='ltr'><strong>et</strong></span> <span class='ocrx_word' id='word_1_273' title='bbox 1395 2239 1565 2307; x_wconf 88' lang='lat' dir='ltr'><strong>spolia</strong></span> <span class='ocrx_word' id='word_1_274' title='bbox 1591 2239 1851 2297; x_wconf 70' lang='lat' dir='ltr'><strong>Samaria:</strong></span> <span class='ocrx_word' id='word_1_275' title='bbox 1875 2260 2058 2300; x_wconf 90' lang='lat' dir='ltr'><strong>coram</strong></span> 
     </span>
    </p>
   </div>
   <div class='ocr_carea' id='block_1_40' title="bbox 487 2318 2060 2392">
    <p class='ocr_par' dir='ltr' id='par_1_40' title="bbox 487 2318 2060 2392">
     <span class='ocr_line' id='line_1_40' title="bbox 487 2318 2060 2392; baseline 0.016 -25"><span class='ocrx_word' id='word_1_276' title='bbox 487 2331 613 2386; x_wconf 90' lang='lat' dir='ltr'><strong>rege</strong></span> <span class='ocrx_word' id='word_1_277' title='bbox 641 2318 1007 2390; x_wconf 87' lang='lat' dir='ltr'><strong>Assyriorum.</strong></span> <span class='ocrx_word' id='word_1_278' title='bbox 1045 2342 1063 2375; x_wconf 77' lang='grc' dir='ltr'><strong>ι</strong></span> <span class='ocrx_word' id='word_1_279' title='bbox 1101 2325 1407 2383; x_wconf 80' lang='lat' dir='ltr'><strong>Altissimus</strong></span> <span class='ocrx_word' id='word_1_280' title='bbox 1439 2337 1522 2384; x_wconf 87' lang='lat' dir='ltr'><strong>est</strong></span> <span class='ocrx_word' id='word_1_281' title='bbox 1555 2332 1744 2388; x_wconf 89' lang='lat' dir='ltr'><strong>horum</strong></span> <span class='ocrx_word' id='word_1_282' title='bbox 1775 2337 2060 2392; x_wconf 90' lang='lat' dir='ltr'><strong>verborum</strong></span> 
     </span>
    </p>
   </div>
   <div class='ocr_carea' id='block_1_41' title="bbox 484 2413 2059 2490">
    <p class='ocr_par' dir='ltr' id='par_1_41' title="bbox 484 2413 2059 2490">
     <span class='ocr_line' id='line_1_41' title="bbox 484 2413 2059 2490; baseline 0.015 -28"><span class='ocrx_word' id='word_1_283' title='bbox 484 2424 692 2478; x_wconf 91' lang='lat' dir='ltr'><strong>sensus,</strong></span> <span class='ocrx_word' id='word_1_284' title='bbox 712 2413 866 2487; x_wconf 80' lang='lat'><strong>135</strong></span> <span class='ocrx_word' id='word_1_285' title='bbox 890 2426 941 2468; x_wconf 92' lang='lat' dir='ltr'><strong>et</strong></span> <span class='ocrx_word' id='word_1_286' title='bbox 966 2419 1237 2473; x_wconf 85' lang='lat' dir='ltr'><strong>enarratio</strong></span> <span class='ocrx_word' id='word_1_287' title='bbox 1259 2422 1535 2490; x_wconf 90' lang='lat' dir='ltr'><strong>spiritalis.</strong></span> <span class='ocrx_word' id='word_1_288' title='bbox 1557 2426 1798 2481; x_wconf 82' lang='lat' dir='ltr'><strong>Obducta</strong></span> <span class='ocrx_word' id='word_1_289' title='bbox 1818 2440 1899 2483; x_wconf 88' lang='lat' dir='ltr'><strong>est</strong></span> <span class='ocrx_word' id='word_1_290' title='bbox 1916 2432 2059 2484; x_wconf 91' lang='lat' dir='ltr'><strong>enim</strong></span> 
     </span>
    </p>
   </div>
   <div class='ocr_carea' id='block_1_42' title="bbox 481 2500 2060 2580">
    <p class='ocr_par' dir='ltr' id='par_1_42' title="bbox 481 2500 2060 2580">
     <span class='ocr_line' id='line_1_42' title="bbox 481 2500 2060 2580; baseline 0.014 -27"><span class='ocrx_word' id='word_1_291' title='bbox 481 2500 900 2558; x_wconf 86' lang='lat' dir='ltr'><strong>obscuritatibus</strong></span> <span class='ocrx_word' id='word_1_292' title='bbox 928 2504 1036 2560; x_wconf 90' lang='lat' dir='ltr'><strong>fere</strong></span> <span class='ocrx_word' id='word_1_293' title='bbox 1062 2522 1273 2578; x_wconf 89' lang='lat' dir='ltr'><strong>semper</strong></span> <span class='ocrx_word' id='word_1_294' title='bbox 1297 2512 1474 2565; x_wconf 89' lang='lat' dir='ltr'><strong>divina</strong></span> <span class='ocrx_word' id='word_1_295' title='bbox 1508 2515 1699 2580; x_wconf 90' lang='lat' dir='ltr'><strong>oratio,</strong></span> <span class='ocrx_word' id='word_1_296' title='bbox 1733 2531 1831 2571; x_wconf 93' lang='lat' dir='ltr'><strong>nec</strong></span> <span class='ocrx_word' id='word_1_297' title='bbox 1854 2534 1919 2573; x_wconf 80' lang='lat' dir='ltr'><strong>ex</strong></span> <span class='ocrx_word' id='word_1_298' title='bbox 1951 2521 2060 2575; x_wconf 91' lang='lat' dir='ltr'><strong>his-</strong></span> 
     </span>
    </p>
   </div>
   <div class='ocr_carea' id='block_1_43' title="bbox 485 2591 2047 2677">
    <p class='ocr_par' dir='ltr' id='par_1_43' title="bbox 485 2591 2047 2677">
     <span class='ocr_line' id='line_1_43' title="bbox 485 2591 2047 2677; baseline 0.015 -34"><span class='ocrx_word' id='word_1_299' title='bbox 485 2591 623 2645; x_wconf 90' lang='lat' dir='ltr'><strong>toria</strong></span> <span class='ocrx_word' id='word_1_300' title='bbox 653 2592 920 2664; x_wconf 87' lang='lat' dir='ltr'><strong>rebusque</strong></span> <span class='ocrx_word' id='word_1_301' title='bbox 943 2598 1042 2651; x_wconf 91' lang='lat' dir='ltr'><strong>sub</strong></span> <span class='ocrx_word' id='word_1_302' title='bbox 1069 2613 1286 2653; x_wconf 84' lang='lat' dir='ltr'><strong>sensum</strong></span> <span class='ocrx_word' id='word_1_303' title='bbox 1312 2603 1632 2658; x_wconf 80' lang='lat' dir='ltr'><strong>cadentibus</strong></span> <span class='ocrx_word' id='word_1_304' title='bbox 1660 2606 2047 2677; x_wconf 88' lang='lat' dir='ltr'><strong>invenerimus,</strong></span> 
     </span>
    </p>
   </div>
   <div class='ocr_carea' id='block_1_44' title="bbox 481 2681 2056 2768">
    <p class='ocr_par' dir='ltr' id='par_1_44' title="bbox 481 2681 2056 2768">
     <span class='ocr_line' id='line_1_44' title="bbox 481 2681 2056 2768; baseline 0.013 -33"><span class='ocrx_word' id='word_1_305' title='bbox 481 2681 754 2737; x_wconf 91' lang='lat' dir='ltr'><strong>Christum</strong></span> <span class='ocrx_word' id='word_1_306' title='bbox 786 2687 967 2741; x_wconf 87' lang='lat' dir='ltr'><strong>statim</strong></span> <span class='ocrx_word' id='word_1_307' title='bbox 999 2697 1200 2755; x_wconf 90' lang='lat' dir='ltr'><strong>uatum,</strong></span> <span class='ocrx_word' id='word_1_308' title='bbox 1230 2692 1311 2745; x_wconf 91' lang='lat' dir='ltr'><strong>vel</strong></span> <span class='ocrx_word' id='word_1_309' title='bbox 1351 2695 1684 2765; x_wconf 87' lang='lat' dir='ltr'><strong>exspoliasse</strong></span> <span class='ocrx_word' id='word_1_310' title='bbox 1708 2698 2056 2768; x_wconf 86' lang='lat' dir='ltr'><strong>Damascum,</strong></span> 
     </span>
    </p>
   </div>
   <div class='ocr_carea' id='block_1_45' title="bbox 481 2773 2055 2863">
    <p class='ocr_par' dir='ltr' id='par_1_45' title="bbox 481 2773 2055 2863">
     <span class='ocr_line' id='line_1_45' title="bbox 481 2773 2055 2863; baseline 0.016 -40"><span class='ocrx_word' id='word_1_311' title='bbox 481 2773 564 2825; x_wconf 83' lang='lat' dir='ltr'><strong>vel</strong></span> <span class='ocrx_word' id='word_1_312' title='bbox 594 2775 862 2842; x_wconf 79' lang='lat' dir='ltr'><strong>regionem</strong></span> <span class='ocrx_word' id='word_1_313' title='bbox 889 2778 1029 2848; x_wconf 89' lang='lat' dir='ltr'><strong>regis</strong></span> <span class='ocrx_word' id='word_1_314' title='bbox 1058 2780 1401 2850; x_wconf 82' lang='lat' dir='ltr'><strong>Assyriorum</strong></span> <span class='ocrx_word' id='word_1_315' title='bbox 1433 2824 1449 2850; x_wconf 92' lang='lat'><strong>,</strong></span> <span class='ocrx_word' id='word_1_316' title='bbox 1496 2785 1740 2843; x_wconf 90' lang='lat' dir='ltr'><strong>liberatis</strong></span> <span class='ocrx_word' id='word_1_317' title='bbox 1777 2792 1862 2845; x_wconf 90' lang='lat' dir='ltr'><strong>his</strong></span> <span class='ocrx_word' id='word_1_318' title='bbox 1902 2793 1994 2863; x_wconf 88' lang='lat' dir='ltr'><strong>qui</strong></span> <span class='ocrx_word' id='word_1_319' title='bbox 2026 2809 2055 2848; x_wconf 90' lang='lat' dir='ltr'><strong>e</strong></span> 
     </span>
    </p>
   </div>
   <div class='ocr_carea' id='block_1_46' title="bbox 490 2864 2057 2943">
    <p class='ocr_par' dir='ltr' id='par_1_46' title="bbox 490 2864 2057 2943">
     <span class='ocr_line' id='line_1_46' title="bbox 490 2864 2057 2943; baseline 0.015 -26"><span class='ocrx_word' id='word_1_320' title='bbox 490 2864 738 2918; x_wconf 86' lang='lat' dir='ltr'><strong>Samaria</strong></span> <span class='ocrx_word' id='word_1_321' title='bbox 768 2866 823 2920; x_wconf 88' lang='lat' dir='ltr'><strong>in</strong></span> <span class='ocrx_word' id='word_1_322' title='bbox 853 2869 967 2937; x_wconf 88' lang='lat' dir='ltr'><strong>ejus</strong></span> <span class='ocrx_word' id='word_1_323' title='bbox 1000 2872 1271 2940; x_wconf 80' lang='lat' dir='ltr'><strong>regionem</strong></span> <span class='ocrx_word' id='word_1_324' title='bbox 1301 2875 1750 2943; x_wconf 83' lang='lat' dir='ltr'><strong>deportabantur.</strong></span> <span class='ocrx_word' id='word_1_325' title='bbox 1781 2882 1916 2938; x_wconf 92' lang='lat' dir='ltr'><strong>Cum</strong></span> <span class='ocrx_word' id='word_1_326' title='bbox 1958 2901 2057 2939; x_wconf 89' lang='lat' dir='ltr'><strong>au-</strong></span> 
     </span>
    </p>
   </div>
   <div class='ocr_carea' id='block_1_47' title="bbox 487 2957 2047 3033">
    <p class='ocr_par' dir='ltr' id='par_1_47' title="bbox 487 2957 2047 3033">
     <span class='ocr_line' id='line_1_47' title="bbox 487 2957 2047 3033; baseline 0.016 -26"><span class='ocrx_word' id='word_1_327' title='bbox 487 2964 591 3008; x_wconf 88' lang='lat' dir='ltr'><strong>tem</strong></span> <span class='ocrx_word' id='word_1_328' title='bbox 626 2957 942 3025; x_wconf 79' lang='lat' dir='ltr'><strong>spiritaliter</strong></span> <span class='ocrx_word' id='word_1_329' title='bbox 980 2970 1092 3013; x_wconf 87' lang='lat' dir='ltr'><strong>rem</strong></span> <span class='ocrx_word' id='word_1_330' title='bbox 1122 2967 1524 3033; x_wconf 87' lang='lat' dir='ltr'><strong>acceperimus,</strong></span> <span class='ocrx_word' id='word_1_331' title='bbox 1568 2978 1681 3024; x_wconf 91' lang='lat' dir='ltr'><strong>tum</strong></span> <span class='ocrx_word' id='word_1_332' title='bbox 1728 2974 1831 3027; x_wconf 90' lang='lat' dir='ltr'><strong>hoc</strong></span> <span class='ocrx_word' id='word_1_333' title='bbox 1887 2977 2047 3031; x_wconf 89' lang='lat' dir='ltr'><strong>veris-</strong></span> 
     </span>
    </p>
   </div>
   <div class='ocr_carea' id='block_1_48' title="bbox 482 3048 2054 3128">
    <p class='ocr_par' dir='ltr' id='par_1_48' title="bbox 482 3048 2054 3128">
     <span class='ocr_line' id='line_1_48' title="bbox 482 3048 2054 3128; baseline 0.015 -30"><span class='ocrx_word' id='word_1_334' title='bbox 482 3048 676 3100; x_wconf 90' lang='lat' dir='ltr'><strong>simum</strong></span> <span class='ocrx_word' id='word_1_335' title='bbox 713 3063 831 3103; x_wconf 87' lang='lat' dir='ltr'><strong>esse</strong></span> <span class='ocrx_word' id='word_1_336' title='bbox 871 3052 1195 3110; x_wconf 83' lang='lat' dir='ltr'><strong>videbimus.</strong></span> <span class='ocrx_word' id='word_1_337' title='bbox 1228 3055 1359 3110; x_wconf 87' lang='lat' dir='ltr'><strong>Erat</strong></span> <span class='ocrx_word' id='word_1_338' title='bbox 1388 3058 1550 3128; x_wconf 78' lang='lat' dir='ltr'><strong>igitur</strong></span> <span class='ocrx_word' id='word_1_339' title='bbox 1587 3063 1900 3128; x_wconf 89' lang='lat' dir='ltr'><strong>Damascus,</strong></span> <span class='ocrx_word' id='word_1_340' title='bbox 1937 3068 2054 3122; x_wconf 88' lang='lat' dir='ltr'><strong>sive</strong></span> 
     </span>
    </p>
   </div>
   <div class='ocr_carea' id='block_1_49' title="bbox 483 3137 2049 3223">
    <p class='ocr_par' dir='ltr' id='par_1_49' title="bbox 483 3137 2049 3223">
     <span class='ocr_line' id='line_1_49' title="bbox 483 3137 2049 3223; baseline 0.015 -33"><span class='ocrx_word' id='word_1_341' title='bbox 483 3137 640 3208; x_wconf 87' lang='lat' dir='ltr'><strong>Syria</strong></span> <span class='ocrx_word' id='word_1_342' title='bbox 675 3142 948 3207; x_wconf 86' lang='lat' dir='ltr'><strong>universa,</strong></span> <span class='ocrx_word' id='word_1_343' title='bbox 975 3155 1030 3198; x_wconf 89' lang='lat' dir='ltr'><strong>et</strong></span> <span class='ocrx_word' id='word_1_344' title='bbox 1054 3146 1400 3217; x_wconf 87' lang='lat' dir='ltr'><strong>Assyriorum</strong></span> <span class='ocrx_word' id='word_1_345' title='bbox 1437 3153 1581 3223; x_wconf 88' lang='lat' dir='ltr'><strong>regio</strong></span> <span class='ocrx_word' id='word_1_346' title='bbox 1610 3194 1625 3218; x_wconf 95' lang='lat'><strong>,</strong></span> <span class='ocrx_word' id='word_1_347' title='bbox 1656 3157 1866 3211; x_wconf 89' lang='lat' dir='ltr'><strong>scilicet</strong></span> <span class='ocrx_word' id='word_1_348' title='bbox 1912 3157 2049 3213; x_wconf 86' lang='lat' dir='ltr'><strong>Per—</strong></span> 
     </span>
    </p>
   </div>
   <div class='ocr_carea' id='block_1_50' title="bbox 481 3233 2051 3311">
    <p class='ocr_par' dir='ltr' id='par_1_50' title="bbox 481 3233 2051 3311">
     <span class='ocr_line' id='line_1_50' title="bbox 481 3233 2051 3311; baseline 0.015 -28"><span class='ocrx_word' id='word_1_349' title='bbox 481 3246 667 3285; x_wconf 91' lang='lat' dir='ltr'><strong>sarum</strong></span> <span class='ocrx_word' id='word_1_350' title='bbox 720 3244 773 3287; x_wconf 91' lang='lat' dir='ltr'><strong>et</strong></span> <span class='ocrx_word' id='word_1_351' title='bbox 826 3233 1101 3289; x_wconf 82' lang='lat' dir='ltr'><strong>Medorum</strong></span> <span class='ocrx_word' id='word_1_352' title='bbox 1139 3278 1154 3302; x_wconf 94' lang='lat'><strong>,</strong></span> <span class='ocrx_word' id='word_1_353' title='bbox 1203 3239 1357 3295; x_wconf 89' lang='lat' dir='ltr'><strong>idolis</strong></span> <span class='ocrx_word' id='word_1_354' title='bbox 1418 3243 1607 3311; x_wconf 89' lang='lat' dir='ltr'><strong>plena,</strong></span> <span class='ocrx_word' id='word_1_355' title='bbox 1653 3247 1852 3304; x_wconf 91' lang='lat' dir='ltr'><strong>idcirco</strong></span> <span class='ocrx_word' id='word_1_356' title='bbox 1907 3262 2051 3306; x_wconf 90' lang='lat' dir='ltr'><strong>terra</strong></span> 
     </span>
    </p>
   </div>
   <div class='ocr_carea' id='block_1_51' title="bbox 482 3324 2041 3401">
    <p class='ocr_par' dir='ltr' id='par_1_51' title="bbox 482 3324 2041 3401">
     <span class='ocr_line' id='line_1_51' title="bbox 482 3324 2041 3401; baseline 0.015 -27"><span class='ocrx_word' id='word_1_357' title='bbox 482 3324 830 3391; x_wconf 88' lang='lat' dir='ltr'><strong>sculptilium,</strong></span> <span class='ocrx_word' id='word_1_358' title='bbox 860 3328 1089 3381; x_wconf 88' lang='lat' dir='ltr'><strong>vocitata</strong></span> <span class='ocrx_word' id='word_1_359' title='bbox 1115 3339 1216 3397; x_wconf 87' lang='lat' dir='ltr'><strong>est,</strong></span> <span class='ocrx_word' id='word_1_360' title='bbox 1240 3332 1291 3384; x_wconf 91' lang='lat' dir='ltr'><strong>in</strong></span> <span class='ocrx_word' id='word_1_361' title='bbox 1314 3349 1414 3401; x_wconf 85' lang='lat' dir='ltr'><strong>qua</strong></span> <span class='ocrx_word' id='word_1_362' title='bbox 1445 3336 1651 3392; x_wconf 86' lang='lat' dir='ltr'><strong>scilicet</strong></span> <span class='ocrx_word' id='word_1_363' title='bbox 1673 3350 1829 3394; x_wconf 88' lang='lat' dir='ltr'><strong>erant</strong></span> <span class='ocrx_word' id='word_1_364' title='bbox 1849 3341 2041 3398; x_wconf 89' lang='lat' dir='ltr'><strong>altaria</strong></span> 
     </span>
    </p>
   </div>
   <div class='ocr_carea' id='block_1_52' title="bbox 480 3415 2051 3500">
    <p class='ocr_par' dir='ltr' id='par_1_52' title="bbox 480 3415 2051 3500">
     <span class='ocr_line' id='line_1_52' title="bbox 480 3415 2051 3500; baseline 0.014 -32"><span class='ocrx_word' id='word_1_365' title='bbox 480 3426 530 3469; x_wconf 91' lang='lat' dir='ltr'><strong>et</strong></span> <span class='ocrx_word' id='word_1_366' title='bbox 569 3415 690 3470; x_wconf 87' lang='lat' dir='ltr'><strong>fana</strong></span> <span class='ocrx_word' id='word_1_367' title='bbox 738 3419 914 3474; x_wconf 84' lang='lat' dir='ltr'><strong>ubivis</strong></span> <span class='ocrx_word' id='word_1_368' title='bbox 958 3420 1241 3488; x_wconf 91' lang='lat' dir='ltr'><strong>locorum,</strong></span> <span class='ocrx_word' id='word_1_369' title='bbox 1288 3434 1341 3479; x_wconf 91' lang='lat' dir='ltr'><strong>et</strong></span> <span class='ocrx_word' id='word_1_370' title='bbox 1389 3428 1478 3497; x_wconf 90' lang='lat' dir='ltr'><strong>qui</strong></span> <span class='ocrx_word' id='word_1_371' title='bbox 1530 3428 1876 3500; x_wconf 87' lang='lat' dir='ltr'><strong>frequentare</strong></span> <span class='ocrx_word' id='word_1_372' title='bbox 1927 3436 2051 3490; x_wconf 89' lang='lat' dir='ltr'><strong>fana</strong></span> 
     </span>
    </p>
   </div>
   <div class='ocr_carea' id='block_1_53' title="bbox 480 3508 2052 3593">
    <p class='ocr_par' dir='ltr' id='par_1_53' title="bbox 480 3508 2052 3593">
     <span class='ocr_line' id='line_1_53' title="bbox 480 3508 2052 3593; baseline 0.014 -33"><span class='ocrx_word' id='word_1_373' title='bbox 480 3508 623 3561; x_wconf 84' lang='lat' dir='ltr'><strong>soliti</strong></span> <span class='ocrx_word' id='word_1_374' title='bbox 659 3520 805 3575; x_wconf 92' lang='lat' dir='ltr'><strong>sunt,</strong></span> <span class='ocrx_word' id='word_1_375' title='bbox 843 3510 1133 3580; x_wconf 90' lang='lat' dir='ltr'><strong>falsorum,</strong></span> <span class='ocrx_word' id='word_1_376' title='bbox 1187 3516 1440 3586; x_wconf 85' lang='lat' dir='ltr'><strong>inquam,</strong></span> <span class='ocrx_word' id='word_1_377' title='bbox 1490 3532 1670 3575; x_wconf 90' lang='lat' dir='ltr'><strong>vatum</strong></span> <span class='ocrx_word' id='word_1_378' title='bbox 1722 3539 1958 3593; x_wconf 86' lang='lat' dir='ltr'><strong>genera,</strong></span> <span class='ocrx_word' id='word_1_379' title='bbox 1999 3535 2052 3582; x_wconf 88' lang='lat' dir='ltr'><strong>el</strong></span> 
     </span>
    </p>
   </div>
   <div class='ocr_carea' id='block_1_54' title="bbox 480 3598 2041 3674">
    <p class='ocr_par' dir='ltr' id='par_1_54' title="bbox 480 3598 2041 3674">
     <span class='ocr_line' id='line_1_54' title="bbox 480 3598 2041 3674; baseline 0.014 -23"><span class='ocrx_word' id='word_1_380' title='bbox 480 3598 903 3656; x_wconf 89' lang='lat' dir='ltr'><strong>iucantationum</strong></span> <span class='ocrx_word' id='word_1_381' title='bbox 932 3606 1113 3674; x_wconf 90' lang='lat' dir='ltr'><strong>periti.</strong></span> <span class='ocrx_word' id='word_1_382' title='bbox 1149 3605 1334 3661; x_wconf 81' lang='lat' dir='ltr'><strong>Robur</strong></span> <span class='ocrx_word' id='word_1_383' title='bbox 1358 3622 1537 3664; x_wconf 86' lang='lat' dir='ltr'><strong>autem</strong></span> <span class='ocrx_word' id='word_1_384' title='bbox 1568 3622 1620 3666; x_wconf 92' lang='lat' dir='ltr'><strong>et</strong></span> <span class='ocrx_word' id='word_1_385' title='bbox 1642 3615 2041 3673; x_wconf 68' lang='lat' dir='ltr'><strong>[irritamentum</strong></span> 
     </span>
    </p>
   </div>
   <div class='ocr_carea' id='block_1_55' title="bbox 480 3698 2034 3780">
    <p class='ocr_par' dir='ltr' id='par_1_55' title="bbox 480 3698 2034 3780">
     <span class='ocr_line' id='line_1_55' title="bbox 480 3698 2034 3780; baseline 0.014 -38"><span class='ocrx_word' id='word_1_386' title='bbox 480 3706 666 3743; x_wconf 90' lang='lat' dir='ltr'><strong>eorum</strong></span> <span class='ocrx_word' id='word_1_387' title='bbox 703 3707 862 3747; x_wconf 90' lang='lat' dir='ltr'><strong>omne</strong></span> <span class='ocrx_word' id='word_1_388' title='bbox 890 3707 1042 3750; x_wconf 90' lang='lat' dir='ltr'><strong>erant</strong></span> <span class='ocrx_word' id='word_1_389' title='bbox 1073 3698 1360 3765; x_wconf 75' lang='lat' dir='ltr'><strong>dzcmonia,</strong></span> <span class='ocrx_word' id='word_1_390' title='bbox 1384 3717 1505 3771; x_wconf 66' lang='lat' dir='ltr'><strong>quae</strong></span> <span class='ocrx_word' id='word_1_391' title='bbox 1535 3703 1728 3775; x_wconf 82' lang='lat' dir='ltr'><strong>singuli</strong></span> <span class='ocrx_word' id='word_1_392' title='bbox 1763 3708 2034 3780; x_wconf 82' lang='lat' dir='ltr'><strong>colebant,</strong></span> 
     </span>
    </p>
   </div>
   <div class='ocr_carea' id='block_1_56' title="bbox 480 3785 2041 3868">
    <p class='ocr_par' dir='ltr' id='par_1_56' title="bbox 480 3785 2041 3868">
     <span class='ocr_line' id='line_1_56' title="bbox 480 3785 2041 3868; baseline 0.013 -35"><span class='ocrx_word' id='word_1_393' title='bbox 480 3792 533 3834; x_wconf 90' lang='lat' dir='ltr'><strong>et</strong></span> <span class='ocrx_word' id='word_1_394' title='bbox 557 3785 810 3854; x_wconf 84' lang='lat' dir='ltr'><strong>princeps</strong></span> <span class='ocrx_word' id='word_1_395' title='bbox 840 3802 903 3839; x_wconf 92' lang='lat' dir='ltr'><strong>ac</strong></span> <span class='ocrx_word' id='word_1_396' title='bbox 934 3789 1225 3856; x_wconf 74' lang='lat' dir='ltr'><strong>przefcctus</strong></span> <span class='ocrx_word' id='word_1_397' title='bbox 1247 3806 1432 3845; x_wconf 89' lang='lat' dir='ltr'><strong>eorum</strong></span> <span class='ocrx_word' id='word_1_398' title='bbox 1467 3793 1714 3850; x_wconf 89' lang='lat' dir='ltr'><strong>Satanas.</strong></span> <span class='ocrx_word' id='word_1_399' title='bbox 1751 3797 1904 3864; x_wconf 86' lang='lat' dir='ltr'><strong>Quod</strong></span> <span class='ocrx_word' id='word_1_400' title='bbox 1945 3801 2041 3868; x_wconf 83' lang='lat' dir='ltr'><strong>igi-</strong></span> 
     </span>
    </p>
   </div>
   <div class='ocr_carea' id='block_1_57' title="bbox 484 3876 2047 3965">
    <p class='ocr_par' dir='ltr' id='par_1_57' title="bbox 484 3876 2047 3965">
     <span class='ocr_line' id='line_1_57' title="bbox 484 3876 2047 3965; baseline 0.015 -42"><span class='ocrx_word' id='word_1_401' title='bbox 484 3884 568 3926; x_wconf 87' lang='lat' dir='ltr'><strong>tur</strong></span> <span class='ocrx_word' id='word_1_402' title='bbox 592 3876 831 3931; x_wconf 88' lang='lat' dir='ltr'><strong>Damasci</strong></span> <span class='ocrx_word' id='word_1_403' title='bbox 852 3880 1170 3948; x_wconf 88' lang='lat' dir='ltr'><strong>potentiam,</strong></span> <span class='ocrx_word' id='word_1_404' title='bbox 1201 3885 1447 3953; x_wconf 79' lang='lat' dir='ltr'><strong>regisque</strong></span> <span class='ocrx_word' id='word_1_405' title='bbox 1468 3888 1835 3965; x_wconf 85' lang='lat' dir='ltr'><strong>Assyriorum,</strong></span> <span class='ocrx_word' id='word_1_406' title='bbox 1874 3891 2047 3957; x_wconf 86' lang='lat' dir='ltr'><strong>idest,</strong></span> 
     </span>
    </p>
   </div>
   <div class='ocr_carea' id='block_1_58' title="bbox 481 3967 2048 4047">
    <p class='ocr_par' dir='ltr' id='par_1_58' title="bbox 481 3967 2048 4047">
     <span class='ocr_line' id='line_1_58' title="bbox 481 3967 2048 4047; baseline 0.015 -31"><span class='ocrx_word' id='word_1_407' title='bbox 481 3967 783 4033; x_wconf 80' lang='lat' dir='ltr'><strong>Satanam,</strong></span> <span class='ocrx_word' id='word_1_408' title='bbox 832 3978 887 4024; x_wconf 89' lang='lat' dir='ltr'><strong>et</strong></span> <span class='ocrx_word' id='word_1_409' title='bbox 925 3971 1195 4043; x_wconf 87' lang='lat' dir='ltr'><strong>improbas</strong></span> <span class='ocrx_word' id='word_1_410' title='bbox 1246 3992 1310 4030; x_wconf 88' lang='lat' dir='ltr'><strong>ac</strong></span> <span class='ocrx_word' id='word_1_411' title='bbox 1351 3978 1604 4047; x_wconf 89' lang='lat' dir='ltr'><strong>profanas</strong></span> <span class='ocrx_word' id='word_1_412' title='bbox 1653 3982 2048 4039; x_wconf 71' lang='lat' dir='ltr'><strong>dtetuoniorum</strong></span> 
     </span>
    </p>
   </div>
   <div class='ocr_carea' id='block_1_59' title="bbox 482 4063 2048 4151">
    <p class='ocr_par' dir='ltr' id='par_1_59' title="bbox 482 4063 2048 4151">
     <span class='ocr_line' id='line_1_59' title="bbox 482 4063 2048 4151; baseline 0.014 -40"><span class='ocrx_word' id='word_1_413' title='bbox 482 4072 685 4115; x_wconf 88' lang='lat' dir='ltr'><strong>turmas</strong></span> <span class='ocrx_word' id='word_1_414' title='bbox 712 4063 871 4116; x_wconf 89' lang='lat' dir='ltr'><strong>modo</strong></span> <span class='ocrx_word' id='word_1_415' title='bbox 898 4079 1001 4117; x_wconf 90' lang='lat' dir='ltr'><strong>non</strong></span> <span class='ocrx_word' id='word_1_416' title='bbox 1031 4064 1437 4136; x_wconf 76' lang='lat' dir='ltr'><strong>deprzedaturus</strong></span> <span class='ocrx_word' id='word_1_417' title='bbox 1466 4072 1537 4124; x_wconf 90' lang='lat' dir='ltr'><strong>sit</strong></span> <span class='ocrx_word' id='word_1_418' title='bbox 1567 4071 1853 4151; x_wconf 86' lang='lat' dir='ltr'><strong>Christus,</strong></span> <span class='ocrx_word' id='word_1_419' title='bbox 1886 4088 2048 4148; x_wconf 87' lang='lat' dir='ltr'><strong>atque</strong></span> 
     </span>
    </p>
   </div>
   <div class='ocr_carea' id='block_1_60' title="bbox 480 4153 2046 4236">
    <p class='ocr_par' dir='ltr' id='par_1_60' title="bbox 480 4153 2046 4236">
     <span class='ocr_line' id='line_1_60' title="bbox 480 4153 2046 4236; baseline 0.013 -33"><span class='ocrx_word' id='word_1_420' title='bbox 480 4153 597 4218; x_wconf 78' lang='lat' dir='ltr'><strong>ejus</strong></span> <span class='ocrx_word' id='word_1_421' title='bbox 654 4154 873 4208; x_wconf 88' lang='lat' dir='ltr'><strong>servitio</strong></span> <span class='ocrx_word' id='word_1_422' title='bbox 933 4156 1257 4213; x_wconf 89' lang='lat' dir='ltr'><strong>liberaturus</strong></span> <span class='ocrx_word' id='word_1_423' title='bbox 1310 4176 1404 4216; x_wconf 91' lang='lat' dir='ltr'><strong>eos</strong></span> <span class='ocrx_word' id='word_1_424' title='bbox 1443 4164 1530 4230; x_wconf 92' lang='lat' dir='ltr'><strong>qui</strong></span> <span class='ocrx_word' id='word_1_425' title='bbox 1591 4166 1793 4222; x_wconf 84' lang='lat' dir='ltr'><strong>seducti</strong></span> <span class='ocrx_word' id='word_1_426' title='bbox 1844 4178 2000 4223; x_wconf 84' lang='lat' dir='ltr'><strong>erant</strong></span> <span class='ocrx_word' id='word_1_427' title='bbox 2031 4212 2046 4236; x_wconf 92' lang='lat'><strong>,</strong></span> 
     </span>
    </p>
   </div>
   <div class='ocr_carea' id='block_1_61' title="bbox 480 4244 2045 4329">
    <p class='ocr_par' dir='ltr' id='par_1_61' title="bbox 480 4244 2045 4329">
     <span class='ocr_line' id='line_1_61' title="bbox 480 4244 2045 4329; baseline 0.013 -34"><span class='ocrx_word' id='word_1_428' title='bbox 480 4244 643 4296; x_wconf 84' lang='lat' dir='ltr'><strong>etiam</strong></span> <span class='ocrx_word' id='word_1_429' title='bbox 680 4257 967 4316; x_wconf 83' lang='lat' dir='ltr'><strong>antequam</strong></span> <span class='ocrx_word' id='word_1_430' title='bbox 1000 4248 1067 4302; x_wconf 88' lang='lat' dir='ltr'><strong>ad</strong></span> <span class='ocrx_word' id='word_1_431' title='bbox 1110 4264 1225 4304; x_wconf 88' lang='lat' dir='ltr'><strong>eam</strong></span> <span class='ocrx_word' id='word_1_432' title='bbox 1273 4262 1486 4307; x_wconf 78' lang='lat' dir='ltr'><strong>:ctatem</strong></span> <span class='ocrx_word' id='word_1_433' title='bbox 1530 4257 1832 4327; x_wconf 86' lang='lat' dir='ltr'><strong>pertigerit,</strong></span> <span class='ocrx_word' id='word_1_434' title='bbox 1880 4276 2045 4329; x_wconf 86' lang='lat' dir='ltr'><strong>quam</strong></span> 
     </span>
    </p>
   </div>
   <div class='ocr_carea' id='block_1_62' title="bbox 479 4339 2047 4419">
    <p class='ocr_par' dir='ltr' id='par_1_62' title="bbox 479 4339 2047 4419">
     <span class='ocr_line' id='line_1_62' title="bbox 479 4339 2047 4419; baseline 0.013 -31"><span class='ocrx_word' id='word_1_435' title='bbox 479 4352 691 4404; x_wconf 71' lang='lat' dir='ltr'><strong>acquum</strong></span> <span class='ocrx_word' id='word_1_436' title='bbox 720 4348 824 4404; x_wconf 85' lang='lat' dir='ltr'><strong>est,</strong></span> <span class='ocrx_word' id='word_1_437' title='bbox 862 4339 1004 4395; x_wconf 90' lang='lat' dir='ltr'><strong>scire</strong></span> <span class='ocrx_word' id='word_1_438' title='bbox 1026 4357 1187 4411; x_wconf 88' lang='lat' dir='ltr'><strong>posse</strong></span> <span class='ocrx_word' id='word_1_439' title='bbox 1219 4354 1425 4411; x_wconf 91' lang='lat' dir='ltr'><strong>patrem</strong></span> <span class='ocrx_word' id='word_1_440' title='bbox 1460 4361 1521 4399; x_wconf 87' lang='lat' dir='ltr'><strong>ac</strong></span> <span class='ocrx_word' id='word_1_441' title='bbox 1547 4357 1773 4402; x_wconf 92' lang='lat' dir='ltr'><strong>matrem</strong></span> <span class='ocrx_word' id='word_1_442' title='bbox 1799 4366 1994 4407; x_wconf 88' lang='lat' dir='ltr'><strong>vocare</strong></span> <span class='ocrx_word' id='word_1_443' title='bbox 2031 4394 2047 4419; x_wconf 94' lang='lat'><strong>,</strong></span> 
     </span>
    </p>
   </div>
   <div class='ocr_carea' id='block_1_63' title="bbox 481 4428 2041 4509">
    <p class='ocr_par' dir='ltr' id='par_1_63' title="bbox 481 4428 2041 4509">
     <span class='ocr_line' id='line_1_63' title="bbox 481 4428 2041 4509; baseline 0.013 -30"><span class='ocrx_word' id='word_1_444' title='bbox 481 4428 774 4483; x_wconf 72' lang='lat' dir='ltr'><strong>declaravit</strong></span> <span class='ocrx_word' id='word_1_445' title='bbox 800 4445 922 4485; x_wconf 88' lang='lat' dir='ltr'><strong>cmn</strong></span> <span class='ocrx_word' id='word_1_446' title='bbox 950 4432 1065 4486; x_wconf 89' lang='lat' dir='ltr'><strong>ait:</strong></span> <span class='ocrx_word' id='word_1_447' title='bbox 1111 4452 1128 4485; x_wconf 77' lang='grc' dir='ltr'><strong>ι</strong></span> <span class='ocrx_word' id='word_1_448' title='bbox 1167 4433 1482 4505; x_wconf 87' lang='lat' dir='ltr'><strong>Priusquam</strong></span> <span class='ocrx_word' id='word_1_449' title='bbox 1519 4439 1655 4493; x_wconf 89' lang='lat' dir='ltr'><strong>sciat</strong></span> <span class='ocrx_word' id='word_1_450' title='bbox 1689 4456 1820 4509; x_wconf 91' lang='lat' dir='ltr'><strong>puer</strong></span> <span class='ocrx_word' id='word_1_451' title='bbox 1840 4458 2041 4499; x_wconf 91' lang='lat' dir='ltr'><strong>vocare</strong></span> 
     </span>
    </p>
   </div>
   <div class='ocr_carea' id='block_1_64' title="bbox 2162 1971 3730 2053">
    <p class='ocr_par' dir='ltr' id='par_1_64' title="bbox 2162 1971 3730 2053">
     <span class='ocr_line' id='line_1_64' title="bbox 2162 1971 3730 2053; baseline 0.009 -31"><span class='ocrx_word' id='word_1_452' title='bbox 2162 1971 2446 2037; x_wconf 81' lang='grc' dir='ltr'>ὲκδείξειεν</span> <span class='ocrx_word' id='word_1_453' title='bbox 2474 1973 2537 2027; x_wconf 85' lang='grc' dir='ltr'><strong>ἂν</strong></span> <span class='ocrx_word' id='word_1_454' title='bbox 2570 1975 2664 2039; x_wconf 76' lang='grc' dir='ltr'><strong>τὸ,</strong></span> <span class='ocrx_word' id='word_1_455' title='bbox 2702 1976 2923 2047; x_wconf 83' lang='grc' dir='ltr'><strong>Ταχέως</strong></span> <span class='ocrx_word' id='word_1_456' title='bbox 2958 1979 3268 2045; x_wconf 86' lang='grc' dir='ltr'>σκύλευσον,</span> <span class='ocrx_word' id='word_1_457' title='bbox 3313 1982 3505 2048; x_wconf 81' lang='grc' dir='ltr'>Ὀξέως</span> <span class='ocrx_word' id='word_1_458' title='bbox 3535 1983 3730 2053; x_wconf 74' lang='grc' dir='ltr'>προνό-</span> 
     </span>
    </p>
   </div>
   <div class='ocr_carea' id='block_1_65' title="bbox 2164 2065 3731 2145">
    <p class='ocr_par' dir='ltr' id='par_1_65' title="bbox 2164 2065 3731 2145">
     <span class='ocr_line' id='line_1_65' title="bbox 2164 2065 3731 2145; baseline 0.008 -29"><span class='ocrx_word' id='word_1_459' title='bbox 2164 2081 2381 2134; x_wconf 88' lang='grc' dir='ltr'>μευσον.</span> <span class='ocrx_word' id='word_1_460' title='bbox 2419 2065 2541 2119; x_wconf 83' lang='grc' dir='ltr'>Ὅτι</span> <span class='ocrx_word' id='word_1_461' title='bbox 2587 2067 2644 2121; x_wconf 84' lang='grc' dir='ltr'>δὲ</span> <span class='ocrx_word' id='word_1_462' title='bbox 2688 2069 2762 2132; x_wconf 86' lang='grc' dir='ltr'><strong>ὡς</strong></span> <span class='ocrx_word' id='word_1_463' title='bbox 2814 2070 2944 2134; x_wconf 85' lang='grc' dir='ltr'>Θεὸς</span> <span class='ocrx_word' id='word_1_464' title='bbox 2976 2072 3235 2144; x_wconf 81' lang='grc' dir='ltr'>ἀφράστῳ</span> <span class='ocrx_word' id='word_1_465' title='bbox 3262 2073 3483 2143; x_wconf 83' lang='grc' dir='ltr'>δυνάμει</span> <span class='ocrx_word' id='word_1_466' title='bbox 3535 2091 3731 2145; x_wconf 72' lang='grc' dir='ltr'>κατορο</span> 
     </span>
    </p>
   </div>
   <div class='ocr_carea' id='block_1_66' title="bbox 2163 2156 3729 2234">
    <p class='ocr_par' dir='ltr' id='par_1_66' title="bbox 2163 2156 3729 2234">
     <span class='ocr_line' id='line_1_66' title="bbox 2163 2156 3729 2234; baseline 0.004 -25"><span class='ocrx_word' id='word_1_467' title='bbox 2163 2156 2288 2211; x_wconf 90' lang='grc' dir='ltr'>θοῦν</span> <span class='ocrx_word' id='word_1_468' title='bbox 2323 2157 2513 2229; x_wconf 80' lang='grc' dir='ltr'>ἔμελλε</span> <span class='ocrx_word' id='word_1_469' title='bbox 2539 2160 2645 2212; x_wconf 83' lang='grc' dir='ltr'><strong>τῶν</strong></span> <span class='ocrx_word' id='word_1_470' title='bbox 2676 2160 2769 2213; x_wconf 70' lang='grc' dir='ltr'><strong>ἐπὶ</strong></span> <span class='ocrx_word' id='word_1_471' title='bbox 2793 2162 2893 2232; x_wconf 87' lang='grc' dir='ltr'><strong>γῆς</strong></span> <span class='ocrx_word' id='word_1_472' title='bbox 2916 2164 3013 2233; x_wconf 83' lang='grc' dir='ltr'>τὴν</span> <span class='ocrx_word' id='word_1_473' title='bbox 3042 2162 3307 2234; x_wconf 84' lang='grc' dir='ltr'>λύτρωσιν</span> <span class='ocrx_word' id='word_1_474' title='bbox 3335 2165 3729 2234; x_wconf 82' lang='grc' dir='ltr'>προαναφαίνει</span> 
     </span>
    </p>
   </div>
   <div class='ocr_carea' id='block_1_67' title="bbox 2162 2249 3729 2324">
    <p class='ocr_par' dir='ltr' id='par_1_67' title="bbox 2162 2249 3729 2324">
     <span class='ocr_line' id='line_1_67' title="bbox 2162 2249 3729 2324; baseline 0.004 -23"><span class='ocrx_word' id='word_1_475' title='bbox 2162 2249 2366 2319; x_wconf 88' lang='grc' dir='ltr'>λέγων·</span> <span class='ocrx_word' id='word_1_476' title='bbox 2411 2271 2429 2302; x_wconf 74' lang='grc' dir='ltr'><strong>ι</strong></span> <span class='ocrx_word' id='word_1_477' title='bbox 2463 2253 2604 2305; x_wconf 83' lang='grc' dir='ltr'>Διότι</span> <span class='ocrx_word' id='word_1_478' title='bbox 2664 2254 2794 2324; x_wconf 70' lang='grc' dir='ltr'>πρὶν</span> <span class='ocrx_word' id='word_1_479' title='bbox 2844 2255 2876 2324; x_wconf 82' lang='grc' dir='ltr'>ἢ</span> <span class='ocrx_word' id='word_1_480' title='bbox 2920 2256 3119 2323; x_wconf 85' lang='grc' dir='ltr'>γνῶναι</span> <span class='ocrx_word' id='word_1_481' title='bbox 3175 2255 3233 2308; x_wconf 80' lang='grc' dir='ltr'>τὺ</span> <span class='ocrx_word' id='word_1_482' title='bbox 3290 2255 3494 2310; x_wconf 84' lang='grc' dir='ltr'>παιδίον</span> <span class='ocrx_word' id='word_1_483' title='bbox 3548 2257 3729 2315; x_wconf 86' lang='grc' dir='ltr'>καλεῖν</span> 
     </span>
    </p>
   </div>
   <div class='ocr_carea' id='block_1_68' title="bbox 2162 2341 3731 2416">
    <p class='ocr_par' dir='ltr' id='par_1_68' title="bbox 2162 2341 3731 2416">
     <span class='ocr_line' id='line_1_68' title="bbox 2162 2341 3731 2416; baseline 0.004 -23"><span class='ocrx_word' id='word_1_484' title='bbox 2162 2341 2429 2413; x_wconf 81' lang='grc' dir='ltr'>πατέραῆ</span> <span class='ocrx_word' id='word_1_485' title='bbox 2465 2346 2693 2414; x_wconf 85' lang='grc' dir='ltr'>μητέρα,</span> <span class='ocrx_word' id='word_1_486' title='bbox 2738 2344 2963 2415; x_wconf 75' lang='grc' dir='ltr'>λήψεται</span> <span class='ocrx_word' id='word_1_487' title='bbox 3014 2345 3243 2416; x_wconf 89' lang='grc' dir='ltr'>δύναμιν</span> <span class='ocrx_word' id='word_1_488' title='bbox 3286 2348 3595 2416; x_wconf 82' lang='grc' dir='ltr'>Δαμασκοῦ,</span> <span class='ocrx_word' id='word_1_489' title='bbox 3642 2349 3731 2402; x_wconf 68' lang='grc' dir='ltr'>καὶ</span> 
     </span>
    </p>
   </div>
   <div class='ocr_carea' id='block_1_69' title="bbox 2164 2432 3724 2510">
    <p class='ocr_par' dir='ltr' id='par_1_69' title="bbox 2164 2432 3724 2510">
     <span class='ocr_line' id='line_1_69' title="bbox 2164 2432 3724 2510; baseline 0.007 -27"><span class='ocrx_word' id='word_1_490' title='bbox 2164 2432 2335 2484; x_wconf 89' lang='grc' dir='ltr'>σκύλα</span> <span class='ocrx_word' id='word_1_491' title='bbox 2368 2434 2699 2503; x_wconf 86' lang='grc' dir='ltr'>Σαμαρείας,</span> <span class='ocrx_word' id='word_1_492' title='bbox 2734 2437 3020 2489; x_wconf 82' lang='grc' dir='ltr'>κατέναντι</span> <span class='ocrx_word' id='word_1_493' title='bbox 3050 2436 3311 2505; x_wconf 83' lang='grc' dir='ltr'>βασιλέως</span> <span class='ocrx_word' id='word_1_494' title='bbox 3350 2438 3665 2510; x_wconf 80' lang='grc' dir='ltr'>Ἀσσυρίων.</span> <span class='ocrx_word' id='word_1_495' title='bbox 3704 2458 3724 2493; x_wconf 75' lang='grc' dir='ltr'><strong>ι</strong></span> 
     </span>
    </p>
   </div>
   <div class='ocr_carea' id='block_1_70' title="bbox 2162 2523 3733 2597">
    <p class='ocr_par' dir='ltr' id='par_1_70' title="bbox 2162 2523 3733 2597">
     <span class='ocr_line' id='line_1_70' title="bbox 2162 2523 3733 2597; baseline 0.006 -23"><span class='ocrx_word' id='word_1_496' title='bbox 2162 2523 2339 2587; x_wconf 81' lang='grc' dir='ltr'>Βαθὺς</span> <span class='ocrx_word' id='word_1_497' title='bbox 2388 2524 2443 2576; x_wconf 79' lang='grc' dir='ltr'><strong>δὲ</strong></span> <span class='ocrx_word' id='word_1_498' title='bbox 2496 2526 2697 2595; x_wconf 61' lang='grc' dir='ltr'>σφόδρα</span> <span class='ocrx_word' id='word_1_499' title='bbox 2747 2528 2853 2579; x_wconf 84' lang='grc' dir='ltr'><strong>τῶν</strong></span> <span class='ocrx_word' id='word_1_500' title='bbox 2905 2528 3276 2597; x_wconf 80' lang='grc' dir='ltr'>προκειμένων</span> <span class='ocrx_word' id='word_1_501' title='bbox 3339 2530 3367 2581; x_wconf 86' lang='grc' dir='ltr'>ὁ</span> <span class='ocrx_word' id='word_1_502' title='bbox 3437 2529 3579 2593; x_wconf 88' lang='grc' dir='ltr'>νοῦς,</span> <span class='ocrx_word' id='word_1_503' title='bbox 3638 2532 3733 2583; x_wconf 81' lang='grc' dir='ltr'><strong>καὶ</strong></span> 
     </span>
    </p>
   </div>
   <div class='ocr_carea' id='block_1_71' title="bbox 2160 2617 3731 2690">
    <p class='ocr_par' dir='ltr' id='par_1_71' title="bbox 2160 2617 3731 2690">
     <span class='ocr_line' id='line_1_71' title="bbox 2160 2617 3731 2690; baseline 0.004 -24"><span class='ocrx_word' id='word_1_504' title='bbox 2160 2617 2527 2685; x_wconf 82' lang='grc' dir='ltr'>πνευματικὸν</span> <span class='ocrx_word' id='word_1_505' title='bbox 2560 2617 2619 2670; x_wconf 80' lang='grc' dir='ltr'><strong>τὸ</strong></span> <span class='ocrx_word' id='word_1_506' title='bbox 2652 2618 2914 2689; x_wconf 79' lang='grc' dir='ltr'>διήγημα.</span> <span class='ocrx_word' id='word_1_507' title='bbox 2953 2619 3274 2690; x_wconf 87' lang='grc' dir='ltr'>Κέκρυπται</span> <span class='ocrx_word' id='word_1_508' title='bbox 3304 2618 3413 2690; x_wconf 80' lang='grc' dir='ltr'><strong>γάρ</strong></span> <span class='ocrx_word' id='word_1_509' title='bbox 3446 2620 3731 2688; x_wconf 73' lang='grc' dir='ltr'>ἁσαφείαις</span> 
     </span>
    </p>
   </div>
   <div class='ocr_carea' id='block_1_72' title="bbox 2160 2704 3734 2779">
    <p class='ocr_par' dir='ltr' id='par_1_72' title="bbox 2160 2704 3734 2779">
     <span class='ocr_line' id='line_1_72' title="bbox 2160 2704 3734 2779; baseline 0.004 -23"><span class='ocrx_word' id='word_1_510' title='bbox 2160 2704 2247 2756; x_wconf 88' lang='grc' dir='ltr'><strong>ἀεί</strong></span> <span class='ocrx_word' id='word_1_511' title='bbox 2293 2722 2409 2767; x_wconf 83' lang='grc' dir='ltr'><strong>πως</strong></span> <span class='ocrx_word' id='word_1_512' title='bbox 2460 2708 2487 2758; x_wconf 90' lang='grc' dir='ltr'>ὁ</span> <span class='ocrx_word' id='word_1_513' title='bbox 2531 2707 2671 2770; x_wconf 89' lang='grc' dir='ltr'>θεῖος</span> <span class='ocrx_word' id='word_1_514' title='bbox 2716 2706 2902 2775; x_wconf 80' lang='grc' dir='ltr'>λόγος’</span> <span class='ocrx_word' id='word_1_515' title='bbox 2934 2709 3031 2777; x_wconf 84' lang='grc' dir='ltr'>οὐχ</span> <span class='ocrx_word' id='word_1_516' title='bbox 3078 2709 3381 2779; x_wconf 82' lang='grc' dir='ltr'>εὑρήσομεν</span> <span class='ocrx_word' id='word_1_517' title='bbox 3412 2711 3519 2779; x_wconf 81' lang='grc' dir='ltr'><strong>γὰρ</strong></span> <span class='ocrx_word' id='word_1_518' title='bbox 3551 2710 3625 2771; x_wconf 85' lang='grc' dir='ltr'><strong>ὡς</strong></span> <span class='ocrx_word' id='word_1_519' title='bbox 3672 2712 3734 2763; x_wconf 82' lang='grc' dir='ltr'><strong>ἐν</strong></span> 
     </span>
    </p>
   </div>
   <div class='ocr_carea' id='block_1_73' title="bbox 2160 2797 3732 2871">
    <p class='ocr_par' dir='ltr' id='par_1_73' title="bbox 2160 2797 3732 2871">
     <span class='ocr_line' id='line_1_73' title="bbox 2160 2797 3732 2871; baseline 0.003 -23"><span class='ocrx_word' id='word_1_520' title='bbox 2160 2797 2369 2867; x_wconf 75' lang='grc' dir='ltr'>ἱστορίᾳ</span> <span class='ocrx_word' id='word_1_521' title='bbox 2395 2815 2452 2849; x_wconf 90' lang='grc' dir='ltr'><strong>τε</strong></span> <span class='ocrx_word' id='word_1_522' title='bbox 2478 2797 2570 2851; x_wconf 76' lang='grc' dir='ltr'><strong>καὶ</strong></span> <span class='ocrx_word' id='word_1_523' title='bbox 2598 2800 2658 2851; x_wconf 86' lang='grc' dir='ltr'>ὲν</span> <span class='ocrx_word' id='word_1_524' title='bbox 2681 2799 2956 2869; x_wconf 81' lang='grc' dir='ltr'>αἰσθητοῖς</span> <span class='ocrx_word' id='word_1_525' title='bbox 2983 2800 3320 2871; x_wconf 81' lang='grc' dir='ltr'>πράγμασιν,</span> <span class='ocrx_word' id='word_1_526' title='bbox 3344 2802 3425 2854; x_wconf 82' lang='grc' dir='ltr'><strong>ὅτι</strong></span> <span class='ocrx_word' id='word_1_527' title='bbox 3453 2801 3732 2870; x_wconf 72' lang='grc' dir='ltr'>γεννηθεὶς</span> 
     </span>
    </p>
   </div>
   <div class='ocr_carea' id='block_1_74' title="bbox 2158 2888 3732 2963">
    <p class='ocr_par' dir='ltr' id='par_1_74' title="bbox 2158 2888 3732 2963">
     <span class='ocr_line' id='line_1_74' title="bbox 2158 2888 3732 2963; baseline 0.003 -23"><span class='ocrx_word' id='word_1_528' title='bbox 2158 2888 2319 2951; x_wconf 74' lang='grc' dir='ltr'>εὐθὺς</span> <span class='ocrx_word' id='word_1_529' title='bbox 2356 2890 2384 2941; x_wconf 86' lang='grc' dir='ltr'><strong>ὁ</strong></span> <span class='ocrx_word' id='word_1_530' title='bbox 2414 2890 2666 2961; x_wconf 82' lang='grc' dir='ltr'>Χριστὸς,</span> <span class='ocrx_word' id='word_1_531' title='bbox 2693 2890 2727 2961; x_wconf 82' lang='grc' dir='ltr'>ἢ</span> <span class='ocrx_word' id='word_1_532' title='bbox 2755 2890 2852 2962; x_wconf 80' lang='grc' dir='ltr'><strong>τὴν</strong></span> <span class='ocrx_word' id='word_1_533' title='bbox 2878 2892 3166 2962; x_wconf 76' lang='grc' dir='ltr'>Δαμασκὸν</span> <span class='ocrx_word' id='word_1_534' title='bbox 3194 2892 3538 2958; x_wconf 74' lang='grc' dir='ltr'>ἐσκύλευσεν,</span> <span class='ocrx_word' id='word_1_535' title='bbox 3568 2893 3601 2963; x_wconf 79' lang='grc' dir='ltr'>ἢ</span> <span class='ocrx_word' id='word_1_536' title='bbox 3630 2893 3732 2963; x_wconf 80' lang='grc' dir='ltr'>τὴν</span> 
     </span>
    </p>
   </div>
   <div class='ocr_carea' id='block_1_75' title="bbox 2156 2980 3731 3056">
    <p class='ocr_par' dir='ltr' id='par_1_75' title="bbox 2156 2980 3731 3056">
     <span class='ocr_line' id='line_1_75' title="bbox 2156 2980 3731 3056; baseline 0.003 -23"><span class='ocrx_word' id='word_1_537' title='bbox 2156 2980 2339 3052; x_wconf 85' lang='grc' dir='ltr'>χώραν</span> <span class='ocrx_word' id='word_1_538' title='bbox 2375 2981 2470 3035; x_wconf 89' lang='grc' dir='ltr'><strong>τοῦ</strong></span> <span class='ocrx_word' id='word_1_539' title='bbox 2520 2982 2784 3052; x_wconf 85' lang='grc' dir='ltr'>βασιλέως</span> <span class='ocrx_word' id='word_1_540' title='bbox 2829 2983 2938 3037; x_wconf 83' lang='grc' dir='ltr'>τῶν</span> <span class='ocrx_word' id='word_1_541' title='bbox 2982 2985 3318 3055; x_wconf 81' lang='grc' dir='ltr'>Ἀσσυρίων,</span> <span class='ocrx_word' id='word_1_542' title='bbox 3370 2985 3731 3056; x_wconf 80' lang='grc' dir='ltr'>λυτρούμενος</span> 
     </span>
    </p>
   </div>
   <div class='ocr_carea' id='block_1_76' title="bbox 2154 3071 3731 3146">
    <p class='ocr_par' dir='ltr' id='par_1_76' title="bbox 2154 3071 3731 3146">
     <span class='ocr_line' id='line_1_76' title="bbox 2154 3071 3731 3146; baseline 0.003 -24"><span class='ocrx_word' id='word_1_543' title='bbox 2154 3071 2281 3131; x_wconf 83' lang='grc' dir='ltr'>τοὺς</span> <span class='ocrx_word' id='word_1_544' title='bbox 2313 3072 2377 3123; x_wconf 73' lang='grc' dir='ltr'><strong>ἐκ</strong></span> <span class='ocrx_word' id='word_1_545' title='bbox 2432 3072 2531 3142; x_wconf 82' lang='grc' dir='ltr'>τῆς</span> <span class='ocrx_word' id='word_1_546' title='bbox 2560 3072 2870 3144; x_wconf 84' lang='grc' dir='ltr'>Σαμαρείας</span> <span class='ocrx_word' id='word_1_547' title='bbox 2916 3074 2997 3136; x_wconf 82' lang='grc' dir='ltr'><strong>είς</strong></span> <span class='ocrx_word' id='word_1_548' title='bbox 3039 3073 3136 3144; x_wconf 84' lang='grc' dir='ltr'>τὴν</span> <span class='ocrx_word' id='word_1_549' title='bbox 3170 3075 3374 3131; x_wconf 75' lang='grc' dir='ltr'>ἐκείνου</span> <span class='ocrx_word' id='word_1_550' title='bbox 3408 3076 3590 3146; x_wconf 80' lang='grc' dir='ltr'>χώραν</span> <span class='ocrx_word' id='word_1_551' title='bbox 3623 3075 3731 3128; x_wconf 81' lang='grc' dir='ltr'>άπ-</span> 
     </span>
    </p>
   </div>
   <div class='ocr_carea' id='block_1_77' title="bbox 2080 3162 3733 3260">
    <p class='ocr_par' dir='ltr' id='par_1_77' title="bbox 2080 3162 3733 3260">
     <span class='ocr_line' id='line_1_77' title="bbox 2080 3162 3733 3260; baseline 0.005 -49"><span class='ocrx_word' id='word_1_552' title='bbox 2080 3200 2124 3260; x_wconf 79' lang='lat' dir='ltr'><strong>C</strong></span> <span class='ocrx_word' id='word_1_553' title='bbox 2155 3162 2568 3232; x_wconf 83' lang='grc' dir='ltr'>ενηνεγμένους.</span> <span class='ocrx_word' id='word_1_554' title='bbox 2608 3165 2772 3217; x_wconf 63' lang='grc' dir='ltr'>Ὅταν</span> <span class='ocrx_word' id='word_1_555' title='bbox 2815 3165 2870 3225; x_wconf 83' lang='grc' dir='ltr'>δὲ</span> <span class='ocrx_word' id='word_1_556' title='bbox 2901 3166 3102 3236; x_wconf 77' lang='grc' dir='ltr'>νσητῶς</span> <span class='ocrx_word' id='word_1_557' title='bbox 3149 3166 3484 3238; x_wconf 72' lang='grc' dir='ltr'>ὲκλάϐωμεν.</span> <span class='ocrx_word' id='word_1_558' title='bbox 3517 3167 3634 3220; x_wconf 85' lang='grc' dir='ltr'>τότε</span> <span class='ocrx_word' id='word_1_559' title='bbox 3654 3166 3733 3260; x_wconf 6' lang='grc' dir='ltr'>,δὴ</span> 
     </span>
    </p>
   </div>
   <div class='ocr_carea' id='block_1_78' title="bbox 2156 3252 3728 3329">
    <p class='ocr_par' dir='ltr' id='par_1_78' title="bbox 2156 3252 3728 3329">
     <span class='ocr_line' id='line_1_78' title="bbox 2156 3252 3728 3329; baseline 0.005 -26"><span class='ocrx_word' id='word_1_560' title='bbox 2156 3252 2372 3314; x_wconf 87' lang='grc' dir='ltr'>πάντως</span> <span class='ocrx_word' id='word_1_561' title='bbox 2398 3253 2458 3305; x_wconf 86' lang='grc' dir='ltr'><strong>τὸ</strong></span> <span class='ocrx_word' id='word_1_562' title='bbox 2504 3253 2699 3322; x_wconf 81' lang='grc' dir='ltr'>ἀληθὲς</span> <span class='ocrx_word' id='word_1_563' title='bbox 2728 3255 2989 3326; x_wconf 75' lang='grc' dir='ltr'>ὀψόμεθα.</span> <span class='ocrx_word' id='word_1_564' title='bbox 3022 3258 3228 3319; x_wconf 77' lang='grc' dir='ltr'>υύκοῦν</span> <span class='ocrx_word' id='word_1_565' title='bbox 3271 3260 3304 3329; x_wconf 80' lang='grc' dir='ltr'>ἦ</span> <span class='ocrx_word' id='word_1_566' title='bbox 3331 3276 3387 3311; x_wconf 87' lang='grc' dir='ltr'><strong>τε</strong></span> <span class='ocrx_word' id='word_1_567' title='bbox 3420 3258 3728 3328; x_wconf 85' lang='grc' dir='ltr'>Δαμασκὸς,</span> 
     </span>
    </p>
   </div>
   <div class='ocr_carea' id='block_1_79' title="bbox 2154 3342 3727 3420">
    <p class='ocr_par' dir='ltr' id='par_1_79' title="bbox 2154 3342 3727 3420">
     <span class='ocr_line' id='line_1_79' title="bbox 2154 3342 3727 3420; baseline 0.006 -26"><span class='ocrx_word' id='word_1_568' title='bbox 2154 3342 2319 3413; x_wconf 72' lang='grc' dir='ltr'>ἦγουν</span> <span class='ocrx_word' id='word_1_569' title='bbox 2344 3343 2511 3414; x_wconf 89' lang='grc' dir='ltr'>Συρία</span> <span class='ocrx_word' id='word_1_570' title='bbox 2541 3347 2710 3409; x_wconf 85' lang='grc' dir='ltr'>πᾶσα,</span> <span class='ocrx_word' id='word_1_571' title='bbox 2747 3346 2841 3398; x_wconf 81' lang='grc' dir='ltr'>καὶ</span> <span class='ocrx_word' id='word_1_572' title='bbox 2871 3347 2978 3416; x_wconf 86' lang='grc' dir='ltr'>μὴν</span> <span class='ocrx_word' id='word_1_573' title='bbox 3009 3348 3042 3418; x_wconf 78' lang='grc' dir='ltr'>ἡ</span> <span class='ocrx_word' id='word_1_574' title='bbox 3088 3348 3195 3401; x_wconf 85' lang='grc' dir='ltr'><strong>τῶν</strong></span> <span class='ocrx_word' id='word_1_575' title='bbox 3234 3349 3532 3419; x_wconf 87' lang='grc' dir='ltr'>Ἀσσυρίων</span> <span class='ocrx_word' id='word_1_576' title='bbox 3555 3348 3727 3420; x_wconf 86' lang='grc' dir='ltr'>χώρα.</span> 
     </span>
    </p>
   </div>
   <div class='ocr_carea' id='block_1_80' title="bbox 2151 3438 3733 3513">
    <p class='ocr_par' dir='ltr' id='par_1_80' title="bbox 2151 3438 3733 3513">
     <span class='ocr_line' id='line_1_80' title="bbox 2151 3438 3733 3513; baseline 0.004 -24"><span class='ocrx_word' id='word_1_577' title='bbox 2151 3438 2296 3490; x_wconf 83' lang='grc' dir='ltr'>τοῦτ’</span> <span class='ocrx_word' id='word_1_578' title='bbox 2331 3438 2497 3501; x_wconf 79' lang='grc' dir='ltr'>ἔστιν,</span> <span class='ocrx_word' id='word_1_579' title='bbox 2546 3440 2578 3511; x_wconf 83' lang='grc' dir='ltr'>ἠ</span> <span class='ocrx_word' id='word_1_580' title='bbox 2634 3440 2858 3510; x_wconf 84' lang='grc' dir='ltr'>Περσῶν</span> <span class='ocrx_word' id='word_1_581' title='bbox 2902 3459 2960 3494; x_wconf 90' lang='grc' dir='ltr'><strong>τε</strong></span> <span class='ocrx_word' id='word_1_582' title='bbox 3019 3443 3114 3496; x_wconf 69' lang='grc' dir='ltr'><strong>καὶ</strong></span> <span class='ocrx_word' id='word_1_583' title='bbox 3161 3442 3358 3513; x_wconf 81' lang='grc' dir='ltr'>Μήδων</span> <span class='ocrx_word' id='word_1_584' title='bbox 3414 3443 3733 3513; x_wconf 84' lang='grc' dir='ltr'>μεμέστωτο</span> 
     </span>
    </p>
   </div>
   <div class='ocr_carea' id='block_1_81' title="bbox 2156 3528 3733 3605">
    <p class='ocr_par' dir='ltr' id='par_1_81' title="bbox 2156 3528 3733 3605">
     <span class='ocr_line' id='line_1_81' title="bbox 2156 3528 3733 3605; baseline 0.004 -24"><span class='ocrx_word' id='word_1_585' title='bbox 2156 3528 2255 3599; x_wconf 78' lang='grc' dir='ltr'><strong>μὲν</strong></span> <span class='ocrx_word' id='word_1_586' title='bbox 2300 3529 2562 3584; x_wconf 75' lang='grc' dir='ltr'>εἰδώλωνο</span> <span class='ocrx_word' id='word_1_587' title='bbox 2599 3534 2691 3586; x_wconf 75' lang='grc' dir='ltr'><strong>καὶ</strong></span> <span class='ocrx_word' id='word_1_588' title='bbox 2726 3533 2813 3585; x_wconf 87' lang='grc' dir='ltr'>διὰ</span> <span class='ocrx_word' id='word_1_589' title='bbox 2839 3533 2997 3586; x_wconf 89' lang='grc' dir='ltr'>τοῦτο</span> <span class='ocrx_word' id='word_1_590' title='bbox 3039 3534 3301 3604; x_wconf 81' lang='grc' dir='ltr'>κέκληται</span> <span class='ocrx_word' id='word_1_591' title='bbox 3340 3534 3413 3605; x_wconf 81' lang='grc' dir='ltr'>γῆ</span> <span class='ocrx_word' id='word_1_592' title='bbox 3462 3534 3567 3587; x_wconf 86' lang='grc' dir='ltr'><strong>τῶν</strong></span> <span class='ocrx_word' id='word_1_593' title='bbox 3603 3534 3733 3603; x_wconf 84' lang='grc' dir='ltr'>γλυ-</span> 
     </span>
    </p>
   </div>
   <div class='ocr_carea' id='block_1_82' title="bbox 2154 3618 3732 3698">
    <p class='ocr_par' dir='ltr' id='par_1_82' title="bbox 2154 3618 3732 3698">
     <span class='ocr_line' id='line_1_82' title="bbox 2154 3618 3732 3698; baseline 0.004 -25"><span class='ocrx_word' id='word_1_594' title='bbox 2154 3621 2335 3674; x_wconf 75' lang='grc' dir='ltr'>πτῶνο</span> <span class='ocrx_word' id='word_1_595' title='bbox 2383 3618 2522 3694; x_wconf 78' lang='grc' dir='ltr'>ἦσαν</span> <span class='ocrx_word' id='word_1_596' title='bbox 2564 3624 2673 3695; x_wconf 76' lang='grc' dir='ltr'><strong>γὰρ</strong></span> <span class='ocrx_word' id='word_1_597' title='bbox 2708 3624 2881 3694; x_wconf 69' lang='grc' dir='ltr'>βωμοὶ</span> <span class='ocrx_word' id='word_1_598' title='bbox 2931 3626 3024 3679; x_wconf 80' lang='grc' dir='ltr'><strong>καὶ</strong></span> <span class='ocrx_word' id='word_1_599' title='bbox 3069 3627 3267 3698; x_wconf 81' lang='grc' dir='ltr'>τεμένη</span> <span class='ocrx_word' id='word_1_600' title='bbox 3304 3625 3601 3697; x_wconf 80' lang='grc' dir='ltr'>πανταχοῦ,</span> <span class='ocrx_word' id='word_1_601' title='bbox 3636 3625 3732 3679; x_wconf 77' lang='grc' dir='ltr'>καὶ</span> 
     </span>
    </p>
   </div>
   <div class='ocr_carea' id='block_1_83' title="bbox 2151 3713 3731 3795">
    <p class='ocr_par' dir='ltr' id='par_1_83' title="bbox 2151 3713 3731 3795">
     <span class='ocr_line' id='line_1_83' title="bbox 2151 3713 3731 3795; baseline 0.003 -32"><span class='ocrx_word' id='word_1_602' title='bbox 2151 3713 2201 3764; x_wconf 80' lang='grc' dir='ltr'>οἱ</span> <span class='ocrx_word' id='word_1_603' title='bbox 2232 3714 2343 3775; x_wconf 87' lang='grc' dir='ltr'>τοῖς</span> <span class='ocrx_word' id='word_1_604' title='bbox 2390 3714 2674 3784; x_wconf 77' lang='grc' dir='ltr'>τεμένεσιν</span> <span class='ocrx_word' id='word_1_605' title='bbox 2718 3717 3114 3795; x_wconf 79' lang='grc' dir='ltr'>ὲμφιλοχωρεῖν</span> <span class='ocrx_word' id='word_1_606' title='bbox 3162 3717 3437 3781; x_wconf 83' lang='grc' dir='ltr'>εἰωθότες,</span> <span class='ocrx_word' id='word_1_607' title='bbox 3494 3716 3638 3789; x_wconf 73' lang='grc' dir='ltr'>φημί</span> <span class='ocrx_word' id='word_1_608' title='bbox 3666 3717 3731 3788; x_wconf 82' lang='grc' dir='ltr'>δὴ</span> 
     </span>
    </p>
   </div>
   <div class='ocr_carea' id='block_1_84' title="bbox 2152 3800 3729 3876">
    <p class='ocr_par' dir='ltr' id='par_1_84' title="bbox 2152 3800 3729 3876">
     <span class='ocr_line' id='line_1_84' title="bbox 2152 3800 3729 3876; baseline 0.003 -24"><span class='ocrx_word' id='word_1_609' title='bbox 2152 3800 2220 3853; x_wconf 77' lang='grc' dir='ltr'>τὰ</span> <span class='ocrx_word' id='word_1_610' title='bbox 2259 3801 2367 3853; x_wconf 83' lang='grc' dir='ltr'>τῶν</span> <span class='ocrx_word' id='word_1_611' title='bbox 2398 3802 2815 3872; x_wconf 61' lang='grc' dir='ltr'>ψευδομάντεων</span> <span class='ocrx_word' id='word_1_612' title='bbox 2862 3805 3015 3876; x_wconf 89' lang='grc' dir='ltr'>γένη,</span> <span class='ocrx_word' id='word_1_613' title='bbox 3050 3806 3141 3871; x_wconf 71' lang='grc' dir='ltr'><strong>καὶ</strong></span> <span class='ocrx_word' id='word_1_614' title='bbox 3184 3801 3264 3869; x_wconf 76' lang='grc' dir='ltr'><strong>οἷς</strong></span> <span class='ocrx_word' id='word_1_615' title='bbox 3316 3810 3348 3876; x_wconf 82' lang='grc' dir='ltr'>ἡ</span> <span class='ocrx_word' id='word_1_616' title='bbox 3379 3805 3542 3876; x_wconf 89' lang='grc' dir='ltr'>τέχνη</span> <span class='ocrx_word' id='word_1_617' title='bbox 3595 3804 3729 3875; x_wconf 79' lang='grc' dir='ltr'>πρὸς</span> 
     </span>
    </p>
   </div>
   <div class='ocr_carea' id='block_1_85' title="bbox 2151 3891 3732 3967">
    <p class='ocr_par' dir='ltr' id='par_1_85' title="bbox 2151 3891 3732 3967">
     <span class='ocr_line' id='line_1_85' title="bbox 2151 3891 3732 3967; baseline 0.004 -25"><span class='ocrx_word' id='word_1_618' title='bbox 2151 3892 2426 3961; x_wconf 86' lang='grc' dir='ltr'>γοήτειαν.</span> <span class='ocrx_word' id='word_1_619' title='bbox 2458 3894 2615 3947; x_wconf 84' lang='grc' dir='ltr'>Πᾶσα</span> <span class='ocrx_word' id='word_1_620' title='bbox 2666 3894 2724 3947; x_wconf 82' lang='grc' dir='ltr'>δὲ</span> <span class='ocrx_word' id='word_1_621' title='bbox 2772 3896 2975 3948; x_wconf 88' lang='grc' dir='ltr'>τούτων</span> <span class='ocrx_word' id='word_1_622' title='bbox 3017 3898 3049 3967; x_wconf 73' lang='grc' dir='ltr'>ἡ</span> <span class='ocrx_word' id='word_1_623' title='bbox 3091 3894 3319 3965; x_wconf 84' lang='grc' dir='ltr'>δύναμις</span> <span class='ocrx_word' id='word_1_624' title='bbox 3370 3891 3457 3965; x_wconf 79' lang='grc' dir='ltr'>ἦν,</span> <span class='ocrx_word' id='word_1_625' title='bbox 3490 3895 3557 3947; x_wconf 77' lang='grc' dir='ltr'><strong>τά</strong></span> <span class='ocrx_word' id='word_1_626' title='bbox 3603 3896 3732 3961; x_wconf 85' lang='grc' dir='ltr'>παρ’</span> 
     </span>
    </p>
   </div>
   <div class='ocr_carea' id='block_1_86' title="bbox 2151 3983 3734 4059">
    <p class='ocr_par' dir='ltr' id='par_1_86' title="bbox 2151 3983 3734 4059">
     <span class='ocr_line' id='line_1_86' title="bbox 2151 3983 3734 4059; baseline 0.001 -24"><span class='ocrx_word' id='word_1_627' title='bbox 2151 3983 2400 4047; x_wconf 82' lang='grc' dir='ltr'>ἑκάστοις</span> <span class='ocrx_word' id='word_1_628' title='bbox 2429 3984 2837 4057; x_wconf 80' lang='grc' dir='ltr'>θρησκευόμενα</span> <span class='ocrx_word' id='word_1_629' title='bbox 2868 3988 3138 4059; x_wconf 74' lang='grc' dir='ltr'>δαιμόνια,</span> <span class='ocrx_word' id='word_1_630' title='bbox 3158 3988 3250 4053; x_wconf 81' lang='grc' dir='ltr'>καὶ</span> <span class='ocrx_word' id='word_1_631' title='bbox 3281 3988 3309 4039; x_wconf 88' lang='grc' dir='ltr'>ὁ</span> <span class='ocrx_word' id='word_1_632' title='bbox 3335 3986 3539 4039; x_wconf 89' lang='grc' dir='ltr'>τούτων</span> <span class='ocrx_word' id='word_1_633' title='bbox 3569 3984 3734 4056; x_wconf 77' lang='grc' dir='ltr'>ἡγού-</span> 
     </span>
    </p>
   </div>
   <div class='ocr_carea' id='block_1_87' title="bbox 2154 4073 3734 4148">
    <p class='ocr_par' dir='ltr' id='par_1_87' title="bbox 2154 4073 3734 4148">
     <span class='ocr_line' id='line_1_87' title="bbox 2154 4073 3734 4148; baseline 0.001 -23"><span class='ocrx_word' id='word_1_634' title='bbox 2154 4089 2312 4141; x_wconf 86' lang='grc' dir='ltr'>μενος</span> <span class='ocrx_word' id='word_1_635' title='bbox 2346 4075 2606 4140; x_wconf 86' lang='grc' dir='ltr'>Σατανᾶς.</span> <span class='ocrx_word' id='word_1_636' title='bbox 2640 4076 2771 4130; x_wconf 82' lang='grc' dir='ltr'>Ὅτε</span> <span class='ocrx_word' id='word_1_637' title='bbox 2799 4076 2977 4130; x_wconf 90' lang='grc' dir='ltr'>τοίνυν</span> <span class='ocrx_word' id='word_1_638' title='bbox 2998 4075 3191 4145; x_wconf 76' lang='grc' dir='ltr'>ἔμελλε</span> <span class='ocrx_word' id='word_1_639' title='bbox 3220 4078 3319 4148; x_wconf 86' lang='grc' dir='ltr'>τήν</span> <span class='ocrx_word' id='word_1_640' title='bbox 3350 4094 3408 4129; x_wconf 88' lang='grc' dir='ltr'><strong>τε</strong></span> <span class='ocrx_word' id='word_1_641' title='bbox 3441 4073 3734 4147; x_wconf 82' lang='grc' dir='ltr'>Δαμασκοῦ</span> 
     </span>
    </p>
   </div>
   <div class='ocr_carea' id='block_1_88' title="bbox 2149 4162 3728 4236">
    <p class='ocr_par' dir='ltr' id='par_1_88' title="bbox 2149 4162 3728 4236">
     <span class='ocr_line' id='line_1_88' title="bbox 2149 4162 3728 4236; baseline 0.002 -22"><span class='ocrx_word' id='word_1_642' title='bbox 2149 4162 2397 4233; x_wconf 85' lang='grc' dir='ltr'>δύναμιν,</span> <span class='ocrx_word' id='word_1_643' title='bbox 2436 4166 2530 4218; x_wconf 81' lang='grc' dir='ltr'>καὶ</span> <span class='ocrx_word' id='word_1_644' title='bbox 2570 4165 2674 4235; x_wconf 85' lang='grc' dir='ltr'>μὴν</span> <span class='ocrx_word' id='word_1_645' title='bbox 2708 4168 2801 4219; x_wconf 73' lang='grc' dir='ltr'><strong>καὶ</strong></span> <span class='ocrx_word' id='word_1_646' title='bbox 2838 4166 2937 4236; x_wconf 82' lang='grc' dir='ltr'>τὴν</span> <span class='ocrx_word' id='word_1_647' title='bbox 2965 4166 3056 4218; x_wconf 84' lang='grc' dir='ltr'><strong>τοῦ</strong></span> <span class='ocrx_word' id='word_1_648' title='bbox 3093 4165 3353 4235; x_wconf 81' lang='grc' dir='ltr'>βασιλέως</span> <span class='ocrx_word' id='word_1_649' title='bbox 3383 4166 3490 4218; x_wconf 85' lang='grc' dir='ltr'><strong>τῶν</strong></span> <span class='ocrx_word' id='word_1_650' title='bbox 3533 4166 3728 4218; x_wconf 80' lang='grc' dir='ltr'>Ἀσσυ-</span> 
     </span>
    </p>
   </div>
   <div class='ocr_carea' id='block_1_89' title="bbox 2152 4258 3732 4330">
    <p class='ocr_par' dir='ltr' id='par_1_89' title="bbox 2152 4258 3732 4330">
     <span class='ocr_line' id='line_1_89' title="bbox 2152 4258 3732 4330; baseline 0.001 -20"><span class='ocrx_word' id='word_1_651' title='bbox 2152 4258 2313 4330; x_wconf 85' lang='grc' dir='ltr'>ρίων,</span> <span class='ocrx_word' id='word_1_652' title='bbox 2361 4258 2504 4311; x_wconf 82' lang='grc' dir='ltr'>τοῦτ’</span> <span class='ocrx_word' id='word_1_653' title='bbox 2551 4258 2665 4311; x_wconf 79' lang='grc' dir='ltr'>ἐστι</span> <span class='ocrx_word' id='word_1_654' title='bbox 2710 4259 2800 4311; x_wconf 83' lang='grc' dir='ltr'><strong>τὸν</strong></span> <span class='ocrx_word' id='word_1_655' title='bbox 2846 4259 3088 4313; x_wconf 77' lang='grc' dir='ltr'>Σατανᾶν</span> <span class='ocrx_word' id='word_1_656' title='bbox 3141 4258 3234 4312; x_wconf 72' lang='grc' dir='ltr'><strong>καὶ</strong></span> <span class='ocrx_word' id='word_1_657' title='bbox 3277 4259 3343 4311; x_wconf 85' lang='grc' dir='ltr'>τὰ</span> <span class='ocrx_word' id='word_1_658' title='bbox 3389 4260 3603 4330; x_wconf 70' lang='grc' dir='ltr'>πονηρὰ</span> <span class='ocrx_word' id='word_1_659' title='bbox 3641 4261 3732 4313; x_wconf 82' lang='grc' dir='ltr'><strong>καὶ</strong></span> 
     </span>
    </p>
   </div>
   <div class='ocr_carea' id='block_1_90' title="bbox 2153 4351 3729 4425">
    <p class='ocr_par' dir='ltr' id='par_1_90' title="bbox 2153 4351 3729 4425">
     <span class='ocr_line' id='line_1_90' title="bbox 2153 4351 3729 4425; baseline 0.001 -19"><span class='ocrx_word' id='word_1_660' title='bbox 2153 4353 2354 4425; x_wconf 76' lang='grc' dir='ltr'>βέϐηλα</span> <span class='ocrx_word' id='word_1_661' title='bbox 2383 4351 2490 4404; x_wconf 84' lang='grc' dir='ltr'>τῶν</span> <span class='ocrx_word' id='word_1_662' title='bbox 2518 4351 2807 4420; x_wconf 87' lang='grc' dir='ltr'>δαιμονίων</span> <span class='ocrx_word' id='word_1_663' title='bbox 2845 4352 3027 4421; x_wconf 68' lang='grc' dir='ltr'>στίφη,</span> <span class='ocrx_word' id='word_1_664' title='bbox 3066 4354 3348 4422; x_wconf 73' lang='grc' dir='ltr'>μονονουχὶ</span> <span class='ocrx_word' id='word_1_665' title='bbox 3392 4353 3729 4423; x_wconf 79' lang='grc' dir='ltr'>καταληῖσα-</span> 
     </span>
    </p>
   </div>
   <div class='ocr_carea' id='block_1_91' title="bbox 2151 4440 3732 4513">
    <p class='ocr_par' dir='ltr' id='par_1_91' title="bbox 2151 4440 3732 4513">
     <span class='ocr_line' id='line_1_91' title="bbox 2151 4440 3732 4513; baseline 0.001 -18"><span class='ocrx_word' id='word_1_666' title='bbox 2151 4443 2273 4495; x_wconf 91' lang='grc' dir='ltr'>σθαι</span> <span class='ocrx_word' id='word_1_667' title='bbox 2304 4441 2557 4512; x_wconf 79' lang='grc' dir='ltr'>Χριστὸς,</span> <span class='ocrx_word' id='word_1_668' title='bbox 2612 4440 2917 4505; x_wconf 80' lang='grc' dir='ltr'>ἀπαλλάξαι</span> <span class='ocrx_word' id='word_1_669' title='bbox 2955 4459 3013 4495; x_wconf 86' lang='grc' dir='ltr'><strong>τε</strong></span> <span class='ocrx_word' id='word_1_670' title='bbox 3042 4443 3141 4512; x_wconf 79' lang='grc' dir='ltr'><strong>τῆς</strong></span> <span class='ocrx_word' id='word_1_671' title='bbox 3175 4442 3266 4494; x_wconf 79' lang='grc' dir='ltr'>ὑπ’</span> <span class='ocrx_word' id='word_1_672' title='bbox 3310 4443 3458 4513; x_wconf 67' lang='grc' dir='ltr'>αὐτῷ</span> <span class='ocrx_word' id='word_1_673' title='bbox 3494 4444 3732 4506; x_wconf 87' lang='grc' dir='ltr'>δουλείας</span> 
     </span>
    </p>
   </div>
   <div class='ocr_carea' id='block_1_92' title="bbox 481 4523 2054 4607">
    <p class='ocr_par' dir='ltr' id='par_1_92' title="bbox 481 4523 2042 4595">
     <span class='ocr_line' id='line_1_92' title="bbox 481 4523 2042 4595; baseline 0.012 -26"><span class='ocrx_word' id='word_1_674' title='bbox 481 4530 684 4588; x_wconf 79' lang='lat' dir='ltr'><strong>patrem</strong></span> <span class='ocrx_word' id='word_1_675' title='bbox 712 4523 795 4578; x_wconf 90' lang='lat' dir='ltr'><strong>vel</strong></span> <span class='ocrx_word' id='word_1_676' title='bbox 824 4535 1075 4589; x_wconf 88' lang='lat' dir='ltr'><strong>matrem,</strong></span> <span class='ocrx_word' id='word_1_677' title='bbox 1112 4530 1412 4595; x_wconf 81' lang='lat' dir='ltr'><strong>petentiam</strong></span> <span class='ocrx_word' id='word_1_678' title='bbox 1452 4530 1700 4587; x_wconf 87' lang='lat' dir='ltr'><strong>Damasci</strong></span> <span class='ocrx_word' id='word_1_679' title='bbox 1750 4534 1981 4591; x_wconf 79' lang='lat' dir='ltr'><strong>auferet.</strong></span> <span class='ocrx_word' id='word_1_680' title='bbox 2023 4555 2042 4587; x_wconf 85' lang='grc'><strong>›</strong></span> 
     </span>
    </p>
   </div>
   <div class='ocr_carea' id='block_1_93' title="bbox 2157 4523 3731 4607">
    <p class='ocr_par' dir='ltr' id='par_1_93' title="bbox 2157 4533 3731 4606">
     <span class='ocr_line' id='line_1_93' title="bbox 2157 4533 3731 4606; baseline 0.001 -20"><span class='ocrx_word' id='word_1_681' title='bbox 2157 4536 2277 4598; x_wconf 75' lang='grc' dir='ltr'>τοὺς</span> <span class='ocrx_word' id='word_1_682' title='bbox 2305 4534 2719 4605; x_wconf 75' lang='grc' dir='ltr'>ἠπατημένους,</span> <span class='ocrx_word' id='word_1_683' title='bbox 2752 4534 2847 4586; x_wconf 75' lang='grc' dir='ltr'><strong>καὶ</strong></span> <span class='ocrx_word' id='word_1_684' title='bbox 2885 4533 3015 4604; x_wconf 71' lang='grc' dir='ltr'>πρὶν</span> <span class='ocrx_word' id='word_1_685' title='bbox 3050 4533 3263 4603; x_wconf 77' lang='grc' dir='ltr'>ἡλικίας</span> <span class='ocrx_word' id='word_1_686' title='bbox 3299 4536 3613 4606; x_wconf 83' lang='grc' dir='ltr'>σωματικῆς</span> <span class='ocrx_word' id='word_1_687' title='bbox 3651 4536 3731 4598; x_wconf 90' lang='grc' dir='ltr'><strong>εἰς</strong></span> 
     </span>
    </p>
   </div>
   <div class='ocr_carea' id='block_1_94' title="bbox 479 4612 2037 4695">
    <p class='ocr_par' dir='ltr' id='par_1_94' title="bbox 479 4612 2037 4695">
     <span class='ocr_line' id='line_1_94' title="bbox 479 4612 2037 4695; baseline 0.013 -33"><span class='ocrx_word' id='word_1_688' title='bbox 479 4612 719 4681; x_wconf 85' lang='lat' dir='ltr'><strong>Auferet,</strong></span> <span class='ocrx_word' id='word_1_689' title='bbox 753 4630 871 4683; x_wconf 89' lang='lat' dir='ltr'><strong>pro,</strong></span> <span class='ocrx_word' id='word_1_690' title='bbox 908 4616 1339 4686; x_wconf 81' lang='lat' dir='ltr'><strong>depOpulabitur.</strong></span> <span class='ocrx_word' id='word_1_691' title='bbox 1370 4620 1594 4676; x_wconf 85' lang='lat' dir='ltr'><strong>Auferet</strong></span> <span class='ocrx_word' id='word_1_692' title='bbox 1618 4623 1746 4677; x_wconf 88' lang='lat' dir='ltr'><strong>item</strong></span> <span class='ocrx_word' id='word_1_693' title='bbox 1779 4636 1833 4679; x_wconf 89' lang='lat' dir='ltr'><strong>et</strong></span> <span class='ocrx_word' id='word_1_694' title='bbox 1863 4628 2037 4695; x_wconf 90' lang='lat' dir='ltr'><strong>spolia</strong></span> 
     </span>
    </p>
   </div>
   <div class='ocr_carea' id='block_1_95' title="bbox 482 4704 2038 4786">
    <p class='ocr_par' dir='ltr' id='par_1_95' title="bbox 482 4704 2038 4786">
     <span class='ocr_line' id='line_1_95' title="bbox 482 4704 2038 4786; baseline 0.009 -29"><span class='ocrx_word' id='word_1_695' title='bbox 482 4704 766 4769; x_wconf 74' lang='lat' dir='ltr'><strong>Samariae,</strong></span> <span class='ocrx_word' id='word_1_696' title='bbox 797 4708 847 4761; x_wconf 83' lang='lat' dir='ltr'><strong>id</strong></span> <span class='ocrx_word' id='word_1_697' title='bbox 881 4716 984 4771; x_wconf 89' lang='lat' dir='ltr'><strong>est,</strong></span> <span class='ocrx_word' id='word_1_698' title='bbox 1022 4711 1264 4778; x_wconf 89' lang='lat' dir='ltr'><strong>captivos</strong></span> <span class='ocrx_word' id='word_1_699' title='bbox 1311 4712 1524 4781; x_wconf 88' lang='lat' dir='ltr'><strong>eripiet,</strong></span> <span class='ocrx_word' id='word_1_700' title='bbox 1583 4729 1682 4783; x_wconf 89' lang='lat' dir='ltr'><strong>pro</strong></span> <span class='ocrx_word' id='word_1_701' title='bbox 1732 4716 1839 4771; x_wconf 90' lang='lat' dir='ltr'><strong>illis</strong></span> <span class='ocrx_word' id='word_1_702' title='bbox 1878 4719 2038 4786; x_wconf 84' lang='lat' dir='ltr'><strong>depu-</strong></span> 
     </span>
    </p>
   </div>
   <div class='ocr_carea' id='block_1_96' title="bbox 478 4799 2049 4878">
    <p class='ocr_par' dir='ltr' id='par_1_96' title="bbox 478 4799 2049 4878">
     <span class='ocr_line' id='line_1_96' title="bbox 478 4799 2049 4878; baseline 0.011 -32"><span class='ocrx_word' id='word_1_703' title='bbox 478 4811 670 4864; x_wconf 82' lang='lat' dir='ltr'><strong>gnans.</strong></span> <span class='ocrx_word' id='word_1_704' title='bbox 705 4799 900 4854; x_wconf 88' lang='lat' dir='ltr'><strong>Coram</strong></span> <span class='ocrx_word' id='word_1_705' title='bbox 933 4816 1053 4871; x_wconf 87' lang='lat' dir='ltr'><strong>rege</strong></span> <span class='ocrx_word' id='word_1_706' title='bbox 1083 4804 1449 4875; x_wconf 87' lang='lat' dir='ltr'><strong>Assyriorum,</strong></span> <span class='ocrx_word' id='word_1_707' title='bbox 1479 4806 1683 4862; x_wconf 88' lang='lat' dir='ltr'><strong>scilicet</strong></span> <span class='ocrx_word' id='word_1_708' title='bbox 1711 4808 2049 4878; x_wconf 83' lang='lat' dir='ltr'><strong>intelligibili,</strong></span> 
     </span>
    </p>
   </div>
   <div class='ocr_carea' id='block_1_97' title="bbox 483 4888 2055 4973">
    <p class='ocr_par' dir='ltr' id='par_1_97' title="bbox 483 4888 2055 4973">
     <span class='ocr_line' id='line_1_97' title="bbox 483 4888 2055 4973; baseline 0.01 -33"><span class='ocrx_word' id='word_1_709' title='bbox 483 4888 735 4944; x_wconf 85' lang='lat' dir='ltr'><strong>videlicet</strong></span> <span class='ocrx_word' id='word_1_710' title='bbox 791 4890 1012 4946; x_wconf 85' lang='lat' dir='ltr'><strong>Satana.</strong></span> <span class='ocrx_word' id='word_1_711' title='bbox 1048 4894 1096 4949; x_wconf 93' lang='lat' dir='ltr'><strong>ls</strong></span> <span class='ocrx_word' id='word_1_712' title='bbox 1144 4896 1287 4949; x_wconf 88' lang='lat' dir='ltr'><strong>enim</strong></span> <span class='ocrx_word' id='word_1_713' title='bbox 1315 4907 1435 4950; x_wconf 89' lang='lat' dir='ltr'><strong>erat</strong></span> <span class='ocrx_word' id='word_1_714' title='bbox 1489 4898 1733 4954; x_wconf 89' lang='lat' dir='ltr'><strong>Damasci</strong></span> <span class='ocrx_word' id='word_1_715' title='bbox 1790 4908 1843 4954; x_wconf 90' lang='lat' dir='ltr'><strong>et</strong></span> <span class='ocrx_word' id='word_1_716' title='bbox 1884 4902 2055 4973; x_wconf 64' lang='lat' dir='ltr'><strong>Syriae</strong></span> 
     </span>
    </p>
   </div>
   <div class='ocr_carea' id='block_1_98' title="bbox 480 4982 2055 5049">
    <p class='ocr_par' dir='ltr' id='par_1_98' title="bbox 480 4982 2055 5049">
     <span class='ocr_line' id='line_1_98' title="bbox 480 4982 2055 5049; baseline 0.009 -16"><span class='ocrx_word' id='word_1_717' title='bbox 480 4982 742 5049; x_wconf 89' lang='lat' dir='ltr'><strong>potentia.</strong></span> <span class='ocrx_word' id='word_1_718' title='bbox 788 4982 1058 5038; x_wconf 88' lang='lat' dir='ltr'><strong>ldolorum</strong></span> <span class='ocrx_word' id='word_1_719' title='bbox 1102 4997 1278 5041; x_wconf 92' lang='lat' dir='ltr'><strong>autem</strong></span> <span class='ocrx_word' id='word_1_720' title='bbox 1329 4989 1565 5045; x_wconf 91' lang='lat' dir='ltr'><strong>cultores</strong></span> <span class='ocrx_word' id='word_1_721' title='bbox 1612 5008 1825 5045; x_wconf 89' lang='lat' dir='ltr'><strong>onmem</strong></span> <span class='ocrx_word' id='word_1_722' title='bbox 1879 4994 1930 5047; x_wconf 94' lang='lat' dir='ltr'><strong>in</strong></span> <span class='ocrx_word' id='word_1_723' title='bbox 1967 5010 2055 5048; x_wconf 86' lang='lat' dir='ltr'><strong>se-</strong></span> 
     </span>
    </p>
   </div>
   <div class='ocr_carea' id='block_1_99' title="bbox 484 5073 2053 5154">
    <p class='ocr_par' dir='ltr' id='par_1_99' title="bbox 484 5073 2053 5154">
     <span class='ocr_line' id='line_1_99' title="bbox 484 5073 2053 5154; baseline 0.008 -29"><span class='ocrx_word' id='word_1_724' title='bbox 484 5073 617 5142; x_wconf 87' lang='lat' dir='ltr'><strong>ipsis</strong></span> <span class='ocrx_word' id='word_1_725' title='bbox 653 5076 846 5130; x_wconf 86' lang='lat' dir='ltr'><strong>salutis</strong></span> <span class='ocrx_word' id='word_1_726' title='bbox 877 5092 1025 5145; x_wconf 89' lang='lat' dir='ltr'><strong>spem</strong></span> <span class='ocrx_word' id='word_1_727' title='bbox 1054 5079 1274 5145; x_wconf 89' lang='lat' dir='ltr'><strong>habere,</strong></span> <span class='ocrx_word' id='word_1_728' title='bbox 1327 5078 1405 5135; x_wconf 42' lang='lat' dir='ltr'><strong>et’</strong></span> <span class='ocrx_word' id='word_1_729' title='bbox 1427 5081 1725 5148; x_wconf 81' lang='lat' dir='ltr'><strong>Christum,</strong></span> <span class='ocrx_word' id='word_1_730' title='bbox 1756 5099 1915 5151; x_wconf 86' lang='lat' dir='ltr'><strong>quam</strong></span> <span class='ocrx_word' id='word_1_731' title='bbox 1941 5087 2053 5154; x_wconf 90' lang='lat' dir='ltr'><strong>pri-</strong></span> 
     </span>
    </p>
   </div>
   <div class='ocr_carea' id='block_1_100' title="bbox 484 5172 2047 5237">
    <p class='ocr_par' dir='ltr' id='par_1_100' title="bbox 484 5172 2047 5237">
     <span class='ocr_line' id='line_1_100' title="bbox 484 5172 2047 5237; baseline 0.009 -19"><span class='ocrx_word' id='word_1_732' title='bbox 484 5181 629 5218; x_wconf 80' lang='lat' dir='ltr'><strong>mum</strong></span> <span class='ocrx_word' id='word_1_733' title='bbox 666 5176 820 5221; x_wconf 88' lang='lat' dir='ltr'><strong>natus</strong></span> <span class='ocrx_word' id='word_1_734' title='bbox 867 5179 950 5223; x_wconf 89' lang='lat' dir='ltr'><strong>est</strong></span> <span class='ocrx_word' id='word_1_735' title='bbox 978 5208 993 5232; x_wconf 90' lang='lat'><strong>,</strong></span> <span class='ocrx_word' id='word_1_736' title='bbox 1043 5180 1099 5223; x_wconf 89' lang='lat' dir='ltr'><strong>et</strong></span> <span class='ocrx_word' id='word_1_737' title='bbox 1126 5172 1387 5237; x_wconf 85' lang='lat' dir='ltr'><strong>spoliasse</strong></span> <span class='ocrx_word' id='word_1_738' title='bbox 1444 5173 1701 5228; x_wconf 82' lang='lat' dir='ltr'><strong>Satanam</strong></span> <span class='ocrx_word' id='word_1_739' title='bbox 1760 5176 1916 5230; x_wconf 83' lang='lat' dir='ltr'><strong>facile</strong></span> <span class='ocrx_word' id='word_1_740' title='bbox 1960 5188 2047 5233; x_wconf 87' lang='lat' dir='ltr'><strong>est</strong></span> 
     </span>
    </p>
   </div>
   <div class='ocr_carea' id='block_1_101' title="bbox 481 5259 2053 5329">
    <p class='ocr_par' dir='ltr' id='par_1_101' title="bbox 481 5259 2053 5329">
     <span class='ocr_line' id='line_1_101' title="bbox 481 5259 2053 5329; baseline 0.013 -20"><span class='ocrx_word' id='word_1_741' title='bbox 481 5261 684 5313; x_wconf 84' lang='lat' dir='ltr'><strong>videre.</strong></span> <span class='ocrx_word' id='word_1_742' title='bbox 718 5259 917 5315; x_wconf 84' lang='lat' dir='ltr'><strong>Scribit</strong></span> <span class='ocrx_word' id='word_1_743' title='bbox 967 5266 1107 5315; x_wconf 88' lang='lat' dir='ltr'><strong>enim</strong></span> <span class='ocrx_word' id='word_1_744' title='bbox 1137 5263 1422 5321; x_wconf 59' lang='lat' dir='ltr'><strong>Mattheus</strong></span> <span class='ocrx_word' id='word_1_745' title='bbox 1453 5285 1466 5321; x_wconf 89' lang='lat'><strong>:</strong></span> <span class='ocrx_word' id='word_1_746' title='bbox 1506 5286 1525 5319; x_wconf 79' lang='grc' dir='ltr'><strong>ι</strong></span> <span class='ocrx_word' id='word_1_747' title='bbox 1561 5270 1696 5323; x_wconf 88' lang='lat' dir='ltr'><strong>Cum</strong></span> <span class='ocrx_word' id='word_1_748' title='bbox 1734 5285 1864 5325; x_wconf 89' lang='lat' dir='ltr'><strong>vero</strong></span> <span class='ocrx_word' id='word_1_749' title='bbox 1896 5271 2053 5329; x_wconf 86' lang='lat' dir='ltr'><strong>Jesus</strong></span> 
     </span>
    </p>
   </div>
   <div class='ocr_carea' id='block_1_102' title="bbox 485 5352 2050 5433">
    <p class='ocr_par' dir='ltr' id='par_1_102' title="bbox 485 5352 2050 5433">
     <span class='ocr_line' id='line_1_102' title="bbox 485 5352 2050 5433; baseline 0.01 -30"><span class='ocrx_word' id='word_1_750' title='bbox 485 5360 643 5403; x_wconf 88' lang='lat' dir='ltr'><strong>natus</strong></span> <span class='ocrx_word' id='word_1_751' title='bbox 674 5363 832 5432; x_wconf 66' lang='lat' dir='ltr'><strong>esset</strong></span> <span class='ocrx_word' id='word_1_752' title='bbox 874 5353 925 5405; x_wconf 92' lang='lat' dir='ltr'><strong>in</strong></span> <span class='ocrx_word' id='word_1_753' title='bbox 977 5352 1248 5408; x_wconf 87' lang='lat' dir='ltr'><strong>Bethleem</strong></span> <span class='ocrx_word' id='word_1_754' title='bbox 1293 5353 1491 5412; x_wconf 62' lang='lat' dir='ltr'><strong>Iudaea:</strong></span> <span class='ocrx_word' id='word_1_755' title='bbox 1548 5360 1738 5416; x_wconf 89' lang='lat' dir='ltr'><strong>diebus</strong></span> <span class='ocrx_word' id='word_1_756' title='bbox 1780 5362 2009 5419; x_wconf 89' lang='lat' dir='ltr'><strong>Herodis</strong></span> <span class='ocrx_word' id='word_1_757' title='bbox 2034 5405 2050 5433; x_wconf 91' lang='lat'><strong>,</strong></span> 
     </span>
    </p>
   </div>
   <div class='ocr_carea' id='block_1_103' title="bbox 482 5427 2048 5526">
    <p class='ocr_par' dir='ltr' id='par_1_103' title="bbox 482 5427 2048 5526">
     <span class='ocr_line' id='line_1_103' title="bbox 482 5427 2048 5526; baseline 0.01 -29"><span class='ocrx_word' id='word_1_758' title='bbox 482 5459 611 5498; x_wconf 86' lang='lat' dir='ltr'><strong>ecce</strong></span> <span class='ocrx_word' id='word_1_759' title='bbox 631 5442 766 5513; x_wconf 84' lang='lat' dir='ltr'><strong>Magi</strong></span> <span class='ocrx_word' id='word_1_760' title='bbox 803 5427 869 5499; x_wconf 80' lang='lat' dir='ltr'><strong>ab</strong></span> <span class='ocrx_word' id='word_1_761' title='bbox 898 5444 1119 5503; x_wconf 89' lang='lat' dir='ltr'><strong>Oriente</strong></span> <span class='ocrx_word' id='word_1_762' title='bbox 1149 5460 1414 5505; x_wconf 85' lang='lat' dir='ltr'><strong>venerunt</strong></span> <span class='ocrx_word' id='word_1_763' title='bbox 1447 5451 1815 5526; x_wconf 84' lang='lat' dir='ltr'><strong>Hierosolyma</strong></span> <span class='ocrx_word' id='word_1_764' title='bbox 1861 5459 2048 5513; x_wconf 85' lang='lat' dir='ltr'><strong>dicen-</strong></span> 
     </span>
    </p>
   </div>
   <div class='ocr_carea' id='block_1_104' title="bbox 485 5537 2055 5610">
    <p class='ocr_par' dir='ltr' id='par_1_104' title="bbox 485 5537 2055 5610">
     <span class='ocr_line' id='line_1_104' title="bbox 485 5537 2055 5610; baseline 0.008 -17"><span class='ocrx_word' id='word_1_765' title='bbox 485 5549 565 5593; x_wconf 89' lang='lat' dir='ltr'><strong>tes</strong></span> <span class='ocrx_word' id='word_1_766' title='bbox 600 5557 613 5594; x_wconf 88' lang='lat'><strong>:</strong></span> <span class='ocrx_word' id='word_1_767' title='bbox 647 5537 743 5593; x_wconf 89' lang='lat' dir='ltr'><strong>Ubi</strong></span> <span class='ocrx_word' id='word_1_768' title='bbox 769 5550 850 5593; x_wconf 88' lang='lat' dir='ltr'><strong>est</strong></span> <span class='ocrx_word' id='word_1_769' title='bbox 874 5542 963 5610; x_wconf 90' lang='lat' dir='ltr'><strong>qui</strong></span> <span class='ocrx_word' id='word_1_770' title='bbox 1019 5553 1179 5598; x_wconf 88' lang='lat' dir='ltr'><strong>natus</strong></span> <span class='ocrx_word' id='word_1_771' title='bbox 1220 5554 1301 5598; x_wconf 88' lang='lat' dir='ltr'><strong>est</strong></span> <span class='ocrx_word' id='word_1_772' title='bbox 1358 5562 1450 5600; x_wconf 82' lang='lat' dir='ltr'><strong>rex</strong></span> <span class='ocrx_word' id='word_1_773' title='bbox 1494 5546 1847 5604; x_wconf 71' lang='lat' dir='ltr'><strong>Judseorum?</strong></span> <span class='ocrx_word' id='word_1_774' title='bbox 1901 5551 2055 5606; x_wconf 84' lang='lat' dir='ltr'><strong>Vidi-</strong></span> 
     </span>
    </p>
   </div>
   <div class='ocr_carea' id='block_1_105' title="bbox 483 5634 2053 5705">
    <p class='ocr_par' dir='ltr' id='par_1_105' title="bbox 483 5634 2053 5705">
     <span class='ocr_line' id='line_1_105' title="bbox 483 5634 2053 5705; baseline 0.007 -18"><span class='ocrx_word' id='word_1_775' title='bbox 483 5647 604 5687; x_wconf 86' lang='lat' dir='ltr'><strong>mus</strong></span> <span class='ocrx_word' id='word_1_776' title='bbox 637 5634 779 5686; x_wconf 91' lang='lat' dir='ltr'><strong>enim</strong></span> <span class='ocrx_word' id='word_1_777' title='bbox 816 5634 982 5702; x_wconf 88' lang='lat' dir='ltr'><strong>ipsius</strong></span> <span class='ocrx_word' id='word_1_778' title='bbox 1007 5636 1215 5691; x_wconf 84' lang='lat' dir='ltr'><strong>stellam</strong></span> <span class='ocrx_word' id='word_1_779' title='bbox 1261 5639 1313 5693; x_wconf 91' lang='lat' dir='ltr'><strong>in</strong></span> <span class='ocrx_word' id='word_1_780' title='bbox 1356 5638 1597 5705; x_wconf 88' lang='lat' dir='ltr'><strong>Oriente,</strong></span> <span class='ocrx_word' id='word_1_781' title='bbox 1640 5653 1695 5697; x_wconf 92' lang='lat' dir='ltr'><strong>et</strong></span> <span class='ocrx_word' id='word_1_782' title='bbox 1721 5644 1966 5699; x_wconf 87' lang='lat' dir='ltr'><strong>venimus</strong></span> <span class='ocrx_word' id='word_1_783' title='bbox 1995 5655 2053 5698; x_wconf 87' lang='lat' dir='ltr'><strong>ut</strong></span> 
     </span>
    </p>
   </div>
   <div class='ocr_carea' id='block_1_106' title="bbox 482 5721 2056 5800">
    <p class='ocr_par' dir='ltr' id='par_1_106' title="bbox 482 5721 2056 5800">
     <span class='ocr_line' id='line_1_106' title="bbox 482 5721 2056 5800; baseline 0.01 -26"><span class='ocrx_word' id='word_1_784' title='bbox 482 5721 771 5777; x_wconf 85' lang='lat' dir='ltr'><strong>adoremus</strong></span> <span class='ocrx_word' id='word_1_785' title='bbox 800 5737 920 5777; x_wconf 90' lang='lat' dir='ltr'><strong>eum</strong></span> <span class='ocrx_word' id='word_1_786' title='bbox 962 5724 1027 5779; x_wconf 70' lang='grc' dir='ltr'><strong>δ’.</strong></span> <span class='ocrx_word' id='word_1_787' title='bbox 1067 5744 1085 5778; x_wconf 79' lang='grc' dir='ltr'><strong>ι</strong></span> <span class='ocrx_word' id='word_1_788' title='bbox 1121 5726 1427 5784; x_wconf 85' lang='lat' dir='ltr'><strong>Adoraruut</strong></span> <span class='ocrx_word' id='word_1_789' title='bbox 1459 5745 1607 5800; x_wconf 84' lang='lat' dir='ltr'><strong>ergo,</strong></span> <span class='ocrx_word' id='word_1_790' title='bbox 1633 5743 1685 5788; x_wconf 89' lang='lat' dir='ltr'><strong>et</strong></span> <span class='ocrx_word' id='word_1_791' title='bbox 1712 5734 2056 5792; x_wconf 75' lang='lat' dir='ltr'><strong>adduxerunt</strong></span> 
     </span>
    </p>
   </div>
   <div class='ocr_carea' id='block_1_107' title="bbox 551 5838 971 5909">
    <p class='ocr_par' dir='ltr' id='par_1_107' title="bbox 551 5838 971 5909">
     <span class='ocr_line' id='line_1_107' title="bbox 551 5838 971 5909; baseline 0 -12"><span class='ocrx_word' id='word_1_792' title='bbox 551 5838 597 5873; x_wconf 80' lang='lat'><strong>&quot;</strong></span> <span class='ocrx_word' id='word_1_793' title='bbox 616 5839 805 5900; x_wconf 81' lang='lat' dir='ltr'><strong>Matth.</strong></span> <span class='ocrx_word' id='word_1_794' title='bbox 834 5857 891 5909; x_wconf 88' lang='grc' dir='ltr'><strong>ιι,</strong></span> <span class='ocrx_word' id='word_1_795' title='bbox 923 5842 971 5897; x_wconf 84' lang='lat' dir='ltr'><strong>l.</strong></span> 
     </span>
    </p>
   </div>
   <div class='ocr_carea' id='block_1_108' title="bbox 2147 4620 3730 4700">
    <p class='ocr_par' dir='ltr' id='par_1_108' title="bbox 2147 4620 3730 4700">
     <span class='ocr_line' id='line_1_108' title="bbox 2147 4620 3730 4700; baseline 0.001 -17"><span class='ocrx_word' id='word_1_796' title='bbox 2147 4631 2304 4684; x_wconf 89' lang='grc' dir='ltr'>τοῦτο</span> <span class='ocrx_word' id='word_1_797' title='bbox 2356 4627 2551 4689; x_wconf 79' lang='grc' dir='ltr'>ἐλθεῖν,</span> <span class='ocrx_word' id='word_1_798' title='bbox 2586 4620 2730 4700; x_wconf 79' lang='grc' dir='ltr'>ᾗπερ</span> <span class='ocrx_word' id='word_1_799' title='bbox 2777 4626 2844 4679; x_wconf 85' lang='grc' dir='ltr'><strong>ἂν</strong></span> <span class='ocrx_word' id='word_1_800' title='bbox 2876 4627 3074 4696; x_wconf 82' lang='grc' dir='ltr'>πρέποι</span> <span class='ocrx_word' id='word_1_801' title='bbox 3123 4628 3183 4679; x_wconf 81' lang='grc' dir='ltr'><strong>τὸ</strong></span> <span class='ocrx_word' id='word_1_802' title='bbox 3230 4628 3427 4681; x_wconf 82' lang='grc' dir='ltr'>εἰδέναι</span> <span class='ocrx_word' id='word_1_803' title='bbox 3474 4628 3730 4684; x_wconf 86' lang='grc' dir='ltr'>δύνασθαι</span> 
     </span>
    </p>
   </div>
   <div class='ocr_carea' id='block_1_109' title="bbox 2149 4716 3730 4789">
    <p class='ocr_par' dir='ltr' id='par_1_109' title="bbox 2149 4716 3730 4789">
     <span class='ocr_line' id='line_1_109' title="bbox 2149 4716 3730 4789; baseline -0.001 -16"><span class='ocrx_word' id='word_1_804' title='bbox 2149 4720 2328 4773; x_wconf 85' lang='grc' dir='ltr'>καλεῖν</span> <span class='ocrx_word' id='word_1_805' title='bbox 2362 4716 2632 4789; x_wconf 81' lang='grc' dir='ltr'>πατέραῆ</span> <span class='ocrx_word' id='word_1_806' title='bbox 2671 4716 2903 4787; x_wconf 85' lang='grc' dir='ltr'>μητέρα,</span> <span class='ocrx_word' id='word_1_807' title='bbox 2928 4716 3250 4787; x_wconf 81' lang='grc' dir='ltr'>διεσάφησεν</span> <span class='ocrx_word' id='word_1_808' title='bbox 3287 4716 3488 4770; x_wconf 78' lang='grc' dir='ltr'>εἰπών·</span> <span class='ocrx_word' id='word_1_809' title='bbox 3535 4737 3553 4768; x_wconf 73' lang='grc' dir='ltr'><strong>ι</strong></span> <span class='ocrx_word' id='word_1_810' title='bbox 3588 4719 3730 4772; x_wconf 85' lang='grc' dir='ltr'>Διὸτι</span> 
     </span>
    </p>
   </div>
   <div class='ocr_carea' id='block_1_110' title="bbox 2151 4809 3724 4893">
    <p class='ocr_par' dir='ltr' id='par_1_110' title="bbox 2151 4809 3724 4893">
     <span class='ocr_line' id='line_1_110' title="bbox 2151 4809 3724 4893; baseline 0 -29"><span class='ocrx_word' id='word_1_811' title='bbox 2151 4812 2281 4881; x_wconf 73' lang='grc' dir='ltr'>πρὶν</span> <span class='ocrx_word' id='word_1_812' title='bbox 2309 4812 2340 4883; x_wconf 80' lang='grc' dir='ltr'>ἢ</span> <span class='ocrx_word' id='word_1_813' title='bbox 2380 4809 2580 4878; x_wconf 85' lang='grc' dir='ltr'>γνῶναι</span> <span class='ocrx_word' id='word_1_814' title='bbox 2608 4810 2667 4862; x_wconf 85' lang='grc' dir='ltr'><strong>τὸ</strong></span> <span class='ocrx_word' id='word_1_815' title='bbox 2694 4810 2902 4862; x_wconf 91' lang='grc' dir='ltr'>παιδίον</span> <span class='ocrx_word' id='word_1_816' title='bbox 2935 4809 3118 4863; x_wconf 88' lang='grc' dir='ltr'>καλεῖν</span> <span class='ocrx_word' id='word_1_817' title='bbox 3151 4811 3363 4880; x_wconf 87' lang='grc' dir='ltr'>πατέρα</span> <span class='ocrx_word' id='word_1_818' title='bbox 3409 4811 3441 4882; x_wconf 79' lang='grc' dir='ltr'>ἦ</span> <span class='ocrx_word' id='word_1_819' title='bbox 3492 4811 3724 4893; x_wconf 84' lang='grc' dir='ltr'>μητέρα,</span> 
     </span>
    </p>
   </div>
   <div class='ocr_carea' id='block_1_111' title="bbox 2149 4902 3728 4989">
    <p class='ocr_par' dir='ltr' id='par_1_111' title="bbox 2149 4902 3728 4989">
     <span class='ocr_line' id='line_1_111' title="bbox 2149 4902 3728 4989; baseline 0.003 -34"><span class='ocrx_word' id='word_1_820' title='bbox 2149 4904 2376 4975; x_wconf 78' lang='grc' dir='ltr'>λήψεται</span> <span class='ocrx_word' id='word_1_821' title='bbox 2426 4903 2526 4972; x_wconf 78' lang='grc' dir='ltr'><strong>τὴν</strong></span> <span class='ocrx_word' id='word_1_822' title='bbox 2564 4902 2794 4973; x_wconf 86' lang='grc' dir='ltr'>δύναμιν</span> <span class='ocrx_word' id='word_1_823' title='bbox 2828 4902 3138 4972; x_wconf 83' lang='grc' dir='ltr'>Δαμασκοῦ.</span> <span class='ocrx_word' id='word_1_824' title='bbox 3183 4923 3200 4954; x_wconf 79' lang='grc' dir='ltr'><strong>ι</strong></span> <span class='ocrx_word' id='word_1_825' title='bbox 3242 4905 3313 4956; x_wconf 84' lang='grc' dir='ltr'>Τὸ</span> <span class='ocrx_word' id='word_1_826' title='bbox 3340 4904 3423 4969; x_wconf 83' lang='grc' dir='ltr'><strong>δὲ,</strong></span> <span class='ocrx_word' id='word_1_827' title='bbox 3466 4906 3728 4989; x_wconf 73' lang='grc' dir='ltr'>Λήψεται,</span> 
     </span>
    </p>
   </div>
   <div class='ocr_carea' id='block_1_112' title="bbox 2154 4994 3733 5066">
    <p class='ocr_par' dir='ltr' id='par_1_112' title="bbox 2154 4994 3733 5066">
     <span class='ocr_line' id='line_1_112' title="bbox 2154 4994 3733 5066; baseline 0 -17"><span class='ocrx_word' id='word_1_828' title='bbox 2154 4998 2274 5049; x_wconf 72' lang='grc' dir='ltr'>ἀντὶ</span> <span class='ocrx_word' id='word_1_829' title='bbox 2295 4994 2413 5057; x_wconf 84' lang='grc' dir='ltr'>τοῦ,</span> <span class='ocrx_word' id='word_1_830' title='bbox 2455 4994 2813 5066; x_wconf 84' lang='grc' dir='ltr'>Χειρώσεται.</span> <span class='ocrx_word' id='word_1_831' title='bbox 2867 4996 3109 5066; x_wconf 76' lang='grc' dir='ltr'>Λήψεται</span> <span class='ocrx_word' id='word_1_832' title='bbox 3155 4995 3211 5047; x_wconf 80' lang='grc' dir='ltr'>δὲ</span> <span class='ocrx_word' id='word_1_833' title='bbox 3271 4995 3471 5066; x_wconf 81' lang='grc' dir='ltr'>ὁμοίως</span> <span class='ocrx_word' id='word_1_834' title='bbox 3522 4998 3613 5049; x_wconf 79' lang='grc' dir='ltr'><strong>καὶ</strong></span> <span class='ocrx_word' id='word_1_835' title='bbox 3664 4998 3733 5049; x_wconf 67' lang='grc' dir='ltr'><strong>τὰ</strong></span> 
     </span>
    </p>
   </div>
   <div class='ocr_carea' id='block_1_113' title="bbox 2158 5088 3731 5161">
    <p class='ocr_par' dir='ltr' id='par_1_113' title="bbox 2158 5088 3731 5161">
     <span class='ocr_line' id='line_1_113' title="bbox 2158 5088 3731 5161; baseline 0.001 -19"><span class='ocrx_word' id='word_1_836' title='bbox 2158 5090 2329 5142; x_wconf 80' lang='grc' dir='ltr'>σκύλα</span> <span class='ocrx_word' id='word_1_837' title='bbox 2392 5088 2725 5161; x_wconf 87' lang='grc' dir='ltr'>Σαμαρείας.</span> <span class='ocrx_word' id='word_1_838' title='bbox 2796 5090 2952 5142; x_wconf 80' lang='grc' dir='ltr'>Τοῦτ’</span> <span class='ocrx_word' id='word_1_839' title='bbox 3009 5089 3190 5153; x_wconf 78' lang='grc' dir='ltr'>ἔστιν,</span> <span class='ocrx_word' id='word_1_840' title='bbox 3248 5088 3543 5154; x_wconf 80' lang='grc' dir='ltr'>ἀπαλλάξει</span> <span class='ocrx_word' id='word_1_841' title='bbox 3609 5092 3731 5153; x_wconf 74' lang='grc' dir='ltr'>τοὺς</span> 
     </span>
    </p>
   </div>
   <div class='ocr_carea' id='block_1_114' title="bbox 2158 5180 3732 5253">
    <p class='ocr_par' dir='ltr' id='par_1_114' title="bbox 2158 5180 3732 5253">
     <span class='ocr_line' id='line_1_114' title="bbox 2158 5180 3732 5253; baseline 0 -18"><span class='ocrx_word' id='word_1_842' title='bbox 2158 5181 2533 5253; x_wconf 80' lang='grc' dir='ltr'>αἰχμαλώτους</span> <span class='ocrx_word' id='word_1_843' title='bbox 2563 5182 2877 5253; x_wconf 84' lang='grc' dir='ltr'>πολεμήσας</span> <span class='ocrx_word' id='word_1_844' title='bbox 2911 5181 3051 5252; x_wconf 84' lang='grc' dir='ltr'>ὑπὲρ</span> <span class='ocrx_word' id='word_1_845' title='bbox 3085 5180 3283 5235; x_wconf 82' lang='grc' dir='ltr'>αὐτῶν.</span> <span class='ocrx_word' id='word_1_846' title='bbox 3329 5182 3608 5235; x_wconf 80' lang='grc' dir='ltr'>’Λπέναντι</span> <span class='ocrx_word' id='word_1_847' title='bbox 3638 5181 3732 5245; x_wconf 84' lang='grc' dir='ltr'><strong>τοῦ</strong></span> 
     </span>
    </p>
   </div>
   <div class='ocr_carea' id='block_1_115' title="bbox 2160 5268 3730 5341">
    <p class='ocr_par' dir='ltr' id='par_1_115' title="bbox 2160 5268 3730 5341">
     <span class='ocr_line' id='line_1_115' title="bbox 2160 5268 3730 5341; baseline -0.001 -18"><span class='ocrx_word' id='word_1_848' title='bbox 2160 5270 2421 5341; x_wconf 79' lang='grc' dir='ltr'>βασιλέως</span> <span class='ocrx_word' id='word_1_849' title='bbox 2463 5270 2779 5341; x_wconf 84' lang='grc' dir='ltr'>Ἀσσυρίων.</span> <span class='ocrx_word' id='word_1_850' title='bbox 2814 5270 2919 5322; x_wconf 85' lang='grc' dir='ltr'>Τοῦ</span> <span class='ocrx_word' id='word_1_851' title='bbox 2967 5268 3159 5338; x_wconf 84' lang='grc' dir='ltr'>νοητοῦ</span> <span class='ocrx_word' id='word_1_852' title='bbox 3196 5270 3461 5340; x_wconf 85' lang='grc' dir='ltr'>δηλονότι,</span> <span class='ocrx_word' id='word_1_853' title='bbox 3495 5273 3637 5341; x_wconf 74' lang='grc' dir='ltr'>φημὶ</span> <span class='ocrx_word' id='word_1_854' title='bbox 3668 5272 3730 5341; x_wconf 80' lang='grc' dir='ltr'>δὴ</span> 
     </span>
    </p>
   </div>
   <div class='ocr_carea' id='block_1_116' title="bbox 2156 5356 3731 5431">
    <p class='ocr_par' dir='ltr' id='par_1_116' title="bbox 2156 5356 3731 5431">
     <span class='ocr_line' id='line_1_116' title="bbox 2156 5356 3731 5431; baseline -0.001 -16"><span class='ocrx_word' id='word_1_855' title='bbox 2156 5361 2250 5415; x_wconf 87' lang='grc' dir='ltr'><strong>τοῦ</strong></span> <span class='ocrx_word' id='word_1_856' title='bbox 2278 5362 2509 5414; x_wconf 82' lang='grc' dir='ltr'>Σατανᾶ.</span> <span class='ocrx_word' id='word_1_857' title='bbox 2558 5360 2727 5424; x_wconf 78' lang='grc' dir='ltr'>Αὐτὸς</span> <span class='ocrx_word' id='word_1_858' title='bbox 2761 5361 2868 5429; x_wconf 86' lang='grc' dir='ltr'><strong>γὰρ</strong></span> <span class='ocrx_word' id='word_1_859' title='bbox 2896 5356 2964 5431; x_wconf 80' lang='grc' dir='ltr'>ἦν</span> <span class='ocrx_word' id='word_1_860' title='bbox 2996 5360 3089 5413; x_wconf 74' lang='grc' dir='ltr'><strong>καὶ</strong></span> <span class='ocrx_word' id='word_1_861' title='bbox 3118 5362 3151 5429; x_wconf 81' lang='grc' dir='ltr'>ἡ</span> <span class='ocrx_word' id='word_1_862' title='bbox 3204 5362 3512 5430; x_wconf 87' lang='grc' dir='ltr'>Δαμασκὺς,</span> <span class='ocrx_word' id='word_1_863' title='bbox 3560 5363 3655 5429; x_wconf 23' lang='grc' dir='ltr'>,καὶ</span> <span class='ocrx_word' id='word_1_864' title='bbox 3698 5364 3731 5430; x_wconf 80' lang='grc' dir='ltr'><strong>ἡ</strong></span> 
     </span>
    </p>
   </div>
   <div class='ocr_carea' id='block_1_117' title="bbox 2159 5450 3731 5524">
    <p class='ocr_par' dir='ltr' id='par_1_117' title="bbox 2159 5450 3731 5524">
     <span class='ocr_line' id='line_1_117' title="bbox 2159 5450 3731 5524; baseline -0.003 -17"><span class='ocrx_word' id='word_1_865' title='bbox 2159 5454 2358 5524; x_wconf 83' lang='grc' dir='ltr'>Συρίας</span> <span class='ocrx_word' id='word_1_866' title='bbox 2390 5454 2637 5522; x_wconf 88' lang='grc' dir='ltr'>δύναμις.</span> <span class='ocrx_word' id='word_1_867' title='bbox 2674 5454 2790 5505; x_wconf 87' lang='grc' dir='ltr'>Ὅτι</span> <span class='ocrx_word' id='word_1_868' title='bbox 2822 5451 2915 5504; x_wconf 69' lang='grc' dir='ltr'><strong>καλ⁸</strong></span> <span class='ocrx_word' id='word_1_869' title='bbox 2943 5452 2991 5503; x_wconf 75' lang='lat' dir='ltr'><strong>oi</strong></span> <span class='ocrx_word' id='word_1_870' title='bbox 3019 5451 3128 5504; x_wconf 86' lang='grc' dir='ltr'><strong>τῶν</strong></span> <span class='ocrx_word' id='word_1_871' title='bbox 3159 5450 3394 5504; x_wconf 78' lang='grc' dir='ltr'>εἰδώλων</span> <span class='ocrx_word' id='word_1_872' title='bbox 3426 5468 3731 5522; x_wconf 84' lang='grc' dir='ltr'>προσκυνη-</span> 
     </span>
    </p>
   </div>
   <div class='ocr_carea' id='block_1_118' title="bbox 2160 5541 3731 5614">
    <p class='ocr_par' dir='ltr' id='par_1_118' title="bbox 2160 5541 3731 5614">
     <span class='ocr_line' id='line_1_118' title="bbox 2160 5541 3731 5614; baseline -0.004 -15"><span class='ocrx_word' id='word_1_873' title='bbox 2160 5546 2250 5599; x_wconf 56' lang='grc' dir='ltr'><strong>τα)⁸</strong></span> <span class='ocrx_word' id='word_1_874' title='bbox 2294 5547 2472 5598; x_wconf 83' lang='grc' dir='ltr'>πᾶσαν</span> <span class='ocrx_word' id='word_1_875' title='bbox 2502 5544 2713 5613; x_wconf 75' lang='grc' dir='ltr'>ἔχουσιν</span> <span class='ocrx_word' id='word_1_876' title='bbox 2751 5543 2836 5595; x_wconf 77' lang='grc' dir='ltr'><strong>ἐπ’</strong></span> <span class='ocrx_word' id='word_1_877' title='bbox 2864 5543 3045 5605; x_wconf 86' lang='grc' dir='ltr'>αὐτοῖς</span> <span class='ocrx_word' id='word_1_878' title='bbox 3082 5541 3179 5614; x_wconf 82' lang='grc' dir='ltr'>τὴν</span> <span class='ocrx_word' id='word_1_879' title='bbox 3218 5544 3315 5614; x_wconf 86' lang='grc' dir='ltr'>τῆς</span> <span class='ocrx_word' id='word_1_880' title='bbox 3351 5544 3622 5614; x_wconf 80' lang='grc' dir='ltr'>σωτηρίας</span> <span class='ocrx_word' id='word_1_881' title='bbox 3648 5542 3731 5594; x_wconf 81' lang='grc' dir='ltr'>ὲλ-</span> 
     </span>
    </p>
   </div>
   <div class='ocr_carea' id='block_1_119' title="bbox 2161 5634 3727 5705">
    <p class='ocr_par' dir='ltr' id='par_1_119' title="bbox 2161 5634 3727 5705">
     <span class='ocr_line' id='line_1_119' title="bbox 2161 5634 3727 5705; baseline -0.005 -14"><span class='ocrx_word' id='word_1_882' title='bbox 2161 5639 2287 5691; x_wconf 85' lang='grc' dir='ltr'>πίδα</span> <span class='ocrx_word' id='word_1_883' title='bbox 2315 5654 2327 5665; x_wconf 67' lang='grc'><strong>⁸</strong></span> <span class='ocrx_word' id='word_1_884' title='bbox 2368 5638 2492 5690; x_wconf 77' lang='grc' dir='ltr'>’Ότι</span> <span class='ocrx_word' id='word_1_885' title='bbox 2519 5635 2576 5688; x_wconf 83' lang='grc' dir='ltr'>δὲ</span> <span class='ocrx_word' id='word_1_886' title='bbox 2625 5634 2949 5686; x_wconf 76' lang='grc' dir='ltr'>ἐσκύλευσεν</span> <span class='ocrx_word' id='word_1_887' title='bbox 2998 5636 3026 5685; x_wconf 88' lang='grc' dir='ltr'>ὁ</span> <span class='ocrx_word' id='word_1_888' title='bbox 3053 5634 3285 5705; x_wconf 82' lang='grc' dir='ltr'>Χριστὸς</span> <span class='ocrx_word' id='word_1_889' title='bbox 3322 5634 3414 5687; x_wconf 85' lang='grc' dir='ltr'><strong>τὸν</strong></span> <span class='ocrx_word' id='word_1_890' title='bbox 3463 5634 3727 5697; x_wconf 88' lang='grc' dir='ltr'>Σατανᾶν,</span> 
     </span>
    </p>
   </div>
   <div class='ocr_carea' id='block_1_120' title="bbox 2162 5725 3730 5803">
    <p class='ocr_par' dir='ltr' id='par_1_120' title="bbox 2162 5725 3730 5803">
     <span class='ocr_line' id='line_1_120' title="bbox 2162 5725 3730 5803; baseline -0.004 -18"><span class='ocrx_word' id='word_1_891' title='bbox 2162 5731 2555 5803; x_wconf 82' lang='grc' dir='ltr'>γεγεννημένος</span> <span class='ocrx_word' id='word_1_892' title='bbox 2581 5728 2759 5791; x_wconf 72' lang='grc' dir='ltr'>εὐθὺς,</span> <span class='ocrx_word' id='word_1_893' title='bbox 2792 5726 3171 5798; x_wconf 85' lang='grc' dir='ltr'>ἀταλαίπωρον</span> <span class='ocrx_word' id='word_1_894' title='bbox 3209 5728 3355 5783; x_wconf 86' lang='grc' dir='ltr'>ἰδεῖν.</span> <span class='ocrx_word' id='word_1_895' title='bbox 3389 5726 3590 5799; x_wconf 81' lang='grc' dir='ltr'>Γράφει</span> <span class='ocrx_word' id='word_1_896' title='bbox 3623 5725 3730 5799; x_wconf 83' lang='grc' dir='ltr'>γὰρ</span> 
     </span>
    </p>
   </div>
  </div>
