4124 6372
462 395 570 448 225

1596 398 1660 453 ΙΝ
1700 397 1928 455 ISAIAM
1968 397 2093 453 LIB.
2136 398 2174 454 Ι.
2216 399 2422 456 ORA'I‘.
2468 399 2528 455 V.

3582 412 3690 467 2‘26

462 511 492 563 6
550 510 855 575 Ματθαῖος’
897 523 915 564 t
969 508 1071 566 Τοῦ
1104 513 1160 567 δὲ
1204 515 1376 586 Ἰησοῦ
1426 519 1773 589 γεννηθέντος
1822 522 1878 574 ὲν
1921 520 2023 591 Βη-

2128 535 2316 575 aurum
2362 529 2417 574 et
2468 519 2611 583 thus,
2655 528 2711 575 et
2753 518 3049 590 myrrham.
3104 520 3332 577 Videsne
3376 537 3484 592 quo
3534 537 3691 592 pacto

462 602 627 672 θλεὲμ
657 601 756 672 τῆς
798 604 1052 668 Ἰουδαίας
1079 598 1135 659 ὲν
1180 608 1413 679 ἡμέραις
1458 609 1693 680 Ἡρώδου
1739 611 1832 663 τοῦ
1871 612 2026 681 βασι-

462 692 598 755 λέως
618 734 632 757 ,
675 694 781 746 ἰδοὺ
819 694 982 764 μάγοι
1022 697 1128 750 ἀπὸ
1160 699 1429 751 ἀνατολῶν
1457 702 1815 772 παρεγένοντὸ
1843 719 1901 754 τε
1946 702 2025 765 εἰς

473 785 836 855 Ἰεροσόλυμα,
869 782 1113 857 λέγοντες
1132 807 1145 820 ο
1176 790 1286 843 Ποῦ
1316 794 1459 844 ἐστιν
1489 795 1517 845 6
1537 793 1743 863 τεχθεὶς
1777 792 2025 863 βασιλεὺς

461 871 569 923 τῶν
614 872 915 935 Ἰουδαίωνς
957 872 1135 946 ῖδομεν
1163 877 1273 961 γὰρ
1306 880 1393 933 τὸν
1423 881 1624 951 ἀστέρα
1667 882 1829 935 αὐτοῦ
1861 882 1917 935 ὲν
1956 885 2021 953 τῇ

474 963 750 1035 Ἀνατολῇ,
788 967 881 1019 καὶ
905 967 1137 1039 ἤλθομεν
1162 973 1531 1042 προσκυνῆσαι
1580 974 1746 1043 αὐτῷ.
1794 991 1812 1026 ι
1847 975 2023 1047 Προσ-

461 1054 793 1124 κεκυνήκασι
838 1057 966 1125 γοῦν
999 1059 1092 1112 καὶ
1126 1063 1470 1133 προσήγαγον
1520 1065 1739 1135 χρυσίον
1762 1104 1777 1129 ,
1824 1066 1917 1118 καὶ
1946 1066 2026 1119 λί-

462 1142 621 1195 6ανον
668 1145 763 1197 καὶ
798 1146 1061 1216 σμύρναν.
1109 1150 1270 1221 Ὁρᾷς
1296 1153 1441 1216 ὅπως
1470 1153 1760 1207 ὲσκύλευσε
1800 1155 1889 1208 τὸν
1918 1155 2022 1207 Σα-

460 1234 649 1297 τανᾶν,
680 1235 774 1288 καὶ
820 1240 1212 1309 προενόμευσεν
1244 1241 1428 1308 ὀξέως
1463 1244 1581 1296 Ὅτι
1628 1245 1683 1297 δὲ
1716 1247 1807 1297 καὶ
1851 1248 1879 1298 6
1925 1249 2025 1315 τῆς

459 1322 750 1394 ἐπιδημίας
779 1328 974 1391 σκοπὸς
1008 1331 1087 1392 είς
1122 1329 1389 1402 λύτρωσιν
1432 1332 1617 1402 βλέπει
1642 1334 1747 1387 τῶν
1774 1336 1830 1388 ὲν
1862 1335 2022 1405 αἰχμ-

460 1413 667 1485 αλωσίᾳ
691 1420 756 1487 τῇ
785 1421 943 1488 νοητῇ
958 1420 1273 1487 γεγονότων,
1289 1438 1497 1495 καταση
1506 1441 1579 1493 μα
1596 1421 1659 1495 [ί]
1674 1441 1811 1476 νειεν
1839 1424 1903 1477 ἂν
1929 1425 2022 1477 καὶ

460 1506 618 1569 αὐτὸς
668 1508 697 1559 ὁ
770 1511 1040 1580 Χριστὸς,
1110 1513 1199 1569 διὰ
1268 1515 1449 1584 φωνῆς
1529 1517 1745 1569 Ἡσαΐου
1819 1516 2019 1585 λέγων’

466 1616 485 1646 ι
542 1598 763 1669 Πνεῦμα
806 1603 1010 1673 Κυρίου
1063 1602 1305 1676 ὲπ“ὲμὲ,
1345 1602 1404 1661 οὗ
1450 1607 1654 1661 εἵνεκεν
1701 1608 1881 1679 ἕχρισέ
1930 1626 2018 1679 με,

2134 610 2389 665 Satanam
2421 608 2617 680 spoliet
2642 619 2695 663 et
2741 609 3078 680 depraedetur
3124 611 3429 667 velociter?
3490 604 3691 667 Deinde

2140 700 2404 755 adventus
2450 701 2533 755 sui
2575 715 2796 771 scopum
2849 710 2902 754 et
2939 701 3096 755 linem
3165 701 3333 756 fuisse
3366 700 3693 770 redemptio-

2130 804 2249 843 nem
2302 803 2488 843 eorum
2552 789 2645 858 qui
2707 791 2758 843 in
2817 792 3125 860 captivitate
3176 790 3493 861 intelligibili
3544 801 3691 855 sunt,

2129 882 2373 951 designat
2408 889 2462 935 et
2484 881 2597 950 ipse
2619 882 2890 947 Christus,
2913 899 3043 939 voce
3076 878 3233 954 136
3273 884 3422 940 Isaia:
3458 884 3645 939 dicens
3673 904 3687 938 :

2133 992 2152 1025 ι
2190 972 2424 1043 Spiritus
2450 972 2658 1027 Domini
2702 988 2861 1042 super
2886 990 2970 1028 me
3007 991 3072 1029 eo
3103 979 3245 1044 quod
3278 977 3433 1029 unxit
3461 991 3566 1041 me,
3625 976 3691 1028 ad

2128 1064 2609 1135 evangelizandum
2649 1066 2972 1133 pauperibus
3022 1067 3168 1120 misit
3211 1080 3335 1131 me,
3375 1065 3439 1121 ad
3490 1066 3685 1135 praedi-

2084 1146 2091 1153 ’
2127 1157 2357 1209 candum
2396 1154 2623 1225 captivis
2656 1155 3047 1221 remissionem,
3078 1160 3133 1211 et
3154 1158 3313 1211 cacis
3342 1158 3517 1211 visum
3557 1155 3626 1209 '°.
3664 1174 3683 1206 ι

2131 1246 2322 1300 Psallit
2360 1248 2484 1301 item
2514 1255 2571 1301 et
2591 1246 2779 1302 beatus
2807 1248 2972 1302 David
2995 1250 3061 1303 de
3111 1250 3226 1318 ipso
3259 1265 3273 1302 :
3319 1268 3339 1301 ι
3374 1250 3689 1303 Ascendens

2128 1338 2181 1391 in
2210 1339 2581 1404 altitudinem,
2635 1340 2899 1407 captivant
2951 1341 3104 1393 duxit
3153 1341 3519 1409 captivitatem
3556 1338 3624 1393 ⁸¹.
3664 1358 3684 1390 ι

2128 1426 2293 1496 quue
2325 1428 2508 1481 docuit
2540 1428 2787 1495 ipsemet,
2818 1440 2936 1482 cum
2962 1429 3092 1482 dicit
3118 1444 3131 1480 :
3168 1447 3186 1480 ι
3220 1429 3351 1482 Cum
3384 1430 3691 1483 sublevatus

2126 1519 2177 1573 in
2209 1518 2374 1572 altum
2416 1518 2568 1575 luero
2590 1520 2656 1575 de
2706 1529 2870 1586 terra,
2908 1535 3097 1576 omnes
3133 1522 3345 1576 traham
3381 1523 3447 1575 ad
3473 1536 3560 1576 me
3604 1522 3685 1591 ip-

2127 1627 2242 1665 smn
2275 1613 2342 1643 ⁵¹ο
2385 1631 2402 1663 ι

459 1693 916 1761 εὐαγγελίσασθαι
976 1698 1210 1769 πτωχοῖς
1274 1700 1581 1755 ἀπέσταλκέ
1634 1720 1724 1773 με,
1778 1701 2011 1773 κηρύξαι
2067 1703 2427 1773 αἰχμαλώτοις
2486 1705 2698 1774 ἄφεσιν,
2736 1706 2827 1758 καὶ
2889 1705 3107 1775 τυφλοῖς
3138 1706 3451 1776 ἀνάϐλεψιν.
3490 1722 3510 1758 ι
3540 1707 3691 1759 Ψάλ⁶

457 1787 538 1840 λει
590 1788 646 1841 δέ
697 1802 798 1844 που
864 1794 957 1846 καὶ
1013 1795 1041 1846 6
1101 1794 1366 1866 μακάριος
1416 1796 1580 1851 Δαϐὶδ
1640 1798 1768 1870 περὶ
1846 1798 2051 1851 αὑτοῦ·
2095 1817 2113 1850 ι
2171 1801 2396 1865 ’Δναϐὰς
2438 1803 2515 1864 είς
2559 1800 2689 1870 ὕψος
2771 1800 3190 1871 ᾐχμαλώτευσεν
3234 1799 3625 1871 αἰχμαλωσίαν.
3665 1816 3685 1852 s

458 1881 566 1933 Καὶ
616 1882 772 1935 τοῦτο
813 1885 972 1947 αὐτὸς
1019 1884 1255 1949 ἐδίδαξεν
1302 1886 1499 1940 είπὼνο
1542 1904 1560 1941 ι
1603 1887 1768 1941 Ὅταν
1811 1887 2011 1957 ὑψωθῶ
2048 1891 2110 1942 ἐκ
2164 1892 2262 1960 τῆς
2290 1892 2412 1961 γῆς,
2490 1892 2695 1953 πάντας
2727 1889 2938 1943 ἑλκύσω
2970 1890 3104 1961 πρὸς
3136 1891 3393 1960 ἐμαυτόν.
3438 1906 3460 1944 ι

526 1974 637 2029 Καὶ
673 1975 996 2043 προσέθετο
1025 1981 1234 2047 Κύριος
1272 1979 1540 2046 λαλῆσαί
1561 2000 1662 2051 μοι
1694 1984 1799 2037 ἔτι·
1829 1986 1930 2039 Διὰ
1961 1985 2023 2037 τὸ

2202 1985 2363 2039 Vens.
2396 1984 2511 2038 5-8.
2542 1984 2606 2036 Et
2631 1985 2858 2051 perrexit
2890 1980 3142 2037 Dominus
3178 1982 3320 2052 loq‘ui
3350 1983 3477 2035 milti
3506 1996 3525 2035 :
3557 1982 3691 2047 Quo-

452 2066 539 2135 μὴ
555 2067 889 2131 ,βούλεσθαι
920 2069 1026 2123 τὸν
1053 2071 1208 2125 λαὸν
1244 2072 1457 2125 τοῦτον
1502 2072 1569 2126 τὸ
1607 2070 1762 2141 ὕδωρ
1789 2074 1895 2126 τοῦ
1933 2077 2028 2127 Σιο

456 2159 624 2227 λωὰμ
662 2158 727 2211 τὸ
755 2163 1159 2230 πορευόμενον
1210 2162 1420 2232 ἡσυχῇ
1448 2202 1463 2226 ,
1502 2163 1660 2218 ἀλλὰ
1693 2166 2025 2228 ,ϐούλεσθαι

457 2249 620 2316 ἔχειν
669 2250 1003 2317 Ῥαασσὼν,
1066 2252 1163 2307 καὶ
1212 2254 1314 2308 τὸν
1364 2255 1500 2309 υἱὸν
1548 2256 1652 2310 τοῦ
1721 2255 2025 2325 Ῥομελίου

452 2340 718 2404 ,βασιλέα
743 2343 834 2411 ἐφ’
863 2344 1047 2412 ὑμῶν,
1072 2346 1168 2400 διὰ
1190 2347 1363 2401 τοῦτο
1405 2348 1533 2401 ἰδοὺ
1566 2348 1769 2417 ἀνάγει
1813 2351 2026 2416 Κύριος

456 2435 548 2502 ἐφ’
572 2434 724 2503 ὑμᾶς
764 2438 832 2489 τὸ
863 2437 1018 2505 ὕδωρ
1052 2439 1156 2493 τοῦ
1208 2442 1475 2509 ποταμοῦ
1525 2440 1591 2495 τὸ
1628 2442 1878 2510 ισχυρὸν
1924 2440 2022 2494 καὶ

458 2526 637 2591 πολὺ,
674 2526 781 2580 τὸν
811 2529 1078 2592 βασιλέα
1110 2531 1227 2585 τῶν
1264 2534 1619 2601 Ἀσσυρίων,
1650 2534 1746 2587 καὶ
1768 2532 1883 2601 τὴν
1921 2533 2019 2587 δό-

457 2616 572 2680 ξαν
603 2619 807 2672 αὑτοῦ.
830 2620 938 2674 Καὶ
974 2621 1337 2689 ἀναϐήσεται
1374 2623 1471 2677 ἐπὶ
1512 2624 1716 2678 πᾶσαν
1751 2624 2024 2694 φάραγγα

456 2707 621 2777 ὑμῶν
646 2710 744 2763 καὶ
766 2712 1156 2778 περιπατήσει
1189 2714 1287 2767 ἐπὶ
1339 2713 1463 2768 πᾶν
1490 2715 1687 2782 τεῖχος
1714 2714 1897 2784 ὑμῶν,
1927 2714 2024 2767 καὶ

456 2801 671 2869 ἀφελεῖ
696 2803 813 2857 ἀπὸ
845 2802 956 2872 τῆς
998 2804 1281 2869 Ἰουδαίας
1327 2804 1656 2873 ἄνθρωπον,
1687 2805 1754 2871 ὃς
1775 2806 2026 2870 δυνήσε-

2130 2076 2274 2130 ninm
2308 2092 2409 2127 non
2431 2076 2537 2128 vult
2564 2074 2786 2143 populus
2818 2074 2914 2128 iste
2943 2090 3134 2143 aquam
3178 2072 3403 2138 Siloam,
3448 2073 3691 2143 ﬂuentem

2126 2168 2353 2238 placide,
2377 2168 2467 2220 sed
2494 2167 2596 2221 uult
2627 2167 2815 2220 habere
2868 2164 3109 2219 Raasson
3150 2177 3197 2219 et
3232 2167 3403 2233 ﬁlium
3436 2164 3688 2220 Romelia:

2129 2272 2298 2328 regem
2329 2273 2484 2326 super
2539 2273 2653 2322 eos,
2687 2266 2960 2324 propterea
3021 2272 3137 2309 ecce
3175 2257 3376 2309 reducit
3436 2255 3691 2307 Dominus

2129 2364 2284 2419 super
2309 2366 2395 2402 vos
2431 2364 2620 2419 aquam
2657 2348 2807 2412 ﬂuvii
2862 2348 3203 2400 vehementem
3238 2357 3284 2400 et
3317 2348 3688 2406 abundantem,

2126 2457 2296 2510 regem
2332 2441 2666 2509 Assyriorum
2700 2447 2749 2492 et
2803 2441 3025 2507 gloriam
3077 2438 3208 2507 ejus.
3248 2438 3313 2492 Et
3352 2440 3591 2493 ascendet
3637 2439 3691 2490 in

2127 2548 2328 2585 omnem
2384 2530 2568 2584 vallem
2632 2541 2877 2595 vestram,
2921 2541 2967 2583 et
3027 2533 3445 2599 supergrediemr
3487 2542 3691 2582 omnem

2128 2640 2333 2677 murum
2387 2634 2634 2689 vestrum,
2691 2633 2740 2676 et
2780 2622 2983 2692 auferet
3022 2638 3053 2676 a
3084 2620 3277 2676 Judaza
3317 2621 3576 2675 hominem
3600 2620 3691 2690 qui

2130 2716 2318 2781 poterit
2361 2724 2517 2784 caput
2542 2714 2736 2779 levare,
2764 2723 2851 2767 aut
2896 2724 3146 2781 praestare
3179 2713 3402 2783 aliquid.
3439 2711 3505 2766 Et
3539 2720 3691 2766 erunt

2131 2814 2305 2857 castra
2338 2805 2472 2873 ejus,
2512 2813 2569 2858 ut
2596 2804 2842 2873 impleant
2879 2804 3209 2857 latitudinem
3235 2804 3462 2872 regionis
3486 2812 3613 2857 tum.

457 2914 549 2949 ται
574 2899 845 2966 κεφαλὴν
880 2891 1093 2968 ἆραι,ἢ
1137 2898 1401 2955 δυνατὸν
1431 2901 1917 2955 συντελέσασθαι
1950 2917 2024 2954 τι.
2064 2898 2175 2953 Καὶ
2234 2899 2403 2953 ἔσται
2442 2900 2480 2966 ἡ
2545 2897 2895 2975 ι-ταρεμϐολὴ⁴
2935 2897 3145 2962 αὑτοῦ,
3195 2896 3347 2950 ὥστε
3381 2894 3693 2965 πληρῶσαι

458 2992 527 3041 τὰ
560 2989 756 3057 πλάτη
790 2989 900 3059 τῆς
926 2988 1120 3059 χώρας
1153 3008 1292 3046 σου.

519 3080 650 3154 ,Ὅτι
693 3081 843 3151 παρὰ
887 3098 950 3149 γε
992 3081 1052 3133 τὸ
1085 3082 1270 3146 εἰωθὸς
1314 3082 1638 3154 ἀνθρώποις,
1669 3084 1793 3154 ξένη
1822 3102 1883 3137 τε
1928 3084 2022 3136 καὶ

456 3169 781 3239 ἁξιάγαστος
819 3171 971 3223 ἔσται
1000 3172 1092 3224 τοῦ
1143 3174 1489 3245 Ἑμμανουὴλ
1522 3176 1899 3246 ήγέννησις,ή
1936 3174 2024 3227 διὰ

2199 3079 2567 3133 Emmanuelis
2592 3076 2955 3138 nativitatem,
2973 3079 3172 3144 praeter
3194 3082 3539 3126 communem
3559 3086 3691 3126 con-

2129 3169 2461 3226 suetudinem
2501 3180 2690 3221 novam
2724 3164 3032 3217 hominibus
3067 3160 3405 3229 peregrinam
3430 3168 3485 3212 et
3510 3160 3652 3212 admi

456 3264 555 3331 τῆς
591 3262 748 3329 ἁγίας
777 3262 1075 3332 Παρθένου,
1121 3265 1215 3317 καὶ
1257 3267 1336 3318 ὅτι
1378 3264 1640 3318 πλείστων
1673 3284 1732 3319 τε
1770 3268 1908 3320 ὅσων
1933 3266 2023 3320 καὶ

2133 3260 2375 3322 rabilem,
2417 3273 2482 3312 ex
2507 3266 2690 3312 sancta
2725 3253 2966 3323 Virgine,
3020 3252 3484 3323 pittrimorum'que
3507 3264 3571 3305 ac
3604 3251 3692 3305 in-

458 3354 934 3423 περιφανεστάτων
966 3353 1182 3425 ἀληθῶς
1221 3355 1555 3426 θεοσημειῶν
1596 3356 2023 3427 ἀποτελεσθήσε-

459 3444 583 3497 σθαι
631 3444 770 3497 κατὰ
796 3446 1019 3515 καιροὺς
1047 3444 1106 3499 εὖ
1140 3446 1282 3517 μάλα
1314 3447 1623 3519 διειρηκὼς,
1655 3448 2023 3502 ἀποκαλύπτει

459 3531 535 3601 τῷ
560 3535 810 3605 προφήτῃ
852 3532 1054 3597 λοιπὸν,
1114 3535 1205 3587 xa‘t
1246 3535 1344 3605 τὴν
1401 3536 1663 3605 ἐσομένην
1714 3538 1830 3590 κατ’
1858 3536 2020 3590 αὑτοῦ

456 3622 566 3676 τῶν
601 3624 868 3677 Ἰουδαίων
896 3626 1152 3679 ἀπόνοιαν
1175 3625 1314 3677 κατά
1341 3642 1404 3693 γε
1434 3627 1524 3679 τὸν
1553 3626 1652 3695 τῆς
1672 3627 2022 3698 ἐνανθρωπή-

461 3731 596 3778 σεως
632 3718 842 3786 καιρόν.
881 3718 1131 3786 Ἀφίκετο
1156 3719 1335 3788 γεμὴν
1372 3720 1451 3782 είς
1481 3720 1630 3771 τόνδε
1653 3719 1742 3772 τὸν
1772 3720 1974 3789 κόσμον
1997 3720 2026 3771 6

462 3808 751 3877 μονογενὴς
801 3807 896 3860 τοῦ
948 3806 1089 3860 Θεοῦ
1138 3809 1329 3877 Λόγος,
1378 3812 1434 3863 ἐν
1473 3809 1776 3879 ὁμοιώματι
1827 3811 2026 3881 σαρκὸς

456 3901 749 3970 ἁμαρτίας,
775 3902 874 3953 οὐκ
903 3901 1117 3971 ἐμφανῆ
1140 3916 1199 3953 τε
1224 3904 1317 3955 καὶ
1343 3902 1623 3973 ὁρωμένην
1654 3902 1751 3973 τὴν
1775 3902 1872 3972 τῆς
1905 3902 2023 3955 Oso-

460 3989 701 4059 πρεποῦς
750 3990 1022 4062 ὑπεροχῆς
1070 3991 1225 4058 δόξαν
1264 3991 1422 4061 ἔχων·
1475 3991 1597 4045 οὔτε
1656 3994 1763 4063 μὴν
1795 3992 1934 4046 κατὰ
1966 3990 2027 4046 τὸ

457 4079 645 4145 εἰωθὸς
685 4080 829 4152 αὐτῷ
882 4080 997 4151 φῶς
1034 4083 1197 4136 οίκῶν
1255 4085 1565 4154 ἀπρόσιτον’
1627 4083 1748 4136 οὐδὲ
1787 4087 1906 4148 ταῖς
1928 4085 2029 4153 ἀγ-

2125 3350 2555 3421 signissimorum
2577 3361 2702 3400 vere
2718 3346 3018 3400 divinorum
3038 3344 3316 3414 signorum
3332 3341 3687 3408 eliect‘ricem,

2126 3459 2224 3500 suo
2259 3455 2498 3512 tempore
2523 3441 2749 3510 pulchre
2778 3438 3068 3492 admodum
3108 3436 3400 3505 exposuit:
3432 3435 3691 3504 deinceps

2126 3534 2399 3605 propheta:
2426 3531 2620 3601 aperit,
2648 3530 2882 3584 futuram
2933 3536 3121 3582 contra
3174 3526 3323 3579 illum
3372 3526 3693 3580 inhumana-

2128 3627 2290 3680 tionis
2336 3635 2576 3693 tempore
2617 3621 2922 3677 Judaeorum
2954 3618 3242 3672 insaniam.
3272 3616 3426 3671 Venit
3460 3616 3512 3670 in
3536 3633 3690 3670 mun-

2128 3718 2253 3771 dum
2279 3716 2608 3785 unigenitum
2647 3713 2740 3767 Dei
2777 3712 3031 3778 Verbum,
3055 3712 3108 3765 ia
3134 3710 3484 3766 similitudine
3510 3711 3692 3763 carnis

2127 3808 2371 3879 peccati,
2419 3820 2525 3859 non
2556 3804 2815 3857 iliustrem
2850 3810 2906 3856 et
2928 3794 3275 3871 spectabilem
3305 3798 3500 3853 divinae
3552 3814 3691 3868 pra:-

2128 3902 2339 3957 stanliae
2366 3898 2593 3969 gloriam
2620 3896 2844 3961 habens,
2874 3909 2974 3951 nec
3000 3909 3151 3948 more
3185 3907 3285 3948 suo
3306 3892 3483 3954 solito,
3511 3891 3686 3946 lucens

2130 3993 2387 4049 habitans
2418 3992 2775 4053 inaccessam,
2795 4001 2969 4056 neque
2993 3984 3237 4054 angelico
3249 3983 3490 4038 exercitu
3504 3982 3691 4053 splen-

2128 4085 2252 4141 dide
2286 4085 2583 4153 stipatum;
2634 4081 2743 4135 imo
2772 4094 2876 4135 nec
2928 4079 2983 4133 in
3029 4077 3197 4149 gloria
3229 4076 3476 4130 mortalis
3520 4075 3685 4145 regis.

454 4170 699 4239 γελικαῖς
752 4173 1022 4244 ’δυνάμεσι
1079 4174 1540 4246 δορυφορούμενος
1594 4175 1858 4246 ἐναργῶςο
1913 4174 2023 4229 ἀλλ’

2128 4177 2222 4231 sed
2245 4177 2487 4229 modeste
2513 4172 2822 4235 admodum,
2873 4179 2930 4225 et
2979 4168 3267 4231 submisse,
3312 4174 3368 4221 et
3420 4167 3541 4220 sine
3586 4163 3696 4219 ullo

455 4263 561 4316 οὐδ’
586 4265 643 4317 ὲν
667 4264 791 4336 δόξῃ
844 4266 1003 4336 τυχὸν
1052 4267 1294 4335 ἐπιγείου
1354 4267 1646 4338 βασιλέωςο
1690 4268 1920 4338 μετρίως
1972 4268 2023 4323 δὲ

2130 4269 2384 4338 strepitu.
2440 4265 2612 4336 quue
2643 4267 2799 4320 nobis
2850 4264 2994 4319 Deus
3028 4270 3084 4317 et
3114 4260 3297 4325 Pater,
3357 4273 3490 4313 voce
3537 4271 3693 4312 sanc-

459 4356 662 4427 σφόδρα
684 4356 779 4409 καὶ
808 4357 1135 4428 ὑφειμένως,
1170 4360 1264 4413 καὶ
1307 4360 1442 4412 πολὺ
1468 4360 1587 4413 λίαν
1632 4360 1887 4432 ἀψοφητί.
1919 4362 2023 4415 Καὶ

2132 4371 2308 4417 torum
2371 4360 2620 4429 designat
2678 4358 2863 4413 dicens
2915 4371 2929 4409 :
2972 4368 2993 4407 tt
3035 4354 3174 4409 Ecce
3227 4352 3491 4422 intelliget
3520 4350 3690 4404 Filias

455 4445 614 4499 τοῦτο
653 4448 783 4518 ἡμῖν
823 4450 851 4501 6
899 4446 1033 4512 Θεὸς
1098 4449 1192 4503 καὶ
1244 4450 1432 4523 Πατὴρ
1488 4452 1575 4505 διὰ
1626 4453 1807 4525 φωνῆς
1859 4452 2023 4521 ἁγίων

2130 4466 2283 4508 meus
2316 4452 2562 4517 dilectus,
2596 4450 2649 4504 in
2670 4462 2777 4518 quo
2807 4446 3110 4516 conquievi,
3146 4444 3407 4510 judicium
3433 4442 3688 4512 gentibus

456 4540 882 4610 καταμεμήνυκε
930 4540 1124 4619 λέγων·
1196 4561 1214 4594 ι
1264 4541 1393 4595 Ἰδοὺ
1419 4544 1638 4614 συνήσει
1666 4546 1693 4597 ὁ
1738 4544 1875 4608 Παῖς
1926 4561 2023 4614 μου

2130 4545 2347 4609 inferet,
2370 4556 2478 4597 non
2498 4541 2816 4604 centendet,
2875 4548 3051 4608 neque
3104 4537 3379 4599 clamabit,
3434 4550 3536 4589 nec
3589 4549 3688 4587 au-

457 4628 767 4701 άγαπητὺς,
830 4633 888 4685 ὲν
936 4625 979 4702 ᾧ
1038 4634 1350 4704 ηὐδόκησαο
1424 4635 1603 4705 κρίσιν
1647 4636 1759 4700 τοῖς
1819 4633 2023 4689 ἔθνεσιν

2133 4637 2310 4692 dictur
2363 4636 2416 4689 in
2463 4634 2657 4702 plateis
2708 4644 2811 4687 vox
2863 4630 3012 4699 ejus,
3081 4631 3345 4684 calamum
3404 4626 3693 4681 contritum

454 4722 670 4789 ἐξοίσειο
700 4724 800 4776 οὐκ
820 4724 1017 4795 ἐρίσει,
1045 4725 1165 4778 οὐδὲ
1195 4726 1514 4797 κραυγάσει,
1543 4725 1663 4778 οὐδὲ
1694 4725 2027 4797 ἀκουσθήσε-

454 4830 541 4866 ται
568 4816 625 4867 εν
662 4816 784 4877 ταῖς
810 4816 1087 4879 πλατείαις
1117 4817 1150 4887 ή
1192 4816 1341 4887 φωνὴ
1391 4816 1575 4871 αὑτοῦ.
1614 4816 1873 4888 Κάλαμον
1900 4834 2023 4873 συν-

454 4908 814 4979 τετριμμένον
851 4910 913 4962 ού
963 4908 1253 4975 κατεάξει,
1299 4907 1395 4963 καὶ
1442 4908 1585 4963 λίνον
1620 4910 1921 4980 τυφόμενον
1963 4910 2025 4963 ού

457 5001 692 5055 σὸέσει.»
728 5001 843 5056 Καὶ
876 5002 1075 5072 τρόπος
1115 5001 1216 5072 μὲν
1268 5002 1450 5055 οὑτοσὶ
1486 5001 1585 5072 τῆς
1628 5000 1767 5072 μετὰ
1824 5001 2025 5072 σαρκὸς

454 5092 765 5163 οἰκονομίας
799 5091 889 5146 τοῦ
937 5091 1294 5161 Μονογενοῢς.
1339 5090 1575 5147 Ἰουδαῖοι
1608 5096 1784 5163 γεμὴν
1824 5093 1874 5145 οἱ
1926 5092 2021 5146 τάο

453 5180 612 5243 λανες
647 5181 706 5235 τὸ
734 5184 822 5235 ἐπ’
863 5182 1011 5253 αὐτῷ
1062 5182 1450 5254 μυστήριον,ἢ
1485 5180 1546 5236 οὐ
1600 5182 1848 5246 συνέντες
1888 5182 2023 5246 ὅλως

455 5272 623 5342 ἤγουν
662 5272 900 5335 avecta);
934 5273 1310 5346 διωθούμενοι,
1366 5271 1767 5341 κατεπεφύσντο
1802 5273 2021 5339 δεινῶς,

456 5363 554 5415 καὶ
581 5363 806 5435 ἒζήτουν
841 5364 1002 5418 αὐτὸν
1038 5366 1355 5420 ἀποκτεῖναι
1392 5364 1657 5434 λέγοντες·
1708 5382 1728 5418 s
1751 5363 1888 5435 Περὶ
1925 5381 2023 5417 κα·-

455 5455 549 5509 λσῦ
574 5457 740 5527 ἔργου
765 5458 825 5511 ού
856 5455 1143 5530 λιθάζομέν
1185 5472 1265 5525 σε,
1312 5456 1449 5517 ἀλλὰ
1478 5459 1605 5531 περὶ
1657 5457 2018 5529 βλασφημίας,

463 5550 541 5603 ὅτι
580 5550 643 5602 σὺ
666 5549 951 5620 ’ἄνθρωπος
981 5549 1077 5616 ὢν,
1103 5555 1277 5617 ποιεῖς
1313 5552 1535 5607 σεαυτὸν
1579 5551 1731 5605 Θεόν.
1770 5568 1790 5603 ι
1838 5553 2026 5603 Διατε-

467 5638 713 5693 τελέκασι
741 5640 798 5693 δὲ
821 5643 916 5696 καὶ
964 5643 1123 5715 μέχρι
1173 5644 1374 5709 παντὸς
1416 5644 1642 5716 σκληροὶ
1673 5644 1767 5697 καὶ
1801 5642 2021 5714 ὲξήνιοι,

536 5818 584 5850 ⁵⁸
605 5817 703 5876 lea.
730 5838 842 5891 ut,
870 5824 917 5878 -l.
1031 5828 1071 5858 "
1097 5824 1239 5882 Psal.
1266 5841 1431 5891 ιιιίι,
1460 5826 1543 5881 l9.

1651 5827 1695 5859 "
1716 5825 1869 5885 Joan.
1899 5824 2085 5896 stt,52.

2132 4742 2236 4781 non
2279 4725 2613 4794 confringet,
2666 4735 2727 4779 et
2782 4724 2947 4777 linum
2996 4721 3272 4775 incensum
3336 4732 3438 4771 non
3495 4718 3696 4771 restin-

2130 4829 2257 4889 guet
2287 4818 2353 4869 ⁸³.
2414 4836 2433 4868 ι
2482 4815 2548 4869 Ει
2593 4816 2679 4869 hic
2725 4813 2941 4883 quidem
2994 4812 3183 4865 modus
3249 4808 3347 4861 l‘ui't
3411 4806 3693 4873 dispensa-

2132 4912 2296 4967 tionis
2325 4907 2598 4977 Unigeniti
2639 4908 2691 4960 in
2721 4921 2904 4960 carne.
2932 4902 3103 4958 Judmi
3134 4913 3313 4955 autem
3343 4899 3551 4964 miseri,
3584 4898 3693 4952 hoc

2131 5005 2198 5060 de
2236 5004 2327 5059 illo
2370 5002 2682 5075 mysterium
2728 5016 2835 5055 non
2886 4998 3253 5067 intelligentes
3306 4994 3565 5054 omnino,
3603 5000 3697 5044 aut

2130 5105 2274 5152 certe
2301 5097 2464 5165 impie
2501 5094 2896 5164 opprimentes,
2932 5093 3173 5163 graviter
3210 5097 3399 5143 contra
3424 5087 3693 5142 exstimu-

2130 5188 2380 5243 labantur
2412 5226 2427 5251 ,
2484 5186 2643 5252 eique
2676 5193 2908 5238 mortem
2968 5182 3353 5243 moliebantur,
3413 5179 3691 5234 dicentes:

2135 5279 2291 5351 137
2330 5296 2351 5331 ι
2389 5279 2472 5334 0b
2499 5278 2696 5332 bonum
2729 5290 2863 5343 opus
2888 5288 2992 5328 non
3026 5271 3405 5339 lapidamus‘te
3426 5308 3442 5335 ,
3491 5267 3584 5323 sed
3623 5268 3692 5321 ob

2127 5371 2542 5441 blasphemiam,
2575 5368 2719 5438 quod
2745 5377 2800 5421 tu
2826 5367 2988 5421 homo
3013 5378 3136 5420 cum
3162 5363 3256 5431 sis,
3290 5362 3425 5417 iacis
3459 5359 3690 5430 teipsum

2132 5459 2300 5514 Deum
2340 5459 2408 5512 “.
2449 5477 2470 5512 s
2512 5457 2936 5513 Perseverarunt
2981 5455 3146 5510 etiam
3187 5467 3285 5523 per
3333 5452 3511 5509 omnia
3552 5463 3692 5522 pra-

2130 5547 2287 5603 fracti
2319 5558 2374 5603 et
2404 5548 2655 5610 eﬂ‘renes,
2709 5557 2766 5602 et
2803 5547 2907 5603 hoc
2953 5555 3213 5617 praeterea
3252 5542 3319 5599 ad
3358 5542 3691 5616 impietatem

2132 5640 2361 5696 accedit.
2395 5639 2748 5693 Adduxerunt
2778 5637 2923 5692 enim
2942 5636 3133 5703 Pilato,
3158 5636 3397 5690 dicentes
3423 5650 3438 5688 :
3468 5651 3487 5685 ι
3519 5628 3689 5695 Tolle,

2218 5824 2264 5857 ⁵³
2288 5825 2385 5881 lsa.
2410 5842 2539 5895 xui,
2567 5826 2677 5880 ινδ.
2789 5825 2832 5855 ⁵³
2854 5821 3005 5879 Joan.
3032 5837 3085 5890 ι,
3110 5818 3199 5872 35.
