  <div class='ocr_page' id='page_1' title='image "/cluster/home/n/w/nwhite01/storage/ocr_20150623/70/nnc1.0046980253/131.png"; bbox 0 0 4152 6366; ppageno 0'>
   <div class='ocr_carea' id='block_1_1' title="bbox 426 5422 439 5467">
    <p class='ocr_par' dir='ltr' id='par_1_1' title="bbox 426 5422 439 5467">
     <span class='ocr_line' id='line_1_1' title="bbox 426 5422 439 5467; baseline 0 0"><span class='ocrx_word' id='word_1_1' title='bbox 426 5422 439 5467; x_wconf 73' lang='grc' dir='ltr'><strong>ι</strong></span> 
     </span>
    </p>
   </div>
   <div class='ocr_carea' id='block_1_2' title="bbox 477 310 586 365">
    <p class='ocr_par' dir='ltr' id='par_1_2' title="bbox 477 310 586 365">
     <span class='ocr_line' id='line_1_2' title="bbox 477 310 586 365; baseline 0 0"><span class='ocrx_word' id='word_1_2' title='bbox 477 310 586 365; x_wconf 71' lang='lat'><strong>227</strong></span> 
     </span>
    </p>
   </div>
   <div class='ocr_carea' id='block_1_3' title="bbox 1464 304 2692 365">
    <p class='ocr_par' dir='ltr' id='par_1_3' title="bbox 1464 304 2692 365">
     <span class='ocr_line' id='line_1_3' title="bbox 1464 304 2692 365; baseline -0.001 -3"><span class='ocrx_word' id='word_1_3' title='bbox 1464 308 1520 362; x_wconf 94' lang='lat' dir='ltr'><strong>S.</strong></span> <span class='ocrx_word' id='word_1_4' title='bbox 1564 306 1835 362; x_wconf 72' lang='lat' dir='ltr'><strong>(ZYlllLLl</strong></span> <span class='ocrx_word' id='word_1_5' title='bbox 1872 304 2338 365; x_wconf 71' lang='lat' dir='ltr'><strong>ALEXANDRINI</strong></span> <span class='ocrx_word' id='word_1_6' title='bbox 2378 305 2692 361; x_wconf 81' lang='lat' dir='ltr'><strong>ARCIllEP.</strong></span> 
     </span>
    </p>
   </div>
   <div class='ocr_carea' id='block_1_4' title="bbox 3606 306 3711 363">
    <p class='ocr_par' dir='ltr' id='par_1_4' title="bbox 3606 306 3711 363">
     <span class='ocr_line' id='line_1_4' title="bbox 3606 306 3711 363; baseline 0.029 -3"><span class='ocrx_word' id='word_1_7' title='bbox 3606 306 3711 363; x_wconf 66' lang='grc' dir='ltr'><strong>εὶΞὸ</strong></span> 
     </span>
    </p>
   </div>
   <div class='ocr_carea' id='block_1_5' title="bbox 485 424 2035 497">
    <p class='ocr_par' dir='ltr' id='par_1_5' title="bbox 485 426 2035 497">
     <span class='ocr_line' id='line_1_5' title="bbox 485 426 2035 497; baseline -0.001 -15"><span class='ocrx_word' id='word_1_8' title='bbox 485 428 633 491; x_wconf 89' lang='lat' dir='ltr'><strong>tolle,</strong></span> <span class='ocrx_word' id='word_1_9' title='bbox 663 426 917 497; x_wconf 83' lang='lat' dir='ltr'><strong>cruciﬂge</strong></span> <span class='ocrx_word' id='word_1_10' title='bbox 944 441 1089 481; x_wconf 87' lang='lat' dir='ltr'><strong>eum.</strong></span> <span class='ocrx_word' id='word_1_11' title='bbox 1125 446 1143 479; x_wconf 76' lang='grc' dir='ltr'><strong>ι</strong></span> <span class='ocrx_word' id='word_1_12' title='bbox 1174 426 1263 481; x_wconf 86' lang='lat' dir='ltr'>Ille</span> <span class='ocrx_word' id='word_1_13' title='bbox 1292 435 1468 480; x_wconf 91' lang='lat' dir='ltr'><strong>autem</strong></span> <span class='ocrx_word' id='word_1_14' title='bbox 1499 442 1621 481; x_wconf 92' lang='lat' dir='ltr'><strong>cum</strong></span> <span class='ocrx_word' id='word_1_15' title='bbox 1655 428 1721 481; x_wconf 89' lang='lat' dir='ltr'><strong>ad</strong></span> <span class='ocrx_word' id='word_1_16' title='bbox 1747 428 1861 483; x_wconf 62' lang='lat' dir='ltr'><strong>hac</strong></span> <span class='ocrx_word' id='word_1_17' title='bbox 1877 441 2035 496; x_wconf 80' lang='lat' dir='ltr'><strong>prope</strong></span> 
     </span>
    </p>
   </div>
   <div class='ocr_carea' id='block_1_6' title="bbox 2137 424 3711 497">
    <p class='ocr_par' dir='ltr' id='par_1_6' title="bbox 2146 424 3711 497">
     <span class='ocr_line' id='line_1_6' title="bbox 2146 424 3711 497; baseline 0.002 -18"><span class='ocrx_word' id='word_1_18' title='bbox 2146 427 2239 479; x_wconf 77' lang='grc' dir='ltr'><strong>καὶ</strong></span> <span class='ocrx_word' id='word_1_19' title='bbox 2266 426 2326 479; x_wconf 82' lang='grc' dir='ltr'><strong>τὸ</strong></span> <span class='ocrx_word' id='word_1_20' title='bbox 2348 426 2429 479; x_wconf 75' lang='grc' dir='ltr'>ἔτι</span> <span class='ocrx_word' id='word_1_21' title='bbox 2454 424 2656 480; x_wconf 87' lang='grc' dir='ltr'>τούτων</span> <span class='ocrx_word' id='word_1_22' title='bbox 2690 425 2944 480; x_wconf 76' lang='grc' dir='ltr'><strong>ἐπέκεινα</strong></span> <span class='ocrx_word' id='word_1_23' title='bbox 2968 425 3103 496; x_wconf 79' lang='grc' dir='ltr'>πρὸς</span> <span class='ocrx_word' id='word_1_24' title='bbox 3125 425 3186 480; x_wconf 82' lang='grc' dir='ltr'>τὸ</span> <span class='ocrx_word' id='word_1_25' title='bbox 3217 424 3493 488; x_wconf 86' lang='grc' dir='ltr'>δυσσεϐές.</span> <span class='ocrx_word' id='word_1_26' title='bbox 3534 428 3711 497; x_wconf 76' lang='grc' dir='ltr'>Προσ-</span> 
     </span>
    </p>
   </div>
   <div class='ocr_carea' id='block_1_7' title="bbox 484 517 2042 588">
    <p class='ocr_par' dir='ltr' id='par_1_7' title="bbox 484 517 2042 588">
     <span class='ocr_line' id='line_1_7' title="bbox 484 517 2042 588; baseline 0 -17"><span class='ocrx_word' id='word_1_27' title='bbox 484 518 667 573; x_wconf 87' lang='lat' dir='ltr'><strong>ridens</strong></span> <span class='ocrx_word' id='word_1_28' title='bbox 697 520 904 572; x_wconf 87' lang='lat' dir='ltr'><strong>diceret</strong></span> <span class='ocrx_word' id='word_1_29' title='bbox 939 533 954 570; x_wconf 87' lang='lat'><strong>:</strong></span> <span class='ocrx_word' id='word_1_30' title='bbox 989 519 1187 588; x_wconf 84' lang='lat' dir='ltr'><strong>Regem</strong></span> <span class='ocrx_word' id='word_1_31' title='bbox 1240 527 1476 571; x_wconf 88' lang='lat' dir='ltr'><strong>vestrum</strong></span> <span class='ocrx_word' id='word_1_32' title='bbox 1515 517 1824 585; x_wconf 80' lang='lat' dir='ltr'><strong>cruciﬁgam</strong></span> <span class='ocrx_word' id='word_1_33' title='bbox 1855 518 1879 571; x_wconf 89' lang='lat'><strong>?</strong></span> <span class='ocrx_word' id='word_1_34' title='bbox 1938 517 2042 572; x_wconf 81' lang='lat' dir='ltr'><strong>Ex-</strong></span> 
     </span>
    </p>
   </div>
   <div class='ocr_carea' id='block_1_8' title="bbox 481 609 2043 679">
    <p class='ocr_par' dir='ltr' id='par_1_8' title="bbox 481 609 2043 679">
     <span class='ocr_line' id='line_1_8' title="bbox 481 609 2043 679; baseline 0.002 -18"><span class='ocrx_word' id='word_1_35' title='bbox 481 611 789 665; x_wconf 90' lang='lat' dir='ltr'><strong>clamarunt</strong></span> <span class='ocrx_word' id='word_1_36' title='bbox 832 609 1120 665; x_wconf 79' lang='lat' dir='ltr'><strong>dicentes:</strong></span> <span class='ocrx_word' id='word_1_37' title='bbox 1161 629 1177 661; x_wconf 82' lang='grc' dir='ltr'><strong>ι</strong></span> <span class='ocrx_word' id='word_1_38' title='bbox 1228 609 1343 665; x_wconf 85' lang='grc' dir='ltr'>Νοιι</span> <span class='ocrx_word' id='word_1_39' title='bbox 1410 612 1673 664; x_wconf 83' lang='lat' dir='ltr'><strong>habemus</strong></span> <span class='ocrx_word' id='word_1_40' title='bbox 1719 624 1899 679; x_wconf 80' lang='lat' dir='ltr'><strong>regem</strong></span> <span class='ocrx_word' id='word_1_41' title='bbox 1940 611 2043 664; x_wconf 88' lang='lat' dir='ltr'><strong>nisi</strong></span> 
     </span>
    </p>
   </div>
   <div class='ocr_carea' id='block_1_9' title="bbox 482 700 2044 777">
    <p class='ocr_par' dir='ltr' id='par_1_9' title="bbox 482 700 2044 777">
     <span class='ocr_line' id='line_1_9' title="bbox 482 700 2044 777; baseline 0.004 -22"><span class='ocrx_word' id='word_1_42' title='bbox 482 700 750 755; x_wconf 61' lang='lat' dir='ltr'><strong>Caesarem</strong></span> <span class='ocrx_word' id='word_1_43' title='bbox 814 702 881 756; x_wconf 82' lang='grc'>⁸⁵.</span> <span class='ocrx_word' id='word_1_44' title='bbox 926 721 944 753; x_wconf 77' lang='grc' dir='ltr'><strong>ι</strong></span> <span class='ocrx_word' id='word_1_45' title='bbox 973 700 1106 758; x_wconf 74' lang='lat' dir='ltr'><strong>Vide</strong></span> <span class='ocrx_word' id='word_1_46' title='bbox 1132 705 1315 772; x_wconf 89' lang='lat' dir='ltr'><strong>itaque</strong></span> <span class='ocrx_word' id='word_1_47' title='bbox 1361 721 1470 776; x_wconf 94' lang='lat' dir='ltr'><strong>quo</strong></span> <span class='ocrx_word' id='word_1_48' title='bbox 1524 714 1685 775; x_wconf 89' lang='lat' dir='ltr'><strong>pacto</strong></span> <span class='ocrx_word' id='word_1_49' title='bbox 1721 706 1838 777; x_wconf 86' lang='lat' dir='ltr'><strong>ejus</strong></span> <span class='ocrx_word' id='word_1_50' title='bbox 1878 719 2044 773; x_wconf 83' lang='lat' dir='ltr'><strong>regno</strong></span> 
     </span>
    </p>
   </div>
   <div class='ocr_carea' id='block_1_10' title="bbox 481 794 2045 867">
    <p class='ocr_par' dir='ltr' id='par_1_10' title="bbox 481 794 2045 867">
     <span class='ocr_line' id='line_1_10' title="bbox 481 794 2045 867; baseline 0.006 -24"><span class='ocrx_word' id='word_1_51' title='bbox 481 808 676 861; x_wconf 80' lang='lat' dir='ltr'><strong>parere</strong></span> <span class='ocrx_word' id='word_1_52' title='bbox 712 794 1037 858; x_wconf 87' lang='lat' dir='ltr'><strong>recusarint,</strong></span> <span class='ocrx_word' id='word_1_53' title='bbox 1076 804 1132 850; x_wconf 89' lang='lat' dir='ltr'><strong>et</strong></span> <span class='ocrx_word' id='word_1_54' title='bbox 1177 794 1448 851; x_wconf 65' lang='lat' dir='ltr'><strong>Caesarem</strong></span> <span class='ocrx_word' id='word_1_55' title='bbox 1491 813 1556 852; x_wconf 87' lang='lat' dir='ltr'><strong>ac</strong></span> <span class='ocrx_word' id='word_1_56' title='bbox 1596 798 1843 853; x_wconf 85' lang='lat' dir='ltr'><strong>homines</strong></span> <span class='ocrx_word' id='word_1_57' title='bbox 1892 813 2045 867; x_wconf 86' lang='lat' dir='ltr'><strong>reges</strong></span> 
     </span>
    </p>
   </div>
   <div class='ocr_carea' id='block_1_11' title="bbox 478 886 2041 960">
    <p class='ocr_par' dir='ltr' id='par_1_11' title="bbox 478 886 2041 960">
     <span class='ocr_line' id='line_1_11' title="bbox 478 886 2041 960; baseline 0.004 -23"><span class='ocrx_word' id='word_1_58' title='bbox 478 886 739 939; x_wconf 88' lang='lat' dir='ltr'><strong>crearint.</strong></span> <span class='ocrx_word' id='word_1_59' title='bbox 770 886 955 955; x_wconf 92' lang='lat' dir='ltr'><strong>Itaque</strong></span> <span class='ocrx_word' id='word_1_60' title='bbox 991 887 1093 941; x_wconf 93' lang='lat' dir='ltr'><strong>hoc</strong></span> <span class='ocrx_word' id='word_1_61' title='bbox 1125 888 1462 955; x_wconf 80' lang='lat' dir='ltr'><strong>:nnigmalice</strong></span> <span class='ocrx_word' id='word_1_62' title='bbox 1510 888 1649 944; x_wconf 86' lang='lat' dir='ltr'><strong>Deus</strong></span> <span class='ocrx_word' id='word_1_63' title='bbox 1696 891 2041 960; x_wconf 90' lang='lat' dir='ltr'><strong>perspicuum</strong></span> 
     </span>
    </p>
   </div>
   <div class='ocr_carea' id='block_1_12' title="bbox 481 978 2040 1049">
    <p class='ocr_par' dir='ltr' id='par_1_12' title="bbox 481 978 2040 1049">
     <span class='ocr_line' id='line_1_12' title="bbox 481 978 2040 1049; baseline 0.004 -22"><span class='ocrx_word' id='word_1_64' title='bbox 481 991 545 1029; x_wconf 86' lang='lat' dir='ltr'><strong>ac</strong></span> <span class='ocrx_word' id='word_1_65' title='bbox 582 984 839 1031; x_wconf 77' lang='lat' dir='ltr'><strong>testatum</strong></span> <span class='ocrx_word' id='word_1_66' title='bbox 865 978 1140 1047; x_wconf 77' lang='lat' dir='ltr'><strong>propheta:</strong></span> <span class='ocrx_word' id='word_1_67' title='bbox 1166 978 1314 1033; x_wconf 80' lang='lat' dir='ltr'><strong>facit.</strong></span> <span class='ocrx_word' id='word_1_68' title='bbox 1343 978 1476 1033; x_wconf 85' lang='lat' dir='ltr'><strong>Cum</strong></span> <span class='ocrx_word' id='word_1_69' title='bbox 1508 995 1658 1045; x_wconf 79' lang='lat' dir='ltr'><strong>vero,</strong></span> <span class='ocrx_word' id='word_1_70' title='bbox 1702 992 1759 1033; x_wconf 93' lang='lat' dir='ltr'><strong>ut</strong></span> <span class='ocrx_word' id='word_1_71' title='bbox 1786 982 2040 1049; x_wconf 89' lang='lat' dir='ltr'><strong>arbitror,</strong></span> 
     </span>
    </p>
   </div>
   <div class='ocr_carea' id='block_1_13' title="bbox 480 1067 2043 1141">
    <p class='ocr_par' dir='ltr' id='par_1_13' title="bbox 480 1067 2043 1141">
     <span class='ocr_line' id='line_1_13' title="bbox 480 1067 2043 1141; baseline 0.005 -22"><span class='ocrx_word' id='word_1_72' title='bbox 480 1067 893 1135; x_wconf 80' lang='lat' dir='ltr'><strong>explicationem</strong></span> <span class='ocrx_word' id='word_1_73' title='bbox 942 1069 1207 1123; x_wconf 85' lang='lat' dir='ltr'><strong>sermonis</strong></span> <span class='ocrx_word' id='word_1_74' title='bbox 1272 1070 1430 1137; x_wconf 85' lang='lat' dir='ltr'><strong>hujus</strong></span> <span class='ocrx_word' id='word_1_75' title='bbox 1483 1072 1641 1125; x_wconf 86' lang='lat' dir='ltr'><strong>rebus</strong></span> <span class='ocrx_word' id='word_1_76' title='bbox 1702 1081 1812 1126; x_wconf 94' lang='lat' dir='ltr'><strong>tum</strong></span> <span class='ocrx_word' id='word_1_77' title='bbox 1875 1073 2043 1141; x_wconf 78' lang='lat' dir='ltr'><strong>gestis</strong></span> 
     </span>
    </p>
   </div>
   <div class='ocr_carea' id='block_1_14' title="bbox 478 1161 2043 1222">
    <p class='ocr_par' dir='ltr' id='par_1_14' title="bbox 478 1161 2043 1222">
     <span class='ocr_line' id='line_1_14' title="bbox 478 1161 2043 1222; baseline 0.007 -11"><span class='ocrx_word' id='word_1_78' title='bbox 478 1161 942 1215; x_wconf 82' lang='lat' dir='ltr'><strong>accommodatam</strong></span> <span class='ocrx_word' id='word_1_79' title='bbox 976 1161 1169 1217; x_wconf 86' lang='lat' dir='ltr'><strong>aﬂ‘erre</strong></span> <span class='ocrx_word' id='word_1_80' title='bbox 1203 1174 1628 1219; x_wconf 85' lang='lat' dir='ltr'><strong>consentaneum</strong></span> <span class='ocrx_word' id='word_1_81' title='bbox 1660 1165 1729 1219; x_wconf 91' lang='lat' dir='ltr'><strong>sit</strong></span> <span class='ocrx_word' id='word_1_82' title='bbox 1761 1184 1776 1219; x_wconf 86' lang='lat'><strong>:</strong></span> <span class='ocrx_word' id='word_1_83' title='bbox 1816 1167 2043 1222; x_wconf 90' lang='lat' dir='ltr'><strong>dicimus</strong></span> 
     </span>
    </p>
   </div>
   <div class='ocr_carea' id='block_1_15' title="bbox 476 1252 2041 1327">
    <p class='ocr_par' dir='ltr' id='par_1_15' title="bbox 476 1252 2041 1327">
     <span class='ocr_line' id='line_1_15' title="bbox 476 1252 2041 1327; baseline 0.006 -24"><span class='ocrx_word' id='word_1_84' title='bbox 476 1266 629 1319; x_wconf 72' lang='lat' dir='ltr'><strong>aqua:</strong></span> <span class='ocrx_word' id='word_1_85' title='bbox 661 1252 863 1306; x_wconf 87' lang='lat' dir='ltr'><strong>Siloam</strong></span> <span class='ocrx_word' id='word_1_86' title='bbox 900 1268 1020 1307; x_wconf 89' lang='lat' dir='ltr'><strong>eum</strong></span> <span class='ocrx_word' id='word_1_87' title='bbox 1050 1271 1273 1324; x_wconf 86' lang='lat' dir='ltr'><strong>regnum</strong></span> <span class='ocrx_word' id='word_1_88' title='bbox 1303 1256 1540 1310; x_wconf 89' lang='lat' dir='ltr'><strong>divinum</strong></span> <span class='ocrx_word' id='word_1_89' title='bbox 1573 1257 1858 1325; x_wconf 88' lang='lat' dir='ltr'><strong>conferre,</strong></span> <span class='ocrx_word' id='word_1_90' title='bbox 1896 1261 2041 1327; x_wconf 91' lang='lat' dir='ltr'><strong>quod</strong></span> 
     </span>
    </p>
   </div>
   <div class='ocr_carea' id='block_1_16' title="bbox 476 1344 2041 1415">
    <p class='ocr_par' dir='ltr' id='par_1_16' title="bbox 476 1344 2041 1415">
     <span class='ocr_line' id='line_1_16' title="bbox 476 1344 2041 1415; baseline 0.005 -18"><span class='ocrx_word' id='word_1_91' title='bbox 476 1344 567 1398; x_wconf 88' lang='lat' dir='ltr'><strong>ubi</strong></span> <span class='ocrx_word' id='word_1_92' title='bbox 608 1346 1283 1415; x_wconf 73' lang='lat' dir='ltr'><strong>contempsissentJndari,</strong></span> <span class='ocrx_word' id='word_1_93' title='bbox 1312 1348 1465 1402; x_wconf 87' lang='lat' dir='ltr'><strong>alteri</strong></span> <span class='ocrx_word' id='word_1_94' title='bbox 1526 1350 1936 1415; x_wconf 85' lang='lat' dir='ltr'><strong>subdebantur,</strong></span> <span class='ocrx_word' id='word_1_95' title='bbox 1988 1360 2041 1405; x_wconf 92' lang='lat' dir='ltr'><strong>et</strong></span> 
     </span>
    </p>
   </div>
   <div class='ocr_carea' id='block_1_17' title="bbox 481 1434 2042 1504">
    <p class='ocr_par' dir='ltr' id='par_1_17' title="bbox 481 1434 2042 1504">
     <span class='ocr_line' id='line_1_17' title="bbox 481 1434 2042 1504; baseline 0.006 -17"><span class='ocrx_word' id='word_1_96' title='bbox 481 1434 832 1489; x_wconf 86' lang='lat' dir='ltr'><strong>tradebantur</strong></span> <span class='ocrx_word' id='word_1_97' title='bbox 852 1436 1120 1491; x_wconf 87' lang='lat' dir='ltr'><strong>hostibus.</strong></span> <span class='ocrx_word' id='word_1_98' title='bbox 1154 1437 1288 1493; x_wconf 88' lang='lat' dir='ltr'><strong>Hinc</strong></span> <span class='ocrx_word' id='word_1_99' title='bbox 1310 1441 1421 1492; x_wconf 87' lang='lat' dir='ltr'><strong>ait:</strong></span> <span class='ocrx_word' id='word_1_100' title='bbox 1457 1458 1476 1489; x_wconf 75' lang='grc' dir='ltr'><strong>ι</strong></span> <span class='ocrx_word' id='word_1_101' title='bbox 1508 1438 1768 1504; x_wconf 87' lang='lat' dir='ltr'><strong>Quoniam</strong></span> <span class='ocrx_word' id='word_1_102' title='bbox 1794 1457 1897 1495; x_wconf 93' lang='lat' dir='ltr'><strong>non</strong></span> <span class='ocrx_word' id='word_1_103' title='bbox 1930 1442 2042 1496; x_wconf 88' lang='lat' dir='ltr'><strong>vult</strong></span> 
     </span>
    </p>
   </div>
   <div class='ocr_carea' id='block_1_18' title="bbox 476 1528 2039 1601">
    <p class='ocr_par' dir='ltr' id='par_1_18' title="bbox 476 1528 2039 1601">
     <span class='ocr_line' id='line_1_18' title="bbox 476 1528 2039 1601; baseline 0.006 -22"><span class='ocrx_word' id='word_1_104' title='bbox 476 1528 707 1595; x_wconf 90' lang='lat' dir='ltr'><strong>populus</strong></span> <span class='ocrx_word' id='word_1_105' title='bbox 743 1528 843 1581; x_wconf 91' lang='lat' dir='ltr'><strong>iste</strong></span> <span class='ocrx_word' id='word_1_106' title='bbox 879 1544 1071 1597; x_wconf 86' lang='lat' dir='ltr'><strong>aquam</strong></span> <span class='ocrx_word' id='word_1_107' title='bbox 1110 1529 1311 1584; x_wconf 89' lang='lat' dir='ltr'><strong>Siloam</strong></span> <span class='ocrx_word' id='word_1_108' title='bbox 1355 1530 1606 1586; x_wconf 88' lang='lat' dir='ltr'><strong>ﬂuentem</strong></span> <span class='ocrx_word' id='word_1_109' title='bbox 1666 1532 1892 1601; x_wconf 86' lang='lat' dir='ltr'><strong>placide,</strong></span> <span class='ocrx_word' id='word_1_110' title='bbox 1944 1536 2039 1588; x_wconf 88' lang='lat' dir='ltr'><strong>scd</strong></span> 
     </span>
    </p>
   </div>
   <div class='ocr_carea' id='block_1_19' title="bbox 474 1620 2037 1696">
    <p class='ocr_par' dir='ltr' id='par_1_19' title="bbox 474 1620 2037 1696">
     <span class='ocr_line' id='line_1_19' title="bbox 474 1620 2037 1696; baseline 0.006 -26"><span class='ocrx_word' id='word_1_111' title='bbox 474 1620 677 1675; x_wconf 85' lang='lat' dir='ltr'><strong>habere</strong></span> <span class='ocrx_word' id='word_1_112' title='bbox 709 1621 913 1675; x_wconf 81' lang='lat' dir='ltr'><strong>mavult</strong></span> <span class='ocrx_word' id='word_1_113' title='bbox 961 1621 1225 1689; x_wconf 81' lang='lat' dir='ltr'><strong>Raasson,</strong></span> <span class='ocrx_word' id='word_1_114' title='bbox 1259 1632 1316 1678; x_wconf 91' lang='lat' dir='ltr'><strong>et</strong></span> <span class='ocrx_word' id='word_1_115' title='bbox 1346 1624 1512 1678; x_wconf 81' lang='lat' dir='ltr'><strong>filium</strong></span> <span class='ocrx_word' id='word_1_116' title='bbox 1555 1625 1809 1680; x_wconf 66' lang='lat' dir='ltr'><strong>Romelia:</strong></span> <span class='ocrx_word' id='word_1_117' title='bbox 1860 1642 2037 1696; x_wconf 86' lang='lat' dir='ltr'><strong>regem</strong></span> 
     </span>
    </p>
   </div>
   <div class='ocr_carea' id='block_1_20' title="bbox 476 1710 2039 1782">
    <p class='ocr_par' dir='ltr' id='par_1_20' title="bbox 476 1710 2039 1782">
     <span class='ocr_line' id='line_1_20' title="bbox 476 1710 2039 1782; baseline 0.004 -18"><span class='ocrx_word' id='word_1_118' title='bbox 476 1710 619 1765; x_wconf 88' lang='lat' dir='ltr'><strong>inter</strong></span> <span class='ocrx_word' id='word_1_119' title='bbox 650 1727 761 1775; x_wconf 87' lang='lat' dir='ltr'><strong>vos,</strong></span> <span class='ocrx_word' id='word_1_120' title='bbox 789 1722 1072 1782; x_wconf 84' lang='lat' dir='ltr'><strong>propterea</strong></span> <span class='ocrx_word' id='word_1_121' title='bbox 1124 1728 1252 1767; x_wconf 88' lang='lat' dir='ltr'><strong>ecce</strong></span> <span class='ocrx_word' id='word_1_122' title='bbox 1300 1714 1510 1768; x_wconf 88' lang='lat' dir='ltr'><strong>reducit</strong></span> <span class='ocrx_word' id='word_1_123' title='bbox 1554 1714 1811 1770; x_wconf 89' lang='lat' dir='ltr'><strong>Dominus</strong></span> <span class='ocrx_word' id='word_1_124' title='bbox 1850 1716 1903 1770; x_wconf 89' lang='lat' dir='ltr'><strong>in</strong></span> <span class='ocrx_word' id='word_1_125' title='bbox 1941 1731 2039 1770; x_wconf 87' lang='lat' dir='ltr'><strong>vos</strong></span> 
     </span>
    </p>
   </div>
   <div class='ocr_carea' id='block_1_21' title="bbox 474 1802 2035 1877">
    <p class='ocr_par' dir='ltr' id='par_1_21' title="bbox 474 1802 2035 1877">
     <span class='ocr_line' id='line_1_21' title="bbox 474 1802 2035 1877; baseline 0.004 -23"><span class='ocrx_word' id='word_1_126' title='bbox 474 1818 665 1871; x_wconf 88' lang='lat' dir='ltr'><strong>aquam</strong></span> <span class='ocrx_word' id='word_1_127' title='bbox 710 1802 856 1858; x_wconf 85' lang='lat' dir='ltr'><strong>ﬂuvii</strong></span> <span class='ocrx_word' id='word_1_128' title='bbox 887 1804 1260 1859; x_wconf 83' lang='lat' dir='ltr'><strong>vehementem</strong></span> <span class='ocrx_word' id='word_1_129' title='bbox 1310 1815 1366 1860; x_wconf 90' lang='lat' dir='ltr'><strong>et</strong></span> <span class='ocrx_word' id='word_1_130' title='bbox 1420 1806 1809 1870; x_wconf 89' lang='lat' dir='ltr'><strong>abundantem,</strong></span> <span class='ocrx_word' id='word_1_131' title='bbox 1856 1822 2035 1877; x_wconf 82' lang='lat' dir='ltr'><strong>regem</strong></span> 
     </span>
    </p>
   </div>
   <div class='ocr_carea' id='block_1_22' title="bbox 472 1896 2040 1968">
    <p class='ocr_par' dir='ltr' id='par_1_22' title="bbox 472 1896 2040 1968">
     <span class='ocr_line' id='line_1_22' title="bbox 472 1896 2040 1968; baseline 0.004 -21"><span class='ocrx_word' id='word_1_132' title='bbox 472 1896 844 1964; x_wconf 78' lang='lat' dir='ltr'><strong>Assyriorum.</strong></span> <span class='ocrx_word' id='word_1_133' title='bbox 880 1914 903 1948; x_wconf 72' lang='grc' dir='ltr'><strong>ι</strong></span> <span class='ocrx_word' id='word_1_134' title='bbox 946 1897 1153 1965; x_wconf 81' lang='lat' dir='ltr'><strong>Aquam</strong></span> <span class='ocrx_word' id='word_1_135' title='bbox 1185 1897 1386 1951; x_wconf 91' lang='lat' dir='ltr'><strong>Siloam</strong></span> <span class='ocrx_word' id='word_1_136' title='bbox 1436 1898 1571 1952; x_wconf 89' lang='lat' dir='ltr'><strong>adeo</strong></span> <span class='ocrx_word' id='word_1_137' title='bbox 1614 1898 1825 1968; x_wconf 91' lang='lat' dir='ltr'><strong>placide</strong></span> <span class='ocrx_word' id='word_1_138' title='bbox 1872 1897 2040 1954; x_wconf 87' lang='lat' dir='ltr'><strong>ﬂuere</strong></span> 
     </span>
    </p>
   </div>
   <div class='ocr_carea' id='block_1_23' title="bbox 475 1987 2035 2059">
    <p class='ocr_par' dir='ltr' id='par_1_23' title="bbox 475 1987 2035 2059">
     <span class='ocr_line' id='line_1_23' title="bbox 475 1987 2035 2059; baseline 0.005 -22"><span class='ocrx_word' id='word_1_139' title='bbox 475 1987 688 2051; x_wconf 84' lang='lat' dir='ltr'><strong>dicunt,</strong></span> <span class='ocrx_word' id='word_1_140' title='bbox 726 1995 784 2041; x_wconf 93' lang='lat' dir='ltr'><strong>ut</strong></span> <span class='ocrx_word' id='word_1_141' title='bbox 808 1987 993 2055; x_wconf 89' lang='lat' dir='ltr'><strong>quiete</strong></span> <span class='ocrx_word' id='word_1_142' title='bbox 1019 1988 1135 2042; x_wconf 86' lang='lat' dir='ltr'><strong>sine</strong></span> <span class='ocrx_word' id='word_1_143' title='bbox 1184 1989 1333 2043; x_wconf 89' lang='lat' dir='ltr'><strong>omni</strong></span> <span class='ocrx_word' id='word_1_144' title='bbox 1379 1990 1557 2044; x_wconf 87' lang='lat' dir='ltr'><strong>sonitu</strong></span> <span class='ocrx_word' id='word_1_145' title='bbox 1600 1990 2035 2059; x_wconf 66' lang='lat' dir='ltr'><strong>praeterlabatur.</strong></span> 
     </span>
    </p>
   </div>
   <div class='ocr_carea' id='block_1_24' title="bbox 472 2074 2036 2149">
    <p class='ocr_par' dir='ltr' id='par_1_24' title="bbox 472 2074 2036 2149">
     <span class='ocr_line' id='line_1_24' title="bbox 472 2074 2036 2149; baseline 0.004 -20"><span class='ocrx_word' id='word_1_146' title='bbox 472 2074 717 2130; x_wconf 80' lang='lat' dir='ltr'><strong>Vertitur</strong></span> <span class='ocrx_word' id='word_1_147' title='bbox 753 2087 930 2131; x_wconf 90' lang='lat' dir='ltr'><strong>autem</strong></span> <span class='ocrx_word' id='word_1_148' title='bbox 961 2077 1163 2132; x_wconf 87' lang='lat' dir='ltr'><strong>Siloam</strong></span> <span class='ocrx_word' id='word_1_149' title='bbox 1190 2078 1403 2132; x_wconf 82' lang='lat' dir='ltr'><strong>missus.</strong></span> <span class='ocrx_word' id='word_1_150' title='bbox 1439 2078 1620 2147; x_wconf 87' lang='lat' dir='ltr'><strong>Itaque</strong></span> <span class='ocrx_word' id='word_1_151' title='bbox 1643 2118 1659 2145; x_wconf 91' lang='lat'><strong>,</strong></span> <span class='ocrx_word' id='word_1_152' title='bbox 1688 2086 1747 2134; x_wconf 91' lang='lat' dir='ltr'><strong>ut</strong></span> <span class='ocrx_word' id='word_1_153' title='bbox 1766 2081 1877 2149; x_wconf 89' lang='lat' dir='ltr'><strong>jam</strong></span> <span class='ocrx_word' id='word_1_154' title='bbox 1904 2081 2036 2149; x_wconf 83' lang='lat' dir='ltr'><strong>dixi,</strong></span> 
     </span>
    </p>
   </div>
   <div class='ocr_carea' id='block_1_25' title="bbox 471 2166 2040 2238">
    <p class='ocr_par' dir='ltr' id='par_1_25' title="bbox 471 2166 2040 2238">
     <span class='ocr_line' id='line_1_25' title="bbox 471 2166 2040 2238; baseline 0.003 -16"><span class='ocrx_word' id='word_1_155' title='bbox 471 2166 707 2222; x_wconf 88' lang='lat' dir='ltr'><strong>sumitur</strong></span> <span class='ocrx_word' id='word_1_156' title='bbox 730 2176 788 2221; x_wconf 93' lang='lat' dir='ltr'><strong>ut</strong></span> <span class='ocrx_word' id='word_1_157' title='bbox 819 2168 892 2223; x_wconf 88' lang='lat' dir='ltr'><strong>sit</strong></span> <span class='ocrx_word' id='word_1_158' title='bbox 918 2167 1094 2238; x_wconf 87' lang='lat' dir='ltr'><strong>imago</strong></span> <span class='ocrx_word' id='word_1_159' title='bbox 1148 2178 1204 2222; x_wconf 92' lang='lat' dir='ltr'><strong>et</strong></span> <span class='ocrx_word' id='word_1_160' title='bbox 1249 2171 1653 2238; x_wconf 67' lang='lat' dir='ltr'><strong>repraesentatio</strong></span> <span class='ocrx_word' id='word_1_161' title='bbox 1705 2175 1873 2227; x_wconf 92' lang='lat' dir='ltr'><strong>nostri</strong></span> <span class='ocrx_word' id='word_1_162' title='bbox 1913 2170 2040 2226; x_wconf 87' lang='lat' dir='ltr'><strong>Ser-</strong></span> 
     </span>
    </p>
   </div>
   <div class='ocr_carea' id='block_1_26' title="bbox 471 2260 2039 2330">
    <p class='ocr_par' dir='ltr' id='par_1_26' title="bbox 471 2260 2039 2330">
     <span class='ocr_line' id='line_1_26' title="bbox 471 2260 2039 2330; baseline 0.004 -19"><span class='ocrx_word' id='word_1_163' title='bbox 471 2260 675 2313; x_wconf 86' lang='lat' dir='ltr'><strong>vatoris</strong></span> <span class='ocrx_word' id='word_1_164' title='bbox 708 2260 995 2324; x_wconf 80' lang='lat' dir='ltr'><strong>adventus,</strong></span> <span class='ocrx_word' id='word_1_165' title='bbox 1021 2260 1113 2330; x_wconf 89' lang='lat' dir='ltr'><strong>qui</strong></span> <span class='ocrx_word' id='word_1_166' title='bbox 1148 2260 1354 2329; x_wconf 87' lang='lat' dir='ltr'><strong>absque</strong></span> <span class='ocrx_word' id='word_1_167' title='bbox 1378 2262 1525 2316; x_wconf 93' lang='lat' dir='ltr'><strong>omni</strong></span> <span class='ocrx_word' id='word_1_168' title='bbox 1561 2279 1836 2319; x_wconf 90' lang='lat' dir='ltr'><strong>murmure</strong></span> <span class='ocrx_word' id='word_1_169' title='bbox 1870 2264 2039 2319; x_wconf 83' lang='lat' dir='ltr'><strong>exsti-</strong></span> 
     </span>
    </p>
   </div>
   <div class='ocr_carea' id='block_1_27' title="bbox 475 2348 2034 2418">
    <p class='ocr_par' dir='ltr' id='par_1_27' title="bbox 475 2348 2034 2418">
     <span class='ocr_line' id='line_1_27' title="bbox 475 2348 2034 2418; baseline 0.004 -16"><span class='ocrx_word' id='word_1_170' title='bbox 475 2351 563 2411; x_wconf 88' lang='lat' dir='ltr'><strong>tit,</strong></span> <span class='ocrx_word' id='word_1_171' title='bbox 598 2363 657 2402; x_wconf 90' lang='lat' dir='ltr'><strong>ut</strong></span> <span class='ocrx_word' id='word_1_172' title='bbox 710 2350 869 2404; x_wconf 91' lang='lat' dir='ltr'><strong>modo</strong></span> <span class='ocrx_word' id='word_1_173' title='bbox 907 2348 1043 2403; x_wconf 77' lang='lat' dir='ltr'><strong>dixi.</strong></span> <span class='ocrx_word' id='word_1_174' title='bbox 1100 2348 1297 2405; x_wconf 79' lang='lat' dir='ltr'><strong>Missus</strong></span> <span class='ocrx_word' id='word_1_175' title='bbox 1354 2361 1534 2406; x_wconf 86' lang='lat' dir='ltr'><strong>autem</strong></span> <span class='ocrx_word' id='word_1_176' title='bbox 1574 2366 1701 2407; x_wconf 87' lang='lat' dir='ltr'><strong>vere</strong></span> <span class='ocrx_word' id='word_1_177' title='bbox 1745 2351 2034 2418; x_wconf 83' lang='lat' dir='ltr'><strong>Chrisms;</strong></span> 
     </span>
    </p>
   </div>
   <div class='ocr_carea' id='block_1_28' title="bbox 472 2437 2038 2509">
    <p class='ocr_par' dir='ltr' id='par_1_28' title="bbox 472 2437 2038 2509">
     <span class='ocr_line' id='line_1_28' title="bbox 472 2437 2038 2509; baseline 0.007 -19"><span class='ocrx_word' id='word_1_178' title='bbox 472 2439 830 2507; x_wconf 88' lang='lat' dir='ltr'><strong>quamobrem</strong></span> <span class='ocrx_word' id='word_1_179' title='bbox 860 2437 1177 2509; x_wconf 84' lang='lat' dir='ltr'><strong>Apostolum</strong></span> <span class='ocrx_word' id='word_1_180' title='bbox 1230 2452 1285 2495; x_wconf 90' lang='lat' dir='ltr'><strong>et</strong></span> <span class='ocrx_word' id='word_1_181' title='bbox 1315 2440 1630 2497; x_wconf 83' lang='lat' dir='ltr'><strong>Pontificem</strong></span> <span class='ocrx_word' id='word_1_182' title='bbox 1674 2443 2038 2501; x_wconf 80' lang='lat' dir='ltr'><strong>confessionis</strong></span> 
     </span>
    </p>
   </div>
   <div class='ocr_carea' id='block_1_29' title="bbox 467 2531 2033 2607">
    <p class='ocr_par' dir='ltr' id='par_1_29' title="bbox 467 2531 2033 2607">
     <span class='ocr_line' id='line_1_29' title="bbox 467 2531 2033 2607; baseline 0.004 -22"><span class='ocrx_word' id='word_1_183' title='bbox 467 2540 668 2585; x_wconf 65' lang='lat' dir='ltr'><strong>nostra:</strong></span> <span class='ocrx_word' id='word_1_184' title='bbox 714 2531 930 2601; x_wconf 81' lang='lat' dir='ltr'><strong>sapiens</strong></span> <span class='ocrx_word' id='word_1_185' title='bbox 971 2531 1168 2587; x_wconf 89' lang='lat' dir='ltr'><strong>Paulus</strong></span> <span class='ocrx_word' id='word_1_186' title='bbox 1209 2535 1450 2588; x_wconf 89' lang='lat' dir='ltr'><strong>nominat</strong></span> <span class='ocrx_word' id='word_1_187' title='bbox 1477 2538 1563 2601; x_wconf 79' lang='lat'><strong>&quot;;</strong></span> <span class='ocrx_word' id='word_1_188' title='bbox 1603 2555 1622 2587; x_wconf 75' lang='grc' dir='ltr'><strong>ι</strong></span> <span class='ocrx_word' id='word_1_189' title='bbox 1670 2539 1867 2607; x_wconf 89' lang='lat' dir='ltr'><strong>accipit</strong></span> <span class='ocrx_word' id='word_1_190' title='bbox 1908 2539 2033 2594; x_wconf 89' lang='lat' dir='ltr'><strong>item</strong></span> 
     </span>
    </p>
   </div>
   <div class='ocr_carea' id='block_1_30' title="bbox 466 2622 2039 2695">
    <p class='ocr_par' dir='ltr' id='par_1_30' title="bbox 466 2622 2039 2695">
     <span class='ocr_line' id='line_1_30' title="bbox 466 2622 2039 2695; baseline 0.006 -19"><span class='ocrx_word' id='word_1_191' title='bbox 466 2636 567 2691; x_wconf 88' lang='lat' dir='ltr'><strong>pro</strong></span> <span class='ocrx_word' id='word_1_192' title='bbox 622 2622 860 2692; x_wconf 78' lang='lat' dir='ltr'><strong>imagine</strong></span> <span class='ocrx_word' id='word_1_193' title='bbox 914 2633 971 2677; x_wconf 91' lang='lat' dir='ltr'><strong>et</strong></span> <span class='ocrx_word' id='word_1_194' title='bbox 1023 2635 1149 2695; x_wconf 88' lang='lat' dir='ltr'><strong>typo</strong></span> <span class='ocrx_word' id='word_1_195' title='bbox 1185 2626 1336 2693; x_wconf 89' lang='lat' dir='ltr'><strong>regni</strong></span> <span class='ocrx_word' id='word_1_196' title='bbox 1383 2626 1474 2680; x_wconf 90' lang='lat' dir='ltr'><strong>Dei</strong></span> <span class='ocrx_word' id='word_1_197' title='bbox 1524 2627 1748 2684; x_wconf 87' lang='lat' dir='ltr'><strong>Siloam.</strong></span> <span class='ocrx_word' id='word_1_198' title='bbox 1803 2629 2039 2685; x_wconf 82' lang='lat' dir='ltr'><strong>Proinde</strong></span> 
     </span>
    </p>
   </div>
   <div class='ocr_carea' id='block_1_31' title="bbox 476 2711 2032 2782">
    <p class='ocr_par' dir='ltr' id='par_1_31' title="bbox 476 2711 2032 2782">
     <span class='ocr_line' id='line_1_31' title="bbox 476 2711 2032 2782; baseline 0.005 -19"><span class='ocrx_word' id='word_1_199' title='bbox 476 2711 911 2780; x_wconf 88' lang='lat' dir='ltr'><strong>quandoquidem</strong></span> <span class='ocrx_word' id='word_1_200' title='bbox 932 2713 1159 2781; x_wconf 88' lang='lat' dir='ltr'><strong>p0pulus</strong></span> <span class='ocrx_word' id='word_1_201' title='bbox 1185 2713 1286 2767; x_wconf 88' lang='lat' dir='ltr'><strong>iste</strong></span> <span class='ocrx_word' id='word_1_202' title='bbox 1303 2714 1597 2769; x_wconf 86' lang='lat' dir='ltr'><strong>obduratus</strong></span> <span class='ocrx_word' id='word_1_203' title='bbox 1626 2724 1679 2769; x_wconf 91' lang='lat' dir='ltr'><strong>et</strong></span> <span class='ocrx_word' id='word_1_204' title='bbox 1713 2715 2032 2782; x_wconf 80' lang='lat' dir='ltr'><strong>eﬂ‘rcnatus,</strong></span> 
     </span>
    </p>
   </div>
   <div class='ocr_carea' id='block_1_32' title="bbox 465 2803 2040 2875">
    <p class='ocr_par' dir='ltr' id='par_1_32' title="bbox 465 2803 2040 2875">
     <span class='ocr_line' id='line_1_32' title="bbox 465 2803 2040 2875; baseline 0.004 -20"><span class='ocrx_word' id='word_1_205' title='bbox 465 2818 667 2873; x_wconf 88' lang='lat' dir='ltr'><strong>aquam</strong></span> <span class='ocrx_word' id='word_1_206' title='bbox 722 2804 925 2858; x_wconf 87' lang='lat' dir='ltr'><strong>Siloam</strong></span> <span class='ocrx_word' id='word_1_207' title='bbox 977 2804 1169 2857; x_wconf 82' lang='lat' dir='ltr'><strong>lciiiter</strong></span> <span class='ocrx_word' id='word_1_208' title='bbox 1218 2803 1471 2859; x_wconf 89' lang='lat' dir='ltr'><strong>ﬂuentem</strong></span> <span class='ocrx_word' id='word_1_209' title='bbox 1501 2807 1728 2875; x_wconf 81' lang='lat' dir='ltr'><strong>_respnit</strong></span> <span class='ocrx_word' id='word_1_210' title='bbox 1758 2847 1773 2872; x_wconf 92' lang='lat'><strong>,</strong></span> <span class='ocrx_word' id='word_1_211' title='bbox 1833 2808 2040 2861; x_wconf 86' lang='lat' dir='ltr'><strong>excutit</strong></span> 
     </span>
    </p>
   </div>
   <div class='ocr_carea' id='block_1_33' title="bbox 467 2894 2040 2967">
    <p class='ocr_par' dir='ltr' id='par_1_33' title="bbox 467 2894 2040 2967">
     <span class='ocr_line' id='line_1_33' title="bbox 467 2894 2040 2967; baseline 0.003 -20"><span class='ocrx_word' id='word_1_212' title='bbox 467 2896 612 2949; x_wconf 87' lang='lat' dir='ltr'><strong>enim</strong></span> <span class='ocrx_word' id='word_1_213' title='bbox 641 2895 734 2950; x_wconf 88' lang='lat' dir='ltr'><strong>Dei</strong></span> <span class='ocrx_word' id='word_1_214' title='bbox 754 2894 962 2964; x_wconf 84' lang='lat' dir='ltr'><strong>jugum,</strong></span> <span class='ocrx_word' id='word_1_215' title='bbox 995 2896 1272 2964; x_wconf 82' lang='lat' dir='ltr'><strong>magisque</strong></span> <span class='ocrx_word' id='word_1_216' title='bbox 1298 2897 1443 2965; x_wconf 88' lang='lat' dir='ltr'><strong>cupit</strong></span> <span class='ocrx_word' id='word_1_217' title='bbox 1466 2897 1745 2951; x_wconf 88' lang='lat' dir='ltr'><strong>hominum</strong></span> <span class='ocrx_word' id='word_1_218' title='bbox 1764 2913 1930 2967; x_wconf 90' lang='lat' dir='ltr'><strong>regno</strong></span> <span class='ocrx_word' id='word_1_219' title='bbox 1948 2914 2040 2952; x_wconf 90' lang='lat' dir='ltr'><strong>su-</strong></span> 
     </span>
    </p>
   </div>
   <div class='ocr_carea' id='block_1_34' title="bbox 476 2987 2033 3057">
    <p class='ocr_par' dir='ltr' id='par_1_34' title="bbox 476 2987 2033 3057">
     <span class='ocr_line' id='line_1_34' title="bbox 476 2987 2033 3057; baseline 0.002 -16"><span class='ocrx_word' id='word_1_220' title='bbox 476 2988 653 3050; x_wconf 86' lang='lat' dir='ltr'><strong>besse,</strong></span> <span class='ocrx_word' id='word_1_221' title='bbox 684 2996 811 3041; x_wconf 91' lang='lat' dir='ltr'><strong>etut</strong></span> <span class='ocrx_word' id='word_1_222' title='bbox 836 2988 1081 3041; x_wconf 90' lang='lat' dir='ltr'><strong>homines</strong></span> <span class='ocrx_word' id='word_1_223' title='bbox 1104 2987 1335 3042; x_wconf 86' lang='lat' dir='ltr'><strong>habendi</strong></span> <span class='ocrx_word' id='word_1_224' title='bbox 1356 2988 1650 3057; x_wconf 85' lang='lat' dir='ltr'><strong>cupiditate</strong></span> <span class='ocrx_word' id='word_1_225' title='bbox 1676 2989 1990 3042; x_wconf 87' lang='lat' dir='ltr'><strong>inﬂammati</strong></span> <span class='ocrx_word' id='word_1_226' title='bbox 2018 3008 2033 3044; x_wconf 87' lang='lat'><strong>:</strong></span> 
     </span>
    </p>
   </div>
   <div class='ocr_carea' id='block_1_35' title="bbox 471 3076 2034 3149">
    <p class='ocr_par' dir='ltr' id='par_1_35' title="bbox 471 3076 2034 3149">
     <span class='ocr_line' id='line_1_35' title="bbox 471 3076 2034 3149; baseline 0.001 -16"><span class='ocrx_word' id='word_1_227' title='bbox 471 3076 740 3145; x_wconf 71' lang='lat' dir='ltr'><strong>Raasson,</strong></span> <span class='ocrx_word' id='word_1_228' title='bbox 774 3081 985 3149; x_wconf 90' lang='lat' dir='ltr'><strong>inquit,</strong></span> <span class='ocrx_word' id='word_1_229' title='bbox 1013 3088 1070 3134; x_wconf 91' lang='lat' dir='ltr'><strong>et</strong></span> <span class='ocrx_word' id='word_1_230' title='bbox 1101 3079 1308 3134; x_wconf 87' lang='lat' dir='ltr'><strong>Phasee</strong></span> <span class='ocrx_word' id='word_1_231' title='bbox 1337 3081 1439 3135; x_wconf 87' lang='lat' dir='ltr'><strong>sibi</strong></span> <span class='ocrx_word' id='word_1_232' title='bbox 1472 3082 1815 3137; x_wconf 85' lang='lat' dir='ltr'><strong>dominentur</strong></span> <span class='ocrx_word' id='word_1_233' title='bbox 1845 3101 1858 3135; x_wconf 93' lang='lat'><strong>:</strong></span> <span class='ocrx_word' id='word_1_234' title='bbox 1894 3083 2034 3136; x_wconf 89' lang='lat' dir='ltr'><strong>hanc</strong></span> 
     </span>
    </p>
   </div>
   <div class='ocr_carea' id='block_1_36' title="bbox 464 3172 2035 3245">
    <p class='ocr_par' dir='ltr' id='par_1_36' title="bbox 464 3172 2035 3245">
     <span class='ocr_line' id='line_1_36' title="bbox 464 3172 2035 3245; baseline 0.005 -21"><span class='ocrx_word' id='word_1_235' title='bbox 464 3172 537 3225; x_wconf 91' lang='lat' dir='ltr'><strong>ob</strong></span> <span class='ocrx_word' id='word_1_236' title='bbox 559 3187 777 3227; x_wconf 87' lang='lat' dir='ltr'><strong>causam</strong></span> <span class='ocrx_word' id='word_1_237' title='bbox 809 3213 827 3241; x_wconf 93' lang='lat'><strong>,</strong></span> <span class='ocrx_word' id='word_1_238' title='bbox 860 3174 912 3227; x_wconf 91' lang='lat' dir='ltr'><strong>in</strong></span> <span class='ocrx_word' id='word_1_239' title='bbox 936 3187 1030 3227; x_wconf 88' lang='lat' dir='ltr'><strong>eos</strong></span> <span class='ocrx_word' id='word_1_240' title='bbox 1062 3188 1260 3242; x_wconf 91' lang='lat' dir='ltr'><strong>aquam</strong></span> <span class='ocrx_word' id='word_1_241' title='bbox 1300 3172 1467 3240; x_wconf 87' lang='lat' dir='ltr'><strong>ﬂuvii,</strong></span> <span class='ocrx_word' id='word_1_242' title='bbox 1503 3176 1553 3229; x_wconf 89' lang='lat' dir='ltr'><strong>id</strong></span> <span class='ocrx_word' id='word_1_243' title='bbox 1588 3186 1692 3245; x_wconf 87' lang='lat' dir='ltr'><strong>est,</strong></span> <span class='ocrx_word' id='word_1_244' title='bbox 1745 3178 2035 3245; x_wconf 89' lang='lat' dir='ltr'><strong>Euphratis</strong></span> 
     </span>
    </p>
   </div>
   <div class='ocr_carea' id='block_1_37' title="bbox 468 3265 2035 3338">
    <p class='ocr_par' dir='ltr' id='par_1_37' title="bbox 468 3265 2035 3338">
     <span class='ocr_line' id='line_1_37' title="bbox 468 3265 2035 3338; baseline 0.004 -20"><span class='ocrx_word' id='word_1_245' title='bbox 468 3265 780 3319; x_wconf 86' lang='lat' dir='ltr'><strong>immittam.</strong></span> <span class='ocrx_word' id='word_1_246' title='bbox 833 3266 1047 3321; x_wconf 81' lang='lat' dir='ltr'><strong>Atcum</strong></span> <span class='ocrx_word' id='word_1_247' title='bbox 1090 3268 1266 3322; x_wconf 88' lang='lat' dir='ltr'><strong>oratio</strong></span> <span class='ocrx_word' id='word_1_248' title='bbox 1295 3269 1587 3324; x_wconf 90' lang='lat' dir='ltr'><strong>involutior</strong></span> <span class='ocrx_word' id='word_1_249' title='bbox 1620 3271 1729 3335; x_wconf 89' lang='lat' dir='ltr'><strong>sit,</strong></span> <span class='ocrx_word' id='word_1_250' title='bbox 1783 3269 2035 3338; x_wconf 80' lang='lat' dir='ltr'><strong>adjunxit</strong></span> 
     </span>
    </p>
   </div>
   <div class='ocr_carea' id='block_1_38' title="bbox 468 3356 2036 3431">
    <p class='ocr_par' dir='ltr' id='par_1_38' title="bbox 468 3356 2036 3431">
     <span class='ocr_line' id='line_1_38' title="bbox 468 3356 2036 3431; baseline 0.002 -19"><span class='ocrx_word' id='word_1_251' title='bbox 468 3373 632 3426; x_wconf 80' lang='lat' dir='ltr'><strong>porro</strong></span> <span class='ocrx_word' id='word_1_252' title='bbox 670 3356 877 3421; x_wconf 86' lang='lat' dir='ltr'><strong>statim,</strong></span> <span class='ocrx_word' id='word_1_253' title='bbox 927 3366 982 3411; x_wconf 93' lang='lat' dir='ltr'><strong>et</strong></span> <span class='ocrx_word' id='word_1_254' title='bbox 1007 3359 1179 3427; x_wconf 89' lang='lat' dir='ltr'><strong>inquit</strong></span> <span class='ocrx_word' id='word_1_255' title='bbox 1209 3375 1223 3411; x_wconf 89' lang='lat'><strong>:</strong></span> <span class='ocrx_word' id='word_1_256' title='bbox 1258 3374 1440 3428; x_wconf 89' lang='lat' dir='ltr'><strong>regem</strong></span> <span class='ocrx_word' id='word_1_257' title='bbox 1501 3360 1780 3430; x_wconf 83' lang='lat' dir='ltr'><strong>Assyrium</strong></span> <span class='ocrx_word' id='word_1_258' title='bbox 1820 3370 1875 3414; x_wconf 91' lang='lat' dir='ltr'><strong>et</strong></span> <span class='ocrx_word' id='word_1_259' title='bbox 1918 3360 2036 3431; x_wconf 82' lang='lat' dir='ltr'><strong>glo-</strong></span> 
     </span>
    </p>
   </div>
   <div class='ocr_carea' id='block_1_39' title="bbox 468 3447 2036 3523">
    <p class='ocr_par' dir='ltr' id='par_1_39' title="bbox 468 3447 2036 3523">
     <span class='ocr_line' id='line_1_39' title="bbox 468 3447 2036 3523; baseline 0.003 -22"><span class='ocrx_word' id='word_1_260' title='bbox 468 3451 606 3503; x_wconf 82' lang='lat' dir='ltr'><strong>riam</strong></span> <span class='ocrx_word' id='word_1_261' title='bbox 629 3448 764 3515; x_wconf 85' lang='lat' dir='ltr'><strong>ejus,</strong></span> <span class='ocrx_word' id='word_1_262' title='bbox 786 3447 837 3500; x_wconf 90' lang='lat' dir='ltr'><strong>id</strong></span> <span class='ocrx_word' id='word_1_263' title='bbox 855 3459 959 3515; x_wconf 92' lang='lat' dir='ltr'><strong>est,</strong></span> <span class='ocrx_word' id='word_1_264' title='bbox 983 3465 1170 3505; x_wconf 87' lang='lat' dir='ltr'><strong>omnes</strong></span> <span class='ocrx_word' id='word_1_265' title='bbox 1191 3452 1432 3506; x_wconf 84' lang='lat' dir='ltr'><strong>subditos</strong></span> <span class='ocrx_word' id='word_1_266' title='bbox 1453 3450 1589 3520; x_wconf 90' lang='lat' dir='ltr'><strong>ejus,</strong></span> <span class='ocrx_word' id='word_1_267' title='bbox 1607 3462 1659 3504; x_wconf 91' lang='lat' dir='ltr'><strong>et</strong></span> <span class='ocrx_word' id='word_1_268' title='bbox 1674 3468 1889 3506; x_wconf 89' lang='lat' dir='ltr'><strong>omnem</strong></span> <span class='ocrx_word' id='word_1_269' title='bbox 1908 3466 2036 3523; x_wconf 89' lang='lat' dir='ltr'><strong>gen-</strong></span> 
     </span>
    </p>
   </div>
   <div class='ocr_carea' id='block_1_40' title="bbox 472 3539 2036 3613">
    <p class='ocr_par' dir='ltr' id='par_1_40' title="bbox 472 3539 2036 3613">
     <span class='ocr_line' id='line_1_40' title="bbox 472 3539 2036 3613; baseline 0.001 -18"><span class='ocrx_word' id='word_1_270' title='bbox 472 3556 580 3595; x_wconf 82' lang='lat' dir='ltr'><strong>tem</strong></span> <span class='ocrx_word' id='word_1_271' title='bbox 614 3539 882 3595; x_wconf 88' lang='lat' dir='ltr'><strong>cervicem</strong></span> <span class='ocrx_word' id='word_1_272' title='bbox 901 3542 980 3597; x_wconf 88' lang='lat' dir='ltr'><strong>eis</strong></span> <span class='ocrx_word' id='word_1_273' title='bbox 994 3543 1440 3597; x_wconf 88' lang='lat' dir='ltr'><strong>substerneutem.</strong></span> <span class='ocrx_word' id='word_1_274' title='bbox 1472 3544 1640 3611; x_wconf 73' lang='lat' dir='ltr'><strong>Aquae</strong></span> <span class='ocrx_word' id='word_1_275' title='bbox 1663 3558 1791 3598; x_wconf 88' lang='lat' dir='ltr'><strong>vero</strong></span> <span class='ocrx_word' id='word_1_276' title='bbox 1822 3558 2036 3613; x_wconf 89' lang='lat' dir='ltr'><strong>compa-</strong></span> 
     </span>
    </p>
   </div>
   <div class='ocr_carea' id='block_1_41' title="bbox 470 3635 2037 3705">
    <p class='ocr_par' dir='ltr' id='par_1_41' title="bbox 470 3635 2037 3705">
     <span class='ocr_line' id='line_1_41' title="bbox 470 3635 2037 3705; baseline 0.002 -18"><span class='ocrx_word' id='word_1_277' title='bbox 470 3643 559 3687; x_wconf 80' lang='lat' dir='ltr'><strong>rat</strong></span> <span class='ocrx_word' id='word_1_278' title='bbox 580 3635 972 3689; x_wconf 77' lang='lat' dir='ltr'><strong>multitudinem</strong></span> <span class='ocrx_word' id='word_1_279' title='bbox 1004 3673 1019 3698; x_wconf 89' lang='lat'><strong>,</strong></span> <span class='ocrx_word' id='word_1_280' title='bbox 1050 3635 1207 3705; x_wconf 86' lang='lat' dir='ltr'><strong>idque</strong></span> <span class='ocrx_word' id='word_1_281' title='bbox 1234 3652 1299 3691; x_wconf 76' lang='lat' dir='ltr'><strong>ex</strong></span> <span class='ocrx_word' id='word_1_282' title='bbox 1331 3651 1477 3690; x_wconf 90' lang='lat' dir='ltr'><strong>more</strong></span> <span class='ocrx_word' id='word_1_283' title='bbox 1510 3637 1764 3690; x_wconf 81' lang='lat' dir='ltr'><strong>divinitus</strong></span> <span class='ocrx_word' id='word_1_284' title='bbox 1783 3638 2037 3704; x_wconf 68' lang='lat' dir='ltr'><strong>aspiratae</strong></span> 
     </span>
    </p>
   </div>
   <div class='ocr_carea' id='block_1_42' title="bbox 468 3724 2035 3798">
    <p class='ocr_par' dir='ltr' id='par_1_42' title="bbox 468 3724 2035 3798">
     <span class='ocr_line' id='line_1_42' title="bbox 468 3724 2035 3798; baseline 0.001 -18"><span class='ocrx_word' id='word_1_285' title='bbox 468 3725 779 3793; x_wconf 71' lang='lat' dir='ltr'><strong>Scriptum.</strong></span> <span class='ocrx_word' id='word_1_286' title='bbox 807 3724 968 3798; x_wconf 61' lang='lat'><strong>138</strong></span> <span class='ocrx_word' id='word_1_287' title='bbox 997 3724 1271 3795; x_wconf 85' lang='lat' dir='ltr'><strong>Siquidem</strong></span> <span class='ocrx_word' id='word_1_288' title='bbox 1300 3727 1363 3781; x_wconf 89' lang='lat' dir='ltr'><strong>de</strong></span> <span class='ocrx_word' id='word_1_289' title='bbox 1396 3725 1584 3781; x_wconf 79' lang='lat' dir='ltr'><strong>Ninive</strong></span> <span class='ocrx_word' id='word_1_290' title='bbox 1611 3735 1665 3780; x_wconf 92' lang='lat' dir='ltr'><strong>et</strong></span> <span class='ocrx_word' id='word_1_291' title='bbox 1695 3726 2035 3781; x_wconf 89' lang='lat' dir='ltr'><strong>multitudine</strong></span> 
     </span>
    </p>
   </div>
   <div class='ocr_carea' id='block_1_43' title="bbox 465 3817 2034 3885">
    <p class='ocr_par' dir='ltr' id='par_1_43' title="bbox 465 3817 2034 3885">
     <span class='ocr_line' id='line_1_43' title="bbox 465 3817 2034 3885; baseline 0.001 -15"><span class='ocrx_word' id='word_1_292' title='bbox 465 3831 585 3885; x_wconf 79' lang='lat' dir='ltr'><strong>ejus</strong></span> <span class='ocrx_word' id='word_1_293' title='bbox 604 3818 1006 3880; x_wconf 87' lang='lat' dir='ltr'><strong>innumerabili,</strong></span> <span class='ocrx_word' id='word_1_294' title='bbox 1033 3817 1162 3870; x_wconf 91' lang='lat' dir='ltr'><strong>dicit</strong></span> <span class='ocrx_word' id='word_1_295' title='bbox 1183 3831 1312 3870; x_wconf 84' lang='lat' dir='ltr'><strong>voce</strong></span> <span class='ocrx_word' id='word_1_296' title='bbox 1338 3817 1717 3885; x_wconf 90' lang='lat' dir='ltr'><strong>prophetarum</strong></span> <span class='ocrx_word' id='word_1_297' title='bbox 1746 3831 1761 3871; x_wconf 88' lang='lat'><strong>:</strong></span> <span class='ocrx_word' id='word_1_298' title='bbox 1793 3836 1812 3869; x_wconf 81' lang='grc' dir='ltr'><strong>ι</strong></span> <span class='ocrx_word' id='word_1_299' title='bbox 1848 3818 1912 3871; x_wconf 86' lang='grc' dir='ltr'>Ει</span> <span class='ocrx_word' id='word_1_300' title='bbox 1940 3817 2034 3871; x_wconf 85' lang='lat' dir='ltr'><strong>Ni-</strong></span> 
     </span>
    </p>
   </div>
   <div class='ocr_carea' id='block_1_44' title="bbox 464 3908 2035 3978">
    <p class='ocr_par' dir='ltr' id='par_1_44' title="bbox 464 3908 2035 3978">
     <span class='ocr_line' id='line_1_44' title="bbox 464 3908 2035 3978; baseline 0.001 -17"><span class='ocrx_word' id='word_1_301' title='bbox 464 3909 591 3962; x_wconf 89' lang='lat' dir='ltr'><strong>nive</strong></span> <span class='ocrx_word' id='word_1_302' title='bbox 618 3908 764 3962; x_wconf 87' lang='lat' dir='ltr'><strong>velut</strong></span> <span class='ocrx_word' id='word_1_303' title='bbox 788 3909 993 3975; x_wconf 86' lang='lat' dir='ltr'><strong>piscina</strong></span> <span class='ocrx_word' id='word_1_304' title='bbox 1018 3922 1301 3976; x_wconf 88' lang='lat' dir='ltr'><strong>aquarum,</strong></span> <span class='ocrx_word' id='word_1_305' title='bbox 1325 3922 1478 3977; x_wconf 64' lang='lat' dir='ltr'><strong>aqua:</strong></span> <span class='ocrx_word' id='word_1_306' title='bbox 1492 3909 1608 3978; x_wconf 89' lang='lat' dir='ltr'><strong>ejus</strong></span> <span class='ocrx_word' id='word_1_307' title='bbox 1633 3909 1700 3963; x_wconf 78' lang='grc'><strong>³⁷.</strong></span> <span class='ocrx_word' id='word_1_308' title='bbox 1732 3933 1749 3959; x_wconf 73' lang='grc' dir='ltr'><strong>ι</strong></span> <span class='ocrx_word' id='word_1_309' title='bbox 1777 3909 2035 3963; x_wconf 86' lang='lat' dir='ltr'><strong>immora-</strong></span> 
     </span>
    </p>
   </div>
   <div class='ocr_carea' id='block_1_45' title="bbox 471 4000 2036 4067">
    <p class='ocr_par' dir='ltr' id='par_1_45' title="bbox 471 4000 2036 4067">
     <span class='ocr_line' id='line_1_45' title="bbox 471 4000 2036 4067; baseline 0.002 -15"><span class='ocrx_word' id='word_1_310' title='bbox 471 4008 559 4052; x_wconf 91' lang='lat' dir='ltr'><strong>tur</strong></span> <span class='ocrx_word' id='word_1_311' title='bbox 586 4011 761 4054; x_wconf 88' lang='lat' dir='ltr'><strong>autem</strong></span> <span class='ocrx_word' id='word_1_312' title='bbox 792 4002 845 4053; x_wconf 92' lang='lat' dir='ltr'><strong>in</strong></span> <span class='ocrx_word' id='word_1_313' title='bbox 898 4000 1287 4065; x_wconf 87' lang='lat' dir='ltr'><strong>translatione,</strong></span> <span class='ocrx_word' id='word_1_314' title='bbox 1330 4008 1383 4053; x_wconf 87' lang='lat' dir='ltr'><strong>et</strong></span> <span class='ocrx_word' id='word_1_315' title='bbox 1417 4010 1671 4067; x_wconf 90' lang='lat' dir='ltr'><strong>tanquam</strong></span> <span class='ocrx_word' id='word_1_316' title='bbox 1704 4000 1771 4054; x_wconf 89' lang='lat' dir='ltr'><strong>de</strong></span> <span class='ocrx_word' id='word_1_317' title='bbox 1804 4002 1945 4055; x_wconf 90' lang='lat' dir='ltr'><strong>unda</strong></span> <span class='ocrx_word' id='word_1_318' title='bbox 1980 4010 2036 4055; x_wconf 90' lang='lat' dir='ltr'><strong>et</strong></span> 
     </span>
    </p>
   </div>
   <div class='ocr_carea' id='block_1_46' title="bbox 464 4090 2029 4158">
    <p class='ocr_par' dir='ltr' id='par_1_46' title="bbox 464 4090 2029 4158">
     <span class='ocr_line' id='line_1_46' title="bbox 464 4090 2029 4158; baseline -0.001 -14"><span class='ocrx_word' id='word_1_319' title='bbox 464 4090 633 4146; x_wconf 88' lang='lat' dir='ltr'><strong>ﬂuvio</strong></span> <span class='ocrx_word' id='word_1_320' title='bbox 658 4091 788 4146; x_wconf 90' lang='lat' dir='ltr'><strong>dicit</strong></span> <span class='ocrx_word' id='word_1_321' title='bbox 812 4108 826 4142; x_wconf 88' lang='lat'><strong>:</strong></span> <span class='ocrx_word' id='word_1_322' title='bbox 853 4111 870 4142; x_wconf 88' lang='grc'><strong>‹</strong></span> <span class='ocrx_word' id='word_1_323' title='bbox 891 4092 958 4145; x_wconf 78' lang='lat' dir='ltr'><strong>Et</strong></span> <span class='ocrx_word' id='word_1_324' title='bbox 987 4091 1237 4147; x_wconf 89' lang='lat' dir='ltr'><strong>ascendet</strong></span> <span class='ocrx_word' id='word_1_325' title='bbox 1256 4091 1311 4145; x_wconf 90' lang='lat' dir='ltr'><strong>in</strong></span> <span class='ocrx_word' id='word_1_326' title='bbox 1333 4106 1544 4146; x_wconf 87' lang='lat' dir='ltr'><strong>omnem</strong></span> <span class='ocrx_word' id='word_1_327' title='bbox 1564 4092 1756 4146; x_wconf 89' lang='lat' dir='ltr'><strong>vallem</strong></span> <span class='ocrx_word' id='word_1_328' title='bbox 1778 4102 2029 4158; x_wconf 89' lang='lat' dir='ltr'><strong>vestram,</strong></span> 
     </span>
    </p>
   </div>
   <div class='ocr_carea' id='block_1_47' title="bbox 461 4182 2034 4251">
    <p class='ocr_par' dir='ltr' id='par_1_47' title="bbox 461 4182 2034 4251">
     <span class='ocr_line' id='line_1_47' title="bbox 461 4182 2034 4251; baseline -0.001 -14"><span class='ocrx_word' id='word_1_329' title='bbox 461 4192 520 4237; x_wconf 86' lang='lat' dir='ltr'><strong>et</strong></span> <span class='ocrx_word' id='word_1_330' title='bbox 552 4182 945 4251; x_wconf 88' lang='lat' dir='ltr'><strong>perambulabit</strong></span> <span class='ocrx_word' id='word_1_331' title='bbox 970 4197 1184 4238; x_wconf 90' lang='lat' dir='ltr'><strong>omnem</strong></span> <span class='ocrx_word' id='word_1_332' title='bbox 1210 4198 1421 4236; x_wconf 91' lang='lat' dir='ltr'><strong>murum</strong></span> <span class='ocrx_word' id='word_1_333' title='bbox 1451 4191 1715 4247; x_wconf 79' lang='lat' dir='ltr'><strong>vestrum,</strong></span> <span class='ocrx_word' id='word_1_334' title='bbox 1745 4192 1801 4237; x_wconf 91' lang='lat' dir='ltr'><strong>et</strong></span> <span class='ocrx_word' id='word_1_335' title='bbox 1826 4182 2034 4237; x_wconf 81' lang='lat' dir='ltr'><strong>auferet</strong></span> 
     </span>
    </p>
   </div>
   <div class='ocr_carea' id='block_1_48' title="bbox 466 4275 2031 4347">
    <p class='ocr_par' dir='ltr' id='par_1_48' title="bbox 466 4275 2031 4347">
     <span class='ocr_line' id='line_1_48' title="bbox 466 4275 2031 4347; baseline -0.003 -15"><span class='ocrx_word' id='word_1_336' title='bbox 466 4291 499 4331; x_wconf 89' lang='lat' dir='ltr'><strong>a</strong></span> <span class='ocrx_word' id='word_1_337' title='bbox 531 4275 715 4332; x_wconf 67' lang='lat' dir='ltr'><strong>Judaza</strong></span> <span class='ocrx_word' id='word_1_338' title='bbox 738 4276 1011 4332; x_wconf 86' lang='lat' dir='ltr'><strong>hominem</strong></span> <span class='ocrx_word' id='word_1_339' title='bbox 1041 4276 1132 4345; x_wconf 93' lang='lat' dir='ltr'><strong>qui</strong></span> <span class='ocrx_word' id='word_1_340' title='bbox 1160 4286 1318 4347; x_wconf 86' lang='lat' dir='ltr'><strong>caput</strong></span> <span class='ocrx_word' id='word_1_341' title='bbox 1349 4275 1528 4331; x_wconf 89' lang='lat' dir='ltr'><strong>levare</strong></span> <span class='ocrx_word' id='word_1_342' title='bbox 1552 4277 1767 4346; x_wconf 87' lang='lat' dir='ltr'><strong>poterit,</strong></span> <span class='ocrx_word' id='word_1_343' title='bbox 1798 4287 1890 4330; x_wconf 89' lang='lat' dir='ltr'><strong>aut</strong></span> <span class='ocrx_word' id='word_1_344' title='bbox 1916 4275 2031 4331; x_wconf 82' lang='lat' dir='ltr'><strong>eﬂi-</strong></span> 
     </span>
    </p>
   </div>
   <div class='ocr_carea' id='block_1_49' title="bbox 462 4365 2035 4438">
    <p class='ocr_par' dir='ltr' id='par_1_49' title="bbox 462 4365 2035 4438">
     <span class='ocr_line' id='line_1_49' title="bbox 462 4365 2035 4438; baseline -0.002 -14"><span class='ocrx_word' id='word_1_345' title='bbox 462 4383 592 4424; x_wconf 53' lang='lat' dir='ltr'><strong>sere</strong></span> <span class='ocrx_word' id='word_1_346' title='bbox 626 4367 850 4438; x_wconf 81' lang='lat' dir='ltr'><strong>aliquid.</strong></span> <span class='ocrx_word' id='word_1_347' title='bbox 890 4367 955 4421; x_wconf 87' lang='lat' dir='ltr'><strong>Et</strong></span> <span class='ocrx_word' id='word_1_348' title='bbox 986 4375 1335 4422; x_wconf 87' lang='lat' dir='ltr'><strong>eruntcastra</strong></span> <span class='ocrx_word' id='word_1_349' title='bbox 1365 4365 1504 4435; x_wconf 87' lang='lat' dir='ltr'><strong>ejus,</strong></span> <span class='ocrx_word' id='word_1_350' title='bbox 1533 4375 1590 4420; x_wconf 95' lang='lat' dir='ltr'><strong>ut</strong></span> <span class='ocrx_word' id='word_1_351' title='bbox 1615 4366 1927 4421; x_wconf 90' lang='lat' dir='ltr'><strong>latitudines</strong></span> <span class='ocrx_word' id='word_1_352' title='bbox 1949 4380 2035 4421; x_wconf 90' lang='lat' dir='ltr'><strong>re-</strong></span> 
     </span>
    </p>
   </div>
   <div class='ocr_carea' id='block_1_50' title="bbox 2145 513 3710 590">
    <p class='ocr_par' dir='ltr' id='par_1_50' title="bbox 2145 513 3710 590">
     <span class='ocr_line' id='line_1_50' title="bbox 2145 513 3710 590; baseline 0.001 -21"><span class='ocrx_word' id='word_1_353' title='bbox 2145 518 2275 586; x_wconf 79' lang='grc' dir='ltr'>ἧγον</span> <span class='ocrx_word' id='word_1_354' title='bbox 2330 517 2427 587; x_wconf 81' lang='grc' dir='ltr'><strong>μὲν</strong></span> <span class='ocrx_word' id='word_1_355' title='bbox 2485 519 2592 589; x_wconf 83' lang='grc' dir='ltr'><strong>γὰρ</strong></span> <span class='ocrx_word' id='word_1_356' title='bbox 2622 517 2699 587; x_wconf 80' lang='grc' dir='ltr'>τῷ</span> <span class='ocrx_word' id='word_1_357' title='bbox 2730 518 2946 588; x_wconf 88' lang='grc' dir='ltr'>Πιλάτῳ</span> <span class='ocrx_word' id='word_1_358' title='bbox 2998 517 3264 585; x_wconf 83' lang='grc' dir='ltr'>λέγοντες·</span> <span class='ocrx_word' id='word_1_359' title='bbox 3317 537 3335 569; x_wconf 78' lang='grc' dir='ltr'><strong>ι</strong></span> <span class='ocrx_word' id='word_1_360' title='bbox 3363 513 3517 589; x_wconf 69' lang='grc' dir='ltr'>Αἶρε,</span> <span class='ocrx_word' id='word_1_361' title='bbox 3549 513 3669 590; x_wconf 85' lang='grc' dir='ltr'>αἶρε</span> <span class='ocrx_word' id='word_1_362' title='bbox 3694 558 3710 581; x_wconf 84' lang='grc'><strong>,</strong></span> 
     </span>
    </p>
   </div>
   <div class='ocr_carea' id='block_1_51' title="bbox 2147 606 3707 680">
    <p class='ocr_par' dir='ltr' id='par_1_51' title="bbox 2147 606 3707 680">
     <span class='ocr_line' id='line_1_51' title="bbox 2147 606 3707 680; baseline 0.002 -21"><span class='ocrx_word' id='word_1_363' title='bbox 2147 606 2457 677; x_wconf 83' lang='grc' dir='ltr'><strong>σταύρωσον</strong></span> <span class='ocrx_word' id='word_1_364' title='bbox 2472 609 2651 661; x_wconf 75' lang='grc' dir='ltr'>αὐτόν.</span> <span class='ocrx_word' id='word_1_365' title='bbox 2680 629 2698 660; x_wconf 79' lang='grc' dir='ltr'><strong>ι</strong></span> <span class='ocrx_word' id='word_1_366' title='bbox 2735 608 2972 662; x_wconf 84' lang='grc' dir='ltr'>Ἐκείνου</span> <span class='ocrx_word' id='word_1_367' title='bbox 2992 608 3047 662; x_wconf 88' lang='grc' dir='ltr'>δὲ</span> <span class='ocrx_word' id='word_1_368' title='bbox 3072 609 3206 680; x_wconf 83' lang='grc' dir='ltr'>πρὸς</span> <span class='ocrx_word' id='word_1_369' title='bbox 3230 610 3403 663; x_wconf 82' lang='grc' dir='ltr'>ταῦτα</span> <span class='ocrx_word' id='word_1_370' title='bbox 3422 610 3707 679; x_wconf 78' lang='grc' dir='ltr'>μονονουχὶ</span> 
     </span>
    </p>
   </div>
   <div class='ocr_carea' id='block_1_52' title="bbox 2145 699 3710 772">
    <p class='ocr_par' dir='ltr' id='par_1_52' title="bbox 2145 699 3710 772">
     <span class='ocr_line' id='line_1_52' title="bbox 2145 699 3710 772; baseline 0.001 -20"><span class='ocrx_word' id='word_1_371' title='bbox 2145 699 2605 770; x_wconf 86' lang='grc' dir='ltr'>καταμειδιῶντός</span> <span class='ocrx_word' id='word_1_372' title='bbox 2633 716 2687 751; x_wconf 89' lang='grc' dir='ltr'><strong>τε</strong></span> <span class='ocrx_word' id='word_1_373' title='bbox 2720 701 2812 752; x_wconf 80' lang='grc' dir='ltr'><strong>καὶ</strong></span> <span class='ocrx_word' id='word_1_374' title='bbox 2847 700 3109 768; x_wconf 85' lang='grc' dir='ltr'>λέγοντος·</span> <span class='ocrx_word' id='word_1_375' title='bbox 3157 701 3258 753; x_wconf 88' lang='grc' dir='ltr'>Τὸν</span> <span class='ocrx_word' id='word_1_376' title='bbox 3305 700 3527 770; x_wconf 86' lang='grc' dir='ltr'><strong>βασιλέα</strong></span> <span class='ocrx_word' id='word_1_377' title='bbox 3558 702 3710 772; x_wconf 77' lang='grc' dir='ltr'>ὑμῶν</span> 
     </span>
    </p>
   </div>
   <div class='ocr_carea' id='block_1_53' title="bbox 2146 790 3709 866">
    <p class='ocr_par' dir='ltr' id='par_1_53' title="bbox 2146 790 3709 866">
     <span class='ocr_line' id='line_1_53' title="bbox 2146 790 3709 866; baseline 0.003 -22"><span class='ocrx_word' id='word_1_378' title='bbox 2146 790 2479 862; x_wconf 87' lang='grc' dir='ltr'>σταυρώσω;</span> <span class='ocrx_word' id='word_1_379' title='bbox 2537 793 3017 864; x_wconf 87' lang='grc' dir='ltr'>κατεκεκράγεσαν</span> <span class='ocrx_word' id='word_1_380' title='bbox 3071 793 3339 862; x_wconf 88' lang='grc' dir='ltr'>λέγοντες·</span> <span class='ocrx_word' id='word_1_381' title='bbox 3386 813 3405 845; x_wconf 76' lang='grc' dir='ltr'><strong>ι</strong></span> <span class='ocrx_word' id='word_1_382' title='bbox 3442 796 3554 848; x_wconf 89' lang='grc' dir='ltr'>Ούκ</span> <span class='ocrx_word' id='word_1_383' title='bbox 3595 796 3709 866; x_wconf 81' lang='grc' dir='ltr'>ἐχο-</span> 
     </span>
    </p>
   </div>
   <div class='ocr_carea' id='block_1_54' title="bbox 2146 864 3726 981">
    <p class='ocr_par' dir='ltr' id='par_1_54' title="bbox 2146 864 3726 981">
     <span class='ocr_line' id='line_1_54' title="bbox 2146 864 3726 981; baseline 0.001 -44"><span class='ocrx_word' id='word_1_384' title='bbox 2146 903 2245 957; x_wconf 87' lang='grc' dir='ltr'><strong>μεν</strong></span> <span class='ocrx_word' id='word_1_385' title='bbox 2274 886 2496 955; x_wconf 78' lang='grc' dir='ltr'><strong>βασιλέα</strong></span> <span class='ocrx_word' id='word_1_386' title='bbox 2532 886 2579 938; x_wconf 87' lang='grc' dir='ltr'>εἰ</span> <span class='ocrx_word' id='word_1_387' title='bbox 2616 886 2691 957; x_wconf 86' lang='grc' dir='ltr'>μὴ</span> <span class='ocrx_word' id='word_1_388' title='bbox 2726 887 3031 957; x_wconf 81' lang='grc' dir='ltr'>Καίσαρα.»</span> <span class='ocrx_word' id='word_1_389' title='bbox 3079 886 3268 958; x_wconf 77' lang='grc' dir='ltr'>Ἀθρει</span> <span class='ocrx_word' id='word_1_390' title='bbox 3290 886 3355 958; x_wconf 86' lang='grc' dir='ltr'><strong>δὴ</strong></span> <span class='ocrx_word' id='word_1_391' title='bbox 3382 888 3526 950; x_wconf 78' lang='grc' dir='ltr'>ὅπως</span> <span class='ocrx_word' id='word_1_392' title='bbox 3550 864 3726 981; x_wconf 48' lang='lat' dir='ltr'><strong>mil</strong></span> 
     </span>
    </p>
   </div>
   <div class='ocr_carea' id='block_1_55' title="bbox 2147 978 3703 1052">
    <p class='ocr_par' dir='ltr' id='par_1_55' title="bbox 2147 978 3703 1052">
     <span class='ocr_line' id='line_1_55' title="bbox 2147 978 3703 1052; baseline 0.004 -22"><span class='ocrx_word' id='word_1_393' title='bbox 2147 994 2305 1030; x_wconf 86' lang='grc' dir='ltr'>σαντο</span> <span class='ocrx_word' id='word_1_394' title='bbox 2340 978 2435 1047; x_wconf 85' lang='grc' dir='ltr'><strong>μὲν</strong></span> <span class='ocrx_word' id='word_1_395' title='bbox 2488 978 2548 1030; x_wconf 78' lang='grc' dir='ltr'><strong>τὸ</strong></span> <span class='ocrx_word' id='word_1_396' title='bbox 2589 978 2678 1031; x_wconf 87' lang='grc' dir='ltr'>ὑπ’</span> <span class='ocrx_word' id='word_1_397' title='bbox 2712 979 2875 1031; x_wconf 85' lang='grc' dir='ltr'>αὐτοῦ</span> <span class='ocrx_word' id='word_1_398' title='bbox 2923 978 3319 1048; x_wconf 86' lang='grc' dir='ltr'>βασιλεύεσθαι,</span> <span class='ocrx_word' id='word_1_399' title='bbox 3359 982 3610 1052; x_wconf 87' lang='grc' dir='ltr'>Καίσαρα</span> <span class='ocrx_word' id='word_1_400' title='bbox 3653 983 3703 1036; x_wconf 77' lang='grc' dir='ltr'><strong>δὲ</strong></span> 
     </span>
    </p>
   </div>
   <div class='ocr_carea' id='block_1_56' title="bbox 2142 1068 3705 1143">
    <p class='ocr_par' dir='ltr' id='par_1_56' title="bbox 2142 1068 3705 1143">
     <span class='ocr_line' id='line_1_56' title="bbox 2142 1068 3705 1143; baseline 0.003 -21"><span class='ocrx_word' id='word_1_401' title='bbox 2142 1070 2235 1122; x_wconf 78' lang='grc' dir='ltr'><strong>καὶ</strong></span> <span class='ocrx_word' id='word_1_402' title='bbox 2259 1068 2574 1139; x_wconf 84' lang='grc' dir='ltr'>ἀνθρώπους</span> <span class='ocrx_word' id='word_1_403' title='bbox 2602 1071 2974 1141; x_wconf 75' lang='grc' dir='ltr'>ἐπεγράφοντο</span> <span class='ocrx_word' id='word_1_404' title='bbox 3002 1072 3269 1142; x_wconf 78' lang='grc' dir='ltr'><strong>βασιλέας.</strong></span> <span class='ocrx_word' id='word_1_405' title='bbox 3288 1073 3705 1143; x_wconf 80' lang='grc' dir='ltr'>Αἰνιγματωδῶς</span> 
     </span>
    </p>
   </div>
   <div class='ocr_carea' id='block_1_57' title="bbox 2141 1158 3708 1232">
    <p class='ocr_par' dir='ltr' id='par_1_57' title="bbox 2141 1158 3708 1232">
     <span class='ocr_line' id='line_1_57' title="bbox 2141 1158 3708 1232; baseline 0.001 -21"><span class='ocrx_word' id='word_1_406' title='bbox 2141 1158 2428 1230; x_wconf 80' lang='grc' dir='ltr'>τοιγαροῦν</span> <span class='ocrx_word' id='word_1_407' title='bbox 2466 1158 2543 1230; x_wconf 85' lang='grc' dir='ltr'>τῷ</span> <span class='ocrx_word' id='word_1_408' title='bbox 2582 1161 2833 1232; x_wconf 78' lang='grc' dir='ltr'>προφήτῃ</span> <span class='ocrx_word' id='word_1_409' title='bbox 2892 1159 3023 1223; x_wconf 82' lang='grc' dir='ltr'>Θεὸς</span> <span class='ocrx_word' id='word_1_410' title='bbox 3069 1161 3200 1213; x_wconf 84' lang='grc' dir='ltr'>αὐτὸ</span> <span class='ocrx_word' id='word_1_411' title='bbox 3250 1162 3312 1231; x_wconf 80' lang='grc' dir='ltr'><strong>δή</strong></span> <span class='ocrx_word' id='word_1_412' title='bbox 3369 1161 3523 1214; x_wconf 84' lang='grc' dir='ltr'>τοῦτο</span> <span class='ocrx_word' id='word_1_413' title='bbox 3576 1162 3708 1215; x_wconf 85' lang='grc' dir='ltr'>καθ-</span> 
     </span>
    </p>
   </div>
   <div class='ocr_carea' id='block_1_58' title="bbox 2146 1248 3706 1323">
    <p class='ocr_par' dir='ltr' id='par_1_58' title="bbox 2146 1248 3706 1323">
     <span class='ocr_line' id='line_1_58' title="bbox 2146 1248 3706 1323; baseline 0.003 -22"><span class='ocrx_word' id='word_1_414' title='bbox 2146 1248 2352 1320; x_wconf 85' lang='grc' dir='ltr'>ίστησιν</span> <span class='ocrx_word' id='word_1_415' title='bbox 2383 1252 2631 1320; x_wconf 82' lang='grc' dir='ltr'>ἐναργές.</span> <span class='ocrx_word' id='word_1_416' title='bbox 2670 1250 2883 1322; x_wconf 80' lang='grc' dir='ltr'>Ἐπειδὴ</span> <span class='ocrx_word' id='word_1_417' title='bbox 2911 1251 2967 1304; x_wconf 82' lang='grc' dir='ltr'>δὲ</span> <span class='ocrx_word' id='word_1_418' title='bbox 2997 1254 3293 1323; x_wconf 80' lang='grc' dir='ltr'>προσήκειν</span> <span class='ocrx_word' id='word_1_419' title='bbox 3321 1254 3706 1323; x_wconf 76' lang='grc' dir='ltr'>ὑπολαμϐάνω,</span> 
     </span>
    </p>
   </div>
   <div class='ocr_carea' id='block_1_59' title="bbox 2142 1341 3707 1414">
    <p class='ocr_par' dir='ltr' id='par_1_59' title="bbox 2142 1341 3707 1414">
     <span class='ocr_line' id='line_1_59' title="bbox 2142 1341 3707 1414; baseline 0.003 -20"><span class='ocrx_word' id='word_1_420' title='bbox 2142 1342 2235 1394; x_wconf 70' lang='grc' dir='ltr'><strong>καὶ</strong></span> <span class='ocrx_word' id='word_1_421' title='bbox 2263 1341 2322 1394; x_wconf 83' lang='grc' dir='ltr'><strong>τὸ</strong></span> <span class='ocrx_word' id='word_1_422' title='bbox 2351 1344 2461 1404; x_wconf 86' lang='grc' dir='ltr'>τοῖς</span> <span class='ocrx_word' id='word_1_423' title='bbox 2492 1343 2745 1411; x_wconf 81' lang='grc' dir='ltr'>τηνικάδε</span> <span class='ocrx_word' id='word_1_424' title='bbox 2776 1344 3062 1414; x_wconf 81' lang='grc' dir='ltr'>πράγμασι</span> <span class='ocrx_word' id='word_1_425' title='bbox 3089 1346 3402 1414; x_wconf 86' lang='grc' dir='ltr'>πρέπουσαν</span> <span class='ocrx_word' id='word_1_426' title='bbox 3431 1345 3523 1398; x_wconf 91' lang='grc' dir='ltr'><strong>τοῦ</strong></span> <span class='ocrx_word' id='word_1_427' title='bbox 3550 1346 3707 1414; x_wconf 85' lang='grc' dir='ltr'>λόγου</span> 
     </span>
    </p>
   </div>
   <div class='ocr_carea' id='block_1_60' title="bbox 2140 1434 3706 1507">
    <p class='ocr_par' dir='ltr' id='par_1_60' title="bbox 2140 1434 3706 1507">
     <span class='ocr_line' id='line_1_60' title="bbox 2140 1434 3706 1507; baseline 0.004 -23"><span class='ocrx_word' id='word_1_428' title='bbox 2140 1434 2468 1504; x_wconf 82' lang='grc' dir='ltr'>ποιήσασθαι</span> <span class='ocrx_word' id='word_1_429' title='bbox 2502 1434 2600 1504; x_wconf 82' lang='grc' dir='ltr'>τὴν</span> <span class='ocrx_word' id='word_1_430' title='bbox 2636 1435 2906 1488; x_wconf 75' lang='grc' dir='ltr'>ἀπόδοσινο</span> <span class='ocrx_word' id='word_1_431' title='bbox 2955 1436 3133 1506; x_wconf 86' lang='grc' dir='ltr'>φαμὲν</span> <span class='ocrx_word' id='word_1_432' title='bbox 3180 1437 3261 1489; x_wconf 86' lang='grc' dir='ltr'>ὄτι</span> <span class='ocrx_word' id='word_1_433' title='bbox 3303 1437 3379 1507; x_wconf 82' lang='grc' dir='ltr'>τῷ</span> <span class='ocrx_word' id='word_1_434' title='bbox 3429 1436 3579 1490; x_wconf 77' lang='grc' dir='ltr'>ὕδατι</span> <span class='ocrx_word' id='word_1_435' title='bbox 3614 1437 3706 1490; x_wconf 88' lang='grc' dir='ltr'><strong>τοῦ</strong></span> 
     </span>
    </p>
   </div>
   <div class='ocr_carea' id='block_1_61' title="bbox 2140 1524 3705 1600">
    <p class='ocr_par' dir='ltr' id='par_1_61' title="bbox 2140 1524 3705 1600">
     <span class='ocr_line' id='line_1_61' title="bbox 2140 1524 3705 1600; baseline 0.003 -24"><span class='ocrx_word' id='word_1_436' title='bbox 2140 1524 2359 1595; x_wconf 86' lang='grc' dir='ltr'>Σιλωὰμ</span> <span class='ocrx_word' id='word_1_437' title='bbox 2385 1526 2484 1596; x_wconf 81' lang='grc' dir='ltr'>τὴν</span> <span class='ocrx_word' id='word_1_438' title='bbox 2516 1525 2620 1579; x_wconf 83' lang='grc' dir='ltr'><strong>ὑπὸ</strong></span> <span class='ocrx_word' id='word_1_439' title='bbox 2650 1525 2770 1597; x_wconf 84' lang='grc' dir='ltr'><strong>Θεῷ</strong></span> <span class='ocrx_word' id='word_1_440' title='bbox 2807 1528 3125 1597; x_wconf 78' lang='grc' dir='ltr'>παρεικάζει</span> <span class='ocrx_word' id='word_1_441' title='bbox 3159 1527 3456 1597; x_wconf 85' lang='grc' dir='ltr'>βασιλείαν,</span> <span class='ocrx_word' id='word_1_442' title='bbox 3493 1529 3559 1600; x_wconf 83' lang='grc' dir='ltr'>ἣν</span> <span class='ocrx_word' id='word_1_443' title='bbox 3586 1530 3705 1582; x_wconf 82' lang='grc' dir='ltr'>άτι-</span> 
     </span>
    </p>
   </div>
   <div class='ocr_carea' id='block_1_62' title="bbox 2144 1615 3709 1691">
    <p class='ocr_par' dir='ltr' id='par_1_62' title="bbox 2144 1615 3709 1691">
     <span class='ocr_line' id='line_1_62' title="bbox 2144 1615 3709 1691; baseline 0.004 -23"><span class='ocrx_word' id='word_1_444' title='bbox 2144 1616 2413 1685; x_wconf 89' lang='grc' dir='ltr'>μάσαντες</span> <span class='ocrx_word' id='word_1_445' title='bbox 2452 1615 2710 1681; x_wconf 89' lang='grc' dir='ltr'>Ἰουδαῖοι,</span> <span class='ocrx_word' id='word_1_446' title='bbox 2748 1619 3031 1686; x_wconf 86' lang='grc' dir='ltr'>γεγόνασιν</span> <span class='ocrx_word' id='word_1_447' title='bbox 3062 1619 3149 1688; x_wconf 76' lang='grc' dir='ltr'>ὑφ’</span> <span class='ocrx_word' id='word_1_448' title='bbox 3176 1621 3367 1691; x_wconf 78' lang='grc' dir='ltr'>ἑτέρῳ,</span> <span class='ocrx_word' id='word_1_449' title='bbox 3399 1621 3492 1673; x_wconf 84' lang='grc' dir='ltr'><strong>καὶ</strong></span> <span class='ocrx_word' id='word_1_450' title='bbox 3537 1621 3709 1676; x_wconf 83' lang='grc' dir='ltr'>δέδον-</span> 
     </span>
    </p>
   </div>
   <div class='ocr_carea' id='block_1_63' title="bbox 2140 1707 3707 1780">
    <p class='ocr_par' dir='ltr' id='par_1_63' title="bbox 2140 1707 3707 1780">
     <span class='ocr_line' id='line_1_63' title="bbox 2140 1707 3707 1780; baseline 0.001 -21"><span class='ocrx_word' id='word_1_451' title='bbox 2140 1724 2226 1760; x_wconf 86' lang='grc' dir='ltr'><strong>ται</strong></span> <span class='ocrx_word' id='word_1_452' title='bbox 2254 1709 2366 1770; x_wconf 87' lang='grc' dir='ltr'>τοῖς</span> <span class='ocrx_word' id='word_1_453' title='bbox 2414 1708 2645 1779; x_wconf 80' lang='grc' dir='ltr'>ἐχθροῖς.</span> <span class='ocrx_word' id='word_1_454' title='bbox 2680 1707 2944 1780; x_wconf 80' lang='grc' dir='ltr'>Ταύτῃτοί</span> <span class='ocrx_word' id='word_1_455' title='bbox 2987 1720 3150 1776; x_wconf 86' lang='grc' dir='ltr'>φησι⁶</span> <span class='ocrx_word' id='word_1_456' title='bbox 3190 1726 3207 1759; x_wconf 80' lang='grc' dir='ltr'><strong>ι</strong></span> <span class='ocrx_word' id='word_1_457' title='bbox 3238 1709 3337 1760; x_wconf 82' lang='grc' dir='ltr'><strong>Διὰ</strong></span> <span class='ocrx_word' id='word_1_458' title='bbox 3383 1707 3443 1760; x_wconf 85' lang='grc' dir='ltr'><strong>τὸ</strong></span> <span class='ocrx_word' id='word_1_459' title='bbox 3479 1708 3551 1779; x_wconf 78' lang='grc' dir='ltr'>μὴ</span> <span class='ocrx_word' id='word_1_460' title='bbox 3585 1707 3707 1779; x_wconf 83' lang='grc' dir='ltr'>βού-</span> 
     </span>
    </p>
   </div>
   <div class='ocr_carea' id='block_1_64' title="bbox 2139 1797 3706 1871">
    <p class='ocr_par' dir='ltr' id='par_1_64' title="bbox 2139 1797 3706 1871">
     <span class='ocr_line' id='line_1_64' title="bbox 2139 1797 3706 1871; baseline 0.003 -23"><span class='ocrx_word' id='word_1_461' title='bbox 2139 1797 2324 1851; x_wconf 89' lang='grc' dir='ltr'>λεσθαι</span> <span class='ocrx_word' id='word_1_462' title='bbox 2385 1798 2474 1852; x_wconf 84' lang='grc' dir='ltr'><strong>τὸν</strong></span> <span class='ocrx_word' id='word_1_463' title='bbox 2524 1799 2651 1852; x_wconf 82' lang='grc' dir='ltr'>λαὸν</span> <span class='ocrx_word' id='word_1_464' title='bbox 2715 1797 2900 1851; x_wconf 91' lang='grc' dir='ltr'>τοῦτον</span> <span class='ocrx_word' id='word_1_465' title='bbox 2950 1799 3011 1852; x_wconf 84' lang='grc' dir='ltr'><strong>τὸ</strong></span> <span class='ocrx_word' id='word_1_466' title='bbox 3065 1798 3208 1871; x_wconf 77' lang='grc' dir='ltr'>ὕδωρ</span> <span class='ocrx_word' id='word_1_467' title='bbox 3235 1800 3328 1852; x_wconf 88' lang='grc' dir='ltr'><strong>τοῦ</strong></span> <span class='ocrx_word' id='word_1_468' title='bbox 3389 1799 3608 1869; x_wconf 74' lang='grc' dir='ltr'>Σιλωάμ</span> <span class='ocrx_word' id='word_1_469' title='bbox 3645 1799 3706 1852; x_wconf 87' lang='grc' dir='ltr'><strong>τὸ</strong></span> 
     </span>
    </p>
   </div>
   <div class='ocr_carea' id='block_1_65' title="bbox 2140 1890 3705 1963">
    <p class='ocr_par' dir='ltr' id='par_1_65' title="bbox 2140 1890 3705 1963">
     <span class='ocr_line' id='line_1_65' title="bbox 2140 1890 3705 1963; baseline 0.004 -22"><span class='ocrx_word' id='word_1_470' title='bbox 2140 1890 2500 1960; x_wconf 83' lang='grc' dir='ltr'>πορευόμενον</span> <span class='ocrx_word' id='word_1_471' title='bbox 2565 1890 2739 1961; x_wconf 83' lang='grc' dir='ltr'>ήσυχῆ</span> <span class='ocrx_word' id='word_1_472' title='bbox 2766 1933 2780 1956; x_wconf 90' lang='grc'><strong>,</strong></span> <span class='ocrx_word' id='word_1_473' title='bbox 2848 1891 2983 1944; x_wconf 79' lang='grc' dir='ltr'>ἀλλὰ</span> <span class='ocrx_word' id='word_1_474' title='bbox 3058 1891 3342 1961; x_wconf 87' lang='grc' dir='ltr'>βούλεσθαι</span> <span class='ocrx_word' id='word_1_475' title='bbox 3407 1893 3547 1963; x_wconf 77' lang='grc' dir='ltr'>ἔχειν</span> <span class='ocrx_word' id='word_1_476' title='bbox 3614 1894 3705 1947; x_wconf 81' lang='grc' dir='ltr'><strong>τὸν</strong></span> 
     </span>
    </p>
   </div>
   <div class='ocr_carea' id='block_1_66' title="bbox 2151 1979 3704 2053">
    <p class='ocr_par' dir='ltr' id='par_1_66' title="bbox 2151 1979 3704 2053">
     <span class='ocr_line' id='line_1_66' title="bbox 2151 1979 3704 2053; baseline 0.005 -22"><span class='ocrx_word' id='word_1_477' title='bbox 2151 1979 2451 2046; x_wconf 83' lang='grc' dir='ltr'>Ῥαασσὼν,</span> <span class='ocrx_word' id='word_1_478' title='bbox 2476 1980 2570 2032; x_wconf 79' lang='grc' dir='ltr'><strong>καὶ</strong></span> <span class='ocrx_word' id='word_1_479' title='bbox 2608 1980 2699 2033; x_wconf 85' lang='grc' dir='ltr'><strong>τὸν</strong></span> <span class='ocrx_word' id='word_1_480' title='bbox 2734 1980 2845 2034; x_wconf 80' lang='grc' dir='ltr'>υἱὸν</span> <span class='ocrx_word' id='word_1_481' title='bbox 2896 1980 2989 2034; x_wconf 89' lang='grc' dir='ltr'><strong>τοῦ</strong></span> <span class='ocrx_word' id='word_1_482' title='bbox 3041 1981 3314 2051; x_wconf 85' lang='grc' dir='ltr'>Ῥομελίου</span> <span class='ocrx_word' id='word_1_483' title='bbox 3362 1982 3581 2053; x_wconf 81' lang='grc' dir='ltr'>βασιλέα</span> <span class='ocrx_word' id='word_1_484' title='bbox 3618 1983 3704 2053; x_wconf 79' lang='grc' dir='ltr'>ἐφ’</span> 
     </span>
    </p>
   </div>
   <div class='ocr_carea' id='block_1_67' title="bbox 2139 2069 3701 2147">
    <p class='ocr_par' dir='ltr' id='par_1_67' title="bbox 2139 2069 3701 2147">
     <span class='ocr_line' id='line_1_67' title="bbox 2139 2069 3701 2147; baseline 0.005 -26"><span class='ocrx_word' id='word_1_485' title='bbox 2139 2070 2323 2139; x_wconf 82' lang='grc' dir='ltr'>ὑμῶν,</span> <span class='ocrx_word' id='word_1_486' title='bbox 2365 2069 2454 2123; x_wconf 84' lang='grc' dir='ltr'>διὰ</span> <span class='ocrx_word' id='word_1_487' title='bbox 2502 2069 2659 2123; x_wconf 89' lang='grc' dir='ltr'>τοῦτο</span> <span class='ocrx_word' id='word_1_488' title='bbox 2700 2071 2806 2124; x_wconf 83' lang='grc' dir='ltr'>ίδοὺ</span> <span class='ocrx_word' id='word_1_489' title='bbox 2842 2071 3031 2140; x_wconf 82' lang='grc' dir='ltr'>ἀνάγει</span> <span class='ocrx_word' id='word_1_490' title='bbox 3083 2073 3284 2145; x_wconf 84' lang='grc' dir='ltr'>Κύριος</span> <span class='ocrx_word' id='word_1_491' title='bbox 3330 2075 3412 2143; x_wconf 82' lang='grc' dir='ltr'>ἐφ’</span> <span class='ocrx_word' id='word_1_492' title='bbox 3441 2075 3583 2147; x_wconf 76' lang='grc' dir='ltr'>ὑμᾶς</span> <span class='ocrx_word' id='word_1_493' title='bbox 3641 2076 3701 2129; x_wconf 86' lang='grc' dir='ltr'><strong>τὸ</strong></span> 
     </span>
    </p>
   </div>
   <div class='ocr_carea' id='block_1_68' title="bbox 2138 2160 3702 2239">
    <p class='ocr_par' dir='ltr' id='par_1_68' title="bbox 2138 2160 3702 2239">
     <span class='ocr_line' id='line_1_68' title="bbox 2138 2160 3702 2239; baseline 0.006 -26"><span class='ocrx_word' id='word_1_494' title='bbox 2138 2160 2281 2232; x_wconf 75' lang='grc' dir='ltr'>ὕδωρ</span> <span class='ocrx_word' id='word_1_495' title='bbox 2312 2162 2404 2215; x_wconf 86' lang='grc' dir='ltr'><strong>τοῦ</strong></span> <span class='ocrx_word' id='word_1_496' title='bbox 2436 2163 2678 2230; x_wconf 76' lang='grc' dir='ltr'>ποταμοῦ</span> <span class='ocrx_word' id='word_1_497' title='bbox 2706 2164 2766 2217; x_wconf 84' lang='grc' dir='ltr'><strong>τὸ</strong></span> <span class='ocrx_word' id='word_1_498' title='bbox 2794 2165 3008 2235; x_wconf 67' lang='grc' dir='ltr'>ἰσχυρὸσν</span> <span class='ocrx_word' id='word_1_499' title='bbox 3039 2167 3129 2218; x_wconf 73' lang='grc' dir='ltr'><strong>καὶ</strong></span> <span class='ocrx_word' id='word_1_500' title='bbox 3153 2166 3212 2220; x_wconf 86' lang='grc' dir='ltr'>τὸ</span> <span class='ocrx_word' id='word_1_501' title='bbox 3247 2167 3401 2232; x_wconf 81' lang='grc' dir='ltr'>πολὺ,</span> <span class='ocrx_word' id='word_1_502' title='bbox 3426 2168 3515 2221; x_wconf 85' lang='grc' dir='ltr'>τὸν</span> <span class='ocrx_word' id='word_1_503' title='bbox 3547 2168 3702 2239; x_wconf 71' lang='grc' dir='ltr'>βασις-</span> 
     </span>
    </p>
   </div>
   <div class='ocr_carea' id='block_1_69' title="bbox 2136 2251 3702 2329">
    <p class='ocr_par' dir='ltr' id='par_1_69' title="bbox 2136 2251 3702 2329">
     <span class='ocr_line' id='line_1_69' title="bbox 2136 2251 3702 2329; baseline 0.006 -26"><span class='ocrx_word' id='word_1_504' title='bbox 2136 2251 2231 2303; x_wconf 88' lang='grc' dir='ltr'><strong>λέα</strong></span> <span class='ocrx_word' id='word_1_505' title='bbox 2260 2252 2366 2305; x_wconf 85' lang='grc' dir='ltr'><strong>τῶν</strong></span> <span class='ocrx_word' id='word_1_506' title='bbox 2395 2256 2707 2324; x_wconf 79' lang='grc' dir='ltr'>Ἀσσυρίων.</span> <span class='ocrx_word' id='word_1_507' title='bbox 2733 2274 2750 2306; x_wconf 79' lang='grc' dir='ltr'><strong>ι</strong></span> <span class='ocrx_word' id='word_1_508' title='bbox 2783 2256 2855 2307; x_wconf 86' lang='grc' dir='ltr'>Τὸ</span> <span class='ocrx_word' id='word_1_509' title='bbox 2891 2255 2984 2309; x_wconf 87' lang='grc' dir='ltr'><strong>τοῦ</strong></span> <span class='ocrx_word' id='word_1_510' title='bbox 3011 2257 3228 2328; x_wconf 79' lang='grc' dir='ltr'>Σιλωάμ</span> <span class='ocrx_word' id='word_1_511' title='bbox 3254 2256 3396 2329; x_wconf 73' lang='grc' dir='ltr'>ὕδωρ</span> <span class='ocrx_word' id='word_1_512' title='bbox 3421 2261 3532 2329; x_wconf 74' lang='grc' dir='ltr'>ῥεῖν</span> <span class='ocrx_word' id='word_1_513' title='bbox 3562 2259 3702 2312; x_wconf 74' lang='grc' dir='ltr'>οὕτω</span> 
     </span>
    </p>
   </div>
   <div class='ocr_carea' id='block_1_70' title="bbox 2136 2346 3699 2420">
    <p class='ocr_par' dir='ltr' id='par_1_70' title="bbox 2136 2346 3699 2420">
     <span class='ocr_line' id='line_1_70' title="bbox 2136 2346 3699 2420; baseline 0.004 -24"><span class='ocrx_word' id='word_1_514' title='bbox 2136 2346 2298 2413; x_wconf 78' lang='grc' dir='ltr'>φασὶν</span> <span class='ocrx_word' id='word_1_515' title='bbox 2331 2347 2526 2417; x_wconf 78' lang='grc' dir='ltr'>ἡσυχῆ,</span> <span class='ocrx_word' id='word_1_516' title='bbox 2563 2347 2637 2410; x_wconf 87' lang='grc' dir='ltr'>ὡς</span> <span class='ocrx_word' id='word_1_517' title='bbox 2678 2346 2797 2418; x_wconf 85' lang='grc' dir='ltr'>δίχα</span> <span class='ocrx_word' id='word_1_518' title='bbox 2848 2348 3052 2401; x_wconf 82' lang='grc' dir='ltr'>κτύπου</span> <span class='ocrx_word' id='word_1_519' title='bbox 3109 2350 3427 2420; x_wconf 87' lang='grc' dir='ltr'>προχεῖσθαι</span> <span class='ocrx_word' id='word_1_520' title='bbox 3480 2351 3699 2420; x_wconf 77' lang='grc' dir='ltr'>παντός.</span> 
     </span>
    </p>
   </div>
   <div class='ocr_carea' id='block_1_71' title="bbox 2149 2418 3701 2513">
    <p class='ocr_par' dir='ltr' id='par_1_71' title="bbox 2149 2418 3701 2513">
     <span class='ocr_line' id='line_1_71' title="bbox 2149 2418 3701 2513; baseline 0.005 -25"><span class='ocrx_word' id='word_1_521' title='bbox 2149 2437 2536 2508; x_wconf 85' lang='grc' dir='ltr'>Ἑρμηνεύεται</span> <span class='ocrx_word' id='word_1_522' title='bbox 2598 2438 2654 2491; x_wconf 87' lang='grc' dir='ltr'>δὲ</span> <span class='ocrx_word' id='word_1_523' title='bbox 2724 2439 2961 2511; x_wconf 83' lang='grc' dir='ltr'>Σιλωὰμ,</span> <span class='ocrx_word' id='word_1_524' title='bbox 3002 2418 3426 2513; x_wconf 80' lang='grc' dir='ltr'>ἀπεσταλμένος.</span> <span class='ocrx_word' id='word_1_525' title='bbox 3481 2418 3701 2513; x_wconf 76' lang='grc' dir='ltr'>Δέχετάι</span> 
     </span>
    </p>
   </div>
   <div class='ocr_carea' id='block_1_72' title="bbox 2135 2528 3702 2605">
    <p class='ocr_par' dir='ltr' id='par_1_72' title="bbox 2135 2528 3702 2605">
     <span class='ocr_line' id='line_1_72' title="bbox 2135 2528 3702 2605; baseline 0.004 -26"><span class='ocrx_word' id='word_1_526' title='bbox 2135 2528 2313 2581; x_wconf 86' lang='grc' dir='ltr'>τοίνυν</span> <span class='ocrx_word' id='word_1_527' title='bbox 2340 2532 2418 2592; x_wconf 86' lang='grc' dir='ltr'><strong>είς</strong></span> <span class='ocrx_word' id='word_1_528' title='bbox 2444 2531 2625 2585; x_wconf 85' lang='grc' dir='ltr'>εἰκόνα</span> <span class='ocrx_word' id='word_1_529' title='bbox 2657 2532 2746 2583; x_wconf 74' lang='grc' dir='ltr'><strong>καὶ</strong></span> <span class='ocrx_word' id='word_1_530' title='bbox 2773 2532 2940 2585; x_wconf 81' lang='grc' dir='ltr'>τύπον</span> <span class='ocrx_word' id='word_1_531' title='bbox 2979 2532 3140 2585; x_wconf 83' lang='grc' dir='ltr'>αὑτὸν</span> <span class='ocrx_word' id='word_1_532' title='bbox 3193 2532 3291 2602; x_wconf 83' lang='grc' dir='ltr'>τῆς</span> <span class='ocrx_word' id='word_1_533' title='bbox 3323 2532 3416 2585; x_wconf 92' lang='grc' dir='ltr'><strong>τοῦ</strong></span> <span class='ocrx_word' id='word_1_534' title='bbox 3454 2534 3702 2605; x_wconf 84' lang='grc' dir='ltr'>Σωτῆρος</span> 
     </span>
    </p>
   </div>
   <div class='ocr_carea' id='block_1_73' title="bbox 2136 2620 3699 2696">
    <p class='ocr_par' dir='ltr' id='par_1_73' title="bbox 2136 2620 3699 2696">
     <span class='ocr_line' id='line_1_73' title="bbox 2136 2620 3699 2696; baseline 0.004 -25"><span class='ocrx_word' id='word_1_535' title='bbox 2136 2620 2290 2689; x_wconf 85' lang='grc' dir='ltr'>ήμῶν</span> <span class='ocrx_word' id='word_1_536' title='bbox 2324 2622 2641 2692; x_wconf 75' lang='grc' dir='ltr'>παρουσίας,</span> <span class='ocrx_word' id='word_1_537' title='bbox 2671 2623 2769 2692; x_wconf 81' lang='grc' dir='ltr'>τῆς</span> <span class='ocrx_word' id='word_1_538' title='bbox 2828 2624 3064 2695; x_wconf 73' lang='grc' dir='ltr'>ἀψοφητὶ</span> <span class='ocrx_word' id='word_1_539' title='bbox 3110 2625 3499 2696; x_wconf 81' lang='grc' dir='ltr'>γεγενημένης,</span> <span class='ocrx_word' id='word_1_540' title='bbox 3530 2626 3699 2679; x_wconf 88' lang='grc' dir='ltr'>καθά-</span> 
     </span>
    </p>
   </div>
   <div class='ocr_carea' id='block_1_74' title="bbox 2138 2710 3701 2788">
    <p class='ocr_par' dir='ltr' id='par_1_74' title="bbox 2138 2710 3701 2788">
     <span class='ocr_line' id='line_1_74' title="bbox 2138 2710 3701 2788; baseline 0.006 -27"><span class='ocrx_word' id='word_1_541' title='bbox 2138 2727 2243 2780; x_wconf 90' lang='grc' dir='ltr'><strong>περ</strong></span> <span class='ocrx_word' id='word_1_542' title='bbox 2277 2710 2412 2782; x_wconf 77' lang='grc' dir='ltr'>ἔφην</span> <span class='ocrx_word' id='word_1_543' title='bbox 2437 2713 2658 2782; x_wconf 81' lang='grc' dir='ltr'>ἀρτίως.</span> <span class='ocrx_word' id='word_1_544' title='bbox 2710 2715 3139 2785; x_wconf 82' lang='grc' dir='ltr'>Ἀπεσταλμένος</span> <span class='ocrx_word' id='word_1_545' title='bbox 3187 2717 3243 2769; x_wconf 86' lang='grc' dir='ltr'>δὲ</span> <span class='ocrx_word' id='word_1_546' title='bbox 3303 2717 3418 2769; x_wconf 87' lang='grc' dir='ltr'>κατ’</span> <span class='ocrx_word' id='word_1_547' title='bbox 3447 2716 3701 2788; x_wconf 85' lang='grc' dir='ltr'>ἀλήθειαν</span> 
     </span>
    </p>
   </div>
   <div class='ocr_carea' id='block_1_75' title="bbox 2136 2804 3703 2879">
    <p class='ocr_par' dir='ltr' id='par_1_75' title="bbox 2136 2804 3703 2879">
     <span class='ocr_line' id='line_1_75' title="bbox 2136 2804 3703 2879; baseline 0.004 -25"><span class='ocrx_word' id='word_1_548' title='bbox 2136 2804 2163 2854; x_wconf 90' lang='grc' dir='ltr'>ὁ</span> <span class='ocrx_word' id='word_1_549' title='bbox 2193 2804 2442 2874; x_wconf 86' lang='grc' dir='ltr'>Χριστός,</span> <span class='ocrx_word' id='word_1_550' title='bbox 2476 2805 2789 2861; x_wconf 84' lang='grc' dir='ltr'>Ἀπόστολον</span> <span class='ocrx_word' id='word_1_551' title='bbox 2818 2805 2945 2875; x_wconf 89' lang='grc' dir='ltr'>γοῦν</span> <span class='ocrx_word' id='word_1_552' title='bbox 2979 2808 3070 2860; x_wconf 78' lang='grc' dir='ltr'><strong>καὶ</strong></span> <span class='ocrx_word' id='word_1_553' title='bbox 3104 2809 3385 2879; x_wconf 85' lang='grc' dir='ltr'>Ἀρχιερέα</span> <span class='ocrx_word' id='word_1_554' title='bbox 3416 2809 3577 2863; x_wconf 85' lang='grc' dir='ltr'>αὑτὸν</span> <span class='ocrx_word' id='word_1_555' title='bbox 3604 2809 3703 2879; x_wconf 79' lang='grc' dir='ltr'><strong>τῆς</strong></span> 
     </span>
    </p>
   </div>
   <div class='ocr_carea' id='block_1_76' title="bbox 2135 2894 3700 2967">
    <p class='ocr_par' dir='ltr' id='par_1_76' title="bbox 2135 2894 3700 2967">
     <span class='ocr_line' id='line_1_76' title="bbox 2135 2894 3700 2967; baseline 0.005 -23"><span class='ocrx_word' id='word_1_556' title='bbox 2135 2894 2422 2963; x_wconf 83' lang='grc' dir='ltr'>ὁμολογίας</span> <span class='ocrx_word' id='word_1_557' title='bbox 2456 2895 2609 2964; x_wconf 82' lang='grc' dir='ltr'>ἡμῶν</span> <span class='ocrx_word' id='word_1_558' title='bbox 2656 2897 2749 2949; x_wconf 77' lang='grc' dir='ltr'><strong>καὶ</strong></span> <span class='ocrx_word' id='word_1_559' title='bbox 2791 2899 2818 2949; x_wconf 89' lang='grc' dir='ltr'>ὁ</span> <span class='ocrx_word' id='word_1_560' title='bbox 2855 2898 3013 2965; x_wconf 86' lang='grc' dir='ltr'>σοφὸς</span> <span class='ocrx_word' id='word_1_561' title='bbox 3041 2898 3292 2967; x_wconf 74' lang='grc' dir='ltr'>ὀνομάζει</span> <span class='ocrx_word' id='word_1_562' title='bbox 3338 2899 3565 2963; x_wconf 84' lang='grc' dir='ltr'>Παῦλος.</span> <span class='ocrx_word' id='word_1_563' title='bbox 3601 2901 3700 2953; x_wconf 81' lang='grc' dir='ltr'><strong>Δέ-</strong></span> 
     </span>
    </p>
   </div>
   <div class='ocr_carea' id='block_1_77' title="bbox 2137 2986 3701 3062">
    <p class='ocr_par' dir='ltr' id='par_1_77' title="bbox 2137 2986 3701 3062">
     <span class='ocr_line' id='line_1_77' title="bbox 2137 2986 3701 3062; baseline 0.005 -26"><span class='ocrx_word' id='word_1_564' title='bbox 2137 3003 2286 3056; x_wconf 79' lang='grc' dir='ltr'>χεται</span> <span class='ocrx_word' id='word_1_565' title='bbox 2311 2986 2365 3038; x_wconf 82' lang='grc' dir='ltr'><strong>δὲ</strong></span> <span class='ocrx_word' id='word_1_566' title='bbox 2414 2987 2609 3056; x_wconf 82' lang='grc' dir='ltr'>ὁμοίως</span> <span class='ocrx_word' id='word_1_567' title='bbox 2637 2988 2727 3041; x_wconf 75' lang='grc' dir='ltr'>καὶ</span> <span class='ocrx_word' id='word_1_568' title='bbox 2761 2987 3094 3053; x_wconf 82' lang='grc' dir='ltr'>ἁπαξαπλῶς</span> <span class='ocrx_word' id='word_1_569' title='bbox 3121 2990 3360 3061; x_wconf 30' lang='grc' dir='ltr'>τῆςηύπὸ</span> <span class='ocrx_word' id='word_1_570' title='bbox 3398 2991 3517 3062; x_wconf 88' lang='grc' dir='ltr'><strong>Θεῴ</strong></span> <span class='ocrx_word' id='word_1_571' title='bbox 3550 2994 3701 3061; x_wconf 86' lang='grc' dir='ltr'>βασι-</span> 
     </span>
    </p>
   </div>
   <div class='ocr_carea' id='block_1_78' title="bbox 2137 3074 3703 3153">
    <p class='ocr_par' dir='ltr' id='par_1_78' title="bbox 2137 3074 3703 3153">
     <span class='ocr_line' id='line_1_78' title="bbox 2137 3074 3703 3153; baseline 0.006 -27"><span class='ocrx_word' id='word_1_572' title='bbox 2137 3074 2280 3137; x_wconf 80' lang='grc' dir='ltr'>λείας</span> <span class='ocrx_word' id='word_1_573' title='bbox 2305 3079 2382 3139; x_wconf 87' lang='grc' dir='ltr'><strong>εἰς</strong></span> <span class='ocrx_word' id='word_1_574' title='bbox 2410 3077 2574 3129; x_wconf 83' lang='grc' dir='ltr'>τύπον</span> <span class='ocrx_word' id='word_1_575' title='bbox 2598 3078 2688 3132; x_wconf 78' lang='grc' dir='ltr'><strong>τὸν</strong></span> <span class='ocrx_word' id='word_1_576' title='bbox 2722 3078 2957 3149; x_wconf 81' lang='grc' dir='ltr'>Σιλωάμ.</span> <span class='ocrx_word' id='word_1_577' title='bbox 2979 3082 3184 3133; x_wconf 83' lang='grc' dir='ltr'>Οὐκοῦν</span> <span class='ocrx_word' id='word_1_578' title='bbox 3210 3082 3503 3153; x_wconf 80' lang='grc' dir='ltr'>ἐπειδήπερ</span> <span class='ocrx_word' id='word_1_579' title='bbox 3523 3085 3551 3136; x_wconf 81' lang='grc' dir='ltr'><strong>δ</strong></span> <span class='ocrx_word' id='word_1_580' title='bbox 3578 3083 3703 3145; x_wconf 73' lang='grc' dir='ltr'>λαὸς</span> 
     </span>
    </p>
   </div>
   <div class='ocr_carea' id='block_1_79' title="bbox 2137 3161 3702 3245">
    <p class='ocr_par' dir='ltr' id='par_1_79' title="bbox 2137 3161 3702 3245">
     <span class='ocr_line' id='line_1_79' title="bbox 2137 3161 3702 3245; baseline 0.006 -27"><span class='ocrx_word' id='word_1_581' title='bbox 2137 3161 2289 3230; x_wconf 70' lang='grc' dir='ltr'>οὗτος</span> <span class='ocrx_word' id='word_1_582' title='bbox 2319 3171 2346 3220; x_wconf 85' lang='grc' dir='ltr'>ὁ</span> <span class='ocrx_word' id='word_1_583' title='bbox 2381 3169 2645 3239; x_wconf 78' lang='grc' dir='ltr'>ἀκαμπὴς</span> <span class='ocrx_word' id='word_1_584' title='bbox 2694 3171 2787 3222; x_wconf 72' lang='grc' dir='ltr'><strong>καὶ</strong></span> <span class='ocrx_word' id='word_1_585' title='bbox 2825 3171 3055 3242; x_wconf 79' lang='grc' dir='ltr'>ἐξήνιος,</span> <span class='ocrx_word' id='word_1_586' title='bbox 3103 3174 3162 3225; x_wconf 89' lang='grc' dir='ltr'><strong>ού</strong></span> <span class='ocrx_word' id='word_1_587' title='bbox 3196 3174 3443 3243; x_wconf 85' lang='grc' dir='ltr'>βούλεται</span> <span class='ocrx_word' id='word_1_588' title='bbox 3474 3175 3615 3245; x_wconf 80' lang='grc' dir='ltr'>ἔχειν</span> <span class='ocrx_word' id='word_1_589' title='bbox 3644 3176 3702 3229; x_wconf 80' lang='grc' dir='ltr'>τὸ</span> 
     </span>
    </p>
   </div>
   <div class='ocr_carea' id='block_1_80' title="bbox 2139 3258 3702 3337">
    <p class='ocr_par' dir='ltr' id='par_1_80' title="bbox 2139 3258 3702 3337">
     <span class='ocr_line' id='line_1_80' title="bbox 2139 3258 3702 3337; baseline 0.006 -27"><span class='ocrx_word' id='word_1_590' title='bbox 2139 3258 2281 3328; x_wconf 77' lang='grc' dir='ltr'>ὕδωρ</span> <span class='ocrx_word' id='word_1_591' title='bbox 2315 3259 2408 3312; x_wconf 88' lang='grc' dir='ltr'><strong>τοῦ</strong></span> <span class='ocrx_word' id='word_1_592' title='bbox 2429 3260 2649 3331; x_wconf 83' lang='grc' dir='ltr'>Σιλωάμ</span> <span class='ocrx_word' id='word_1_593' title='bbox 2667 3261 2727 3314; x_wconf 85' lang='grc' dir='ltr'><strong>τὸ</strong></span> <span class='ocrx_word' id='word_1_594' title='bbox 2751 3265 3113 3334; x_wconf 83' lang='grc' dir='ltr'>πορευόμενον</span> <span class='ocrx_word' id='word_1_595' title='bbox 3140 3266 3318 3337; x_wconf 83' lang='grc' dir='ltr'>ήσυχῆ</span> <span class='ocrx_word' id='word_1_596' title='bbox 3335 3284 3348 3298; x_wconf 88' lang='grc'><strong>·</strong></span> <span class='ocrx_word' id='word_1_597' title='bbox 3389 3268 3702 3320; x_wconf 85' lang='grc' dir='ltr'>ἀποσείεται</span> 
     </span>
    </p>
   </div>
   <div class='ocr_carea' id='block_1_81' title="bbox 2136 3352 3703 3428">
    <p class='ocr_par' dir='ltr' id='par_1_81' title="bbox 2136 3352 3703 3428">
     <span class='ocr_line' id='line_1_81' title="bbox 2136 3352 3703 3428; baseline 0.005 -25"><span class='ocrx_word' id='word_1_598' title='bbox 2136 3352 2245 3423; x_wconf 83' lang='grc' dir='ltr'><strong>γάρ</strong></span> <span class='ocrx_word' id='word_1_599' title='bbox 2269 3352 2359 3404; x_wconf 85' lang='grc' dir='ltr'><strong>τὸν</strong></span> <span class='ocrx_word' id='word_1_600' title='bbox 2398 3353 2501 3405; x_wconf 83' lang='grc' dir='ltr'><strong>ὑπὸ</strong></span> <span class='ocrx_word' id='word_1_601' title='bbox 2554 3352 2671 3422; x_wconf 85' lang='grc' dir='ltr'><strong>Θεῴ</strong></span> <span class='ocrx_word' id='word_1_602' title='bbox 2713 3353 2907 3423; x_wconf 73' lang='grc' dir='ltr'>ζυγόν·</span> <span class='ocrx_word' id='word_1_603' title='bbox 2960 3358 3216 3427; x_wconf 78' lang='grc' dir='ltr'>ἐπιθυμεῖ</span> <span class='ocrx_word' id='word_1_604' title='bbox 3264 3359 3320 3410; x_wconf 84' lang='grc' dir='ltr'>δὲ</span> <span class='ocrx_word' id='word_1_605' title='bbox 3368 3359 3567 3428; x_wconf 83' lang='grc' dir='ltr'>μᾶλλον</span> <span class='ocrx_word' id='word_1_606' title='bbox 3599 3360 3703 3411; x_wconf 79' lang='grc' dir='ltr'><strong>ὑπὸ</strong></span> 
     </span>
    </p>
   </div>
   <div class='ocr_carea' id='block_1_82' title="bbox 2136 3439 3701 3519">
    <p class='ocr_par' dir='ltr' id='par_1_82' title="bbox 2136 3439 3701 3519">
     <span class='ocr_line' id='line_1_82' title="bbox 2136 3439 3701 3519; baseline 0.004 -24"><span class='ocrx_word' id='word_1_607' title='bbox 2136 3444 2235 3515; x_wconf 81' lang='grc' dir='ltr'>τὴν</span> <span class='ocrx_word' id='word_1_608' title='bbox 2267 3444 2565 3514; x_wconf 84' lang='grc' dir='ltr'>ἀνθρώπων</span> <span class='ocrx_word' id='word_1_609' title='bbox 2596 3439 2735 3497; x_wconf 75' lang='grc' dir='ltr'>εἶναι</span> <span class='ocrx_word' id='word_1_610' title='bbox 2759 3444 3051 3515; x_wconf 85' lang='grc' dir='ltr'>βασιλείαν,</span> <span class='ocrx_word' id='word_1_611' title='bbox 3086 3450 3179 3501; x_wconf 81' lang='grc' dir='ltr'>καὶ</span> <span class='ocrx_word' id='word_1_612' title='bbox 3211 3449 3531 3519; x_wconf 86' lang='grc' dir='ltr'>κατισχῦσαι</span> <span class='ocrx_word' id='word_1_613' title='bbox 3566 3450 3701 3519; x_wconf 83' lang='grc' dir='ltr'>μᾶλ-</span> 
     </span>
    </p>
   </div>
   <div class='ocr_carea' id='block_1_83' title="bbox 2136 3535 3698 3604">
    <p class='ocr_par' dir='ltr' id='par_1_83' title="bbox 2136 3535 3698 3604">
     <span class='ocr_line' id='line_1_83' title="bbox 2136 3535 3698 3604; baseline 0.003 -16"><span class='ocrx_word' id='word_1_614' title='bbox 2136 3535 2226 3589; x_wconf 91' lang='grc' dir='ltr'><strong>λον</strong></span> <span class='ocrx_word' id='word_1_615' title='bbox 2260 3536 2423 3589; x_wconf 81' lang='grc' dir='ltr'>αὐτοῦ</span> <span class='ocrx_word' id='word_1_616' title='bbox 2447 3538 2572 3601; x_wconf 76' lang='grc' dir='ltr'>τοὺς</span> <span class='ocrx_word' id='word_1_617' title='bbox 2598 3538 2935 3591; x_wconf 79' lang='grc' dir='ltr'>πλεονεκτεῖν</span> <span class='ocrx_word' id='word_1_618' title='bbox 2958 3539 3255 3604; x_wconf 77' lang='grc' dir='ltr'>ἐθέλοντας,</span> <span class='ocrx_word' id='word_1_619' title='bbox 3278 3542 3367 3594; x_wconf 85' lang='grc' dir='ltr'><strong>τὸν</strong></span> <span class='ocrx_word' id='word_1_620' title='bbox 3403 3540 3698 3603; x_wconf 76' lang='grc' dir='ltr'>Ῥαασσὼν,</span> 
     </span>
    </p>
   </div>
   <div class='ocr_carea' id='block_1_84' title="bbox 2137 3629 3700 3702">
    <p class='ocr_par' dir='ltr' id='par_1_84' title="bbox 2137 3629 3700 3702">
     <span class='ocr_line' id='line_1_84' title="bbox 2137 3629 3700 3702; baseline 0.003 -22"><span class='ocrx_word' id='word_1_621' title='bbox 2137 3629 2298 3699; x_wconf 76' lang='grc' dir='ltr'>φημὶ,</span> <span class='ocrx_word' id='word_1_622' title='bbox 2323 3630 2532 3682; x_wconf 78' lang='grc' dir='ltr'>καὶτὸν</span> <span class='ocrx_word' id='word_1_623' title='bbox 2563 3630 2737 3682; x_wconf 81' lang='grc' dir='ltr'>Φακεέ</span> <span class='ocrx_word' id='word_1_624' title='bbox 2758 3647 2770 3660; x_wconf 82' lang='lat'><strong><em>°</em></strong></span> <span class='ocrx_word' id='word_1_625' title='bbox 2810 3631 3013 3702; x_wconf 86' lang='grc' dir='ltr'>ταύτης</span> <span class='ocrx_word' id='word_1_626' title='bbox 3061 3632 3224 3685; x_wconf 80' lang='grc' dir='ltr'>ἓνεκα</span> <span class='ocrx_word' id='word_1_627' title='bbox 3257 3633 3350 3702; x_wconf 85' lang='grc' dir='ltr'>τῆς</span> <span class='ocrx_word' id='word_1_628' title='bbox 3401 3634 3577 3696; x_wconf 79' lang='grc' dir='ltr'>αἰτίας</span> <span class='ocrx_word' id='word_1_629' title='bbox 3615 3633 3700 3685; x_wconf 84' lang='grc' dir='ltr'>ἐπ’</span> 
     </span>
    </p>
   </div>
   <div class='ocr_carea' id='block_1_85' title="bbox 2136 3720 3700 3793">
    <p class='ocr_par' dir='ltr' id='par_1_85' title="bbox 2136 3720 3700 3793">
     <span class='ocr_line' id='line_1_85' title="bbox 2136 3720 3700 3793; baseline 0.001 -20"><span class='ocrx_word' id='word_1_630' title='bbox 2136 3720 2319 3783; x_wconf 87' lang='grc' dir='ltr'>αὐτοῖς</span> <span class='ocrx_word' id='word_1_631' title='bbox 2351 3724 2536 3790; x_wconf 81' lang='grc' dir='ltr'>ἀνήσω</span> <span class='ocrx_word' id='word_1_632' title='bbox 2558 3721 2617 3773; x_wconf 82' lang='grc' dir='ltr'><strong>τὸ</strong></span> <span class='ocrx_word' id='word_1_633' title='bbox 2645 3721 2789 3792; x_wconf 77' lang='grc' dir='ltr'>ὕδωρ</span> <span class='ocrx_word' id='word_1_634' title='bbox 2817 3721 2909 3775; x_wconf 77' lang='grc' dir='ltr'><strong>τοῦ</strong></span> <span class='ocrx_word' id='word_1_635' title='bbox 2964 3721 3227 3793; x_wconf 84' lang='grc' dir='ltr'>ποταμοῦ,</span> <span class='ocrx_word' id='word_1_636' title='bbox 3268 3722 3411 3775; x_wconf 88' lang='grc' dir='ltr'>τοῦτ’</span> <span class='ocrx_word' id='word_1_637' title='bbox 3440 3722 3576 3788; x_wconf 80' lang='grc' dir='ltr'>ἐστι,</span> <span class='ocrx_word' id='word_1_638' title='bbox 3607 3723 3700 3775; x_wconf 88' lang='grc' dir='ltr'><strong>τοῦ</strong></span> 
     </span>
    </p>
   </div>
   <div class='ocr_carea' id='block_1_86' title="bbox 2136 3808 3698 3884">
    <p class='ocr_par' dir='ltr' id='par_1_86' title="bbox 2136 3808 3698 3884">
     <span class='ocr_line' id='line_1_86' title="bbox 2136 3808 3698 3884; baseline 0 -18"><span class='ocrx_word' id='word_1_639' title='bbox 2136 3813 2442 3882; x_wconf 83' lang='grc' dir='ltr'>Εὐφράτου.</span> <span class='ocrx_word' id='word_1_640' title='bbox 2480 3813 2695 3884; x_wconf 82' lang='grc' dir='ltr'>Ἐπειδὴ</span> <span class='ocrx_word' id='word_1_641' title='bbox 2718 3814 2773 3865; x_wconf 83' lang='grc' dir='ltr'>δὲ</span> <span class='ocrx_word' id='word_1_642' title='bbox 2801 3808 2868 3884; x_wconf 70' lang='grc' dir='ltr'>ἦν</span> <span class='ocrx_word' id='word_1_643' title='bbox 2908 3813 3273 3884; x_wconf 75' lang='grc' dir='ltr'>ἁσαφέστερός</span> <span class='ocrx_word' id='word_1_644' title='bbox 3302 3830 3417 3876; x_wconf 91' lang='grc' dir='ltr'><strong>πως</strong></span> <span class='ocrx_word' id='word_1_645' title='bbox 3464 3816 3492 3866; x_wconf 86' lang='grc' dir='ltr'><strong>ὁ</strong></span> <span class='ocrx_word' id='word_1_646' title='bbox 3524 3814 3698 3881; x_wconf 85' lang='grc' dir='ltr'>λόγος,</span> 
     </span>
    </p>
   </div>
   <div class='ocr_carea' id='block_1_87' title="bbox 2136 3903 3698 3976">
    <p class='ocr_par' dir='ltr' id='par_1_87' title="bbox 2136 3903 3698 3976">
     <span class='ocr_line' id='line_1_87' title="bbox 2136 3903 3698 3976; baseline -0.001 -19"><span class='ocrx_word' id='word_1_647' title='bbox 2136 3905 2474 3976; x_wconf 87' lang='grc' dir='ltr'>προσεπάγει</span> <span class='ocrx_word' id='word_1_648' title='bbox 2500 3904 2859 3974; x_wconf 83' lang='grc' dir='ltr'>παραχρῆμα,</span> <span class='ocrx_word' id='word_1_649' title='bbox 2882 3908 2975 3957; x_wconf 83' lang='grc' dir='ltr'><strong>καί</strong></span> <span class='ocrx_word' id='word_1_650' title='bbox 3000 3921 3151 3976; x_wconf 87' lang='grc' dir='ltr'>φησι,</span> <span class='ocrx_word' id='word_1_651' title='bbox 3181 3903 3407 3957; x_wconf 87' lang='grc' dir='ltr'>Βασιλέα</span> <span class='ocrx_word' id='word_1_652' title='bbox 3429 3904 3536 3957; x_wconf 84' lang='grc' dir='ltr'><strong>τῶν</strong></span> <span class='ocrx_word' id='word_1_653' title='bbox 3575 3906 3698 3956; x_wconf 78' lang='grc' dir='ltr'><strong>Ἀσ-</strong></span> 
     </span>
    </p>
   </div>
   <div class='ocr_carea' id='block_1_88' title="bbox 2138 3995 3699 4067">
    <p class='ocr_par' dir='ltr' id='par_1_88' title="bbox 2138 3995 3699 4067">
     <span class='ocr_line' id='line_1_88' title="bbox 2138 3995 3699 4067; baseline 0.001 -20"><span class='ocrx_word' id='word_1_654' title='bbox 2138 3996 2358 4066; x_wconf 89' lang='grc' dir='ltr'>συρίων,</span> <span class='ocrx_word' id='word_1_655' title='bbox 2390 3996 2486 4048; x_wconf 75' lang='grc' dir='ltr'><strong>καὶ</strong></span> <span class='ocrx_word' id='word_1_656' title='bbox 2538 3996 2636 4067; x_wconf 80' lang='grc' dir='ltr'>τὴν</span> <span class='ocrx_word' id='word_1_657' title='bbox 2665 3995 2822 4059; x_wconf 83' lang='grc' dir='ltr'>δόξαν</span> <span class='ocrx_word' id='word_1_658' title='bbox 2869 3996 3053 4049; x_wconf 63' lang='grc' dir='ltr'>αὑτοῦ*</span> <span class='ocrx_word' id='word_1_659' title='bbox 3085 3996 3226 4049; x_wconf 87' lang='grc' dir='ltr'>τοῦτ’</span> <span class='ocrx_word' id='word_1_660' title='bbox 3269 3996 3405 4063; x_wconf 79' lang='grc' dir='ltr'>ἔστι,</span> <span class='ocrx_word' id='word_1_661' title='bbox 3452 3998 3578 4060; x_wconf 83' lang='grc' dir='ltr'>τοὺς</span> <span class='ocrx_word' id='word_1_662' title='bbox 3609 3997 3699 4049; x_wconf 82' lang='grc' dir='ltr'>ὑπ’</span> 
     </span>
    </p>
   </div>
   <div class='ocr_carea' id='block_1_89' title="bbox 2134 4087 3701 4162">
    <p class='ocr_par' dir='ltr' id='par_1_89' title="bbox 2134 4087 3701 4162">
     <span class='ocr_line' id='line_1_89' title="bbox 2134 4087 3701 4162; baseline 0.002 -20"><span class='ocrx_word' id='word_1_663' title='bbox 2134 4088 2285 4159; x_wconf 81' lang='grc' dir='ltr'>αὐτῷ</span> <span class='ocrx_word' id='word_1_664' title='bbox 2307 4088 2534 4151; x_wconf 86' lang='grc' dir='ltr'>πάντας,</span> <span class='ocrx_word' id='word_1_665' title='bbox 2572 4089 2667 4140; x_wconf 79' lang='grc' dir='ltr'><strong>καὶ</strong></span> <span class='ocrx_word' id='word_1_666' title='bbox 2692 4088 2836 4142; x_wconf 82' lang='grc' dir='ltr'>ἆπαν</span> <span class='ocrx_word' id='word_1_667' title='bbox 2870 4087 3021 4152; x_wconf 76' lang='grc' dir='ltr'>ἔθνος</span> <span class='ocrx_word' id='word_1_668' title='bbox 3058 4088 3118 4141; x_wconf 82' lang='grc' dir='ltr'><strong>τὸ</strong></span> <span class='ocrx_word' id='word_1_669' title='bbox 3171 4089 3518 4162; x_wconf 81' lang='grc' dir='ltr'>ὑπεστρωκδς</span> <span class='ocrx_word' id='word_1_670' title='bbox 3552 4092 3701 4162; x_wconf 81' lang='grc' dir='ltr'>αύτῷ</span> 
     </span>
    </p>
   </div>
   <div class='ocr_carea' id='block_1_90' title="bbox 2133 4180 3701 4257">
    <p class='ocr_par' dir='ltr' id='par_1_90' title="bbox 2133 4180 3701 4257">
     <span class='ocr_line' id='line_1_90' title="bbox 2133 4180 3701 4257; baseline 0.005 -25"><span class='ocrx_word' id='word_1_671' title='bbox 2133 4180 2225 4233; x_wconf 78' lang='grc' dir='ltr'><strong>τὸν</strong></span> <span class='ocrx_word' id='word_1_672' title='bbox 2254 4180 2699 4250; x_wconf 80' lang='grc' dir='ltr'>αὑχένα.”Υδατι</span> <span class='ocrx_word' id='word_1_673' title='bbox 2757 4180 2814 4233; x_wconf 85' lang='grc' dir='ltr'>δὲ</span> <span class='ocrx_word' id='word_1_674' title='bbox 2869 4180 3188 4252; x_wconf 79' lang='grc' dir='ltr'>παρεικάζει</span> <span class='ocrx_word' id='word_1_675' title='bbox 3240 4182 3309 4235; x_wconf 86' lang='grc' dir='ltr'><strong>τά</strong></span> <span class='ocrx_word' id='word_1_676' title='bbox 3358 4185 3558 4257; x_wconf 82' lang='grc' dir='ltr'>πλήθη.</span> <span class='ocrx_word' id='word_1_677' title='bbox 3594 4189 3701 4240; x_wconf 76' lang='grc' dir='ltr'>Καὶ</span> 
     </span>
    </p>
   </div>
   <div class='ocr_carea' id='block_1_91' title="bbox 2133 4272 3701 4349">
    <p class='ocr_par' dir='ltr' id='par_1_91' title="bbox 2133 4272 3701 4349">
     <span class='ocr_line' id='line_1_91' title="bbox 2133 4272 3701 4349; baseline 0.004 -24"><span class='ocrx_word' id='word_1_678' title='bbox 2133 4272 2290 4326; x_wconf 88' lang='grc' dir='ltr'>τοῦτο</span> <span class='ocrx_word' id='word_1_679' title='bbox 2314 4273 2433 4337; x_wconf 80' lang='grc' dir='ltr'>ἔθος</span> <span class='ocrx_word' id='word_1_680' title='bbox 2462 4277 2525 4345; x_wconf 83' lang='grc' dir='ltr'>τῇ</span> <span class='ocrx_word' id='word_1_681' title='bbox 2565 4274 2902 4345; x_wconf 85' lang='grc' dir='ltr'>θεοπνεύστῳ</span> <span class='ocrx_word' id='word_1_682' title='bbox 2924 4276 3132 4347; x_wconf 81' lang='grc' dir='ltr'>Γραφῇ.</span> <span class='ocrx_word' id='word_1_683' title='bbox 3153 4277 3262 4329; x_wconf 79' lang='lat' dir='ltr'><strong>Kal.</strong></span> <span class='ocrx_word' id='word_1_684' title='bbox 3288 4276 3418 4344; x_wconf 88' lang='grc' dir='ltr'>γοῦν</span> <span class='ocrx_word' id='word_1_685' title='bbox 3449 4280 3576 4349; x_wconf 78' lang='grc' dir='ltr'>περὶ</span> <span class='ocrx_word' id='word_1_686' title='bbox 3601 4278 3701 4347; x_wconf 80' lang='grc' dir='ltr'><strong>τῆς</strong></span> 
     </span>
    </p>
   </div>
   <div class='ocr_carea' id='block_1_92' title="bbox 2133 4365 3745 4444">
    <p class='ocr_par' dir='ltr' id='par_1_92' title="bbox 2133 4365 3745 4444">
     <span class='ocr_line' id='line_1_92' title="bbox 2133 4365 3745 4444; baseline 0.005 -27"><span class='ocrx_word' id='word_1_687' title='bbox 2133 4365 2358 4435; x_wconf 88' lang='grc' dir='ltr'>Νινευῆ,</span> <span class='ocrx_word' id='word_1_688' title='bbox 2390 4367 2485 4419; x_wconf 74' lang='grc' dir='ltr'>καὶ</span> <span class='ocrx_word' id='word_1_689' title='bbox 2516 4366 2615 4437; x_wconf 82' lang='grc' dir='ltr'>τῆς</span> <span class='ocrx_word' id='word_1_690' title='bbox 2647 4369 2704 4420; x_wconf 84' lang='grc' dir='ltr'><strong>ἐν</strong></span> <span class='ocrx_word' id='word_1_691' title='bbox 2728 4369 2863 4438; x_wconf 81' lang='grc' dir='ltr'>αὐτῇ</span> <span class='ocrx_word' id='word_1_692' title='bbox 2888 4369 3257 4439; x_wconf 85' lang='grc' dir='ltr'>ἀναριθμήτου</span> <span class='ocrx_word' id='word_1_693' title='bbox 3295 4370 3701 4444; x_wconf 76' lang='grc' dir='ltr'>πληθύος,φησὶ</span> <span class='ocrx_word' id='word_1_694' title='bbox 3735 4418 3745 4435; x_wconf 76' lang='lat'><strong>,</strong></span> 
     </span>
    </p>
   </div>
   <div class='ocr_carea' id='block_1_93' title="bbox 460 4456 2035 4535">
    <p class='ocr_par' dir='ltr' id='par_1_93' title="bbox 460 4456 2031 4529">
     <span class='ocr_line' id='line_1_93' title="bbox 460 4456 2031 4529; baseline 0.001 -17"><span class='ocrx_word' id='word_1_695' title='bbox 460 4460 639 4529; x_wconf 78' lang='lat' dir='ltr'><strong>gionis</strong></span> <span class='ocrx_word' id='word_1_696' title='bbox 660 4468 761 4513; x_wconf 85' lang='lat' dir='ltr'><strong>tuae</strong></span> <span class='ocrx_word' id='word_1_697' title='bbox 779 4456 1041 4527; x_wconf 89' lang='lat' dir='ltr'><strong>repleant.</strong></span> <span class='ocrx_word' id='word_1_698' title='bbox 1066 4478 1085 4510; x_wconf 70' lang='grc' dir='ltr'><strong>ι</strong></span> <span class='ocrx_word' id='word_1_699' title='bbox 1115 4458 1379 4513; x_wconf 88' lang='lat' dir='ltr'><strong>Perducta</strong></span> <span class='ocrx_word' id='word_1_700' title='bbox 1400 4467 1526 4513; x_wconf 89' lang='lat' dir='ltr'><strong>sunt</strong></span> <span class='ocrx_word' id='word_1_701' title='bbox 1547 4460 1613 4512; x_wconf 88' lang='lat' dir='ltr'><strong>ad</strong></span> <span class='ocrx_word' id='word_1_702' title='bbox 1634 4459 1835 4513; x_wconf 77' lang='lat' dir='ltr'><strong>exitum</strong></span> <span class='ocrx_word' id='word_1_703' title='bbox 1854 4459 2031 4513; x_wconf 91' lang='lat' dir='ltr'><strong>omnia</strong></span> 
     </span>
    </p>
   </div>
   <div class='ocr_carea' id='block_1_94' title="bbox 2137 4456 3702 4535">
    <p class='ocr_par' dir='ltr' id='par_1_94' title="bbox 2137 4456 3702 4535">
     <span class='ocr_line' id='line_1_94' title="bbox 2137 4456 3702 4535; baseline 0.005 -25"><span class='ocrx_word' id='word_1_704' title='bbox 2137 4456 2223 4511; x_wconf 82' lang='grc' dir='ltr'>διὰ</span> <span class='ocrx_word' id='word_1_705' title='bbox 2241 4459 2423 4529; x_wconf 81' lang='grc' dir='ltr'>φωνῆς</span> <span class='ocrx_word' id='word_1_706' title='bbox 2462 4458 2777 4529; x_wconf 84' lang='grc' dir='ltr'>προφητῶν’</span> <span class='ocrx_word' id='word_1_707' title='bbox 2809 4479 2827 4511; x_wconf 74' lang='grc' dir='ltr'><strong>ι</strong></span> <span class='ocrx_word' id='word_1_708' title='bbox 2857 4462 2968 4516; x_wconf 73' lang='grc' dir='ltr'><strong>Καὶ</strong></span> <span class='ocrx_word' id='word_1_709' title='bbox 2992 4462 3215 4532; x_wconf 82' lang='grc' dir='ltr'>Νινευῆ,</span> <span class='ocrx_word' id='word_1_710' title='bbox 3242 4461 3316 4526; x_wconf 84' lang='grc' dir='ltr'>ὡς</span> <span class='ocrx_word' id='word_1_711' title='bbox 3350 4464 3702 4535; x_wconf 82' lang='grc' dir='ltr'>κολυμϐήθρα</span> 
     </span>
    </p>
   </div>
   <div class='ocr_carea' id='block_1_95' title="bbox 468 4548 2033 4621">
    <p class='ocr_par' dir='ltr' id='par_1_95' title="bbox 468 4548 2033 4621">
     <span class='ocr_line' id='line_1_95' title="bbox 468 4548 2033 4621; baseline 0.001 -16"><span class='ocrx_word' id='word_1_712' title='bbox 468 4554 605 4616; x_wconf 68' lang='lat' dir='ltr'><strong>haec,</strong></span> <span class='ocrx_word' id='word_1_713' title='bbox 628 4550 985 4620; x_wconf 87' lang='lat' dir='ltr'><strong>prophetante</strong></span> <span class='ocrx_word' id='word_1_714' title='bbox 1006 4548 1262 4616; x_wconf 81' lang='lat' dir='ltr'><strong>Jeremia,</strong></span> <span class='ocrx_word' id='word_1_715' title='bbox 1280 4549 1807 4607; x_wconf 81' lang='lat' dir='ltr'><strong>Nabuchodonosoro</strong></span> <span class='ocrx_word' id='word_1_716' title='bbox 1828 4552 2033 4621; x_wconf 89' lang='lat' dir='ltr'><strong>regioni</strong></span> 
     </span>
    </p>
   </div>
   <div class='ocr_carea' id='block_1_96' title="bbox 462 4639 2035 4710">
    <p class='ocr_par' dir='ltr' id='par_1_96' title="bbox 462 4639 2035 4710">
     <span class='ocr_line' id='line_1_96' title="bbox 462 4639 2035 4710; baseline -0.001 -14"><span class='ocrx_word' id='word_1_717' title='bbox 462 4640 781 4698; x_wconf 74' lang='lat' dir='ltr'><strong>Judaeorum</strong></span> <span class='ocrx_word' id='word_1_718' title='bbox 820 4641 1019 4695; x_wconf 88' lang='lat' dir='ltr'><strong>bellum</strong></span> <span class='ocrx_word' id='word_1_719' title='bbox 1053 4639 1342 4704; x_wconf 88' lang='lat' dir='ltr'><strong>inferente,</strong></span> <span class='ocrx_word' id='word_1_720' title='bbox 1365 4650 1419 4694; x_wconf 91' lang='lat' dir='ltr'><strong>et</strong></span> <span class='ocrx_word' id='word_1_721' title='bbox 1462 4640 1762 4697; x_wconf 85' lang='lat' dir='ltr'><strong>Jerusalem</strong></span> <span class='ocrx_word' id='word_1_722' title='bbox 1793 4643 2035 4710; x_wconf 88' lang='lat' dir='ltr'><strong>percele-</strong></span> 
     </span>
    </p>
   </div>
   <div class='ocr_carea' id='block_1_97' title="bbox 467 4729 2030 4800">
    <p class='ocr_par' dir='ltr' id='par_1_97' title="bbox 467 4729 2030 4800">
     <span class='ocr_line' id='line_1_97' title="bbox 467 4729 2030 4800; baseline 0.002 -17"><span class='ocrx_word' id='word_1_723' title='bbox 467 4733 617 4787; x_wconf 87' lang='lat' dir='ltr'><strong>brem</strong></span> <span class='ocrx_word' id='word_1_724' title='bbox 650 4730 886 4795; x_wconf 88' lang='lat' dir='ltr'><strong>delentc,</strong></span> <span class='ocrx_word' id='word_1_725' title='bbox 917 4730 1115 4800; x_wconf 88' lang='lat' dir='ltr'><strong>templo</strong></span> <span class='ocrx_word' id='word_1_726' title='bbox 1168 4731 1410 4798; x_wconf 90' lang='lat' dir='ltr'><strong>incenso,</strong></span> <span class='ocrx_word' id='word_1_727' title='bbox 1462 4729 1887 4800; x_wconf 66' lang='lat' dir='ltr'><strong>Judasorumque</strong></span> <span class='ocrx_word' id='word_1_728' title='bbox 1917 4734 2030 4787; x_wconf 87' lang='lat' dir='ltr'><strong>cla-</strong></span> 
     </span>
    </p>
   </div>
   <div class='ocr_carea' id='block_1_98' title="bbox 463 4820 2027 4892">
    <p class='ocr_par' dir='ltr' id='par_1_98' title="bbox 463 4820 2027 4892">
     <span class='ocr_line' id='line_1_98' title="bbox 463 4820 2027 4892; baseline 0.001 -18"><span class='ocrx_word' id='word_1_729' title='bbox 463 4821 693 4876; x_wconf 81' lang='lat' dir='ltr'><strong>rissimis</strong></span> <span class='ocrx_word' id='word_1_730' title='bbox 724 4821 858 4875; x_wconf 87' lang='lat' dir='ltr'><strong>viris</strong></span> <span class='ocrx_word' id='word_1_731' title='bbox 888 4820 1210 4886; x_wconf 90' lang='lat' dir='ltr'><strong>interfectis,</strong></span> <span class='ocrx_word' id='word_1_732' title='bbox 1238 4820 1510 4892; x_wconf 89' lang='lat' dir='ltr'><strong>simulque</strong></span> <span class='ocrx_word' id='word_1_733' title='bbox 1524 4837 1646 4877; x_wconf 92' lang='lat' dir='ltr'><strong>cum</strong></span> <span class='ocrx_word' id='word_1_734' title='bbox 1666 4824 1815 4878; x_wconf 86' lang='lat' dir='ltr'><strong>vasis</strong></span> <span class='ocrx_word' id='word_1_735' title='bbox 1831 4825 2027 4890; x_wconf 82' lang='lat' dir='ltr'><strong>sacris,</strong></span> 
     </span>
    </p>
   </div>
   <div class='ocr_carea' id='block_1_99' title="bbox 462 4910 2025 4982">
    <p class='ocr_par' dir='ltr' id='par_1_99' title="bbox 462 4910 2025 4982">
     <span class='ocr_line' id='line_1_99' title="bbox 462 4910 2025 4982; baseline 0.003 -17"><span class='ocrx_word' id='word_1_736' title='bbox 462 4912 716 4966; x_wconf 79' lang='lat' dir='ltr'><strong>universa</strong></span> <span class='ocrx_word' id='word_1_737' title='bbox 751 4910 1100 4966; x_wconf 88' lang='lat' dir='ltr'><strong>multitudine</strong></span> <span class='ocrx_word' id='word_1_738' title='bbox 1122 4950 1138 4974; x_wconf 92' lang='lat'><strong>,</strong></span> <span class='ocrx_word' id='word_1_739' title='bbox 1183 4926 1303 4981; x_wconf 74' lang='lat' dir='ltr'><strong>qua:</strong></span> <span class='ocrx_word' id='word_1_740' title='bbox 1336 4913 1553 4982; x_wconf 90' lang='lat' dir='ltr'><strong>quidem</strong></span> <span class='ocrx_word' id='word_1_741' title='bbox 1589 4915 1803 4969; x_wconf 88' lang='lat' dir='ltr'><strong>residua</strong></span> <span class='ocrx_word' id='word_1_742' title='bbox 1836 4929 1866 4969; x_wconf 89' lang='lat' dir='ltr'><strong>e</strong></span> <span class='ocrx_word' id='word_1_743' title='bbox 1887 4914 2025 4970; x_wconf 87' lang='lat' dir='ltr'><strong>bello</strong></span> 
     </span>
    </p>
   </div>
   <div class='ocr_carea' id='block_1_100' title="bbox 461 5000 2024 5073">
    <p class='ocr_par' dir='ltr' id='par_1_100' title="bbox 461 5000 2024 5073">
     <span class='ocr_line' id='line_1_100' title="bbox 461 5000 2024 5073; baseline 0.002 -19"><span class='ocrx_word' id='word_1_744' title='bbox 461 5009 728 5065; x_wconf 83' lang='lat' dir='ltr'><strong>evaserat,</strong></span> <span class='ocrx_word' id='word_1_745' title='bbox 746 5001 797 5055; x_wconf 93' lang='lat' dir='ltr'><strong>in</strong></span> <span class='ocrx_word' id='word_1_746' title='bbox 818 5000 938 5070; x_wconf 89' lang='lat' dir='ltr'><strong>ejus</strong></span> <span class='ocrx_word' id='word_1_747' title='bbox 958 5000 1091 5055; x_wconf 77' lang='lat' dir='ltr'><strong>fines</strong></span> <span class='ocrx_word' id='word_1_748' title='bbox 1107 5002 1355 5056; x_wconf 87' lang='lat' dir='ltr'><strong>adducta.</strong></span> <span class='ocrx_word' id='word_1_749' title='bbox 1372 5000 1720 5071; x_wconf 88' lang='lat' dir='ltr'><strong>Perspicuum</strong></span> <span class='ocrx_word' id='word_1_750' title='bbox 1742 5003 1906 5073; x_wconf 88' lang='lat' dir='ltr'><strong>igitur</strong></span> <span class='ocrx_word' id='word_1_751' title='bbox 1920 5014 2024 5069; x_wconf 88' lang='lat' dir='ltr'><strong>est,</strong></span> 
     </span>
    </p>
   </div>
   <div class='ocr_carea' id='block_1_101' title="bbox 462 5093 2027 5163">
    <p class='ocr_par' dir='ltr' id='par_1_101' title="bbox 462 5093 2027 5163">
     <span class='ocr_line' id='line_1_101' title="bbox 462 5093 2027 5163; baseline 0.004 -18"><span class='ocrx_word' id='word_1_752' title='bbox 462 5093 553 5161; x_wconf 87' lang='lat' dir='ltr'><strong>qui</strong></span> <span class='ocrx_word' id='word_1_753' title='bbox 577 5109 771 5163; x_wconf 89' lang='lat' dir='ltr'><strong>aquam</strong></span> <span class='ocrx_word' id='word_1_754' title='bbox 805 5094 1009 5149; x_wconf 87' lang='lat' dir='ltr'><strong>Siloam</strong></span> <span class='ocrx_word' id='word_1_755' title='bbox 1040 5095 1232 5149; x_wconf 91' lang='lat' dir='ltr'><strong>leniter</strong></span> <span class='ocrx_word' id='word_1_756' title='bbox 1249 5094 1524 5160; x_wconf 87' lang='lat' dir='ltr'><strong>ﬂuentem,</strong></span> <span class='ocrx_word' id='word_1_757' title='bbox 1552 5096 1603 5150; x_wconf 89' lang='lat' dir='ltr'><strong>id</strong></span> <span class='ocrx_word' id='word_1_758' title='bbox 1627 5104 1729 5163; x_wconf 91' lang='lat' dir='ltr'><strong>est,</strong></span> <span class='ocrx_word' id='word_1_759' title='bbox 1752 5095 2027 5151; x_wconf 89' lang='lat' dir='ltr'><strong>Christum</strong></span> 
     </span>
    </p>
   </div>
   <div class='ocr_carea' id='block_1_102' title="bbox 461 5184 2022 5260">
    <p class='ocr_par' dir='ltr' id='par_1_102' title="bbox 461 5184 2022 5260">
     <span class='ocr_line' id='line_1_102' title="bbox 461 5184 2022 5260; baseline 0.004 -24"><span class='ocrx_word' id='word_1_760' title='bbox 461 5184 577 5238; x_wconf 87' lang='lat' dir='ltr'><strong>sive</strong></span> <span class='ocrx_word' id='word_1_761' title='bbox 611 5200 830 5254; x_wconf 88' lang='lat' dir='ltr'><strong>regnum</strong></span> <span class='ocrx_word' id='word_1_762' title='bbox 854 5186 947 5241; x_wconf 90' lang='lat' dir='ltr'><strong>Dei</strong></span> <span class='ocrx_word' id='word_1_763' title='bbox 974 5186 1175 5240; x_wconf 88' lang='lat' dir='ltr'><strong>habere</strong></span> <span class='ocrx_word' id='word_1_764' title='bbox 1196 5186 1405 5253; x_wconf 88' lang='lat' dir='ltr'><strong>volunt,</strong></span> <span class='ocrx_word' id='word_1_765' title='bbox 1430 5188 1514 5241; x_wconf 89' lang='lat' dir='ltr'><strong>his</strong></span> <span class='ocrx_word' id='word_1_766' title='bbox 1536 5188 1756 5243; x_wconf 91' lang='lat' dir='ltr'><strong>omnino</strong></span> <span class='ocrx_word' id='word_1_767' title='bbox 1774 5188 2022 5260; x_wconf 82' lang='lat' dir='ltr'><strong>Assyrio-</strong></span> 
     </span>
    </p>
   </div>
   <div class='ocr_carea' id='block_1_103' title="bbox 461 5275 2024 5347">
    <p class='ocr_par' dir='ltr' id='par_1_103' title="bbox 461 5275 2024 5347">
     <span class='ocr_line' id='line_1_103' title="bbox 461 5275 2024 5347; baseline 0.001 -20"><span class='ocrx_word' id='word_1_768' title='bbox 461 5290 581 5327; x_wconf 87' lang='lat' dir='ltr'><strong>rum</strong></span> <span class='ocrx_word' id='word_1_769' title='bbox 611 5289 813 5343; x_wconf 80' lang='lat' dir='ltr'><strong>regem,</strong></span> <span class='ocrx_word' id='word_1_770' title='bbox 850 5277 951 5330; x_wconf 89' lang='lat' dir='ltr'><strong>hoc</strong></span> <span class='ocrx_word' id='word_1_771' title='bbox 972 5286 1078 5342; x_wconf 86' lang='lat' dir='ltr'><strong>est,</strong></span> <span class='ocrx_word' id='word_1_772' title='bbox 1106 5275 1360 5331; x_wconf 88' lang='lat' dir='ltr'><strong>Satanam</strong></span> <span class='ocrx_word' id='word_1_773' title='bbox 1388 5278 1795 5342; x_wconf 88' lang='lat' dir='ltr'><strong>insultaturum,</strong></span> <span class='ocrx_word' id='word_1_774' title='bbox 1824 5288 2024 5347; x_wconf 84' lang='lat' dir='ltr'><strong>etcap—</strong></span> 
     </span>
    </p>
   </div>
   <div class='ocr_carea' id='block_1_104' title="bbox 460 5366 2026 5439">
    <p class='ocr_par' dir='ltr' id='par_1_104' title="bbox 460 5366 2026 5439">
     <span class='ocr_line' id='line_1_104' title="bbox 460 5366 2026 5439; baseline 0.004 -21"><span class='ocrx_word' id='word_1_775' title='bbox 460 5367 599 5419; x_wconf 82' lang='lat' dir='ltr'><strong>tivos</strong></span> <span class='ocrx_word' id='word_1_776' title='bbox 667 5381 794 5420; x_wconf 89' lang='lat' dir='ltr'><strong>suos</strong></span> <span class='ocrx_word' id='word_1_777' title='bbox 845 5366 973 5438; x_wconf 89' lang='lat' dir='ltr'><strong>jugo</strong></span> <span class='ocrx_word' id='word_1_778' title='bbox 1031 5370 1478 5437; x_wconf 79' lang='lat' dir='ltr'><strong>suppositarum,</strong></span> <span class='ocrx_word' id='word_1_779' title='bbox 1529 5380 1583 5423; x_wconf 91' lang='lat' dir='ltr'><strong>et</strong></span> <span class='ocrx_word' id='word_1_780' title='bbox 1644 5370 2026 5439; x_wconf 87' lang='lat' dir='ltr'><strong>multiplicibus</strong></span> 
     </span>
    </p>
   </div>
   <div class='ocr_carea' id='block_1_105' title="bbox 456 5458 2023 5529">
    <p class='ocr_par' dir='ltr' id='par_1_105' title="bbox 456 5458 2023 5529">
     <span class='ocr_line' id='line_1_105' title="bbox 456 5458 2023 5529; baseline 0.007 -23"><span class='ocrx_word' id='word_1_781' title='bbox 456 5468 799 5523; x_wconf 81' lang='lat' dir='ltr'><strong>peccatorum</strong></span> <span class='ocrx_word' id='word_1_782' title='bbox 827 5458 1034 5527; x_wconf 87' lang='lat' dir='ltr'><strong>laqueis</strong></span> <span class='ocrx_word' id='word_1_783' title='bbox 1067 5461 1428 5529; x_wconf 62' lang='lat' dir='ltr'><strong>fconstrictos,</strong></span> <span class='ocrx_word' id='word_1_784' title='bbox 1469 5475 1653 5516; x_wconf 87' lang='lat' dir='ltr'><strong>servos</strong></span> <span class='ocrx_word' id='word_1_785' title='bbox 1684 5460 2023 5517; x_wconf 89' lang='lat' dir='ltr'><strong>eﬂ&#39;ecturnm.</strong></span> 
     </span>
    </p>
   </div>
   <div class='ocr_carea' id='block_1_106' title="bbox 2137 4548 3696 4627">
    <p class='ocr_par' dir='ltr' id='par_1_106' title="bbox 2137 4548 3696 4627">
     <span class='ocr_line' id='line_1_106' title="bbox 2137 4548 3696 4627; baseline 0.004 -26"><span class='ocrx_word' id='word_1_786' title='bbox 2137 4548 2343 4602; x_wconf 84' lang='grc' dir='ltr'>ὑδάτων</span> <span class='ocrx_word' id='word_1_787' title='bbox 2374 4548 2444 4601; x_wconf 83' lang='grc' dir='ltr'>τὰ</span> <span class='ocrx_word' id='word_1_788' title='bbox 2502 4548 2668 4601; x_wconf 77' lang='grc' dir='ltr'>ὕδατα</span> <span class='ocrx_word' id='word_1_789' title='bbox 2708 4550 2896 4619; x_wconf 83' lang='grc' dir='ltr'>αὐτῆς.</span> <span class='ocrx_word' id='word_1_790' title='bbox 2938 4569 2956 4601; x_wconf 81' lang='grc' dir='ltr'><strong>ι</strong></span> <span class='ocrx_word' id='word_1_791' title='bbox 3004 4551 3283 4621; x_wconf 84' lang='grc' dir='ltr'>Ἐπιμένει</span> <span class='ocrx_word' id='word_1_792' title='bbox 3331 4553 3388 4607; x_wconf 88' lang='grc' dir='ltr'>δὲ</span> <span class='ocrx_word' id='word_1_793' title='bbox 3423 4558 3486 4625; x_wconf 83' lang='grc' dir='ltr'>τῇ</span> <span class='ocrx_word' id='word_1_794' title='bbox 3524 4558 3696 4627; x_wconf 80' lang='grc' dir='ltr'>τροπῇ</span> 
     </span>
    </p>
   </div>
   <div class='ocr_carea' id='block_1_107' title="bbox 2136 4641 3700 4718">
    <p class='ocr_par' dir='ltr' id='par_1_107' title="bbox 2136 4641 3700 4718">
     <span class='ocr_line' id='line_1_107' title="bbox 2136 4641 3700 4718; baseline 0.006 -25"><span class='ocrx_word' id='word_1_795' title='bbox 2136 4641 2228 4694; x_wconf 85' lang='grc' dir='ltr'><strong>καί</strong></span> <span class='ocrx_word' id='word_1_796' title='bbox 2252 4657 2430 4711; x_wconf 87' lang='grc' dir='ltr'>φησιν·</span> <span class='ocrx_word' id='word_1_797' title='bbox 2477 4660 2495 4692; x_wconf 74' lang='grc' dir='ltr'><strong>ι</strong></span> <span class='ocrx_word' id='word_1_798' title='bbox 2537 4642 2623 4705; x_wconf 85' lang='grc' dir='ltr'>Ὠς</span> <span class='ocrx_word' id='word_1_799' title='bbox 2680 4644 2765 4712; x_wconf 82' lang='grc' dir='ltr'>ἐφ’</span> <span class='ocrx_word' id='word_1_800' title='bbox 2794 4642 2983 4706; x_wconf 76' lang='grc' dir='ltr'>ὕδατός</span> <span class='ocrx_word' id='word_1_801' title='bbox 3033 4662 3092 4697; x_wconf 91' lang='grc' dir='ltr'><strong>τε</strong></span> <span class='ocrx_word' id='word_1_802' title='bbox 3141 4646 3234 4699; x_wconf 78' lang='grc' dir='ltr'><strong>καὶ</strong></span> <span class='ocrx_word' id='word_1_803' title='bbox 3286 4648 3554 4718; x_wconf 89' lang='grc' dir='ltr'>ποταμοῦ,</span> <span class='ocrx_word' id='word_1_804' title='bbox 3609 4652 3700 4702; x_wconf 78' lang='grc' dir='ltr'><strong>καὶ</strong></span> 
     </span>
    </p>
   </div>
   <div class='ocr_carea' id='block_1_108' title="bbox 2134 4732 3697 4813">
    <p class='ocr_par' dir='ltr' id='par_1_108' title="bbox 2134 4732 3697 4813">
     <span class='ocr_line' id='line_1_108' title="bbox 2134 4732 3697 4813; baseline 0.008 -29"><span class='ocrx_word' id='word_1_805' title='bbox 2134 4732 2465 4802; x_wconf 85' lang='grc' dir='ltr'>ἀναϐήσεται</span> <span class='ocrx_word' id='word_1_806' title='bbox 2489 4735 2581 4786; x_wconf 77' lang='grc' dir='ltr'>ἐπὶ</span> <span class='ocrx_word' id='word_1_807' title='bbox 2604 4736 2782 4787; x_wconf 82' lang='grc' dir='ltr'>πᾶσαν</span> <span class='ocrx_word' id='word_1_808' title='bbox 2811 4735 3068 4806; x_wconf 83' lang='grc' dir='ltr'>φάραγγα</span> <span class='ocrx_word' id='word_1_809' title='bbox 3115 4738 3287 4808; x_wconf 83' lang='grc' dir='ltr'>ὑμῶν,</span> <span class='ocrx_word' id='word_1_810' title='bbox 3324 4741 3418 4793; x_wconf 72' lang='grc' dir='ltr'><strong>καὶ</strong></span> <span class='ocrx_word' id='word_1_811' title='bbox 3459 4759 3697 4813; x_wconf 86' lang='grc' dir='ltr'>περιπα-</span> 
     </span>
    </p>
   </div>
   <div class='ocr_carea' id='block_1_109' title="bbox 2133 4823 3696 4904">
    <p class='ocr_par' dir='ltr' id='par_1_109' title="bbox 2133 4823 3696 4904">
     <span class='ocr_line' id='line_1_109' title="bbox 2133 4823 3696 4904; baseline 0.008 -29"><span class='ocrx_word' id='word_1_812' title='bbox 2133 4824 2289 4892; x_wconf 88' lang='grc' dir='ltr'>τήσει</span> <span class='ocrx_word' id='word_1_813' title='bbox 2319 4823 2409 4877; x_wconf 78' lang='grc' dir='ltr'><strong>ἐπὶ</strong></span> <span class='ocrx_word' id='word_1_814' title='bbox 2440 4826 2547 4879; x_wconf 81' lang='grc' dir='ltr'><strong>πᾶν</strong></span> <span class='ocrx_word' id='word_1_815' title='bbox 2594 4828 2771 4897; x_wconf 86' lang='grc' dir='ltr'>τεῖχος</span> <span class='ocrx_word' id='word_1_816' title='bbox 2812 4827 3007 4898; x_wconf 83' lang='grc' dir='ltr'>ὑμῶν,</span> <span class='ocrx_word' id='word_1_817' title='bbox 3068 4830 3162 4883; x_wconf 76' lang='grc' dir='ltr'><strong>καὶ</strong></span> <span class='ocrx_word' id='word_1_818' title='bbox 3209 4830 3398 4900; x_wconf 83' lang='grc' dir='ltr'>ἀφελεῖ</span> <span class='ocrx_word' id='word_1_819' title='bbox 3440 4832 3548 4886; x_wconf 85' lang='grc' dir='ltr'>ἀπὸ</span> <span class='ocrx_word' id='word_1_820' title='bbox 3598 4836 3696 4904; x_wconf 84' lang='grc' dir='ltr'>τῆς</span> 
     </span>
    </p>
   </div>
   <div class='ocr_carea' id='block_1_110' title="bbox 2134 4914 3694 4998">
    <p class='ocr_par' dir='ltr' id='par_1_110' title="bbox 2134 4914 3694 4998">
     <span class='ocr_line' id='line_1_110' title="bbox 2134 4914 3694 4998; baseline 0.009 -31"><span class='ocrx_word' id='word_1_821' title='bbox 2134 4914 2390 4980; x_wconf 81' lang='grc' dir='ltr'>Ἰουδαίας</span> <span class='ocrx_word' id='word_1_822' title='bbox 2422 4916 2727 4987; x_wconf 80' lang='grc' dir='ltr'>ἄνθρωπον,</span> <span class='ocrx_word' id='word_1_823' title='bbox 2775 4918 2834 4983; x_wconf 86' lang='grc' dir='ltr'>ὃς</span> <span class='ocrx_word' id='word_1_824' title='bbox 2883 4919 3165 4991; x_wconf 90' lang='grc' dir='ltr'>δυνήσεται</span> <span class='ocrx_word' id='word_1_825' title='bbox 3218 4922 3694 4998; x_wconf 31' lang='grc' dir='ltr'>κεφαλὴνηᾶραι,ἥ</span> 
     </span>
    </p>
   </div>
   <div class='ocr_carea' id='block_1_111' title="bbox 2130 5006 3689 5088">
    <p class='ocr_par' dir='ltr' id='par_1_111' title="bbox 2130 5006 3689 5088">
     <span class='ocr_line' id='line_1_111' title="bbox 2130 5006 3689 5088; baseline 0.006 -29"><span class='ocrx_word' id='word_1_826' title='bbox 2130 5006 2352 5059; x_wconf 87' lang='grc' dir='ltr'>δυνατὸν</span> <span class='ocrx_word' id='word_1_827' title='bbox 2377 5007 2795 5063; x_wconf 81' lang='grc' dir='ltr'>συντελέσασθαί</span> <span class='ocrx_word' id='word_1_828' title='bbox 2840 5027 2913 5066; x_wconf 90' lang='grc' dir='ltr'><strong>τι.</strong></span> <span class='ocrx_word' id='word_1_829' title='bbox 2966 5013 3076 5066; x_wconf 78' lang='grc' dir='ltr'>Καὶ</span> <span class='ocrx_word' id='word_1_830' title='bbox 3105 5013 3256 5068; x_wconf 79' lang='grc' dir='ltr'>ἔσται</span> <span class='ocrx_word' id='word_1_831' title='bbox 3302 5020 3334 5086; x_wconf 82' lang='grc' dir='ltr'><strong>ἡ</strong></span> <span class='ocrx_word' id='word_1_832' title='bbox 3373 5018 3689 5088; x_wconf 86' lang='grc' dir='ltr'>παρεμϐολὴ</span> 
     </span>
    </p>
   </div>
   <div class='ocr_carea' id='block_1_112' title="bbox 2129 5097 3684 5179">
    <p class='ocr_par' dir='ltr' id='par_1_112' title="bbox 2129 5097 3684 5179">
     <span class='ocr_line' id='line_1_112' title="bbox 2129 5097 3684 5179; baseline 0.009 -31"><span class='ocrx_word' id='word_1_833' title='bbox 2129 5097 2314 5165; x_wconf 82' lang='grc' dir='ltr'>αὑτοῦ,</span> <span class='ocrx_word' id='word_1_834' title='bbox 2357 5097 2495 5151; x_wconf 85' lang='grc' dir='ltr'>ὥστε</span> <span class='ocrx_word' id='word_1_835' title='bbox 2528 5100 2811 5172; x_wconf 80' lang='grc' dir='ltr'>πληρῶσαι</span> <span class='ocrx_word' id='word_1_836' title='bbox 2839 5102 2908 5156; x_wconf 85' lang='grc' dir='ltr'><strong>τά</strong></span> <span class='ocrx_word' id='word_1_837' title='bbox 2940 5104 3117 5175; x_wconf 88' lang='grc' dir='ltr'>πλάτη</span> <span class='ocrx_word' id='word_1_838' title='bbox 3168 5106 3265 5176; x_wconf 86' lang='grc' dir='ltr'>τῆς</span> <span class='ocrx_word' id='word_1_839' title='bbox 3311 5107 3494 5179; x_wconf 86' lang='grc' dir='ltr'>χώρας</span> <span class='ocrx_word' id='word_1_840' title='bbox 3527 5128 3637 5164; x_wconf 90' lang='grc' dir='ltr'>σου.</span> <span class='ocrx_word' id='word_1_841' title='bbox 3666 5130 3684 5162; x_wconf 76' lang='grc' dir='ltr'><strong>ι</strong></span> 
     </span>
    </p>
   </div>
   <div class='ocr_carea' id='block_1_113' title="bbox 2133 5187 3693 5267">
    <p class='ocr_par' dir='ltr' id='par_1_113' title="bbox 2133 5187 3693 5267">
     <span class='ocr_line' id='line_1_113' title="bbox 2133 5187 3693 5267; baseline 0.008 -29"><span class='ocrx_word' id='word_1_842' title='bbox 2133 5187 2309 5259; x_wconf 87' lang='grc' dir='ltr'>Ἤχθη</span> <span class='ocrx_word' id='word_1_843' title='bbox 2336 5189 2392 5241; x_wconf 82' lang='grc' dir='ltr'><strong>δὲ</strong></span> <span class='ocrx_word' id='word_1_844' title='bbox 2447 5191 2526 5252; x_wconf 86' lang='grc' dir='ltr'>εἰς</span> <span class='ocrx_word' id='word_1_845' title='bbox 2565 5191 2736 5262; x_wconf 82' lang='grc' dir='ltr'>πέρας</span> <span class='ocrx_word' id='word_1_846' title='bbox 2788 5192 3002 5246; x_wconf 76' lang='grc' dir='ltr'>ἅπαντα</span> <span class='ocrx_word' id='word_1_847' title='bbox 3053 5194 3229 5259; x_wconf 80' lang='grc' dir='ltr'>ταυτὶ,</span> <span class='ocrx_word' id='word_1_848' title='bbox 3265 5198 3693 5267; x_wconf 83' lang='grc' dir='ltr'>προφητεύοντος</span> 
     </span>
    </p>
   </div>
   <div class='ocr_carea' id='block_1_114' title="bbox 2141 5281 3688 5360">
    <p class='ocr_par' dir='ltr' id='par_1_114' title="bbox 2141 5281 3688 5360">
     <span class='ocr_line' id='line_1_114' title="bbox 2141 5281 3688 5360; baseline 0.006 -28"><span class='ocrx_word' id='word_1_849' title='bbox 2141 5281 2420 5352; x_wconf 87' lang='grc' dir='ltr'>Ἱερεμίου,</span> <span class='ocrx_word' id='word_1_850' title='bbox 2457 5283 2543 5335; x_wconf 80' lang='grc' dir='ltr'><strong>ὅτε</strong></span> <span class='ocrx_word' id='word_1_851' title='bbox 2572 5284 2671 5355; x_wconf 82' lang='grc' dir='ltr'>τῆς</span> <span class='ocrx_word' id='word_1_852' title='bbox 2691 5284 2954 5338; x_wconf 87' lang='grc' dir='ltr'>Ἰουδαίων</span> <span class='ocrx_word' id='word_1_853' title='bbox 2999 5285 3181 5357; x_wconf 83' lang='grc' dir='ltr'>χώρας</span> <span class='ocrx_word' id='word_1_854' title='bbox 3230 5290 3688 5360; x_wconf 84' lang='grc' dir='ltr'>κατεστράτευσεν</span> 
     </span>
    </p>
   </div>
   <div class='ocr_carea' id='block_1_115' title="bbox 2132 5374 3691 5452">
    <p class='ocr_par' dir='ltr' id='par_1_115' title="bbox 2132 5374 3691 5452">
     <span class='ocr_line' id='line_1_115' title="bbox 2132 5374 3691 5452; baseline 0.005 -27"><span class='ocrx_word' id='word_1_855' title='bbox 2132 5375 2160 5425; x_wconf 90' lang='grc' dir='ltr'>ὁ</span> <span class='ocrx_word' id='word_1_856' title='bbox 2203 5374 2694 5446; x_wconf 84' lang='grc' dir='ltr'>Ναϐουχοδονόσορ·</span> <span class='ocrx_word' id='word_1_857' title='bbox 2742 5377 2833 5429; x_wconf 79' lang='grc' dir='ltr'><strong>καὶ</strong></span> <span class='ocrx_word' id='word_1_858' title='bbox 2865 5376 3082 5431; x_wconf 82' lang='grc' dir='ltr'>καθεῖλε</span> <span class='ocrx_word' id='word_1_859' title='bbox 3112 5378 3211 5448; x_wconf 82' lang='grc' dir='ltr'><strong>μὲν</strong></span> <span class='ocrx_word' id='word_1_860' title='bbox 3242 5379 3341 5451; x_wconf 82' lang='grc' dir='ltr'>τὴν</span> <span class='ocrx_word' id='word_1_861' title='bbox 3368 5381 3691 5452; x_wconf 85' lang='grc' dir='ltr'>περιϐόητον</span> 
     </span>
    </p>
   </div>
   <div class='ocr_carea' id='block_1_116' title="bbox 2146 5465 3695 5538">
    <p class='ocr_par' dir='ltr' id='par_1_116' title="bbox 2146 5465 3695 5538">
     <span class='ocr_line' id='line_1_116' title="bbox 2146 5465 3695 5538; baseline 0.005 -21"><span class='ocrx_word' id='word_1_862' title='bbox 2146 5465 2517 5537; x_wconf 83' lang='grc' dir='ltr'>Ἰερουσαλήμ·</span> <span class='ocrx_word' id='word_1_863' title='bbox 2548 5470 2941 5538; x_wconf 86' lang='grc' dir='ltr'>κατεμπρήσας</span> <span class='ocrx_word' id='word_1_864' title='bbox 2965 5470 3021 5522; x_wconf 78' lang='grc' dir='ltr'>δὲ</span> <span class='ocrx_word' id='word_1_865' title='bbox 3044 5475 3136 5523; x_wconf 70' lang='grc' dir='ltr'><strong>καὶ</strong></span> <span class='ocrx_word' id='word_1_866' title='bbox 3160 5473 3249 5523; x_wconf 84' lang='grc' dir='ltr'><strong>τὸν</strong></span> <span class='ocrx_word' id='word_1_867' title='bbox 3275 5473 3420 5535; x_wconf 83' lang='grc' dir='ltr'>ναὸν,</span> <span class='ocrx_word' id='word_1_868' title='bbox 3455 5474 3547 5526; x_wconf 71' lang='grc' dir='ltr'><strong>καὶ</strong></span> <span class='ocrx_word' id='word_1_869' title='bbox 3573 5474 3695 5535; x_wconf 74' lang='grc' dir='ltr'>τοὺς</span> 
     </span>
    </p>
   </div>
   <div class='ocr_carea' id='block_1_117' title="bbox 452 5547 3695 5637">
    <p class='ocr_par' dir='ltr' id='par_1_117' title="bbox 452 5547 3695 5637">
     <span class='ocr_line' id='line_1_117' title="bbox 452 5547 3695 5637; baseline 0.005 -32"><span class='ocrx_word' id='word_1_870' title='bbox 452 5547 565 5605; x_wconf 81' lang='grc' dir='ltr'>τῶν</span> <span class='ocrx_word' id='word_1_871' title='bbox 620 5550 888 5604; x_wconf 77' lang='grc' dir='ltr'>Ἰουδαίων</span> <span class='ocrx_word' id='word_1_872' title='bbox 942 5554 1244 5625; x_wconf 79' lang='grc' dir='ltr'>ἐπισήμους</span> <span class='ocrx_word' id='word_1_873' title='bbox 1301 5556 1648 5623; x_wconf 86' lang='grc' dir='ltr'>ἀπεκτονὼς,</span> <span class='ocrx_word' id='word_1_874' title='bbox 1711 5557 1847 5629; x_wconf 85' lang='grc' dir='ltr'>ὁμοῦ</span> <span class='ocrx_word' id='word_1_875' title='bbox 1913 5562 2026 5623; x_wconf 87' lang='grc' dir='ltr'>τοῖς</span> <span class='ocrx_word' id='word_1_876' title='bbox 2066 5562 2284 5615; x_wconf 81' lang='grc' dir='ltr'>σκεύεσι</span> <span class='ocrx_word' id='word_1_877' title='bbox 2313 5566 2424 5626; x_wconf 89' lang='grc' dir='ltr'>τοῖς</span> <span class='ocrx_word' id='word_1_878' title='bbox 2481 5565 2645 5634; x_wconf 79' lang='grc' dir='ltr'>ἱεροῖς</span> <span class='ocrx_word' id='word_1_879' title='bbox 2696 5565 2792 5634; x_wconf 76' lang='grc' dir='ltr'><strong>τὴν</strong></span> <span class='ocrx_word' id='word_1_880' title='bbox 2820 5566 2986 5636; x_wconf 82' lang='grc' dir='ltr'>ἄλλην</span> <span class='ocrx_word' id='word_1_881' title='bbox 3010 5568 3222 5620; x_wconf 75' lang='grc' dir='ltr'>ἃπασαν</span> <span class='ocrx_word' id='word_1_882' title='bbox 3263 5566 3355 5619; x_wconf 71' lang='grc' dir='ltr'><strong>καὶ</strong></span> <span class='ocrx_word' id='word_1_883' title='bbox 3381 5566 3695 5637; x_wconf 80' lang='grc' dir='ltr'>ύπολελειμ·</span> 
     </span>
    </p>
   </div>
   <div class='ocr_carea' id='block_1_118' title="bbox 524 5705 2049 5785">
    <p class='ocr_par' dir='ltr' id='par_1_118' title="bbox 524 5705 2049 5785">
     <span class='ocr_line' id='line_1_118' title="bbox 524 5705 2049 5785; baseline 0.009 -25"><span class='ocrx_word' id='word_1_884' title='bbox 524 5707 574 5741; x_wconf 84' lang='grc'><strong><em>⁸³</em></strong></span> <span class='ocrx_word' id='word_1_885' title='bbox 592 5705 749 5762; x_wconf 81' lang='lat' dir='ltr'><strong>Joan.</strong></span> <span class='ocrx_word' id='word_1_886' title='bbox 794 5711 1018 5776; x_wconf 69' lang='lat'><strong>111,15.</strong></span> <span class='ocrx_word' id='word_1_887' title='bbox 1094 5712 1141 5744; x_wconf 75' lang='grc'><strong>⁸⁸</strong></span> <span class='ocrx_word' id='word_1_888' title='bbox 1166 5712 1327 5769; x_wconf 80' lang='lat' dir='ltr'><strong>llehr.</strong></span> <span class='ocrx_word' id='word_1_889' title='bbox 1358 5731 1437 5782; x_wconf 88' lang='grc' dir='ltr'>ιιι,</span> <span class='ocrx_word' id='word_1_890' title='bbox 1468 5718 1517 5769; x_wconf 80' lang='grc'>1.</span> <span class='ocrx_word' id='word_1_891' title='bbox 1594 5718 1637 5748; x_wconf 80' lang='grc'><strong>⁵⁷</strong></span> <span class='ocrx_word' id='word_1_892' title='bbox 1662 5716 1886 5771; x_wconf 75' lang='lat' dir='ltr'><strong>Nahum.</strong></span> <span class='ocrx_word' id='word_1_893' title='bbox 1915 5733 1974 5785; x_wconf 86' lang='grc' dir='ltr'><strong>ιι,</strong></span> <span class='ocrx_word' id='word_1_894' title='bbox 1999 5717 2049 5774; x_wconf 80' lang='grc'>8.</span> 
     </span>
    </p>
   </div>
  </div>
