4152 6366
390 324 495 379 999
1534 333 1600 389 IN
1638 332 1882 419 rsum.
1904 331 1980 385 ιιι

2080 331 2090 385 l
2150 332 2357 388 ORAT.
2400 332 2465 388 γ.
3528 331 3633 387 Ξῖιο

393 444 563 513 μένην
590 445 652 496 ὲκ
682 445 777 498 τοῦ
822 446 1058 518 πολέμου
1111 445 1321 517 πληθὺν
1378 446 1713 517 ἀπεκόμισεν
1768 450 1846 511 εἰς
1895 446 1994 517 τὴν
2062 445 2277 501 ἑαυτοῦ.
2312 446 2583 517 Πρόδηλον
2605 441 2699 499 οὖν
2727 446 2806 500 ὅτι
2836 450 2948 511 τοῖς
2976 446 3073 500 οὐκ
3109 446 3385 501 ἐθέλουσιν
3410 448 3552 519 ἔχειν
3573 450 3635 502 τὸ

390 536 534 608 ὕδωρ
557 537 649 590 τοῦ
677 538 900 611 Σιλωάμ
928 540 991 592 τὸ
1028 541 1394 611 πορευόμενον
1426 541 1626 611 ἡσυχῆ,
1661 540 1803 593 τοῦτ’
1850 541 1964 593 ἔστι
2005 540 2259 611 Χριστὸν,
2334 541 2453 610 ἦτοι
2487 540 2586 611 τὴν
2644 539 2749 592 ὑπὸ
2784 539 2902 609 Θεῷ
2963 539 3255 609 βασιλείαν,
3307 541 3634 611 ὲπιπηδήσει

390 632 605 696 πάντως
654 635 684 686 6
750 634 857 687 τῶν
896 633 1102 704 νοητῶν
1171 635 1471 706 Ἀσσυρίων
1501 635 1771 705 βασιλεὺς,
1800 634 1942 687 τοῦτ’
1965 635 2132 698 ἔστιν,
2162 636 2191 686 6
2257 635 2515 697 Σατανᾶς,
2553 635 2646 688 καὶ
2701 633 3073 704 αἰχμαλώτους
3129 633 3281 699 ἑλὼν,
3309 636 3421 697 τοῖς
3489 634 3634 697 ίδίοις

391 724 657 794 ὑποθήσει
693 724 895 793 ζυγοῖς,
929 724 1024 778 καὶ
1052 726 1266 795 ποιήσει
1287 725 1524 790 δούλους,
1554 728 1673 789 ταῖς
1708 726 1771 779 ὲκ
1792 724 2143 797 πολυτρόπων
2182 724 2463 795 ἁμαρτιῶν
2496 725 2884 793 κατασφίγγων
2916 726 3142 794 σειραῖς.

461 816 597 871 Μεθ’
626 815 790 886 ἡμῶν
823 822 855 871 ό
887 818 1049 884 Θεὸς,
1084 818 1270 888 γνῶτε
1326 820 1491 888 ἔθνη,
1544 820 1642 873 καὶ
1673 820 1933 887 ἡττᾶσθε
1959 836 1972 850 ·

2151 818 2314 872 Vens.
2356 820 2505 873 9-10.
2561 820 2851 874 Nobiscum
2909 820 3072 883 Deus,
3111 821 3293 873 scitote
3325 829 3499 887 gentes
3526 858 3542 884 ,
3583 827 3635 872 et

390 910 765 962 ἐπακούσατε
811 909 923 975 ἕως
972 910 1234 980 ἐσχάτου
1288 911 1399 980 τῆς
1448 912 1562 982 γῆς
1593 928 1606 941 ·
1652 912 1965 981 ῑσχυκότες

2080 909 2333 963 vincimini
2366 924 2383 961 :
2424 910 2667 961 exaudite
2693 925 2851 978 usque
2883 912 2949 962 ad
2998 920 3289 962 extremum
3318 921 3471 962 terra:
3497 926 3515 973 ;
3546 909 3637 978 qui

390 999 670 1067 ⁴ἡττᾶσθε.
708 1002 852 1055 Ἐὰν
872 1003 981 1072 γὰρ
1010 1004 1196 1056 πάλιν
1224 1006 1537 1072 ὶσχύσητε,
1579 1003 1766 1058 πάλιν
1786 1004 1967 1072 ἡττη-

2080 1000 2442 1062 nrtevaluistis,
2480 1000 2772 1070 vincimini.
2818 997 2878 1053 Si
2920 999 3058 1052 enim
3098 1015 3285 1052 rursus
3340 1000 3630 1067 promotus-

392 1089 677 1155 θήσεσθε.
737 1091 849 1144 Καὶ
916 1090 997 1159 ἢν
1057 1092 1135 1146 ἂν
1193 1093 1623 1162 βουλεύσησθε
1684 1092 1928 1162 βουλὴν
1951 1134 1966 1160 ,

2080 1090 2209 1153 ritis,
2238 1091 2395 1143 etiam
2427 1090 2616 1142 iterum
2643 1090 2945 1144 vincemiui.
2978 1089 3048 1142 Et
3088 1091 3429 1159 quodcunque
3460 1092 3632 1143 consi-

392 1178 779 1233 διασκεδάσει
840 1182 1104 1249 Κύριοςο
1136 1182 1233 1235 καὶ
1286 1186 1473 1251 λόγον
1515 1182 1586 1235 ὃν
1642 1182 1716 1236 ἂν
1774 1180 1965 1248 λαλή-

2080 1183 2200 1235 lium
2255 1182 2536 1246 iniveritis,
2594 1182 2869 1251 dissipabit
2898 1181 3176 1245 Dominus,
3207 1197 3255 1235 et
3286 1199 3451 1236 sermo
3484 1200 3633 1252 quem

393 1287 559 1337 σητε,
621 1276 693 1324 οὐ
735 1270 822 1340 μὴ
858 1273 1103 1342 ἐμμεὶνῃ
1129 1289 1143 1303 ·
1178 1274 1267 1327 ὅτι
1315 1274 1445 1343 μεθ’
1492 1272 1659 1343 ἡμῶν
1695 1275 1908 1343 Κύριος
1936 1276 1970 1327 ὀ

2080 1273 2359 1341 loquamini
2398 1272 2611 1325 minime
2652 1271 2837 1337 stabit,
2890 1272 3014 1341 quia
3064 1273 3330 1326 nobiscum
3376 1272 3635 1327 Dominus

398 1364 556 1426 Θεός.
2071 1362 2232 1417 Deus.

480 1455 807 1527 Ἀνασκιρτᾷ
834 1456 911 1525 τῷ
944 1457 1199 1529 προφήτῃ
1257 1457 1393 1527 πρὸς
1449 1456 1715 1529 θυμηδίαν
1745 1460 1773 1510 6
1825 1457 1969 1523 νοῦς,

402 1549 739 1617 ὲπεγνωκότι
780 1548 968 1618 σαφῶς
999 1550 1060 1602 τὸ
1090 1550 1326 1621 Χριστοῦ
1361 1553 1677 1621 μυστήριον.
1708 1545 1839 1603 Εἶτα
1863 1551 1972 1602 τῶν

397 1640 567 1707 ἁγίων
599 1642 1002 1709 εὑαγγελιστῶν
1033 1644 1126 1695 καὶ
1164 1643 1347 1712 μέντοι
1378 1644 1471 1693 καὶ
1504 1641 1814 1694 ἀποστόλων
1854 1642 1973 1694 τότε

397 1730 853 1800 πρόσωπονσόμοῦ
882 1732 975 1784 καὶ
1016 1732 1107 1783 τὸν
1142 1731 1297 1798 λόγον
1331 1729 1635 1792 ἀναλαϐὼν,
1667 1729 1889 1797 Ἕλλησί
1914 1745 1974 1780 τε

398 1818 496 1871 atat
524 1818 799 1883 Ἰουδαίοις
832 1819 1113 1889 μονονουχὶ
1160 1820 1254 1873 καὶ
1291 1818 1761 1890 διαμαρτύρεται,
1813 1815 1976 1870 ὅπλον

399 1911 513 1971 τοῖς
546 1912 933 1980 πεποιημένοις
960 1910 1141 1975 αὑτὸν,
1161 1910 1311 1963 οὐδὲν
1342 1911 1490 1963 ἔσται
1511 1910 1572 1962 τὸ
1602 1908 1973 1962 ἀντιστατοῦν.

399 2002 526 2065 Τοῖς
552 2002 648 2072 μὲν
686 1998 779 2055 οὖν
810 2002 988 2057 ἔθνεσι
1037 2003 1130 2056 δύο
1176 2003 1350 2056 ταῦτα
1404 2002 1743 2074 κατορθῶσαι
1795 2004 1976 2057 διακε-

399 2091 634 2155 λεύεται,
652 2092 943 2161 διαγνῶναί
969 2110 1029 2145 τε
1048 2094 1111 2146 τὸ
1137 2092 1372 2163 Χριστοῦ
1401 2095 1717 2165 μυστήριον,
1747 2094 1839 2148 καὶ
1869 2097 1975 2165 μὴν

2146 1454 2337 1508 Exsilit
2372 1469 2481 1523 pra:
2520 1455 2716 1524 gaudio
2747 1455 2961 1511 animus
2984 1456 3279 1527 praphetaz,
3324 1466 3507 1526 utpote
3543 1456 3634 1525 qui

2076 1546 2232 1615 plane
2270 1546 2469 1601 Christi
2512 1548 2827 1618 mysterium
2872 1549 3111 1619 agnovit.
3176 1546 3376 1602 Deinde
3423 1534 3637 1601 Sancto-

2079 1655 2194 1693 rum
2225 1641 2684 1708 evangelistarum
2732 1650 2788 1696 et
2836 1640 3204 1710 apostolorum
3237 1648 3349 1693 tum
3383 1656 3634 1708 persona,

2079 1741 2187 1785 tum
2233 1733 2483 1786 oratione
2521 1742 2794 1803 assumpta
2820 1772 2835 1798 ,
2870 1733 3073 1788 Graecis
3108 1741 3161 1787 et
3203 1730 3400 1786 Judaeis
3431 1742 3636 1786 tantum

2080 1838 2185 1877 non
2223 1831 2585 1888 contestatur,
2613 1824 2757 1893 quod
2798 1824 2841 1877 si
2870 1823 3019 1877 illum
3046 1837 3192 1876 arma
3223 1822 3471 1889 fecerint,
3505 1822 3639 1876 nihil

2080 1912 2320 1967 futurum
2360 1916 2429 1969 sit
2458 1917 2598 1983 quod
2628 1917 2863 1970 resistat.
2891 1914 3151 1971 Gentibus
3187 1915 3348 1983 igitur
3374 1916 3636 1985 praecipit,

2079 2013 2137 2057 ut
2167 2005 2275 2059 duo
2306 2007 2418 2059 haec
2454 2014 2600 2060 recte
2629 2021 2691 2059 ac
2716 2006 3001 2076 diligenter
3031 2007 3232 2061 faciant
3267 2046 3281 2071 ,
3316 2016 3371 2060 ut
3407 2021 3638 2076 cognos-

2080 2109 2203 2153 Cant
2248 2099 2449 2153 Christi
2503 2101 2844 2170 mysterium,
2911 2110 2966 2154 et
3001 2110 3058 2155 ut
3108 2102 3174 2154 ab
3232 2100 3318 2155 his
3370 2102 3460 2170 qui
3509 2099 3639 2153 illud

400 2185 484 2237 ὅτι
516 2184 608 2236 καὶ
638 2184 901 2254 ἡττᾶσθαι
936 2184 1042 2255 χρὴ
1080 2188 1191 2247 τοῖς
1228 2184 1567 2238 διδάσκουσιν
1596 2186 1745 2239 αὑτό.
1804 2186 1977 2238 Γνῶτε

2081 2190 2273 2245 docent
2304 2191 2444 2245 vinci
2480 2206 2538 2245 se
2570 2193 2862 2260 patiantur.
2910 2192 3119 2247 Scitote
3148 2193 3318 2258 enim,
3355 2193 3551 2261 inquit,
3584 2202 3639 2246 et

402 2274 533 2345 γὰρ,
570 2275 724 2344 φησὶ,
756 2275 851 2327 καὶ
879 2274 970 2327 τὸν
1001 2276 1058 2327 ὲν
1093 2276 1242 2346 αὐτῷ
1278 2276 1501 2340 δέξασθε
1541 2276 1720 2344 λόγον,
1756 2277 1849 2329 καὶ
1881 2278 1977 2347 ήτ-

401 2365 626 2436 τήθητε,
654 2364 800 2417 τοῦτ’
824 2364 960 2432 ἔστι,
994 2369 1398 2437 παραχωρεῖτε,
1434 2368 1528 2420 καὶ
1561 2366 1635 2437 μὴ
1658 2366 1977 2421 ἀνθίστασθε

401 2458 517 2518 τοῖς
547 2455 722 2523 ἁγίοις
757 2460 1156 2525 μυσταγωγοῖς·
1188 2456 1536 2511 ὑπακούσατε
1560 2458 1617 2510 δὲ
1658 2458 1856 2529 μᾶλλον
1882 2460 1978 2511 αὑ-

400 2548 515 2609 τοῖς
567 2546 672 2609 ἓως
730 2546 957 2617 ἐσχάτου
1018 2549 1116 2617 τῆς
1168 2549 1295 2618 γῆς,
1333 2549 1477 2602 τοῦτ’
1529 2549 1694 2617 ἐστιν,
1734 2552 1782 2603 οἱ
1837 2550 1977 2604 κατά

405 2635 582 2688 πᾶσάν
611 2652 667 2687 τε
697 2636 851 2688 πόλιν
873 2636 967 2689 καὶ
1001 2635 1207 2712 χώραν,
1249 2638 1342 2691 καὶ
1376 2639 1538 2710 μέχρι
1568 2639 1747 2693 αὐτῶν
1772 2642 1979 2711 τερμάο

404 2744 511 2778 των
545 2728 643 2796 τῆς
673 2727 765 2779 ὑπ’
800 2727 1046 2798 οὐρανόν.
1083 2728 1146 2781 υἱ
1167 2728 1225 2782 δὲ
1251 2728 1556 2801 ἡττώμενοι
1585 2748 1644 2783 τε
1672 2734 1765 2785 καὶ
1798 2750 1980 2805 παρα-

402 2821 599 2888 χωρεῖν
627 2817 899 2881 ὲθέλοντες
916 2819 976 2871 τὸ
1000 2821 1155 2890 νικᾷν
1177 2823 1289 2883 τοῖς
1312 2824 1409 2892 τῆς
1442 2822 1700 2892 ἀληΟείας
1725 2823 1977 2879 διδασκά-

404 2912 518 2976 λοις
544 2953 558 2974 ,
588 2912 918 2978 εἰσδέξονται
958 2914 1057 2982 μὲν
1085 2914 1321 2977 εὐκόλως
1352 2914 1442 2967 τὸν
1474 2918 1603 2986 παρ’
1628 2916 1775 2988 αὐτῷ
1801 2917 1976 2986 λόγον,

410 3006 836 3068 πεπιστευκότες
868 3006 926 3058 δὲ
958 3008 1037 3070 είς
1069 3007 1304 3079 Χριστὸν
1341 3007 1647 3077 βαδιοῦνται
1690 3012 1811 3063 κατ’
1852 3011 1978 3065 εὐθὺ

408 3100 605 3162 παντὸς
636 3098 863 3168 ἀγαθοῦ,
898 3102 993 3154 καὶ
1029 3102 1127 3170 τὴν
1158 3101 1304 3172 αὐτῷ
1342 3102 1663 3173 φιλαιτάτην
1707 3104 1981 3174 κατορθώο

410 3208 599 3255 σαντες
636 3192 859 3263 ἀρετὴν,
885 3190 1142 3262 λαμπράν
1169 3209 1228 3245 τε
1265 3193 1357 3246 καὶ
1403 3194 1764 3266 ἀξιοζήλωτον
1814 3212 1980 3248 κατα-

408 3284 872 3355 κληρονομήσουσι
894 3284 1070 3349 δόξαν.
1098 3286 1209 3339 Καὶ
1232 3286 1393 3339 ταυτὶ
1439 3288 1536 3357 μὲν
1564 3290 1675 3350 τοῖς
1714 3286 1981 3358 Ἐλλήνων

412 3377 671 3445 στίφεσιν,
700 3377 775 3439 ὡς
806 3378 869 3429 ἐκ
892 3375 1183 3448 προσώπου
1211 3377 1317 3429 τῶν
1346 3378 1515 3446 ἁγίων
1539 3380 1852 3433 ἀποστόλων
1887 3380 1980 3432 καὶ

410 3468 810 3537 εύαγγελιστῶν
844 3471 871 3521 6
899 3470 1181 3540 προφήτης
1217 3470 1399 3539 φησίν·
1445 3470 1630 3541 Ὑμεῖς
1660 3471 1737 3538 δὲ,
1770 3467 1813 3525 ὦ
1847 3473 1977 3524 Ἰου-

2076 2281 2191 2350 ejus
2230 2296 2531 2336 sermonem
2566 2283 2762 2352 capite,
2790 2292 2845 2338 et
2878 2284 3179 2346 vincimini,
3214 2284 3264 2337 id
3320 2294 3426 2350 est,
3460 2285 3636 2339 cedite

2075 2382 2129 2424 et
2155 2373 2356 2427 sanctis
2419 2373 2751 2443 mystagogis
2810 2373 2977 2429 nolite
3029 2375 3326 2438 resistere,
3383 2374 3478 2427 sed
3534 2372 3641 2427 illis

2077 2466 2254 2532 potius
2305 2465 2709 2529 obsecundate,
2758 2475 2814 2520 et
2856 2466 3147 2532 exaudite,
3198 2479 3368 2533 usque
3433 2464 3499 2517 ad
3540 2479 3638 2517 cx-

2078 2566 2307 2612 tretnum
2343 2567 2539 2624 terrae,
2603 2558 2653 2611 id
2686 2567 2791 2624 est,
2856 2558 2946 2628 qui
2993 2558 3046 2612 in
3078 2558 3269 2626 quavis
3308 2555 3531 2611 civitate
3582 2565 3640 2610 et

2078 2649 2297 2718 regione
2349 2649 2500 2714 estis,
2530 2658 2586 2703 et
2616 2665 2785 2717 usque
2815 2650 2881 2702 ad
2938 2650 3081 2716 ipsos
3114 2648 3249 2703 ﬁnes
3279 2648 3430 2703 orbis
3464 2656 3637 2703 terra-

2078 2754 2221 2793 rum.
2263 2739 2422 2811 139
2441 2739 2646 2810 Quippe
2677 2741 2801 2795 victi
2832 2742 2921 2810 qui
2944 2750 3090 2806 sunt,
3126 2740 3325 2810 quique
3352 2740 3633 2794 victoriam

2078 2833 2355 2901 magistris
2389 2836 2633 2888 veritatis
2653 2834 2955 2888 concedere
2995 2832 3209 2898 volunt,
3256 2832 3414 2887 facile
3452 2846 3640 2886 eorum

2078 2924 2309 2978 orationi
2351 2926 2629 2992 accedent,
2666 2935 2721 2980 et
2752 2926 3033 2979 credentes
3072 2925 3124 2978 in
3163 2925 3465 2987 Christum,
3493 2933 3639 2977 recta

2079 3012 2309 3067 inomni
2343 3015 2627 3082 probitatis
2680 3031 2878 3084 genere
2927 3015 3378 3085 progredientur,
3440 3014 3641 3083 gratis-

2083 3106 2384 3173 simamque
2422 3107 2471 3161 ei
2496 3109 2749 3160 virtutem
2808 3107 3140 3173 excolentes,
3174 3106 3535 3176 splendidam,
3589 3117 3643 3159 ea

2082 3199 2443 3252 admiratione
2495 3199 2948 3268 auuolationeque
2997 3200 3367 3268 dignissimam
3416 3198 3641 3267 gloriam

2080 3302 2501 3358 consequentur.
2541 3290 2606 3343 Et
2649 3291 2761 3345 tuac
2812 3290 3027 3360 quidem
3086 3290 3397 3344 Graecorum
3433 3290 3644 3344 cohorti

2082 3388 2332 3444 tauquam
2391 3396 2455 3434 ex
2524 3396 2752 3447 persona
2803 3391 3113 3436 sanctorum
3169 3383 3533 3452 apostolorum
3583 3395 3647 3436 ac

2082 3473 2537 3541 evangelismrum
2588 3473 2851 3541 propheta
2878 3473 3008 3525 dicit
3042 3489 3057 3527 :
3093 3471 3200 3527 Vos
3229 3485 3431 3537 autem,
3474 3490 3507 3527 0
3548 3472 3647 3529 Jun

407 3562 567 3630 δαῖοι,
603 3563 883 3632 ίσχυκότες
914 3562 1165 3632 ἡττᾶσθε.
1200 3564 1361 3617 Ὅσον
1390 3564 1491 3635 μὲν
1516 3566 1623 3637 γὰρ
1669 3568 1746 3628 εἰς
1797 3584 1859 3635 γε
1891 3567 1979 3620 τὸν

2086 3564 2221 3626 dmi,
2265 3563 2353 3631 qui
2415 3562 2792 3631 praevaluistis,
2852 3563 3151 3617 vincimini.
3215 3562 3348 3616 Nam
3384 3566 3525 3632 quod
3575 3565 3643 3619 ad

411 3657 598 3709 ἐνόντα
624 3658 737 3717 τοῖς
776 3656 1051 3718 Ἰουδαίοις
1084 3655 1305 3719 σκοπὸν,
1362 3657 1694 3726 κατίσχυσαν
1721 3658 1815 3710 τοῦ
1850 3660 1983 3729 Χρι-

415 3746 564 3812 στοῦ,
596 3746 813 3817 σταυρῷ
839 3745 1171 3817 παραδόντες
1203 3748 1252 3799 οἱ
1278 3747 1518 3800 δείλαιοι.
1552 3748 1696 3819 Πλὴν
1732 3749 1982 3803 ἐδουλεύ-

416 3855 576 3891 σαντο
605 3837 822 3907 βουλὴν,
852 3838 917 3907 ἣν
948 3838 1008 3889 οὐ
1041 3837 1117 3907 μὴ
1159 3836 1420 3891 δύνωνται
1471 3841 1680 3909 στῆσαι,
1739 3841 1880 3893 κατά
1922 3842 1983 3893 τὸ

412 3931 817 4002 γεγραμμένον.
856 3930 929 3981 Οὐ
975 3929 1084 4000 γὰρ
1106 3925 1173 3999 ἦν
1208 3929 1463 3983 δύνασθαι
1495 3930 1709 4002 θανάτῳ
1762 3932 1983 4004 περιϐα-

413 4023 525 4075 λεῖν
549 4022 639 4075 τὸν
667 4020 907 4092 ἀρχηγὸν
934 4024 1031 4090 τῆς
1055 4023 1218 4091 ζωῆς.
1237 4022 1445 4075 Οὐκοῦν
1461 4025 1509 4076 εἰ
1526 4024 1618 4076 καὶ
1645 4026 1982 4095 νενομίκατε,

414 4115 599 4183 φησὶν,
633 4112 849 4183 ἰσχῦσαι
870 4113 1425 4183 Κυριοκτονήσαντες,
1454 4113 1569 4167 ἀλλ’
1599 4109 1691 4167 οὖν
1716 4100 1981 4185 ήττήθητε

412 4206 619 4269 λοιπὸν,
647 4205 741 4258 καὶ
768 4204 885 4257 δότε
919 4204 978 4257 τὸ
1008 4205 1257 4269 εὐπειθὲς
1305 4207 1736 4278 παραδεξάμενοι
1774 4209 1871 4281 τὴν
1902 4211 1984 4263 πί-

414 4311 549 4361 στιν,
582 4296 748 4366 ήγουν
776 4296 952 4348 ἐκεῖνο
974 4294 1288 4364 γινώσκετε,
1309 4295 1408 4349 κᾶν
1435 4298 1515 4349 ὅτι
1541 4297 1702 4351 πάλιν
1731 4299 1981 4372 ἰσχύσητε

418 4384 491 4454 μὴ
526 4384 847 4453 ἀνεχόμενοι
901 4382 1000 4453 τῆς
1056 4383 1426 4450 διδασκαλίας,
1466 4386 1580 4439 ἀλλ’
1621 4388 1983 4460 ἐπιτιμῶντες

413 4475 620 4544 ἀγρίως
640 4477 753 4538 τοῖς
775 4474 835 4526 τὸ
864 4475 1195 4543 Εὑαγγέλιον
1230 4477 1675 4545 καταγγέλλουσι,
1703 4478 1863 4533 πάλιν
1885 4483 1980 4552 ἡτ-

411 4568 712 4639 τηθήσεσθε
747 4566 1026 4631 κολάζοντι
1055 4568 1241 4623 λοιπὸν
1295 4569 1372 4641 τῷ
1404 4572 1604 4642 Κριτῇ,
1638 4572 1732 4625 καὶ
1762 4572 1860 4637 τάς
1887 4574 1982 4643 τῆς

413 4658 555 4714 οὕτω
593 4662 814 4731 μακρᾶς
873 4660 1129 4723 ἀπονοίας
1182 4661 1421 4717 αἰτοῦντι
1472 4663 1647 4727 δίκας.
1688 4666 1752 4717 "0
1793 4665 1856 4737 δὴ
1889 4667 1983 4720 καὶ

414 4752 745 4822 πέπρακται.
774 4752 928 4806 Μετά
956 4751 1062 4823 γάρ
1080 4769 1163 4805 τοι
1200 4752 1260 4805 τὸ
1284 4753 1582 4808 ἀναϐιῶναι
1602 4756 1858 4827 Χριστὸν,
1887 4759 1980 4810 καὶ
2011 4775 2055 4831 D

412 4844 651 4898 ἀνελθεῖν
679 4846 759 4906 είς
804 4844 1049 4914 οὐρανὸν,
1103 4846 1199 4898 καὶ
1246 4847 1426 4910 αὐτοῖς
1471 4847 1826 4902 ἐπεϐούλευον
1872 4852 1979 4913 τοῖς

414 4935 587 5001 ἁγίοις
614 4931 949 4997 ἀποστόλοις·
984 4934 1079 4985 καὶ
1130 4934 1193 5004 δὴ
1230 4935 1321 4986 καὶ
1370 4936 1713 5006 εἰσφέροντες
1754 4940 1810 4991 ἐν
1867 4941 1979 5003 τοῖς

414 5026 709 5097 συνεδρίοις
736 5025 964 5078 ἔτυπτον
990 5024 1341 5092 ἐγκαλοῦντες
1370 5028 1460 5079 καὶ
1480 5027 1747 5096 λέγοντες·
1767 5031 1981 5099 Παραγ-

412 5115 566 5187 γελίᾳ
587 5114 1035 5186 παρηγγείλαμεν
1083 5115 1210 5186 ὑμῖν
1261 5118 1335 5187 μὴ
1388 5116 1567 5171 λαλεῖν
1618 5136 1723 5173 τινι
1772 5121 1865 5173 ἐπὶ
1900 5121 1980 5191 τῷ

412 5208 633 5278 ὀνόματι
670 5205 873 5277 τούτῳ,
903 5207 996 5259 καὶ
1027 5206 1135 5260 ἰδοὺ
1164 5206 1561 5278 πεπληρώκατε
1588 5208 1685 5280 τὴν
1715 5211 1983 5283 Ἰερουσα-

413 5298 521 5367 λὴμ
550 5298 649 5367 τῆς
688 5298 907 5369 διδαχῆς
930 5297 1102 5368 ὑμῶν.
1135 5297 1342 5350 Οὐκοῦν
1384 5298 1566 5363 ἔδοξαν
1599 5302 1694 5371 μὲν
1719 5302 1813 5355 καὶ
1840 5303 1981 5356 κατὰ

412 5390 565 5443 τοῦτο
593 5392 816 5461 ἰσχύειν,
854 5390 991 5459 πλὴν
1022 5390 1253 5460 ἀνόνητα
1298 5391 1477 5445 πάντα
1516 5394 1716 5458 αὐτοῖς,
1747 5397 1837 5447 καὶ
1860 5395 1980 5464 βου-

414 5482 498 5552 λὴ,
528 5482 621 5535 καὶ
648 5480 861 5549 σκέψις,
899 5481 991 5533 καὶ
1026 5479 1201 5549 λόγος·
1250 5482 1445 5535 ἐνίκων
1477 5484 1583 5553 γὰρ
1610 5485 1659 5536 οἱ
1708 5484 1981 5539 θεσπέσιοι

418 5572 651 5642 μαθηται)⁸
676 5572 929 5638 λέγοντες
949 5610 964 5635 ,
992 5572 1127 5625 διότι
1172 5572 1306 5626 Μεθ’
1338 5573 1497 5644 ήμῶν
1536 5575 1737 5647 Κύριος
1773 5579 1802 5630 6
1828 5577 1979 5641 Θεός.

415 5664 554 5717 om
588 5665 791 5735 πικρὰς
844 5661 1094 5736 ὲξτηνται
1142 5664 1314 5731 δίκας,
1345 5669 1462 5731 ταῖς
1494 5666 1776 5740 Ῥωμαίων
1820 5687 1981 5740 στρα-

412 5760 550 5821 τιαῖς
577 5758 671 5811 καὶ
700 5758 799 5825 οὐχ
826 5756 1039 5819 ἑκόντες
1064 5755 1385 5828 ἡττώμενοι.

2084 3651 2389 3706 Judaeorunt
2421 3655 2644 3722 quidem
2671 3654 2979 3708 institutum
3012 3656 3224 3719 attinet,
3251 3654 3647 3723 praevalueruut

2083 3741 2300 3795 Christo
2337 3756 2457 3795 cum
2511 3743 2693 3796 miser‘i
2734 3743 2879 3796 cruci
2935 3758 3057 3797 eum
3105 3745 3378 3797 traderent
3411 3761 3425 3797 :
3459 3759 3646 3798 verum

2084 3831 2357 3885 iuiverunt
2388 3832 2694 3898 consilium,
2737 3833 2879 3902 quod
2917 3849 3024 3887 non
3060 3843 3347 3902 potuerant
3378 3835 3645 3900 stabilire,

2078 3923 2231 3991 juxta
2261 3923 2309 3976 id
2343 3923 2485 3992 quod
2515 3924 2776 3993 scriptum
2807 3933 2909 3978 est.
2942 3924 3054 3979 Nec
3097 3925 3238 3978 enim
3285 3924 3399 3978 ﬁeri
3449 3926 3644 3995 potuit,

2085 4024 2144 4071 ut
2176 4024 2350 4069 morte
2383 4030 2696 4084 oppressum
2736 4026 2986 4070 tenerent
3017 4017 3143 4070 vitae
3184 4016 3504 4084 principem.
3543 4019 3649 4070 Ita-

2083 4123 2188 4177 que
2214 4108 2318 4161 etsi
2356 4106 2638 4175 putavistis
2670 4108 2905 4175 potiores
2949 4106 3135 4161 tulisse
3188 4121 3308 4159 cum
3360 4107 3643 4160 Dominum

2087 4196 2453 4251 trucidavistis
2480 4236 2494 4262 ,
2532 4206 2709 4251 tamen
2759 4197 3011 4266 deinceps
3041 4196 3341 4259 vincimini,
3394 4207 3649 4266 praestate

2083 4287 2465 4354 obedientiam,
2520 4287 2677 4341 ﬁdem
2705 4288 3112 4356 amplectimini,
3152 4302 3216 4341 ac
3260 4286 3393 4341 illud
3426 4288 3643 4354 scitote,

2083 4382 2223 4451 quod
2266 4382 2367 4435 etsi
2412 4383 2637 4450 posthac
2699 4379 3115 4449 prtevalueritis,
3145 4389 3322 4435 tamen
3365 4380 3410 4435 si
3444 4391 3647 4448 mysta-

2083 4474 2294 4542 gogiam
2329 4472 2471 4525 ferre
2506 4486 2613 4525 non
2645 4472 2844 4539 velitis,
2879 4472 2973 4527 sed
3025 4471 3108 4528 bis
3152 4474 3242 4543 qui
3296 4472 3646 4541 Evangelium

2084 4564 2431 4626 aununtiant,
2462 4562 2757 4617 crudeliter
2818 4564 3109 4626 insultetis,
3157 4566 3223 4618 de
3265 4565 3477 4634 integro
3524 4565 3647 4618 vin-

2082 4656 2282 4711 cetnini
2316 4671 2346 4709 a
2372 4655 2564 4710 Judice
2592 4655 2684 4724 qui
2714 4658 2927 4711 tandem
2954 4658 3125 4725 punit,
3161 4667 3216 4712 et
3232 4667 3395 4712 tanta:
3432 4668 3649 4729 tamque

2084 4748 2351 4802 diuturna:
2393 4747 2615 4801 insaniae
2661 4760 2851 4816 paruas
2874 4749 3097 4818 expetit.
3146 4749 3297 4815 Quod
3335 4759 3391 4804 et
3445 4750 3645 4806 factum

2090 4848 2192 4893 est.
2228 4837 2521 4908 Postquam
2551 4838 2695 4894 enim
2721 4839 2995 4895 revixerat
3019 4840 3269 4897 Christus
3289 4881 3304 4905 ,
3330 4852 3383 4897 et
3410 4844 3643 4899 redierat

2086 4931 2138 4984 iu
2167 4930 2385 4995 coelum,
2424 4940 2478 4985 et
2500 4930 2631 4999 ipsis
2652 4944 2866 4999 quoque
2922 4932 3121 4987 sanctis
3175 4933 3432 5002 apostolis
3473 4934 3647 4989 collo-

2089 5031 2281 5076 carunt
2314 5022 2556 5085 insidias,
2587 5030 2641 5075 et
2668 5028 2873 5076 tractos
2901 5022 2952 5075 in
2986 5023 3214 5078 concilia
3256 5024 3642 5093 verberarunt,

2087 5114 2316 5168 crimina
2350 5112 2707 5178 intentantes,
2737 5126 2800 5166 ac
2828 5113 3072 5167 dicentes
3110 5128 3125 5165 :
3154 5115 3344 5168 Annon
3392 5117 3647 5169 mandato

2088 5205 2462 5259 mandavimus
2478 5205 2630 5259 vobis
2656 5220 2721 5259 ne
2750 5206 3000 5273 cuiquam
3027 5204 3325 5275 loquamini
3353 5206 3404 5261 in
3431 5209 3648 5264 nomine

2087 5298 2190 5352 isto
2217 5297 2240 5350 Ἰ
2269 5306 2321 5351 ct
2355 5312 2481 5351 ecce
2521 5296 2824 5366 replevistis
2848 5295 3147 5351 Jerusalem
3181 5296 3422 5351 doctrina
3449 5314 3645 5354 vesrra.

2086 5388 2462 5458 ltaqueinboc
2490 5389 2589 5441 visi
2639 5388 3126 5457 sunt‘prazvalere:
3169 5401 3426 5445 caeterum
3444 5399 3498 5445 et
3515 5406 3648 5445 con-

2086 5481 2265 5535 silium
2300 5490 2353 5534 et
2398 5480 2681 5549 prudentia
2718 5488 2773 5534 et
2818 5481 3018 5545 verba,
3082 5482 3262 5536 omnia
3299 5482 3403 5536 illis
3448 5497 3638 5550 parum

2088 5570 2426 5639 profuerunt.
2478 5570 2733 5624 Vicerunt
2762 5569 2905 5623 enim
2948 5570 3117 5625 divini
3164 5572 3409 5641 discipuli
3457 5575 3646 5627 dicen-

2040 5682 2049 5689 ο
2090 5673 2169 5715 tes
2205 5679 2218 5713 :
2254 5659 2540 5715 Nobiscum
2567 5660 2823 5715 Dominus
2864 5663 3005 5717 Deus
3036 5672 3140 5717 est.
3192 5668 3261 5719 At
3290 5665 3375 5718 isti
3425 5664 3651 5719 acerbas

2087 5767 2277 5819 poenas
2300 5754 2579 5815 dederunt,
2608 5750 2863 5807 Romanis
2892 5755 3059 5824 c0piis
3079 5755 3239 5810 etiam
3269 5755 3507 5810 nolentes
3524 5755 3654 5810 sub-

2086 5856 2213 5900 acti.
