  <div class='ocr_page' id='page_1' title='image "/cluster/home/n/w/nwhite01/storage/ocr_20150623/70/nnc1.0046980253/133.png"; bbox 0 0 4152 6366; ppageno 0'>
   <div class='ocr_carea' id='block_1_1' title="bbox 484 300 2124 375">
    <p class='ocr_par' dir='ltr' id='par_1_1' title="bbox 484 301 2124 375">
     <span class='ocr_line' id='line_1_1' title="bbox 484 301 2124 375; baseline -0.011 -1"><span class='ocrx_word' id='word_1_1' title='bbox 484 318 586 375; x_wconf 69' lang='grc'><strong>*251</strong></span> <span class='ocrx_word' id='word_1_2' title='bbox 1460 310 1519 364; x_wconf 92' lang='lat' dir='ltr'><strong>S.</strong></span> <span class='ocrx_word' id='word_1_3' title='bbox 1555 306 1645 363; x_wconf 72' lang='grc' dir='ltr'><strong>Εἴ</strong></span> <span class='ocrx_word' id='word_1_4' title='bbox 1655 303 1833 361; x_wconf 72' lang='grc' dir='ltr'>[ιιιιι</span> <span class='ocrx_word' id='word_1_5' title='bbox 1871 301 2124 359; x_wconf 70' lang='grc' dir='ltr'><strong>ΔιΕΧΑἱ</strong></span> 
     </span>
    </p>
   </div>
   <div class='ocr_carea' id='block_1_2' title="bbox 2115 300 3755 375">
    <p class='ocr_par' dir='ltr' id='par_1_2' title="bbox 2115 300 3755 360">
     <span class='ocr_line' id='line_1_2' title="bbox 2115 300 3755 360; baseline 0 -3"><span class='ocrx_word' id='word_1_6' title='bbox 2115 300 2356 357; x_wconf 75' lang='grc' dir='ltr'><strong>ΝυῐὶΙΝι</strong></span> <span class='ocrx_word' id='word_1_7' title='bbox 2394 300 2714 357; x_wconf 75' lang='lat' dir='ltr'><strong>ARCHIEP.</strong></span> <span class='ocrx_word' id='word_1_8' title='bbox 3648 302 3755 360; x_wconf 76' lang='grc'><strong>252</strong></span> 
     </span>
    </p>
   </div>
   <div class='ocr_carea' id='block_1_3' title="bbox 567 395 2207 476">
    <p class='ocr_par' dir='ltr' id='par_1_3' title="bbox 567 402 2143 476">
     <span class='ocr_line' id='line_1_3' title="bbox 567 402 2143 476; baseline -0.009 -9"><span class='ocrx_word' id='word_1_9' title='bbox 567 415 725 469; x_wconf 59' lang='grc' dir='ltr'><strong>Ἴδη.</strong></span> <span class='ocrx_word' id='word_1_10' title='bbox 768 413 855 476; x_wconf 78' lang='grc' dir='ltr'>Η,</span> <span class='ocrx_word' id='word_1_11' title='bbox 890 410 975 465; x_wconf 76' lang='grc' dir='ltr'>η.</span> <span class='ocrx_word' id='word_1_12' title='bbox 1027 409 1118 465; x_wconf 87' lang='lat' dir='ltr'><strong>Sic</strong></span> <span class='ocrx_word' id='word_1_13' title='bbox 1159 409 1287 463; x_wconf 81' lang='lat' dir='ltr'><strong>dicit</strong></span> <span class='ocrx_word' id='word_1_14' title='bbox 1340 407 1635 463; x_wconf 81' lang='lat' dir='ltr'><strong>Dominus:</strong></span> <span class='ocrx_word' id='word_1_15' title='bbox 1686 403 1842 458; x_wconf 85' lang='lat' dir='ltr'><strong>Forti</strong></span> <span class='ocrx_word' id='word_1_16' title='bbox 1882 402 2066 456; x_wconf 78' lang='lat' dir='ltr'><strong>manui</strong></span> <span class='ocrx_word' id='word_1_17' title='bbox 2101 410 2143 463; x_wconf 70' lang='grc' dir='ltr'>Α</span> 
     </span>
    </p>
   </div>
   <div class='ocr_carea' id='block_1_4' title="bbox 2111 395 3751 476">
    <p class='ocr_par' dir='ltr' id='par_1_4' title="bbox 2111 395 3751 467">
     <span class='ocr_line' id='line_1_4' title="bbox 2111 395 3751 467; baseline 0.002 -17"><span class='ocrx_word' id='word_1_18' title='bbox 2111 410 2143 463; x_wconf 54' lang='grc' dir='ltr'>Α</span> <span class='ocrx_word' id='word_1_19' title='bbox 2244 397 2409 451; x_wconf 82' lang='grc' dir='ltr'><strong>Οὕτω</strong></span> <span class='ocrx_word' id='word_1_20' title='bbox 2437 398 2599 467; x_wconf 75' lang='grc' dir='ltr'>λέγει</span> <span class='ocrx_word' id='word_1_21' title='bbox 2624 399 2840 465; x_wconf 76' lang='grc' dir='ltr'>Κύριος</span> <span class='ocrx_word' id='word_1_22' title='bbox 2858 414 2870 427; x_wconf 81' lang='grc'><em>’</em></span> <span class='ocrx_word' id='word_1_23' title='bbox 2898 395 2979 465; x_wconf 78' lang='grc' dir='ltr'><strong><em>Τῇ</em></strong></span> <span class='ocrx_word' id='word_1_24' title='bbox 3010 395 3231 466; x_wconf 70' lang='grc' dir='ltr'>ἰσχυρᾷ</span> <span class='ocrx_word' id='word_1_25' title='bbox 3246 396 3397 467; x_wconf 78' lang='grc' dir='ltr'>χειρὶ</span> <span class='ocrx_word' id='word_1_26' title='bbox 3412 397 3751 467; x_wconf 82' lang='grc' dir='ltr'>ἀπειθοῦσι,</span> 
     </span>
    </p>
   </div>
   <div class='ocr_carea' id='block_1_5' title="bbox 484 487 2124 574">
    <p class='ocr_par' dir='ltr' id='par_1_5' title="bbox 484 495 2058 574">
     <span class='ocr_line' id='line_1_5' title="bbox 484 495 2058 574; baseline -0.008 -15"><span class='ocrx_word' id='word_1_27' title='bbox 484 505 802 574; x_wconf 85' lang='lat' dir='ltr'><strong>immorigeri</strong></span> <span class='ocrx_word' id='word_1_28' title='bbox 831 513 973 568; x_wconf 81' lang='lat' dir='ltr'><strong>sunt,</strong></span> <span class='ocrx_word' id='word_1_29' title='bbox 1000 500 1177 555; x_wconf 79' lang='lat' dir='ltr'><strong>itineri</strong></span> <span class='ocrx_word' id='word_1_30' title='bbox 1227 501 1322 554; x_wconf 74' lang='lat' dir='ltr'><strong>uia:</strong></span> <span class='ocrx_word' id='word_1_31' title='bbox 1357 498 1540 567; x_wconf 83' lang='lat' dir='ltr'><strong>populi</strong></span> <span class='ocrx_word' id='word_1_32' title='bbox 1563 499 1745 565; x_wconf 65' lang='lat' dir='ltr'><strong>hujus,</strong></span> <span class='ocrx_word' id='word_1_33' title='bbox 1779 495 2012 548; x_wconf 76' lang='lat' dir='ltr'><strong>dicentes</strong></span> <span class='ocrx_word' id='word_1_34' title='bbox 2039 508 2058 547; x_wconf 91' lang='lat'><strong><em>:</em></strong></span> 
     </span>
    </p>
   </div>
   <div class='ocr_carea' id='block_1_6' title="bbox 2112 487 3752 574">
    <p class='ocr_par' dir='ltr' id='par_1_6' title="bbox 2165 487 3752 562">
     <span class='ocr_line' id='line_1_6' title="bbox 2165 487 3752 562; baseline 0.003 -19"><span class='ocrx_word' id='word_1_35' title='bbox 2165 488 2242 559; x_wconf 75' lang='grc' dir='ltr'>τῇ</span> <span class='ocrx_word' id='word_1_36' title='bbox 2270 490 2481 558; x_wconf 77' lang='grc' dir='ltr'><strong>πορείᾳ</strong></span> <span class='ocrx_word' id='word_1_37' title='bbox 2517 489 2628 558; x_wconf 84' lang='grc' dir='ltr'>τῆς</span> <span class='ocrx_word' id='word_1_38' title='bbox 2666 489 2811 543; x_wconf 82' lang='grc' dir='ltr'>ὀδοῦ</span> <span class='ocrx_word' id='word_1_39' title='bbox 2849 487 2958 543; x_wconf 86' lang='grc' dir='ltr'>τοῦ</span> <span class='ocrx_word' id='word_1_40' title='bbox 2992 489 3145 543; x_wconf 78' lang='grc' dir='ltr'>λαοῦ</span> <span class='ocrx_word' id='word_1_41' title='bbox 3184 490 3399 544; x_wconf 83' lang='grc' dir='ltr'>τούτου</span> <span class='ocrx_word' id='word_1_42' title='bbox 3432 492 3713 562; x_wconf 79' lang='grc' dir='ltr'>λέγοντες</span> <span class='ocrx_word' id='word_1_43' title='bbox 3739 510 3752 524; x_wconf 87' lang='grc'><strong>·</strong></span> 
     </span>
    </p>
   </div>
   <div class='ocr_carea' id='block_1_7' title="bbox 486 577 2126 667">
    <p class='ocr_par' dir='ltr' id='par_1_7' title="bbox 486 586 2065 667">
     <span class='ocr_line' id='line_1_7' title="bbox 486 586 2065 667; baseline -0.008 -17"><span class='ocrx_word' id='word_1_44' title='bbox 486 595 782 667; x_wconf 80' lang='lat' dir='ltr'><strong>Nequando</strong></span> <span class='ocrx_word' id='word_1_45' title='bbox 809 595 1006 657; x_wconf 81' lang='lat' dir='ltr'><strong>dicant,</strong></span> <span class='ocrx_word' id='word_1_46' title='bbox 1040 592 1270 647; x_wconf 83' lang='lat' dir='ltr'><strong>Durum.</strong></span> <span class='ocrx_word' id='word_1_47' title='bbox 1303 589 1571 660; x_wconf 82' lang='lat' dir='ltr'><strong>Quidquid</strong></span> <span class='ocrx_word' id='word_1_48' title='bbox 1596 589 1733 643; x_wconf 84' lang='lat' dir='ltr'><strong>enim</strong></span> <span class='ocrx_word' id='word_1_49' title='bbox 1758 586 1882 640; x_wconf 81' lang='lat' dir='ltr'><strong>dicit</strong></span> <span class='ocrx_word' id='word_1_50' title='bbox 1899 601 2065 655; x_wconf 85' lang='lat' dir='ltr'><strong>popu-</strong></span> 
     </span>
    </p>
   </div>
   <div class='ocr_carea' id='block_1_8' title="bbox 2114 577 3754 667">
    <p class='ocr_par' dir='ltr' id='par_1_8' title="bbox 2166 577 3754 654">
     <span class='ocr_line' id='line_1_8' title="bbox 2166 577 3754 654; baseline 0.003 -21"><span class='ocrx_word' id='word_1_51' title='bbox 2166 579 2413 644; x_wconf 74' lang='grc' dir='ltr'>Μήποτε</span> <span class='ocrx_word' id='word_1_52' title='bbox 2450 580 2686 643; x_wconf 74' lang='grc' dir='ltr'>εἴπωσι,</span> <span class='ocrx_word' id='word_1_53' title='bbox 2720 580 3019 647; x_wconf 75' lang='grc' dir='ltr'>Σκληρόν.</span> <span class='ocrx_word' id='word_1_54' title='bbox 3074 577 3205 634; x_wconf 79' lang='grc' dir='ltr'><em>Πᾶν</em></span> <span class='ocrx_word' id='word_1_55' title='bbox 3235 580 3345 650; x_wconf 51' lang='grc' dir='ltr'><strong>⁴γὰρ</strong></span> <span class='ocrx_word' id='word_1_56' title='bbox 3391 581 3424 635; x_wconf 80' lang='grc' dir='ltr'>ὃ</span> <span class='ocrx_word' id='word_1_57' title='bbox 3470 582 3580 637; x_wconf 82' lang='grc' dir='ltr'><strong>ἐὰν</strong></span> <span class='ocrx_word' id='word_1_58' title='bbox 3614 585 3754 654; x_wconf 57' lang='lat' dir='ltr'><strong>alar;</strong></span> 
     </span>
    </p>
   </div>
   <div class='ocr_carea' id='block_1_9' title="bbox 484 667 2124 752">
    <p class='ocr_par' dir='ltr' id='par_1_9' title="bbox 484 688 1053 752">
     <span class='ocr_line' id='line_1_9' title="bbox 484 688 1053 752; baseline -0.005 -11"><span class='ocrx_word' id='word_1_59' title='bbox 484 692 565 742; x_wconf 78' lang='lat' dir='ltr'><strong>ius</strong></span> <span class='ocrx_word' id='word_1_60' title='bbox 597 689 701 752; x_wconf 81' lang='lat' dir='ltr'><strong>hic,</strong></span> <span class='ocrx_word' id='word_1_61' title='bbox 735 688 927 740; x_wconf 85' lang='lat' dir='ltr'><strong>durum</strong></span> <span class='ocrx_word' id='word_1_62' title='bbox 954 695 1053 739; x_wconf 72' lang='lat' dir='ltr'><strong>est.</strong></span> 
     </span>
    </p>
   </div>
   <div class='ocr_carea' id='block_1_10' title="bbox 1512 667 3152 752">
    <p class='ocr_par' dir='ltr' id='par_1_10' title="bbox 2165 667 3152 739">
     <span class='ocr_line' id='line_1_10' title="bbox 2165 667 3152 739; baseline 0.001 -15"><span class='ocrx_word' id='word_1_63' title='bbox 2165 670 2198 724; x_wconf 89' lang='grc' dir='ltr'>ὁ</span> <span class='ocrx_word' id='word_1_64' title='bbox 2229 672 2379 737; x_wconf 74' lang='grc' dir='ltr'><strong>λαός</strong></span> <span class='ocrx_word' id='word_1_65' title='bbox 2411 667 2611 737; x_wconf 83' lang='grc' dir='ltr'>οὗτος,</span> <span class='ocrx_word' id='word_1_66' title='bbox 2644 671 2931 739; x_wconf 80' lang='grc' dir='ltr'>σκληρόν</span> <span class='ocrx_word' id='word_1_67' title='bbox 2962 672 3152 726; x_wconf 79' lang='grc' dir='ltr'>ἐστιν.</span> 
     </span>
    </p>
   </div>
   <div class='ocr_carea' id='block_1_11' title="bbox 558 766 2198 847">
    <p class='ocr_par' dir='ltr' id='par_1_11' title="bbox 558 770 2064 847">
     <span class='ocr_line' id='line_1_11' title="bbox 558 770 2064 847; baseline -0.006 -14"><span class='ocrx_word' id='word_1_68' title='bbox 558 780 675 834; x_wconf 77' lang='lat' dir='ltr'><strong>Dixi</strong></span> <span class='ocrx_word' id='word_1_69' title='bbox 708 778 924 833; x_wconf 86' lang='lat' dir='ltr'><strong>beatum</strong></span> <span class='ocrx_word' id='word_1_70' title='bbox 982 776 1295 847; x_wconf 76' lang='lat' dir='ltr'><strong>prophetam</strong></span> <span class='ocrx_word' id='word_1_71' title='bbox 1350 784 1663 830; x_wconf 85' lang='lat' dir='ltr'><strong>sanctorum</strong></span> <span class='ocrx_word' id='word_1_72' title='bbox 1698 770 2064 841; x_wconf 76' lang='lat' dir='ltr'><strong>apostolorum</strong></span> 
     </span>
    </p>
   </div>
   <div class='ocr_carea' id='block_1_12' title="bbox 2117 766 3757 847">
    <p class='ocr_par' dir='ltr' id='par_1_12' title="bbox 2242 766 3757 837">
     <span class='ocr_line' id='line_1_12' title="bbox 2242 766 3757 837; baseline 0.002 -18"><span class='ocrx_word' id='word_1_73' title='bbox 2242 768 2420 837; x_wconf 79' lang='grc' dir='ltr'>’Έφην</span> <span class='ocrx_word' id='word_1_74' title='bbox 2452 768 2531 819; x_wconf 84' lang='grc' dir='ltr'>ὅτι</span> <span class='ocrx_word' id='word_1_75' title='bbox 2567 766 2673 819; x_wconf 83' lang='grc' dir='ltr'><strong>τῶν</strong></span> <span class='ocrx_word' id='word_1_76' title='bbox 2706 767 2877 835; x_wconf 80' lang='grc' dir='ltr'>ἁγίων</span> <span class='ocrx_word' id='word_1_77' title='bbox 2903 766 3216 821; x_wconf 79' lang='grc' dir='ltr'>ἀποστόλων</span> <span class='ocrx_word' id='word_1_78' title='bbox 3239 767 3333 821; x_wconf 71' lang='grc' dir='ltr'>καὶ</span> <span class='ocrx_word' id='word_1_79' title='bbox 3354 766 3757 837; x_wconf 84' lang='grc' dir='ltr'>εύαγγελιστῶν</span> 
     </span>
    </p>
   </div>
   <div class='ocr_carea' id='block_1_13' title="bbox 483 858 2123 941">
    <p class='ocr_par' dir='ltr' id='par_1_13' title="bbox 483 865 2067 941">
     <span class='ocr_line' id='line_1_13' title="bbox 483 865 2067 941; baseline -0.006 -15"><span class='ocrx_word' id='word_1_80' title='bbox 483 883 536 927; x_wconf 90' lang='lat' dir='ltr'><strong>et</strong></span> <span class='ocrx_word' id='word_1_81' title='bbox 586 871 1039 941; x_wconf 83' lang='lat' dir='ltr'><strong>evangelistarum</strong></span> <span class='ocrx_word' id='word_1_82' title='bbox 1106 883 1391 937; x_wconf 81' lang='lat' dir='ltr'><strong>personam</strong></span> <span class='ocrx_word' id='word_1_83' title='bbox 1441 866 1545 921; x_wconf 85' lang='lat' dir='ltr'><strong><em>sibi</em></strong></span> <span class='ocrx_word' id='word_1_84' title='bbox 1591 865 1951 935; x_wconf 89' lang='lat' dir='ltr'><strong>imposuisse,</strong></span> <span class='ocrx_word' id='word_1_85' title='bbox 2012 873 2067 917; x_wconf 90' lang='lat' dir='ltr'><strong>et</strong></span> 
     </span>
    </p>
   </div>
   <div class='ocr_carea' id='block_1_14' title="bbox 2113 858 3753 941">
    <p class='ocr_par' dir='ltr' id='par_1_14' title="bbox 2162 858 3753 932">
     <span class='ocr_line' id='line_1_14' title="bbox 2162 858 3753 932; baseline 0.001 -21"><span class='ocrx_word' id='word_1_86' title='bbox 2162 858 2224 911; x_wconf 81' lang='grc' dir='ltr'>τὺ</span> <span class='ocrx_word' id='word_1_87' title='bbox 2256 858 2545 930; x_wconf 81' lang='grc' dir='ltr'>πρόσωπον</span> <span class='ocrx_word' id='word_1_88' title='bbox 2575 858 2753 929; x_wconf 81' lang='grc' dir='ltr'>ἐαυτῷ</span> <span class='ocrx_word' id='word_1_89' title='bbox 2788 859 3085 930; x_wconf 79' lang='grc' dir='ltr'>περιτιθεὶς</span> <span class='ocrx_word' id='word_1_90' title='bbox 3104 859 3132 911; x_wconf 84' lang='grc' dir='ltr'>ὁ</span> <span class='ocrx_word' id='word_1_91' title='bbox 3158 858 3426 931; x_wconf 80' lang='grc' dir='ltr'>μακάριος</span> <span class='ocrx_word' id='word_1_92' title='bbox 3448 861 3753 932; x_wconf 84' lang='grc' dir='ltr'>προφήτης,</span> 
     </span>
    </p>
   </div>
   <div class='ocr_carea' id='block_1_15' title="bbox 486 946 2126 1032">
    <p class='ocr_par' dir='ltr' id='par_1_15' title="bbox 486 955 2063 1032">
     <span class='ocr_line' id='line_1_15' title="bbox 486 955 2063 1032; baseline -0.004 -17"><span class='ocrx_word' id='word_1_93' title='bbox 486 964 717 1016; x_wconf 83' lang='lat' dir='ltr'><strong>movisse</strong></span> <span class='ocrx_word' id='word_1_94' title='bbox 751 970 941 1032; x_wconf 78' lang='lat' dir='ltr'><strong>gentes</strong></span> <span class='ocrx_word' id='word_1_95' title='bbox 960 976 1023 1015; x_wconf 90' lang='lat' dir='ltr'><strong>ac</strong></span> <span class='ocrx_word' id='word_1_96' title='bbox 1055 959 1269 1015; x_wconf 67' lang='lat' dir='ltr'><strong>Judaeos</strong></span> <span class='ocrx_word' id='word_1_97' title='bbox 1323 967 1381 1012; x_wconf 90' lang='lat' dir='ltr'><strong>ut</strong></span> <span class='ocrx_word' id='word_1_98' title='bbox 1417 957 1636 1013; x_wconf 77' lang='lat' dir='ltr'><strong>Christo</strong></span> <span class='ocrx_word' id='word_1_99' title='bbox 1686 955 2063 1025; x_wconf 91' lang='lat' dir='ltr'><strong>subjiciantur,</strong></span> 
     </span>
    </p>
   </div>
   <div class='ocr_carea' id='block_1_16' title="bbox 2112 946 3752 1032">
    <p class='ocr_par' dir='ltr' id='par_1_16' title="bbox 2162 946 3752 1018">
     <span class='ocr_line' id='line_1_16' title="bbox 2162 946 3752 1018; baseline 0.001 -19"><span class='ocrx_word' id='word_1_100' title='bbox 2162 946 2371 999; x_wconf 86' lang='grc' dir='ltr'>ἕθνεσίν</span> <span class='ocrx_word' id='word_1_101' title='bbox 2398 964 2454 999; x_wconf 87' lang='grc' dir='ltr'><strong>τε</strong></span> <span class='ocrx_word' id='word_1_102' title='bbox 2487 948 2581 1000; x_wconf 75' lang='grc' dir='ltr'><strong>καὶ</strong></span> <span class='ocrx_word' id='word_1_103' title='bbox 2614 946 2887 1009; x_wconf 83' lang='grc' dir='ltr'><strong>Ἰουδαίοις</strong></span> <span class='ocrx_word' id='word_1_104' title='bbox 2929 946 3196 1016; x_wconf 82' lang='grc' dir='ltr'><strong>ἡττᾶσθαι</strong></span> <span class='ocrx_word' id='word_1_105' title='bbox 3228 948 3451 1018; x_wconf 86' lang='grc' dir='ltr'>Χριστῷ</span> <span class='ocrx_word' id='word_1_106' title='bbox 3499 948 3752 1001; x_wconf 77' lang='grc' dir='ltr'>συνεϐού-</span> 
     </span>
    </p>
   </div>
   <div class='ocr_carea' id='block_1_17' title="bbox 486 1034 2126 1123">
    <p class='ocr_par' dir='ltr' id='par_1_17' title="bbox 486 1046 2066 1123">
     <span class='ocr_line' id='line_1_17' title="bbox 486 1046 2066 1123; baseline -0.004 -17"><span class='ocrx_word' id='word_1_107' title='bbox 486 1066 652 1123; x_wconf 87' lang='lat' dir='ltr'><strong>utque</strong></span> <span class='ocrx_word' id='word_1_108' title='bbox 692 1054 913 1107; x_wconf 88' lang='lat' dir='ltr'><strong>audiant</strong></span> <span class='ocrx_word' id='word_1_109' title='bbox 967 1054 1142 1121; x_wconf 86' lang='lat' dir='ltr'><strong>ipsum</strong></span> <span class='ocrx_word' id='word_1_110' title='bbox 1171 1051 1335 1106; x_wconf 87' lang='lat' dir='ltr'><strong>etiam</strong></span> <span class='ocrx_word' id='word_1_111' title='bbox 1392 1049 1444 1103; x_wconf 94' lang='lat' dir='ltr'><strong>hi</strong></span> <span class='ocrx_word' id='word_1_112' title='bbox 1475 1048 1564 1118; x_wconf 86' lang='lat' dir='ltr'><strong>qui</strong></span> <span class='ocrx_word' id='word_1_113' title='bbox 1602 1049 1654 1101; x_wconf 91' lang='lat' dir='ltr'><strong>in</strong></span> <span class='ocrx_word' id='word_1_114' title='bbox 1687 1046 2066 1101; x_wconf 86' lang='lat' dir='ltr'><strong>remotissimis</strong></span> 
     </span>
    </p>
   </div>
   <div class='ocr_carea' id='block_1_18' title="bbox 2114 1034 3754 1123">
    <p class='ocr_par' dir='ltr' id='par_1_18' title="bbox 2174 1034 3754 1109">
     <span class='ocr_line' id='line_1_18' title="bbox 2174 1034 3754 1109; baseline 0.004 -22"><span class='ocrx_word' id='word_1_115' title='bbox 2174 1034 2382 1100; x_wconf 87' lang='grc' dir='ltr'>λευσεν,</span> <span class='ocrx_word' id='word_1_116' title='bbox 2407 1036 2712 1089; x_wconf 77' lang='grc' dir='ltr'>ὑπακοῦσαί</span> <span class='ocrx_word' id='word_1_117' title='bbox 2736 1053 2794 1089; x_wconf 90' lang='grc' dir='ltr'><strong>τε</strong></span> <span class='ocrx_word' id='word_1_118' title='bbox 2827 1036 2973 1107; x_wconf 83' lang='grc' dir='ltr'>αὐτῷ</span> <span class='ocrx_word' id='word_1_119' title='bbox 3001 1037 3099 1090; x_wconf 80' lang='grc' dir='ltr'>καὶ</span> <span class='ocrx_word' id='word_1_120' title='bbox 3146 1038 3274 1101; x_wconf 84' lang='grc' dir='ltr'>τοὺς</span> <span class='ocrx_word' id='word_1_121' title='bbox 3301 1038 3494 1109; x_wconf 84' lang='grc' dir='ltr'><strong>μέχρις</strong></span> <span class='ocrx_word' id='word_1_122' title='bbox 3514 1039 3754 1109; x_wconf 80' lang='grc' dir='ltr'><strong>ἐσχάτων</strong></span> 
     </span>
    </p>
   </div>
   <div class='ocr_carea' id='block_1_19' title="bbox 488 1123 2128 1200">
    <p class='ocr_par' dir='ltr' id='par_1_19' title="bbox 488 1137 2064 1199">
     <span class='ocr_line' id='line_1_19' title="bbox 488 1137 2064 1199; baseline -0.006 -2"><span class='ocrx_word' id='word_1_123' title='bbox 488 1156 649 1199; x_wconf 75' lang='lat' dir='ltr'><strong>terra:</strong></span> <span class='ocrx_word' id='word_1_124' title='bbox 710 1145 909 1199; x_wconf 90' lang='lat' dir='ltr'><strong>finibus</strong></span> <span class='ocrx_word' id='word_1_125' title='bbox 960 1142 1231 1198; x_wconf 85' lang='lat' dir='ltr'><strong>habitant.</strong></span> <span class='ocrx_word' id='word_1_126' title='bbox 1268 1140 1469 1195; x_wconf 82' lang='lat' dir='ltr'><strong>Deinde</strong></span> <span class='ocrx_word' id='word_1_127' title='bbox 1538 1137 1676 1193; x_wconf 87' lang='lat' dir='ltr'><strong>Deus</strong></span> <span class='ocrx_word' id='word_1_128' title='bbox 1720 1146 1925 1191; x_wconf 90' lang='lat' dir='ltr'><strong>tantum</strong></span> <span class='ocrx_word' id='word_1_129' title='bbox 1959 1149 2064 1189; x_wconf 89' lang='lat' dir='ltr'><strong>non</strong></span> 
     </span>
    </p>
   </div>
   <div class='ocr_carea' id='block_1_20' title="bbox 2114 1123 3754 1200">
    <p class='ocr_par' dir='ltr' id='par_1_20' title="bbox 2163 1123 3754 1200">
     <span class='ocr_line' id='line_1_20' title="bbox 2163 1123 3754 1200; baseline 0.003 -20"><span class='ocrx_word' id='word_1_130' title='bbox 2163 1127 2265 1197; x_wconf 82' lang='grc' dir='ltr'>τῆς</span> <span class='ocrx_word' id='word_1_131' title='bbox 2298 1128 2418 1197; x_wconf 84' lang='grc' dir='ltr'>γῆς.</span> <span class='ocrx_word' id='word_1_132' title='bbox 2452 1123 2585 1181; x_wconf 82' lang='grc' dir='ltr'>Εἶτα</span> <span class='ocrx_word' id='word_1_133' title='bbox 2618 1128 2752 1191; x_wconf 79' lang='grc' dir='ltr'>Θεὸς</span> <span class='ocrx_word' id='word_1_134' title='bbox 2784 1130 2918 1199; x_wconf 81' lang='grc' dir='ltr'>πρὸς</span> <span class='ocrx_word' id='word_1_135' title='bbox 2956 1129 3120 1181; x_wconf 77' lang='grc' dir='ltr'>αὑτὸν</span> <span class='ocrx_word' id='word_1_136' title='bbox 3149 1131 3431 1200; x_wconf 78' lang='grc' dir='ltr'>μονονουχὶ</span> <span class='ocrx_word' id='word_1_137' title='bbox 3463 1129 3558 1183; x_wconf 70' lang='grc' dir='ltr'><strong>καὶ</strong></span> <span class='ocrx_word' id='word_1_138' title='bbox 3583 1148 3754 1184; x_wconf 85' lang='grc' dir='ltr'>κατα-</span> 
     </span>
    </p>
   </div>
   <div class='ocr_carea' id='block_1_21' title="bbox 488 1220 2128 1306">
    <p class='ocr_par' dir='ltr' id='par_1_21' title="bbox 488 1228 2066 1306">
     <span class='ocr_line' id='line_1_21' title="bbox 488 1228 2066 1306; baseline -0.005 -17"><span class='ocrx_word' id='word_1_139' title='bbox 488 1238 761 1291; x_wconf 89' lang='lat' dir='ltr'><strong>demirans</strong></span> <span class='ocrx_word' id='word_1_140' title='bbox 803 1235 1018 1291; x_wconf 87' lang='lat' dir='ltr'><strong>lsraelis</strong></span> <span class='ocrx_word' id='word_1_141' title='bbox 1051 1235 1462 1306; x_wconf 82' lang='lat' dir='ltr'><strong>perversitatem</strong></span> <span class='ocrx_word' id='word_1_142' title='bbox 1493 1241 1549 1287; x_wconf 89' lang='lat' dir='ltr'><strong>et</strong></span> <span class='ocrx_word' id='word_1_143' title='bbox 1597 1231 1860 1301; x_wconf 77' lang='lat' dir='ltr'><strong>insignem</strong></span> <span class='ocrx_word' id='word_1_144' title='bbox 1902 1228 2066 1283; x_wconf 86' lang='lat' dir='ltr'><strong>insci-</strong></span> 
     </span>
    </p>
   </div>
   <div class='ocr_carea' id='block_1_22' title="bbox 2115 1220 3755 1306">
    <p class='ocr_par' dir='ltr' id='par_1_22' title="bbox 2165 1220 3755 1291">
     <span class='ocr_line' id='line_1_22' title="bbox 2165 1220 3755 1291; baseline 0.003 -20"><span class='ocrx_word' id='word_1_145' title='bbox 2165 1220 2463 1289; x_wconf 76' lang='grc' dir='ltr'>θαυμάζων</span> <span class='ocrx_word' id='word_1_146' title='bbox 2511 1220 2609 1290; x_wconf 82' lang='grc' dir='ltr'>τὴν</span> <span class='ocrx_word' id='word_1_147' title='bbox 2653 1220 2745 1273; x_wconf 78' lang='grc' dir='ltr'>τοῦ</span> <span class='ocrx_word' id='word_1_148' title='bbox 2780 1220 2994 1291; x_wconf 84' lang='grc' dir='ltr'>Ἰσραὴλ</span> <span class='ocrx_word' id='word_1_149' title='bbox 3043 1221 3338 1291; x_wconf 80' lang='grc' dir='ltr'><strong>σκαιότητα</strong></span> <span class='ocrx_word' id='word_1_150' title='bbox 3390 1222 3484 1275; x_wconf 80' lang='grc' dir='ltr'><strong>καὶ</strong></span> <span class='ocrx_word' id='word_1_151' title='bbox 3527 1222 3589 1275; x_wconf 83' lang='grc' dir='ltr'><strong>τὸ</strong></span> <span class='ocrx_word' id='word_1_152' title='bbox 3637 1222 3755 1277; x_wconf 90' lang='grc' dir='ltr'>λίαν</span> 
     </span>
    </p>
   </div>
   <div class='ocr_carea' id='block_1_23' title="bbox 485 1310 2125 1402">
    <p class='ocr_par' dir='ltr' id='par_1_23' title="bbox 485 1321 2067 1402">
     <span class='ocr_line' id='line_1_23' title="bbox 485 1321 2067 1402; baseline -0.007 -18"><span class='ocrx_word' id='word_1_153' title='bbox 485 1331 636 1396; x_wconf 91' lang='lat' dir='ltr'><strong>tiam,</strong></span> <span class='ocrx_word' id='word_1_154' title='bbox 676 1332 783 1385; x_wconf 87' lang='lat' dir='ltr'><strong>ait:</strong></span> <span class='ocrx_word' id='word_1_155' title='bbox 825 1329 984 1402; x_wconf 70' lang='grc' dir='ltr'><strong>ιω</strong></span> <span class='ocrx_word' id='word_1_156' title='bbox 1016 1328 1166 1384; x_wconf 91' lang='lat' dir='ltr'><strong>Forti</strong></span> <span class='ocrx_word' id='word_1_157' title='bbox 1211 1328 1389 1381; x_wconf 90' lang='lat' dir='ltr'><strong>manui</strong></span> <span class='ocrx_word' id='word_1_158' title='bbox 1429 1324 1759 1392; x_wconf 70' lang='lat' dir='ltr'><strong>immorigeri</strong></span> <span class='ocrx_word' id='word_1_159' title='bbox 1802 1330 1945 1377; x_wconf 92' lang='lat' dir='ltr'><strong>sunt.</strong></span> <span class='ocrx_word' id='word_1_160' title='bbox 1972 1321 2067 1374; x_wconf 87' lang='lat' dir='ltr'><strong>Est</strong></span> 
     </span>
    </p>
   </div>
   <div class='ocr_carea' id='block_1_24' title="bbox 2112 1310 3752 1402">
    <p class='ocr_par' dir='ltr' id='par_1_24' title="bbox 2162 1310 3752 1383">
     <span class='ocr_line' id='line_1_24' title="bbox 2162 1310 3752 1383; baseline 0.004 -21"><span class='ocrx_word' id='word_1_161' title='bbox 2162 1310 2392 1381; x_wconf 83' lang='grc' dir='ltr'>ἀμαθὲς,</span> <span class='ocrx_word' id='word_1_162' title='bbox 2408 1310 2487 1383; x_wconf 80' lang='grc' dir='ltr'>Τῇ</span> <span class='ocrx_word' id='word_1_163' title='bbox 2511 1313 2704 1382; x_wconf 75' lang='grc' dir='ltr'>ἰσχυρᾷ</span> <span class='ocrx_word' id='word_1_164' title='bbox 2722 1314 2883 1382; x_wconf 73' lang='grc' dir='ltr'>χειρὶ,</span> <span class='ocrx_word' id='word_1_165' title='bbox 2914 1312 3100 1381; x_wconf 74' lang='grc' dir='ltr'>φησὶν,</span> <span class='ocrx_word' id='word_1_166' title='bbox 3124 1312 3461 1367; x_wconf 81' lang='grc' dir='ltr'>ἀπειθοῦσιν.</span> <span class='ocrx_word' id='word_1_167' title='bbox 3501 1332 3521 1365; x_wconf 79' lang='grc' dir='ltr'><strong>ι</strong></span> <span class='ocrx_word' id='word_1_168' title='bbox 3541 1314 3752 1368; x_wconf 86' lang='grc' dir='ltr'>Παναλ-</span> 
     </span>
    </p>
   </div>
   <div class='ocr_carea' id='block_1_25' title="bbox 485 1403 2125 1493">
    <p class='ocr_par' dir='ltr' id='par_1_25' title="bbox 485 1414 2063 1493">
     <span class='ocr_line' id='line_1_25' title="bbox 485 1414 2063 1493; baseline -0.008 -16"><span class='ocrx_word' id='word_1_169' title='bbox 485 1424 631 1477; x_wconf 88' lang='lat' dir='ltr'><strong>enim</strong></span> <span class='ocrx_word' id='word_1_170' title='bbox 668 1435 971 1493; x_wconf 64' lang='lat' dir='ltr'><strong>praepotens</strong></span> <span class='ocrx_word' id='word_1_171' title='bbox 1011 1430 1066 1475; x_wconf 91' lang='lat' dir='ltr'><strong>et</strong></span> <span class='ocrx_word' id='word_1_172' title='bbox 1101 1420 1350 1483; x_wconf 84' lang='lat' dir='ltr'><strong>infracta,</strong></span> <span class='ocrx_word' id='word_1_173' title='bbox 1394 1428 1451 1472; x_wconf 89' lang='lat' dir='ltr'><strong>et</strong></span> <span class='ocrx_word' id='word_1_174' title='bbox 1472 1415 1816 1485; x_wconf 87' lang='lat' dir='ltr'><strong>omnipotens</strong></span> <span class='ocrx_word' id='word_1_175' title='bbox 1846 1414 2063 1468; x_wconf 81' lang='lat' dir='ltr'><strong>dextera</strong></span> 
     </span>
    </p>
   </div>
   <div class='ocr_carea' id='block_1_26' title="bbox 2116 1403 3756 1493">
    <p class='ocr_par' dir='ltr' id='par_1_26' title="bbox 2163 1403 3756 1475">
     <span class='ocr_line' id='line_1_26' title="bbox 2163 1403 3756 1475; baseline 0.003 -19"><span class='ocrx_word' id='word_1_176' title='bbox 2163 1403 2264 1472; x_wconf 84' lang='grc' dir='ltr'>κὴς</span> <span class='ocrx_word' id='word_1_177' title='bbox 2282 1408 2410 1474; x_wconf 79' lang='grc' dir='ltr'>γὰρ,</span> <span class='ocrx_word' id='word_1_178' title='bbox 2448 1422 2466 1455; x_wconf 71' lang='grc' dir='ltr'><strong>ι</strong></span> <span class='ocrx_word' id='word_1_179' title='bbox 2504 1405 2598 1456; x_wconf 73' lang='grc' dir='ltr'><strong>καὶ</strong></span> <span class='ocrx_word' id='word_1_180' title='bbox 2628 1403 2951 1474; x_wconf 79' lang='grc' dir='ltr'>ἄθραυστος,</span> <span class='ocrx_word' id='word_1_181' title='bbox 2980 1405 3073 1457; x_wconf 81' lang='grc' dir='ltr'><strong>καὶ</strong></span> <span class='ocrx_word' id='word_1_182' title='bbox 3105 1404 3281 1457; x_wconf 87' lang='grc' dir='ltr'>πάντα</span> <span class='ocrx_word' id='word_1_183' title='bbox 3320 1404 3577 1475; x_wconf 78' lang='grc' dir='ltr'>ἰσχύουσα</span> <span class='ocrx_word' id='word_1_184' title='bbox 3609 1406 3756 1472; x_wconf 81' lang='grc' dir='ltr'>δεξιὰ</span> 
     </span>
    </p>
   </div>
   <div class='ocr_carea' id='block_1_27' title="bbox 485 1489 2125 1579">
    <p class='ocr_par' dir='ltr' id='par_1_27' title="bbox 485 1489 2064 1579">
     <span class='ocr_line' id='line_1_27' title="bbox 485 1489 2064 1579; baseline -0.008 -13"><span class='ocrx_word' id='word_1_185' title='bbox 485 1512 577 1566; x_wconf 89' lang='lat' dir='ltr'><strong>Dei</strong></span> <span class='ocrx_word' id='word_1_186' title='bbox 633 1489 687 1566; x_wconf 77' lang='lat' dir='ltr'><strong>et</strong></span> <span class='ocrx_word' id='word_1_187' title='bbox 737 1489 916 1565; x_wconf 79' lang='lat' dir='ltr'><strong>Patris</strong></span> <span class='ocrx_word' id='word_1_188' title='bbox 938 1510 1130 1575; x_wconf 82' lang='lat' dir='ltr'><strong>Filius,</strong></span> <span class='ocrx_word' id='word_1_189' title='bbox 1172 1524 1269 1579; x_wconf 90' lang='lat' dir='ltr'><strong>per</strong></span> <span class='ocrx_word' id='word_1_190' title='bbox 1308 1522 1466 1578; x_wconf 88' lang='lat' dir='ltr'><strong>quem</strong></span> <span class='ocrx_word' id='word_1_191' title='bbox 1522 1506 1728 1570; x_wconf 86' lang='lat' dir='ltr'><strong>omnia,</strong></span> <span class='ocrx_word' id='word_1_192' title='bbox 1779 1511 1833 1557; x_wconf 89' lang='lat' dir='ltr'><strong>et</strong></span> <span class='ocrx_word' id='word_1_193' title='bbox 1865 1504 1918 1556; x_wconf 89' lang='lat' dir='ltr'><strong>in</strong></span> <span class='ocrx_word' id='word_1_194' title='bbox 1957 1516 2064 1571; x_wconf 90' lang='lat' dir='ltr'><strong>quo</strong></span> 
     </span>
    </p>
   </div>
   <div class='ocr_carea' id='block_1_28' title="bbox 2116 1489 3756 1579">
    <p class='ocr_par' dir='ltr' id='par_1_28' title="bbox 2162 1489 3756 1564">
     <span class='ocr_line' id='line_1_28' title="bbox 2162 1489 3756 1564; baseline 0.003 -19"><span class='ocrx_word' id='word_1_195' title='bbox 2162 1492 2256 1545; x_wconf 86' lang='grc' dir='ltr'>τοῦ</span> <span class='ocrx_word' id='word_1_196' title='bbox 2289 1493 2422 1546; x_wconf 82' lang='grc' dir='ltr'>Θεοῦ</span> <span class='ocrx_word' id='word_1_197' title='bbox 2454 1494 2549 1547; x_wconf 74' lang='grc' dir='ltr'><strong>καὶ</strong></span> <span class='ocrx_word' id='word_1_198' title='bbox 2581 1494 2796 1564; x_wconf 66' lang='grc' dir='ltr'>Πατρός</span> <span class='ocrx_word' id='word_1_199' title='bbox 2828 1495 2855 1546; x_wconf 86' lang='grc' dir='ltr'><strong>ό</strong></span> <span class='ocrx_word' id='word_1_200' title='bbox 2897 1493 3043 1557; x_wconf 74' lang='grc' dir='ltr'>Υἱὸς,</span> <span class='ocrx_word' id='word_1_201' title='bbox 3075 1494 3141 1546; x_wconf 82' lang='grc' dir='ltr'>δι’</span> <span class='ocrx_word' id='word_1_202' title='bbox 3167 1489 3225 1549; x_wconf 77' lang='grc' dir='ltr'><strong>οὗ</strong></span> <span class='ocrx_word' id='word_1_203' title='bbox 3252 1496 3319 1549; x_wconf 81' lang='grc' dir='ltr'>τὰ</span> <span class='ocrx_word' id='word_1_204' title='bbox 3347 1496 3545 1560; x_wconf 86' lang='grc' dir='ltr'>πάντα,</span> <span class='ocrx_word' id='word_1_205' title='bbox 3576 1498 3668 1549; x_wconf 71' lang='grc' dir='ltr'><strong>καὶ</strong></span> <span class='ocrx_word' id='word_1_206' title='bbox 3698 1500 3756 1549; x_wconf 75' lang='grc' dir='ltr'>ἐν</span> 
     </span>
    </p>
   </div>
   <div class='ocr_carea' id='block_1_29' title="bbox 485 1579 2125 1673">
    <p class='ocr_par' dir='ltr' id='par_1_29' title="bbox 485 1598 2067 1673">
     <span class='ocr_line' id='line_1_29' title="bbox 485 1598 2067 1673; baseline -0.007 -14"><span class='ocrx_word' id='word_1_207' title='bbox 485 1606 690 1667; x_wconf 81' lang='lat' dir='ltr'><strong>omnia,</strong></span> <span class='ocrx_word' id='word_1_208' title='bbox 734 1606 822 1673; x_wconf 90' lang='lat' dir='ltr'><strong>qui</strong></span> <span class='ocrx_word' id='word_1_209' title='bbox 853 1602 1087 1659; x_wconf 82' lang='lat' dir='ltr'><strong>abolevit</strong></span> <span class='ocrx_word' id='word_1_210' title='bbox 1121 1603 1323 1664; x_wconf 90' lang='lat' dir='ltr'><strong>omnia,</strong></span> <span class='ocrx_word' id='word_1_211' title='bbox 1359 1599 1616 1655; x_wconf 76' lang='lat' dir='ltr'><strong>contrivit</strong></span> <span class='ocrx_word' id='word_1_212' title='bbox 1642 1598 1918 1661; x_wconf 82' lang='lat' dir='ltr'><strong>Satanam,</strong></span> <span class='ocrx_word' id='word_1_213' title='bbox 1947 1609 2067 1665; x_wconf 61' lang='lat' dir='ltr'><strong>spoo</strong></span> 
     </span>
    </p>
   </div>
   <div class='ocr_carea' id='block_1_30' title="bbox 2115 1579 3755 1673">
    <p class='ocr_par' dir='ltr' id='par_1_30' title="bbox 2161 1579 3755 1658">
     <span class='ocr_line' id='line_1_30' title="bbox 2161 1579 3755 1658; baseline 0.004 -22"><span class='ocrx_word' id='word_1_214' title='bbox 2161 1579 2204 1651; x_wconf 85' lang='grc' dir='ltr'>ᾧ</span> <span class='ocrx_word' id='word_1_215' title='bbox 2250 1584 2318 1637; x_wconf 83' lang='grc' dir='ltr'><strong>τά</strong></span> <span class='ocrx_word' id='word_1_216' title='bbox 2361 1586 2539 1638; x_wconf 79' lang='grc' dir='ltr'>πάντα</span> <span class='ocrx_word' id='word_1_217' title='bbox 2561 1600 2574 1613; x_wconf 89' lang='grc'>·</span> <span class='ocrx_word' id='word_1_218' title='bbox 2606 1586 2635 1638; x_wconf 82' lang='grc' dir='ltr'><strong>ό</strong></span> <span class='ocrx_word' id='word_1_219' title='bbox 2663 1588 3014 1656; x_wconf 84' lang='grc' dir='ltr'>καταργήσας</span> <span class='ocrx_word' id='word_1_220' title='bbox 3044 1584 3291 1651; x_wconf 83' lang='grc' dir='ltr'>θάνατον,</span> <span class='ocrx_word' id='word_1_221' title='bbox 3322 1589 3416 1640; x_wconf 76' lang='grc' dir='ltr'>καὶ</span> <span class='ocrx_word' id='word_1_222' title='bbox 3459 1588 3755 1658; x_wconf 71' lang='grc' dir='ltr'>συντρίψας</span> 
     </span>
    </p>
   </div>
   <div class='ocr_carea' id='block_1_31' title="bbox 486 1678 2126 1763">
    <p class='ocr_par' dir='ltr' id='par_1_31' title="bbox 486 1690 2065 1763">
     <span class='ocr_line' id='line_1_31' title="bbox 486 1690 2065 1763; baseline -0.007 -12"><span class='ocrx_word' id='word_1_223' title='bbox 486 1697 641 1751; x_wconf 86' lang='lat' dir='ltr'><strong>liavit</strong></span> <span class='ocrx_word' id='word_1_224' title='bbox 694 1697 938 1762; x_wconf 80' lang='lat' dir='ltr'><strong>inferos,</strong></span> <span class='ocrx_word' id='word_1_225' title='bbox 988 1706 1043 1751; x_wconf 91' lang='lat' dir='ltr'><strong>et</strong></span> <span class='ocrx_word' id='word_1_226' title='bbox 1078 1693 1412 1763; x_wconf 85' lang='lat' dir='ltr'><strong>corruptioui</strong></span> <span class='ocrx_word' id='word_1_227' title='bbox 1454 1691 1728 1761; x_wconf 88' lang='lat' dir='ltr'><strong>subjectos</strong></span> <span class='ocrx_word' id='word_1_228' title='bbox 1780 1690 2065 1757; x_wconf 89' lang='lat' dir='ltr'><strong>incorrup-</strong></span> 
     </span>
    </p>
   </div>
   <div class='ocr_carea' id='block_1_32' title="bbox 2114 1678 3754 1763">
    <p class='ocr_par' dir='ltr' id='par_1_32' title="bbox 2162 1678 3754 1752">
     <span class='ocr_line' id='line_1_32' title="bbox 2162 1678 3754 1752; baseline 0.003 -23"><span class='ocrx_word' id='word_1_229' title='bbox 2162 1678 2255 1730; x_wconf 77' lang='grc' dir='ltr'><strong>τὸν</strong></span> <span class='ocrx_word' id='word_1_230' title='bbox 2288 1679 2555 1740; x_wconf 78' lang='grc' dir='ltr'>Σατανᾶν,</span> <span class='ocrx_word' id='word_1_231' title='bbox 2590 1678 2687 1732; x_wconf 86' lang='grc' dir='ltr'>καὶ</span> <span class='ocrx_word' id='word_1_232' title='bbox 2716 1678 3017 1740; x_wconf 78' lang='grc' dir='ltr'>σκυλεύσας</span> <span class='ocrx_word' id='word_1_233' title='bbox 3042 1679 3132 1732; x_wconf 82' lang='grc' dir='ltr'><strong>τὸν</strong></span> <span class='ocrx_word' id='word_1_234' title='bbox 3154 1679 3306 1750; x_wconf 72' lang='grc' dir='ltr'>ᾅδην,</span> <span class='ocrx_word' id='word_1_235' title='bbox 3328 1681 3422 1734; x_wconf 74' lang='grc' dir='ltr'><strong>καὶ</strong></span> <span class='ocrx_word' id='word_1_236' title='bbox 3446 1680 3754 1752; x_wconf 84' lang='grc' dir='ltr'>ἀφθαρσίαν</span> 
     </span>
    </p>
   </div>
   <div class='ocr_carea' id='block_1_33' title="bbox 490 1770 2130 1857">
    <p class='ocr_par' dir='ltr' id='par_1_33' title="bbox 490 1780 2130 1857">
     <span class='ocr_line' id='line_1_33' title="bbox 490 1780 2130 1857; baseline -0.008 -14"><span class='ocrx_word' id='word_1_237' title='bbox 490 1791 635 1845; x_wconf 87' lang='lat' dir='ltr'><strong>tione</strong></span> <span class='ocrx_word' id='word_1_238' title='bbox 668 1791 906 1854; x_wconf 89' lang='lat' dir='ltr'><strong>donavit,</strong></span> <span class='ocrx_word' id='word_1_239' title='bbox 954 1799 1115 1857; x_wconf 90' lang='lat' dir='ltr'><strong>atque</strong></span> <span class='ocrx_word' id='word_1_240' title='bbox 1140 1786 1325 1841; x_wconf 85' lang='lat' dir='ltr'><strong>omnia</strong></span> <span class='ocrx_word' id='word_1_241' title='bbox 1364 1784 1523 1839; x_wconf 87' lang='lat' dir='ltr'><strong>sicuti</strong></span> <span class='ocrx_word' id='word_1_242' title='bbox 1551 1784 1619 1838; x_wconf 91' lang='lat' dir='ltr'><strong>ab</strong></span> <span class='ocrx_word' id='word_1_243' title='bbox 1659 1780 1812 1835; x_wconf 89' lang='lat' dir='ltr'><strong>initio</strong></span> <span class='ocrx_word' id='word_1_244' title='bbox 1853 1780 2065 1834; x_wconf 84' lang='lat' dir='ltr'><strong>fuerant</strong></span> <span class='ocrx_word' id='word_1_245' title='bbox 2096 1782 2130 1837; x_wconf 84' lang='grc' dir='ltr'><strong>Β</strong></span> 
     </span>
    </p>
   </div>
   <div class='ocr_carea' id='block_1_34' title="bbox 2115 1770 3755 1857">
    <p class='ocr_par' dir='ltr' id='par_1_34' title="bbox 2115 1770 3755 1841">
     <span class='ocr_line' id='line_1_34' title="bbox 2115 1770 3755 1841; baseline 0.005 -19"><span class='ocrx_word' id='word_1_246' title='bbox 2115 1770 2503 1841; x_wconf 60' lang='grc' dir='ltr'>ιδωρούμενος</span> <span class='ocrx_word' id='word_1_247' title='bbox 2554 1774 2666 1834; x_wconf 82' lang='grc' dir='ltr'>τοῖς</span> <span class='ocrx_word' id='word_1_248' title='bbox 2716 1771 2823 1823; x_wconf 83' lang='grc' dir='ltr'><strong>ὑπὸ</strong></span> <span class='ocrx_word' id='word_1_249' title='bbox 2876 1770 3101 1840; x_wconf 83' lang='grc' dir='ltr'>φθορὰν,</span> <span class='ocrx_word' id='word_1_250' title='bbox 3150 1772 3243 1825; x_wconf 80' lang='grc' dir='ltr'>καὶ</span> <span class='ocrx_word' id='word_1_251' title='bbox 3286 1774 3643 1839; x_wconf 75' lang='grc' dir='ltr'>ἀνακαινίζων</span> <span class='ocrx_word' id='word_1_252' title='bbox 3688 1776 3755 1829; x_wconf 80' lang='grc' dir='ltr'>τὰ</span> 
     </span>
    </p>
   </div>
   <div class='ocr_carea' id='block_1_35' title="bbox 483 1864 2123 1953">
    <p class='ocr_par' dir='ltr' id='par_1_35' title="bbox 483 1876 2063 1953">
     <span class='ocr_line' id='line_1_35' title="bbox 483 1876 2063 1953; baseline -0.008 -14"><span class='ocrx_word' id='word_1_253' title='bbox 483 1885 784 1940; x_wconf 88' lang='lat' dir='ltr'><strong>renovavit.</strong></span> <span class='ocrx_word' id='word_1_254' title='bbox 835 1884 926 1939; x_wconf 88' lang='lat' dir='ltr'><strong>Sic</strong></span> <span class='ocrx_word' id='word_1_255' title='bbox 958 1883 1052 1953; x_wconf 91' lang='lat' dir='ltr'><strong>qui</strong></span> <span class='ocrx_word' id='word_1_256' title='bbox 1112 1883 1167 1938; x_wconf 91' lang='lat' dir='ltr'><strong>in</strong></span> <span class='ocrx_word' id='word_1_257' title='bbox 1205 1880 1423 1936; x_wconf 86' lang='lat' dir='ltr'><strong>Christo</strong></span> <span class='ocrx_word' id='word_1_258' title='bbox 1486 1876 1683 1932; x_wconf 89' lang='lat' dir='ltr'><strong>servati</strong></span> <span class='ocrx_word' id='word_1_259' title='bbox 1733 1882 1879 1937; x_wconf 88' lang='lat' dir='ltr'><strong>sunt,</strong></span> <span class='ocrx_word' id='word_1_260' title='bbox 1930 1886 2063 1927; x_wconf 88' lang='lat' dir='ltr'><strong>voce</strong></span> 
     </span>
    </p>
   </div>
   <div class='ocr_carea' id='block_1_36' title="bbox 2113 1864 3753 1953">
    <p class='ocr_par' dir='ltr' id='par_1_36' title="bbox 2167 1864 3753 1938">
     <span class='ocr_line' id='line_1_36' title="bbox 2167 1864 3753 1938; baseline 0.003 -22"><span class='ocrx_word' id='word_1_261' title='bbox 2167 1866 2347 1917; x_wconf 86' lang='grc' dir='ltr'>πάντα</span> <span class='ocrx_word' id='word_1_262' title='bbox 2379 1864 2512 1930; x_wconf 77' lang='grc' dir='ltr'>πρὸς</span> <span class='ocrx_word' id='word_1_263' title='bbox 2535 1864 2594 1917; x_wconf 85' lang='grc' dir='ltr'><strong>τὸ</strong></span> <span class='ocrx_word' id='word_1_264' title='bbox 2623 1867 2681 1917; x_wconf 79' lang='grc' dir='ltr'>ἐν</span> <span class='ocrx_word' id='word_1_265' title='bbox 2712 1865 2927 1935; x_wconf 84' lang='grc' dir='ltr'><strong>ἀρχαῖς.</strong></span> <span class='ocrx_word' id='word_1_266' title='bbox 2956 1864 3111 1917; x_wconf 81' lang='grc' dir='ltr'><strong>υῦτω</strong></span> <span class='ocrx_word' id='word_1_267' title='bbox 3140 1867 3235 1919; x_wconf 75' lang='grc' dir='ltr'>καὶ</span> <span class='ocrx_word' id='word_1_268' title='bbox 3256 1865 3344 1920; x_wconf 84' lang='grc' dir='ltr'><strong>διὰ</strong></span> <span class='ocrx_word' id='word_1_269' title='bbox 3370 1867 3471 1937; x_wconf 84' lang='grc' dir='ltr'>τῆς</span> <span class='ocrx_word' id='word_1_270' title='bbox 3501 1867 3595 1921; x_wconf 87' lang='grc' dir='ltr'>τοῦ</span> <span class='ocrx_word' id='word_1_271' title='bbox 3614 1867 3753 1938; x_wconf 80' lang='grc' dir='ltr'><strong>ψάλ-</strong></span> 
     </span>
    </p>
   </div>
   <div class='ocr_carea' id='block_1_37' title="bbox 482 1952 2122 2043">
    <p class='ocr_par' dir='ltr' id='par_1_37' title="bbox 482 1952 2065 2043">
     <span class='ocr_line' id='line_1_37' title="bbox 482 1952 2065 2043; baseline -0.006 -16"><span class='ocrx_word' id='word_1_272' title='bbox 482 1975 766 2043; x_wconf 87' lang='lat' dir='ltr'><strong>psallentis</strong></span> <span class='ocrx_word' id='word_1_273' title='bbox 794 1952 1017 2029; x_wconf 77' lang='lat' dir='ltr'><strong>dicunt:</strong></span> <span class='ocrx_word' id='word_1_274' title='bbox 1060 1974 1321 2027; x_wconf 69' lang='lat' dir='ltr'><strong>«Dextera</strong></span> <span class='ocrx_word' id='word_1_275' title='bbox 1348 1969 1556 2024; x_wconf 77' lang='lat' dir='ltr'><strong>Domini</strong></span> <span class='ocrx_word' id='word_1_276' title='bbox 1589 1967 1768 2023; x_wconf 78' lang='lat' dir='ltr'><strong>evexit</strong></span> <span class='ocrx_word' id='word_1_277' title='bbox 1801 1980 1909 2029; x_wconf 88' lang='lat' dir='ltr'><strong>me,</strong></span> <span class='ocrx_word' id='word_1_278' title='bbox 1934 1966 2065 2019; x_wconf 78' lang='lat' dir='ltr'><strong>dex-</strong></span> 
     </span>
    </p>
   </div>
   <div class='ocr_carea' id='block_1_38' title="bbox 2114 1952 3754 2043">
    <p class='ocr_par' dir='ltr' id='par_1_38' title="bbox 2166 1952 3754 2025">
     <span class='ocr_line' id='line_1_38' title="bbox 2166 1952 3754 2025; baseline 0.003 -21"><span class='ocrx_word' id='word_1_279' title='bbox 2166 1953 2352 2017; x_wconf 84' lang='grc' dir='ltr'>λοντος</span> <span class='ocrx_word' id='word_1_280' title='bbox 2389 1954 2571 2025; x_wconf 82' lang='grc' dir='ltr'>φωνῆς</span> <span class='ocrx_word' id='word_1_281' title='bbox 2610 1954 2661 2005; x_wconf 87' lang='grc' dir='ltr'>οἱ</span> <span class='ocrx_word' id='word_1_282' title='bbox 2694 1954 2751 2006; x_wconf 82' lang='grc' dir='ltr'>ὲν</span> <span class='ocrx_word' id='word_1_283' title='bbox 2778 1952 2999 2025; x_wconf 82' lang='grc' dir='ltr'>Χριστῷ</span> <span class='ocrx_word' id='word_1_284' title='bbox 3025 1955 3355 2025; x_wconf 79' lang='grc' dir='ltr'>σεσωσμένοι</span> <span class='ocrx_word' id='word_1_285' title='bbox 3386 1957 3569 2025; x_wconf 87' lang='grc' dir='ltr'>φασίν·</span> <span class='ocrx_word' id='word_1_286' title='bbox 3607 1976 3625 2008; x_wconf 84' lang='grc' dir='ltr'><strong>ι</strong></span> <span class='ocrx_word' id='word_1_287' title='bbox 3656 1961 3754 2009; x_wconf 88' lang='grc' dir='ltr'><strong>Δε-</strong></span> 
     </span>
    </p>
   </div>
   <div class='ocr_carea' id='block_1_39' title="bbox 486 2044 2126 2135">
    <p class='ocr_par' dir='ltr' id='par_1_39' title="bbox 486 2057 2062 2135">
     <span class='ocr_line' id='line_1_39' title="bbox 486 2057 2062 2135; baseline -0.008 -14"><span class='ocrx_word' id='word_1_288' title='bbox 486 2077 601 2122; x_wconf 91' lang='lat' dir='ltr'><strong>tera</strong></span> <span class='ocrx_word' id='word_1_289' title='bbox 650 2066 858 2121; x_wconf 89' lang='lat' dir='ltr'><strong>Domini</strong></span> <span class='ocrx_word' id='word_1_290' title='bbox 909 2065 1159 2135; x_wconf 62' lang='lat' dir='ltr'><strong>praestitit</strong></span> <span class='ocrx_word' id='word_1_291' title='bbox 1206 2063 1480 2118; x_wconf 89' lang='lat' dir='ltr'><strong>virtutem.</strong></span> <span class='ocrx_word' id='word_1_292' title='bbox 1499 2061 1574 2113; x_wconf 72' lang='grc'><strong>⁵⁸»</strong></span> <span class='ocrx_word' id='word_1_293' title='bbox 1623 2057 1835 2113; x_wconf 86' lang='lat' dir='ltr'><strong>Dictum</strong></span> <span class='ocrx_word' id='word_1_294' title='bbox 1896 2057 2062 2110; x_wconf 90' lang='lat' dir='ltr'><strong>etiam</strong></span> 
     </span>
    </p>
   </div>
   <div class='ocr_carea' id='block_1_40' title="bbox 2114 2044 3754 2135">
    <p class='ocr_par' dir='ltr' id='par_1_40' title="bbox 2168 2044 3754 2119">
     <span class='ocr_line' id='line_1_40' title="bbox 2168 2044 3754 2119; baseline 0.003 -22"><span class='ocrx_word' id='word_1_295' title='bbox 2168 2046 2256 2113; x_wconf 82' lang='grc' dir='ltr'>ξιά</span> <span class='ocrx_word' id='word_1_296' title='bbox 2303 2046 2511 2117; x_wconf 77' lang='grc' dir='ltr'>Κυρίου</span> <span class='ocrx_word' id='word_1_297' title='bbox 2559 2044 2741 2114; x_wconf 61' lang='lat' dir='ltr'><strong>epeos</strong></span> <span class='ocrx_word' id='word_1_298' title='bbox 2788 2063 2875 2116; x_wconf 85' lang='grc' dir='ltr'>με,</span> <span class='ocrx_word' id='word_1_299' title='bbox 2906 2045 3056 2111; x_wconf 76' lang='grc' dir='ltr'>δεξιά</span> <span class='ocrx_word' id='word_1_300' title='bbox 3088 2048 3292 2117; x_wconf 85' lang='grc' dir='ltr'>Κυρίου</span> <span class='ocrx_word' id='word_1_301' title='bbox 3327 2048 3552 2119; x_wconf 82' lang='grc' dir='ltr'>ἐποίησε</span> <span class='ocrx_word' id='word_1_302' title='bbox 3596 2047 3754 2102; x_wconf 89' lang='grc' dir='ltr'>δύνα-</span> 
     </span>
    </p>
   </div>
   <div class='ocr_carea' id='block_1_41' title="bbox 480 2138 2120 2213">
    <p class='ocr_par' dir='ltr' id='par_1_41' title="bbox 480 2146 2066 2213">
     <span class='ocr_line' id='line_1_41' title="bbox 480 2146 2066 2213; baseline -0.009 0"><span class='ocrx_word' id='word_1_303' title='bbox 480 2168 568 2213; x_wconf 87' lang='lat' dir='ltr'><strong>est</strong></span> <span class='ocrx_word' id='word_1_304' title='bbox 597 2159 649 2212; x_wconf 89' lang='lat' dir='ltr'><strong>in</strong></span> <span class='ocrx_word' id='word_1_305' title='bbox 680 2156 943 2213; x_wconf 87' lang='lat' dir='ltr'><strong>canticis:</strong></span> <span class='ocrx_word' id='word_1_306' title='bbox 983 2174 1002 2207; x_wconf 79' lang='grc' dir='ltr'><strong>ι</strong></span> <span class='ocrx_word' id='word_1_307' title='bbox 1036 2156 1263 2211; x_wconf 77' lang='lat' dir='ltr'><strong>Dextera</strong></span> <span class='ocrx_word' id='word_1_308' title='bbox 1297 2153 1505 2207; x_wconf 91' lang='lat' dir='ltr'><strong>Domini</strong></span> <span class='ocrx_word' id='word_1_309' title='bbox 1540 2150 1820 2206; x_wconf 88' lang='lat' dir='ltr'><strong>nobilitata</strong></span> <span class='ocrx_word' id='word_1_310' title='bbox 1846 2157 1929 2203; x_wconf 90' lang='lat' dir='ltr'><strong>est</strong></span> <span class='ocrx_word' id='word_1_311' title='bbox 1954 2146 2066 2201; x_wconf 85' lang='lat' dir='ltr'><strong>for-</strong></span> 
     </span>
    </p>
   </div>
   <div class='ocr_carea' id='block_1_42' title="bbox 2111 2138 3751 2213">
    <p class='ocr_par' dir='ltr' id='par_1_42' title="bbox 2170 2138 3751 2211">
     <span class='ocr_line' id='line_1_42' title="bbox 2170 2138 3751 2211; baseline 0 -19"><span class='ocrx_word' id='word_1_312' title='bbox 2170 2158 2281 2211; x_wconf 83' lang='grc' dir='ltr'>μιν.</span> <span class='ocrx_word' id='word_1_313' title='bbox 2318 2159 2337 2190; x_wconf 73' lang='grc' dir='ltr'><strong>ι</strong></span> <span class='ocrx_word' id='word_1_314' title='bbox 2393 2138 2618 2211; x_wconf 75' lang='grc' dir='ltr'>Εἴρηται</span> <span class='ocrx_word' id='word_1_315' title='bbox 2676 2138 2733 2191; x_wconf 84' lang='grc' dir='ltr'>δὲ</span> <span class='ocrx_word' id='word_1_316' title='bbox 2777 2139 2870 2192; x_wconf 73' lang='grc' dir='ltr'><strong>καὶ</strong></span> <span class='ocrx_word' id='word_1_317' title='bbox 2914 2141 2971 2191; x_wconf 79' lang='grc' dir='ltr'><strong>ἐν</strong></span> <span class='ocrx_word' id='word_1_318' title='bbox 3016 2138 3223 2211; x_wconf 82' lang='grc' dir='ltr'>ᾮδαῖς·</span> <span class='ocrx_word' id='word_1_319' title='bbox 3274 2160 3293 2192; x_wconf 78' lang='grc' dir='ltr'><strong>ι</strong></span> <span class='ocrx_word' id='word_1_320' title='bbox 3334 2140 3397 2193; x_wconf 87' lang='lat' dir='ltr'><strong>&#39;H</strong></span> <span class='ocrx_word' id='word_1_321' title='bbox 3442 2139 3590 2206; x_wconf 82' lang='grc' dir='ltr'>δεξιά</span> <span class='ocrx_word' id='word_1_322' title='bbox 3639 2158 3751 2206; x_wconf 87' lang='grc' dir='ltr'>σου,</span> 
     </span>
    </p>
   </div>
   <div class='ocr_carea' id='block_1_43' title="bbox 486 2234 2126 2318">
    <p class='ocr_par' dir='ltr' id='par_1_43' title="bbox 486 2240 2060 2318">
     <span class='ocr_line' id='line_1_43' title="bbox 486 2240 2060 2318; baseline -0.007 -16"><span class='ocrx_word' id='word_1_323' title='bbox 486 2249 739 2318; x_wconf 84' lang='lat' dir='ltr'><strong>titudine,</strong></span> <span class='ocrx_word' id='word_1_324' title='bbox 793 2248 1015 2304; x_wconf 79' lang='lat' dir='ltr'><strong>dextera</strong></span> <span class='ocrx_word' id='word_1_325' title='bbox 1053 2256 1165 2314; x_wconf 89' lang='lat' dir='ltr'><strong>tua,</strong></span> <span class='ocrx_word' id='word_1_326' title='bbox 1217 2246 1463 2310; x_wconf 88' lang='lat' dir='ltr'><strong>Domine,</strong></span> <span class='ocrx_word' id='word_1_327' title='bbox 1501 2244 1663 2313; x_wconf 77' lang='lat' dir='ltr'><strong>fregit</strong></span> <span class='ocrx_word' id='word_1_328' title='bbox 1695 2240 2060 2297; x_wconf 71' lang='lat' dir='ltr'><strong>inimicos&quot;.i</strong></span> 
     </span>
    </p>
   </div>
   <div class='ocr_carea' id='block_1_44' title="bbox 2112 2234 3752 2318">
    <p class='ocr_par' dir='ltr' id='par_1_44' title="bbox 2167 2234 3752 2309">
     <span class='ocr_line' id='line_1_44' title="bbox 2167 2234 3752 2309; baseline 0 -20"><span class='ocrx_word' id='word_1_329' title='bbox 2167 2234 2360 2306; x_wconf 85' lang='grc' dir='ltr'>Κύριε,</span> <span class='ocrx_word' id='word_1_330' title='bbox 2390 2236 2699 2302; x_wconf 78' lang='grc' dir='ltr'>δεδόξασται</span> <span class='ocrx_word' id='word_1_331' title='bbox 2728 2239 2785 2289; x_wconf 82' lang='grc' dir='ltr'>ὲν</span> <span class='ocrx_word' id='word_1_332' title='bbox 2821 2238 2963 2308; x_wconf 85' lang='grc' dir='ltr'>ίσχύῖ</span> <span class='ocrx_word' id='word_1_333' title='bbox 2983 2253 2996 2267; x_wconf 88' lang='grc'><strong>·</strong></span> <span class='ocrx_word' id='word_1_334' title='bbox 3025 2239 3058 2309; x_wconf 84' lang='grc' dir='ltr'>ή</span> <span class='ocrx_word' id='word_1_335' title='bbox 3084 2238 3234 2302; x_wconf 82' lang='grc' dir='ltr'>δεξιά</span> <span class='ocrx_word' id='word_1_336' title='bbox 3266 2254 3357 2291; x_wconf 87' lang='grc' dir='ltr'><strong>σου</strong></span> <span class='ocrx_word' id='word_1_337' title='bbox 3391 2238 3530 2309; x_wconf 75' lang='grc' dir='ltr'>χεὶρ,</span> <span class='ocrx_word' id='word_1_338' title='bbox 3560 2237 3752 2309; x_wconf 84' lang='grc' dir='ltr'>Κύριε,</span> 
     </span>
    </p>
   </div>
   <div class='ocr_carea' id='block_1_45' title="bbox 490 2328 2130 2411">
    <p class='ocr_par' dir='ltr' id='par_1_45' title="bbox 490 2329 2066 2411">
     <span class='ocr_line' id='line_1_45' title="bbox 490 2329 2066 2411; baseline -0.008 -17"><span class='ocrx_word' id='word_1_339' title='bbox 490 2339 681 2411; x_wconf 84' lang='lat' dir='ltr'><strong>itaque</strong></span> <span class='ocrx_word' id='word_1_340' title='bbox 729 2355 797 2396; x_wconf 93' lang='lat' dir='ltr'><strong>eo</strong></span> <span class='ocrx_word' id='word_1_341' title='bbox 853 2339 1145 2411; x_wconf 89' lang='lat' dir='ltr'><strong>impietatis</strong></span> <span class='ocrx_word' id='word_1_342' title='bbox 1173 2349 1228 2395; x_wconf 89' lang='lat' dir='ltr'><strong>et</strong></span> <span class='ocrx_word' id='word_1_343' title='bbox 1280 2336 1503 2393; x_wconf 72' lang='lat' dir='ltr'><strong>insania:</strong></span> <span class='ocrx_word' id='word_1_344' title='bbox 1551 2341 1836 2397; x_wconf 86' lang='lat' dir='ltr'><strong>venerunt,</strong></span> <span class='ocrx_word' id='word_1_345' title='bbox 1863 2340 1921 2384; x_wconf 91' lang='lat' dir='ltr'><strong>ut</strong></span> <span class='ocrx_word' id='word_1_346' title='bbox 1943 2329 2066 2385; x_wconf 87' lang='lat' dir='ltr'><strong>forti</strong></span> 
     </span>
    </p>
   </div>
   <div class='ocr_carea' id='block_1_46' title="bbox 2116 2328 3756 2411">
    <p class='ocr_par' dir='ltr' id='par_1_46' title="bbox 2169 2328 3756 2402">
     <span class='ocr_line' id='line_1_46' title="bbox 2169 2328 3756 2402; baseline 0.001 -22"><span class='ocrx_word' id='word_1_347' title='bbox 2169 2328 2433 2399; x_wconf 69' lang='grc' dir='ltr'>ἔθραυσεν</span> <span class='ocrx_word' id='word_1_348' title='bbox 2455 2330 2701 2402; x_wconf 77' lang='grc' dir='ltr'>ἐχθρούς.</span> <span class='ocrx_word' id='word_1_349' title='bbox 2740 2351 2758 2382; x_wconf 73' lang='grc' dir='ltr'><strong>ι</strong></span> <span class='ocrx_word' id='word_1_350' title='bbox 2788 2330 2998 2384; x_wconf 81' lang='grc' dir='ltr'>Οὐκοῦν</span> <span class='ocrx_word' id='word_1_351' title='bbox 3024 2330 3370 2401; x_wconf 81' lang='grc' dir='ltr'>ἀνοσιότητός</span> <span class='ocrx_word' id='word_1_352' title='bbox 3396 2346 3455 2383; x_wconf 89' lang='grc' dir='ltr'><strong>τε</strong></span> <span class='ocrx_word' id='word_1_353' title='bbox 3479 2329 3636 2401; x_wconf 84' lang='grc' dir='ltr'>ὁμοῦ,</span> <span class='ocrx_word' id='word_1_354' title='bbox 3662 2331 3756 2383; x_wconf 83' lang='grc' dir='ltr'><strong>καὶ</strong></span> 
     </span>
    </p>
   </div>
   <div class='ocr_carea' id='block_1_47' title="bbox 489 2420 2129 2497">
    <p class='ocr_par' dir='ltr' id='par_1_47' title="bbox 489 2424 2066 2497">
     <span class='ocr_line' id='line_1_47' title="bbox 489 2424 2066 2497; baseline -0.009 -9"><span class='ocrx_word' id='word_1_355' title='bbox 489 2433 675 2488; x_wconf 88' lang='lat' dir='ltr'><strong>manui</strong></span> <span class='ocrx_word' id='word_1_356' title='bbox 706 2431 868 2488; x_wconf 84' lang='lat' dir='ltr'><strong>facile</strong></span> <span class='ocrx_word' id='word_1_357' title='bbox 887 2430 1229 2487; x_wconf 88' lang='lat' dir='ltr'><strong>conservanti</strong></span> <span class='ocrx_word' id='word_1_358' title='bbox 1265 2426 1595 2497; x_wconf 74' lang='lat' dir='ltr'><strong>immorigeri</strong></span> <span class='ocrx_word' id='word_1_359' title='bbox 1626 2439 1750 2482; x_wconf 88' lang='lat' dir='ltr'><strong>esse</strong></span> <span class='ocrx_word' id='word_1_360' title='bbox 1773 2424 2066 2487; x_wconf 88' lang='lat' dir='ltr'><strong>voluerint,</strong></span> 
     </span>
    </p>
   </div>
   <div class='ocr_carea' id='block_1_48' title="bbox 2113 2420 3753 2497">
    <p class='ocr_par' dir='ltr' id='par_1_48' title="bbox 2172 2420 3753 2493">
     <span class='ocr_line' id='line_1_48' title="bbox 2172 2420 3753 2493; baseline 0 -20"><span class='ocrx_word' id='word_1_361' title='bbox 2172 2421 2277 2493; x_wconf 82' lang='grc' dir='ltr'><strong>μὴν</strong></span> <span class='ocrx_word' id='word_1_362' title='bbox 2305 2423 2399 2475; x_wconf 78' lang='grc' dir='ltr'><strong>καὶ</strong></span> <span class='ocrx_word' id='word_1_363' title='bbox 2428 2422 2855 2493; x_wconf 78' lang='grc' dir='ltr'>φρενοϐλαϐείας</span> <span class='ocrx_word' id='word_1_364' title='bbox 2882 2422 2962 2485; x_wconf 84' lang='grc' dir='ltr'><strong>είς</strong></span> <span class='ocrx_word' id='word_1_365' title='bbox 2984 2420 3141 2475; x_wconf 81' lang='grc' dir='ltr'>τοῦτο</span> <span class='ocrx_word' id='word_1_366' title='bbox 3162 2421 3565 2491; x_wconf 78' lang='grc' dir='ltr'>διεληλάκασιν,</span> <span class='ocrx_word' id='word_1_367' title='bbox 3589 2420 3663 2485; x_wconf 83' lang='grc' dir='ltr'>ὡς</span> <span class='ocrx_word' id='word_1_368' title='bbox 3687 2424 3753 2493; x_wconf 86' lang='grc' dir='ltr'>τῇ</span> 
     </span>
    </p>
   </div>
   <div class='ocr_carea' id='block_1_49' title="bbox 483 2510 2123 2594">
    <p class='ocr_par' dir='ltr' id='par_1_49' title="bbox 483 2515 2066 2594">
     <span class='ocr_line' id='line_1_49' title="bbox 483 2515 2066 2594; baseline -0.008 -15"><span class='ocrx_word' id='word_1_369' title='bbox 483 2525 651 2594; x_wconf 83' lang='lat' dir='ltr'><strong>idque</strong></span> <span class='ocrx_word' id='word_1_370' title='bbox 704 2537 804 2594; x_wconf 86' lang='lat' dir='ltr'><strong>pro</strong></span> <span class='ocrx_word' id='word_1_371' title='bbox 840 2522 1010 2578; x_wconf 89' lang='lat' dir='ltr'><strong>nihilo</strong></span> <span class='ocrx_word' id='word_1_372' title='bbox 1042 2521 1319 2577; x_wconf 77' lang='lat' dir='ltr'><strong>duxerint.</strong></span> <span class='ocrx_word' id='word_1_373' title='bbox 1364 2516 1700 2587; x_wconf 76' lang='lat' dir='ltr'><strong>lmmorigeri</strong></span> <span class='ocrx_word' id='word_1_374' title='bbox 1734 2524 1860 2572; x_wconf 91' lang='lat' dir='ltr'><strong>sunt</strong></span> <span class='ocrx_word' id='word_1_375' title='bbox 1883 2515 2066 2579; x_wconf 88' lang='lat' dir='ltr'><strong>etiam,</strong></span> 
     </span>
    </p>
   </div>
   <div class='ocr_carea' id='block_1_50' title="bbox 2114 2510 3754 2594">
    <p class='ocr_par' dir='ltr' id='par_1_50' title="bbox 2174 2510 3754 2585">
     <span class='ocr_line' id='line_1_50' title="bbox 2174 2510 3754 2585; baseline 0.001 -22"><span class='ocrx_word' id='word_1_376' title='bbox 2174 2513 2372 2584; x_wconf 78' lang='grc' dir='ltr'>ἰσχυρᾷ</span> <span class='ocrx_word' id='word_1_377' title='bbox 2413 2513 2560 2583; x_wconf 78' lang='grc' dir='ltr'>χειρὶ</span> <span class='ocrx_word' id='word_1_378' title='bbox 2602 2517 2669 2583; x_wconf 81' lang='grc' dir='ltr'>τῇ</span> <span class='ocrx_word' id='word_1_379' title='bbox 2721 2511 2971 2585; x_wconf 73' lang='grc' dir='ltr'>σωζούσῃ</span> <span class='ocrx_word' id='word_1_380' title='bbox 3012 2510 3212 2583; x_wconf 74' lang='grc' dir='ltr'>ῥᾳδίως</span> <span class='ocrx_word' id='word_1_381' title='bbox 3246 2510 3492 2564; x_wconf 81' lang='grc' dir='ltr'>ἀπειθεῖν</span> <span class='ocrx_word' id='word_1_382' title='bbox 3518 2510 3754 2573; x_wconf 78' lang='grc' dir='ltr'>ἑλέσθαι,</span> 
     </span>
    </p>
   </div>
   <div class='ocr_carea' id='block_1_51' title="bbox 485 2601 2125 2687">
    <p class='ocr_par' dir='ltr' id='par_1_51' title="bbox 485 2611 2067 2687">
     <span class='ocr_line' id='line_1_51' title="bbox 485 2611 2067 2687; baseline -0.006 -16"><span class='ocrx_word' id='word_1_383' title='bbox 485 2617 686 2687; x_wconf 89' lang='lat' dir='ltr'><strong>inquit,</strong></span> <span class='ocrx_word' id='word_1_384' title='bbox 714 2615 812 2670; x_wconf 67' lang='lat' dir='ltr'><strong>viae</strong></span> <span class='ocrx_word' id='word_1_385' title='bbox 832 2614 1011 2687; x_wconf 83' lang='lat' dir='ltr'><strong>populi</strong></span> <span class='ocrx_word' id='word_1_386' title='bbox 1041 2612 1223 2682; x_wconf 86' lang='lat' dir='ltr'><strong>hujus,</strong></span> <span class='ocrx_word' id='word_1_387' title='bbox 1256 2611 1415 2683; x_wconf 91' lang='lat' dir='ltr'><strong>cujus</strong></span> <span class='ocrx_word' id='word_1_388' title='bbox 1445 2624 1727 2680; x_wconf 84' lang='lat' dir='ltr'><strong>personam</strong></span> <span class='ocrx_word' id='word_1_389' title='bbox 1760 2621 2067 2671; x_wconf 86' lang='lat' dir='ltr'><strong>assumens,</strong></span> 
     </span>
    </p>
   </div>
   <div class='ocr_carea' id='block_1_52' title="bbox 2116 2601 3756 2687">
    <p class='ocr_par' dir='ltr' id='par_1_52' title="bbox 2172 2601 3756 2687">
     <span class='ocr_line' id='line_1_52' title="bbox 2172 2601 3756 2687; baseline -0.002 -29"><span class='ocrx_word' id='word_1_390' title='bbox 2172 2607 2265 2658; x_wconf 83' lang='grc' dir='ltr'><strong>καὶ</strong></span> <span class='ocrx_word' id='word_1_391' title='bbox 2315 2607 2447 2669; x_wconf 73' lang='grc' dir='ltr'>παρ’</span> <span class='ocrx_word' id='word_1_392' title='bbox 2474 2606 2630 2659; x_wconf 75' lang='grc' dir='ltr'>οὐδὲν</span> <span class='ocrx_word' id='word_1_393' title='bbox 2670 2604 2924 2676; x_wconf 69' lang='grc' dir='ltr'><strong>⁴ἡγεῖσθαι</strong></span> <span class='ocrx_word' id='word_1_394' title='bbox 2973 2603 3034 2657; x_wconf 81' lang='grc' dir='ltr'><strong>τὸ</strong></span> <span class='ocrx_word' id='word_1_395' title='bbox 3078 2602 3661 2687; x_wconf 83' lang='grc' dir='ltr'>πρᾶγμα.Ἀπειθοῠσι</span> <span class='ocrx_word' id='word_1_396' title='bbox 3698 2601 3756 2655; x_wconf 77' lang='grc' dir='ltr'>δὲ</span> 
     </span>
    </p>
   </div>
   <div class='ocr_carea' id='block_1_53' title="bbox 482 2686 2122 2771">
    <p class='ocr_par' dir='ltr' id='par_1_53' title="bbox 482 2686 2070 2771">
     <span class='ocr_line' id='line_1_53' title="bbox 482 2686 2070 2771; baseline -0.007 -7"><span class='ocrx_word' id='word_1_397' title='bbox 482 2686 648 2765; x_wconf 87' lang='lat' dir='ltr'><strong>modo</strong></span> <span class='ocrx_word' id='word_1_398' title='bbox 684 2686 945 2764; x_wconf 73' lang='lat' dir='ltr'><strong>dixerat:</strong></span> <span class='ocrx_word' id='word_1_399' title='bbox 989 2705 1279 2761; x_wconf 86' lang='lat' dir='ltr'><strong>Nobiscum</strong></span> <span class='ocrx_word' id='word_1_400' title='bbox 1315 2705 1475 2761; x_wconf 84' lang='lat' dir='ltr'><strong>Deus.</strong></span> <span class='ocrx_word' id='word_1_401' title='bbox 1509 2702 1640 2771; x_wconf 72' lang='lat' dir='ltr'><strong>Quae</strong></span> <span class='ocrx_word' id='word_1_402' title='bbox 1702 2700 1919 2756; x_wconf 84' lang='lat' dir='ltr'><strong>tandem</strong></span> <span class='ocrx_word' id='word_1_403' title='bbox 1982 2698 2070 2753; x_wconf 91' lang='lat' dir='ltr'><strong>via</strong></span> 
     </span>
    </p>
   </div>
   <div class='ocr_carea' id='block_1_54' title="bbox 2118 2686 3758 2771">
    <p class='ocr_par' dir='ltr' id='par_1_54' title="bbox 2170 2686 3758 2769">
     <span class='ocr_line' id='line_1_54' title="bbox 2170 2686 3758 2769; baseline -0.001 -19"><span class='ocrx_word' id='word_1_404' title='bbox 2170 2699 2372 2768; x_wconf 85' lang='grc' dir='ltr'>ὁμοίως</span> <span class='ocrx_word' id='word_1_405' title='bbox 2420 2700 2486 2769; x_wconf 81' lang='grc' dir='ltr'>τῇ</span> <span class='ocrx_word' id='word_1_406' title='bbox 2536 2697 2733 2769; x_wconf 76' lang='grc' dir='ltr'>πορείᾳ</span> <span class='ocrx_word' id='word_1_407' title='bbox 2774 2696 2869 2750; x_wconf 83' lang='grc' dir='ltr'><strong>τοῦ</strong></span> <span class='ocrx_word' id='word_1_408' title='bbox 2911 2695 3044 2750; x_wconf 81' lang='grc' dir='ltr'>λαοῦ</span> <span class='ocrx_word' id='word_1_409' title='bbox 3098 2695 3312 2761; x_wconf 82' lang='grc' dir='ltr'>τούτου,</span> <span class='ocrx_word' id='word_1_410' title='bbox 3349 2694 3545 2766; x_wconf 76' lang='grc' dir='ltr'>φησιν’</span> <span class='ocrx_word' id='word_1_411' title='bbox 3590 2686 3651 2748; x_wconf 77' lang='grc' dir='ltr'>οὗ</span> <span class='ocrx_word' id='word_1_412' title='bbox 3696 2694 3758 2748; x_wconf 74' lang='grc' dir='ltr'>τὸ</span> 
     </span>
    </p>
   </div>
   <div class='ocr_carea' id='block_1_55' title="bbox 479 2787 2119 2872">
    <p class='ocr_par' dir='ltr' id='par_1_55' title="bbox 479 2794 2067 2872">
     <span class='ocr_line' id='line_1_55' title="bbox 479 2794 2067 2872; baseline -0.005 -17"><span class='ocrx_word' id='word_1_413' title='bbox 479 2811 567 2856; x_wconf 85' lang='lat' dir='ltr'><strong>est</strong></span> <span class='ocrx_word' id='word_1_414' title='bbox 600 2799 783 2872; x_wconf 85' lang='lat' dir='ltr'><strong>populi</strong></span> <span class='ocrx_word' id='word_1_415' title='bbox 813 2798 1014 2869; x_wconf 79' lang='lat' dir='ltr'><strong>hujus?</strong></span> <span class='ocrx_word' id='word_1_416' title='bbox 1050 2798 1249 2852; x_wconf 86' lang='lat' dir='ltr'><strong>Eorum</strong></span> <span class='ocrx_word' id='word_1_417' title='bbox 1282 2796 1374 2866; x_wconf 90' lang='lat' dir='ltr'><strong>qui</strong></span> <span class='ocrx_word' id='word_1_418' title='bbox 1406 2794 1813 2850; x_wconf 87' lang='lat' dir='ltr'><strong>Emmanuelem</strong></span> <span class='ocrx_word' id='word_1_419' title='bbox 1846 2794 2067 2856; x_wconf 85' lang='lat' dir='ltr'><strong>habent,</strong></span> 
     </span>
    </p>
   </div>
   <div class='ocr_carea' id='block_1_56' title="bbox 2119 2787 3759 2872">
    <p class='ocr_par' dir='ltr' id='par_1_56' title="bbox 2173 2787 3759 2861">
     <span class='ocr_line' id='line_1_56' title="bbox 2173 2787 3759 2861; baseline 0 -20"><span class='ocrx_word' id='word_1_420' title='bbox 2173 2790 2463 2861; x_wconf 84' lang='grc' dir='ltr'>πρόσωπον</span> <span class='ocrx_word' id='word_1_421' title='bbox 2507 2788 2794 2843; x_wconf 76' lang='grc' dir='ltr'>ἀναλαϐὼν</span> <span class='ocrx_word' id='word_1_422' title='bbox 2840 2788 3077 2858; x_wconf 71' lang='grc' dir='ltr'>ἔφασκεν</span> <span class='ocrx_word' id='word_1_423' title='bbox 3132 2787 3329 2851; x_wconf 75' lang='grc' dir='ltr'>εὐθύς·</span> <span class='ocrx_word' id='word_1_424' title='bbox 3376 2788 3513 2843; x_wconf 77' lang='grc' dir='ltr'>Μεθ’</span> <span class='ocrx_word' id='word_1_425' title='bbox 3539 2788 3694 2859; x_wconf 85' lang='grc' dir='ltr'><strong>ήμῶν</strong></span> <span class='ocrx_word' id='word_1_426' title='bbox 3730 2788 3759 2841; x_wconf 81' lang='grc' dir='ltr'><strong>ό</strong></span> 
     </span>
    </p>
   </div>
   <div class='ocr_carea' id='block_1_57' title="bbox 484 2879 2124 2963">
    <p class='ocr_par' dir='ltr' id='par_1_57' title="bbox 484 2884 2075 2963">
     <span class='ocr_line' id='line_1_57' title="bbox 484 2884 2075 2963; baseline -0.006 -14"><span class='ocrx_word' id='word_1_427' title='bbox 484 2894 619 2949; x_wconf 80' lang='lat' dir='ltr'><strong>ﬁdes</strong></span> <span class='ocrx_word' id='word_1_428' title='bbox 647 2890 980 2963; x_wconf 78' lang='lat' dir='ltr'><strong>evangelica,</strong></span> <span class='ocrx_word' id='word_1_429' title='bbox 1020 2889 1146 2944; x_wconf 80' lang='lat' dir='ltr'><strong>vitae</strong></span> <span class='ocrx_word' id='word_1_430' title='bbox 1184 2888 1455 2943; x_wconf 85' lang='lat' dir='ltr'><strong>institutio</strong></span> <span class='ocrx_word' id='word_1_431' title='bbox 1482 2896 1538 2942; x_wconf 89' lang='lat' dir='ltr'><strong>et</strong></span> <span class='ocrx_word' id='word_1_432' title='bbox 1594 2886 1956 2948; x_wconf 90' lang='lat' dir='ltr'><strong>conversatio,</strong></span> <span class='ocrx_word' id='word_1_433' title='bbox 1994 2884 2075 2940; x_wconf 90' lang='lat' dir='ltr'><strong>le-</strong></span> 
     </span>
    </p>
   </div>
   <div class='ocr_carea' id='block_1_58' title="bbox 2118 2879 3758 2963">
    <p class='ocr_par' dir='ltr' id='par_1_58' title="bbox 2174 2879 3758 2952">
     <span class='ocr_line' id='line_1_58' title="bbox 2174 2879 3758 2952; baseline -0.002 -17"><span class='ocrx_word' id='word_1_434' title='bbox 2174 2882 2535 2943; x_wconf 83' lang='grc' dir='ltr'>Θεός.’οποία</span> <span class='ocrx_word' id='word_1_435' title='bbox 2580 2881 2636 2935; x_wconf 88' lang='grc' dir='ltr'><strong>δέ</strong></span> <span class='ocrx_word' id='word_1_436' title='bbox 2684 2881 2769 2944; x_wconf 84' lang='grc' dir='ltr'><strong>τίς</strong></span> <span class='ocrx_word' id='word_1_437' title='bbox 2798 2884 2944 2934; x_wconf 74' lang='grc' dir='ltr'>ἐστιν</span> <span class='ocrx_word' id='word_1_438' title='bbox 2978 2882 3011 2952; x_wconf 85' lang='grc' dir='ltr'><strong>ή</strong></span> <span class='ocrx_word' id='word_1_439' title='bbox 3049 2880 3239 2952; x_wconf 82' lang='grc' dir='ltr'>πορεία</span> <span class='ocrx_word' id='word_1_440' title='bbox 3281 2880 3374 2934; x_wconf 74' lang='grc' dir='ltr'>τοῦ</span> <span class='ocrx_word' id='word_1_441' title='bbox 3419 2879 3590 2946; x_wconf 81' lang='grc' dir='ltr'><strong>λαοῦ;</strong></span> <span class='ocrx_word' id='word_1_442' title='bbox 3638 2880 3758 2933; x_wconf 85' lang='grc' dir='ltr'><strong>Τῶν</strong></span> 
     </span>
    </p>
   </div>
   <div class='ocr_carea' id='block_1_59' title="bbox 482 2972 2122 3056">
    <p class='ocr_par' dir='ltr' id='par_1_59' title="bbox 482 2978 2075 3056">
     <span class='ocr_line' id='line_1_59' title="bbox 482 2978 2075 3056; baseline -0.006 -17"><span class='ocrx_word' id='word_1_443' title='bbox 482 2985 589 3056; x_wconf 78' lang='lat' dir='ltr'><strong>gali</strong></span> <span class='ocrx_word' id='word_1_444' title='bbox 619 2995 673 3040; x_wconf 89' lang='lat' dir='ltr'><strong>et</strong></span> <span class='ocrx_word' id='word_1_445' title='bbox 726 2983 1001 3039; x_wconf 84' lang='lat' dir='ltr'><strong>umbratili</strong></span> <span class='ocrx_word' id='word_1_446' title='bbox 1036 2982 1254 3051; x_wconf 86' lang='lat' dir='ltr'><strong>rejecta.</strong></span> <span class='ocrx_word' id='word_1_447' title='bbox 1292 2980 1362 3034; x_wconf 90' lang='lat' dir='ltr'><strong>Et</strong></span> <span class='ocrx_word' id='word_1_448' title='bbox 1422 2979 1753 3048; x_wconf 72' lang='lat' dir='ltr'><strong>immorigeri</strong></span> <span class='ocrx_word' id='word_1_449' title='bbox 1814 2987 1939 3032; x_wconf 90' lang='lat' dir='ltr'><strong>sunt</strong></span> <span class='ocrx_word' id='word_1_450' title='bbox 1976 2978 2075 3031; x_wconf 75' lang='lat' dir='ltr'><strong>via:</strong></span> 
     </span>
    </p>
   </div>
   <div class='ocr_carea' id='block_1_60' title="bbox 2112 2972 3752 3056">
    <p class='ocr_par' dir='ltr' id='par_1_60' title="bbox 2173 2972 3752 3043">
     <span class='ocr_line' id='line_1_60' title="bbox 2173 2972 3752 3043; baseline -0.001 -19"><span class='ocrx_word' id='word_1_451' title='bbox 2173 2972 2403 3043; x_wconf 78' lang='grc' dir='ltr'>ἐχόντων</span> <span class='ocrx_word' id='word_1_452' title='bbox 2448 2973 2538 3025; x_wconf 79' lang='grc' dir='ltr'><strong>τὸν</strong></span> <span class='ocrx_word' id='word_1_453' title='bbox 2591 2972 2939 3042; x_wconf 84' lang='grc' dir='ltr'>Ἐμμανουὴλ</span> <span class='ocrx_word' id='word_1_454' title='bbox 2971 2973 3005 3042; x_wconf 76' lang='grc' dir='ltr'>ἡ</span> <span class='ocrx_word' id='word_1_455' title='bbox 3045 2972 3225 3035; x_wconf 84' lang='grc' dir='ltr'>πίστις</span> <span class='ocrx_word' id='word_1_456' title='bbox 3277 2973 3310 3042; x_wconf 78' lang='grc' dir='ltr'>ἡ</span> <span class='ocrx_word' id='word_1_457' title='bbox 3359 2973 3439 3035; x_wconf 84' lang='grc' dir='ltr'>εἰς</span> <span class='ocrx_word' id='word_1_458' title='bbox 3488 2972 3671 3037; x_wconf 81' lang='grc' dir='ltr'>αὐτὸν,</span> <span class='ocrx_word' id='word_1_459' title='bbox 3719 2972 3752 3041; x_wconf 78' lang='grc' dir='ltr'><strong>ἡ</strong></span> 
     </span>
    </p>
   </div>
   <div class='ocr_carea' id='block_1_61' title="bbox 482 3064 2122 3150">
    <p class='ocr_par' dir='ltr' id='par_1_61' title="bbox 482 3068 2122 3150">
     <span class='ocr_line' id='line_1_61' title="bbox 482 3068 2122 3150; baseline -0.009 -16"><span class='ocrx_word' id='word_1_460' title='bbox 482 3078 669 3150; x_wconf 84' lang='lat' dir='ltr'><strong>populi</strong></span> <span class='ocrx_word' id='word_1_461' title='bbox 720 3076 899 3146; x_wconf 86' lang='lat' dir='ltr'><strong>hujus,</strong></span> <span class='ocrx_word' id='word_1_462' title='bbox 950 3076 1210 3137; x_wconf 87' lang='lat' dir='ltr'><strong>dicentes,</strong></span> <span class='ocrx_word' id='word_1_463' title='bbox 1245 3071 1323 3127; x_wconf 85' lang='lat' dir='ltr'><strong>Ne</strong></span> <span class='ocrx_word' id='word_1_464' title='bbox 1359 3073 1574 3141; x_wconf 87' lang='lat' dir='ltr'><strong>quando</strong></span> <span class='ocrx_word' id='word_1_465' title='bbox 1603 3071 1814 3136; x_wconf 87' lang='lat' dir='ltr'><strong>dicatis,</strong></span> <span class='ocrx_word' id='word_1_466' title='bbox 1847 3068 2070 3123; x_wconf 89' lang='lat' dir='ltr'><strong>Durum.</strong></span> <span class='ocrx_word' id='word_1_467' title='bbox 2104 3134 2122 3150; x_wconf 50' lang='grc' dir='ltr'><strong><em>Ι</em></strong></span> 
     </span>
    </p>
   </div>
   <div class='ocr_carea' id='block_1_62' title="bbox 2119 3064 3759 3150">
    <p class='ocr_par' dir='ltr' id='par_1_62' title="bbox 2119 3064 3759 3150">
     <span class='ocr_line' id='line_1_62' title="bbox 2119 3064 3759 3150; baseline -0.001 -31"><span class='ocrx_word' id='word_1_468' title='bbox 2119 3134 2141 3150; x_wconf 48' lang='grc' dir='ltr'>Ἰ</span> <span class='ocrx_word' id='word_1_469' title='bbox 2176 3065 2509 3136; x_wconf 78' lang='grc' dir='ltr'>εύαγγελικὴ</span> <span class='ocrx_word' id='word_1_470' title='bbox 2543 3064 2804 3128; x_wconf 84' lang='grc' dir='ltr'>πολιτεία,</span> <span class='ocrx_word' id='word_1_471' title='bbox 2832 3064 3267 3136; x_wconf 83' lang='grc' dir='ltr'>παρεωραμένης</span> <span class='ocrx_word' id='word_1_472' title='bbox 3292 3066 3389 3135; x_wconf 80' lang='grc' dir='ltr'><strong>τῆς</strong></span> <span class='ocrx_word' id='word_1_473' title='bbox 3413 3066 3469 3117; x_wconf 74' lang='grc' dir='ltr'>ὲν</span> <span class='ocrx_word' id='word_1_474' title='bbox 3492 3064 3641 3135; x_wconf 85' lang='grc' dir='ltr'>νόμῳ</span> <span class='ocrx_word' id='word_1_475' title='bbox 3665 3065 3759 3117; x_wconf 77' lang='grc' dir='ltr'><strong>καὶ</strong></span> 
     </span>
    </p>
   </div>
   <div class='ocr_carea' id='block_1_63' title="bbox 484 3134 2124 3238">
    <p class='ocr_par' dir='ltr' id='par_1_63' title="bbox 484 3134 2124 3238">
     <span class='ocr_line' id='line_1_63' title="bbox 484 3134 2124 3238; baseline -0.007 -13"><span class='ocrx_word' id='word_1_476' title='bbox 484 3134 660 3226; x_wconf 62' lang='lat' dir='ltr'><strong>Dinne</strong></span> <span class='ocrx_word' id='word_1_477' title='bbox 710 3134 857 3224; x_wconf 74' lang='lat' dir='ltr'><strong>enim</strong></span> <span class='ocrx_word' id='word_1_478' title='bbox 886 3134 1032 3238; x_wconf 77' lang='lat' dir='ltr'><strong>quod</strong></span> <span class='ocrx_word' id='word_1_479' title='bbox 1096 3134 1297 3221; x_wconf 77' lang='lat' dir='ltr'><strong>dixerit</strong></span> <span class='ocrx_word' id='word_1_480' title='bbox 1344 3134 1572 3234; x_wconf 73' lang='lat' dir='ltr'><strong>populus</strong></span> <span class='ocrx_word' id='word_1_481' title='bbox 1602 3162 1716 3227; x_wconf 89' lang='lat' dir='ltr'><strong>hic,</strong></span> <span class='ocrx_word' id='word_1_482' title='bbox 1751 3134 1943 3217; x_wconf 88' lang='lat' dir='ltr'><strong>durum</strong></span> <span class='ocrx_word' id='word_1_483' title='bbox 1967 3169 2069 3216; x_wconf 90' lang='lat' dir='ltr'><strong>est.</strong></span> <span class='ocrx_word' id='word_1_484' title='bbox 2101 3134 2124 3191; x_wconf 77' lang='grc' dir='ltr'><strong>ί</strong></span> 
     </span>
    </p>
   </div>
   <div class='ocr_carea' id='block_1_64' title="bbox 2120 3134 3760 3238">
    <p class='ocr_par' dir='ltr' id='par_1_64' title="bbox 2120 3134 3760 3227">
     <span class='ocr_line' id='line_1_64' title="bbox 2120 3134 3760 3227; baseline 0.001 -18"><span class='ocrx_word' id='word_1_485' title='bbox 2120 3134 2142 3191; x_wconf 59' lang='lat'>3</span> <span class='ocrx_word' id='word_1_486' title='bbox 2176 3157 2251 3220; x_wconf 84' lang='grc' dir='ltr'><strong>ὡς</strong></span> <span class='ocrx_word' id='word_1_487' title='bbox 2281 3158 2340 3209; x_wconf 81' lang='grc' dir='ltr'><strong>ἐν</strong></span> <span class='ocrx_word' id='word_1_488' title='bbox 2371 3160 2567 3219; x_wconf 83' lang='grc' dir='ltr'>σκιαῖς.</span> <span class='ocrx_word' id='word_1_489' title='bbox 2588 3157 2899 3210; x_wconf 79' lang='grc' dir='ltr'>Ἀπειθοῦσι</span> <span class='ocrx_word' id='word_1_490' title='bbox 2935 3156 2993 3209; x_wconf 84' lang='grc' dir='ltr'><strong>δὲ</strong></span> <span class='ocrx_word' id='word_1_491' title='bbox 3021 3159 3089 3227; x_wconf 83' lang='grc' dir='ltr'>τῇ</span> <span class='ocrx_word' id='word_1_492' title='bbox 3118 3157 3314 3227; x_wconf 80' lang='grc' dir='ltr'>πορείᾳ</span> <span class='ocrx_word' id='word_1_493' title='bbox 3340 3156 3432 3209; x_wconf 82' lang='grc' dir='ltr'>τοῦ</span> <span class='ocrx_word' id='word_1_494' title='bbox 3470 3156 3604 3210; x_wconf 80' lang='grc' dir='ltr'>λαοῦ</span> <span class='ocrx_word' id='word_1_495' title='bbox 3636 3155 3760 3210; x_wconf 87' lang='grc' dir='ltr'>τού-</span> 
     </span>
    </p>
   </div>
   <div class='ocr_carea' id='block_1_65' title="bbox 485 3249 2125 3331">
    <p class='ocr_par' dir='ltr' id='par_1_65' title="bbox 485 3252 2073 3331">
     <span class='ocr_line' id='line_1_65' title="bbox 485 3252 2073 3331; baseline -0.009 -16"><span class='ocrx_word' id='word_1_496' title='bbox 485 3260 767 3331; x_wconf 87' lang='lat' dir='ltr'><strong>Siquidem</strong></span> <span class='ocrx_word' id='word_1_497' title='bbox 816 3259 984 3312; x_wconf 87' lang='lat' dir='ltr'><strong>durus</strong></span> <span class='ocrx_word' id='word_1_498' title='bbox 1024 3255 1307 3309; x_wconf 79' lang='lat' dir='ltr'><strong>videbatur</strong></span> <span class='ocrx_word' id='word_1_499' title='bbox 1348 3252 1548 3306; x_wconf 74' lang='lat' dir='ltr'><strong>Judaeis</strong></span> <span class='ocrx_word' id='word_1_500' title='bbox 1599 3264 1723 3305; x_wconf 87' lang='lat' dir='ltr'><strong>esse</strong></span> <span class='ocrx_word' id='word_1_501' title='bbox 1763 3257 2073 3304; x_wconf 85' lang='lat' dir='ltr'><strong>sanctorum</strong></span> 
     </span>
    </p>
   </div>
   <div class='ocr_carea' id='block_1_66' title="bbox 2119 3249 3759 3331">
    <p class='ocr_par' dir='ltr' id='par_1_66' title="bbox 2174 3249 3759 3321">
     <span class='ocr_line' id='line_1_66' title="bbox 2174 3249 3759 3321; baseline 0.001 -18"><span class='ocrx_word' id='word_1_502' title='bbox 2174 3267 2267 3303; x_wconf 84' lang='grc' dir='ltr'><strong>του</strong></span> <span class='ocrx_word' id='word_1_503' title='bbox 2298 3250 2572 3317; x_wconf 79' lang='grc' dir='ltr'>λέγοντες·</span> <span class='ocrx_word' id='word_1_504' title='bbox 2609 3252 2698 3321; x_wconf 89' lang='grc' dir='ltr'><strong>Μή</strong></span> <span class='ocrx_word' id='word_1_505' title='bbox 2748 3267 2878 3302; x_wconf 85' lang='grc' dir='ltr'>ποτε</span> <span class='ocrx_word' id='word_1_506' title='bbox 2906 3249 3124 3319; x_wconf 68' lang='grc' dir='ltr'>εἴπητε,</span> <span class='ocrx_word' id='word_1_507' title='bbox 3155 3250 3414 3321; x_wconf 83' lang='grc' dir='ltr'>Σκληρόν.</span> <span class='ocrx_word' id='word_1_508' title='bbox 3460 3251 3574 3303; x_wconf 82' lang='grc' dir='ltr'><strong>Πᾶν</strong></span> <span class='ocrx_word' id='word_1_509' title='bbox 3595 3251 3701 3321; x_wconf 79' lang='grc' dir='ltr'><strong>γὰρ</strong></span> <span class='ocrx_word' id='word_1_510' title='bbox 3730 3250 3759 3304; x_wconf 81' lang='grc' dir='ltr'><strong>ὃ</strong></span> 
     </span>
    </p>
   </div>
   <div class='ocr_carea' id='block_1_67' title="bbox 488 3336 2128 3424">
    <p class='ocr_par' dir='ltr' id='par_1_67' title="bbox 488 3338 2079 3424">
     <span class='ocr_line' id='line_1_67' title="bbox 488 3338 2079 3424; baseline -0.009 -17"><span class='ocrx_word' id='word_1_511' title='bbox 488 3352 856 3424; x_wconf 89' lang='lat' dir='ltr'><strong>apostolorum</strong></span> <span class='ocrx_word' id='word_1_512' title='bbox 889 3362 1110 3404; x_wconf 89' lang='lat' dir='ltr'><strong>sermo:</strong></span> <span class='ocrx_word' id='word_1_513' title='bbox 1155 3347 1282 3416; x_wconf 89' lang='lat' dir='ltr'><strong>quia</strong></span> <span class='ocrx_word' id='word_1_514' title='bbox 1324 3344 1641 3401; x_wconf 90' lang='lat' dir='ltr'><strong>circumcisa</strong></span> <span class='ocrx_word' id='word_1_515' title='bbox 1668 3341 1816 3397; x_wconf 90' lang='lat' dir='ltr'><strong>velut</strong></span> <span class='ocrx_word' id='word_1_516' title='bbox 1841 3350 1897 3395; x_wconf 91' lang='lat' dir='ltr'><strong>et</strong></span> <span class='ocrx_word' id='word_1_517' title='bbox 1935 3338 2079 3394; x_wconf 85' lang='lat' dir='ltr'><strong>able-</strong></span> 
     </span>
    </p>
   </div>
   <div class='ocr_carea' id='block_1_68' title="bbox 2120 3336 3760 3424">
    <p class='ocr_par' dir='ltr' id='par_1_68' title="bbox 2176 3336 3760 3415">
     <span class='ocr_line' id='line_1_68' title="bbox 2176 3336 3760 3415; baseline 0 -19"><span class='ocrx_word' id='word_1_518' title='bbox 2176 3342 2270 3396; x_wconf 79' lang='grc' dir='ltr'><strong>ἐὰν</strong></span> <span class='ocrx_word' id='word_1_519' title='bbox 2298 3344 2423 3413; x_wconf 77' lang='grc' dir='ltr'>εἴπῃ</span> <span class='ocrx_word' id='word_1_520' title='bbox 2467 3345 2496 3396; x_wconf 83' lang='grc' dir='ltr'>ὁ</span> <span class='ocrx_word' id='word_1_521' title='bbox 2529 3342 2656 3405; x_wconf 79' lang='grc' dir='ltr'>λαὸς</span> <span class='ocrx_word' id='word_1_522' title='bbox 2685 3336 2839 3406; x_wconf 74' lang='grc' dir='ltr'>οὗτος</span> <span class='ocrx_word' id='word_1_523' title='bbox 2864 3382 2878 3407; x_wconf 95' lang='grc'><strong>,</strong></span> <span class='ocrx_word' id='word_1_524' title='bbox 2928 3342 3161 3414; x_wconf 84' lang='grc' dir='ltr'>σκληρόν</span> <span class='ocrx_word' id='word_1_525' title='bbox 3200 3342 3336 3395; x_wconf 78' lang='grc' dir='ltr'>ἐστι.</span> <span class='ocrx_word' id='word_1_526' title='bbox 3383 3343 3626 3415; x_wconf 84' lang='grc' dir='ltr'>Σκληρὸν</span> <span class='ocrx_word' id='word_1_527' title='bbox 3652 3343 3760 3414; x_wconf 84' lang='grc' dir='ltr'><strong>γὰρ</strong></span> 
     </span>
    </p>
   </div>
   <div class='ocr_carea' id='block_1_69' title="bbox 485 3430 2125 3514">
    <p class='ocr_par' dir='ltr' id='par_1_69' title="bbox 485 3430 2075 3514">
     <span class='ocr_line' id='line_1_69' title="bbox 485 3430 2075 3514; baseline -0.006 -18"><span class='ocrx_word' id='word_1_528' title='bbox 485 3452 613 3514; x_wconf 70' lang='lat' dir='ltr'><strong>gata</strong></span> <span class='ocrx_word' id='word_1_529' title='bbox 651 3450 1046 3513; x_wconf 87' lang='lat' dir='ltr'><strong>peropportune</strong></span> <span class='ocrx_word' id='word_1_530' title='bbox 1074 3440 1264 3493; x_wconf 87' lang='lat' dir='ltr'><strong>umbra</strong></span> <span class='ocrx_word' id='word_1_531' title='bbox 1292 3477 1305 3503; x_wconf 92' lang='lat'><strong>,</strong></span> <span class='ocrx_word' id='word_1_532' title='bbox 1337 3452 1442 3491; x_wconf 89' lang='lat' dir='ltr'><strong>non</strong></span> <span class='ocrx_word' id='word_1_533' title='bbox 1476 3435 1769 3491; x_wconf 89' lang='lat' dir='ltr'><strong>secundum</strong></span> <span class='ocrx_word' id='word_1_534' title='bbox 1804 3432 1967 3487; x_wconf 84' lang='lat' dir='ltr'><strong>Mosis</strong></span> <span class='ocrx_word' id='word_1_535' title='bbox 1996 3430 2075 3486; x_wconf 89' lang='lat' dir='ltr'><strong>le-</strong></span> 
     </span>
    </p>
   </div>
   <div class='ocr_carea' id='block_1_70' title="bbox 2118 3430 3758 3514">
    <p class='ocr_par' dir='ltr' id='par_1_70' title="bbox 2177 3430 3758 3503">
     <span class='ocr_line' id='line_1_70' title="bbox 2177 3430 3758 3503; baseline 0.001 -16"><span class='ocrx_word' id='word_1_536' title='bbox 2177 3430 2314 3488; x_wconf 83' lang='grc' dir='ltr'>εἷναί</span> <span class='ocrx_word' id='word_1_537' title='bbox 2336 3452 2452 3497; x_wconf 86' lang='grc' dir='ltr'><strong>πως</strong></span> <span class='ocrx_word' id='word_1_538' title='bbox 2474 3436 2586 3498; x_wconf 84' lang='grc' dir='ltr'>τοῖς</span> <span class='ocrx_word' id='word_1_539' title='bbox 2620 3434 2898 3497; x_wconf 76' lang='grc' dir='ltr'>Ἰουδαίοις</span> <span class='ocrx_word' id='word_1_540' title='bbox 2922 3434 3095 3487; x_wconf 76' lang='grc' dir='ltr'>ἐδόκει</span> <span class='ocrx_word' id='word_1_541' title='bbox 3119 3434 3231 3487; x_wconf 86' lang='grc' dir='ltr'><strong>τῶν</strong></span> <span class='ocrx_word' id='word_1_542' title='bbox 3254 3435 3426 3503; x_wconf 87' lang='grc' dir='ltr'>ἁγίων</span> <span class='ocrx_word' id='word_1_543' title='bbox 3447 3435 3758 3489; x_wconf 73' lang='grc' dir='ltr'>ἀποστόλων</span> 
     </span>
    </p>
   </div>
   <div class='ocr_carea' id='block_1_71' title="bbox 489 3522 2129 3601">
    <p class='ocr_par' dir='ltr' id='par_1_71' title="bbox 489 3522 2079 3601">
     <span class='ocr_line' id='line_1_71' title="bbox 489 3522 2079 3601; baseline -0.006 -16"><span class='ocrx_word' id='word_1_544' title='bbox 489 3547 608 3601; x_wconf 76' lang='lat' dir='ltr'><strong>gem</strong></span> <span class='ocrx_word' id='word_1_545' title='bbox 643 3532 824 3587; x_wconf 86' lang='lat' dir='ltr'><strong>vivere</strong></span> <span class='ocrx_word' id='word_1_546' title='bbox 856 3544 954 3587; x_wconf 89' lang='lat' dir='ltr'><strong>eos</strong></span> <span class='ocrx_word' id='word_1_547' title='bbox 1011 3529 1158 3601; x_wconf 87' lang='lat' dir='ltr'><strong>passi</strong></span> <span class='ocrx_word' id='word_1_548' title='bbox 1185 3535 1332 3596; x_wconf 89' lang='lat' dir='ltr'><strong>sunt,</strong></span> <span class='ocrx_word' id='word_1_549' title='bbox 1380 3530 1473 3583; x_wconf 89' lang='lat' dir='ltr'><strong>sed</strong></span> <span class='ocrx_word' id='word_1_550' title='bbox 1506 3525 1811 3596; x_wconf 78' lang='lat' dir='ltr'><strong>evangeliee</strong></span> <span class='ocrx_word' id='word_1_551' title='bbox 1834 3534 1888 3578; x_wconf 90' lang='lat' dir='ltr'><strong>et</strong></span> <span class='ocrx_word' id='word_1_552' title='bbox 1918 3522 2079 3592; x_wconf 87' lang='lat' dir='ltr'><strong>spiri-</strong></span> 
     </span>
    </p>
   </div>
   <div class='ocr_carea' id='block_1_72' title="bbox 2120 3522 3760 3601">
    <p class='ocr_par' dir='ltr' id='par_1_72' title="bbox 2176 3524 3760 3597">
     <span class='ocr_line' id='line_1_72' title="bbox 2176 3524 3760 3597; baseline 0.002 -20"><span class='ocrx_word' id='word_1_553' title='bbox 2176 3526 2203 3577; x_wconf 83' lang='lat'>6</span> <span class='ocrx_word' id='word_1_554' title='bbox 2234 3525 2409 3592; x_wconf 78' lang='grc' dir='ltr'>λόγος,</span> <span class='ocrx_word' id='word_1_555' title='bbox 2437 3525 2518 3577; x_wconf 83' lang='grc' dir='ltr'><strong>ὅτι</strong></span> <span class='ocrx_word' id='word_1_556' title='bbox 2554 3525 2993 3594; x_wconf 79' lang='grc' dir='ltr'>περιστέλλοντες</span> <span class='ocrx_word' id='word_1_557' title='bbox 3038 3524 3113 3588; x_wconf 82' lang='grc' dir='ltr'>ὡς</span> <span class='ocrx_word' id='word_1_558' title='bbox 3157 3526 3217 3578; x_wconf 81' lang='grc' dir='ltr'>ὲν</span> <span class='ocrx_word' id='word_1_559' title='bbox 3258 3524 3435 3597; x_wconf 83' lang='grc' dir='ltr'>καιρῷ</span> <span class='ocrx_word' id='word_1_560' title='bbox 3474 3526 3551 3597; x_wconf 88' lang='grc' dir='ltr'><strong>τῷ</strong></span> <span class='ocrx_word' id='word_1_561' title='bbox 3587 3526 3760 3580; x_wconf 79' lang='grc' dir='ltr'>δέοντι</span> 
     </span>
    </p>
   </div>
   <div class='ocr_carea' id='block_1_73' title="bbox 488 3615 3757 3690">
    <p class='ocr_par' dir='ltr' id='par_1_73' title="bbox 488 3615 3757 3690">
     <span class='ocr_line' id='line_1_73' title="bbox 488 3615 3757 3690; baseline -0.001 -13"><span class='ocrx_word' id='word_1_562' title='bbox 488 3624 730 3679; x_wconf 84' lang='lat' dir='ltr'><strong>tualiter.</strong></span> <span class='ocrx_word' id='word_1_563' title='bbox 2177 3615 2277 3687; x_wconf 81' lang='grc' dir='ltr'>τὴν</span> <span class='ocrx_word' id='word_1_564' title='bbox 2304 3617 2488 3680; x_wconf 82' lang='grc' dir='ltr'>σκιὰν,</span> <span class='ocrx_word' id='word_1_565' title='bbox 2524 3616 2622 3687; x_wconf 82' lang='grc' dir='ltr'><strong>ζῇν</strong></span> <span class='ocrx_word' id='word_1_566' title='bbox 2668 3616 2769 3669; x_wconf 76' lang='grc' dir='ltr'><strong>οὐκ</strong></span> <span class='ocrx_word' id='word_1_567' title='bbox 2813 3617 2938 3669; x_wconf 80' lang='grc' dir='ltr'>εἴων</span> <span class='ocrx_word' id='word_1_568' title='bbox 2986 3617 3129 3671; x_wconf 84' lang='grc' dir='ltr'>κατὰ</span> <span class='ocrx_word' id='word_1_569' title='bbox 3169 3616 3261 3671; x_wconf 83' lang='grc' dir='ltr'><strong>τὸν</strong></span> <span class='ocrx_word' id='word_1_570' title='bbox 3298 3618 3540 3683; x_wconf 80' lang='grc' dir='ltr'>Μωσέως</span> <span class='ocrx_word' id='word_1_571' title='bbox 3570 3619 3757 3690; x_wconf 84' lang='grc' dir='ltr'>νόμον,</span> 
     </span>
    </p>
   </div>
   <div class='ocr_carea' id='block_1_74' title="bbox 2178 3709 3406 3780">
    <p class='ocr_par' dir='ltr' id='par_1_74' title="bbox 2178 3709 3406 3780">
     <span class='ocr_line' id='line_1_74' title="bbox 2178 3709 3406 3780; baseline 0.001 -18"><span class='ocrx_word' id='word_1_572' title='bbox 2178 3709 2546 3778; x_wconf 75' lang='grc' dir='ltr'>εὐαγγελικῶς</span> <span class='ocrx_word' id='word_1_573' title='bbox 2577 3710 2632 3762; x_wconf 83' lang='grc' dir='ltr'>δὲ</span> <span class='ocrx_word' id='word_1_574' title='bbox 2663 3709 2860 3780; x_wconf 78' lang='grc' dir='ltr'>μᾶλλον</span> <span class='ocrx_word' id='word_1_575' title='bbox 2888 3709 2978 3762; x_wconf 72' lang='grc' dir='ltr'><strong>καὶ</strong></span> <span class='ocrx_word' id='word_1_576' title='bbox 3000 3710 3406 3779; x_wconf 87' lang='grc' dir='ltr'>πνευματικῶς.</span> 
     </span>
    </p>
   </div>
   <div class='ocr_carea' id='block_1_75' title="bbox 563 3792 2203 3868">
    <p class='ocr_par' dir='ltr' id='par_1_75' title="bbox 563 3792 2078 3859">
     <span class='ocr_line' id='line_1_75' title="bbox 563 3792 2078 3859; baseline -0.003 -9"><span class='ocrx_word' id='word_1_577' title='bbox 563 3794 729 3852; x_wconf 70' lang='lat' dir='ltr'><strong>Vens.</strong></span> <span class='ocrx_word' id='word_1_578' title='bbox 748 3796 834 3850; x_wconf 76' lang='grc'><strong>14.</strong></span> <span class='ocrx_word' id='word_1_579' title='bbox 851 3794 922 3850; x_wconf 87' lang='lat' dir='ltr'><strong>At</strong></span> <span class='ocrx_word' id='word_1_580' title='bbox 940 3795 1177 3850; x_wconf 74' lang='lat' dir='ltr'><strong>timorem</strong></span> <span class='ocrx_word' id='word_1_581' title='bbox 1194 3806 1370 3849; x_wconf 68' lang='lat' dir='ltr'><strong>eorum</strong></span> <span class='ocrx_word' id='word_1_582' title='bbox 1391 3809 1452 3849; x_wconf 83' lang='lat' dir='ltr'><strong>ne</strong></span> <span class='ocrx_word' id='word_1_583' title='bbox 1473 3793 1772 3859; x_wconf 75' lang='lat' dir='ltr'><strong>(inmeritis,</strong></span> <span class='ocrx_word' id='word_1_584' title='bbox 1795 3809 1885 3846; x_wconf 85' lang='lat' dir='ltr'><strong>nec</strong></span> <span class='ocrx_word' id='word_1_585' title='bbox 1903 3792 2078 3846; x_wconf 83' lang='lat' dir='ltr'><strong>turbe-</strong></span> 
     </span>
    </p>
   </div>
   <div class='ocr_carea' id='block_1_76' title="bbox 2119 3792 3759 3868">
    <p class='ocr_par' dir='ltr' id='par_1_76' title="bbox 2254 3796 3759 3868">
     <span class='ocr_line' id='line_1_76' title="bbox 2254 3796 3759 3868; baseline 0.001 -15"><span class='ocrx_word' id='word_1_586' title='bbox 2254 3800 2364 3854; x_wconf 82' lang='grc' dir='ltr'><strong>Τὸν</strong></span> <span class='ocrx_word' id='word_1_587' title='bbox 2396 3799 2464 3852; x_wconf 76' lang='grc' dir='ltr'>δὲ</span> <span class='ocrx_word' id='word_1_588' title='bbox 2493 3801 2680 3868; x_wconf 74' lang='grc' dir='ltr'>φόϐον</span> <span class='ocrx_word' id='word_1_589' title='bbox 2707 3796 2907 3852; x_wconf 81' lang='grc' dir='ltr'>αὐτῶν</span> <span class='ocrx_word' id='word_1_590' title='bbox 2945 3800 3017 3851; x_wconf 85' lang='grc' dir='ltr'>οὺ</span> <span class='ocrx_word' id='word_1_591' title='bbox 3045 3797 3132 3867; x_wconf 82' lang='grc' dir='ltr'><strong>μὴ</strong></span> <span class='ocrx_word' id='word_1_592' title='bbox 3174 3798 3491 3867; x_wconf 73' lang='grc' dir='ltr'>φοϐηθῆτε,</span> <span class='ocrx_word' id='word_1_593' title='bbox 3531 3799 3658 3853; x_wconf 77' lang='grc' dir='ltr'>οὐδ’</span> <span class='ocrx_word' id='word_1_594' title='bbox 3684 3800 3759 3854; x_wconf 84' lang='grc' dir='ltr'>οὐ</span> 
     </span>
    </p>
   </div>
   <div class='ocr_carea' id='block_1_77' title="bbox 490 3886 2130 3961">
    <p class='ocr_par' dir='ltr' id='par_1_77' title="bbox 490 3886 2078 3956">
     <span class='ocr_line' id='line_1_77' title="bbox 490 3886 2078 3956; baseline -0.003 -12"><span class='ocrx_word' id='word_1_595' title='bbox 490 3891 641 3956; x_wconf 86' lang='lat' dir='ltr'><strong>mini,</strong></span> <span class='ocrx_word' id='word_1_596' title='bbox 686 3889 971 3944; x_wconf 68' lang='lat' dir='ltr'><strong>Dominum</strong></span> <span class='ocrx_word' id='word_1_597' title='bbox 1004 3889 1176 3955; x_wconf 80' lang='lat' dir='ltr'><strong>ipsum</strong></span> <span class='ocrx_word' id='word_1_598' title='bbox 1218 3887 1403 3956; x_wconf 73' lang='lat' dir='ltr'><strong>gloria:</strong></span> <span class='ocrx_word' id='word_1_599' title='bbox 1448 3899 1631 3941; x_wconf 86' lang='lat' dir='ltr'><strong>sancte</strong></span> <span class='ocrx_word' id='word_1_600' title='bbox 1673 3886 1848 3951; x_wconf 80' lang='lat' dir='ltr'><strong>colite,</strong></span> <span class='ocrx_word' id='word_1_601' title='bbox 1888 3897 1933 3940; x_wconf 87' lang='lat' dir='ltr'><strong>et</strong></span> <span class='ocrx_word' id='word_1_602' title='bbox 1976 3888 2078 3940; x_wconf 79' lang='lat' dir='ltr'><strong>erit</strong></span> 
     </span>
    </p>
   </div>
   <div class='ocr_carea' id='block_1_78' title="bbox 2120 3886 3760 3961">
    <p class='ocr_par' dir='ltr' id='par_1_78' title="bbox 2172 3890 3760 3961">
     <span class='ocr_line' id='line_1_78' title="bbox 2172 3890 3760 3961; baseline 0 -16"><span class='ocrx_word' id='word_1_603' title='bbox 2172 3892 2258 3961; x_wconf 79' lang='grc' dir='ltr'><em>μὴ</em></span> <span class='ocrx_word' id='word_1_604' title='bbox 2296 3890 2651 3960; x_wconf 81' lang='grc' dir='ltr'>ταραχθῆτε,</span> <span class='ocrx_word' id='word_1_605' title='bbox 2675 3892 2893 3959; x_wconf 77' lang='grc' dir='ltr'>Κύριον·</span> <span class='ocrx_word' id='word_1_606' title='bbox 2909 3890 3098 3944; x_wconf 78' lang='grc' dir='ltr'>αὑτὸν</span> <span class='ocrx_word' id='word_1_607' title='bbox 3124 3891 3431 3961; x_wconf 78' lang='grc' dir='ltr'>ἁγιάσατε,</span> <span class='ocrx_word' id='word_1_608' title='bbox 3452 3892 3550 3946; x_wconf 82' lang='grc' dir='ltr'>καὶ</span> <span class='ocrx_word' id='word_1_609' title='bbox 3578 3892 3760 3959; x_wconf 82' lang='grc' dir='ltr'>αὐτὸς</span> 
     </span>
    </p>
   </div>
   <div class='ocr_carea' id='block_1_79' title="bbox 488 3977 2128 4056">
    <p class='ocr_par' dir='ltr' id='par_1_79' title="bbox 488 3977 2078 4050">
     <span class='ocr_line' id='line_1_79' title="bbox 488 3977 2078 4050; baseline -0.002 -16"><span class='ocrx_word' id='word_1_610' title='bbox 488 3983 599 4050; x_wconf 82' lang='lat' dir='ltr'><strong>ipse</strong></span> <span class='ocrx_word' id='word_1_611' title='bbox 639 3982 796 4034; x_wconf 87' lang='lat' dir='ltr'><strong>timor</strong></span> <span class='ocrx_word' id='word_1_612' title='bbox 827 3990 969 4034; x_wconf 78' lang='lat' dir='ltr'><strong>tuus.</strong></span> <span class='ocrx_word' id='word_1_613' title='bbox 998 3977 1070 4033; x_wconf 85' lang='lat' dir='ltr'><strong>Et</strong></span> <span class='ocrx_word' id='word_1_614' title='bbox 1122 3980 1168 4034; x_wconf 76' lang='lat' dir='ltr'><strong>si</strong></span> <span class='ocrx_word' id='word_1_615' title='bbox 1209 3979 1308 4048; x_wconf 80' lang='lat' dir='ltr'><strong>ipsi</strong></span> <span class='ocrx_word' id='word_1_616' title='bbox 1355 3978 1583 4047; x_wconf 76' lang='lat' dir='ltr'><strong>conﬁsus</strong></span> <span class='ocrx_word' id='word_1_617' title='bbox 1620 3979 1804 4046; x_wconf 77' lang='lat' dir='ltr'><strong>fueris,</strong></span> <span class='ocrx_word' id='word_1_618' title='bbox 1850 3982 1945 4033; x_wconf 83' lang='lat' dir='ltr'><strong>erit</strong></span> <span class='ocrx_word' id='word_1_619' title='bbox 1986 3980 2078 4033; x_wconf 85' lang='lat' dir='ltr'><strong>tibi</strong></span> 
     </span>
    </p>
   </div>
   <div class='ocr_carea' id='block_1_80' title="bbox 2116 3977 3756 4056">
    <p class='ocr_par' dir='ltr' id='par_1_80' title="bbox 2180 3980 3756 4056">
     <span class='ocr_line' id='line_1_80' title="bbox 2180 3980 3756 4056; baseline 0 -17"><span class='ocrx_word' id='word_1_620' title='bbox 2180 3986 2352 4039; x_wconf 82' lang='grc' dir='ltr'>ἐσται</span> <span class='ocrx_word' id='word_1_621' title='bbox 2381 4001 2482 4039; x_wconf 86' lang='grc' dir='ltr'><strong>σοι</strong></span> <span class='ocrx_word' id='word_1_622' title='bbox 2512 3987 2719 4054; x_wconf 64' lang='grc' dir='ltr'>φόϐος.</span> <span class='ocrx_word' id='word_1_623' title='bbox 2745 3985 2853 4038; x_wconf 77' lang='grc' dir='ltr'><strong>Καὶ</strong></span> <span class='ocrx_word' id='word_1_624' title='bbox 2890 3983 3000 4037; x_wconf 77' lang='grc' dir='ltr'><strong>ἐὰν</strong></span> <span class='ocrx_word' id='word_1_625' title='bbox 3030 3983 3123 4036; x_wconf 80' lang='grc' dir='ltr'><strong>ἐπ’</strong></span> <span class='ocrx_word' id='word_1_626' title='bbox 3150 3982 3311 4048; x_wconf 84' lang='grc' dir='ltr'><strong>αὐτῷ</strong></span> <span class='ocrx_word' id='word_1_627' title='bbox 3339 3984 3635 4051; x_wconf 83' lang='grc' dir='ltr'>πεποιθὼς</span> <span class='ocrx_word' id='word_1_628' title='bbox 3662 3980 3756 4056; x_wconf 80' lang='grc' dir='ltr'>ᾖς,</span> 
     </span>
    </p>
   </div>
   <div class='ocr_carea' id='block_1_81' title="bbox 488 4070 2128 4145">
    <p class='ocr_par' dir='ltr' id='par_1_81' title="bbox 488 4070 2077 4142">
     <span class='ocr_line' id='line_1_81' title="bbox 488 4070 2077 4142; baseline 0 -16"><span class='ocrx_word' id='word_1_629' title='bbox 488 4072 984 4140; x_wconf 70' lang='grc' dir='ltr'>εαηειὲβσαιίοηὶ,ει</span> <span class='ocrx_word' id='word_1_630' title='bbox 1024 4086 1130 4125; x_wconf 77' lang='lat' dir='ltr'><strong>non</strong></span> <span class='ocrx_word' id='word_1_631' title='bbox 1171 4081 1229 4124; x_wconf 87' lang='lat' dir='ltr'><strong>ut</strong></span> <span class='ocrx_word' id='word_1_632' title='bbox 1263 4070 1430 4142; x_wconf 80' lang='lat' dir='ltr'><strong>lapidi</strong></span> <span class='ocrx_word' id='word_1_633' title='bbox 1458 4071 1762 4141; x_wconf 63' lang='lat' dir='ltr'><strong>oﬁensionis</strong></span> <span class='ocrx_word' id='word_1_634' title='bbox 1788 4074 2077 4139; x_wconf 71' lang='lat' dir='ltr'><strong>opcurretis</strong></span> 
     </span>
    </p>
   </div>
   <div class='ocr_carea' id='block_1_82' title="bbox 2120 4070 3760 4145">
    <p class='ocr_par' dir='ltr' id='par_1_82' title="bbox 2177 4075 3760 4145">
     <span class='ocr_line' id='line_1_82' title="bbox 2177 4075 3760 4145; baseline 0 -14"><span class='ocrx_word' id='word_1_635' title='bbox 2177 4077 2348 4131; x_wconf 73' lang='grc' dir='ltr'>ἔσται</span> <span class='ocrx_word' id='word_1_636' title='bbox 2371 4092 2473 4130; x_wconf 84' lang='grc' dir='ltr'><strong>σοι</strong></span> <span class='ocrx_word' id='word_1_637' title='bbox 2503 4079 2592 4143; x_wconf 83' lang='grc' dir='ltr'>εὶς</span> <span class='ocrx_word' id='word_1_638' title='bbox 2619 4076 2904 4145; x_wconf 76' lang='grc' dir='ltr'>ἀγίασμα,</span> <span class='ocrx_word' id='word_1_639' title='bbox 2945 4075 3042 4128; x_wconf 75' lang='grc' dir='ltr'>καὶ</span> <span class='ocrx_word' id='word_1_640' title='bbox 3086 4077 3200 4143; x_wconf 87' lang='grc' dir='ltr'>οὐχ</span> <span class='ocrx_word' id='word_1_641' title='bbox 3241 4075 3323 4141; x_wconf 85' lang='grc' dir='ltr'><strong>ὡς</strong></span> <span class='ocrx_word' id='word_1_642' title='bbox 3352 4076 3531 4130; x_wconf 77' lang='grc' dir='ltr'>λίθου</span> <span class='ocrx_word' id='word_1_643' title='bbox 3568 4092 3760 4145; x_wconf 77' lang='grc' dir='ltr'>προσ-</span> 
     </span>
    </p>
   </div>
   <div class='ocr_carea' id='block_1_83' title="bbox 486 4165 2126 4238">
    <p class='ocr_par' dir='ltr' id='par_1_83' title="bbox 486 4165 1187 4234">
     <span class='ocr_line' id='line_1_83' title="bbox 486 4165 1187 4234; baseline 0.001 -15"><span class='ocrx_word' id='word_1_644' title='bbox 486 4167 558 4231; x_wconf 78' lang='lat' dir='ltr'><strong>ei,</strong></span> <span class='ocrx_word' id='word_1_645' title='bbox 599 4179 690 4218; x_wconf 83' lang='lat' dir='ltr'><strong>nec</strong></span> <span class='ocrx_word' id='word_1_646' title='bbox 724 4176 780 4218; x_wconf 66' lang='lat' dir='ltr'><strong>ut</strong></span> <span class='ocrx_word' id='word_1_647' title='bbox 808 4173 968 4234; x_wconf 67' lang='lat' dir='ltr'><strong>petra</strong></span> <span class='ocrx_word' id='word_1_648' title='bbox 998 4165 1187 4220; x_wconf 65' lang='lat' dir='ltr'><strong>ruinae.</strong></span> 
     </span>
    </p>
   </div>
   <div class='ocr_carea' id='block_1_84' title="bbox 2120 4165 3760 4238">
    <p class='ocr_par' dir='ltr' id='par_1_84' title="bbox 2178 4165 3760 4238">
     <span class='ocr_line' id='line_1_84' title="bbox 2178 4165 3760 4238; baseline 0.002 -17"><span class='ocrx_word' id='word_1_649' title='bbox 2178 4169 2431 4237; x_wconf 78' lang='grc' dir='ltr'>κόμματι</span> <span class='ocrx_word' id='word_1_650' title='bbox 2450 4167 2871 4236; x_wconf 79' lang='grc' dir='ltr'>συναντήσετε</span> <span class='ocrx_word' id='word_1_651' title='bbox 2894 4165 3073 4231; x_wconf 80' lang='grc' dir='ltr'>αὐτῷ,</span> <span class='ocrx_word' id='word_1_652' title='bbox 3100 4167 3226 4220; x_wconf 82' lang='grc' dir='ltr'>οὐδ’</span> <span class='ocrx_word' id='word_1_653' title='bbox 3244 4168 3327 4235; x_wconf 84' lang='grc' dir='ltr'>ὡς</span> <span class='ocrx_word' id='word_1_654' title='bbox 3358 4169 3578 4238; x_wconf 79' lang='grc' dir='ltr'>πέτρας</span> <span class='ocrx_word' id='word_1_655' title='bbox 3605 4170 3760 4224; x_wconf 75' lang='grc' dir='ltr'>πτώ-</span> 
     </span>
    </p>
   </div>
   <div class='ocr_carea' id='block_1_85' title="bbox 2172 4276 2333 4330">
    <p class='ocr_par' dir='ltr' id='par_1_85' title="bbox 2172 4276 2333 4330">
     <span class='ocr_line' id='line_1_85' title="bbox 2172 4276 2333 4330; baseline 0.006 -17"><span class='ocrx_word' id='word_1_656' title='bbox 2172 4276 2333 4330; x_wconf 65' lang='grc' dir='ltr'>μανι.</span> 
     </span>
    </p>
   </div>
   <div class='ocr_carea' id='block_1_86' title="bbox 563 4345 2203 4423">
    <p class='ocr_par' dir='ltr' id='par_1_86' title="bbox 563 4345 2081 4419">
     <span class='ocr_line' id='line_1_86' title="bbox 563 4345 2081 4419; baseline 0.001 -17"><span class='ocrx_word' id='word_1_657' title='bbox 563 4346 699 4402; x_wconf 90' lang='lat' dir='ltr'><strong>Cum</strong></span> <span class='ocrx_word' id='word_1_658' title='bbox 785 4345 1169 4415; x_wconf 80' lang='lat' dir='ltr'><strong>perstrinxerit</strong></span> <span class='ocrx_word' id='word_1_659' title='bbox 1220 4353 1349 4401; x_wconf 88' lang='lat' dir='ltr'><strong>ante</strong></span> <span class='ocrx_word' id='word_1_660' title='bbox 1430 4346 1950 4419; x_wconf 84' lang='lat' dir='ltr'><strong>Hierosolymitanus</strong></span> <span class='ocrx_word' id='word_1_661' title='bbox 2020 4357 2081 4404; x_wconf 88' lang='lat' dir='ltr'><strong>ut</strong></span> 
     </span>
    </p>
   </div>
   <div class='ocr_carea' id='block_1_87' title="bbox 2121 4345 3761 4423">
    <p class='ocr_par' dir='ltr' id='par_1_87' title="bbox 2250 4350 3761 4423">
     <span class='ocr_line' id='line_1_87' title="bbox 2250 4350 3761 4423; baseline 0.003 -19"><span class='ocrx_word' id='word_1_662' title='bbox 2250 4352 2749 4421; x_wconf 81' lang='grc' dir='ltr'>Προαιτιασάμενος</span> <span class='ocrx_word' id='word_1_663' title='bbox 2776 4352 2902 4414; x_wconf 87' lang='grc' dir='ltr'>τοὺς</span> <span class='ocrx_word' id='word_1_664' title='bbox 2945 4351 3002 4417; x_wconf 81' lang='grc' dir='ltr'>ἐξ</span> <span class='ocrx_word' id='word_1_665' title='bbox 3036 4350 3248 4423; x_wconf 77' lang='grc' dir='ltr'>Ἰσραὴλ</span> <span class='ocrx_word' id='word_1_666' title='bbox 3272 4352 3347 4416; x_wconf 87' lang='grc' dir='ltr'>ὡς</span> <span class='ocrx_word' id='word_1_667' title='bbox 3375 4352 3622 4407; x_wconf 82' lang='grc' dir='ltr'>ἀπειθεῖν</span> <span class='ocrx_word' id='word_1_668' title='bbox 3646 4355 3761 4408; x_wconf 77' lang='grc' dir='ltr'>ἑλο-</span> 
     </span>
    </p>
   </div>
   <div class='ocr_carea' id='block_1_88' title="bbox 490 4438 2130 4540">
    <p class='ocr_par' dir='ltr' id='par_1_88' title="bbox 490 4438 2130 4540">
     <span class='ocr_line' id='line_1_88' title="bbox 490 4438 2130 4540; baseline 0.003 -46"><span class='ocrx_word' id='word_1_669' title='bbox 490 4440 874 4509; x_wconf 70' lang='lat' dir='ltr'><strong>immorigeros</strong></span> <span class='ocrx_word' id='word_1_670' title='bbox 929 4438 1031 4493; x_wconf 67' lang='lat' dir='ltr'><strong>viae</strong></span> <span class='ocrx_word' id='word_1_671' title='bbox 1079 4438 1280 4509; x_wconf 88' lang='lat' dir='ltr'><strong>populi,</strong></span> <span class='ocrx_word' id='word_1_672' title='bbox 1320 4439 1616 4496; x_wconf 87' lang='lat' dir='ltr'><strong>Christiani</strong></span> <span class='ocrx_word' id='word_1_673' title='bbox 1673 4442 1953 4509; x_wconf 89' lang='lat' dir='ltr'><strong>nimirum,</strong></span> <span class='ocrx_word' id='word_1_674' title='bbox 2020 4452 2078 4499; x_wconf 90' lang='lat' dir='ltr'><strong>et</strong></span> <span class='ocrx_word' id='word_1_675' title='bbox 2107 4485 2130 4540; x_wconf 55' lang='lat'>1</span> 
     </span>
    </p>
   </div>
   <div class='ocr_carea' id='block_1_89' title="bbox 2116 4438 3756 4540">
    <p class='ocr_par' dir='ltr' id='par_1_89' title="bbox 2116 4442 3756 4540">
     <span class='ocr_line' id='line_1_89' title="bbox 2116 4442 3756 4540; baseline 0.002 -45"><span class='ocrx_word' id='word_1_676' title='bbox 2116 4485 2152 4540; x_wconf 64' lang='grc' dir='ltr'><strong>ι)</strong></span> <span class='ocrx_word' id='word_1_677' title='bbox 2184 4443 2376 4513; x_wconf 79' lang='grc' dir='ltr'>μένους</span> <span class='ocrx_word' id='word_1_678' title='bbox 2407 4446 2472 4513; x_wconf 78' lang='grc' dir='ltr'>τῇ</span> <span class='ocrx_word' id='word_1_679' title='bbox 2503 4443 2697 4514; x_wconf 81' lang='grc' dir='ltr'>πορείᾳ</span> <span class='ocrx_word' id='word_1_680' title='bbox 2722 4443 2815 4495; x_wconf 78' lang='grc' dir='ltr'>τοῦ</span> <span class='ocrx_word' id='word_1_681' title='bbox 2848 4444 2999 4509; x_wconf 82' lang='grc' dir='ltr'>λαοῦ,</span> <span class='ocrx_word' id='word_1_682' title='bbox 3019 4442 3113 4496; x_wconf 79' lang='grc' dir='ltr'>τοῦ</span> <span class='ocrx_word' id='word_1_683' title='bbox 3140 4446 3197 4497; x_wconf 84' lang='grc' dir='ltr'>ὲν</span> <span class='ocrx_word' id='word_1_684' title='bbox 3231 4445 3451 4517; x_wconf 83' lang='grc' dir='ltr'>Χριστῷ</span> <span class='ocrx_word' id='word_1_685' title='bbox 3479 4447 3634 4518; x_wconf 81' lang='grc' dir='ltr'>δῆλον</span> <span class='ocrx_word' id='word_1_686' title='bbox 3656 4448 3756 4512; x_wconf 84' lang='grc' dir='ltr'>ὃτι,</span> 
     </span>
    </p>
   </div>
   <div class='ocr_carea' id='block_1_90' title="bbox 492 4531 2132 4611">
    <p class='ocr_par' dir='ltr' id='par_1_90' title="bbox 492 4531 2132 4602">
     <span class='ocr_line' id='line_1_90' title="bbox 492 4531 2132 4602; baseline 0.002 -16"><span class='ocrx_word' id='word_1_687' title='bbox 492 4531 738 4602; x_wconf 86' lang='lat' dir='ltr'><strong>mysticis</strong></span> <span class='ocrx_word' id='word_1_688' title='bbox 792 4539 1105 4586; x_wconf 89' lang='lat' dir='ltr'><strong>sanctorum</strong></span> <span class='ocrx_word' id='word_1_689' title='bbox 1171 4532 1537 4600; x_wconf 87' lang='lat' dir='ltr'><strong>apostolorum</strong></span> <span class='ocrx_word' id='word_1_690' title='bbox 1593 4533 2069 4590; x_wconf 89' lang='lat' dir='ltr'><strong>institutionibus:</strong></span> <span class='ocrx_word' id='word_1_691' title='bbox 2107 4531 2132 4540; x_wconf 77' lang='grc'><em>’</em></span> 
     </span>
    </p>
   </div>
   <div class='ocr_carea' id='block_1_91' title="bbox 2118 4531 3758 4611">
    <p class='ocr_par' dir='ltr' id='par_1_91' title="bbox 2118 4531 3758 4611">
     <span class='ocr_line' id='line_1_91' title="bbox 2118 4531 3758 4611; baseline 0.003 -23"><span class='ocrx_word' id='word_1_692' title='bbox 2118 4531 2144 4540; x_wconf 63' lang='grc'><strong><em>⁷</em></strong></span> <span class='ocrx_word' id='word_1_693' title='bbox 2180 4537 2277 4589; x_wconf 79' lang='grc' dir='ltr'>καὶ</span> <span class='ocrx_word' id='word_1_694' title='bbox 2324 4539 2442 4599; x_wconf 76' lang='grc' dir='ltr'>ταῖς</span> <span class='ocrx_word' id='word_1_695' title='bbox 2489 4536 2597 4589; x_wconf 81' lang='grc' dir='ltr'><strong>τῶν</strong></span> <span class='ocrx_word' id='word_1_696' title='bbox 2626 4537 2797 4605; x_wconf 84' lang='grc' dir='ltr'>ἀγίων</span> <span class='ocrx_word' id='word_1_697' title='bbox 2825 4537 3134 4590; x_wconf 87' lang='grc' dir='ltr'>ἀποστόλων</span> <span class='ocrx_word' id='word_1_698' title='bbox 3167 4539 3597 4608; x_wconf 81' lang='grc' dir='ltr'>μυσταγωγίαις,</span> <span class='ocrx_word' id='word_1_699' title='bbox 3631 4540 3758 4611; x_wconf 88' lang='grc' dir='ltr'>μεθ-</span> 
     </span>
    </p>
   </div>
   <div class='ocr_carea' id='block_1_92' title="bbox 488 4622 2128 4700">
    <p class='ocr_par' dir='ltr' id='par_1_92' title="bbox 488 4622 2072 4694">
     <span class='ocr_line' id='line_1_92' title="bbox 488 4622 2072 4694; baseline 0.004 -17"><span class='ocrx_word' id='word_1_700' title='bbox 488 4624 797 4678; x_wconf 83' lang='lat' dir='ltr'><strong>orationem</strong></span> <span class='ocrx_word' id='word_1_701' title='bbox 856 4622 1247 4677; x_wconf 88' lang='lat' dir='ltr'><strong>consolationis</strong></span> <span class='ocrx_word' id='word_1_702' title='bbox 1299 4623 1512 4692; x_wconf 87' lang='lat' dir='ltr'><strong>plenam</strong></span> <span class='ocrx_word' id='word_1_703' title='bbox 1556 4624 1625 4680; x_wconf 90' lang='lat' dir='ltr'><strong>ad</strong></span> <span class='ocrx_word' id='word_1_704' title='bbox 1656 4640 1753 4681; x_wconf 88' lang='lat' dir='ltr'><strong>eos</strong></span> <span class='ocrx_word' id='word_1_705' title='bbox 1781 4629 2072 4694; x_wconf 86' lang='lat' dir='ltr'><strong>convertit,</strong></span> 
     </span>
    </p>
   </div>
   <div class='ocr_carea' id='block_1_93' title="bbox 2119 4622 3759 4700">
    <p class='ocr_par' dir='ltr' id='par_1_93' title="bbox 2184 4627 3759 4700">
     <span class='ocr_line' id='line_1_93' title="bbox 2184 4627 3759 4700; baseline 0.003 -21"><span class='ocrx_word' id='word_1_706' title='bbox 2184 4627 2362 4698; x_wconf 85' lang='grc' dir='ltr'>ίστησι</span> <span class='ocrx_word' id='word_1_707' title='bbox 2396 4628 2527 4698; x_wconf 77' lang='grc' dir='ltr'>πρὸς</span> <span class='ocrx_word' id='word_1_708' title='bbox 2560 4629 2757 4691; x_wconf 79' lang='grc' dir='ltr'>αὐτοὺς</span> <span class='ocrx_word' id='word_1_709' title='bbox 2783 4628 2874 4680; x_wconf 81' lang='grc' dir='ltr'><strong>τὸν</strong></span> <span class='ocrx_word' id='word_1_710' title='bbox 2906 4629 3000 4698; x_wconf 87' lang='grc' dir='ltr'>τῆς</span> <span class='ocrx_word' id='word_1_711' title='bbox 3029 4629 3430 4700; x_wconf 85' lang='grc' dir='ltr'>παρακλήσεως</span> <span class='ocrx_word' id='word_1_712' title='bbox 3454 4629 3629 4698; x_wconf 86' lang='grc' dir='ltr'>λόγον,</span> <span class='ocrx_word' id='word_1_713' title='bbox 3664 4632 3759 4685; x_wconf 75' lang='grc' dir='ltr'><strong>καὶ</strong></span> 
     </span>
    </p>
   </div>
   <div class='ocr_carea' id='block_1_94' title="bbox 494 4714 2134 4793">
    <p class='ocr_par' dir='ltr' id='par_1_94' title="bbox 494 4714 2073 4789">
     <span class='ocr_line' id='line_1_94' title="bbox 494 4714 2073 4789; baseline 0.002 -19"><span class='ocrx_word' id='word_1_714' title='bbox 494 4724 548 4770; x_wconf 89' lang='lat' dir='ltr'><strong>et</strong></span> <span class='ocrx_word' id='word_1_715' title='bbox 575 4717 832 4770; x_wconf 85' lang='lat' dir='ltr'><strong>invictum</strong></span> <span class='ocrx_word' id='word_1_716' title='bbox 857 4714 1096 4768; x_wconf 88' lang='lat' dir='ltr'><strong>animum</strong></span> <span class='ocrx_word' id='word_1_717' title='bbox 1133 4715 1236 4769; x_wconf 91' lang='lat' dir='ltr'><strong>illis</strong></span> <span class='ocrx_word' id='word_1_718' title='bbox 1270 4715 1437 4781; x_wconf 87' lang='lat' dir='ltr'><strong>addit,</strong></span> <span class='ocrx_word' id='word_1_719' title='bbox 1462 4732 1572 4771; x_wconf 83' lang='lat' dir='ltr'><strong>non</strong></span> <span class='ocrx_word' id='word_1_720' title='bbox 1600 4716 1796 4772; x_wconf 88' lang='lat' dir='ltr'><strong>debere</strong></span> <span class='ocrx_word' id='word_1_721' title='bbox 1822 4719 2073 4789; x_wconf 89' lang='lat' dir='ltr'><strong>inquiens</strong></span> 
     </span>
    </p>
   </div>
   <div class='ocr_carea' id='block_1_95' title="bbox 2119 4714 3759 4793">
    <p class='ocr_par' dir='ltr' id='par_1_95' title="bbox 2181 4716 3759 4793">
     <span class='ocr_line' id='line_1_95' title="bbox 2181 4716 3759 4793; baseline 0.003 -23"><span class='ocrx_word' id='word_1_722' title='bbox 2181 4716 2487 4788; x_wconf 76' lang='grc' dir='ltr'>ἄθραυστον</span> <span class='ocrx_word' id='word_1_723' title='bbox 2537 4719 2721 4781; x_wconf 81' lang='grc' dir='ltr'>αὐτοῖς</span> <span class='ocrx_word' id='word_1_724' title='bbox 2774 4719 3128 4790; x_wconf 73' lang='grc' dir='ltr'>ἐνεργάζεται</span> <span class='ocrx_word' id='word_1_725' title='bbox 3171 4717 3314 4783; x_wconf 84' lang='grc' dir='ltr'>νοῦν,</span> <span class='ocrx_word' id='word_1_726' title='bbox 3351 4720 3425 4791; x_wconf 80' lang='grc' dir='ltr'><strong>μὴ</strong></span> <span class='ocrx_word' id='word_1_727' title='bbox 3457 4720 3521 4792; x_wconf 76' lang='grc' dir='ltr'>δὴ</span> <span class='ocrx_word' id='word_1_728' title='bbox 3564 4721 3759 4793; x_wconf 81' lang='grc' dir='ltr'>χρῆναι</span> 
     </span>
    </p>
   </div>
   <div class='ocr_carea' id='block_1_96' title="bbox 493 4802 2133 4884">
    <p class='ocr_par' dir='ltr' id='par_1_96' title="bbox 493 4802 2076 4873">
     <span class='ocr_line' id='line_1_96' title="bbox 493 4802 2076 4873; baseline -0.001 -14"><span class='ocrx_word' id='word_1_729' title='bbox 493 4805 687 4860; x_wconf 89' lang='lat' dir='ltr'><strong>timere</strong></span> <span class='ocrx_word' id='word_1_730' title='bbox 726 4818 842 4867; x_wconf 90' lang='lat' dir='ltr'><strong>eos,</strong></span> <span class='ocrx_word' id='word_1_731' title='bbox 896 4803 988 4871; x_wconf 87' lang='lat' dir='ltr'><strong>qui</strong></span> <span class='ocrx_word' id='word_1_732' title='bbox 1020 4803 1125 4857; x_wconf 91' lang='lat' dir='ltr'><strong>illis</strong></span> <span class='ocrx_word' id='word_1_733' title='bbox 1154 4802 1488 4873; x_wconf 73' lang='lat' dir='ltr'><strong>immerigeri</strong></span> <span class='ocrx_word' id='word_1_734' title='bbox 1531 4811 1676 4870; x_wconf 89' lang='lat' dir='ltr'><strong>sunt,</strong></span> <span class='ocrx_word' id='word_1_735' title='bbox 1732 4818 1832 4858; x_wconf 90' lang='lat' dir='ltr'><strong>nec</strong></span> <span class='ocrx_word' id='word_1_736' title='bbox 1853 4806 2076 4859; x_wconf 81' lang='lat' dir='ltr'><strong>omnino</strong></span> 
     </span>
    </p>
   </div>
   <div class='ocr_carea' id='block_1_97' title="bbox 2119 4802 3759 4884">
    <p class='ocr_par' dir='ltr' id='par_1_97' title="bbox 2182 4810 3759 4884">
     <span class='ocr_line' id='line_1_97' title="bbox 2182 4810 3759 4884; baseline 0.002 -21"><span class='ocrx_word' id='word_1_737' title='bbox 2182 4810 2357 4879; x_wconf 79' lang='grc' dir='ltr'>λέγων</span> <span class='ocrx_word' id='word_1_738' title='bbox 2390 4811 2618 4864; x_wconf 82' lang='grc' dir='ltr'>δεδιέναι</span> <span class='ocrx_word' id='word_1_739' title='bbox 2662 4813 2788 4874; x_wconf 85' lang='grc' dir='ltr'>τοὺς</span> <span class='ocrx_word' id='word_1_740' title='bbox 2826 4811 3185 4875; x_wconf 82' lang='grc' dir='ltr'>ἀπειθοῦντας</span> <span class='ocrx_word' id='word_1_741' title='bbox 3229 4813 3434 4875; x_wconf 79' lang='grc' dir='ltr'>αὐτοῖς,</span> <span class='ocrx_word' id='word_1_742' title='bbox 3481 4815 3617 4884; x_wconf 83' lang='grc' dir='ltr'>μήτε</span> <span class='ocrx_word' id='word_1_743' title='bbox 3656 4813 3759 4884; x_wconf 78' lang='grc' dir='ltr'><strong>μὴν</strong></span> 
     </span>
    </p>
   </div>
   <div class='ocr_carea' id='block_1_98' title="bbox 494 4894 2134 4977">
    <p class='ocr_par' dir='ltr' id='par_1_98' title="bbox 494 4894 2076 4965">
     <span class='ocr_line' id='line_1_98' title="bbox 494 4894 2076 4965; baseline 0.001 -17"><span class='ocrx_word' id='word_1_744' title='bbox 494 4903 716 4964; x_wconf 85' lang='lat' dir='ltr'><strong>propter</strong></span> <span class='ocrx_word' id='word_1_745' title='bbox 738 4909 926 4949; x_wconf 88' lang='lat' dir='ltr'><strong>eorum</strong></span> <span class='ocrx_word' id='word_1_746' title='bbox 961 4894 1216 4948; x_wconf 90' lang='lat' dir='ltr'><strong>ferociam</strong></span> <span class='ocrx_word' id='word_1_747' title='bbox 1264 4895 1611 4949; x_wconf 88' lang='lat' dir='ltr'><strong>tumultuari:</strong></span> <span class='ocrx_word' id='word_1_748' title='bbox 1647 4894 1742 4950; x_wconf 87' lang='lat' dir='ltr'><strong>sed</strong></span> <span class='ocrx_word' id='word_1_749' title='bbox 1766 4895 1878 4950; x_wconf 92' lang='lat' dir='ltr'><strong>Deo</strong></span> <span class='ocrx_word' id='word_1_750' title='bbox 1898 4897 2076 4965; x_wconf 89' lang='lat' dir='ltr'><strong>potius</strong></span> 
     </span>
    </p>
   </div>
   <div class='ocr_carea' id='block_1_99' title="bbox 2117 4894 3757 4977">
    <p class='ocr_par' dir='ltr' id='par_1_99' title="bbox 2184 4904 3757 4977">
     <span class='ocr_line' id='line_1_99' title="bbox 2184 4904 3757 4977; baseline 0.001 -20"><span class='ocrx_word' id='word_1_751' title='bbox 2184 4904 2320 4967; x_wconf 78' lang='grc' dir='ltr'>ὅλως</span> <span class='ocrx_word' id='word_1_752' title='bbox 2348 4904 2438 4958; x_wconf 82' lang='grc' dir='ltr'><strong>τὸν</strong></span> <span class='ocrx_word' id='word_1_753' title='bbox 2472 4906 2536 4957; x_wconf 82' lang='grc' dir='ltr'>ὲκ</span> <span class='ocrx_word' id='word_1_754' title='bbox 2566 4905 2664 4975; x_wconf 82' lang='grc' dir='ltr'>τῆς</span> <span class='ocrx_word' id='word_1_755' title='bbox 2710 4905 2932 4959; x_wconf 81' lang='grc' dir='ltr'>ἐκείνων</span> <span class='ocrx_word' id='word_1_756' title='bbox 2961 4907 3280 4977; x_wconf 85' lang='grc' dir='ltr'>σκαιότητος</span> <span class='ocrx_word' id='word_1_757' title='bbox 3312 4905 3644 4976; x_wconf 81' lang='grc' dir='ltr'>εἰσδέχεσθαι</span> <span class='ocrx_word' id='word_1_758' title='bbox 3666 4905 3757 4959; x_wconf 65' lang='grc' dir='ltr'><strong>θόε</strong></span> 
     </span>
    </p>
   </div>
   <div class='ocr_carea' id='block_1_100' title="bbox 500 4984 2140 5067">
    <p class='ocr_par' dir='ltr' id='par_1_100' title="bbox 500 4984 2079 5058">
     <span class='ocr_line' id='line_1_100' title="bbox 500 4984 2079 5058; baseline 0.001 -18"><span class='ocrx_word' id='word_1_759' title='bbox 500 4987 760 5051; x_wconf 81' lang='lat' dir='ltr'><strong>conlisos,</strong></span> <span class='ocrx_word' id='word_1_760' title='bbox 795 4986 1043 5041; x_wconf 89' lang='lat' dir='ltr'><strong>hostibus</strong></span> <span class='ocrx_word' id='word_1_761' title='bbox 1068 4984 1290 5055; x_wconf 90' lang='lat' dir='ltr'><strong>juvenili</strong></span> <span class='ocrx_word' id='word_1_762' title='bbox 1323 4987 1606 5042; x_wconf 73' lang='lat' dir='ltr'><strong>alacritate</strong></span> <span class='ocrx_word' id='word_1_763' title='bbox 1656 4988 1948 5044; x_wconf 86' lang='lat' dir='ltr'><strong>insultare:</strong></span> <span class='ocrx_word' id='word_1_764' title='bbox 1982 5004 2079 5058; x_wconf 86' lang='lat' dir='ltr'><strong>pro</strong></span> 
     </span>
    </p>
   </div>
   <div class='ocr_carea' id='block_1_101' title="bbox 2118 4984 3758 5067">
    <p class='ocr_par' dir='ltr' id='par_1_101' title="bbox 2179 4994 3758 5067">
     <span class='ocr_line' id='line_1_101' title="bbox 2179 4994 3758 5067; baseline 0.001 -21"><span class='ocrx_word' id='word_1_765' title='bbox 2179 4995 2362 5065; x_wconf 78' lang='grc' dir='ltr'>ρυϐον·</span> <span class='ocrx_word' id='word_1_766' title='bbox 2393 4994 2802 5065; x_wconf 75' lang='grc' dir='ltr'>τεθαρρηκότας</span> <span class='ocrx_word' id='word_1_767' title='bbox 2838 4996 2896 5048; x_wconf 85' lang='grc' dir='ltr'>δὲ</span> <span class='ocrx_word' id='word_1_768' title='bbox 2930 4996 3130 5065; x_wconf 86' lang='grc' dir='ltr'>μᾶλλον</span> <span class='ocrx_word' id='word_1_769' title='bbox 3180 4997 3272 5049; x_wconf 77' lang='grc' dir='ltr'><strong>ἐπὶ</strong></span> <span class='ocrx_word' id='word_1_770' title='bbox 3318 4996 3461 5067; x_wconf 84' lang='grc' dir='ltr'>Θεῷ,</span> <span class='ocrx_word' id='word_1_771' title='bbox 3492 5014 3758 5051; x_wconf 82' lang='grc' dir='ltr'>κατανεα-</span> 
     </span>
    </p>
   </div>
   <div class='ocr_carea' id='block_1_102' title="bbox 493 5077 2133 5159">
    <p class='ocr_par' dir='ltr' id='par_1_102' title="bbox 493 5077 2079 5148">
     <span class='ocr_line' id='line_1_102' title="bbox 493 5077 2079 5148; baseline 0 -15"><span class='ocrx_word' id='word_1_772' title='bbox 493 5090 647 5134; x_wconf 87' lang='lat' dir='ltr'><strong>certo</strong></span> <span class='ocrx_word' id='word_1_773' title='bbox 670 5079 925 5134; x_wconf 87' lang='lat' dir='ltr'><strong>habentes</strong></span> <span class='ocrx_word' id='word_1_774' title='bbox 972 5092 1096 5131; x_wconf 88' lang='lat' dir='ltr'><strong>eum</strong></span> <span class='ocrx_word' id='word_1_775' title='bbox 1141 5092 1289 5131; x_wconf 79' lang='lat' dir='ltr'><strong>arma</strong></span> <span class='ocrx_word' id='word_1_776' title='bbox 1332 5078 1462 5148; x_wconf 86' lang='lat' dir='ltr'><strong>ipsis</strong></span> <span class='ocrx_word' id='word_1_777' title='bbox 1508 5077 1625 5134; x_wconf 80' lang='lat' dir='ltr'><strong>fore</strong></span> <span class='ocrx_word' id='word_1_778' title='bbox 1662 5088 1718 5135; x_wconf 88' lang='lat' dir='ltr'><strong>et</strong></span> <span class='ocrx_word' id='word_1_779' title='bbox 1748 5094 1929 5135; x_wconf 80' lang='lat' dir='ltr'><strong>arcem</strong></span> <span class='ocrx_word' id='word_1_780' title='bbox 1971 5080 2079 5134; x_wconf 89' lang='lat' dir='ltr'><strong>for-</strong></span> 
     </span>
    </p>
   </div>
   <div class='ocr_carea' id='block_1_103' title="bbox 2120 5077 3760 5159">
    <p class='ocr_par' dir='ltr' id='par_1_103' title="bbox 2177 5085 3760 5159">
     <span class='ocr_line' id='line_1_103' title="bbox 2177 5085 3760 5159; baseline 0.001 -21"><span class='ocrx_word' id='word_1_781' title='bbox 2177 5086 2451 5140; x_wconf 86' lang='grc' dir='ltr'>νιεύεσθαι</span> <span class='ocrx_word' id='word_1_782' title='bbox 2484 5087 2591 5139; x_wconf 83' lang='grc' dir='ltr'><strong>τῶν</strong></span> <span class='ocrx_word' id='word_1_783' title='bbox 2622 5088 2853 5159; x_wconf 72' lang='grc' dir='ltr'><strong>ἐχθρῶν⁸</strong></span> <span class='ocrx_word' id='word_1_784' title='bbox 2882 5085 2940 5141; x_wconf 81' lang='grc' dir='ltr'>εὖ</span> <span class='ocrx_word' id='word_1_785' title='bbox 2970 5090 3179 5153; x_wconf 81' lang='grc' dir='ltr'>εἰδότας</span> <span class='ocrx_word' id='word_1_786' title='bbox 3216 5090 3298 5142; x_wconf 83' lang='grc' dir='ltr'>ὅτι</span> <span class='ocrx_word' id='word_1_787' title='bbox 3335 5090 3432 5143; x_wconf 80' lang='grc' dir='ltr'>καὶ</span> <span class='ocrx_word' id='word_1_788' title='bbox 3462 5089 3626 5143; x_wconf 83' lang='grc' dir='ltr'>ὅπλον</span> <span class='ocrx_word' id='word_1_789' title='bbox 3672 5089 3760 5141; x_wconf 83' lang='grc' dir='ltr'><strong>αὐ-</strong></span> 
     </span>
    </p>
   </div>
   <div class='ocr_carea' id='block_1_104' title="bbox 496 5168 2136 5252">
    <p class='ocr_par' dir='ltr' id='par_1_104' title="bbox 496 5168 2080 5243">
     <span class='ocr_line' id='line_1_104' title="bbox 496 5168 2080 5243; baseline 0.001 -19"><span class='ocrx_word' id='word_1_790' title='bbox 496 5169 777 5225; x_wconf 84' lang='lat' dir='ltr'><strong>titudinis;</strong></span> <span class='ocrx_word' id='word_1_791' title='bbox 822 5184 988 5239; x_wconf 90' lang='lat' dir='ltr'><strong>seque</strong></span> <span class='ocrx_word' id='word_1_792' title='bbox 1029 5168 1188 5224; x_wconf 82' lang='lat' dir='ltr'><strong>facile</strong></span> <span class='ocrx_word' id='word_1_793' title='bbox 1225 5182 1578 5239; x_wconf 82' lang='lat' dir='ltr'><strong>superaturos</strong></span> <span class='ocrx_word' id='word_1_794' title='bbox 1627 5187 1723 5227; x_wconf 89' lang='lat' dir='ltr'><strong>eos</strong></span> <span class='ocrx_word' id='word_1_795' title='bbox 1749 5173 1838 5243; x_wconf 84' lang='lat' dir='ltr'><strong>qui</strong></span> <span class='ocrx_word' id='word_1_796' title='bbox 1865 5173 2080 5228; x_wconf 90' lang='lat' dir='ltr'><strong>restite-</strong></span> 
     </span>
    </p>
   </div>
   <div class='ocr_carea' id='block_1_105' title="bbox 2117 5168 3757 5252">
    <p class='ocr_par' dir='ltr' id='par_1_105' title="bbox 2176 5180 3757 5252">
     <span class='ocr_line' id='line_1_105' title="bbox 2176 5180 3757 5252; baseline 0 -22"><span class='ocrx_word' id='word_1_797' title='bbox 2176 5181 2289 5241; x_wconf 83' lang='grc' dir='ltr'>τοῖς</span> <span class='ocrx_word' id='word_1_798' title='bbox 2337 5181 2509 5243; x_wconf 75' lang='grc' dir='ltr'>ἔσται,</span> <span class='ocrx_word' id='word_1_799' title='bbox 2547 5181 2643 5231; x_wconf 77' lang='grc' dir='ltr'><strong>καὶ</strong></span> <span class='ocrx_word' id='word_1_800' title='bbox 2679 5180 2887 5251; x_wconf 81' lang='grc' dir='ltr'>πύργος</span> <span class='ocrx_word' id='word_1_801' title='bbox 2925 5181 3128 5250; x_wconf 80' lang='grc' dir='ltr'>ἰσχύος,</span> <span class='ocrx_word' id='word_1_802' title='bbox 3162 5181 3258 5234; x_wconf 83' lang='grc' dir='ltr'><strong>καὶ</strong></span> <span class='ocrx_word' id='word_1_803' title='bbox 3302 5181 3757 5252; x_wconf 73' lang='grc' dir='ltr'>κατακρατήσοσ-</span> 
     </span>
    </p>
   </div>
   <div class='ocr_carea' id='block_1_106' title="bbox 496 5260 2136 5343">
    <p class='ocr_par' dir='ltr' id='par_1_106' title="bbox 496 5260 2079 5332">
     <span class='ocr_line' id='line_1_106' title="bbox 496 5260 2079 5332; baseline 0.003 -17"><span class='ocrx_word' id='word_1_804' title='bbox 496 5262 627 5315; x_wconf 81' lang='lat' dir='ltr'><strong>rint.</strong></span> <span class='ocrx_word' id='word_1_805' title='bbox 669 5260 806 5316; x_wconf 90' lang='lat' dir='ltr'><strong>Hinc</strong></span> <span class='ocrx_word' id='word_1_806' title='bbox 849 5262 963 5315; x_wconf 86' lang='lat' dir='ltr'><strong>ait:</strong></span> <span class='ocrx_word' id='word_1_807' title='bbox 1016 5261 1290 5317; x_wconf 85' lang='lat' dir='ltr'><strong>Timorem</strong></span> <span class='ocrx_word' id='word_1_808' title='bbox 1316 5276 1500 5316; x_wconf 90' lang='lat' dir='ltr'><strong>eorum</strong></span> <span class='ocrx_word' id='word_1_809' title='bbox 1539 5278 1607 5318; x_wconf 90' lang='lat' dir='ltr'><strong>ne</strong></span> <span class='ocrx_word' id='word_1_810' title='bbox 1636 5265 1949 5332; x_wconf 85' lang='lat' dir='ltr'><strong>timueritis,</strong></span> <span class='ocrx_word' id='word_1_811' title='bbox 1984 5281 2079 5319; x_wconf 83' lang='lat' dir='ltr'><strong>ne-</strong></span> 
     </span>
    </p>
   </div>
   <div class='ocr_carea' id='block_1_107' title="bbox 2118 5260 3758 5343">
    <p class='ocr_par' dir='ltr' id='par_1_107' title="bbox 2181 5270 3758 5343">
     <span class='ocr_line' id='line_1_107' title="bbox 2181 5270 3758 5343; baseline -0.001 -21"><span class='ocrx_word' id='word_1_812' title='bbox 2181 5287 2264 5322; x_wconf 91' lang='grc' dir='ltr'><strong>σιν</strong></span> <span class='ocrx_word' id='word_1_813' title='bbox 2285 5270 2518 5331; x_wconf 77' lang='grc' dir='ltr'>εὐκόλως</span> <span class='ocrx_word' id='word_1_814' title='bbox 2543 5271 2652 5324; x_wconf 85' lang='grc' dir='ltr'>τῶν</span> <span class='ocrx_word' id='word_1_815' title='bbox 2673 5271 3103 5342; x_wconf 81' lang='grc' dir='ltr'>ἀνθεστηκότων.</span> <span class='ocrx_word' id='word_1_816' title='bbox 3126 5270 3395 5343; x_wconf 64' lang='grc' dir='ltr'>Ταύτῃτώ</span> <span class='ocrx_word' id='word_1_817' title='bbox 3427 5288 3593 5341; x_wconf 89' lang='grc' dir='ltr'>φησιν</span> <span class='ocrx_word' id='word_1_818' title='bbox 3612 5287 3625 5300; x_wconf 86' lang='grc'><strong>·</strong></span> <span class='ocrx_word' id='word_1_819' title='bbox 3657 5270 3758 5322; x_wconf 81' lang='grc' dir='ltr'><strong>Τὸν</strong></span> 
     </span>
    </p>
   </div>
   <div class='ocr_carea' id='block_1_108' title="bbox 493 5352 2133 5435">
    <p class='ocr_par' dir='ltr' id='par_1_108' title="bbox 493 5352 2074 5424">
     <span class='ocr_line' id='line_1_108' title="bbox 493 5352 2074 5424; baseline 0.003 -18"><span class='ocrx_word' id='word_1_820' title='bbox 493 5366 602 5421; x_wconf 88' lang='lat' dir='ltr'><strong>que</strong></span> <span class='ocrx_word' id='word_1_821' title='bbox 668 5353 987 5407; x_wconf 89' lang='lat' dir='ltr'><strong>turbemini.</strong></span> <span class='ocrx_word' id='word_1_822' title='bbox 1026 5352 1120 5407; x_wconf 88' lang='lat' dir='ltr'><strong>Sin</strong></span> <span class='ocrx_word' id='word_1_823' title='bbox 1171 5355 1300 5409; x_wconf 88' lang='lat' dir='ltr'><strong>velit</strong></span> <span class='ocrx_word' id='word_1_824' title='bbox 1345 5354 1611 5424; x_wconf 88' lang='lat' dir='ltr'><strong>quispiam</strong></span> <span class='ocrx_word' id='word_1_825' title='bbox 1661 5358 1774 5410; x_wconf 69' lang='lat' dir='ltr'><strong>haec</strong></span> <span class='ocrx_word' id='word_1_826' title='bbox 1822 5357 2074 5411; x_wconf 87' lang='lat' dir='ltr'><strong>subtilius</strong></span> 
     </span>
    </p>
   </div>
   <div class='ocr_carea' id='block_1_109' title="bbox 2118 5352 3758 5435">
    <p class='ocr_par' dir='ltr' id='par_1_109' title="bbox 2179 5360 3758 5435">
     <span class='ocr_line' id='line_1_109' title="bbox 2179 5360 3758 5435; baseline -0.002 -20"><span class='ocrx_word' id='word_1_827' title='bbox 2179 5362 2236 5415; x_wconf 75' lang='grc' dir='ltr'>δὲ</span> <span class='ocrx_word' id='word_1_828' title='bbox 2261 5362 2423 5431; x_wconf 78' lang='grc' dir='ltr'>φὸὁον</span> <span class='ocrx_word' id='word_1_829' title='bbox 2449 5362 2626 5414; x_wconf 83' lang='grc' dir='ltr'>αὐτῶν</span> <span class='ocrx_word' id='word_1_830' title='bbox 2653 5364 2714 5415; x_wconf 80' lang='grc' dir='ltr'><strong>οὐ</strong></span> <span class='ocrx_word' id='word_1_831' title='bbox 2746 5363 2820 5433; x_wconf 84' lang='grc' dir='ltr'><strong>μὴ</strong></span> <span class='ocrx_word' id='word_1_832' title='bbox 2853 5362 3146 5434; x_wconf 75' lang='grc' dir='ltr'>φοϐηθῆτε,</span> <span class='ocrx_word' id='word_1_833' title='bbox 3179 5363 3299 5416; x_wconf 80' lang='grc' dir='ltr'>οὐδὲ</span> <span class='ocrx_word' id='word_1_834' title='bbox 3324 5362 3655 5435; x_wconf 85' lang='grc' dir='ltr'>ταραχθῆτε.</span> <span class='ocrx_word' id='word_1_835' title='bbox 3696 5360 3758 5413; x_wconf 81' lang='grc' dir='ltr'><strong>Εἰ</strong></span> 
     </span>
    </p>
   </div>
   <div class='ocr_carea' id='block_1_110' title="bbox 496 5441 2136 5525">
    <p class='ocr_par' dir='ltr' id='par_1_110' title="bbox 496 5441 2072 5517">
     <span class='ocr_line' id='line_1_110' title="bbox 496 5441 2072 5517; baseline 0.004 -22"><span class='ocrx_word' id='word_1_836' title='bbox 496 5442 748 5506; x_wconf 88' lang='lat' dir='ltr'><strong>scrutari,</strong></span> <span class='ocrx_word' id='word_1_837' title='bbox 787 5441 938 5514; x_wconf 66' lang='grc'><strong>14],</strong></span> <span class='ocrx_word' id='word_1_838' title='bbox 964 5455 1017 5501; x_wconf 91' lang='lat' dir='ltr'><strong>et</strong></span> <span class='ocrx_word' id='word_1_839' title='bbox 1048 5443 1153 5499; x_wconf 87' lang='lat' dir='ltr'><strong>alio</strong></span> <span class='ocrx_word' id='word_1_840' title='bbox 1181 5444 1340 5499; x_wconf 89' lang='lat' dir='ltr'><strong>modo</strong></span> <span class='ocrx_word' id='word_1_841' title='bbox 1371 5445 1472 5499; x_wconf 92' lang='lat' dir='ltr'><strong>hoc</strong></span> <span class='ocrx_word' id='word_1_842' title='bbox 1505 5446 1687 5501; x_wconf 80' lang='lat' dir='ltr'><strong>licebit</strong></span> <span class='ocrx_word' id='word_1_843' title='bbox 1709 5448 2072 5517; x_wconf 86' lang='lat' dir='ltr'><strong>interpretari:</strong></span> 
     </span>
    </p>
   </div>
   <div class='ocr_carea' id='block_1_111' title="bbox 2118 5441 3758 5525">
    <p class='ocr_par' dir='ltr' id='par_1_111' title="bbox 2180 5452 3758 5525">
     <span class='ocr_line' id='line_1_111' title="bbox 2180 5452 3758 5525; baseline -0.001 -20"><span class='ocrx_word' id='word_1_844' title='bbox 2180 5453 2235 5505; x_wconf 87' lang='grc' dir='ltr'>δὲ</span> <span class='ocrx_word' id='word_1_845' title='bbox 2277 5452 2340 5523; x_wconf 87' lang='grc' dir='ltr'>δή</span> <span class='ocrx_word' id='word_1_846' title='bbox 2383 5470 2467 5516; x_wconf 88' lang='grc' dir='ltr'><strong>τις</strong></span> <span class='ocrx_word' id='word_1_847' title='bbox 2515 5453 2759 5523; x_wconf 73' lang='grc' dir='ltr'>βούλοιτο</span> <span class='ocrx_word' id='word_1_848' title='bbox 2802 5456 2923 5516; x_wconf 86' lang='grc' dir='ltr'>ταῖς</span> <span class='ocrx_word' id='word_1_849' title='bbox 2975 5454 3083 5507; x_wconf 84' lang='grc' dir='ltr'><strong>τῶν</strong></span> <span class='ocrx_word' id='word_1_850' title='bbox 3133 5455 3504 5525; x_wconf 83' lang='grc' dir='ltr'>προκειμένων</span> <span class='ocrx_word' id='word_1_851' title='bbox 3531 5453 3758 5516; x_wconf 82' lang='grc' dir='ltr'>ἐννοίαις</span> 
     </span>
    </p>
   </div>
   <div class='ocr_carea' id='block_1_112' title="bbox 498 5535 2138 5619">
    <p class='ocr_par' dir='ltr' id='par_1_112' title="bbox 498 5535 2075 5611">
     <span class='ocr_line' id='line_1_112' title="bbox 498 5535 2075 5611; baseline 0.003 -21"><span class='ocrx_word' id='word_1_852' title='bbox 498 5535 577 5590; x_wconf 88' lang='lat' dir='ltr'><strong>sic</strong></span> <span class='ocrx_word' id='word_1_853' title='bbox 632 5544 811 5589; x_wconf 88' lang='lat' dir='ltr'><strong>autem</strong></span> <span class='ocrx_word' id='word_1_854' title='bbox 863 5550 950 5590; x_wconf 86' lang='lat' dir='ltr'><strong>res</strong></span> <span class='ocrx_word' id='word_1_855' title='bbox 975 5550 1035 5590; x_wconf 89' lang='lat' dir='ltr'><strong>se</strong></span> <span class='ocrx_word' id='word_1_856' title='bbox 1096 5537 1280 5592; x_wconf 86' lang='lat' dir='ltr'><strong>habet.</strong></span> <span class='ocrx_word' id='word_1_857' title='bbox 1346 5535 1516 5592; x_wconf 76' lang='lat' dir='ltr'><strong>Judaei</strong></span> <span class='ocrx_word' id='word_1_858' title='bbox 1558 5539 1702 5594; x_wconf 88' lang='lat' dir='ltr'><strong>enim</strong></span> <span class='ocrx_word' id='word_1_859' title='bbox 1741 5555 1845 5595; x_wconf 90' lang='lat' dir='ltr'><strong>non</strong></span> <span class='ocrx_word' id='word_1_860' title='bbox 1886 5556 2075 5611; x_wconf 83' lang='lat' dir='ltr'><strong>parum</strong></span> 
     </span>
    </p>
   </div>
   <div class='ocr_carea' id='block_1_113' title="bbox 2118 5535 3758 5619">
    <p class='ocr_par' dir='ltr' id='par_1_113' title="bbox 2186 5545 3758 5619">
     <span class='ocr_line' id='line_1_113' title="bbox 2186 5545 3758 5619; baseline 0.001 -24"><span class='ocrx_word' id='word_1_861' title='bbox 2186 5545 2365 5614; x_wconf 82' lang='grc' dir='ltr'>ἰσχνὸν</span> <span class='ocrx_word' id='word_1_862' title='bbox 2405 5546 2604 5599; x_wconf 77' lang='grc' dir='ltr'>ἐνιέναι</span> <span class='ocrx_word' id='word_1_863' title='bbox 2634 5547 2725 5599; x_wconf 85' lang='grc' dir='ltr'><strong>τὸν</strong></span> <span class='ocrx_word' id='word_1_864' title='bbox 2760 5545 2902 5611; x_wconf 74' lang='grc' dir='ltr'>νοῦν,</span> <span class='ocrx_word' id='word_1_865' title='bbox 2935 5548 3028 5600; x_wconf 74' lang='grc' dir='ltr'>καὶ</span> <span class='ocrx_word' id='word_1_866' title='bbox 3058 5546 3180 5602; x_wconf 85' lang='grc' dir='ltr'>καθ’</span> <span class='ocrx_word' id='word_1_867' title='bbox 3201 5547 3386 5619; x_wconf 78' lang='grc' dir='ltr'>ἕτερον</span> <span class='ocrx_word' id='word_1_868' title='bbox 3416 5546 3549 5601; x_wconf 79' lang='grc' dir='ltr'>αὐτὸ</span> <span class='ocrx_word' id='word_1_869' title='bbox 3578 5545 3758 5617; x_wconf 81' lang='grc' dir='ltr'>νοήσει</span> 
     </span>
    </p>
   </div>
   <div class='ocr_carea' id='block_1_114' title="bbox 568 5691 1565 5763">
    <p class='ocr_par' dir='ltr' id='par_1_114' title="bbox 568 5691 1565 5763">
     <span class='ocr_line' id='line_1_114' title="bbox 568 5691 1565 5763; baseline 0.006 -18"><span class='ocrx_word' id='word_1_870' title='bbox 568 5691 948 5759; x_wconf 63' lang='grc' dir='ltr'>’δι’δσὶωιίι,</span> <span class='ocrx_word' id='word_1_871' title='bbox 975 5694 1061 5751; x_wconf 79' lang='grc'>16.</span> <span class='ocrx_word' id='word_1_872' title='bbox 1135 5696 1180 5727; x_wconf 76' lang='grc' dir='ltr'><strong>τ’</strong></span> <span class='ocrx_word' id='word_1_873' title='bbox 1206 5695 1372 5751; x_wconf 77' lang='lat' dir='ltr'><strong>Exod.</strong></span> <span class='ocrx_word' id='word_1_874' title='bbox 1400 5713 1485 5763; x_wconf 76' lang='lat' dir='ltr'><strong>xv,</strong></span> <span class='ocrx_word' id='word_1_875' title='bbox 1514 5696 1565 5751; x_wconf 87' lang='lat'><strong>6.</strong></span> 
     </span>
    </p>
   </div>
  </div>
