4152 6366
355 384 464 442 255

1506 376 1573 431 ΙΝ
1611 372 1843 431 lSAlAM
1880 370 2014 427 LIB.
2053 370 2094 425 Ι.
2134 368 2339 426 οιιΑτ.
2382 370 2444 423 ν.

3485 368 3591 422 254

359 496 741 570 τρόπον.”Εστι
780 493 839 548 δὲ
883 489 1338 557 οὖτως.ἰουδαῖοι
1374 488 1474 561 μὲν
1506 489 1613 560 γάρ
1663 486 1935 545 ἐδεδίεσαν

2051 482 2364 545 netuebant,
2411 497 2480 537 ne
2509 495 2615 550 quo
2644 480 2800 536 modo
2841 480 3008 536 Deum
3043 481 3395 548 oll'enderent,
3429 484 3474 537 si
3512 484 3589 538 le-

361 594 422 645 οὐ
452 589 661 661 μικρῶς
704 587 782 659 μὴ
813 586 921 658 ἄρα
944 602 1059 648 πως
1087 583 1207 653 Θεῷ
1233 597 1683 652 προσκρουσειαν,
1710 577 1931 635 διωθού-

366 697 512 752 μενοι
550 679 650 749 μὲν
673 679 770 749 τῆς
799 680 855 731 ὲν
886 677 1035 747 νόμῳ
1084 674 1357 737 πολιτείας
1386 672 1487 744 τὴν
1521 672 1673 725 ὁδόψ
1705 670 1931 740 προσιέ-

366 790 514 843 μενοι
554 772 611 828 es
641 770 738 823 τοῦ
769 770 1016 839 Σωτῆρος
1043 767 1133 819 τὸν
1170 765 1327 833 λόγον
1353 763 1679 835 ἀφιστάντος
1706 762 1813 823 τῶν
1840 759 1934 813 τύ-

362 879 500 922 πων,
536 862 633 915 καὶ
668 862 798 931 παρ’
841 858 992 911 οὐδὲν
1047 856 1300 929 ἡγεῖσθαι
1354 854 1783 926 προστάττοντος
1831 852 1937 922 τὴν

364 955 541 1011 σκιάν.
567 953 676 1005 Καὶ
708 950 837 1020 γοῦν
863 950 1098 1020 ἔφασκον
1134 949 1262 1021 περὶ
1291 947 1455 1002 αὐτοῦ
1475 963 1488 976 ·
1531 966 1551 996 ι
1577 946 1638 998 Εἰ
1665 939 1756 998 οῦν
1778 936 1933 1005 οὗτος

360 1045 390 1096 6
416 1042 699 1114 ἄνθρωπος
729 1042 881 1110 παρά
920 1039 1077 1102 Θεοῦ,
1108 1041 1209 1092 οὐκ
1238 1038 1303 1091 ἂν
1334 1036 1453 1091 ἔλυε
1484 1037 1542 1089 τὸ
1573 1036 1865 1089 Σάϐϐατον.
1909 1051 1927 1085 ι

364 1134 485 1186 Ὀτι
536 1133 717 1186 τοίνυν
756 1134 803 1184 εί
839 1132 931 1185 καὶ
962 1126 1102 1202 ἦσαν
1142 1129 1203 1194 ἐξ
1246 1128 1510 1183 Ἰουδαίων
1557 1130 1604 1181 οί
1658 1127 1932 1180 θεσπέσιοι

364 1223 622 1295 μαθηταὶ,
655 1221 1037 1293 παραιτεῖσθαι
1080 1222 1219 1292 χρῆν
1267 1220 1464 1283 αὐτοὺς
1494 1219 1587 1272 τὸν
1624 1219 1731 1272 τῶν
1779 1219 1934 1271 ἀπει-

362 1314 593 1367 θούντων
628 1313 811 1383 φόϐον,
843 1313 1107 1379 δεδιότων,
1146 1312 1220 1375 ὡς
1262 1310 1417 1381 ἔφην,
1459 1310 1825 1381 προσκροῦσαι
1857 1309 1935 1380 τῷ

361 1407 530 1477 νόμῳ,
562 1407 649 1460 διά
673 1422 735 1472 γε
764 1405 858 1458 τοῦ
910 1405 1007 1475 ζῇν
1055 1403 1269 1459 ἑλέσθαι
1314 1402 1511 1473 μᾶλλον
1546 1400 1932 1469 εὐαγγελικῶς,

364 1499 653 1568 παρεγγυᾷ
684 1497 887 1564 λέγων’
918 1497 1020 1549 Τὸν
1061 1495 1117 1548 δὲ
1150 1495 1313 1565 φόϐον
1343 1494 1519 1548 αὐτῶν
1549 1494 1607 1546 οὐ
1640 1492 1714 1563 μὴ
1764 1492 1936 1562 φοϐη-

363 1590 512 1660 θῆτε,
544 1590 649 1643 οὐδ’
679 1591 739 1643 ού
779 1588 853 1660 μὴ
894 1589 1204 1659 ταραχθῆτε
1226 1602 1240 1615 ·
1285 1587 1590 1656 ἀγιαζέσθω
1622 1586 1679 1638 δὲ
1716 1586 1933 1657 μᾶλλον,

362 1682 521 1755 φησὶ,
549 1681 680 1752 παρ’
711 1679 864 1751 ὑμῶν
898 1682 926 1733 6
957 1681 1054 1750 τῆς
1088 1679 1244 1750 δόξης
1281 1680 1502 1750 Κύριος,
1536 1679 1678 1731 τοῦτ’
1707 1679 1874 1740 ἔστιν,
1908 1681 1938 1732 6

362 1773 614 1843 Χριστὸς,
646 1772 737 1825 καὶ
778 1771 1029 1841 τιμάσθω
1073 1775 1135 1841 τῇ
1193 1771 1395 1831 πίστει,
1423 1772 1517 1823 καὶ
1544 1768 1772 1838 φοϐερὸς
1798 1768 1938 1821 ἔστω

2031 573 2165 644 galis
2201 572 2428 627 instituti
2458 571 2599 627 viam
2652 571 3015 642 repudiarent,
3053 584 3109 627 et
3152 574 3452 628 Servatoris
3479 589 3595 629 ser-

2031 677 2268 727 monem,
2303 664 2394 731 qui
2446 677 2477 717 a
2506 662 2690 732 ﬁguris
2721 672 2911 717 avocat
2950 672 3003 718 et
3049 665 3293 719 umbram
3335 664 3485 719 nihili
3512 664 3592 717 [ε-

2032 768 2155 807 cere
2184 754 2446 822 prtecipit,
2478 752 2799 822 reciperent.
2825 752 3036 811 Etenim
3075 754 3142 809 de
3175 755 3265 809 illo
3297 754 3551 810 dicebant
3577 773 3591 809 :

2038 841 2129 899 (Si
2158 846 2243 899 hic
2280 844 2441 903 homo
2470 859 2497 897 a
2527 843 2637 899 Deo
2662 854 2826 911 esset,
2863 847 3174 915 neutiquam
3204 848 3427 904 violaret
3454 847 3593 904 Sabo

2032 939 2332 994 halum“.i
2367 936 2629 1003 Quoniam
2664 954 2793 1007 ergo
2826 954 2892 994 ex
2924 938 3122 999 Judaeis
3157 957 3277 996 cum
3305 952 3483 998 essent
3508 943 3595 996 di-

2034 1031 2142 1085 vini
2174 1029 2440 1097 discipuli,
2481 1031 2719 1084 aversuri
2738 1041 2892 1085 erant
2927 1042 3124 1086 metum
3154 1047 3339 1087 eorum
3363 1034 3453 1104 qui
3486 1050 3591 1088 non

2032 1124 2341 1186 credebant,
2375 1124 2674 1179 timentium
2718 1124 2769 1177 in
2795 1123 2993 1191 legem,
3037 1133 3096 1179 ut
3127 1125 3262 1191 dixi,
3298 1127 3596 1196 impingere

2034 1218 2077 1275 si
2127 1216 2487 1285 evangelicam
2537 1216 2699 1270 vitam
2741 1217 2893 1285 legali
2957 1216 3292 1287 praeferrent,
3351 1220 3597 1289 praecipit

2035 1306 2250 1362 dicens:
2278 1307 2545 1365 Timorem
2583 1322 2768 1361 eorum
2819 1323 2884 1362 ne
2920 1310 3225 1373 timueritis,
3276 1325 3449 1379 neque
3477 1321 3595 1364 tur-

2035 1395 2253 1461 bemini,
2303 1397 2397 1451 sed
2466 1398 2643 1465 potius
2688 1407 2872 1453 sancte
2913 1400 3119 1454 colatur
3154 1414 3184 1453 a
3216 1402 3367 1455 vobis
3414 1402 3598 1471 gloria;

2037 1487 2314 1551 Dominus,
2360 1488 2410 1541 id
2443 1494 2526 1543 est
2555 1489 2799 1543 Christus
2822 1530 2837 1555 ,
2885 1499 2941 1544 et
2987 1491 3193 1545 colatur
3217 1491 3341 1555 ﬁde,
3378 1502 3432 1547 et
3456 1495 3597 1562 apud

2036 1596 2131 1636 vos
2157 1582 2228 1635 sit
2254 1581 2527 1637 terribilis.
2563 1582 2677 1637 Erit
2698 1584 2841 1637 enim
2868 1584 2955 1637 ille
2986 1584 3133 1639 vobis
3166 1586 3598 1650 sanetilicationi,

2036 1688 2136 1728 nec
2157 1683 2216 1728 ut
2244 1673 2405 1743 lapidi
2450 1674 2763 1730 oli'ensionis
2787 1679 3087 1732 occurretis
3118 1678 3191 1744 ei,
3226 1694 3326 1734 nec
3357 1691 3413 1734 ut
3437 1692 3602 1750 petrae

2038 1764 2223 1820 ruinae.
2251 1764 2367 1819 Duo
2395 1767 2675 1821 censtituit
2698 1769 2749 1821 in
2786 1768 2879 1823 illo
2917 1785 3107 1840 magna
3140 1786 3203 1829 ac
3236 1774 3455 1826 eximia.
3486 1773 3603 1827 Pri-

362 1865 491 1933 παρ⁵
522 1864 869 1932 ὑμῖν.Ἐσται
912 1862 1020 1932 γὰρ
1050 1860 1221 1924 οὕτως
1259 1861 1387 1930 ὑμῖν
1423 1860 1685 1929 ἁγίασμα,
1718 1858 1810 1911 καὶ
1840 1859 1937 1927 ούχ

2051 1871 2181 1908 mum
2211 1858 2442 1911 etenim:
2473 1858 2862 1922 Sanctiﬁcabit,
2892 1863 3085 1931 inquit,
3116 1864 3324 1934 voslqui
3360 1865 3602 1931 creditis,

363 1953 438 2017 ὡς
485 1953 631 2007 λίθου
666 1951 1047 2024 προσκόμματι
1089 1952 1444 2021 συναντήσετε
1494 1948 1660 2018 αὐτῷ,
1697 1948 1817 2002 οὐδὲ
1865 1948 1939 2013 ὡς

364 2046 569 2115 πέτρας
598 2044 869 2113 πτώματι.
900 2042 1002 2095 Δύο
1035 2041 1247 2112 τίθησιν
1296 2044 1353 2094 ὲν
1403 2040 1550 2112 αὑτῷ
1597 2040 1807 2112 μεγάλα
1848 2041 1940 2094 καὶ

363 2136 635 2205 ἐξαίρετα.
662 2134 882 2205 Πρῶτον
911 2134 1007 2205 μὲν
1028 2134 1157 2201 γὰρ,
1183 2133 1420 2201 ἁγιάσει,
1445 2134 1625 2204 φησὶν,
1653 2134 1793 2205 ὑμᾶς
1813 2134 1940 2196 τοὺς

364 2227 740 2290 πιστεύοντας,
774 2228 869 2279 καὶ
899 2228 1159 2297 μετόχους
1184 2227 1452 2292 ἀποφανεῖ
1470 2225 1567 2296 τῆς
1598 2225 1744 2287 θείας
1773 2224 1937 2277 αὑτοῦ

365 2317 579 2386 φύσεως
602 2317 689 2370 διὰ
716 2317 808 2370 τοῦ
832 2317 988 2385 ἁγίου
1019 2316 1331 2387 Πνεύματος
1349 2330 1363 2343 ·
1394 2314 1698 2386 κερδανεῖτε
1718 2315 1775 2368 δὲ
1802 2316 1941 2385 πρὸς

363 2409 559 2479 τούτῳ,
588 2409 650 2463 τὸ
681 2412 817 2481 μήτε
846 2409 922 2472 ὡς
951 2408 1104 2479 λίθῳ,
1143 2409 1280 2479 μήτε
1326 2406 1433 2479 μὴν
1472 2406 1546 2470 ὡς
1581 2407 1755 2478 πέτρᾳ
1783 2424 1941 2461 σκαν-

364 2503 523 2558 δάλου
572 2503 983 2575 περιπεσεῖν.Ὂ
1025 2502 1089 2570 δὴ
1140 2502 1235 2554 καὶ
1283 2499 1612 2553 πεπόνθασιν
1638 2500 1686 2551 οἱ
1716 2498 1942 2560 τάλανες

379 2597 616 2649 Ἰουδαῖοι
639 2596 728 2650 διὰ
760 2595 959 2666 πολλὴν
992 2594 1132 2662 ἄγαν
1162 2592 1401 2665 ἀμαθίαν
1436 2591 1715 2660 λέγοντες·
1751 2590 1942 2660 Ἠμεῑς

366 2687 587 2757 οἴδαμεν
625 2688 705 2741 ὅτι
750 2689 920 2758 Μωσῇ
957 2686 1249 2755 λελάληκεν
1286 2686 1315 2737 ό
1342 2682 1501 2746 Θεός·
1541 2681 1727 2735 τοῦτον
1759 2680 1815 2734 δὲ
1841 2683 1942 2736 οὐκ

366 2778 587 2848 οἴδαμεν
626 2779 786 2831 πόθεν
816 2779 983 2832 ἐστίν.
1005 2777 1211 2831 Οὐκοῦν
1239 2774 1535 2845 ἐπειδήπερ
1567 2771 1687 2825 οὔτε
1713 2772 1941 2843 ἠγίασαν

2044 1958 2099 2003 ει
2154 1948 2442 2017 participes
2496 1950 2681 2005 reddet
2733 1965 2828 2005 vos
2884 1951 3081 2008 divinat
3129 1968 3238 2009 suae
3274 1963 3475 2010 naturae
3509 1971 3605 2026 per

2043 2048 2287 2095 sanctum
2318 2040 2574 2111 Spiritum
2604 2058 2617 2094 :
2650 2050 2810 2111 atque
2842 2044 2943 2099 hoc
2986 2060 3196 2115 quoque
3232 2047 3363 2101 lucri
3396 2047 3601 2108 alIeret.

2044 2144 2104 2189 ut
2144 2151 2243 2191 nec
2268 2137 2411 2192 velut
2462 2138 2514 2192 in
2557 2138 2807 2208 lapidem,
2839 2154 2938 2194 nec
2990 2140 3122 2193 utin
3174 2148 3379 2208 petram
3437 2140 3595 2196 oﬂen-

2046 2227 2213 2283 sionis
2270 2229 2537 2285 incidatis.
2572 2228 2725 2296 Quod
2758 2230 2972 2285 miseris
3021 2229 3226 2287 Judais
3258 2232 3456 2287 accidit
3482 2249 3607 2302 pro-

2046 2325 2167 2386 pter
2190 2318 2514 2390 singularem
2548 2322 2839 2387 inscitiam,
2868 2338 2989 2375 cum
3016 2324 3204 2377 aiunt:
3246 2323 3385 2380 «Nos
3408 2327 3607 2380 scimus

2046 2406 2176 2462 Mosi
2200 2409 2435 2465 locutum
2462 2426 2582 2466 esse
2609 2412 2796 2477 Deum,
2825 2413 2967 2467 hunc
3002 2427 3131 2467 vero
3170 2415 3436 2470 nescimus
3468 2420 3608 2471 unde

2047 2502 2116 2554 sit
2138 2500 2234 2555 θ’.»
2280 2500 2443 2556 Proin
2481 2518 2603 2557 cum
2640 2518 2761 2557 eum
2797 2518 2895 2558 nec
2922 2513 3107 2559 sancte
3135 2507 3391 2571 colerent,
3431 2524 3528 2563 nec
3558 2510 3608 2563 ei

2048 2596 2271 2648 credere
2342 2594 2557 2660 vellent,
2616 2597 3057 2651 sanctiﬁcationis
3104 2600 3323 2653 omnino
3362 2609 3611 2669 expertes

2046 2687 2392 2749 exstiterunt,
2434 2696 2488 2741 et
2515 2687 2749 2757 prolapsi
2781 2698 3031 2759 tauquam
3075 2691 3141 2745 ad
3171 2690 3400 2759 lapidem
3444 2692 3612 2761 impe-

2048 2784 2256 2846 geruut,
2290 2778 2646 2847 omnibusque
2676 2780 2728 2832 in
2771 2781 2923 2835 malis
2949 2782 3148 2836 versati
3186 2794 3329 2836 sunt.

370 2873 551 2934 αὑτὸν,
592 2874 714 2927 οὔτε
760 2874 866 2944 μὴν
898 2874 1086 2944 ἤθελον
1118 2872 1204 2925 ἐπ’
1231 2869 1377 2939 αὐτῷ
1407 2869 1743 2932 πεποιθέναι,
1806 2871 2147 2941 μεμενήκασι
2206 2871 2306 2941 μὲν
2363 2872 2638 2943 ἁγιασμοῦ
2670 2876 2947 2939 παντελῶς
3002 2877 3279 2948 ἀμέτοχοι,
3312 2880 3605 2949 προσπταί-

371 2985 562 3032 σαντες
594 2968 651 3020 δὲ
685 2968 759 3032 ὠς
788 2967 920 3037 λίθῳ
947 2966 1290 3030 πεπτώκασι,
1321 2964 1415 3018 καὶ
1434 2965 1492 3017 ὲν
1514 2964 1676 3016 παντὶ
1695 2963 1949 3031 γεγόνασι
1983 2963 2160 3036 κακῷ.

449 3056 511 3112 ⁸0
626 3055 774 3120 οῗκος
812 3057 1003 3113 Ἰακὼϐ
1050 3058 1108 3109 ὲν
1150 3056 1358 3125 παγίδι,
1389 3054 1483 3110 καὶ
1525 3056 1582 3106 ἐν
1623 3053 1945 3123 κοιλάσματι

2124 3056 2285 3110 Vens.
2324 3056 2412 3121 15,
2446 3056 2532 3110 16.
2578 3057 2770 3112 Domus
2808 3058 2973 3114 Jacob
2992 3062 3047 3115 in
3076 3062 3285 3129 laqueo,
3312 3072 3361 3115 et
3392 3064 3445 3116 in
3467 3064 3615 3118 volu-

370 3150 741 3221 ἐγκαθήμενοι
768 3152 824 3202 ἐν
871 3148 1229 3220 Ἰερουσαλήμ
1248 3163 1263 3178 ·
1288 3146 1376 3200 διὰ
1407 3145 1564 3199 τοῦτο
1591 3145 1951 3214 ἀδυνατήσου-

374 3261 459 3296 σιν
496 3245 552 3295 ὲν
586 3242 769 3304 αὐτοῖς
807 3240 1012 3306 πολλοὶ,
1049 3241 1143 3293 καὶ
1189 3239 1479 3293 πεσοῦνται
1527 3237 1620 3291 καὶ
1664 3238 1951 3307 συντριϐή-

374 3350 576 3397 σονται,
624 3332 719 3386 καὶ
764 3331 1060 3400 ὲγγιοῦσιν,
1089 3330 1185 3385 καὶ
1229 3328 1527 3384 ἁλώσονται
1577 3328 1850 3398 ἄνθρωποι
1896 3331 1952 3382 ὲν

373 3425 643 3496 ἀσφαλείᾳ
684 3425 858 3488 ὄντες.
894 3424 1027 3477 Τότε
1066 3424 1289 3492 φανεροὶ
1317 3422 1529 3475 ἔσονται
1567 3421 1616 3473 oi
1656 3421 1952 3493 σφραγιζό-

380 3534 534 3589 μενοι
557 3516 649 3569 τὸν
676 3516 838 3584 νόμον
862 3514 956 3568 τοῦ
990 3514 1065 3585 μὴ
1092 3514 1306 3585 μαθεῖν.

476 3611 519 3663 Ο
552 3607 715 3675 σοφὸς
746 3606 850 3676 ἔφη
872 3606 1284 3676 Παροιμιαστής
1304 3620 1317 3634 ·
1352 3623 1371 3654 ‹
1400 3604 1515 3666 Υἱὲ,
1546 3603 1619 3675 μὴ
1651 3601 1893 3672 ζηλούτω
1919 3603 1953 3671 ἡ

378 3700 571 3772 καρδία
622 3716 719 3753 σου
768 3697 1143 3769 ἁμαρτωλοὺς,
1171 3694 1286 3750 ἀλλ’
1317 3697 1373 3748 ἐν
1419 3695 1567 3766 φόϐῳ
1610 3696 1814 3765 Κυρίου
1847 3694 1953 3751 ἴσθι

377 3792 506 3861 ὃλην
536 3792 635 3863 τὴν
663 3789 897 3861 ἡμέραν.
929 3808 948 3839 ι
991 3788 1199 3859 Πρέποι
1232 3787 1341 3855 γὰρ
1390 3786 1454 3839 ἀν
1492 3786 1619 3849 τούς
1647 3803 1710 3855 γε
1740 3785 1955 3855 ἀληθῶς

380 3883 732 3953 ἀρτίφρονας,
776 3880 852 3950 μὴ
892 3881 991 3950 τῆς
1041 3878 1151 3932 τῶν
1202 3878 1419 3945 φαύλων
1458 3876 1793 3947 σκαιότητος,
1823 3874 1957 3928 ἀλλὰ

380 3974 478 4044 τῆς
505 3974 613 4026 τῶν
646 3971 866 4040 ἀγαθῶν
892 3971 1190 4032 ἐπιεικείας
1228 3969 1480 4037 γενέσθαι
1524 3968 1785 4040 μιμητάς.
1815 3968 1957 4021 Οὐκ-

382 4062 474 4115 οῦν
522 4063 820 4133 ἐπειδήπερ
864 4063 976 4123 τοῖς
1023 4059 1199 4129 ἁγίοις
1242 4059 1594 4114 συνεϐούλευε
1653 4058 1954 4130 μαθηταῖς,

385 4151 630 4220 ἀγίασμα
666 4152 764 4220 μὲν
808 4149 1075 4203 ποιεῖσθαι
1103 4149 1357 4219 Χριστὸν,
1388 4148 1702 4202 πεποιθέναι
1730 4148 1784 4201 δὲ
1817 4147 1953 4218 μᾶλ-

384 4244 475 4297 λον
498 4245 584 4296 ἐπ’
614 4240 782 4312 αὐτῷ,
812 4241 905 4294 καὶ
932 4241 1027 4303 τὰς
1060 4239 1167 4294 τῶν
1199 4239 1501 4294 διωκόντων
1529 4239 1784 4302 ἀπονοίας
1804 4241 1957 4308 ἡγεῖ·

388 4334 509 4387 σθαι
533 4333 720 4403 μηδὲν,
753 4334 1169 4403 προσεπὴγαγεν
1196 4329 1527 4397 ἀναγκαίως,
1553 4329 1651 4382 ὅσα
1668 4345 1726 4380 τε
1756 4328 1846 4381 καὶ
1867 4323 1953 4380 οἷα

2055 3147 2201 3200 tabro
2237 3148 2470 3202 sedentes
2496 3150 2546 3202 in
2575 3147 2871 3203 Jerusalem
2895 3166 2914 3205 :
2939 3165 3206 3221 propterea
3235 3154 3429 3220 inﬁrmi
3462 3164 3615 3209 erant

2052 3240 2190 3290 inter
2218 3254 2304 3292 eos
2339 3239 2511 3304 multi,
2538 3249 2589 3294 et
2633 3242 2840 3304 cadent,
2890 3253 2937 3296 et
2976 3254 3329 3310 conterentur,
3353 3258 3398 3298 et
3421 3264 3614 3315 appro-

2052 3329 2400 3398 pinquabant,
2427 3338 2475 3384 et
2502 3332 2770 3398 capientur
2797 3332 3030 3387 homines
3068 3336 3123 3388 in
3156 3338 3435 3391 securitate
3472 3342 3614 3392 exsi-

2052 3435 2261 3479 strntes.
2279 3421 2425 3477 Tunc
2453 3423 2721 3493 manifesti
2736 3437 2884 3478 erant
2907 3426 2995 3492 qui
3012 3427 3223 3496 obsigna
3232 3436 3353 3483 ntur
3368 3429 3526 3499 legem
3557 3444 3612 3484 ιιι

2054 3530 2155 3567 non
2175 3515 2397 3568 discant.

2126 3602 2353 3673 Sapiens
2380 3605 2763 3662 Partemiastes
2799 3607 2933 3660 dixit
2964 3625 2978 3660 :
3019 3626 3037 3658 ι
3069 3608 3187 3671 Fili,
3235 3624 3299 3662 ne
3340 3611 3617 3666 :emnletnr

2054 3708 2149 3748 cor
2180 3704 2327 3749 tuum
2358 3707 2690 3764 peccatores,
2715 3700 2809 3753 sed
2837 3699 2889 3751 in
2914 3698 3105 3752 timore
3129 3699 3338 3754 Domini
3363 3711 3481 3756 esto
3504 3711 3618 3757 toto

2055 3786 2142 3840 die
2161 3787 2257 3839 ⁸⁸.»
2287 3785 2450 3842 Decet
2475 3789 2617 3841 enim
2655 3803 2781 3842 vere
2839 3789 3085 3844 cordatos
3118 3806 3220 3844 non
3257 3790 3621 3861 improbitatis

2057 3878 2431 3946 pessimorum,
2453 3879 2545 3933 sed
2572 3878 2856 3947 probitatis
2874 3878 3132 3932 bonorum
3157 3880 3455 3937 imitatores
3476 3898 3615 3939 esse.

2059 3966 2345 4036 Postquam
2383 3968 2560 4037 itaque
2594 3969 2794 4025 sanctis
2849 3969 3126 4039 discipulis
3151 3972 3322 4026 suasit
3347 3984 3404 4027 ut
3443 3975 3622 4029 colere

2057 4056 2332 4115 Christum
2360 4068 2602 4125 satagant
2632 4069 2837 4125 sancte,
2870 4060 2977 4114 imo
3010 4070 3067 4113 ut
3094 4061 3143 4114 in
3176 4062 3348 4130 ipsum
3378 4065 3623 4129 credant,

2059 4161 2114 4205 et
2170 4153 2402 4206 furorem
2467 4150 2622 4229 142
2652 4154 3086 4220 persequentium
3142 4155 3293 4209 nihili
3333 4156 3623 4225 astiment,

2059 4240 2237 4295 intulit
2270 4256 2429 4308 porro
2470 4241 2799 4304 necessario,
2851 4252 3051 4309 quanta
3107 4254 3161 4296 et
3208 4244 3386 4313 qualia
3431 4246 3624 4300 damna

2062 4336 2422 4407 immorigeris
2458 4336 2725 4391 accident.
2770 4335 2969 4390 Domus
2998 4338 3163 4400 enim,
3202 4339 3395 4403 inquit,
3432 4338 3623 4402 Jacob,

387 4427 496 4488 τοῖς
540 4424 785 4477 ἀπειθεῖν
834 4423 1129 4494 ᾑρημένοις
1181 4420 1517 4490 συμϐήσεται
1552 4419 1820 4489 βλάϐη.’0
1853 4420 1947 4488 γὰρ

2066 4427 2117 4482 id
2160 4435 2261 4492 est,
2295 4426 2485 4492 Judaei,
2524 4428 2755 4483 maxima
2811 4438 2864 4482 et
2923 4437 3177 4495 perpetua
3243 4438 3430 4483 contra
3471 4430 3630 4484 Chri-

388 4513 553 4580 οἷκος,
587 4516 742 4585 φησὶ,
772 4515 865 4567 τοῦ
904 4512 1117 4574 Ἰακὼϐ,
1152 4511 1296 4563 τοῦτ’
1328 4511 1493 4573 ἔστιν,
1512 4509 1768 4572 Ἰουδαῖοι,
1806 4509 1959 4562 πλεί⁹

393 4627 520 4679 στην
557 4626 615 4660 τε
669 4609 799 4674 ὅσην
834 4607 926 4659 καὶ
969 4604 1343 4676 ἀκατάληκτεν
1388 4603 1484 4673 τὴν
1538 4602 1678 4656 κατὰ
1724 4600 1958 4672 Χριστοῦ

392 4701 670 4763 νοσοῦντες
693 4700 969 4759 ἀπόνοιαν,
992 4696 1201 4749 ἔσονται
1229 4693 1605 4767 προσεοικότες
1634 4694 1745 4754 τοῖς
1770 4694 1827 4745 ὲν
1853 4708 1958 4744 πα-

395 4793 499 4860 γίδι
522 4791 822 4860 γεγονόσιν,
854 4790 948 4842 καὶ
970 4788 1388 4860 τεθηρευμένοις
1416 4788 1496 4847 εἰς
1525 4783 1841 4855 ὄλεθρον.Ἢ
1864 4782 1960 4835 καὶ

392 4886 501 4943 τοῖς
538 4886 595 4936 ἐν
626 4882 970 4951 κοιλάσμασι,
999 4880 1139 4933 τοῦτ’
1172 4878 1309 4941 ἐστι,
1345 4879 1457 4939 τοῖς
1492 4876 1572 4939 εἰς
1605 4875 1793 4947 βόθρον
1832 4873 1959 4925 ὠλι-

397 4973 669 5045 σθηκότιν.
692 4973 904 5042 Ταύτης
927 4988 983 5024 τε
1016 4971 1179 5024 ἕνεκα
1201 4970 1300 5040 τῆς
1336 4968 1512 5029 αἰτίας
1540 4966 1960 5035 ἀδυνατήσουσιν

395 5069 450 5118 ὲν
480 5067 661 5128 αὐτοῖς
685 5064 890 5122 πολλοὶ.
921 5064 1014 5119 καὶ
1039 5061 1351 5123 πεσοῦνται,
1374 5059 1468 5117 καὶ
1495 5056 1961 5127 συντριϐήσονται,

396 5160 489 5211 καὶ
527 5155 819 5224 ὲγγιοῦσιν,
846 5154 987 5207 τοῦτ’
1025 5153 1189 5217 ἐστιν,
1219 5151 1383 5219 ἐγγὺς
1410 5150 1619 5205 ἔσονται
1650 5147 1743 5201 nati.
1767 5146 1829 5198 οὐ
1864 5161 1967 5215 μα-

399 5250 535 5317 κρὰν
579 5247 676 5300 τοῦ
717 5244 1101 5300 κατασίνεσθαι
1129 5239 1714 5312 πεφυκότος.Ἐσονται
1741 5238 1849 5309 γὰρ
1876 5237 1968 5288 ἀν-

402 5340 579 5410 ίσχυες
611 5339 707 5393 καὶ
733 5337 1199 5407 συντετριμμένος,
1222 5336 1315 5388 καὶ
1340 5337 1449 5397 τοῖς
1482 5331 1802 5402 πολεμοῦσιν
1825 5328 1968 5383 ἁλώ-

402 5446 563 5500 σιμοι.
596 5431 706 5483 Καὶ
729 5428 884 5482 τοῦτο
907 5423 973 5499 ἦν
1000 5428 1109 5499 ἄρα
1130 5426 1193 5479 τὸ
1223 5425 1310 5479 διὰ
1332 5424 1517 5494 φωνῆς
1540 5423 1815 5494 προφήτου
1841 5421 1969 5491 περὶ

401 5522 578 5574 αὐτῶν
626 5521 912 5592 εἰρημένον
960 5519 1065 5572 ὑπὸ
1109 5515 1265 5571 Θεοῦ.
1308 5516 1438 5571 Ἰδοὺ
1484 5514 1595 5583 ἐγὼ
1637 5514 1827 5584 δίδωμι
1878 5514 1971 5567 ἐπὶ

402 5615 494 5669 τὸν
515 5615 640 5667 λαὸν
663 5613 850 5666 τοῦτον
884 5610 1167 5664 ἀσθένειαν
1187 5627 1200 5641 ·
1240 5610 1333 5671 καὶ
1362 5608 1745 5679 ἀσθενήσουσιν
1783 5608 1840 5659 ὲν
1872 5606 1971 5658 a6-

479 5770 697 5826 "Juan.
723 5785 798 5826 ix.
826 5767 912 5820 16.
988 5767 1030 5798 ⁶¹
1057 5764 1211 5819 Joan.
1240 5780 1317 5825 ix,
1342 5764 1433 5818 ‘29.
1509 5765 1551 5795 ⁶²
1575 5762 1732 5819 Prov.
1760 5774 1918 5826 χχιιι,
1942 5757 2028 5812 l7.

726 5864 997 5924 PATBOL.
1048 5860 1166 5920 Gn.
1215 5858 1392 5919 LXX.

2065 4526 2206 4573 stum
2248 4524 2586 4573 contumacia
2639 4518 2791 4588 quasi
2829 4520 3016 4571 morbo
3068 4519 3628 4579 laborantes,similes

2066 4618 2223 4663 erunt
2256 4609 2339 4663 his
2378 4612 2467 4678 qui
2522 4607 2707 4676 laqueo
2746 4617 3017 4672 tenentur,
3054 4617 3109 4663 et
3139 4610 3418 4679 capientur
3450 4610 3516 4662 ad
3549 4611 3633 4663 in-

2066 4702 2305 4764 teritum,
2338 4701 2419 4753 vel
2446 4699 2529 4755 his
2580 4701 2668 4768 qui
2702 4710 2825 4754 sunt
2866 4700 2916 4752 in
2967 4700 3267 4764 volutabro,
3299 4701 3349 4753 id
3394 4710 3497 4765 est,
3538 4703 3630 4769 qui

2061 4789 2463 4859 praecipitantur
2512 4790 2563 4843 in
2609 4788 2837 4844 foveam.
2870 4787 3018 4845 Hanc
3033 4793 3103 4849 ob
3123 4807 3236 4847 rem
3259 4789 3632 4846 inﬁrtniernut

2065 4882 2203 4934 inter
2228 4895 2320 4935 eos
2369 4879 2542 4944 multi,
2583 4888 2639 4935 et
2676 4881 2867 4933 cadent
2916 4889 2971 4937 et
3013 4889 3383 4945 conterentur,
3417 4891 3474 4936 et
3532 4896 3630 4951 ap.

2066 4970 2519 5040 propinquabnnt,
2574 4970 2624 5024 id
2672 4978 2774 5032 est,
2807 4969 2945 5021 haud
2980 4968 3166 5037 procul
3195 4979 3354 5024 erunt
3397 4986 3427 5025 a
3467 4985 3629 5031 noxa.

2068 5060 2239 5115 Erunt
2262 5062 2403 5114 enim
2427 5061 2628 5115 debiles
2648 5068 2698 5113 et
2732 5059 2924 5126 attriti,
2947 5046 3002 5117 et
3040 5075 3068 5113 a
3094 5060 3439 5115 bellatoribus
3463 5063 3626 5131 capti.

2070 5151 2233 5221 idque
2267 5152 2516 5210 nimirmn
2552 5167 2683 5205 voce
2719 5152 2992 5220 prophette
3020 5152 3088 5206 de
3120 5151 3223 5206 illis
3253 5153 3456 5208 dictum
3487 5164 3570 5208 est
3602 5171 3632 5210 a

2075 5244 2202 5299 Deo:
2238 5243 2374 5298 Ecce
2402 5258 2499 5313 ego
2521 5242 2589 5298 do
2615 5258 2775 5312 super
2806 5243 3054 5315 populum
3099 5246 3241 5302 hunc
3281 5247 3632 5313 debilitatem,

2073 5345 2125 5389 et
2156 5334 2578 5389 debilitabuntur
2626 5336 2676 5388 in
2723 5334 2814 5389 illo
2843 5344 3024 5403 patres
3050 5343 3105 5390 et
3143 5335 3237 5391 lilii
3264 5338 3445 5403 simul,
3468 5348 3523 5396 et
3563 5342 3637 5393 vi—

2075 5423 2226 5478 ciuus
2244 5432 2295 5477 et
2334 5423 2609 5493 proximus
2643 5423 2759 5490 ejus
2795 5425 3068 5494 peribunt,
3102 5426 3228 5483 licet
3255 5428 3346 5497 qui
3397 5430 3453 5483 in
3483 5430 3636 5484 Chri-

2074 5523 2159 5567 sto
2184 5514 2351 5568 vocati
2370 5523 2495 5568 sunt
2525 5514 2589 5567 ad
2610 5514 3115 5582 sanctiﬁcationem,
3142 5531 3247 5572 non
3273 5520 3351 5574 sic
3378 5519 3632 5574 habeant.

2079 5604 2262 5659 Robur
2293 5606 2436 5659 enim
2467 5617 2520 5660 et
2556 5606 2672 5661 laus
2707 5619 2891 5661 eorum
2913 5607 3194 5677 Dominus,
3230 5611 3383 5679 juxta
3414 5611 3464 5666 id
3492 5613 3634 5683 quod

3303 5844 3337 5903 8
