4152 6366
497 343 605 401 235
1448 334 1508 390 S.
1545 330 1823 389 CYRILLI
1863 326 2338 384 ALEXANDRINI
2374 326 2690 385 ARCHIEP.
3640 322 3748 370 236

501 467 766 533 scriptum
811 468 913 525 est.
983 454 1342 512 Confirmabit
1385 464 1565 507 autem
1614 450 1827 506 divinus
1875 448 2070 502 Paulus

2186 450 2284 511 τοῖς
2345 448 2581 520 πατέρες
2636 449 2727 501 καὶ¹
2776 447 2879 501 υἱοὶ
2937 445 3074 517 ἅμα.
3134 445 3337 499 Γείτων
3376 441 3472 496 καὶ
3525 437 3750 508 πλησίον

501 559 688 614 dicens
718 571 732 606 :
764 550 987 607 «Omnia
1039 563 1256 620 possum
1284 547 1339 599 in
1368 545 1586 600 Christo
1619 543 1711 614 qui
1751 541 2069 597 corroborat

2186 538 2333 591 ιύτοῦ
2356 538 2678 592 ἀπολοῦνται
2700 555 2714 569 ·
2748 536 2924 591 καίτοι
2942 536 3049 590 τῶν
3078 536 3135 589 ἐν
3157 533 3378 607 Χριστῷ
3400 527 3754 598 κεκλημένων

504 664 592 703 me
623 648 724 700 ⁸³.»
759 615 1057 714 Capientur
1113 654 1261 709 ergo,
1298 638 1494 706 inquit.
1551 635 1644 706 qui
1680 651 1784 689 non
1841 634 2068 687 credunt

2186 633 2250 695 είς
2283 630 2551 700 ἁγιασμδν
2588 631 2687 700 οὐχ
2715 624 2817 685 ὧδε
2848 628 3292 700 ἐχόντων.’ῐσχὺς
3319 625 3428 695 γὰρ
3450 620 3627 675 αὐτῶν
3660 615 3754 669 καὶ

505 737 754 793 homines
783 736 837 789 in
891 732 1179 787 securitate
1221 729 1563 783 exsistentcs.
1598 726 1867 792 Quantum
1927 723 2070 777 enim

2186 723 2406 795 ὃμνησις
2444 726 2472 776 6
2517 723 2737 794 Κύριος,
2765 723 2907 776 κατὰ
2938 722 3000 774 τὸ
3041 717 3446 791 γεγραμμένον.
3504 710 3613 764 Καὶ
3666 724 3755 760 πι-

506 834 714 900 spectat
739 825 806 879 ad
845 839 1133 894 supernum
1166 821 1423 875 auxilium
1462 819 1604 889 quod
1655 817 1906 873 lsraelitis
1928 830 2072 868 sem-

2176 818 2439 872 στώσεται
2463 817 2638 885 λέγων
2669 820 2697 870 6
2726 816 3010 879 θεσπέσιος
3039 814 3250 875 Παῦλος
3270 828 3283 841 ·
3320 830 3337 861 ι
3373 807 3557 861 Πάντα
3587 800 3756 871 ίσχύω

507 894 605 991 per
638 916 827 983 adfuit,
861 917 948 969 vix
985 914 1100 983 capi
1130 918 1379 983 poterant
1412 920 1504 964 aut
1548 907 1843 978 expugnati
1878 907 1945 961 ab
1972 906 2076 960 Eui—

2186 914 2232 967 ἐν
2255 912 2332 981 τῷ
2371 910 2753 981 ἐνδυναμοῦντί
2786 928 2853 980 με
2895 907 3133 979 Χριστῷ.
3165 926 3183 957 ι
3220 902 3545 958 Ἀλώσονται
3579 894 3754 950 τοίνυν

510 1010 689 1075 micis,
750 1007 864 1062 sive
901 1004 1255 1076 aspectabiles
1286 1003 1360 1057 illi
1404 1011 1607 1067 essent,
1638 1001 1751 1055 sive
1773 1001 2074 1068 inaspecta-

509 1100 662 1156 biles.
688 1099 833 1153 Dixit
855 1098 997 1152 enim
1024 1096 1219 1151 alicubi
1252 1094 1391 1149 Deus
1408 1095 1473 1148 de
1494 1093 1822 1147 Jerusalem:
1860 1091 1954 1145 «Et
1980 1104 2078 1160 ego

506 1206 602 1247 ero
628 1190 758 1256 illi,»
786 1190 917 1244 dicit
939 1187 1218 1253 Dominus,
1244 1202 1461 1240 «murus
1479 1185 1615 1255 ignis
1639 1185 2077 1253 circumquaque,

512 1294 569 1339 et
608 1286 661 1338 in
710 1282 936 1354 gloriam
981 1295 1077 1336 ero
1109 1282 1162 1333 in
1196 1279 1372 1334 medio
1404 1276 1634 1345 ejus“.i
1674 1276 1937 1331 Caeterum
1990 1276 2077 1330 tibi

512 1379 867 1447 impegerunt,
902 1385 955 1429 et
1005 1374 1056 1426 in
1107 1371 1379 1427 Christum
1411 1369 1754 1424 temulentius
1778 1369 2082 1424 deblatera-

508 1478 656 1534 ruut,
679 1467 824 1522 omni
857 1465 1155 1521 munitione
1186 1474 1240 1518 et
1265 1462 1577 1518 defensioue
1606 1472 1714 1515 tam
1740 1458 2079 1530 intelligibili,

509 1573 670 1628 quam
689 1556 931 1611 sensibili
957 1553 1194 1609 destituti
1214 1552 1521 1621 desertique
1552 1552 1603 1605 in
1629 1549 1824 1603 mundo
1863 1550 2079 1618 degunt.

510 1651 591 1705 Ad
624 1648 759 1703 alios
787 1646 954 1711 enim,
985 1646 1036 1698 id
1059 1654 1164 1711 est,
1191 1644 1255 1697 ad
1283 1654 1470 1713 gentes
1496 1643 1748 1712 migravit
1780 1641 2084 1699 Servatoris

509 1740 703 1813 gratia.
728 1759 747 1791 ι
771 1739 937 1793 Erunt
966 1738 1180 1806 quidem
1211 1746 1359 1802 tunc,
1388 1754 1405 1786 ι
1434 1735 1627 1803 inquit.
1661 1752 1679 1785 ι
1702 1734 1966 1789 manifesti
1993 1737 2082 1806 qui

2174 1008 2225 1060 οί
2254 1005 2629 1070 ἀπιστοῦντες,
2666 1005 2849 1075 φησὶν,
2880 1002 3157 1074 ἄνθρωποι
3194 1000 3252 1053 ἐν
3285 992 3553 1065 ἀσφαλείᾳ
3581 990 3752 1050 ὄντες.

2180 1098 2343 1150 Ὅσον
2376 1096 2474 1165 μὲν
2516 1094 2625 1165 γὰρ
2656 1090 2793 1167 ἧκεν
2824 1095 2903 1157 εὶς
2934 1091 3030 1163 τὴν
3059 1088 3263 1145 ἄνωθεν
3300 1082 3619 1154 ἐπικουρίαν
3658 1078 3757 1147 τὴν

2179 1189 2498 1261 ὑπάρξασαν
2520 1188 2607 1241 ἀεὶ
2632 1190 2746 1250 τοῖς
2774 1186 2833 1252 ἐξ
2870 1183 3106 1256 Ἰσραὴλ,
3135 1178 3397 1236 ἀνάλωτοί
3426 1191 3569 1237 τινες
3590 1168 3753 1261 ἦσαν,

2180 1258 2810 1348 καὶ-δυσκαταμάχητοι
2859 1277 2970 1337 τοῖς
3021 1273 3254 1344 ἐχθροῖς,
3302 1268 3514 1339 ὁρατοῖς
3552 1279 3611 1315 τε
3659 1258 3757 1312 καὶ⁸

2181 1372 2606 1444 ἀοράτοις.¹¹Εφη
2638 1371 2744 1439 γάρ
2769 1386 2869 1422 που
2903 1367 3032 1429 Θεὸς
3062 1364 3189 1434 περὶ
3227 1363 3328 1431 τῆς
3364 1354 3718 1429 Ἰερουσαλήμ
3737 1366 3753 1383 ⁸

2189 1484 2206 1517 ι
2237 1466 2347 1518 Καὶ
2392 1463 2502 1532 ἐγὼ
2534 1463 2725 1532 ἔσομαι
2768 1462 2905 1531 αὐτῇ
2960 1458 3108 1527 λέγει
3152 1455 3353 1526 Κύριος
3381 1453 3557 1521 τεῖχος
3588 1444 3759 1516 πυρὸς

2187 1556 2462 1622 κυκλόθεν,
2494 1555 2588 1609 καὶ
2637 1555 2716 1617 εἰς
2763 1553 2918 1618 δόξαν
2967 1551 3156 1620 ἔσομαι
3206 1549 3262 1600 ἐν
3311 1544 3461 1615 μέσῳ
3504 1538 3697 1608 αὐτῆς·
3731 1552 3753 1587 ³

2198 1645 2415 1717 Ἐπειδὴ
2435 1645 2491 1697 δὲ
2516 1643 3019 1715 προσκεκρούκασιν
3041 1633 3493 1709 ἐμπαροινοῦντες
3514 1624 3757 1717 Χριστῷ,

2187 1737 2367 1807 πάσης
2405 1715 2705 1803 όισφαλείας
2753 1733 2969 1804 ἔρημοι,
3000 1727 3196 1799 νοητῆς
3248 1741 3307 1777 τε
3359 1722 3451 1776 καὶ
3496 1715 3760 1807 αἰσθητῆς

510 1805 859 1904 obsignantur
883 1832 1049 1901 legem
1075 1843 1142 1883 ne
1172 1830 1399 1884 discant.
1426 1846 1446 1879 ι
1472 1827 1540 1881 Ει
1562 1827 1611 1880 hi
1634 1826 1851 1896 quinam
1872 1805 2081 1881 tandem

2186 1805 2516 1882 διατελοῦσιν
2559 1827 2615 1880 ἐν
2662 1827 2869 1895 κόσμῳ.
2902 1819 3352 1888 Μεταπεφοίτηκε
3380 1813 3487 1883 γὰρ
3526 1811 3605 1872 είς
3643 1805 3761 1860 ἐτέ-

513 1924 683 1980 sunt?
722 1923 823 1991 Qui
851 1924 902 1976 in
932 1922 1150 1977 Christo
1164 1919 1413 1974 videlicet
1430 1928 1485 1972 et
1512 1919 1687 1972 vocati
1703 1918 2085 1973 etsanctiﬁcati

514 2032 611 2087 per
674 2015 956 2086 Spiritum,
1015 2028 1043 2066 a
1106 2014 1299 2082 quibus
1358 2012 1487 2066 illud
1542 2020 1664 2081 apte
1712 2010 1813 2065 dici
1862 2019 2083 2080 posset:

519 2128 539 2161 ι
556 2108 839 2178 Signatum
854 2114 1110 2174 estsuper
1126 2118 1223 2157 nos
1240 2103 1418 2156 lumen
1437 2102 1613 2156 vultus
1628 2101 1726 2165 tui,
1744 2101 2048 2155 Domine”.
2062 2119 2080 2153 ι

514 2200 697 2272 Imago
722 2199 919 2270 quippe
948 2206 1004 2253 et
1029 2196 1325 2251 similitudo
1351 2204 1404 2250 et
1428 2204 1682 2264 tanquam
1708 2191 1875 2247 facies
1903 2192 1995 2247 Dei
2033 2202 2088 2247 et

511 2293 691 2352 Patris
711 2300 799 2347 est
822 2290 1012 2346 Filius.
1033 2288 1236 2343 Lumen
1254 2298 1431 2341 autem
1459 2287 1525 2339 ab
1545 2285 1632 2340 illo
1658 2286 1708 2339 in
1732 2299 1827 2340 nos
1841 2285 2085 2352 missum,

512 2397 597 2443 est
649 2384 882 2456 Spiritus
912 2390 1131 2438 sanctus
1166 2395 1261 2450 per
1292 2392 1451 2448 quem
1494 2378 1843 2448 obsignamur
1871 2377 1936 2431 ad
1978 2377 2088 2445 pri-

514 2495 658 2536 mam
681 2475 972 2548 imaginem
992 2472 1271 2528 reformati
1292 2486 1386 2541 per
1406 2469 1909 2525 sanctificationem.
1935 2467 2087 2523 Facti

513 2568 658 2623 enim
674 2581 860 2622 sumus
872 2565 937 2618 ad
953 2565 1240 2633 imaginem
1257 2560 1728 2616 etsimilitudinem
1753 2559 1840 2614 Dei
1860 2559 1949 2629 qui
1969 2574 2089 2613 cou-

513 2660 670 2715 didit.
706 2657 947 2712 Evadent
972 2654 1133 2726 igitur
1168 2654 1220 2707 in
1252 2650 1767 2718 manifestationetu,
1810 2651 2001 2720 inquit,
2034 2650 2088 2705 id

515 2761 621 2817 est,
651 2750 887 2820 insignes
908 2759 962 2802 et
977 2748 1084 2801 Deo
1100 2745 1390 2808 notissimi,
1408 2754 1463 2799 et
1490 2745 1541 2797 in
1561 2743 1716 2815 143
1736 2745 1935 2798 mundo
1957 2758 2089 2798 con-

515 2844 707 2915 spicui,
726 2842 818 2913 qui
836 2852 1024 2896 sancto
1038 2834 1237 2909 Spiritu
1251 2837 1515 2907 obsignati
1529 2848 1674 2901 sunt,
1694 2845 1865 2891 utnon
1877 2835 2089 2890 discant

518 2939 710 3007 legem.
733 2933 981 3003 Nunquid
1020 2932 1183 3001 igitur
1207 2930 1594 2985 abstinebimus
1614 2945 1641 2983 a
1661 2930 1893 2984 lectione
1920 2928 2090 2999 legis?

516 3030 678 3100 Atqui
698 3026 1113 3093 sicintelligere,
1130 3026 1311 3093 quidni
1334 3025 1585 3079 inscitum
1605 3025 1675 3078 sit
1701 3035 1756 3078 et
1773 3023 2084 3087 absurdum,

517 3139 640 3179 cum
660 3123 798 3178 Deus
815 3122 958 3177 dicat
978 3121 1262 3190 perspicue
1283 3132 1298 3172 :
1323 3136 1341 3169 ι
1366 3117 1654 3188 Propterea
1683 3117 1872 3185 loquor
1898 3115 2084 3170 vobis:

2192 1920 2338 1990 ρους,
2371 1917 2516 1972 τοῦτ’
2533 1917 2669 1979 ἔστι,
2690 1917 2816 1978 τοὺς
2837 1914 2896 1979 ἐξ
2927 1913 3143 1981 ἐθνῶνὴ
3172 1908 3264 1963 τοῦ
3293 1906 3557 1970 σώζοντος
3577 1902 3758 1971 χάρις.

2146 2008 2147 2011 “
2192 2015 2444 2067 Ἔσονται
2494 2010 2551 2063 δὲ
2598 2010 2718 2063 τότε
2770 2008 2933 2079 φησὶν
2974 2001 3217 2072 φανεροὶ,
3251 2002 3300 2053 οἱ
3336 1993 3759 2067 σφραγιζόμενοι

2187 2106 2277 2160 τὸν
2324 2104 2487 2173 νόμον
2526 2101 2621 2155 τοῦ
2671 2100 2746 2172 μὴ
2796 2099 3007 2170 μαθεῖν.
3050 2096 3159 2148 Καὶ
3203 2093 3346 2154 τίνες
3379 2090 3443 2143 ἂν
3472 2084 3581 2140 εἷεν
3613 2079 3761 2137 οὗτοι

2189 2199 2383 2264 πάλιν;
2413 2197 2476 2250 Ol
2518 2196 2576 2248 ἐν
2607 2192 2827 2265 Χριστῷ
2862 2190 3102 2263 δηλονότι
3133 2182 3537 2253 δεδικαιωμένοι
3569 2197 3629 2232 τε
3669 2177 3763 2229 καὶ

2188 2288 2509 2362 ἡγιασμένοι
2537 2285 2624 2337 διὰ
2651 2284 2744 2337 τοῦ
2774 2282 3116 2351 Πνεύματος·
3151 2272 3229 2338 οἷς
3268 2274 3334 2328 ἂν
3363 2270 3653 2362 ἁρμόσειεν
3685 2266 3763 2316 εί-

2189 2356 2381 2434 πεϊψι
2430 2373 2769 2446 Ἐσημειώθη
2800 2373 2883 2441 ἐφ’
2912 2371 3062 2442 ἡμᾶς
3087 2368 3147 2420 τὸ
3192 2364 3303 2435 φῶς
3349 2364 3443 2415 τοῦ
3473 2356 3763 2430 προσώπου

2192 2490 2306 2536 σου,
2344 2469 2537 2541 Κύριε.
2568 2489 2586 2520 ι
2619 2466 2797 2521 Είκὼν
2824 2464 2922 2537 μὲν
2949 2464 3057 2534 γὰρ
3082 2461 3174 2515 καὶ
3199 2459 3455 2529 ὁμοίωσις
3489 2454 3582 2509 καὶ
3603 2452 3764 2507 οἱονεὶ

2190 2562 2478 2634 πρόσωπον
2509 2558 2603 2612 τοῦ
2638 2557 2772 2611 Θεοῦ
2808 2556 2901 2609 καὶ
2930 2554 3143 2625 Πατρὸς
3168 2552 3196 2602 6
3229 2549 3374 2608 Υἱός.
3397 2546 3516 2608 Φῶς
3535 2546 3591 2598 δὲ
3622 2543 3683 2596 τὸ
3706 2542 3765 2607 ἐξ

2189 2656 2355 2713 αὑτοῦ
2390 2653 2741 2725 πεμπόμενον
2772 2651 2850 2713 εὶς
2877 2649 3026 2719 ἡμᾶς
3064 2647 3123 2698 τὸ
3153 2642 3373 2712 Πνεῦμα
3404 2638 3463 2692 τὸ
3498 2639 3670 2706 ἆγιον,
3695 2637 3762 2688 δι’

2186 2745 2247 2802 οὗ
2269 2742 2789 2815 κατεσφραγίσμεθα
2808 2740 2941 2811 πρὸς
2962 2738 3143 2791 εἰκόνα
3165 2735 3264 2805 τὴν
3284 2730 3504 2802 πρώτην
3526 2731 3765 2797 ἀναμορ-

2190 2840 2446 2912 φούμενοι
2484 2837 2547 2890 δι’
2578 2833 2865 2905 ἁγιασμοῦ.
2904 2826 3253 2901 Πεποιήμεθα
3301 2826 3402 2895 γὰρ
3436 2823 3557 2875 κατ’
3578 2820 3763 2873 εἰκόνα

2189 2932 2282 2984 καὶ
2330 2930 2586 2999 ὁμοίωσιν
2630 2925 2724 2978 τοῦ
2779 2923 3063 2984 κτίσαντος
3117 2917 3537 2972 Θεοῦ.Ἐσονται
3583 2911 3762 2963 τοίνυν

2190 3024 2431 3095 φανεροὶ,
2462 3021 2614 3091 φησὶ,
2654 3017 2796 3072 τοῦτ’
2820 3016 2985 3077 ἔστιν,
3017 3013 3271 3083 ἐπίσημοι
3296 3008 3387 3062 καὶ
3415 3005 3534 3076 Θεῷ
3565 3020 3763 3073 γνωρι-

2193 3113 2451 3184 μώτατοι,
2477 3112 2571 3165 καὶ
2594 3111 2913 3180 διαπρεπεῖς
2934 3108 2991 3159 ἐν
3017 3104 3205 3173 κόσμῳ
3221 3119 3232 3130 ·
3265 3101 3314 3152 οἱ
3334 3097 3410 3168 τῷ
3430 3098 3569 3167 ἁγίῳ
3590 3111 3760 3148 κατα-

516 3215 705 3273 Omnis
719 3214 894 3270 scriba
918 3213 1110 3268 doctus
1127 3212 1178 3266 in
1198 3226 1363 3281 regno
1385 3210 1642 3266 calorum
1665 3210 1855 3264 similis
1881 3220 1967 3264 est
1992 3209 2085 3261 lto-

2194 3203 2614 3275 σφραγιζόμενοι
2661 3198 2957 3269 Πνεύματι,
2998 3193 3090 3247 τοῦ
3125 3192 3197 3263 μὴ
3231 3190 3421 3259 μαθεῖν
3453 3188 3544 3240 τὸν
3575 3186 3757 3256 νόμον.

517 3307 650 3363 mini
672 3305 846 3370 diviti,
869 3304 959 3374 qui
981 3304 1250 3373 depromit
1271 3318 1335 3358 ex
1362 3304 1617 3358 thesauro
1642 3317 1740 3356 suo
1759 3316 1895 3355 nova
1921 3312 1974 3356 et
1994 3315 2086 3355 ve-

517 3408 633 3454 tera
653 3396 754 3451 ⁸⁸.»
782 3394 967 3465 Itaque
988 3394 1130 3450 scire
1162 3393 1375 3462 quidem
1406 3392 1574 3463 legem
1605 3406 1710 3446 non
1736 3405 2044 3445 recusamus
2069 3407 2082 3443 :

515 3490 883 3546 atcavendum
908 3496 1084 3541 tamen
1106 3500 1172 3540 ne
1192 3486 1261 3540 ita
1284 3484 1540 3548 sciamus,
1564 3491 1688 3537 utet
1704 3482 1887 3537 vivere
1903 3482 2083 3551 cupia-

517 3594 637 3635 mus
662 3578 903 3650 legaliter
923 3585 977 3632 et
1000 3575 1241 3631 Judaice.
1269 3571 1384 3627 Non
1415 3573 1557 3629 enim
1579 3574 1741 3628 boves
1764 3570 2089 3627 sacriﬁcabi-

519 3687 661 3740 mus,
691 3684 866 3741 neque
881 3669 1076 3724 hosuis
1094 3666 1337 3723 cruentis
1354 3666 1725 3721 universorum
1748 3662 1911 3718 Deum
1928 3676 2089 3717 vene-

517 3765 780 3831 rabimur,
813 3772 870 3817 at
895 3760 1191 3830 spiritalem
1210 3760 1410 3814 cultum
1430 3757 1698 3826 illipotius
1714 3754 2002 3811 oﬂ‘eremus
2032 3752 2088 3807 in

515 3857 736 3913 odorem
797 3853 1196 3909 suaveolentiae.
1248 3849 1417 3904 Sicuti
1476 3849 1644 3911 enim,
1688 3848 1764 3901 ait
1808 3848 2087 3911 Servatur,

521 3949 697 4004 (Deus
726 3946 948 4017 spiritus
970 3955 1147 4008 est,et
1173 3943 1262 4012 qui
1286 3943 1511 3996 adorant
1533 3941 1701 4003 illum,
1724 3939 1775 3992 in
1808 3939 1999 4008 spiritu
2037 3945 2091 3990 et

516 4040 747 4095 veritate
763 4045 976 4107 oportet
996 4036 1222 4090 adorare
1249 4035 1314 4089 ".
1342 4053 1360 4084 ι
1391 4032 1542 4099 Quod
1569 4038 1749 4085 autem
1774 4038 1963 4085 sancto
1980 4028 2092 4097 Spi-

515 4133 627 4187 ritu
643 4130 943 4202 obsignatis
960 4133 1025 4183 ad
1042 4131 1331 4182 novitatem
1349 4126 1496 4188 vitae,
1517 4138 1767 4194 magnum
1790 4122 1860 4178 sit
1876 4121 2091 4189 dispen-

517 4221 825 4287 dium,velle
831 4222 941 4291 jam
960 4222 1139 4275 vivere
1152 4218 1417 4273 etversari
1431 4214 1671 4282 Judaice,
1687 4214 1893 4271 scilicet
1906 4226 2091 4268 secun-

2188 3293 2312 3367 Ἆρ’
2345 3291 2436 3348 οῦν
2484 3291 2797 3362 ἀφεξόμεθα
2849 3288 2956 3341 τῶν
3006 3284 3244 3355 νομικῶν
3280 3277 3757 3367 ἀναγνωσμάτων)

2189 3360 2382 3439 Καίτοι
2431 3360 2549 3446 πῶς
2594 3360 2693 3434 οὐκ
2733 3378 2938 3450 ἀμαθὲς
2971 3375 3030 3428 τὸ
3076 3368 3176 3425 ὦδε
3214 3371 3374 3431 νοεῖν,
3409 3363 3637 3437 Χριστοῦ
3674 3360 3762 3415 λέ-

2189 3494 2375 3543 γοντος
2422 3472 2698 3545 ἐναργῶςο
2755 3490 2773 3521 ι
2802 3469 2900 3521 Διὰ
2945 3465 3102 3520 τοῦτο
3148 3463 3293 3529 λέγω
3346 3461 3496 3529 ὑμῖν,
3525 3457 3606 3509 ὅτι
3653 3453 3761 3515 πᾶς

2189 3564 2549 3637 γραμματεὺς
2588 3558 2945 3632 μαθητευθεὶς
2975 3558 3040 3626 τῇ
3088 3551 3333 3623 βασιλείᾳ
3356 3550 3466 3602 τῶν
3494 3545 3759 3617 οὐρανῶν,

2189 3658 2371 3728 ὅμοιός
2420 3658 2568 3709 ἐστιν
2615 3650 2886 3722 ἀνθρώπῳ
2938 3647 3195 3717 πλουσίῳ,
3228 3646 3373 3705 ὅστις
3408 3639 3659 3694 ἐκϐάλλει
3697 3638 3761 3690 ἐκ

2189 3751 2283 3804 τοῦ
2323 3747 2594 3821 θησαυροῦ
2639 3744 2802 3798 αὐτοῦ
2835 3742 2996 3796 καινὰ
3027 3741 3119 3793 καὶ
3161 3737 3383 3792 παλαιά.
3414 3755 3432 3787 ι
3468 3733 3674 3788 Οὐκοῦν
3698 3732 3761 3786 οὐ

2191 3841 2606 3915 παραιτούμεθα
2655 3839 2751 3909 μὲν
2797 3838 2855 3890 τὸ
2894 3835 3089 3889 εἰδέναι
3117 3832 3206 3885 τὸν
3237 3832 3399 3899 νόμον
3419 3846 3432 3858 ”
3478 3827 3538 3880 τό
3567 3844 3629 3896 γε
3656 3826 3763 3896 μὴν

2189 3935 2362 3999 οὕτως
2410 3934 2630 4001 εἰδέναι,
2666 3930 2918 4001 φευκτὸν,
2950 3927 3089 3981 ὥστε
3119 3925 3211 3979 καὶ
3238 3924 3335 3995 ζῇν
3365 3921 3579 3976 ἑλέσθαι
3611 3937 3763 3990 νομι-

2190 4029 2324 4092 κῶς,
2359 4028 2525 4099 ἤγουν
2554 4024 2878 4085 Ἰουδαϊκῶς.
2911 4023 2986 4075 Οὐ
3015 4021 3122 4091 γάρ
3150 4037 3233 4072 τοι
3271 4017 3395 4087 βοῦς
3426 4016 3762 4086 ἱερεύσομεν,

2190 4120 2313 4175 οὔτε
2342 4121 2448 4191 μὴν
2471 4120 2590 4181 ταῖς
2609 4118 2675 4171 δι’
2699 4116 2944 4186 αίμάτων
2975 4113 3185 4174 θυσίαις
3212 4111 3513 4180 τιμήσομεν
3544 4108 3633 4161 τὸν
3655 4106 3764 4159 τῶν

2191 4214 2328 4267 ὅλων
2369 4212 2519 4265 Θεόν.
2556 4207 2939 4277 Πνευματικὴν
2983 4206 3036 4258 δέ
3088 4203 3284 4275 μᾶλλον
3321 4200 3766 4273 προσκομιοῦμεν

2192 4304 2339 4374 αὐτῷ
2370 4302 2627 4373 λατρείαν
2678 4302 2758 4361 εἰς
2805 4296 2979 4365 ὀσμὴν
3028 4295 3271 4356 εὐωδίας.
3290 4293 3377 4356 Ὠς
3410 4293 3518 4362 γάρ
3549 4306 3711 4359 φησιν
3736 4290 3767 4342 6

2198 4396 2407 4466 Σωτήρ⁸
2442 4412 2459 4445 ι
2488 4391 2709 4461 Πνεῦμα
2735 4393 2762 4443 6
2783 4389 2933 4452 Θεὸς,
2955 4386 3193 4447 καὶτοὺς
3211 4382 3647 4454 προσκυνοῦντας
3667 4380 3758 4432 αύ-

518 4319 643 4370 dum
682 4316 815 4385 legis
833 4314 1101 4375 umbram,
1146 4311 1393 4379 probabit
1432 4310 1620 4364 beatus
1656 4306 2092 4377 Paulusloqucns

517 4406 711 4477 bisqui
742 4414 862 4475 post
898 4405 1055 4459 fidem
1080 4405 1144 4458 ad
1167 4403 1370 4459 cultum
1404 4399 1743 4456 umbratilem
1775 4400 1919 4454 velut
1947 4406 2093 4453 retro

515 4495 993 4551 abeuntztExorsi
1036 4493 1419 4562 spiritu,nunc
1461 4504 1623 4545 carne
1662 4486 2085 4543 consumtnami-

2192 4487 2283 4540 τὸν
2314 4488 2371 4537 ἐν
2401 4483 2669 4553 πνεύματι
2704 4480 2799 4533 καὶ
2843 4478 3068 4549 ἀληθείᾳ
3090 4476 3184 4554 ,δεῖ
3212 4474 3551 4545 προσκυνεῖν.
3584 4488 3602 4521 ι
3643 4466 3765 4519 Ὅτι

517 4586 774 4656 ιιιθδῖιβι
788 4599 978 4639 rursus
1001 4603 1014 4638 :
1036 4604 1053 4635 ι
1069 4584 1197 4638 Dico
1215 4592 1393 4638 autem
1411 4584 1563 4638 vobis
1578 4585 1718 4652 quod
1734 4582 1777 4635 si
1799 4579 2085 4635 circumci-

2194 4579 2250 4631 δὲ
2297 4579 2410 4640 τοῖς
2459 4574 2538 4645 τῷ
2586 4573 2725 4644 ἁγίῳ
2774 4570 3047 4641 Πνεύματι
3098 4564 3655 4635 κατεσφραγισμένοις
3686 4561 3767 4622 εἰς

517 4651 741 4743 damtni,
765 4678 1015 4733 Christus
1043 4677 1194 4730 vobis
1215 4675 1346 4729 nihil
1376 4651 1636 4744 proderit.
1662 4672 1962 4727 Abalienati
1987 4670 2085 4740 igi-

2199 4670 2489 4740 καινότητα
2534 4666 2700 4736 ζωῆς,
2734 4663 2906 4733 ζημία
2960 4659 3127 4727 πολλὴ
3176 4658 3236 4711 τὸ
3286 4656 3457 4709 θέλειν
3488 4654 3568 4706 ἔτι
3617 4651 3768 4704 πολι-

518 4782 607 4825 tur
642 4770 775 4825 estis
803 4784 834 4823 a
870 4768 1105 4831 Christo,
1137 4738 1444 4835 quicunque
1476 4767 1527 4818 in
1555 4764 1669 4834 lege
1693 4738 2085 4831 justificaInini,

2190 4759 2442 4814 τεύεσθαί
2480 4775 2539 4811 τε
2588 4757 2682 4809 καὶ
2733 4755 2833 4825 ζῇν
2870 4749 3193 4813 Ἰουδαϊκῶς,
3226 4748 3343 4818 ἦτοι
3367 4745 3505 4798 κατὰ
3537 4742 3635 4812 τὴν
3669 4738 3767 4793 τοῦ

518 4862 690 4930 gratia
722 4860 1018 4915 excidistis.
1055 4834 1171 4912 Nos
1200 4856 1341 4912 enim
1368 4870 1463 4926 per
1497 4854 1654 4909 fidem
1686 4867 1833 4922 spem
1862 4849 2085 4919 iustitia:

2191 4853 2356 4922 νόμου
2403 4849 2582 4912 σκιὰν,
2610 4846 2939 4901 πιστώσεται
2982 4844 3154 4911 λέγων
3185 4842 3212 4893 6
3243 4838 3511 4909 μακάριος
3556 4834 3767 4896 Παῦλος

518 4961 899 5022 “specum”
920 4951 984 5001 °°~
1020 4969 1038 5001 ³
2198 4946 2308 5006 τοῖς
2356 4941 2493 5013 μετὰ
2537 4940 2634 5009 τὴν
2685 4938 2867 4990 πίστιν
2928 4935 3118 4988 ἀνόπιν
3185 4931 3372 5001 ὥσπερ
3435 4928 3622 4991 ἰοῦσιν,
3687 4930 3820 5022 είςὶ

518 5043 772 5115 λατρείαν
811 5042 910 5113 τὴν
947 5044 1005 5096 ἐν
1033 5043 1213 5103 σκιαῖς
1233 5058 1246 5071 ·
1283 5059 1301 5092 ι
1326 5038 1710 5110 Ἐναρξὰμενοι
1740 5036 2033 5107 πνεύματι,
2065 5033 2158 5088 νῦν
2193 5037 2357 5106 σαρκὶ
2389 5032 2743 5087 ἐπιτελεῖσθε.
2776 5050 2795 5082 ι
2829 5029 2937 5082 Καὶ
2970 5028 3129 5081 πάλιν
3151 5042 3164 5054 ο
3195 5044 3211 5075 ι
3241 5025 3397 5091 Λέγω
3430 5023 3485 5075 δὲ
3516 5023 3664 5091 ὑμῖν,
3686 5021 3768 5072 ὅτι

520 5114 631 5193 ἐὰν
670 5137 1091 5208 περιτέμνησθε,
1143 5137 1377 5207 Χριστὸς
1432 5136 1577 5206 ὑμᾶς
1620 5135 1771 5188 οὐδὲν
1820 5132 2114 5203 ὠφελήσει.
2184 5128 2685 5201 Ἀπηλλοτριώθητε
2748 5124 2857 5178 ἀπὸ
2908 5120 3183 5193 Χριστοῦ,
3226 5119 3278 5171 οἵ
3326 5133 3471 5179 τινες
3518 5117 3577 5167 ἐν
3617 5114 3768 5184 νόμῳ

523 5229 725 5301 βιοῦτε,
758 5230 857 5299 τῆς
906 5230 1127 5300 χάριτος
1159 5228 1472 5292 ἐξεπέσατε.
1517 5227 1711 5298 Ἡμεῖς
1759 5228 1867 5298 γὰρ
1912 5226 2001 5279 διὰ
2039 5228 2274 5289 πίστεως
2330 5222 2520 5275 ἐλπίδα
2545 5218 2892 5287 δικαιοσύνης
2922 5209 3350 5282 ἀπεκδεχόμεθα.
3391 5228 3408 5259 ι

594 5322 754 5376 Vsus.
1024 5323 1193 5375 dicet:
1223 5319 1547 5388 Exspectabo
1591 5321 1756 5373 Deum
1799 5321 1887 5389 qui
1910 5321 2085 5373 avertit

2267 5315 2376 5371 Καὶ
2429 5312 2580 5382 ἐμεῖ’
2612 5309 2782 5366 Merci)
2827 5309 2934 5361 τὸν
2986 5306 3135 5359 Θεὸν
3186 5302 3653 5369 ἀποστρέψαντα
3701 5298 3767 5351 τὸ

522 5412 711 5480 {aciem
765 5425 918 5461 suam
968 5426 1000 5462 a
1027 5411 1182 5464 domo
1216 5411 1407 5478 Jacob,
1447 5421 1494 5465 et
1522 5410 1787 5478 conﬁdens
1822 5426 1911 5464 ero
1938 5424 2085 5478 super

2199 5408 2521 5477 πρόσωπον
2558 5401 2743 5458 αὐτοῦ
2776 5399 2893 5454 ἀπὸ
2924 5398 3030 5452 τοῦ
3068 5398 3236 5451 οἴκου
3284 5395 3509 5461 Ἰακὼϐ,
3544 5392 3642 5446 καὶ
3673 5409 3770 5446 πε-

518 5520 661 5561 ιιιηι.
2200 5498 2417 5565 ποιθὼς
2445 5498 2660 5565 ἔσομαι
2687 5495 2781 5547 ἐπ’
2814 5489 2993 5556 αὐτῷ.

596 5686 641 5716 ⁸³
666 5684 895 5753 Philipp.
921 5700 994 5747 IV,
1022 5685 1107 5766 ιε.
1184 5688 1227 5719 ⁸⁵
1249 5686 1479 5742 Zachar.
1506 5702 1570 5754 ιι,
1596 5685 1649 5739 5.
1726 5684 1771 5716 ⁶⁸
1796 5683 1937 5739 Psal.
1963 5698 2036 5749 tv,
2062 5682 2085 5735 7

524 5754 569 5790 “
595 5756 773 5810 Galat.
793 5770 845 5810 ν.
867 5755 921 5810 2.
951 5754 1004 5810 4.
1034 5756 1087 5810 ἒ).

2190 5681 2237 5712 ⁸⁸
2262 5678 2447 5734 Matth.
2475 5692 2594 5741 xm,
2650 5673 2737 5730 52.
2816 5672 2859 5702 ⁸⁷
2884 5669 3037 5726 Juau.
3067 5684 3139 5737 tv,
3161 5668 3249 5721 2L
3330 5667 3372 5698 ⁸⁸
3396 5666 3573 5721 Calat.
3600 5679 3685 5731 ιιι,
3713 5662 3771 5720 '5.

760 5792 921 5822 D"-’
951 5792 1004 5820 τ’
1034 5792 1087 5810 Ue
