4152 6366
423 478 527 533 2'57

1565 492 1632 549 IN
1673 495 1901 552 ISAIAM
1940 498 2071 557 LIB.
2112 503 2151 558 Ι.
2194 503 2400 561 ORAT.
2448 508 2506 564 V.

3578 521 3684 576 2'58

493 594 622 699 Ὅτι.
645 595 780 651 πολὺ
808 599 1067 669 πρόσεστι
1094 606 1206 669 τοῖς
1229 606 1288 659 ἐν
1318 608 1540 681 Χριστῷ
1566 611 1627 666 τὸ
1652 615 1886 686 εὐήνιον,
1916 635 1968 672 κι

2069 643 2085 684 ι
2183 622 2336 691 Quod
2390 627 2430 681 ii
2485 629 2579 699 qui
2613 628 2666 684 in
2703 632 2920 687 Christo
2957 643 3104 700 sunt,
3138 634 3294 690 facile
3325 636 3478 706 quasi
3528 638 3682 692 freno

417 682 505 780 6—231
532 685 740 780 τούτων
767 689 915 758 ἡμᾶς
949 694 978 746 ὸ
1019 698 1301 768 προφήτης
1333 703 1587 772 πειρᾶται
1616 682 2003 780 πληροφορεῖν.

2111 715 2232 771 duci
2270 727 2325 772 et
2369 717 2511 775 flecti
2544 724 2769 790 possint,
2803 740 2867 781 ex
2910 726 2993 781 bis
3025 728 3191 782 etiam
3221 728 3380 784 vobis
3413 731 3677 800 propheta

418 776 836 876 Προσεπεφὼνει
872 784 973 853 μὲν
1002 787 1109 860 γὰρ
1142 790 1325 855 αὐτοῖς
1352 794 1381 846 6
1413 794 1523 849 τῶν
1553 797 1688 852 ὅλων
1714 776 1852 865 Θεὸς
1868 776 1968 875 ⁷πει

2544 776 2556 790 ι
2810 776 2867 781 νη
2910 776 2990 781 -η
3031 776 3191 782 ν---ν---
3235 776 3378 784 ἐν-’τ
3414 776 3677 800 τ’*Γ-υη-

2110 805 2266 862 tldem
2312 808 2497 866 facere
2538 824 2783 870 conatur.
2827 817 3106 873 Allocutus
3144 827 3228 875 est
3268 821 3412 875 enim
3438 836 3533 876 eos
3557 826 3678 876 uui-

415 869 511 983 foﬁ
555 870 925 946 Ἐμμανουήλ’
962 878 1166 952 Κύριον
1205 884 1366 937 αὑτὸν
1392 887 1675 955 ἁγιάσατε,
1718 893 1813 947 καὶ
1844 869 1968 949 αὐτὸ

2105 913 2388 956 versorum
2439 902 2581 961 Deus
2632 908 2698 963 de
2753 910 3105 965 Emmanuele
3140 911 3466 967 :Dominum
3503 913 3678 983 ipsum

414 960 569 1059 ἔσται
618 980 711 1016 σου
757 966 943 1034 φόϐος.
991 971 1099 1025 Καὶ
1140 974 1236 1029 ἐὰν
1287 976 1375 1030 ἐπ’
1418 979 1568 1051 αὐτῷ
1606 983 1880 1048 πεποιθὼς
1914 982 2000 1059 ᾖς,

2103 1002 2292 1047 sancte
2344 994 2527 1064 colite,
2588 1007 2643 1052 et
2703 1000 2791 1055 ille
2842 1002 2947 1056 erit
3006 1011 3128 1058 tuus
3183 1005 3369 1059 timor.
3422 1005 3486 1060 Et
3541 1007 3585 1061 si
3626 1006 3675 1061 ei

412 1052 566 1109 ἔσται
612 1072 695 1111 σοι
740 1060 822 1121 είς
851 1059 1118 1133 άγίασμα.
1148 1066 1208 1119 Ol
1238 1066 1295 1120 δὲ
1328 1068 1421 1122 καὶ
1459 1070 1579 1126 λίαν
1622 1074 1876 1145 ἀσμένως

2100 1083 2338 1140 conlisus
2363 1087 2461 1152 sis,
2499 1090 2605 1144 erit
2636 1090 2731 1146 tibi
2767 1091 2820 1147 in
2854 1093 3363 1155 sanctificationem.
3394 1096 3457 1152 Hi
3491 1108 3673 1153 autem

410 1145 513 1217 τῆς
569 1149 650 1213 εἰς
708 1150 866 1204 τοῦτο
926 1158 1315 1227 μυσταγωγίας
1368 1164 1775 1235 προσηκάμενοι
1818 1168 1995 1239 λόγον,

414 1241 729 1313 μελλησμοῦ
768 1245 887 1316 δίχα
917 1250 1116 1313 παντὸς
1145 1251 1528 1323 ὑπισχνοῦνταί
1548 1273 1608 1309 τε
1636 1255 1697 1310 τὸ
1724 1259 1994 1326 εὐπειθὲς,

2100 1189 2404 1232 sermonem
2458 1178 2619 1250 hujus
2686 1185 3036 1256 mystagogiaa
3093 1186 3324 1243 libenter
3379 1189 3671 1245 admodum

2097 1268 2445 1326 admittentes
2468 1310 2484 1336 ,
2539 1273 2747 1342 abjecta
2802 1277 2947 1330 omni
2977 1280 3322 1335 cunctatione
3350 1280 3672 1350 pollicentur

411 1336 505 1388 καὶ
536 1338 715 1390 πᾶσαν
743 1339 829 1391 ἐπ’
852 1339 1001 1411 αὐτῷ
1022 1341 1238 1413 θέμενοι
1263 1344 1359 1417 τὴν
1383 1346 1572 1401 ὲλπίδα
1598 1349 1750 1418 φασί·
1776 1371 1795 1403 ‹
1832 1353 1968 1407 Mevi

2095 1360 2460 1418 obedientiam
2494 1382 2508 1431 ;
2553 1375 2609 1420 et
2663 1383 2878 1423 omnem
2914 1369 2967 1424 in
3003 1384 3067 1425 eo
3096 1386 3244 1441 Spem
3278 1383 3556 1441 ponentes,
3587 1376 3671 1430 di-

406 1427 499 1478 τὸν
531 1427 686 1492 Θεὸν,
710 1429 800 1483 τὸν
827 1431 1249 1504 ἀποστρέψαντα
1272 1436 1332 1488 τὸ
1354 1436 1644 1507 πρόσωπον
1676 1442 1841 1496 αὐτοῦ
1877 1444 1990 1498 ἀπὸ

404 1518 501 1572 τοῦ
529 1520 679 1575 οἴκου
726 1523 941 1589 Ἰακὼϐ,
978 1526 1072 1578 καὶ
1101 1527 1376 1592 πεποιθὼς
1406 1530 1598 1601 ἔσομαι
1637 1533 1723 1586 ἐπ’
1754 1535 1921 1606 αὐτῷ.
1965 1556 1985 1590 ι

404 1610 517 1664 Καὶ
546 1612 600 1664 τί
633 1612 696 1666 τὸ
742 1614 887 1684 μενῶ
918 1615 1232 1686 σημαίνειεν
1256 1620 1355 1686 άν;
1393 1622 1465 1676 Ἢ
1497 1625 1672 1680 ἐκεῖνό
1714 1643 1814 1680 που
1854 1628 1989 1683 πάν-

401 1721 531 1769 τως,
561 1706 590 1759 ὃ
626 1707 722 1760 καὶ
745 1710 772 1761 6
803 1708 1087 1772 θεσπέσιος
1114 1708 1217 1781 ἔφη
1246 1714 1432 1768 Δα6ίδ⁹
1473 1734 1492 1767 ι
1543 1716 1861 1788 ’Υπομένων
1888 1723 1988 1776 ὑπ-

400 1796 593 1868 έμεινα
618 1799 711 1852 τὸν
730 1802 953 1872 Κύριον,
991 1806 1085 1859 καὶ
1112 1808 1378 1878 προσέσχε
1408 1825 1518 1878 μοι.
1548 1827 1567 1860 ι
1607 1810 1897 1882 Ὑπομένει
1928 1813 1984 1867 δὲ

397 1887 491 1940 ςὸν
523 1889 748 1959 Κύριον,
792 1895 821 1946 6
858 1894 927 1946 τὰ
962 1896 1112 1967 αὐτῷ
1144 1898 1404 1952 δοκοῦντα
1440 1902 1656 1971 φρονεῖν
1684 1903 1978 1973 ᾑρημένος,

2100 1462 2228 1507 cunt
2257 1472 2270 1508 :
2328 1472 2347 1506 ι
2388 1455 2724 1527 Exspectabo
2750 1461 2916 1515 Deum
2953 1463 3041 1531 qui
3070 1464 3265 1518 avertit
3292 1464 3480 1520 facient
3513 1482 3665 1522 suam

2091 1558 2120 1596 a
2168 1545 2329 1599 domo
2355 1545 2541 1613 Jacob,
2573 1559 2627 1602 et
2655 1550 2919 1605 confidam
2951 1553 3021 1606 ei.
3068 1571 3085 1604 ι
3133 1552 3197 1607 Ει
3224 1556 3351 1624 quid
3391 1556 3664 1625 signiﬁcat

2091 1635 2265 1691 illud:
2323 1638 2709 1708 Exspectabo?
2761 1640 2898 1697 Num
2960 1644 3011 1698 id
3064 1645 3288 1700 omnino
3328 1648 3469 1716 quod
3499 1649 3662 1702 etiam

2088 1726 2303 1779 divinus
2359 1728 2523 1782 David
2585 1728 2852 1785 dicebat:
2908 1749 2927 1783 ι
2965 1730 3300 1802 Exspectans
3350 1734 3662 1803 exspectavi

2086 1817 2408 1883 Dominum,
2439 1831 2494 1875 et
2524 1822 2751 1876 intendit
2788 1823 2918 1877 mihi
2969 1823 3053 1877 7°?
3090 1842 3109 1876 ι
3145 1823 3434 1894 Exspectat
3480 1835 3659 1880 autem

2088 1906 2275 1972 Deum,
2322 1909 2413 1978 qui
2450 1925 2643 1965 curare
2682 1926 2743 1965 ea
2774 1911 2887 1965 vult
2914 1926 3035 1981 qua:
3062 1914 3160 1982 ipsi
3190 1913 3426 1983 placent,
3458 1927 3512 1969 et
3541 1916 3659 1985 ejus

398 1980 493 2033 καὶ
544 1984 658 2043 τοῖς
712 1983 878 2037 αὐτοῦ
927 1987 1158 2059 νεύμασι
1214 1991 1648 2056 κατακολουθῶν,
1694 1994 1886 2065 ἥδιστά
1921 2012 1968 2048 τε

2084 2002 2237 2055 nutu‘i
2264 1972 2604 2072 obsequitur,
2628 2003 2827 2074 quippe
2852 1972 3010 2077 ιη
3027 1972 3123 2076 ριῙο
3140 1972 3337 2076 pietate
3358 1972 3658 2062 certamina

395 2070 514 2125 λίαν
572 2074 700 2138 τοὺς
741 2076 880 2147 ὑπὲρ
918 2078 1017 2149 τῆς
1061 2083 1141 2145 είς
1180 2083 1342 2137 αὐτὸν
1376 2085 1654 2151 εὐσεϐείας
1694 2088 1981 2158 ὑπομένων

394 2164 634 2230 ἀγῶνας.
662 2167 803 2237 Πρὸς
828 2169 935 2241 γάρ
964 2187 1046 2223 τοι
1076 2173 1234 2227 τοῦτο
1256 2176 1473 2242 αὐτοὺς,
1503 2176 1591 2230 διὰ
1612 2178 1710 2248 τῆς
1736 2178 1832 2232 τοῦ
1853 2179 1982 2248 ψάλ-

393 2255 580 2322 λοντος
609 2260 792 2331 φωνῆς
821 2262 1155 2334 παροτρύνει
1185 2266 1245 2319 τὸ
1268 2268 1493 2339 Πνεῦμα
1520 2269 1697 2339 λέγον·
1733 2289 1751 2322 ι
1772 2271 1980 2344 ΪΑνδρί-

392 2348 513 2415 ζου,
561 2351 653 2405 καὶ
696 2353 1077 2424 κῳταιούσθω
1110 2357 1143 2427 ἡ
1173 2358 1373 2431 καρδία
1408 2377 1523 2425 σου,
1562 2363 1656 2414 καὶ
1686 2362 1978 2433 ὑπόμεινον

390 2441 485 2494 τὸν
520 2442 744 2514 Κύριον.
783 2464 804 2497 ι
851 2446 1140 2519 ’Υπομενῶ
1170 2451 1369 2518 τοίνυν,
1407 2454 1561 2523 φησὶ,
1589 2454 1682 2509 τὸν
1718 2454 1850 2511 Θεὸν
1884 2455 1977 2511 τὸν

389 2527 811 2599 ἀποστρέψαντα
858 2533 920 2587 τὸ
972 2537 1265 2607 πρόσωπον
1320 2540 1485 2594 αὐτοῦ
1541 2544 1649 2597 ἀπὸ
1694 2545 1788 2598 τοῦ
1826 2545 1975 2599 οἴκου

400 2618 618 2674 Ἰακώϐ.
661 2622 852 2695 Ἀθρει
896 2625 960 2696 δὴ
993 2623 1087 2681 οὖν
1126 2628 1280 2701 ἄθρει
1324 2633 1460 2703 πρὸς
1495 2637 1615 2699 ταῖς
1647 2636 1974 2702 εὐπειθείαις

387 2709 554 2764 πόσον
586 2711 765 2783 ἔχουσι
793 2715 854 2770 τὸ
885 2720 1153 2791 νουνεχές.
1196 2721 1287 2787 Ἐξ
1323 2717 1399 2778 ὧν
1441 2725 1549 2797 γὰρ
1583 2727 1761 2799 ἓτεροι
1799 2746 1971 2801 προσ-

386 2805 743 2874 κεκρούκασι,
772 2810 866 2863 καὶ
910 2811 973 2882 δὴ
1007 2813 1104 2866 καὶ
1135 2816 1435 2871 πεπόνθασι
1476 2818 1570 2872 τοῦ
1609 2821 1754 2874 θείου
1798 2839 1970 2893 προσ-

383 2894 537 2950 ώπου
572 2899 671 2970 τὴν
698 2902 1068 2976 ἀποστροφὴν,
1094 2906 1183 2961 διὰ
1202 2908 1407 2963 τούτων
1434 2912 1611 2966 αὐτῶν
1639 2913 1972 2983 ἀσφαλεστέ-

386 3005 488 3058 ρας
517 2991 842 3061 ἐργάζονται
866 2994 965 3059 τὰς
984 2997 1194 3053 ἑαυτῶν
1219 3002 1465 3073 καρδίας,
1499 3005 1636 3075 πρὸς
1664 3005 1762 3077 τὴν
1792 3009 1871 3071 εἰς
1902 3008 1971 3061 τὰ
1998 2986 2013 2997 ⁵

380 3080 592 3150 ἀμείνω
627 3084 822 3156 ῥοπήν.
852 3088 1067 3141 Δεδίασι
1106 3090 1215 3162 γὰρ
1247 3092 1356 3145 τῶν
1394 3094 1553 3148 θείων
1580 3096 1843 3167 ὀμμάτων
1866 3098 1967 3170 τὴν

379 3172 755 3246 ἀποστροφήν.
814 3178 1339 3254 ’Δπροσωπόληππος
1390 3185 1500 3256 γάρ
1543 3189 1572 3241 6
1616 3190 1827 3261 κριτὴς,
1874 3191 1968 3245 καὶ

2085 2090 2441 2147 libentissime
2468 2094 2718 2148 sustinet.
2750 2093 2866 2149 Huc
2896 2099 3038 2150 enim
3075 2111 3169 2151 eos
3212 2112 3345 2152 voce
3374 2098 3656 2167 psallentis

2080 2186 2283 2239 excitat
2336 2184 2593 2255 Spiritus,
2642 2187 2897 2256 inquiens
2932 2205 2946 2242 :
2985 2206 3003 2238 ι
3041 2187 3281 2243 \liriliter
3312 2204 3431 2259 age,
3461 2201 3514 2244 et
3536 2206 3657 2245 cor-

2082 2275 2367 2328 roboretur
2420 2290 2517 2329 cor
2563 2285 2757 2343 tuum,
2795 2286 2850 2331 et
2905 2286 3153 2345 exspecta
3198 2278 3479 2333 Dumiuuut
3527 2281 3594 2334 "°.
3623 2301 3640 2332 ι

2084 2384 2103 2418 ι
2132 2366 2472 2437 Exspectabo
2502 2387 2521 2421 ι
2553 2369 2737 2438 igitur,
2759 2369 2958 2439 inquit,
2982 2389 3001 2421 ι
3025 2370 3319 2440 De’um,qui
3354 2374 3551 2427 avertit
3576 2374 3656 2425 l‘a-

2077 2458 2216 2512 ciem
2246 2473 2399 2513 suam
2426 2474 2456 2513 a
2488 2458 2650 2515 domo
2670 2458 2859 2515 Jacob.
2888 2480 2907 2513 ›
2938 2460 3178 2516 Observa
3211 2463 3395 2528 igitur,
3422 2465 3651 2519 observa

2076 2562 2275 2622 praeter
2298 2553 2686 2615 obedientiam.
2715 2564 2918 2624 quanta
2942 2556 3228 2625 prudentia
3259 2558 3468 2626 praediti
3502 2569 3648 2613 sunt.

2074 2640 2208 2695 Nam
2244 2643 2388 2698 unde
2423 2645 2603 2698 caeteri
2636 2646 2993 2714 impegerunt,
3022 2656 3077 2700 et
3101 2647 3263 2701 divini
3294 2648 3470 2702 vultus
3493 2664 3650 2702 aver-

2074 2730 2337 2784 sationem
2390 2732 2535 2801 passi
2582 2741 2730 2798 sunt,
2772 2733 2897 2788 inde
2937 2734 3010 2788 illi
3060 2750 3188 2791 suos
3236 2737 3448 2791 animos
3476 2740 3652 2809 magis

2076 2822 2399 2891 tranquillos
2454 2832 2510 2878 et
2563 2825 2741 2879 minus
2794 2825 3033 2882 lubricos
3065 2829 3312 2894 reddunt,
3345 2838 3399 2884 et
3439 2830 3504 2883 ad
3534 2843 3649 2885 me-

2072 2914 2208 2969 liora
2267 2916 2640 2987 procliviores.
2675 2917 2995 2974 Timuerunt
3028 2920 3293 2990 siquidem
3339 2922 3647 2977 divinorum

2070 3008 2352 3063 Oculorum
2411 3012 2774 3068 aversionem.
2826 3006 2944 3066 Non
2998 3016 3139 3067 enim
3171 3029 3524 3084 personarum
3556 3033 3648 3070 ac-

2070 3108 2314 3169 ceptator
2345 3110 2428 3156 est
2453 3101 2639 3173 judex,
2674 3119 2772 3159 nec
2803 3106 2997 3175 cuique
3040 3105 3259 3161 dubium
3299 3123 3417 3163 esse
3447 3118 3643 3177 potest,

2073 3188 2202 3257 quin
2231 3190 2428 3260 ubique
2468 3203 2523 3248 et
2543 3208 2760 3264 semper
2785 3210 2881 3264 pro
2915 3198 3176 3267 cujusque
3206 3199 3413 3253 meritis
3443 3216 3646 3256 conve-

378 3266 479 3318 οὐκ
505 3267 571 3320 ἂν
611 3270 907 3325 ἐνδοιάσειέ
949 3290 1032 3337 τις
1059 3276 1141 3329 ὅτι
1177 3276 1353 3349 πάντη
1386 3295 1445 3332 τε
1488 3280 1582 3333 καὶ
1607 3281 1824 3346 πάντως
1853 3286 1966 3349 τοῖς

2069 3283 2285 3337 nienter
2309 3293 2363 3338 et
2396 3284 2556 3356 digne
2589 3286 2670 3341 vel
2707 3286 2918 3342 laudem
2946 3266 3170 3353 tribuat,
3202 3292 3284 3344 vel
3318 3292 3643 3362 supplicium

379 3358 609 3413 ἑκάστου
637 3363 859 3433 τρόποις
890 3366 1212 3436 πρεπόντως
1239 3386 1297 3422 τε
1331 3370 1425 3423 καὶ
1449 3372 1671 3436 εἰκότως
1700 3374 1732 3445 ἢ
1760 3380 1964 3445 χαριεῖ-

377 3467 468 3503 ται
494 3451 583 3505 τὸν
615 3452 854 3520 ἔπαινον,
884 3456 1051 3528 ἡγουν
1094 3458 1302 3512 ἐποίσει
1346 3462 1445 3534 τὴν
1472 3462 1646 3535 δίκην.
1691 3466 1801 3518 Καὶ
1838 3468 1961 3531 τοὺς

381 3541 482 3611 μὲν
516 3546 635 3608 ταῖς
671 3546 976 3611 άπειθείαις
1008 3549 1379 3621 ὲξυϐρικότας,
1420 3554 1525 3621 ἔξω
1565 3573 1625 3609 τε
1666 3555 1960 3627 προσώπου

377 3636 681 3705 ποιήσεται,
712 3639 806 3692 καὶ
847 3641 1110 3711 ἡγήσεται
1137 3646 1453 3715 στυγητούς.
1482 3646 1620 3711 Τούς
1658 3665 1722 3716 γε
1756 3649 1862 3721 μὴν
1891 3652 1957 3722 τῇ

377 3725 559 3779 πίστει
587 3730 969 3801 τετιμηκότας,
1002 3734 1264 3806 ἡγήσεται
1299 3736 1396 3805 μὲν
1414 3738 1488 3801 ὡς
1512 3740 1828 3809 άγαπητοὺς
1858 3758 1959 3813 τη·-

380 3814 607 3886 ροῦντας
634 3818 734 3890 τὴν
764 3820 965 3887 πίστιν,
995 3824 1476 3896 ἀποστραφήσεται
1505 3829 1562 3881 δὲ
1617 3830 1878 3900 μεθέντας
1897 3833 1959 3886 τὸ

378 3911 624 3980 γνήσιον,
655 3912 749 3965 καὶ
779 3914 838 3966 έν
874 3914 972 3984 τσῳ
1002 3917 1267 3987 ἡγήσεται
1304 3920 1417 3981 τοῖς
1465 3920 1589 3989 μηδ’
1622 3921 1757 3985 ὅλως
1791 3940 1956 3978 πεπι-

377 4001 679 4069 στευκόσιν,
736 4005 770 4076 ἢ
820 4005 961 4076 τάχα
1014 4025 1117 4061 που
1156 4009 1250 4061 καὶ
1291 4010 1347 4061 ὲν
1379 4010 1608 4082 χείροσι.
1644 4013 1954 4084 Γέγραπται

375 4092 485 4165 γὰρ
529 4095 660 4166 περί
705 4114 888 4151 τινων⁹
927 4116 947 4149 ι
981 4099 1242 4171 Κρεῖττον
1278 4100 1386 4171 γὰρ
1428 4097 1497 4173 ἦν
1540 4103 1722 4167 αὐτοῖς
1750 4105 1824 4176 μὴ
1853 4107 1954 4158 ὲπ-
1988 4095 2003 4106 ’

373 4188 673 4254 εγνωκέναι
724 4187 824 4261 τὴν
866 4190 984 4247 ὁδὸν
1024 4192 1124 4261 τῆς
1156 4193 1433 4263 ἀληθείας,
1467 4196 1501 4266 ἢ
1535 4195 1843 4265 ἐπιγνοῦσιν
1875 4200 1954 4262 είς

374 4280 443 4334 τὰ
474 4280 649 4335 ὀπίσω
688 4282 1009 4353 ἀνακάμψαι
1046 4282 1155 4337 ἀπὸ
1189 4283 1293 4354 τῆς
1339 4286 1736 4359 παραδοθείσης
1770 4288 1954 4353 αὐτοῖς

372 4372 533 4440 ἁγίας
561 4373 801 4444 ἐντολῆς.
837 4392 856 4425 ι

454 4464 614 4520 Ἰδοὺ
643 4467 760 4536 ἐγὼ
796 4467 895 4520 καὶ
931 4468 1004 4523 τὰ
1031 4468 1237 4523 παίδιά
1268 4470 1306 4525 ἃ
1330 4488 1429 4539 μοι
1455 4470 1677 4525 ἔδωκεν
1709 4474 1742 4525 ὁ
1784 4472 1946 4539 Θεὸς,

369 4554 467 4607 καὶ
527 4556 699 4609 ἔσται
755 4560 843 4624 εὶς
889 4558 1126 4627 σημεῖα,
1188 4560 1285 4613 καὶ
1348 4563 1435 4627 εἰς
1492 4562 1702 4628 τέρατα
1754 4562 1824 4615 ἐν
1869 4562 1948 4633 τῷ

379 4645 617 4712 Ἰσραὴλ
645 4649 801 4715 παρὰ
824 4648 1046 4715 Κυρίου
1078 4649 1340 4715 Σαϐαὼθ,
1364 4650 1433 4714 ὃς
1454 4651 1799 4705 xaromsiér
1825 4652 1945 4722 ὄρει
1978 4652 2024 4710 D

368 4740 413 4790 Σ
415 4737 538 4789 ιών.

438 4826 549 4898 Τὴν
586 4828 756 4899 καλὴν
781 4829 1070 4900 ὁμολογίαν
1094 4826 1154 4885 εὖ
1185 4831 1327 4902 μάλα
1355 4832 1690 4903 διῃρηκότων
1715 4833 1941 4906 (ἔφασαν

365 4921 493 4991 γάρ·
528 4940 545 4972 ι
568 4923 729 4975 Mevi?)
743 4922 833 4975 τὸν
857 4923 989 4978 Θεὸν
1006 4924 1096 4977 τὸν
1124 4924 1541 4995 ἀποστρέψαντα
1569 4927 1629 4979 τὸ
1652 4927 1940 4997 πρόσωπον

364 5012 527 5065 αὐτοῦ
559 5014 667 5067 ἀπὸ
685 5014 777 5067 τοῦ
805 5016 953 5068 οἴκου
989 5014 1202 5078 Ἰακὼϐ,
1228 5017 1319 5069 καὶ
1341 5017 1612 5081 πεποιθὼς
1634 5017 1825 5089 ἔσομαι
1852 5018 1938 5072 ἐπ’

364 5106 511 5176 αὐτῷ
543 5105 589 5175 ι)
608 5107 949 5178 παραχρῆμα
968 5107 1031 5161 τὸ
1060 5107 1224 5161 αὐτοῦ
1252 5108 1543 5179 πρόσωπον
1571 5109 1814 5181 εἰσφέρει
1843 5110 1938 5165 τοῦ

373 5198 742 5269 Ἐμμανουήλ,
773 5201 886 5262 τοῖς
922 5201 1009 5252 ἐπ’
1040 5198 1189 5271 αὐτῴ
1225 5200 1325 5270 τὴν
1349 5200 1537 5253 ὲλπίδα
1567 5200 1814 5272 θεμένοις
1840 5220 1941 5273 χαο

361 5291 648 5362 ριζομένου
692 5292 791 5361 τὴν
828 5292 1157 5364 οἰκειότητα,
1186 5292 1345 5360 δῆλον
1382 5292 1439 5345 δὲ
1481 5294 1561 5346 ὅτι
1598 5294 1695 5365 τὴν
1730 5293 1818 5348 διὰ
1847 5293 1940 5347 τοῦ

358 5384 696 5450 Πνεύματος.
738 5384 929 5453 Ἐνῆκε
957 5384 1067 5457 γὰρ
1090 5387 1121 5455 ἡ
1132 5387 1263 5455 μῖνεό
1296 5384 1424 5447 Υἱὸς
1448 5384 1511 5437 τὸ
1539 5384 1666 5437 ἴδιον
1695 5385 1934 5457 πνεῦμα,

358 5477 450 5529 καὶ
475 5478 665 5529 οἰκεῖοι
699 5476 1004 5546 γεγόναμεν
1040 5476 1227 5530 αὐτοῦ’
1254 5476 1350 5530 καὶ
1374 5477 1432 5529 ὲν
1467 5476 1615 5546 αὐτῷ
1636 5477 1930 5548 κράζομεν,

356 5566 495 5619 ἆ66α
522 5568 550 5620 6
583 5567 734 5636 Πατη
746 5582 795 5636 ρ·
827 5566 1083 5637 ὀνομάζει
1106 5567 1284 5619 τοίνυν
1309 5568 1456 5638 ἡμᾶς
1479 5566 1665 5619 παιδία
1694 5566 1788 5619 τοῦ
1818 5570 1933 5620 Πα-

355 5661 500 5728 τρὸς,
528 5659 603 5724 ὼς
624 5658 721 5731 τὴν
750 5660 837 5713 διὰ
862 5659 1174 5731 Πνεύματος
1197 5658 1417 5730 ἔχοντας
1443 5657 1820 5729 άναγέννησιν,
1848 5658 1935 5712 ἵνα

356 5754 448 5807 καὶ
476 5751 697 5821 ἀδελφοὶ
724 5752 1151 5824 χρηματίσωμεν
1183 5752 1275 5805 τοῦ
1325 5749 1469 5806 κατὰ
1512 5750 1672 5819 φύσιν
1717 5748 1935 5821 ἀληθῶς

2067 3366 2268 3422 inferat
2299 3384 2315 3433 ;
2369 3380 2422 3424 et
2450 3372 2542 3440 qui
2578 3387 2643 3426 ex
2680 3374 3042 3431 obstinatidne
3070 3381 3307 3447 p’rotervi
3347 3380 3581 3443 fuerunt,
3611 3398 3640 3436 a

2064 3470 2355 3530 conspectu
2407 3465 2732 3531 removebit,
2765 3476 2820 3521 et
2847 3469 2972 3523 odio
3002 3470 3192 3538 dignos
3221 3471 3505 3537 iudicabit.
3537 3474 3640 3541 Qui

2061 3565 2193 3605 vero
2254 3552 2358 3608 fide
2411 3555 2712 3624 coluerunt,
2765 3559 2961 3613 charos
3012 3561 3230 3615 habebit
3278 3578 3372 3617 eos
3422 3566 3510 3633 qui
3572 3566 3639 3618 li-

2062 3644 2182 3696 dcm
2224 3653 2481 3710 servant;
2518 3654 2573 3698 at
2602 3647 2692 3714 qui
2734 3649 2875 3701 hanc
2909 3649 3293 3717 ingenuitatem
3326 3652 3640 3721 relinquun;

2060 3739 2116 3785 et
2157 3732 2438 3801 alijiciunt,
2472 3745 2680 3791 avertet
2717 3752 2832 3805 eos,
2862 3741 2977 3807 pari
3012 3755 3075 3795 ac
3103 3740 3284 3809 pejore
3315 3742 3493 3797 forsan
3520 3744 3637 3798 loco

2059 3822 2277 3879 habebit
2327 3841 2487 3896 quam
2530 3829 2623 3897 qui
2668 3844 2942 3899 nunquam
2987 3834 3210 3887 omnino
3262 3835 3630 3890 crediderunt.

2060 3915 2329 3986 Scriptum
2366 3929 2450 3974 est
2477 3920 2623 3974 enim
2650 3920 2716 3976 de
2746 3923 3067 3991 quihusdam
3097 3944 3111 3980 :
3158 3944 3178 3977 ι
3214 3924 3394 3981 Satius
3423 3939 3539 3982 erat
3573 3929 3635 3982 il-

2058 4008 2125 4063 lis
2157 4012 2294 4063 viatn
2328 4013 2574 4068 veritatis
2604 4029 2708 4068 non
2737 4016 3044 4086 agnovisse,
3067 4032 3250 4087 quam,
3276 4018 3364 4072 ubi
3399 4034 3633 4089 agnove-

2058 4102 2184 4167 rint,
2218 4105 2463 4159 converti
2502 4108 2569 4162 ab
2599 4122 2662 4161 eo
2699 4109 2839 4176 quod
2878 4108 2981 4162 illis
3025 4110 3276 4164 traditum
3311 4109 3407 4164 fuit
3444 4121 3631 4167 sancto

2056 4207 2325 4265 praecepto
2350 4198 2415 4249 ⁷⁸.
2459 4218 2476 4249 ι

2126 4485 2289 4539 VERS.
2324 4484 2406 4538 18.
2448 4483 2578 4538 Ecce
2604 4502 2695 4555 ego
2725 4495 2771 4538 et
2796 4487 2941 4553 pueri
2970 4504 3098 4556 quos
3131 4490 3255 4541 mihi
3287 4490 3424 4541 dedit
3465 4490 3622 4557 Deus,

2050 4585 2096 4627 et
2124 4585 2275 4628 erunt
2303 4577 2453 4643 signa
2480 4589 2522 4627 et
2552 4587 2752 4629 ostenta
2786 4580 2837 4631 in
2867 4575 3035 4632 Israel
3061 4597 3089 4630 α
3119 4578 3337 4631 Domino
3368 4579 3622 4643 Sabaoth.

2048 4668 2136 4735 qui
2168 4667 2369 4718 habitat
2402 4668 2455 4717 in
2490 4681 2658 4720 mome
2690 4666 2837 4720 Sion.

2121 4836 2412 4907 Postquam
2488 4839 2800 4908 praeclaram
2885 4841 3279 4896 confessionem
3330 4844 3626 4900 edidissent

2047 4931 2319 5003 (dixerant
2362 4932 2506 4985 enim
2533 4950 2547 4986 :
2580 4950 2598 4981 ι
2630 4931 2963 5002 Exspectabo
2995 4933 3158 4989 Deum
3195 4937 3283 5004 qui
3312 4939 3505 4991 avertit
3536 4938 3621 4993 fa-

2047 5024 2183 5079 ciem
2212 5038 2363 5078 suam
2411 5038 2440 5076 a
2476 5023 2636 5078 domo
2668 5022 2856 5088 Jacob,
2893 5034 2947 5078 et
2975 5025 3240 5081 confidam
3281 5027 3355 5082 illi
3390 5027 3460 5098 ι),
3496 5046 3621 5085 mox

2046 5130 2329 5186 personam
2384 5116 2555 5187 ipsius
2610 5115 2977 5171 Emmanuelis
3032 5118 3367 5185 introducit,
3415 5122 3506 5191 qui
3564 5123 3619 5177 in

2044 5210 2161 5277 ipso
2191 5222 2340 5278 spem
2381 5208 2780 5262 collocantibus
2806 5209 3243 5277 coniunctionem
3279 5213 3619 5281 spiritualem

2043 5301 2295 5354 videlicet
2341 5300 2604 5367 indulget.
2642 5298 2839 5353 Effudit
2880 5301 3023 5355 enim
3065 5301 3230 5357 Filius
3260 5318 3414 5357 suum
3444 5303 3618 5374 Spiri-

2044 5404 2155 5446 tum
2206 5392 2258 5445 iu
2303 5404 2421 5453 nos,
2474 5399 2528 5445 et
2556 5392 2706 5458 quasi
2743 5392 3026 5447 domestici
3059 5409 3121 5448 ac
3150 5394 3325 5447 intimi
3369 5394 3499 5450 facti
3526 5414 3617 5451 su-

2046 5494 2187 5543 tnus,
2228 5481 2279 5533 iu
2338 5482 2565 5548 ipsoque
2615 5478 2953 5534 clamamus:
2987 5481 3164 5545 Abba,
3210 5483 3390 5538 Pater.
3438 5485 3617 5551 Quare

2043 5584 2241 5639 pueros
2270 5569 2362 5624 Dei
2393 5580 2448 5623 et
2478 5568 2657 5623 Patris
2684 5585 2783 5625 nos
2815 5579 2991 5638 vocat,
3026 5581 3210 5641 utpote
3249 5577 3616 5643 regeneratio-

2043 5678 2165 5716 nem
2220 5677 2315 5732 per
2355 5659 2615 5732 Spiritum
2658 5660 2938 5728 habentes,
2980 5672 3038 5718 ut
3076 5674 3129 5719 et
3159 5663 3358 5721 fratres
3381 5665 3497 5733 ejus
3520 5666 3612 5735 qui

2043 5763 2236 5807 natura
2288 5768 2413 5809 vere
2467 5766 2552 5810 est
2600 5752 2787 5818 Filius,
2842 5770 3234 5826 nuncupentur.
3276 5758 3421 5813 Dixit
3466 5759 3613 5811 enim

422 5916 468 5950 "
492 5916 635 5975 Psal.
664 5932 848 5985 xmx,
877 5918 923 5972 Ι.
998 5917 1043 5949 ⁷⁸
1066 5923 1079 5939 ⁹
1107 5916 1249 5972 l’sal.
1277 5930 1425 5983 χινι,
1457 5915 1540 5972 Μ.
1623 5916 1665 5948 "
1690 5912 1732 5969 ll
1757 5916 1900 5973 l‘ett'.
1929 5931 1989 5984 ιι,
2011 5914 2101 5981 νο,
2133 5916 2223 5973 ει.
