4152 6366
494 431 611 508 '239

1484 442 1542 497 S.
1585 438 1859 495 CYRlLLl
1900 436 2365 494 ALEXANDRINI
2406 436 2726 495 ARCHIEP.

3655 434 3764 491 2ιο

506 577 642 618 voce
675 557 957 630 psallentis
991 577 1002 611 :
1038 575 1056 606 ι
1085 554 1433 611 Annuntiabo
1480 570 1680 611 nomen
1721 562 1869 609 tuum
1909 552 2082 607 fratri-

2186 554 2335 608 Υἱοῦ.
2368 557 2513 627 Ἔφη
2544 554 2653 627 γὰρ
2675 556 2765 610 διὰ
2787 556 2889 628 τῆς
2909 557 3002 612 τοῦ
3023 556 3331 621 Ψάλλοντος
3353 554 3555 626 φωνῆς’
3586 573 3603 605 ι
3638 556 3765 607 Ἀπ-

507 656 611 711 bus
639 655 775 708 meis
802 652 873 705 τ’.
924 669 942 703 ›
987 648 1183 704 Verum
1214 649 1492 704 enimvero
1522 648 1645 703 licet
1675 647 1843 702 frater
1883 643 2076 708 factus,

504 756 561 801 et
608 743 1000 816 primogenitus
1036 750 1282 795 nostrum
1318 752 1537 811 propter
1569 738 1961 794 humanitatem
1994 736 2079 790 di-

504 844 625 890 ctus
669 836 760 898 sit,
806 832 1020 889 tametsi
1060 832 1201 888 Deus
1238 832 1310 887 sit
1336 840 1391 887 et
1423 831 1590 887 Filius
1611 831 1867 901 unigena,
1899 839 2079 883 tamen

508 928 668 1002 145
685 929 909 998 gloriam
929 926 1068 995 ejus,
1087 937 1143 981 et
1160 940 1320 994 super
1336 940 1552 980 omnem
1574 936 1882 981 creaturam
1899 923 2049 979 excel
2064 953 2082 964 ο

504 1020 726 1075 lentiam
752 1035 857 1074 non
894 1020 1231 1088 ignoramus.
1269 1018 1482 1072 Scimus
1521 1033 1650 1073 vero
1673 1033 1772 1072 nos
1797 1018 1895 1087 ipsi
1921 1015 2081 1070 aDeo

505 1123 561 1168 et
606 1113 768 1168 Patre
815 1114 1065 1167 donatos.
1103 1111 1220 1179 Quo
1253 1111 1367 1183 ipse
1401 1113 1673 1167 invenitur
1706 1112 1852 1167 Patri
1887 1123 1941 1167 et
1971 1112 2083 1167 Deo

503 1205 716 1261 caelesti
760 1205 1007 1260 dixisse:
1056 1222 1075 1257 ι
1113 1204 1258 1271 Quos
1304 1204 1498 1260 dedisti
1555 1204 1685 1258 mihi
1736 1220 1800 1258 ex
1852 1204 2076 1268 mundo,

506 1299 581 1352 tui
628 1308 807 1361 erant,
851 1306 905 1350 et
936 1296 1066 1351 mihi
1105 1295 1223 1350 illos
1254 1297 1453 1350 dedisti
1485 1296 1554 1352 ⁷³.
1589 1316 1607 1347 ι
1646 1297 1906 1350 Dominus
1937 1294 2080 1349 enim

504 1392 747 1447 omnium
804 1398 887 1447 est
935 1400 1128 1445 natura
1174 1389 1368 1453 Filius,
1403 1400 1457 1445 et
1501 1388 1555 1443 in
1591 1389 1773 1444 omnia
1806 1403 1925 1459 quae
1954 1395 2080 1443 sunt

503 1495 714 1548 creata,
764 1499 886 1538 cum
926 1483 1033 1538 Deo
1082 1489 1137 1536 et
1187 1481 1348 1536 Patre
1384 1497 1607 1552 regnum
1641 1482 1869 1535 obtinet.
1898 1481 1965 1532 At
1992 1479 2081 1535 ubi

507 1578 674 1633 homo
724 1577 897 1631 factus
923 1585 1029 1642 est,
1056 1575 1142 1631 cui
1182 1576 1363 1629 omnia
1396 1575 1697 1644 adjudicala
1726 1583 1851 1628 sunt
1879 1582 1933 1627 et
1958 1574 2081 1627 data

502 1671 783 1737 divinitus,
835 1671 1086 1739 accipere
1127 1652 1326 1724 dicitur
1361 1683 1423 1722 ea
1462 1682 1691 1735 quorum
1732 1665 1942 1721 exsistit
1983 1667 2082 1719 Do-

504 1764 683 1818 minus
727 1772 783 1815 ut
813 1760 956 1817 Deus
1000 1777 1015 1816 :
1080 1779 1099 1813 ι
1132 1760 1352 1816 Postula
1398 1760 1569 1825 enim,
1606 1760 1801 1829 inquit,
1833 1775 1861 1812 a
1891 1774 1995 1823 me,
2028 1767 2084 1814 et

2186 647 2402 716 αγγελῶ
2430 648 2490 701 τὸ
2528 649 2700 718 ὄνομά
2732 666 2825 702 σου
2849 652 2962 713 τοῖς
3004 649 3253 719 ἀδελφοῖς
3298 667 3419 720 μου.
3460 666 3478 699 ι
3518 646 3666 717 Πλὴν
3715 647 3767 703 ει

2182 739 2275 792 καὶ
2298 739 2518 806 γέγονεν
2540 739 2784 809 ἀδελφὸς,
2813 742 2908 794 καὶ
2934 743 3339 813 κεχρημάτικεν
3368 739 3524 812 ἡμῶν
3557 739 3767 810 πρωτόσ

2182 848 2338 894 τοκος
2370 830 2457 884 διὰ
2488 832 2549 884 τὸ
2591 831 2951 903 ἀνθρώπινον,
2981 833 3155 887 καίτοι
3185 832 3315 896 Θεὸς
3345 832 3635 905 ὑπάρχων,
3671 829 3765 884 καὶ

2184 923 2311 986 Υἱὸς
2349 926 2666 997 μονογενὴς,
2696 925 2812 979 ἀλλ’
2840 927 2941 980 οὑκ
2967 927 3318 1008 ὴγνοήκσμεν
3355 926 3521 980 αὑτοῦ
3555 925 3654 997 τὴν
3682 925 3765 978 δὸ-

2185 1013 2300 1087 ξαν,
2324 1016 2417 1069 καὶ
2438 1015 2533 1087 τὴν
2555 1016 2693 1070 κατὰ
2720 1018 2902 1089 πάσης
2925 1020 3153 1082 κτίσεως
3176 1019 3470 1089 ὑπεροχήν.
3502 1020 3690 1088 Ἰσμεν
3708 1015 3765 1069 δὲ

2182 1106 2265 1157 ὅτι
2292 1104 2551 1176 δεδόμεθα
2576 1106 2724 1179 αὐτῷ
2754 1109 2902 1177 παρὰ
2923 1108 3056 1161 Θεοῦ
3090 1108 3180 1161 καὶ
3210 1108 3445 1178 Πατρός.
3478 1108 3587 1161 Καὶ
3610 1105 3766 1160 τοῦτο

2183 1196 2345 1260 αὐτὸς
2375 1198 2686 1268 εὑρίσκεται
2726 1199 2917 1267 λέγων,
2962 1200 3098 1272 πρὸς
3130 1201 3219 1254 τὸν
3264 1203 3322 1255 ἐν
3364 1203 3476 1264 τοῖς
3516 1200 3765 1271 οὐρανοῖς

2184 1287 2403 1359 Πατέρα
2438 1289 2533 1343 καὶ
2562 1290 2713 1343 Θεόν·
2748 1310 2766 1343 ι
2805 1291 2910 1355 Οὓς
2938 1291 3174 1356 δέδωκάς
3218 1309 3306 1364 μοι
3337 1293 3402 1345 ἐκ
3434 1291 3526 1346 τοῦ
3558 1293 3765 1363 κόσμου

2185 1380 2266 1432 σοὶ
2301 1375 2461 1451 ἦσαν,
2509 1382 2675 1452 κάμοὶ
2717 1383 2912 1448 αὐτοὺς
2947 1383 3171 1447 ἔδωκας.
3218 1403 3236 1434 ι
3286 1383 3488 1455 Κύριος
3527 1384 3623 1455 μὲν
3657 1383 3767 1456 γὰρ

2181 1471 2290 1523 τῶν
2323 1471 2458 1526 ὅλων
2498 1474 2614 1527 ἐστὶ
2657 1475 2799 1528 κατὰ
2834 1475 2993 1542 φύσιν
3020 1477 3048 1528 6
3082 1475 3228 1538 Υἱόςο
3274 1476 3366 1529 καὶ
3401 1475 3768 1548 συγκατάρχει

2186 1565 2383 1628 παντὸς
2410 1566 2635 1638 γενητοῦ
2671 1568 2748 1637 τῷ
2779 1568 2898 1639 Θεῷ
2936 1570 3029 1623 καὶ
3078 1568 3272 1641 Πατρί.
3318 1569 3535 1642 Ἐπειδὴ
3560 1570 3656 1623 καὶ
3678 1570 3769 1641 γέ-

2184 1675 2339 1727 γονεν
2368 1659 2674 1729 ἄνθρωπος,
2706 1653 2751 1727 ᾧ
2792 1660 2969 1713 πάντα
3015 1661 3131 1714 ἐστὶ
3173 1660 3427 1714 θεόσδοτα
3468 1663 3559 1714 καὶ
3589 1662 3769 1715 είσκε-

2184 1750 2418 1821 κριμένα
2446 1750 2663 1819 λέγεται
2692 1751 2896 1817 λαϐεῖν,
2930 1746 3004 1805 ὧν
3044 1752 3254 1822 ὑπῆρχε
3292 1750 3478 1821 κύριος
3509 1752 3583 1808 ὡς
3612 1752 3763 1819 Θεός’⁶

504 1853 644 1907 dabo
700 1851 795 1905 tibi
852 1860 1040 1921 gentes
1099 1850 1470 1905 haereditatem
1510 1859 1677 1915 tuam,
1709 1857 1763 1903 et
1796 1850 2082 1919 possessio-

2189 1862 2206 1893 ι
2237 1844 2465 1913 Αἴτησαι
2500 1842 2628 1913 γὰρ,
2665 1862 2683 1893 ι
2722 1845 2874 1914 φησί,
2918 1861 2938 1895 ι
2976 1843 3105 1913 παρ’
3138 1842 3296 1913 ἐμοῦ,
3342 1845 3434 1897 καὶ
3477 1842 3632 1897 δώσω
3685 1861 3768 1897 σοι

503 1958 626 1998 nem
661 1953 803 1996 luant
829 1942 1093 1996 terminos
1120 1952 1277 1996 terra:
1316 1940 1382 1994 ⁷⁸.
1418 1960 1435 1993 ›
1470 1940 1719 1998 Exsultat
1750 1956 1882 2010 ergo
1913 1941 1964 1993 in
2000 1940 2082 1995 his

2184 1936 2311 2007 ἔθνη
2352 1936 2449 2009 τὴν
2489 1912 2854 2011 κληρονομίαν
2885 1954 2998 2001 σου,
3042 1912 3134 1990 καὶ
3174 1937 3269 2009 τὴν
3302 1937 3631 2007 κατάσχεσίν
3673 1954 3767 1992 σου

498 2036 627 2106 qui
663 2036 737 2089 illi
790 2036 984 2098 ﬁdunt,
1037 2036 1089 2090 id
1145 2045 1248 2100 est,
1291 2036 1341 2088 in
1392 2035 1477 2089 his
1513 2035 1601 2105 qui
1659 2036 1834 2089 vocati
1864 2045 1985 2089 sunt
2014 2033 2082 2087 ad

2184 2027 2252 2081 τὰ
2279 2027 2490 2098 πέρατα
2523 2027 2622 2096 τῆς
2661 2026 2786 2097 γῆς.
2824 2046 2842 2079 ι
2899 2028 3283 2098 Ἐπιγάννυται
3322 2029 3502 2083 τοίνυν
3532 2031 3645 2093 τοῖς
3679 2030 3767 2082 ἐπ’

505 2128 836 2198 agnitionem
870 2128 1117 2182 veritatis
1170 2144 1265 2197 per
1302 2128 1496 2191 iidem,
1550 2139 1605 2181 et
1655 2142 1815 2181 manu
1875 2137 2082 2180 tantum

504 2234 609 2273 non
646 2229 898 2286 protensa
948 2233 1041 2272 eos
1092 2227 1359 2271 monstrat
1408 2217 1633 2272 dicens:
1667 2236 1685 2268 ι
1723 2218 1862 2272 Ecce
1894 2232 1995 2287 ego
2029 2226 2084 2272 et

504 2312 653 2380 pueri
706 2326 841 2380 quos
882 2310 1030 2364 dedit
1070 2310 1198 2364 mihi
1236 2308 1392 2364 Deus.
1420 2329 1439 2360 ι
1476 2308 1608 2376 Quis
1642 2310 1803 2379 igitur
1836 2312 1925 2379 qui
1962 2311 2076 2365 haec

501 2402 795 2470 loquitur?
848 2402 1102 2459 videlicet
1150 2402 1491 2466 Emmanuel,
1517 2402 1611 2472 qui
1645 2403 1773 2468 erit,
1805 2402 1999 2471 inquit,
2028 2404 2079 2456 in

502 2496 655 2564 signa
682 2504 737 2549 et
760 2504 974 2550 ostenta
999 2495 1050 2548 in
1074 2494 1257 2559 Israel,
1290 2510 1320 2549 a
1350 2494 1580 2551 Domino
1599 2494 1838 2548 Sabaoth
1865 2495 1954 2563 qui
1980 2494 2080 2548 ha-

502 2591 642 2643 bitat
676 2589 729 2640 in
762 2598 942 2643 monte
975 2587 1129 2643 Sion.
1168 2588 1300 2642 Nam
1332 2598 1390 2643 ut
1432 2592 1654 2644 credant
1693 2598 1852 2643 teme
1889 2586 2079 2643 incolas

502 2695 627 2735 eum
660 2680 749 2750 qui
785 2692 975 2734 natura
1016 2680 1159 2736 Deus
1180 2692 1285 2745 est,
1318 2679 1522 2737 factum
1553 2695 1673 2736 esse
1700 2681 1998 2745 hominem,
2027 2690 2081 2734 et

503 2771 596 2841 qui
650 2770 1019 2824 universitatis
1066 2770 1324 2825 Dominus
1379 2771 1619 2837 exsistit,
1674 2771 1819 2826 servi
1848 2768 2080 2825 formam

502 2873 747 2936 gestasse
783 2866 993 2919 ratione
1020 2863 1442 2933 dispensationis
1480 2879 1593 2919 suae
1619 2873 1841 2935 propter
1868 2878 1990 2929 nos,
2018 2877 2083 2918 ac

502 2957 860 3025 complurima
907 2971 1005 3028 per
1046 2954 1295 3011 Judazam
1328 2957 1477 3029 signa
1512 2967 1794 3026 operatum
1828 2971 1970 3025 esse,
1998 2957 2082 3012 di-

503 3050 753 3120 vinaeque
776 3050 1104 3119 praestantia:
1141 3052 1526 3107 documentum
1570 3051 1931 3107 clarissimum
1972 3051 2082 3107 edi-

503 3142 670 3208 disse,
724 3151 887 3214 atque
917 3157 979 3197 ea
1006 3142 1244 3213 perfecta
1270 3159 1393 3214 qua
1417 3144 1723 3213 opinionem
1752 3144 1994 3200 omnium
2028 3151 2079 3199 et

501 3238 802 3293 orationem
838 3246 1115 3307 superant,
1154 3245 1394 3293 mortuos
1419 3237 1729 3305 excitando,
1775 3237 2081 3295 immundos
2107 3263 2151 3322 ο

501 3330 730 3400 spiritus
786 3330 1142 3400 increpando,
1195 3329 1466 3399 caecisque
1496 3331 1669 3387 visum
1709 3345 1807 3399 pro
1843 3329 2083 3398 suojure

501 3432 559 3477 et
602 3422 932 3476 auctoritate
990 3421 1292 3493 largiendo.
1346 3420 1586 3479 Judaicm
1616 3434 1797 3478 autem
1822 3424 2085 3494 perversi-

505 3510 631 3567 tatis
652 3522 706 3566 et
734 3513 1029 3581 impietatis
1054 3514 1385 3582 criminatio,
1410 3516 1725 3585 prophetica
1753 3515 1861 3569 erit
1881 3515 2079 3571 oratio.

503 3602 670 3673 Signa
715 3606 859 3659 enim
911 3615 964 3659 et
1004 3615 1219 3660 ostenta
1261 3621 1289 3659 a
1320 3607 1548 3661 Domino
1596 3606 1834 3662 Sabaoth
1865 3607 1955 3675 qui
1989 3608 2084 3661 lia-

502 3696 645 3750 bitat
698 3695 753 3750 in
810 3706 992 3751 monte
1051 3697 1202 3762 Sion,
1260 3695 1402 3753 facta
1433 3699 1613 3753 dicit:
1652 3698 1739 3754 isti
1787 3713 1917 3753 vero
1946 3698 2083 3753 nihil

505 3802 611 3841 non
662 3795 716 3842 et
768 3803 951 3842 rerum
990 3796 1044 3842 et
1080 3789 1370 3843 verborum
1422 3791 1708 3860 impiorum
1760 3793 2080 3846 intentatum

504 3877 892 3948 Ieliuquentes,
923 3878 1302 3947 blasphemare
1329 3882 1443 3935 ausi
1473 3891 1598 3936 sunt
1619 3882 1896 3936 dicentes:
1928 3900 1948 3934 ι
1980 3879 2082 3935 Hic

504 3985 611 4024 non
666 3970 816 4041 ejicit
866 3971 1130 4035 daemonia
1189 3973 1289 4027 nisi
1335 3988 1429 4042 per
1462 3973 1747 4031 BeelZebul
1782 3974 2079 4045 principem

504 4060 894 4117 damoniorum
929 4064 999 4119 ⁷⁸.
1032 4081 1051 4115 ι

574 4344 742 4400 Vens.
778 4346 867 4413 19,
894 4344 985 4399 20.
1020 4343 1087 4398 Et
1120 4346 1166 4399 si
1194 4346 1423 4399 dixerint
1445 4345 1584 4399 vobis
1606 4362 1623 4396 :
1651 4346 1920 4415 Requirite
1941 4354 2080 4399 vates

2184 2120 2336 2191 αὐτῷ
2376 2119 2711 2181 πεποιθόσιν,
2757 2118 2901 2172 τοῦτ’
2933 2119 3069 2186 ἔστι,
3119 2123 3229 2184 τοῖς
3276 2121 3633 2192 κεκλημένοις
3685 2121 3769 2189 εἰς

2186 2213 2482 2283 ἐπίγνωσιν
2515 2211 2773 2282 ἀληθείας
2816 2211 2904 2265 διὰ
2941 2213 3038 2282 τῆς
3078 2212 3331 2278 πίστεως
3373 2214 3530 2285 μόνον
3558 2214 3614 2267 δὲ
3647 2214 3768 2285 οὑχὶ

2185 2309 2278 2361 καὶ
2302 2310 2462 2379 χεῖρα
2480 2307 2777 2378 προτείνων
2793 2307 3194 2371 καταδείκνυσι,
3218 2308 3410 2376 λέγων’
3437 2326 3455 2359 ι
3498 2309 3627 2362 Ἰδοὺ
3655 2309 3767 2379 ἐγὼ

2183 2401 2277 2454 καὶ
2299 2399 2369 2452 τὰ
2397 2399 2603 2463 παιδία,
2639 2399 2674 2452 ἆ
2710 2416 2800 2469 μοι
2833 2399 3032 2453 ἔδωκεν
3065 2402 3093 2453 ὀ
3119 2401 3269 2464 Θεὸς.
3303 2421 3321 2454 ›
3354 2400 3449 2465 Τίς
3475 2398 3567 2456 οῦν
3593 2403 3767 2457 ταῦτα

2182 2493 2385 2561 λέγωνς
2418 2494 2447 2545 6
2477 2493 2823 2566 Ἐμμανουὴλ
2847 2492 3108 2564 δηλονότι.
3140 2495 3235 2555 Ὃς
3264 2493 3434 2560 ἔσται,
3470 2496 3654 2566 φησὶν,
3687 2498 3767 2561 είς

2185 2586 2385 2657 σημεῖα
2420 2586 2514 2639 καὶ
2546 2584 2749 2657 τέρατα
2775 2587 2833 2638 ἐν
2863 2584 2940 2655 τῷ
2982 2586 3196 2657 Ἰσραὴλ
3229 2588 3380 2659 παρὰ
3408 2588 3615 2657 Κυρίου
3660 2588 3768 2640 Σα-

2183 2676 2354 2743 ϐαὼθ,
2383 2676 2442 2741 ὃς
2467 2680 2713 2730 κατοικεῖ
2745 2678 2801 2731 ἐν
2826 2677 2901 2747 τῷ
2926 2677 3041 2749 ὄρει
3069 2677 3226 2735 Σιών.
3261 2680 3376 2735 Ἵνα
3404 2679 3513 2752 γὰρ
3540 2679 3764 2735 πιστεύ-

2184 2786 2334 2825 σειαν
2364 2770 2414 2823 οἱ
2447 2768 2587 2823 κατὰ
2618 2770 2795 2825 πᾶσαν
2825 2770 2923 2838 τὴν
2953 2773 3080 2842 γῆν,
3107 2770 3188 2825 ὅτι
3214 2772 3347 2836 Θεὸς
3373 2770 3450 2827 ὢν
3477 2772 3635 2842 φύσει
3669 2774 3764 2842 γέ-

2181 2880 2339 2934 γονεν
2360 2862 2664 2935 ἄνθρωπος,
2689 2863 2784 2916 καὶ
2806 2862 2912 2918 τῶν
2949 2863 3089 2918 ὅλων
3118 2864 3377 2936 ὑπάρχων
3400 2865 3625 2939 Κύριος,
3665 2868 3767 2937 τὴν

2180 2955 2276 3011 τοῦ
2318 2955 2504 3012 δούλου
2544 2958 2823 3030 πεφόρηκε
2862 2956 3075 3029 μορφὴν
3110 2960 3464 3029 οἰκονομικῶς
3499 2960 3565 3014 δι’
3596 2962 3764 3032 ἡμᾶς·

2183 3050 2413 3107 πλεῖστά
2436 3067 2496 3105 τε
2527 3052 2627 3109 ὅσα
2656 3052 2798 3104 κατὰ
2819 3050 2917 3123 τὴν
2946 3051 3199 3111 Ἰουδαίαν
3223 3054 3515 3124 εἰργάσατο
3541 3058 3767 3127 σημεῖα,

2182 3146 2278 3199 καὶ
2340 3146 2440 3217 τῆς
2486 3144 2635 3209 θείας
2703 3146 2972 3215 ὑπεροχῆς
3037 3146 3433 3218 ἐνεργεστάτην
3492 3147 3769 3215 ἀπόδειξιν

2183 3241 2491 3310 ἐποιήσατο·
2525 3239 2595 3294 τὰ
2623 3238 2940 3311 παραδόξως
2979 3255 3040 3293 τε
3101 3239 3196 3293 καὶ
3246 3240 3389 3310 ὑπὲρ
3429 3239 3585 3309 λόγον
3630 3241 3768 3294 ἀπο·-

2183 3334 2504 3406 τελούμεναο
2551 3331 2711 3387 τοῦτο
2774 3332 2872 3405 μὲν
2920 3333 3148 3404 νεκροὺς
3201 3333 3461 3401 ἀναστὰς,
3510 3333 3669 3389 τοῦτο
3709 3333 3768 3388 δὲ

2182 3423 2514 3496 ἀκαθάρτοις
2558 3423 2865 3494 πνεύμασιν
2904 3423 3195 3495 ἐπιτιμῶν·
3238 3425 3334 3478 καὶ
3371 3425 3590 3495 τυφλοῖς
3621 3425 3677 3479 δὲ
3707 3427 3770 3480 τὸ

2186 3516 2404 3587 βλέπειν
2454 3519 2512 3570 ἐν
2554 3516 2775 3588 ἐξουσίᾳ
2826 3517 3189 3588 δωρούμενος.
3227 3518 3522 3589 Ἔγκλημα
3570 3519 3627 3573 δὲ
3670 3523 3771 3590 τῆς

2197 3606 2463 3662 Ἰουδαίων
2502 3608 2821 3679 σκαιότητος
2861 3607 2956 3660 καὶ
3000 3606 3337 3672 δυσσεϐείας,
3376 3611 3405 3662 6
3435 3610 3769 3681 προφητικὸς

2184 3703 2335 3757 ἔσται
2366 3701 2540 3770 λόγος.
2570 3699 2651 3754 Τὰ
2678 3701 2778 3783 μὲν
2806 3700 2915 3773 γάρ
2938 3704 3140 3771 σημεῖα
3167 3702 3259 3755 καὶ
3288 3702 3357 3758 τὰ
3378 3703 3583 3774 τέρατα
3617 3704 3769 3774 παρά

2183 3792 2389 3864 Κυρίου
2434 3790 2662 3845 Σαϐαὼθ
2704 3790 2798 3845 τοῦ
2838 3791 3218 3857 κατοικοῦντος
3270 3794 3329 3847 ἐν
3361 3794 3439 3864 τῷ
3483 3795 3599 3867 ὄρει
3630 3794 3770 3850 Σιὼν

2183 3884 2507 3957 γεγενῆσθαί
2534 3902 2717 3955 φησιν.
2752 3886 2812 3938 Οἱ
2855 3884 2912 3938 δὲ
2942 3886 3051 3939 τῶν
3081 3886 3327 3939 ἐκτόπων
3357 3887 3389 3957 ἢ
3426 3888 3770 3959 πραγμάτων

2183 3979 2216 4051 ἢ
2263 3980 2436 4048 λόγων
2466 3980 2879 4050 ἀνεπιτήδευτον
2908 3979 3104 4044 ἐῶντες
3135 3981 3311 4047 οὐδὲν,
3348 3981 3653 4054 δυσφημεῖν
3673 3986 3771 4038 ἀπ-

2183 4080 2424 4149 ετόλμων
2481 4078 2748 4148 λέγοντες·
2789 4097 2808 4130 ι
2852 4070 3021 4143 Οὑτος
3073 4078 3173 4133 οὑκ
3229 4078 3483 4134 ἐκϐάλλει
3542 4081 3611 4137 τὰ
3651 4082 3769 4136 δαι-

2185 4169 2344 4240 μόνια
2389 4170 2438 4223 εἰ
2487 4170 2563 4240 μὴ
2600 4172 2657 4227 ἐν
2699 4169 3025 4234 Βεελζεϐοὺλ
3062 4169 3140 4240 τῷ
3186 4170 3409 4241 ἄρχοντι
3443 4172 3550 4230 τῶν
3578 4173 3771 4245 δαιμο-

2181 4264 2331 4317 νίων.
2371 4281 2390 4314 ι

2252 4353 2361 4407 Καὶ
2384 4354 2494 4408 ἐὰν
2515 4355 2731 4409 εἴπωσι
2764 4358 2919 4422 πρὸς
2943 4355 3118 4425 ὑμᾶς’
3146 4355 3458 4423 Ζητήσατε
3480 4358 3623 4426 τοὺς
3648 4360 3767 4416 ἀπὸ

504 4440 567 4493 de
619 4451 760 4493 terra
809 4454 982 4492 vocem
1032 4440 1260 4504 edentes,
1302 4441 1671 4503 ventritoquas,
1701 4440 1993 4507 vanidicus,
2032 4450 2078 4492 et

2184 4442 2294 4511 τῆς
2332 4442 2445 4513 γῆς
2490 4445 2863 4513 φωνοῦντας,
2917 4446 3017 4500 καὶ
3064 4446 3209 4511 τοὺς
3261 4446 3769 4520 ἐγγαστριμύθους

502 4532 592 4596 qui
629 4535 692 4583 de
721 4541 896 4584 ventre
936 4530 1245 4601 loquuntur,
1278 4547 1446 4584 nonne
1471 4548 1593 4600 gens
1618 4535 1687 4584 ad
1713 4530 1877 4585 Deum
1897 4533 2082 4585 suum?

2184 4533 2324 4599 τοὺς
2348 4534 2841 4604 κενολογοῦντας,
2868 4534 2925 4588 οἳ
2950 4535 3018 4588 ἐκ
3043 4534 3153 4602 τῆς
3182 4537 3417 4603 κοιλίας
3432 4540 3766 4608 φωνοῦσιν,

506 4627 647 4691 Quid
692 4626 967 4679 consulitis
1010 4626 1074 4679 de
1125 4626 1256 4679 vivis
1305 4627 1591 4680 mortuos?
1643 4624 1825 4695 Legem
1854 4617 1992 4678 enim
2028 4627 2081 4678 in

2185 4627 2296 4679 οὐκ
2336 4626 2512 4691 ἔθνος
2549 4627 2698 4695 πρὸς
2726 4627 2875 4682 Θεὸν
2907 4628 3133 4691 αὐτοῦ;
3171 4629 3235 4684 Τί
3272 4630 3586 4700 ἐπιζητοῦσι
3634 4638 3769 4703 περὶ

503 4717 869 4787 ndjumentum
927 4718 1096 4783 dedit,
1147 4727 1202 4771 ut
1260 4718 1488 4771 dicant:
1520 4717 1641 4770 Non
1689 4720 1820 4771 sicut
1872 4718 2083 4770 verbum

502 4813 663 4877 istud,
699 4813 763 4867 de
780 4828 883 4883 quo
904 4826 1007 4866 non
1034 4824 1105 4865 est
1124 4813 1264 4866 dona
1284 4812 1413 4866 dare
1434 4829 1527 4881 pro
1556 4814 1687 4880 ipso.

577 5090 957 5147 lnstructionls
1038 5092 1249 5163 plenam
1306 5094 1608 5149 orationem
1667 5098 1911 5164 praetexit
1967 5100 2084 5167 ipse

511 5180 846 5249 Emmanuel,
867 5185 949 5238 his
963 5186 1054 5253 qui
1076 5200 1224 5253 spem
1254 5186 1307 5239 in
1329 5187 1445 5254 ipso
1472 5186 1634 5258 146
1653 5200 1969 5256 posuerunt,
1991 5192 2083 5261 qui

509 5275 936 5329 munerabantur
972 5278 1025 5329 in
1061 5278 1205 5339 ﬁliis,
1250 5288 1301 5333 et
1357 5280 1457 5347 ipsi
1492 5295 1522 5332 a
1568 5279 1680 5334 Deo
1705 5291 1754 5334 et
1791 5281 1949 5338 Patre
1976 5284 2086 5339 dati

514 5373 638 5416 sunt
662 5404 677 5429 ,
736 5373 796 5416 ut
831 5363 1108 5420 Servatori
1134 5377 1188 5421 et
1218 5366 1590 5437 Redemptori,
1638 5380 1695 5425 et
1734 5374 2087 5440 Vivilicatori,

509 5453 711 5521 quique
763 5454 1071 5510 illuminare
1122 5458 1288 5523 valet,
1334 5462 1590 5529 omnique
1634 5464 1777 5518 malo
1824 5466 2079 5534 liberare,

509 5556 565 5597 et
591 5545 681 5613 qui
716 5561 811 5598 eos
837 5548 1087 5602 omnibus
1128 5551 1304 5605 modis
1338 5569 1365 5605 a
1398 5555 1642 5622 pristinis
1682 5556 1920 5612 moribus
1966 5559 2079 5625 pri-

508 5651 706 5705 maque
730 5636 1003 5691 dementia
1032 5641 1292 5695 vindicat.
1322 5644 1417 5698 Est
1462 5648 1607 5700 enim
1643 5647 1694 5701 in
1731 5664 1881 5703 more
1911 5650 2079 5704 idolo-

508 5738 629 5777 rum
683 5725 981 5781 cultoribus
1006 5768 1022 5793 ,
1075 5732 1353 5786 oraculum
1384 5734 1771 5792 dazmoniorum
1804 5740 2076 5809 amplecti,

2187 4715 2305 4770 τῶν
2390 4716 2620 4778 ζώντων
2674 4720 2818 4785 τοὺς
2876 4723 3169 4789 νεκρούς;
3244 4726 3445 4795 Νόμον
3509 4727 3621 4796 γὰρ
3684 4732 3772 4794 εἰς

2178 4809 2472 4875 ,βοήθειαν
2526 4812 2769 4879 ἔδωκεν,
2820 4815 2919 4868 ἵνα
2958 4815 3212 4869 εἴπωσιν
3251 4819 3364 4886 οὺχ
3398 4819 3479 4885 ὠς
3504 4820 3570 4872 τὸ
3604 4818 3772 4888 ῥῆμα

2184 4900 2361 4957 τοῦτο
2427 4905 2561 4972 περὶ
2598 4954 2599 4957 η
2630 4902 2701 4962 οὗ
2765 4908 2877 4961 οὐκ
2942 4907 3074 4961 ἐστι
3130 4908 3288 4977 δῶρα
3355 4910 3567 4966 δοῦναι
3635 4915 3770 4982 περὶ

2184 4995 2396 5050 αὐτοῦ.

2255 5106 2639 5177 Κατηχητικὺν
2674 5108 2951 5178 ἐξυφαίνει
2978 5113 3135 5183 λόγον
3166 5116 3330 5180 αὑτὸς
3356 5116 3384 5170 ὁ
3423 5119 3768 5193 Ἐμμανουὴλ

2184 5197 2297 5258 τοῖς
2350 5195 2543 5251 ἐλπίδα
2589 5197 2837 5269 θεμένοις
2865 5203 2945 5265 εἰς
2977 5205 3157 5268 αὑτὸν,
3199 5208 3248 5261 οἳ
3304 5210 3770 5284 κατελογίσθησαν

2191 5287 2289 5357 μὲν
2319 5290 2377 5341 ἐν
2408 5289 2637 5352 τέκνοις·
2660 5291 2896 5346 δέδονται
2917 5294 2973 5347 δὲ
3005 5298 3152 5369 αὑτῷ
3186 5302 3335 5372 παρὰ
3367 5302 3502 5356 Θεοῦ
3532 5306 3625 5358 καί¹
3657 5306 3770 5359 Πα-

2188 5380 2336 5447 τρὸς,
2372 5379 2448 5442 ὡς
2496 5383 2710 5455 Σωτῆρι
2756 5387 2848 5439 καὶ
2901 5392 3159 5462 Λυτρωτῇ
3213 5393 3305 5445 καὶ
3357 5397 3634 5468 Ζωοποιῷ,
3674 5401 3770 5453 καὶ

2191 5473 2592 5540 καταφωτίξειν
2635 5477 2889 5546 ίσχύοντι,
2924 5482 3018 5533 καὶ
3042 5485 3242 5548 παντὸς
3279 5487 3642 5543 ἀπαλλάττειν
3670 5509 3771 5545 κα-

2186 5561 2321 5616 κοῦ·
2360 5564 2619 5636 ἀφίστησι
2663 5568 2720 5620 δὲ
2759 5571 2957 5635 αὐτοὺς
3004 5574 3312 5646 ὁλοτρόπως
3364 5580 3472 5633 τῶν
3525 5583 3771 5653 ἀρχαίων

2186 5655 2355 5723 ἠθῶν,
2384 5658 2478 5709 καὶ
2508 5660 2930 5729 φρενοϐλαϐείας
2956 5666 3056 5736 τῆς
3086 5668 3325 5740 πρώτης.
3352 5672 3513 5737 Ἔθος
3537 5675 3635 5745 μὲν
3660 5677 3771 5745 γὰρ

2184 5750 2296 5811 τοῖς
2324 5749 2432 5801 τῶν
2473 5750 2704 5806 εἰδώλων
2738 5762 3157 5830 προτκυνηταῖς,
3185 5764 3311 5829 τοὺς
3340 5764 3404 5818 ἐκ
3434 5766 3542 5820 τῶν
3579 5768 3770 5840 δαιμο-

474 5968 477 5971 Α
578 5880 624 5912 ’³
645 5881 920 5951 Psal.xx1,
941 5885 1028 5941 Q5.
1105 5888 1150 5919 "
1172 5885 1328 5944 Joan.
1357 5907 1489 5960 xvn,
1516 5895 1566 5949 9.
1644 5896 1687 5927 "'
1712 5896 1856 5955 Psal.
1883 5914 1944 5965 ιι,
1969 5900 2021 5955 8.

2184 5902 2358 5958 liatth.
2387 5920 2482 5973 xn,
2505 5906 2593 5960 24.
2642 5907 2649 5914 ’
