4152 6366
409 369 508 426 ιιι

1552 374 1619 429 ΙΝ
1661 372 1899 430 ISAIAM
1936 372 2067 429 LIB.
2102 372 2142 427 Ι.
2186 371 2392 431 ORAT.
2434 372 2500 427 ν.

3557 378 3667 437 242

409 492 534 547 νίων
565 494 847 563 χρησμοὺς
888 494 1138 563 ἀγαπᾷν,
1184 496 1278 547 καὶ
1319 493 1620 563 κενολόγοις
1650 495 1763 548 τισὶ
1807 510 1994 564 νεκρο-

2102 502 2150 550 et
2202 493 2507 563 vaniloquis
2556 490 2880 563 quibusdam
2949 492 3366 547 necromanticis
3416 492 3663 549 adhaere-

413 580 635 650 μάντεσι
680 582 1039 650 προσκεῖσθαι
1084 583 1276 651 φιλεῖν,
1325 585 1375 636 οἳ
1414 584 1629 653 λέγουσι
1662 586 1761 655 μὲν
1790 584 1989 654 ἀληθὲς

411 672 585 725 οὐδέν’
634 672 1021 743 ἀνερεύγονται
1073 675 1130 728 δὲ
1187 675 1375 747 ὥσπερ
1427 676 1485 729 τὸ
1550 678 1628 740 εἰς
1684 675 1809 729 νοῦν
1856 671 1990 748 ἧκον

412 764 616 827 ἀτελῶς.
672 764 811 817 Ἀλλ’
840 766 1022 836 ὑμεῖς,
1050 767 1203 837 φησὶ,
1228 767 1333 821 κᾶν
1369 770 1417 821 εἰ
1452 768 1728 841 προσίοιτό
1760 785 1867 833 τις,
1898 765 1991 820 λέ-

413 872 544 923 γων·
581 857 862 928 Ζητήσατε
893 861 1021 920 τοὺς
1057 860 1164 912 ἀπὸ
1208 861 1308 930 τῆς
1346 864 1447 931 γῆς
1479 861 1810 929 φωνοῦντας,
1846 859 1991 912 τοῦτ’

413 949 549 1009 ἔστι,
587 950 709 1013 τοὺς
745 954 1246 1023 προσποιουμένους
1274 954 1565 1025 ἀναφέρειν
1592 954 1718 1017 τοὺς
1743 952 1989 1024 νεκρούς·

414 1038 509 1091 καὶ
555 1038 743 1111 ὥσπερ
793 1040 852 1106 ἐξ
895 1042 1022 1113 ᾅδου
1057 1044 1327 1098 ποιεῖσθαι
1368 1045 1467 1108 τὰς
1512 1044 1791 1115 μαντείαςο
1825 1044 1994 1115 ἤγουν

416 1132 541 1194 τοὺς
596 1133 1085 1205 ἐγγαστριμύθους·
1124 1137 1173 1189 οἳ
1229 1136 1649 1207 προσποιοῦνται
1697 1137 1796 1207 μὲν
1839 1135 1994 1199 θεούς

416 1237 565 1285 τινας
589 1222 729 1293 ἔχειν
752 1225 831 1288 είς
861 1224 959 1294 τὴν
986 1225 1211 1293 κοιλίαν,
1241 1227 1383 1281 οὕτω
1410 1246 1468 1281 τε
1493 1232 1604 1291 τοῖς
1619 1226 1901 1300 προσιοῦσι
1926 1227 1995 1281 τά

420 1313 562 1382 παρ’
586 1314 812 1368 ἐκείνων
862 1316 1061 1379 λαλεῖν,
1097 1318 1172 1388 μὴ
1198 1319 1486 1389 προσίεσθε
1528 1321 1626 1391 τὴν
1661 1319 1992 1391 συμϐουλήν.

418 1401 655 1455 Φωνοῦσι
688 1404 795 1475 γάρ
823 1406 931 1458 ἀπὸ
959 1406 1126 1477 μόνης
1147 1409 1245 1478 τῆς
1277 1410 1484 1463 ἑαυτῶν
1510 1410 1736 1476 κοιλίας,
1773 1411 1864 1464 καὶ
1896 1412 1997 1465 οὐκ

419 1497 555 1548 εἰσὶν
586 1495 738 1559 ἔθνος
768 1499 1005 1562 συνετὸν,
1040 1499 1181 1553 ὥστε
1215 1502 1308 1555 καὶ
1336 1500 1674 1572 ἀναζητῆσαι
1713 1502 1867 1568 Θεὸν,
1902 1503 1997 1557 καὶ

422 1586 550 1655 παρ’
589 1586 755 1641 αὑτοῦ
805 1606 857 1641 τι
907 1589 1116 1659 μαθεῖν.
1152 1591 1353 1659 Λέγετε
1409 1592 1466 1645 δὲ
1503 1595 1613 1655 τοῖς
1639 1595 1821 1647 ἐκεῖνα
1860 1610 1997 1664 συμ-

424 1678 760 1731 ϐουλεύουσι’
803 1681 868 1733 Τί
900 1681 1187 1750 ὲκζητοῦσι
1218 1684 1344 1753 περὶ
1373 1683 1480 1737 τῶν
1510 1684 1726 1748 ζώντων
1754 1686 1877 1750 τοὺς
1908 1702 1996 1739 νε-

424 1771 619 1840 κρούς;
654 1772 785 1843 ὁρᾷς
816 1772 963 1836 ὅπως
1004 1773 1373 1843 ἀπεργάζεται
1414 1774 1887 1844 νουνεχεστάτους;
1922 1775 1995 1827 Οὐ

2095 602 2273 654 scere,
2309 586 2398 656 qui
2428 586 2538 641 veri
2569 586 2786 654 quidem
2839 584 2974 639 nihil
2998 583 3205 650 dicunt,
3239 585 3334 639 sed
3365 585 3513 640 velut
3540 601 3667 640 eru-

2092 688 2240 734 ctant
2270 677 2529 748 quidquid
2564 688 2765 731 temere
2797 676 2850 729 in
2884 683 3117 730 mentem
3153 675 3319 729 venit.
3350 676 3513 745 Atqui
3545 691 3665 741 vos,

2093 770 2305 838 inquit,
2355 768 2568 823 etiamsi
2618 768 2840 822 accedat
2889 767 3030 835 quis,
3079 780 3142 821 ac
3171 766 3315 821 dicat
3346 784 3359 820 :
3388 766 3668 821 Consulite

2092 871 2244 915 vates
2292 860 2359 914 de
2399 868 2541 913 terra
2577 873 2761 913 vocem
2785 858 3028 921 edentes,
3060 855 3113 912 id
3141 866 3247 923 est,
3287 857 3380 926 qui
3406 857 3668 911 simulant

2093 966 2155 1007 se
2204 960 2443 1005 mortuos
2493 952 2773 1012 reducere,
2820 959 2875 1004 et
2909 947 3059 1003 velut
3104 947 3383 1004 exinteris
3423 948 3510 1003 edi
3544 962 3670 1002 ora.
3738 984 3741 985 ν

2094 1046 2212 1101 cula
2235 1062 2250 1111 ;
2284 1046 2398 1099 sive
2420 1044 2810 1113 ventriloqnos,
2836 1044 2928 1112 qui
2955 1044 3161 1113 tingunt
3178 1044 3307 1098 deos
3324 1055 3382 1097 se
3404 1045 3666 1111 quosdam

2096 1138 2296 1192 habere
2340 1137 2392 1190 in
2420 1148 2628 1199 ventre,
2665 1144 2718 1189 et
2759 1136 2833 1189 ita
2864 1135 3190 1189 adeuntibus
3222 1136 3338 1189 haec
3370 1134 3438 1188 ab
3473 1133 3580 1188 illis
3609 1144 3669 1187 se

2098 1229 2301 1292 dicere,
2328 1228 2614 1282 consilium
2647 1226 2811 1283 nolite
2842 1228 3150 1284 admittere.
3177 1228 3222 1281 Δ
3248 1241 3347 1282 suo
3370 1227 3514 1281 enim
3550 1225 3667 1281 solo

2098 1328 2289 1372 ventre
2318 1317 2552 1371 sonitum
2584 1318 2768 1382 edunt,
2801 1331 2900 1371 nec
2930 1326 3055 1371 sunt
3078 1332 3209 1386 gens
3242 1315 3571 1386 intelligens,
3608 1323 3668 1369 ut

2099 1410 2183 1464 vel
2234 1410 2401 1465 Deum
2443 1408 2749 1475 consulant,
2793 1407 2877 1462 vel
2910 1407 2978 1461 ab
3009 1408 3100 1461 illo
3129 1407 3341 1461 discant
3367 1405 3661 1476 quidpiam.

2100 1501 2273 1556 Dicite
2322 1516 2451 1555 vero
2495 1500 2581 1553 his
2632 1500 2724 1569 qui
2765 1512 2827 1553 ea
2862 1498 3193 1553 consulunt:
3234 1498 3373 1565 Quid
3419 1504 3671 1567 quaerunt

2098 1603 2342 1648 mortuos
2364 1593 2427 1647 de
2457 1592 2844 1657 vivis?viden’,
2876 1604 2982 1659 quo
3006 1601 3166 1661 pacto
3192 1606 3287 1645 eos
3322 1590 3509 1645 reddat
3539 1604 3669 1658 pru-

2100 1686 2441 1741 dentissimos
2473 1685 2497 1737 ‘I
2534 1684 2649 1739 Non
2701 1685 2844 1737 enim
2888 1684 3062 1738 solum
3108 1682 3353 1753 praecipit
3384 1697 3412 1735 a
3447 1696 3671 1751 perver-

2100 1773 2259 1827 sitate
2300 1786 2398 1827 sua
2431 1780 2487 1825 et
2515 1772 2750 1825 amentia
2794 1772 3085 1836 desistere,
3121 1774 3214 1828 sed
3245 1773 3410 1826 etiam
3434 1771 3585 1839 jubet
3612 1780 3671 1826 ut

424 1861 530 1933 γὰρ
567 1863 725 1930 μόνον
768 1863 1069 1934 ἀποφοιτᾷν
1099 1865 1375 1918 ἐπιτάττει
1411 1865 1513 1934 τῆς
1552 1865 1774 1919 ἐκείνων
1818 1866 1999 1919 σκαιό·

2102 1864 2186 1919 his
2232 1864 2325 1934 qui
2360 1872 2566 1930 errant,
2603 1865 2727 1917 boni
2788 1862 3129 1918 consultores
3179 1863 3431 1917 evadant.
3496 1861 3671 1917 Dicite

424 1969 584 2024 τητος
617 1955 711 2006 καὶ
739 1955 1181 2024 φρενοϐλαϐείας,
1212 1957 1346 2011 ἀλλά
1390 1957 1499 2028 γὰρ
1531 1958 1624 2011 κα)⁴
1662 1957 1999 2027 συμϐούλους

427 2042 680 2111 ἀγαθοὺς,
730 2047 841 2108 τοῖς
892 2045 1327 2117 πεπλανημένοις
1368 2046 1616 2115 γενέσθαι
1652 2048 1995 2118 προστάττει.

424 2135 624 2203 Δέγετε
647 2137 774 2207 γὰρ,
798 2136 951 2207 φησί·
982 2136 1045 2191 Τί
1065 2137 1353 2209 ὲκζητοῦσι
1376 2139 1501 2210 περὶ
1519 2139 1625 2193 τῶν
1640 2139 1856 2205 ζώντων
1873 2143 1998 2204 τοὺς

428 2227 683 2297 νεκρούς;
729 2229 905 2291 κοινὸς
950 2228 1059 2299 γὰρ
1106 2229 1197 2282 καὶ
1252 2229 1586 2301 ἀνθρώπινος
1642 2231 1671 2282 ὁ
1720 2231 1996 2303 λογισμός.

428 2320 585 2373 Ποῖον
623 2321 730 2390 γάρ
775 2318 841 2372 ἂν
891 2319 1001 2390 ἔχοι
1040 2319 1195 2386 λόγον
1237 2321 1296 2374 τὸ
1330 2321 1590 2393 διερωτᾷν
1626 2322 1833 2377 ἐθέλειν
1870 2326 2000 2395 περὶ

425 2410 531 2463 τῶν
581 2410 660 2463 ἔτι
706 2408 922 2474 ζώντων
950 2411 1076 2475 τοὺς
1104 2412 1161 2463 ὲν
1186 2414 1251 2482 τῇ
1278 2415 1348 2483 γῇ
1380 2414 1684 2483 κειμένους,
1721 2414 1755 2485 ἢ
1791 2416 1849 2468 ὲν
1872 2414 1998 2486 ᾅδου

423 2501 586 2571 τυχὸν
614 2503 911 2573 γενομένας
941 2502 1149 2572 ψυχάςς
1182 2503 1293 2557 Καὶ
1324 2503 1443 2557 καθ’
1482 2506 1667 2577 ἕτερον
1690 2506 1746 2560 δὲ
1776 2509 1996 2578 τρόπον,

425 2594 635 2665 ἀμαθὲς
659 2595 935 2659 παντελῶς
960 2597 1404 2666 νεκυομαντείαις
1427 2600 1735 2670 προσέχειν,
1760 2600 1860 2655 καὶ
1880 2605 2000 2666 ταῖς

424 2687 535 2739 τῶν
578 2686 793 2758 γοητῶν
828 2687 1174 2756 ψευδοεπίαις
1214 2690 1263 2742 οἳ
1294 2693 1482 2760 νεκρὸν
1515 2690 1696 2762 έχουσι
1733 2693 1824 2747 τὸν
1854 2694 1997 2761 νοῦν,

423 2777 521 2831 καὶ
540 2771 651 2832 οἷον
680 2778 1072 2851 ἀπεψυγμένην
1095 2779 1337 2852 καρδίαν.
1371 2781 1444 2836 Οὐ
1468 2782 1577 2854 γὰρ
1607 2785 1751 2837 ἴσασι
1770 2784 1860 2839 τὸν
1889 2785 1999 2839 τῶν

425 2867 560 2921 ὅλων
588 2869 937 2940 δημιουργὸν,
972 2870 1071 2923 οὐκ
1091 2870 1305 2941 ἔχουσιν
1336 2874 1394 2926 ὲν
1417 2874 1601 2938 αὐτοῖς
1620 2876 1711 2929 τὸν
1738 2874 1999 2940 ζωοποιὸν

424 2975 520 3012 του
558 2959 695 3013 Θεοῦ
722 2960 899 3029 λόγον.
928 2961 1050 3015 Eia!
1077 2961 1133 3015 δὲ
1164 2963 1301 3034 πρὸς
1328 2964 1506 3029 τοῦτο,
1543 2967 1636 3019 καὶ
1664 2969 1872 3038 νεκρῶν
1903 2968 1997 3039 έρ-

424 3067 538 3119 γων
574 3052 917 3124 ἐπιμεληταί.
954 3055 1078 3117 Πῶς
1103 3050 1196 3108 οῦν
1234 3058 1283 3109 oi
1314 3054 1534 3121 ζῶντες,
1566 3058 1709 3111 τοῦτ’
1743 3060 1909 3124 ἐστιν,
1947 3063 1997 3115 οἱ

424 3143 526 3216 τὴν
565 3144 771 3198 ἄνωθεν
810 3145 1021 3214 ἔχοντες
1058 3146 1118 3200 ὲν
1159 3148 1370 3209 ἑαυτοῖς
1396 3148 1741 3218 ζωοποίησιν,
1772 3152 1865 3203 καὶ
1904 3153 1996 3207 τὸν

2100 1956 2290 2022 enim,
2349 1954 2565 2023 inquit:
2618 1953 2757 2020 Quid
2806 1964 3055 2022 quaerunt
3088 1953 3155 2007 de
3205 1954 3345 2009 vivis
3376 1952 3671 2008 mortuos?
3729 2011 3740 2017 ,

2099 2049 2415 2107 Communis
2461 2050 2603 2104 enim
2656 2051 2770 2104 haec
2812 2058 2896 2103 est
2945 2057 2999 2103 et
3046 2049 3281 2102 humana
3328 2048 3490 2102 ratio.
3530 2045 3669 2113 Quid

2100 2141 2245 2195 enim
2301 2140 2527 2194 rationis
2574 2139 2736 2194 habet
2787 2138 2853 2193 de
2904 2138 2987 2193 his
3013 2138 3104 2207 qui
3131 2137 3425 2193 etiamnum
3461 2136 3668 2203 vivunt,

2103 2233 2349 2287 homines
2400 2232 2451 2287 in
2509 2242 2652 2286 terra
2701 2230 2966 2300 iacentes,
3006 2230 3091 2285 vel
3127 2229 3339 2284 animas
3383 2245 3504 2300 qute
3530 2229 3669 2284 forte

2102 2334 2229 2379 sunt
2254 2323 2394 2393 apud
2432 2323 2635 2377 inferos
2678 2322 2986 2377 sciscitari?
3015 2321 3155 2389 Quin
3185 2320 3291 2375 alio
3319 2320 3481 2375 etiam
3510 2317 3667 2373 modo

2102 2417 2363 2471 insulsum
2418 2425 2474 2470 et
2528 2416 2767 2485 ineptum
2816 2424 2901 2470 est
2950 2412 3358 2477 necromantiis,
3410 2409 3669 2481 falsisque

2101 2508 2555 2578 praestigiatorum
2616 2507 2832 2572 verbis,
2892 2506 2981 2576 qui
3031 2512 3267 2561 mentem
3315 2514 3582 2559 mortuam
3614 2511 3671 2557 et

2101 2602 2338 2655 animum
2365 2600 2518 2669 quasi
2546 2599 2870 2655 exstinctum
2902 2598 3120 2662 habent,
3140 2595 3435 2652 attendere.
3460 2594 3670 2650 Etenim

2101 2690 2475 2745 universitatis
2517 2688 2765 2759 opiﬁcem
2818 2688 3087 2760 ignorant,
3134 2702 3234 2742 nec
3270 2687 3471 2741 habent
3503 2685 3557 2739 in
3582 2698 3673 2741 se-

2101 2782 2234 2850 ipsis
2258 2782 2528 2837 viventem
2562 2780 2653 2835 Dei
2676 2794 2982 2835 sermonem
3008 2792 3024 2833 :
3048 2778 3116 2834 ad
3142 2778 3256 2833 haec
3274 2785 3485 2832 mortua
3506 2789 3671 2846 opera

2099 2881 2379 2928 exercent.
2434 2871 2552 2939 Quo
2580 2872 2738 2925 modo
2767 2870 2932 2941 igitur
2960 2871 3053 2939 qui
3082 2870 3291 2934 vivunt,
3321 2870 3424 2924 hoc
3449 2877 3551 2933 est,
3580 2869 3673 2937 qui

2102 2978 2397 3035 supernam
2451 2966 2506 3019 in
2562 2979 2621 3019 se
2655 2964 2856 3018 habent
2890 2962 3327 3026 viviﬁcationem,
3355 2970 3412 3016 et
3438 2961 3558 3016 vivo
3581 2960 3672 3026 Dei

2099 3056 2278 3113 Verbo
2303 3056 2459 3111 ditati
2493 3064 2641 3121 sunt,
2672 3055 2738 3109 de
2761 3054 2893 3123 ipsis
2918 3062 3166 3107 mortuos
3190 3051 3478 3107 consulunt
3497 3051 3521 3105 ’ἒ
3543 3049 3674 3106 Haec

2100 3164 2251 3219 ergo,
2310 3148 2507 3218 inquit,
2562 3147 2747 3212 dicite,
2791 3145 3099 3200 addentes:
3159 3141 3357 3216 Legem
3411 3144 3464 3199 in
3517 3145 3672 3215 adju-

427 3211 604 3300 ζῶντα
631 3235 725 3290 τοῦ
758 3211 893 3290 Θεοῦ
927 3238 1097 3303 Λόγον
1123 3211 1630 3309 ὲκπεπλουτηκότες
1657 3211 1784 3312 περὶ
1817 3242 1997 3297 αὐτῶν

2104 3211 2350 3295 mentum
2381 3211 2558 3303 dedit,
2607 3237 2660 3292 id
2703 3211 2807 3301 est,
2858 3211 3263 3305 evangelicam,
3294 3244 3351 3289 ut
3380 3234 3469 3303 qui
3510 3233 3558 3289 ei
3583 3211 3674 3289 at-

427 3327 673 3397 ὲρωτῶσι
703 3326 828 3391 τοὺς
856 3327 1119 3398 νεκρούς;
1157 3327 1341 3381 Ταῦτα
1382 3330 1556 3383 τοίνυν
1596 3331 1804 3400 λέγετε,
1844 3334 1998 3404 φησὶ,

428 3418 811 3489 προστιθέντες
857 3419 937 3472 ὅτι
985 3420 1148 3489 νόμον
1190 3422 1270 3485 είς
1309 3420 1555 3491 βοήθειαν
1594 3424 1811 3490 ἔδωκεν,
1857 3426 2001 3481 τοῦτ’

428 3508 565 3573 ἐστι,
598 3511 690 3563 τὸν
731 3511 1102 3580 εὐαγγελικὶη,
1144 3512 1208 3565 ἵν’
1246 3514 1296 3566 οί
1336 3516 1692 3584 προσέχοντες
1733 3517 1882 3589 αύτῷ
1915 3519 2003 3573 λέ-

430 3617 622 3666 γωσιν·
652 3603 764 3671 Οὐχ
790 3602 865 3666 ώς
896 3602 956 3655 τὺ
985 3604 1134 3673 ῥῆμα
1159 3603 1332 3669 τοῦτο,
1358 3607 1485 3676 περὶ⁹
1503 3599 1564 3659 οὗ
1597 3609 1699 3661 οὐκ
1723 3608 1837 3662 ἐστι
1856 3610 2003 3681 δῶρα

430 3691 613 3745 δοῦναι
643 3694 772 3763 περὶ
801 3695 986 3747 αὑτοῦ.
1017 3695 1261 3749 Πωλοῦσι
1289 3697 1386 3767 μὲν
1417 3698 1524 3769 γὰρ
1544 3700 1604 3752 τὸ
1632 3701 1842 3770 ψεῦδος,
1868 3704 1918 3755 oi
1936 3703 2006 3757 τά

431 3784 497 3836 ὲκ
530 3784 696 3854 μόνης
724 3784 824 3853 τῆς
846 3784 1052 3838 ἑαυτῶν
1084 3787 1311 3856 καρδίας
1339 3788 1640 3854 λαλοῦντες·
1666 3792 1695 3843 ὁ
1728 3794 1783 3846 δέ
1808 3811 1871 3862 γε
1903 3811 2005 3848 σω-

429 3879 620 3948 τήριος
660 3879 754 3933 καὶ
812 3878 1016 3948 ἀληθὴς
1063 3878 1156 3931 τοῦ
1194 3880 1329 3934 Θεοῦ
1371 3883 1552 3952 νόμος,
1590 3884 1731 3937 τοῦτ’
1760 3886 1897 3949 ἐστι,
1945 3887 2005 3940 τὸ

434 3971 711 4039 θέσπισμα
740 3969 799 4023 τὸ
828 3969 1197 4037 εύαγγελικὸν,
1228 3970 1256 4023 ὃ
1279 3972 1484 4025 δέδοται
1518 3975 1667 4045 πρὸςδ
1688 3976 2006 4047 ἐπικουρίαν

434 4060 545 4115 τῶν
575 4062 666 4116 ἐπὶ
693 4061 794 4132 τῆς
827 4063 950 4133 γῆς,
987 4061 1086 4114 οὐκ
1127 4061 1272 4117 ἔστιν
1314 4065 1389 4130 ὼς
1417 4066 1477 4118 τὸ
1506 4066 1658 4137 ῥῆμα
1700 4068 1877 4135 τοῦτο,
1914 4070 2008 4141 δη-

434 4151 609 4206 λονότι
633 4155 740 4209 τῶν
769 4155 1197 4226 ψευδομάντεων.
1242 4157 1378 4210 Ἀλλ’
1399 4158 1505 4210 οὐδ’
1522 4158 1640 4211 ἐστι
1665 4158 1811 4230 δῶρα
1826 4162 2007 4215 δοῦναι

437 4245 565 4315 περὶ
593 4246 782 4301 αὑτοῦ.
819 4249 905 4312 Ὠς
935 4250 1041 4321 γὰρ
1069 4251 1203 4320 ἔφην
1233 4251 1435 4322 ἀρτίως
1458 4251 1717 4305 ὠνοῦνταὶ
1746 4271 1889 4317 τινες
1919 4256 2012 4324 ἀρε

437 4338 646 4404 γυρίοις
686 4339 784 4403 τὰς
820 4340 930 4393 τῶν
962 4342 1173 4410 γοητῶν
1213 4341 1581 4410 ψευδοεπείας.
1620 4343 1909 4413 Πρόκειται
1953 4344 2010 4397 δὲ

436 4433 548 4492 τοῖς
584 4430 826 4485 ἐθέλουσι
857 4433 917 4486 τὸ
942 4434 1187 4504 οὐράνιον
1216 4434 1511 4505 θέσπισμα,
1540 4435 1604 4489 δι’
1645 4428 1705 4488 οῦ
1740 4437 1875 4505 πρὸς
1903 4438 2012 4490 πᾶν

2101 3331 2348 3395 tendunt,
2373 3329 2553 3385 dicant
2582 3346 2596 3382 :
2621 3325 2738 3382 Non
2764 3312 2905 3382 sicut
2931 3326 3153 3381 verbum
3176 3324 3320 3380 istud
3350 3325 3415 3379 de
3436 3338 3543 3395 quo
3566 3338 3674 3379 non

2100 3423 2226 3479 licet
2250 3423 2385 3477 dona
2409 3423 2539 3474 dare
2569 3435 2665 3490 pro
2693 3420 2828 3488 ipso.
2861 3417 2961 3484 Qui
2986 3431 3219 3486 namque
3234 3431 3298 3471 ex
3317 3430 3415 3470 suo
3436 3415 3674 3484 ipsorum

2100 3516 2262 3570 corde
2286 3513 2400 3568 solo
2430 3514 2741 3581 loquuntur,
2769 3510 3005 3564 vendunt
3034 3509 3408 3563 mendacium:
3447 3516 3504 3561 at
3531 3507 3678 3561 salu-

2103 3608 2235 3661 taris
2295 3615 2349 3659 et
2392 3620 2518 3658 vera
2546 3613 2627 3658 est
2659 3604 2748 3657 Dei
2777 3605 2882 3668 lex,
2910 3603 2961 3656 id
2986 3612 3092 3665 est,
3113 3601 3389 3656 oraculum
3407 3597 3679 3667 evangeli-

2103 3713 2248 3761 cum,
2274 3696 2429 3768 ια’]
2453 3696 2594 3765 quod
2610 3697 2660 3747 in
2678 3694 3038 3762 adjumentum
3059 3693 3362 3747 mortalium
3378 3689 3676 3755 confertur,

2105 3808 2209 3846 non
2268 3800 2349 3845 est
2392 3791 2478 3843 isti
2514 3788 2682 3843 verbo
2712 3786 2910 3850 simile,
2946 3786 3152 3840 scilicet
3178 3783 3435 3838 falsorum
3471 3789 3673 3836 vatum.

2107 3884 2213 3939 Sed
2259 3896 2432 3950 neque
2488 3880 2614 3934 licet
2662 3881 2801 3933 dona
2855 3877 2986 3931 dare
3019 3891 3116 3947 pro
3150 3875 3259 3930 illo.
3292 3873 3593 3943 Siquidem,
3618 3879 3680 3925 ut

2103 3976 2212 4046 jam
2244 3975 2377 4042 dixi,
2433 3972 2655 4043 quidam
2687 3981 2911 4041 argento
2946 3970 3344 4024 incantatorum
3375 3978 3510 4018 vana
3538 3962 3677 4017 vati-

2108 4067 2247 4122 cinia
2279 4074 2483 4119 emunt.
2534 4063 2762 4116 Praestat
2798 4071 2974 4114 autem
3016 4057 3316 4113 volentibus
3338 4054 3558 4110 caeleste
3589 4068 3682 4106 va-

2111 4158 2375 4220 ticinium,
2427 4170 2521 4224 per
2561 4153 2703 4221 quod
2740 4151 2805 4204 ad
2843 4151 3021 4203 omnia
3049 4150 3186 4202 bona
3218 4146 3429 4201 deducti
3464 4157 3673 4207 sumus,

2109 4249 2237 4318 quin
2278 4248 2437 4299 etiam
2475 4258 2594 4314 quae
2623 4243 2797 4296 futura
2828 4250 2976 4303 sunt,
3009 4250 3063 4293 et
3093 4239 3203 4292 ﬁeri
3238 4237 3455 4301 debent,
3485 4234 3678 4289 didici-

2112 4352 2251 4391 mus.
2278 4337 2377 4391 Cui
2401 4336 2541 4389 enim
2561 4336 2847 4387 obscurum
2872 4342 2971 4392 est,
2994 4330 3146 4384 nobis
3165 4329 3301 4384 bona
3331 4326 3676 4391 facientibus,

2111 4442 2167 4485 et
2200 4432 2467 4485 sinceram
2497 4427 2817 4481 charitatem
2850 4424 3069 4479 Christo
3108 4423 3478 4484 servantibus,
3500 4419 3682 4475 omnia

436 4521 614 4574 ὁτιοῦν
643 4522 753 4575 τῶν
775 4525 993 4593 ἀγαθῶν
1020 4527 1462 4611 πεποδηγήμεθα.
1486 4529 1594 4581 Καὶ
1624 4528 1729 4599 μὴν
1750 4529 1848 4583 ὅσα
1875 4533 2001 4600 χρῆν

2114 4521 2232 4575 fore
2267 4537 2330 4576 ex
2366 4522 2529 4574 animi
2559 4519 2824 4574 sententia
2855 4519 2878 4571 ?
2924 4517 3116 4571 Beatos
3154 4515 3418 4584 siquidem
3444 4511 3680 4567 ostendit

437 4612 546 4663 τῶν
607 4613 911 4681 μελλόντων
965 4615 1215 4682 γενέσθαι
1270 4610 1684 4688 μεμαθήκαμεν.
1737 4619 1853 4673 Τίνι
1904 4619 2011 4689 γὰρ

437 4704 761 4772 ἀσυμφανὲς
808 4706 889 4759 ὅτι
932 4710 1258 4777 πράττουσιν
1295 4711 1426 4780 ἡμῖν
1465 4710 1533 4762 τὰ
1584 4709 1782 4778 ἀγαθὰ,
1828 4710 2013 4763 καὶτὸ
2049 4720 2061 4734 ‘

436 4796 659 4863 γνήσιον
712 4798 813 4865 τῆς
858 4798 1078 4869 ἀγάπης
1134 4801 1360 4871 τηροῦσι
1412 4803 1650 4873 Χριστῷ,
1690 4806 1797 4857 πᾶν
1835 4805 2013 4858 ὁτιοῦν

440 4885 595 4938 ἔσται
634 4890 767 4941 κατ’
791 4890 993 4961 εὑχήν;
1026 4893 1344 4963 Μακαρίους
1382 4894 1488 4964 γὰρ
1520 4896 1923 4967 ἀποιραίνειςκα)⁸
1954 4898 2012 4949 ὲν

437 4979 575 5046 τῷδε
610 4980 687 5050 τῷ
727 4983 935 5054 κόσμῳ,
973 4985 1063 5037 καὶ
1110 4988 1189 5047 εἰς
1220 4987 1387 5039 αἰῶνα
1419 4987 1508 5039 τὸν
1551 4987 1830 5056 μέλλοντα.
1872 4988 2014 5059 Πρό-

440 5085 615 5122 κειται
644 5073 845 5136 τοίνυν,
889 5075 1151 5146 ἀργυρίου
1200 5093 1256 5128 τε
1302 5077 1443 5146 δίχα,
1477 5079 1569 5130 καὶ
1611 5077 1781 5147 δώρου
1818 5078 2014 5139 παντὸς

2116 4622 2172 4667 et
2222 4615 2273 4666 in
2312 4613 2413 4666 hoc
2443 4613 2665 4675 mundo,
2699 4621 2754 4665 et
2787 4610 2840 4662 in
2868 4608 3048 4663 futuro
3079 4606 3296 4663 saeculo.
3334 4604 3549 4659 Prostat
3577 4602 3676 4656 ita-

2117 4717 2222 4772 que
2271 4702 2473 4771 absque
2519 4710 2742 4769 argento
2796 4708 2849 4753 et
2894 4700 3038 4753 omni
3093 4699 3256 4761 dono,
3293 4695 3376 4749 his
3411 4695 3501 4763 qui
3536 4695 3678 4747 scire

2118 4796 2305 4849 volunt
2338 4795 2518 4848 datam
2546 4808 2666 4847 esse
2695 4809 2723 4846 a
2748 4793 2965 4848 Christo
3000 4791 3168 4859 legem
3194 4791 3249 4843 in
3286 4790 3680 4859 adjumentum.

2117 4889 2171 4943 ld
2205 4896 2381 4942 autem
2425 4902 2555 4941 voce
2603 4887 2750 4940 Isaia;
2805 4885 3075 4953 sapienter
3122 4882 3320 4936 dictum
3355 4890 3439 4934 est
3477 4899 3489 4934 :
3534 4897 3551 4929 ι
3582 4878 3682 4946 Qui

2118 4980 2304 5043 sititis,
2365 4980 2541 5032 venite
2599 4979 2664 5031 ad
2720 4992 2946 5046 aquam;
3004 4984 3058 5026 et
3090 4973 3181 5041 qui
3223 4987 3325 5025 non
3356 4972 3566 5026 habetis
3597 4986 3684 5023 ar-

2121 5083 2361 5143 gentum,
2397 5081 2587 5124 euntes
2612 5069 2776 5123 emite
2804 5070 3007 5135 absque
3031 5073 3253 5135 argento
3283 5077 3336 5117 et
3363 5064 3537 5131 pretio
3559 5062 3624 5113 ⁷⁸.
3660 5080 3677 5113 ι

438 5161 501 5213 τὸ
536 5163 736 5216 εἰδέναι
774 5168 886 5228 τοῖς
925 5165 1163 5220 ἐθέλουσι
1206 5168 1296 5220 τὸν
1348 5168 1567 5222 δοθέντα
1634 5170 1785 5240 παρὰ
1823 5167 2060 5241 Χριστοῦ
2113 5168 2275 5237 νόμον
2340 5167 2416 5227 εἰς
2473 5161 2808 5233 ἐπικουρίαν.
2869 5159 2979 5213 Καὶ
3024 5158 3180 5211 τοῦτο
3218 5154 3287 5228 ἦν
3325 5158 3450 5227 ἄρα,
3493 5156 3554 5209 τὸ
3597 5155 3687 5208 διὰ

443 5260 626 5328 φωνῆς
684 5260 903 5313 Ἡσαΐου
992 5262 1170 5331 σοφῶς
1219 5263 1524 5333 εἰρημένονο
1586 5282 1604 5315 ι
1664 5266 1728 5318 Οἱ
1793 5264 2051 5334 διψῶντες
2118 5260 2411 5333 πορεύεσθε
2470 5260 2555 5327 ἐφ’
2608 5258 2770 5327 ὕδωρ,
2834 5257 2927 5309 καὶ
2994 5257 3107 5309 ὅσοι
3177 5254 3251 5325 μὴ
3311 5254 3461 5323 ἔχετε
3512 5250 3684 5323 ἀργύ-

446 5368 599 5420 ριον,
661 5350 976 5420 βαδίσαντες
1035 5354 1342 5424 ἀγοράσατε
1404 5355 1533 5409 ἄνευ
1596 5357 1859 5429 ἀργυρίου
1928 5358 2021 5410 καὶ
2056 5355 2283 5426 τιμῆς.»

513 5443 624 5496 Καὶ
662 5443 793 5511 ἣξει
813 5446 904 5514 ἐφ’
943 5446 1098 5515 ὑμᾶς
1120 5448 1358 5516 σκληρὰ
1388 5450 1580 5519 λιμὸς,
1609 5451 1707 5505 καί
1734 5452 1902 5506 ἔσται
1933 5452 2013 5516 ὡς

2216 5445 2377 5500 Vens.
2405 5444 2499 5509 21,
2532 5444 2623 5497 22.
2663 5440 2733 5495 Et
2764 5442 2976 5495 invadet
3000 5456 3084 5494 uos
3119 5440 3251 5493 dum
3275 5440 3461 5509 fames,
3488 5448 3537 5493 et
3561 5438 3682 5503 erit,

444 5530 522 5586 ἂν
559 5535 916 5603 πεινὰσητε,
961 5539 1394 5608 λυπηθήσεσθε
1417 5580 1430 5602 ,
1467 5541 1565 5594 καί
1606 5541 1801 5607 κακῶς
1831 5542 2001 5610 ἐρεῖτε

2120 5549 2173 5593 ut
2202 5539 2467 5601 esuriatis,
2488 5532 2942 5598 contristabimini,
2982 5541 3030 5585 et
3098 5533 3233 5586 male
3258 5532 3441 5587 dicetis
3462 5530 3687 5600 principi

442 5622 551 5676 τὸν
589 5623 849 5693 ἄρχοντα
904 5628 1002 5681 καὶ
1044 5627 1115 5682 τὰ
1150 5629 1383 5698 πάτρια.
1423 5631 1532 5686 Καὶ
1575 5632 2001 5702 ἀναϐλέψοντω

2123 5634 2477 5701 institutisque
2495 5630 2707 5701 patriis.
2744 5626 2811 5682 Et
2836 5626 3120 5682 susuicient
3155 5627 3209 5679 in
3241 5627 3423 5681 caelum
3455 5640 3685 5689 sursum,

520 5784 560 5814 "
584 5783 685 5838 lsa.
711 5801 799 5851 LV,
830 5786 876 5843 Ι.
