4152 6366
466 391 575 448 245

1451 391 1511 451 S.
1552 390 1828 449 CYRILLI
1865 387 2340 445 ALEXANDRINI
2379 386 2702 444 ARCHIEP.

3631 384 3738 431 2η

466 516 515 560 et
541 505 597 557 in
626 514 823 558 terram
856 502 1099 558 deorsum
1122 504 1418 573 inspicient.
1442 501 1579 558 Ecce
1608 512 1785 559 autem
1809 501 2056 573 afﬂictio,

2178 504 2250 569 τίς
2285 501 2394 556 τὸν
2442 498 2706 569 οὐρανὸν
2733 496 2877 558 ἀνω,
2924 493 3021 547 καί
3050 495 3136 559 είς
3162 491 3274 559 τὴν
3312 490 3431 559 γῆν
3472 489 3628 541 κάτω
3650 489 3743 556 sp-

466 606 517 650 et
549 595 811 666 angustia,
866 605 913 649 et
945 595 1113 665 caligo
1137 604 1185 648 et
1206 605 1406 664 egestas
1441 603 1688 665 angusta,
1739 604 1786 648 et
1832 592 2058 647 tenebrat

466 706 523 745 ut
556 706 657 743 non
679 689 919 752 videatis,
951 696 999 741 et
1023 703 1127 741 non
1148 686 1352 755 deﬁciet
1390 687 1513 757 {qui
1555 687 1612 741 in
1645 686 1889 756 angustia
1941 684 2058 753 fue-

466 781 539 834 rit
570 794 733 849 usque
769 776 842 832 ad
871 788 1093 845 tempus.

540 956 852 1012 Orationem
886 954 952 1009 ad
997 962 1375 1010 contumacem
1416 962 1653 1024 gentem,
1701 954 1751 1007 id
1792 963 1895 1019 est,
1920 953 2060 1007 lsra-

470 1048 607 1104 elem
646 1048 922 1115 transfert,
955 1048 1190 1117 quicum
1215 1046 1444 1117 amplam
1474 1046 1877 1102 etuberrimam
1922 1061 2056 1100 con-

471 1141 792 1198 solationem
816 1142 1079 1197 divinitus
1105 1151 1587 1212 consequerentur,
1618 1148 1674 1194 et
1706 1140 1839 1210 legis
1900 1139 2059 1193 insti-

473 1234 607 1290 tutis
638 1244 690 1290 et
721 1235 1004 1306 praeceptis
1032 1234 1233 1289 affatim
1269 1234 1663 1307 opulenterque
1696 1232 2058 1297 abundarent,

472 1325 748 1382 Christum
780 1337 983 1389 tamen,
1013 1327 1262 1396 quamvis
1305 1330 1409 1381 hoc
1450 1326 1516 1380 ad
1566 1324 1850 1378 utilitatem
1906 1337 2060 1378 suam

476 1417 746 1488 proiicere
778 1418 1166 1489 intelligerent,
1197 1434 1303 1473 non
1324 1418 1680 1473 admiserunt.
1715 1415 1851 1470 Hinc
1878 1414 2064 1467 detur-

476 1510 592 1565 bati
632 1520 760 1566 sunt
798 1511 865 1565 ab
892 1526 953 1566 ea
982 1524 1102 1580 qua}
1126 1525 1249 1565 cum
1282 1509 1371 1564 illo
1396 1519 1481 1565 est
1518 1508 1921 1577 conjunctione,
1955 1504 2062 1559 sci-

476 1601 604 1657 licet
633 1604 730 1657 sub
756 1602 1167 1672 intelligentiam
1191 1602 1403 1657 cadenti
1436 1611 1490 1655 et
1509 1599 1803 1669 spirituali,
1827 1607 1882 1652 et
1910 1595 2061 1665 quasi

478 1694 624 1749 fame
673 1694 1060 1763 disperierunt.
1103 1695 1248 1749 Dixit
1297 1696 1441 1748 enim
1502 1690 1871 1746 universitatis
1925 1688 2065 1742 Deus

478 1798 611 1839 voce
640 1784 1076 1855 prophetarum:
1130 1802 1149 1836 ι
1217 1784 1357 1839 Ecce
1411 1782 1603 1837 induco
1651 1780 1845 1833 futitettl
1905 1793 2066 1847 super

2162 593 2519 663 ϐλέψονται·
2576 591 2675 645 καὶ
2709 588 2840 644 ἰδοὺ
2885 587 3095 655 θλίψις
3134 583 3234 637 καί
3264 584 3301 651 ἠ
3349 579 3738 649 στενοχωρία,

2164 688 2263 741 καὶ
2292 687 2535 752 σκότος,
2570 684 2791 751 ἀπορία
2834 678 3043 747 στενὴ,
3096 678 3193 731 καί
3227 677 3449 741 σκότος
3475 672 3632 728 ὥστε
3652 671 3739 742 μὴ

2154 780 2433 846 βλέπειν,
2464 778 2564 832 καὶ
2593 780 2705 832 οὐκ
2727 772 3173 843 ἀπορηθήσεται
3207 773 3239 824 ό
3269 770 3340 824 ἐν
3371 766 3741 837 στενοχωρίᾳ

2159 874 2245 927 ὢν
2269 872 2383 938 ἕως
2419 870 2649 939 καιροῦ.

2231 964 2569 1033 Μετατιθησι
2612 961 2703 1014 τὸν
2749 960 2906 1029 λόγον
2946 961 3039 1012 ἐπὶ
3088 960 3152 1012 τὸ
3207 956 3514 1026 ἁπειθῆσαν
3567 951 3741 1015 ἔθνος,

2160 1054 2303 1109 τοῦτ’
2335 1056 2473 1117 ἐστι,
2499 1055 2588 1107 τὸν
2625 1053 2860 1124 Ἰσραήλ,
2895 1052 2945 1105 οἳ
2980 1052 3076 1106 καὶ
3108 1051 3367 1105 πλατειαν
3395 1048 3615 1118 ἔχοντες
3651 1045 3745 1098 καὶ

2162 1147 2452 1218 ἀμφιλαφῆ
2496 1147 2595 1217 τὴν
2638 1148 2704 1199 ἐκ
2740 1145 2877 1199 Θεοῦ
2904 1142 3273 1216 παράκλησιν,
3318 1140 3415 1196 καὶ
3446 1140 3567 1203 ταῖς
3593 1154 3746 1208 νομι-

2162 1244 2286 1305 καῖς
2327 1240 2680 1311 εἰσηγήσεσιν
2707 1236 3083 1309 ἐντρυφῶντες
3131 1234 3422 1299 πλουσίως,
3472 1231 3551 1295 είς
3580 1247 3643 1300 γε
3686 1230 3747 1283 τὸ

2162 1331 2361 1385 εἰδέναι
2410 1330 2472 1383 τὸ
2517 1328 2707 1383 τελοῦν
2763 1330 2843 1391 είς
2891 1328 3079 1398 ὄνησιν
3139 1325 3202 1379 οὐ
3253 1324 3601 1396 προσήκαντο
3654 1321 3747 1373 τὸν

2162 1425 2417 1494 Χριστόν.
2448 1421 2635 1493 Ταύτῃ
2662 1438 2747 1474 τοι
2784 1419 2879 1474 καὶ
2908 1417 3250 1489 ώλισθήκασι
3282 1416 3382 1487 τῆς
3417 1414 3550 1485 πρὸς
3585 1411 3748 1465 αὑτὸν

2167 1515 2502 1585 οἰκειότητος
2538 1513 2735 1585 νοητῆς
2783 1510 3025 1582 δηλονότι
3069 1510 3164 1569 καὶ
3199 1505 3611 1578 πνευματικῆς,
3654 1504 3750 1557 καὶ

2164 1601 2277 1660 οἷον
2304 1604 2446 1676 λιμῷ
2472 1603 2809 1658 διολώλασιν.
2840 1602 2983 1672 Ἔφη
3011 1600 3118 1671 γὰρ
3150 1601 3178 1652 6
3208 1597 3317 1651 τῶν
3339 1598 3474 1651 ὅλων
3495 1595 3627 1658 Θεὸς
3656 1593 3745 1647 διὰ

2166 1700 2349 1770 φωνῆς
2390 1696 2704 1769 προφητῶν.
2742 1712 2760 1746 ι
2804 1694 2934 1747 Ἰδοὺ
2962 1691 3072 1761 ἐγὼ
3105 1691 3295 1759 ἐπάγω
3324 1689 3480 1760 λιμὸν
3513 1686 3605 1740 ἐπὶ
3649 1686 3749 1754 τῆς

2166 1792 2304 1861 γῆς,
2349 1790 2496 1859 λέγει
2540 1788 2775 1860 Κύριος·
2833 1786 2907 1840 Οὐ
2960 1784 3121 1854 λιμὸν
3165 1784 3364 1854 ἄρτου,
3420 1779 3540 1833 οὐδὲ
3588 1778 3750 1847 δίψαν

479 1884 704 1944 terram,
741 1875 874 1930 dicit
922 1875 1206 1941 Dominus,
1260 1890 1365 1929 non
1421 1874 1617 1926 famem
1666 1872 1845 1941 panis,
1895 1882 2070 1937 neque

2178 1880 2388 1944 ὓδατος,
2419 1879 2556 1933 ἀλλὰ
2598 1879 2757 1948 λιμὸν
2784 1875 2878 1929 τοῦ
2912 1874 3143 1929 ἀκοῦσαι
3186 1873 3278 1926 τὸν
3307 1871 3459 1940 λόγον
3508 1866 3715 1939 Κυρίου
3734 1882 3749 1895 ”

479 1966 623 2021 sitim
684 1981 876 2036 aquae,
953 1970 1047 2021 sed
1107 1966 1304 2020 famem
1365 1964 1617 2019 audiendi
1680 1965 1902 2016 verbum
1960 1959 2071 2015 Do-

480 2060 635 2113 mini.
696 2058 764 2113 Et
812 2061 879 2113 ab
924 2058 1133 2114 oriente
1196 2073 1368 2128 usque
1414 2058 1479 2111 ad
1536 2071 1788 2111 occasum
1841 2054 2073 2108 circum-

480 2152 823 2207 cursitabnnt
877 2163 1181 2222 quaerentes
1227 2152 1448 2207 verbum
1490 2148 1697 2203 Domini
1745 2156 1798 2202 et
1847 2162 1951 2201 non
1990 2145 2072 2199 in-

481 2242 787 2299 venient".
825 2262 844 2296 ι
880 2241 1107 2309 Quando
1134 2244 1321 2312 igitur,
1399 2241 1595 2305 inquit,
1652 2240 1897 2309 principe
1944 2237 2070 2291 vita:

482 2334 789 2398 interfecto,
819 2350 1038 2405 gravem
1085 2344 1139 2388 et
1174 2334 1567 2389 intolerabilem
1614 2331 1808 2385 l'atuem
1845 2332 2075 2385 sustine-

482 2428 632 2492 bitis,
655 2441 962 2481 sermonem
999 2427 1113 2488 Dei,
1151 2440 1348 2496 panem
1374 2425 1464 2494 qui
1507 2424 1573 2479 de
1598 2423 1740 2477 caslo
1772 2421 2068 2484 descendit,

482 2520 573 2590 qui
602 2519 696 2574 dat
726 2521 925 2573 mundo
954 2518 1142 2586 vitam,
1175 2533 1280 2573 non
1307 2518 1587 2581 habentes,
1622 2526 1747 2571 tunc
1772 2530 1920 2576 vero,
1948 2523 2074 2567 tunc

484 2611 756 2677 esurietis,
792 2623 847 2666 et
880 2610 997 2679 ejus
1027 2613 1168 2679 quod
1228 2610 1486 2664 acciderit
1536 2624 1695 2664 sensu
1746 2610 1874 2662 tacti
1912 2604 2075 2677 148

484 2703 713 2773 principi
756 2713 809 2758 et
845 2704 1034 2770 patriis
1083 2703 1341 2759 inStitutis
1380 2702 1735 2756 maledieetis.
1792 2698 1903 2753 Hoc
1945 2700 2073 2768 quid

485 2795 590 2850 sibi
654 2796 812 2849 vult?
850 2794 1157 2850 Judeeorum
1221 2796 1473 2850 nimirqu
1528 2792 1793 2863 praefecti,
1847 2790 2070 2855 Scribis,

486 2886 632 2948 dico,
668 2895 722 2941 et
751 2885 1031 2951 Pharisaei,
1069 2884 1471 2939 multitudinem
1510 2884 1609 2938 sibi
1654 2883 1923 2937 subditam
1952 2896 2074 2935 con-

487 2986 573 3032 tra
610 2978 955 3032 Servatorem
1013 2978 1253 3031 omnium
1299 2976 1573 3032 Christum
1635 2978 1909 3031 concitare
1966 2989 2072 3028 non

488 3069 833 3124 destiterunt.
865 3070 981 3136 Quo
1025 3079 1202 3123 autem
1256 3069 1661 3123 excusationem
1711 3082 1823 3122 sua:
1886 3074 2073 3121 contra

490 3160 638 3215 illum
659 3160 879 3214 insaniae
902 3161 1280 3224 obtenderent,
1307 3160 1620 3231 religionem
1652 3157 1814 3214 Mosis
1836 3168 1888 3213 et
1917 3158 2064 3228 leges

491 3251 813 3323 allegabant.
852 3252 984 3307 Nam
1020 3252 1483 3322 persequebantur
1532 3252 1811 3308 dicentes:
1853 3270 1873 3303 ι
1909 3250 1964 3305 Si
1991 3266 2078 3306 es-

492 3355 577 3400 set
605 3342 762 3399 aDeo
796 3343 885 3398 hic
910 3345 1093 3411 homo,
1139 3358 1247 3399 non
1303 3344 1552 3399 solvisset
1612 3343 2014 3410 Sabbatum";
2053 3361 2073 3394 ι

492 3436 721 3507 ideoque
743 3446 1126 3506 persuaserunt
1157 3444 1215 3490 ut
1263 3449 1385 3490 eum
1440 3452 1536 3493 ceu
1577 3437 1709 3508 legis
1758 3436 2081 3505 praevarica-

495 3538 670 3585 torem
704 3538 1173 3598 persequerentur.
1202 3528 1427 3595 Quando
1457 3528 1643 3598 igitur,
1676 3530 1984 3596 inquit,vos
2014 3528 2081 3582 ab

493 3624 603 3680 illis
634 3623 843 3677 seducti
879 3622 1187 3678 esurieritis
1245 3640 1258 3675 :
1294 3632 1421 3676 tunc
1465 3622 1800 3676 maledicetis
1840 3621 2081 3675 onmium

500 3727 743 3771 vestrum
802 3716 1055 3785 principi,
1086 3725 1139 3770 et
1175 3716 1364 3785 patriis
1395 3714 1612 3779 ritibus,
1645 3715 1749 3769 hoc
1796 3725 1902 3779 est,
1951 3712 2084 3781 legis

495 3804 759 3860 institutis
793 3813 846 3860 et
892 3806 1397 3861 consuetudinibus.
1442 3806 1497 3859 ln
1564 3806 1877 3861 memoriam
1937 3804 2081 3857 enim

497 3896 831 3977 revocabitis
862 3912 892 3950 a
922 3897 1149 3952 ducibus
1185 3913 1280 3953 vos
1305 3899 1626 3953 concitatos.
1675 3897 1741 3951 Et
1780 3898 2083 3968 principum

498 3999 798 4059 przetextus
829 4000 992 4059 atque
1063 3990 1340 4044 excusatio
1397 3990 1620 4044 insanire
1684 3990 1843 4059 hujus
1897 4000 2083 4043 contra

2176 1974 2269 2029 καὶ
2298 1973 2405 2028 ἀπὸ
2434 1969 2706 2025 ἀνατολῶν
2746 1970 2852 2032 ἓως
2880 1965 3119 2037 δυσμῶν,
3163 1960 3625 2035 περιδραμοῦνται
3656 1957 3751 2029 ζη-

2174 2065 2396 2127 τοῦντες
2417 2064 2507 2118 τὸν
2530 2063 2685 2131 λόγον
2702 2060 2933 2133 Κυρίου,
2961 2059 3057 2112 καὶ
3078 2058 3140 2110 οὐ
3172 2061 3246 2129 μὴ
3269 2054 3522 2126 εὕρωσιν.
3551 2052 3751 2104 »Ὅταν

2174 2156 2375 2220 τοίνυν,
2412 2156 2569 2227 φησι,
2602 2153 2695 2207 τὸν
2725 2151 2969 2225 ἀρχηγὸν
3003 2153 3101 2222 τῆς
3135 2149 3280 2220 ζωῆς
3308 2144 3750 2208 ἀποκτείναντες,

2176 2248 2415 2319 σκληρὸν
2462 2247 2558 2300 καῖ⁹
2602 2245 2879 2299 δύσοιστον
2921 2242 3228 2313 ὑπομένητε
3279 2237 3457 2309 λιμὸν,
3508 2238 3599 2289 τὸν
3655 2232 3751 2286 τοῦ

2174 2340 2309 2393 Θεοῦ
2356 2340 2514 2407 λόγον
2553 2338 2653 2391 οὑκ
2699 2336 2936 2408 ἔχοντες,
2972 2334 3063 2389 τὸν
3092 2333 3255 2404 ἄρτον
3285 2331 3378 2384 τὸν
3402 2328 3460 2395 ἐξ
3499 2324 3752 2398 οὐρανοῦ,

2174 2433 2267 2487 τὸν
2297 2433 2443 2503 ζωὴν
2467 2431 2674 2485 διδόντα
2706 2407 2783 2499 τῷ
2823 2429 3035 2498 κόσμῳ,
3060 2425 3182 2478 τότε
3211 2425 3517 2493 πεινήσετε.
3548 2420 3658 2473 Καὶ
3688 2407 3764 2490 δή

2176 2527 2273 2579 καὶ
2326 2527 2407 2589 είς
2460 2523 2715 2593 αἴσθησιν
2765 2520 2859 2574 τοῦ
2914 2517 3321 2590 συμϐεϐηκότος
3384 2512 3752 2585 ὲνηνεγμένοι,

2181 2618 2366 2681 κακῶς
2400 2618 2575 2688 ἐρεῖτε
2604 2615 2696 2667 τὸν
2718 2613 2953 2684 ἄρχοντα
2985 2612 3081 2665 καὶ
3106 2610 3177 2663 τὰ
3205 2610 3429 2679 πάτρια.
3459 2605 3569 2659 Καὶ
3606 2605 3656 2656 τί
3690 2602 3755 2674 δὴ

2174 2711 2333 2765 τοῦτό
2374 2712 2557 2774 ὲστινς
2601 2710 2664 2761 Οἱ
2714 2707 2813 2777 μὲν
2842 2706 2948 2777 γὰρ
2981 2704 3089 2759 τῶν
3126 2700 3391 2756 Ἰουδαίων
3425 2695 3753 2769 καθηγηταί,

2176 2806 2529 2878 Γραμματεῖς
2550 2802 2625 2873 ,δὴ
2652 2801 2796 2868 λέγω
2827 2802 2920 2853 καὶ
2945 2795 3294 2869 Φαρισαίους,
3326 2789 3754 2862 παροτρύνοντες

2176 2900 2238 2953 οὐ
2279 2897 2685 2957 διαλελοίπασι,
2731 2892 2873 2947 κατὰ
2915 2889 3011 2944 τοῦ
3052 2888 3272 2941 πάντων
3304 2884 3461 2955 ήμῶν
3504 2883 3756 2952 Σωτῆρος

2176 2988 2438 3061 Χριστοῦ,
2474 2987 2574 3056 τὴν
2624 2984 2729 3037 ὑπὸ
2757 2985 2915 3053 χεῖρα
2944 2978 3171 3047 πληθύν.
3208 2975 3319 3030 Καὶ
3350 2974 3622 3044 πρόφασιν
3654 2971 3755 3037 τῆς

2178 3083 2300 3136 κατ’
2335 3078 2501 3133 αὐτοῦ
2533 3077 2729 3149 μανίας
2757 3075 3024 3145 ἐδέχοντο,
3064 3071 3163 3142 τὴν
3203 3072 3282 3133 είς
3328 3067 3533 3122 Μωσέα
3566 3082 3625 3117 τε
3663 3063 3757 3117 καί

2177 3173 2342 3244 νόμον
2385 3169 2538 3224 αἰδῶ.
2580 3168 2828 3222 Ἐδίωκον
2879 3166 2988 3237 γὰρ
3032 3165 3310 3233 λέγοντες·
3359 3180 3375 3211 ι
3412 3161 3473 3212 Ei
3513 3154 3581 3229 ἦν
3604 3150 3757 3217 οὗτος

2184 3265 2338 3336 παρὰ
2369 3262 2504 3317 Θεοῦ
2535 3264 2562 3313 6
2588 3262 2892 3333 ἅνθρωπος,
2925 3259 3024 3311 οὐκ
3054 3258 3119 3310 ἂν
3146 3255 3267 3308 ἔλυε
3309 3253 3370 3307 τὸ
3398 3250 3674 3305 Σάδδατον
3731 3266 3753 3300 ι

2182 3357 2394 3412 Οὐκοῦν
2430 3356 2505 3419 ὡς
2533 3353 2951 3424 παρανομοῦντα
2974 3350 3189 3404 διώκειν
3220 3348 3287 3402 ἂν
3316 3345 3553 3399 ἔπειθον.
3590 3344 3761 3396 Ὅταν

2181 3450 2360 3503 τοίνυν
2412 3448 2596 3519 φησίν·
2649 3446 2835 3517 Ὑμεῖς
2880 3446 2928 3499 οἱ
2981 3444 3111 3514 παρ’
3159 3444 3381 3496 ἐκείνων
3421 3435 3762 3509 ἠπατημένοι

2186 3543 2495 3613 πεινήσετε,
2525 3540 2646 3594 τότε
2680 3537 2863 3600 κακῶς
2896 3538 3069 3607 ὲρεῐτε
3115 3535 3295 3590 πάντα
3341 3531 3495 3602 ὑμῶν
3526 3529 3761 3600 ἄρχοντα

2185 3633 2372 3689 καὶτὰ
2398 3634 2624 3703 πάτρια,
2661 3629 2806 3683 τοῦτ’
2841 3628 2977 3690 ἐστι,
3010 3628 3079 3680 τὰ
3109 3626 3205 3695 ἔθη
3236 3624 3302 3678 τὰ
3336 3625 3565 3693 νόμιμα.
3602 3622 3761 3673 Ἀνα-

2189 3716 2571 3796 μνησοήσεσθε
2591 3722 2699 3793 γὰρ
2719 3721 2801 3773 ὅτι
2832 3716 3185 3790 παρώτρυνον
3210 3716 3352 3786 ὑμᾶς
3373 3716 3420 3767 οἱ
3444 3712 3758 3783 ἡγούμενον

2187 3816 2283 3869 καὶ
2311 3813 2419 3866 τῶν
2446 3811 2722 3883 ἀρχόντων
2752 3811 2785 3881 ή
2824 3809 3098 3881 πρόφασις
3127 3803 3194 3877 ἦν
3221 3806 3318 3874 τῆς
3347 3803 3489 3857 κατὰ
3522 3796 3760 3873 Χριστοῦ

2190 3907 2385 3979 μανίας
2412 3905 2481 3958 τὰ
2514 3905 2750 3974 πάτρια·
2784 3901 2927 3955 τοῦτ’
2972 3901 3107 3960 ἐστι,
3146 3898 3212 3952 τὰ
3252 3897 3347 3968 ἔθη
3376 3898 3470 3949 καὶ
3495 3895 3553 3947 αἱ
3584 3909 3764 3962 παρα-

2186 4000 2383 4063 δόσεις,
2411 3998 2505 4051 καὶ
2531 3998 2649 4067 οὐχὶ
2678 3995 2741 4064 δὴ
2773 3994 2987 4055 πάντως
3007 3993 3064 4044 αἱ
3088 3990 3176 4043 διὰ
3201 3986 3541 4059 νόμου,ἁλλὰ
3569 3986 3665 4038 καὶ
3690 3983 3762 4036 τὰ

497 4082 772 4138 Chrlstum
812 4091 971 4136 erant
1011 4083 1169 4150 patrii
1217 4084 1372 4146 ritus,
1422 4083 1473 4137 id
1501 4094 1603 4148 est,
1670 4084 2074 4138 consuetudines

2189 4093 2247 4159 ἐξ
2276 4091 2496 4145 είκαίων
2530 4090 2906 4159 ἐπιτηρήσεων
2938 4083 3181 4152 ἐδέχοντο
3203 4079 3549 4140 διδασκαλίας
3578 4074 3765 4131 ἐντάλ-

501 4187 558 4231 et
594 4176 931 4239 traditiones,
976 4190 1080 4228 non
1124 4176 1285 4228 modo
1318 4190 1439 4243 qua).
1478 4190 1543 4229 ex
1597 4174 1714 4245 lege
1793 4177 2074 4240 fluxerunt,

2194 4199 2339 4253 ματα
2359 4178 2683 4251 ἀνθρώπων.
2717 4177 2911 4229 Ἔσται
2952 4175 3129 4227 τοίνυν
3157 4172 3241 4240 ἐφ’
3272 4170 3418 4239 ὑμᾶς
3442 4166 3656 4237 σκληρᾲ
3685 4165 3763 4217 λι-

499 4268 593 4324 sed
612 4269 773 4323 etiam
802 4282 922 4337 qua:
959 4282 1024 4321 ex
1049 4267 1202 4321 vanis
1230 4268 1706 4323 observationibus
1733 4277 2074 4338 acceperunt,

2194 4272 2313 4342 μὸς,
2344 4271 2457 4326 ἄνω
2481 4286 2541 4321 τε
2565 4269 2658 4322 καὶ
2684 4268 2832 4321 κάτω
2855 4263 3309 4336 περιϐλεπόμενοι
3333 4259 3429 4313 καὶ
3456 4256 3763 4326 πανταχόσε

501 4359 785 4423 doctrinm,
842 4358 1093 4413 mandata
1139 4358 1436 4413 hominum.
1503 4357 1689 4413 Aderit
1723 4359 1886 4429 igitur
1936 4359 2074 4415 vobis

2193 4365 2501 4436 βλέποντες,
2537 4362 2655 4433 ήτοι
2688 4361 2779 4412 τὸν
2808 4358 2905 4429 τῆς
2952 4355 3193 4417 διανοίας
3225 4351 3503 4422 ὀφθαλμὸν
3540 4347 3776 4420 περιφέπ

502 4450 637 4503 dura
686 4450 876 4513 fames,
928 4450 1276 4518 quantumvis
1347 4464 1563 4505 sursum
1592 4459 1647 4505 et
1672 4450 1918 4505 deorsum
1967 4467 2074 4521 per-

2194 4474 2399 4527 ροντες,
2434 4455 2618 4526 ἕτερον
2649 4451 2799 4505 οὐδὲν
2840 4448 3056 4519 ὄψεσθε,
3090 4447 3275 4517 φησιν,
3319 4446 3367 4497 εί
3414 4443 3488 4513 μὴ
3532 4440 3765 4513 ἀπορίαν

501 4541 762 4605 lustretis,
789 4550 845 4596 et
870 4543 1215 4611 undiquaque
1245 4542 1719 4612 circumspiciatis,
1750 4553 1911 4611 atque
1935 4559 2074 4597 tuen-

2192 4548 2384 4618 στενὴν
2446 4547 2539 4599 καὶ
2584 4545 2808 4607 σκότος,
2860 4542 2998 4595 ὥστε
3051 4539 3217 4611 μηδὲν
3265 4534 3524 4592 δύνασθαί
3565 4552 3617 4606 τοι
3657 4532 3766 4587 τῶν

502 4636 576 4708 tjs
609 4634 795 4691 oculos
820 4634 1240 4698 circumferatis,
1272 4634 1439 4701 aliud,
1505 4635 1701 4704 inquit,
1763 4634 1896 4690 nihil
1936 4636 2074 4689 vide-

2182 4640 2470 4713 χρησίμων
2496 4638 2734 4709 βλέπειν,
2764 4637 2857 4689 καὶ
2882 4636 2981 4687 οὐκ
3006 4631 3414 4703 ἁπορηθήσεται
3443 4630 3470 4681 6
3492 4628 3550 4680 ἐν
3580 4641 3763 4679 στενο-

502 4726 633 4783 bitis
661 4736 855 4795 prmter
877 4736 1170 4797 egestatem
1195 4735 1478 4795 angustam
1502 4738 1558 4782 et
1586 4729 1857 4791 tenebras,
1875 4737 1932 4783 ut
1953 4728 2074 4782 nihil

2184 4734 2359 4804 χωρία
2391 4730 2466 4785 ὣν
2497 4732 2601 4794 ἓως
2641 4727 2857 4799 καιροῦ.
2903 4723 3272 4798 Προαγορεύει
3316 4720 3479 4775 πάλιν
3519 4719 3616 4790 τὴν
3656 4718 3766 4770 τῶν

507 4822 650 4890 quod
678 4821 807 4873 utile
830 4821 901 4875 sit
930 4821 1190 4875 cernatis.
1222 4822 1375 4887 Quod
1404 4832 1584 4876 autem
1619 4822 1784 4877 dicit:
1814 4840 1833 4872 ι
1857 4820 1968 4875 Non
1994 4823 2074 4877 de-

2185 4824 2354 4877 ἐθνῶν
2385 4823 2598 4893 κλῆσιν.
2618 4823 2679 4875 Oi
2704 4822 2811 4891 γὰρ
2827 4818 2921 4873 νῦν
2950 4816 3318 4887 ὅντες,φησ“ιν,
3349 4814 3408 4866 ὲν
3433 4808 3769 4881 στενοχωρίᾳ

506 4916 652 4970 ficiet
679 4915 768 4985 qui
811 4916 863 4969 in
890 4917 1137 4985 auguStia
1180 4926 1285 4980 est,
1322 4932 1495 4987 usque
1520 4917 1585 4972 ad
1622 4927 1864 4985 tempus;
1894 4936 1913 4970 ι
1950 4933 2090 4987 pra:-

505 5007 636 5062 dicit
662 5010 853 5064 iterum
909 5011 1249 5065 vocationem
1290 5011 1553 5081 gentium.
1585 5010 1685 5077 Qui
1732 5013 1878 5066 enim
1921 5024 2084 5076 nunc,

507 5098 705 5167 inquit,
737 5110 864 5153 sunt
894 5101 949 5155 in
984 5102 1233 5172 angustia
1279 5111 1335 5156 et
1358 5103 1499 5156 fame
1560 5104 1863 5158 divinarum
1904 5104 2089 5173 {disci-

508 5188 775 5258 plinarum
802 5197 1223 5263 suntoppressi,
1294 5210 1400 5249 non
1444 5194 1865 5251 confundentur.
1910 5197 2089 5269 Siqui-

514 5282 633 5334 dem
675 5281 777 5336 illis
829 5285 1258 5341 benedictionem
1323 5286 1594 5357 impertiet
1647 5287 1982 5354 Emmanuel,
2036 5300 2092 5345 et.

514 5383 743 5441 apponet
789 5389 944 5430 escas
976 5379 1305 5445 spirituales,
1336 5389 1390 5435 et
1428 5382 1663 5435 divinam
1712 5382 1819 5437 illis
1864 5383 2092 5439 instruet

510 5478 778 5537 mensam,
806 5465 931 5520 illud
956 5468 1174 5525 dicens:
1216 5470 1389 5536 Edite,
1423 5472 1609 5535 bibite,
1633 5482 1687 5526 et
1723 5473 2089 5541 inebriatniui,

514 5555 820 5622 propinqui.
847 5556 963 5610 Erit
998 5574 1128 5614 vero
1164 5563 1285 5627 hoe,
1321 5563 1514 5632 inquit,
1547 5578 1719 5629 usque
1749 5566 1815 5618 ad
1855 5577 2091 5635 tempus,

518 5646 698 5712 idest,
752 5662 857 5700 non
916 5654 1191 5718 perveniet
1249 5671 1389 5708 nunc
1445 5657 1511 5709 ad
1580 5659 1806 5722 exitum,
1879 5661 2094 5729 quando

591 5800 638 5836 "
665 5802 829 5858 Amos
850 5817 965 5873 vnt,
992 5805 1076 5873 ll,
1102 5807 1187 5862 Ω.
1265 5807 1487 5865 "Joan.
1516 5810 1700 5880 11,16.

2186 4919 2282 4971 καὶ
2328 4915 2471 4987 λιμῷ
2503 4916 2614 4969 τῶν
2646 4914 2805 4968 θείων
2862 4912 3195 4983 μαθημάτων
3243 4906 3620 4976 πεπιεσμένοι,
3667 4903 3770 4957 οὐκ

2191 5012 2648 5083 ἀπορηθήσονται.
2677 5010 2962 5080 Χαριείται
2984 5004 3092 5076 γὰρ
3122 5003 3303 5066 αὐτοῖς
3333 5000 3434 5071 τὴν
3462 4997 3713 5066 εὐλογίαν
3741 4997 3771 5049 6

2206 5103 2577 5175 Ἐμμανουήλ,
2597 5103 2689 5155 καὶ
2708 5100 3012 5171 παραθήσει
3028 5096 3232 5169 τροφὰς
3248 5094 3346 5157 τὰς
3363 5089 3767 5161 πνευματικὰς,

2193 5201 2289 5253 καὶ
2316 5199 2415 5270 τὴν
2446 5198 2596 5249 θείαν
2636 5196 2819 5257 αὐτοῖς
2860 5191 3102 5247 ἁπλώσει
3146 5186 3447 5260 τράπεζαν.
3480 5186 3655 5239 ἐκεῖνο
3692 5180 3771 5235 λὲο

2193 5306 2337 5359 γων·
2381 5288 2587 5355 Φάγετε
2624 5289 2717 5339 καὶ
2747 5286 2918 5345 πίετε,
2949 5284 3043 5337 καὶ
3076 5278 3399 5351 μεθύσθητε,
3438 5277 3489 5329 οί
3519 5272 3767 5344 πλησίον.

2198 5383 2392 5435 Ἔσται
2413 5380 2469 5433 δὲ
2488 5378 2666 5444 τοῦτο,
2693 5377 2874 5448 φησιν,
2891 5376 2994 5438 ἓως
3012 5370 3223 5443 καιροῦ,
3253 5369 3391 5424 τοῦτ’
3409 5365 3649 5431 ἐστιν,οὑ
3675 5362 3773 5416 νῦν

2199 5477 2278 5537 είς
2309 5474 2482 5544 πέρας
2504 5473 2800 5542 οἰχήσεται.
2832 5470 2959 5523 Ὅτε
2985 5467 3079 5519 καὶ
3102 5466 3131 5517 6
3158 5466 3257 5534 τῆς
3286 5458 3621 5532 προφητείας
3646 5454 3775 5525 περὶ

2200 5568 2379 5620 αὐτῶν
2412 5565 2601 5634 γέγονε
2636 5564 2810 5631 λόγος.
2830 5560 2967 5613 Ἀλλ’
2992 5561 3050 5611 ἐν
3080 5554 3255 5627 καιρῷ
3276 5552 3352 5623 τῷ
3376 5552 3548 5606 δέοντι
3570 5547 3691 5602 καθ’
3714 5547 3775 5600 ὃν

2202 5658 2499 5730 ὲπιλάμψει
2555 5658 2665 5718 τοῖς
2706 5654 2798 5707 ἐπὶ
2848 5652 2951 5723 γῆς
3003 5652 3032 5702 6
3074 5644 3440 5720 Ἐμμανουήλ..
3489 5644 3622 5696 Τότε
3667 5639 3776 5711 γὰρ
