4152 6366
379 389 486 447 245

386 504 646 575 κέκληται
675 505 787 559 τῶν
822 506 994 561 ἐθνῶν
1028 510 1061 580 ἡ
1090 512 1315 582 πληθύς.

366 839 372 845 ,
456 787 634 841 Τοῦτο
660 788 893 857 πρῶτον
918 791 1035 854 πίε,
1058 792 1209 860 ταχὺ
1235 795 1410 857 ποίει,
1434 795 1595 866 χώρα
1617 801 1956 868 Ζαϐουλὼν,

382 880 417 945 ἠ
539 881 901 950 Νεφθαλείμ.
927 882 1067 949 ὁδὸς
1090 884 1431 954 θαλάσσης.
1457 891 1554 943 καὶ
1592 894 1645 945 οἱ
1670 894 1869 947 λοιποὶ
1905 898 1961 950 oi

380 968 493 1037 τὴν
540 974 845 1038 παραλίαν
890 974 987 1027 καὶ
1028 975 1218 1043 πέραν
1282 979 1387 1032 τοῦ
1436 981 1749 1050 Ἰορδάνου,
1789 988 1963 1041 Γαλι-

381 1064 522 1115 λαιά
557 1063 676 1117 τῶν
697 1064 909 1120 ἐθνῶν.
952 1068 1007 1119 '0
1033 1068 1183 1134 λαὸς
1223 1072 1256 1123 ό
1284 1075 1686 1142 πορευόμενος
1722 1077 1792 1130 ἐν
1817 1079 1960 1132 σκό-

383 1170 487 1217 τει,
537 1155 693 1209 ἴδετε
734 1155 861 1225 φῶς
898 1158 1071 1229 μέγα.
1123 1164 1187 1214 Oi
1220 1169 1638 1233 κατοικοῦντες
1684 1186 1751 1223 εν
1799 1170 1960 1241 χώρα

382 1246 479 1297 καὶ
515 1247 585 1299 ἐν
620 1247 766 1315 σκιᾷ
810 1250 1088 1318 θανάτου,
1132 1253 1257 1322 φῶς
1287 1256 1512 1327 λάμψει
1541 1261 1633 1329 ἐφ’
1672 1260 1821 1330 ὑμᾶς
1842 1280 1856 1294 ·
1891 1281 1960 1319 το

394 1339 689 1394 πλεῖστον
718 1344 822 1396 τοῦ
849 1345 1024 1410 λαοῦ,
1057 1345 1088 1399 ὅ
1125 1350 1459 1419 κατήγαγες
1496 1352 1568 1405 ἐν
1606 1355 1959 1425 εὐφροσύνῃ

384 1446 517 1484 σου·
575 1433 674 1486 καὶ
736 1437 1258 1504 εὐφρανθήσονται
1316 1440 1574 1496 ἐνώπιόν
1618 1461 1735 1499 σου
1784 1446 1865 1511 ὡς
1906 1451 1959 1502 oi

383 1526 837 1595 εὐφραινόμενοι
868 1530 937 1583 ἐν
973 1531 1197 1600 ἀμητῷ,
1232 1535 1330 1588 καὶ
1368 1535 1439 1588 ὃν
1485 1541 1706 1606 τρόπον
1734 1543 1788 1594 οἱ
1813 1541 1960 1595 διαι-

379 1617 659 1684 ρούμενοι
688 1616 917 1673 σκύλα.¹

457 1709 675 1781 Σκληρᾷ
713 1729 769 1763 τε
797 1712 939 1784 λιμῷ
980 1716 1076 1768 καὶ
1112 1718 1297 1786 μέντοι
1338 1721 1432 1774 καὶ
1465 1723 1668 1795 ἀπορίᾳ
1695 1742 1957 1779 καταπιε-

1548 402 1617 457 IN
1656 402 1888 459 ISMAM
1926 403 2058 461 LIB.
2103 405 2143 461 l.
2184 403 2395 462 ΟΡιΑΤ.
2433 407 2495 462 ν.

1996 538 2037 594 Α
2068 520 2415 588 prapheticus
2457 534 2637 577 sermo
2672 522 2738 577 de
2785 521 2891 579 illis
2926 522 3144 582 habitus
3197 534 3298 595 est,
3369 530 3462 583 sed
3502 539 3639 585 lem-

3529 413 3643 473 246

2062 625 2191 679 pore
2226 615 2530 678 commodo,
2586 630 2693 683 quo
2758 617 3075 672 mortalibus
3108 617 3388 674 illucescet
3428 620 3647 675 Emma-

2062 702 2220 755 nuel:
2262 715 2388 758 tunc
2421 706 2564 758 enim
2608 716 2794 761 vocata
2851 717 2931 762 est
2966 710 3205 778 gentium
3263 711 3569 766 multitudo.

2128 793 2257 849 CAP.
2286 793 2374 851 IX.
2410 794 2572 850 Vens.
2600 797 2710 852 1-5.
2743 797 2854 857 Hoc
2881 802 3107 868 primunt
3140 802 3273 865 bibe,
3304 803 3406 857 cito
3430 805 3537 872 fac,
3566 824 3645 860 re-

2060 884 2147 955 gio
2187 883 2448 950 Zabulon,
2480 898 2620 941 terra
2654 886 3020 958 Nephthalim,
3058 894 3137 945 via
3174 894 3356 958 maris,
3424 906 3471 949 et
3515 899 3636 950 reti:

2059 977 2149 1047 qui
2192 978 2466 1038 maritimi.
2523 989 2573 1033 et
2621 989 2766 1035 trans
2794 980 3102 1049 Jordanem,
3132 984 3356 1039 Galiitea
3383 987 3639 1055 gentium.

2062 1070 2296 1138 Populus
2319 1071 2408 1139 qui
2431 1074 2662 1126 ambulat
2693 1076 2747 1128 in
2789 1077 3031 1139 tenebris,
3086 1076 3254 1130 videte
3303 1079 3466 1130 lucem
3519 1095 3638 1131 ma-

2059 1177 2213 1230 gnam
2234 1178 2252 1214 :
2278 1163 2367 1230 qui
2404 1163 2653 1217 habitatis
2685 1165 2737 1218 in
2764 1168 2970 1235 regione
2998 1176 3043 1219 et
3073 1169 3255 1220 umbra
3294 1169 3499 1232 mortis,
3548 1168 3641 1220 tua:

2060 1250 2290 1305 illucebit
2319 1253 2480 1307 vobis.
2510 1253 2749 1308 Maxima
2790 1272 2912 1322 pars
2942 1256 3120 1324 papuii
3162 1274 3317 1326 quam
3375 1258 3641 1312 deduxisti

2062 1343 2116 1396 in
2143 1343 2330 1397 thitia
2366 1354 2478 1409 tua,
2506 1357 2553 1399 et
2595 1346 2914 1400 la'tabuntur
2976 1364 3152 1400 coram
3217 1360 3285 1412 te,
3351 1359 3405 1402 ut
3458 1350 3495 1403 ii
3552 1351 3641 1421 qui

2068 1434 2320 1490 [celantur
2358 1436 2411 1489 in
2440 1453 2623 1503 messe,
2671 1448 2717 1491 et
2761 1449 2814 1490 ut
2840 1439 2877 1491 ii
2904 1442 2992 1509 qui
3035 1440 3274 1493 dividunt
3310 1440 3499 1509 spolia.

2135 1714 2296 1786 149
2328 1715 2388 1770 ΕΙ
2418 1715 2550 1771 dura
2580 1717 2720 1772 fame
2747 1729 2803 1774 et
2861 1721 3038 1790 inopia
3106 1725 3427 1792 premendus
3483 1725 3639 1793 dixit,

386 1802 680 1872 σθήσεσθαι
715 1804 922 1874 λέγων,
947 1808 1074 1871 τοὺς
1104 1811 1347 1865 ἀπειθεῖν
1380 1816 1691 1886 ᾑρημένους
1712 1818 1791 1889 τῷ
1830 1821 1960 1890 Ἐμ-

2068 1809 2150 1877 qui
2183 1809 2339 1863 fidem
2377 1808 2713 1865 Emmauucli
2749 1813 2946 1868 habere
2997 1823 3337 1879 recuSarunt,
3391 1831 3496 1871 non
3555 1825 3638 1871 ta-

389 1892 661 1961 μανουὴλ,
705 1895 805 1948 οὑκ
856 1898 1297 1971 ἀπορηθήσεσθαι
1344 1906 1472 1969 τοὺς
1520 1909 1577 1961 ἐν
1632 1912 1962 1983 στενοχωρίᾳ

2068 1914 2185 1953 tuen
2216 1899 2520 1954 defecturos
2549 1901 2639 1969 qui
2676 1902 2727 1955 in
2769 1907 3017 1974 angustia
3063 1907 3257 1960 versati
3297 1917 3445 1971 sunt,
3472 1923 3640 1976 usque

386 1984 732 2054 προειρηκὼς
761 1988 866 2051 ’έως
890 1993 1105 2063 καιροῦ,
1144 1994 1285 2048 κατά
1304 2013 1367 2065 γε
1397 1997 1496 2068 τὴν
1524 1999 1625 2070 ἤδη
1659 2003 1961 2069 προαποδο-

2068 1989 2130 2042 ad
2176 1998 2384 2056 tempus
2424 1990 2675 2059 praefatus
2720 2003 2822 2057 est,
2854 1995 3006 2063 juxta
3040 1996 3187 2065 prius
3242 1997 3457 2052 allatam
3521 2013 3643 2053 sen-

388 2074 573 2130 θεῖσαν
594 2078 852 2134 διάνοιαν.
887 2084 1145 2153 ’Λρχεται
1171 2087 1366 2158 δηλοῦν
1395 2092 1488 2144 καὶ
1514 2092 1655 2156 τίνες
1679 2095 1729 2146 οἱ
1756 2096 1963 2164 πρῶτοι

388 2169 812 2237 πιστεύσαντες,
844 2176 937 2227 καὶ
968 2179 1192 2249 ἀπαρχὴ
1232 2183 1515 2249 γεγονότες
1544 2185 1654 2238 τῶν
1694 2187 1963 2258 κεκλημέ-

387 2276 494 2312 νων
542 2263 622 2324 είς
676 2264 969 2331 ἐπίγνωσιν
1015 2268 1108 2321 τοῦ
1148 2270 1492 2345 Ἐμμανουήλ
1533 2274 1628 2328 τοῦ
1679 2276 1959 2345 λέγοντος’

402 2349 535 2403 Ἰδοὺ
569 2351 682 2420 ἐγὼ
707 2356 890 2409 καὶτὰ
917 2358 1102 2411 παιδία
1132 2361 1166 2414 ἆ
1197 2379 1286 2431 μοι
1316 2363 1514 2417 ἔδωκεν
1541 2368 1568 2419 ὁ
1601 2366 1751 2430 θεὸς,
1779 2368 1839 2431 ὃς
1871 2369 1966 2421 καὶ

388 2440 609 2510 γέγονεν
640 2447 720 2509 εἰς
748 2450 949 2517 σημεῖά
972 2467 1027 2502 τε
1051 2452 1143 2504 καὶ
1173 2453 1376 2535 τέρατα
1401 2457 1459 2509 ἐν
1482 2457 1561 2527 τῷ
1587 2458 1719 2526 οίκῳ
1749 2459 1966 2530 Ἰσραὴλ

389 2536 543 2605 παρὰ
587 2538 794 2611 Κυρίου
838 2542 1065 2597 Σαϐαὼθ
1107 2547 1199 2599 τοῦ
1230 2549 1608 2614 κατοικοῦντος
1645 2554 1702 2605 ἐν
1734 2553 1812 2623 τῷ
1848 2553 1964 2622 ὄρει

389 2626 548 2680 Σιών.
579 2631 715 2683 Φασὶ
742 2633 850 2703 γάρ
885 2653 987 2687 που
1033 2636 1126 2689 καὶ
1155 2639 1277 2713 ὅρια
1319 2641 1605 2696 Ζαϐουλὼν
1629 2644 1721 2696 καὶ
1745 2646 1964 2713 Νεφθα-

388 2719 516 2790 λεὶμ
542 2725 605 2792 τῇ
641 2724 915 2795 Τιϐεριάδι
955 2731 1319 2800 παρακεῖσθαι
1360 2732 1544 2808 λίμνῃ,
1581 2736 1675 2789 καὶ
1717 2737 1775 2789 ἐν
1811 2739 1966 2808 ἐσχα-

390 2816 535 2878 τιαῖς
557 2812 691 2870 εἶναι
719 2819 817 2888 τῆς
859 2820 1125 2875 Ἰουδαίων
1148 2823 1351 2894 χώρας,
1374 2803 1449 2889 ὡς
1479 2803 1674 2899 δμορον
1699 2803 1964 2900 ὑπάρχειν

390 2907 458 2974 τῇ
492 2907 600 2960 τῶν
626 2908 795 2961 ἐθνῶν
827 2911 1103 2985 Γαλιλαίᾳ,
1148 2916 1343 2987 ἐτέρας
1384 2918 1550 2988 οὔσης
1596 2920 1696 2991 τῆς
1733 2921 1869 2991 πρὸς
1897 2926 1964 2994 τῇ

389 2998 653 3053 Φοινίκων
688 3001 860 3073 χώρᾳ.
922 3005 1019 3058 Ἐκ
1047 3006 1250 3061 τούτων
1292 3009 1422 3078 φασὶ
1469 3010 1701 3080 μάλιστα
1733 3011 1840 3064 τῶν
1867 3030 1968 3081 φυ-

390 3088 500 3143 λῶν
525 3092 650 3154 τοὺς
684 3094 873 3161 ἁγίους
903 3098 1233 3162 ἀποστόλους
1260 3100 1515 3168 γενέσθαι
1547 3102 1689 3155 κατὰ
1726 3105 1785 3156 τὸ
1825 3103 1970 3156 πλεῖ-

392 3197 535 3235 στον.
567 3185 674 3236 Καὶ
692 3185 820 3252 γοῦν
842 3188 910 3240 τά
933 3191 1060 3260 περὶ
1080 3192 1177 3261 τῆς
1207 3192 1452 3262 κλήσεως
1466 3195 1664 3261 αὐτῶν,
1692 3196 1968 3259 Ματθαῖος

2067 2081 2309 2135 tentiam.
2352 2080 2575 2136 Orditur
2612 2085 3100 2157 demonstrarequi
3152 2089 3260 2142 sint
3330 2090 3487 2160 primi
3543 2091 3635 2159 qui

2066 2172 2429 2237 crediderunt,
2459 2183 2512 2228 et
2536 2176 2629 2245 qui
2662 2178 2911 2244 primitiae
2940 2182 3151 2235 luerunt
3185 2197 3371 2236 eorum
3396 2184 3488 2253 qui
3542 2201 3639 2239 vo-

2066 2263 2172 2317 cati
2199 2273 2323 2317 suut
2350 2266 2415 2318 ad
2441 2266 2764 2336 agnitionem
2788 2268 3145 2325 Emmanuelis
3168 2313 3183 2336 ,
3209 2273 3469 2328 dicentis:
3494 2274 3634 2329 Ecce

2065 2366 2164 2422 ego
2193 2363 2246 2408 et
2280 2356 2430 2425 pueri
2476 2372 2609 2424 quos
2665 2359 2793 2411 mihi
2830 2358 2971 2413 dedit
3000 2361 3159 2422 Deus.
3201 2372 3255 2416 et
3293 2364 3384 2433 qui
3430 2373 3548 2417 erat
3586 2364 3638 2417 in

2068 2444 2226 2499 domo
2250 2447 2411 2500 Israel
2444 2448 2495 2501 in
2531 2449 2683 2518 signa
2716 2459 2770 2503 et
2804 2459 3012 2505 ostenta
3039 2468 3068 2504 a
3109 2453 3334 2508 Domino
3381 2452 3639 2521 Sabaoth,

2067 2536 2159 2604 qui
2182 2538 2389 2592 habitat
2417 2540 2469 2592 in
2492 2550 2678 2594 monte
2693 2540 2845 2595 Sion.
2876 2542 3109 2597 Narrant.
3136 2546 3277 2598 enim
3310 2545 3442 2599 lines
3459 2544 3640 2599 Zahu-

2067 2626 2157 2681 lon
2196 2638 2251 2682 et
2287 2628 2629 2699 Nephthalim
2660 2631 2930 2687 Tiberiadi
2965 2644 3157 2703 stagno
3201 2635 3469 2704 adjaccre,
3506 2647 3562 2691 et
3589 2638 3639 2690 in

2068 2720 2327 2775 extremis
2357 2722 2598 2790 partibus
2632 2722 2868 2779 Iudaica:
2904 2726 3138 2795 regionis
3167 2742 3307 2793 esse,
3382 2739 3440 2780 ut
3497 2726 3640 2782 Gali-

2069 2810 2180 2865 latae
2218 2814 2455 2881 gentium
2482 2814 2591 2867 sint
2638 2814 3010 2880 conterntinre,
3081 2832 3203 2869 nam
3238 2816 3401 2871 altera
3442 2829 3523 2871 est
3586 2818 3642 2871 in

2071 2903 2287 2972 regione
2318 2903 2652 2958 Phoenicum.
2688 2905 2764 2959 Ex
2796 2905 2880 2960 his
2910 2906 3148 2959 maxime
3176 2906 3421 2959 tribubus
3459 2906 3642 2959 dicunt

2069 2992 2357 3061 plerosque
2392 3004 2703 3049 sanctorum
2739 2994 3106 3063 apostolorum
3146 3009 3288 3049 esse.
3322 2995 3389 3049 Et
3426 2996 3640 3063 quidem

2072 3083 2139 3138 de
2179 3100 2366 3139 eorum
2404 3088 2688 3142 vocatione
2747 3087 3026 3142 Matthaaus
3087 3089 3274 3143 beatus
3320 3089 3645 3157 evangelista

2072 3179 2227 3233 nobis
2251 3195 2533 3245 enarrans,
2575 3181 2805 3250 primum
2838 3182 3054 3251 quidem
3098 3196 3193 3251 per
3233 3181 3365 3235 fines
3399 3178 3640 3233 Zabulou

390 3272 522 3340 ἡμῖν
560 3274 588 3325 ό
617 3275 887 3346 μακάριος
914 3281 1307 3352 εὐαγγελιστὴς
1337 3282 1721 3354 ἐξηγούμενος,
1749 3284 1965 3353 πρῶτον

2068 3280 2121 3327 et
2155 3271 2499 3341 Nephthalitn
2526 3273 2709 3329 Jesum
2749 3274 2988 3341 deducit,
3038 3284 3222 3346 postea
3297 3274 3645 3343 quemadmo-

395 3363 494 3431 μὲν
522 3365 847 3437 ἀποκομίζει
878 3370 971 3423 τὸν
1008 3372 1217 3442 Ἰησοῦν
1255 3374 1314 3426 ἐν
1352 3374 1520 3443 ὁρίοις
1554 3373 1840 3428 Ζαϐουλὼν
1873 3376 1967 3427 καὶ

392 3454 729 3526 Νεφθαλείμ.
763 3456 895 3513 Εἶτα
935 3462 1055 3516 τίνα
1081 3466 1281 3534 τρόπον
1314 3466 1646 3530 ἀπολέκτους
1673 3469 1967 3537 ἐποιήσατο

390 3547 518 3611 τοὺς
551 3551 740 3617 ἁγίους
764 3554 1113 3622 ἀποστόλους,
1147 3561 1488 3629 προσεπάγει
1526 3561 1732 3631 σαφῶς.
1763 3563 1966 3632 Γράφει

390 3639 449 3693 δὲ
474 3641 618 3695 οῦτω
651 3648 778 3716 περὶ
809 3648 1075 3718 Χριστοῦ·
1112 3670 1130 3702 ι
1167 3652 1277 3705 Καὶ
1310 3653 1623 3707 καταλιπὼν
1654 3654 1753 3725 τὴν
1785 3655 1968 3719 Ναζα-

393 3731 490 3803 ρὲθ
520 3733 690 3787 ἐλθὼν
716 3739 1034 3808 κατῴκησεν
1055 3742 1133 3802 εἰς
1172 3744 1545 3815 Καπερναοὺμ
1583 3746 1682 3816 τὴν
1716 3745 1967 3816 παραθα-

391 3821 607 3879 λάττιον
642 3830 698 3880 ἐν
722 3831 890 3898 ὁρίοις
918 3833 1205 3887 Ζαϐουλὼν
1230 3837 1323 3890 καὶ
1346 3838 1687 3910 Νεφθαλεὶμ,
1711 3840 1798 3893 ἵνα
1827 3839 1967 3909 πλη-

394 3916 541 3987 ρωθῇ
572 3918 631 3971 τὸ
666 3921 828 3990 ῥηθὲν
859 3924 946 3977 διὰ
985 3925 1205 3980 Ἡσαΐου
1233 3928 1499 3997 λέγοντος
1543 3931 1583 3983 Γ
1585 3933 1621 4001 ἧ
1662 3931 1967 3996 Ζαϐουλὼν,

392 4008 491 4061 καὶ
528 4010 600 4080 γῆ
630 4013 948 4085 Νεφθαλεὶμ
985 4019 1101 4083 ὁδὸς
1133 4016 1411 4093 θαλάσσης
1464 4025 1639 4094 πέραν
1674 4024 1968 4095 Ἰορδάνου,

392 4099 655 4155 Γαλιλαία
680 4105 788 4157 τῶν
812 4107 1000 4171 ἐθνῶν,
1018 4111 1046 4161 ὁ
1072 4110 1199 4174 λαὸς
1225 4112 1534 4184 καθήμενος
1552 4116 1611 4167 ἐν
1641 4117 1823 4169 σκότει
1854 4117 1970 4185 φῶς

394 4192 469 4245 ῖδε
507 4196 671 4264 μέγα,
707 4200 799 4252 καὶ
827 4204 939 4263 τοῖς
965 4203 1296 4274 καθημένοις
1326 4208 1384 4259 ἐν
1414 4206 1567 4279 χώρᾳ
1589 4210 1683 4261 καὶ
1710 4211 1838 4280 σκιᾷ
1872 4208 1968 4262 θα-

393 4282 579 4349 νάτου,
608 4288 724 4355 φῶς
754 4289 1025 4344 ἀνέτειλεν
1067 4295 1270 4357 αὐτοῖς.
1310 4317 1327 4347 ι
1366 4298 1711 4368 Προσεπάγει
1755 4301 1813 4353 δὲ
1844 4299 1969 4353 τού-

390 4394 508 4440 τοις
527 4394 541 4407 ·
582 4398 601 4429 ι
637 4381 960 4451 Περιπατῶν
990 4386 1046 4439 δὲ
1074 4388 1223 4459 παρά
1254 4389 1353 4459 τὴν
1387 4390 1659 4445 θάλασσαν
1688 4392 1786 4461 τῆς
1812 4392 1969 4444 Γαλι-

390 4466 552 4530 λαίας
617 4467 693 4521 ῖδε
747 4471 841 4524 δύο
890 4474 1152 4544 ἀδελφοὺς
1179 4517 1193 4539 ,
1246 4477 1467 4547 Σίμωνα
1528 4478 1619 4531 τὸν
1680 4479 1970 4547 λεγόμενον

393 4560 624 4631 Πέτρον,
657 4564 750 4616 καὶ¹
790 4565 1042 4636 Ἀνδρέαν
1070 4569 1161 4621 τὸν
1194 4569 1422 4636 ἀδελφὸν
1457 4570 1642 4635 αὐτοῦ,
1677 4570 1969 4641 βάλλοντας
2002 4615 2044 4670 D

391 4653 809 4725 ἀμφίϐληστρον
853 4658 931 4720 εἰς
977 4659 1077 4730 τὴν
1123 4659 1419 4713 θάλασσαν·
1448 4656 1589 4731 ἦσαν
1621 4663 1731 4733 γὰρ
1764 4661 1965 4725 ἁλιεῖς*

393 4745 489 4798 καὶ
524 4742 676 4799 εἶπεν
720 4749 902 4811 αὐτοῖς
934 4753 961 4803 ὁ
1013 4751 1241 4822 Ἰησοῦςο
1283 4754 1446 4805 Δεῦτε
1486 4754 1661 4807 ὀπίσω
1716 4772 1840 4824 μου,
1876 4755 1970 4808 καὶ

393 4840 605 4910 ποιήσω
633 4841 778 4910 ὑμᾶς
795 4842 1232 4909 γενέσθαιὰλιεῖς
1256 4845 1658 4917 ἀνθρώπων.οἰ
1687 4847 1743 4900 δὲ
1770 4846 1969 4910 εὐθέως

392 4933 621 4999 ἀφέντες
650 4934 719 4987 τὰ
747 4935 940 4989 δίκτυα
983 4937 1352 5008 ἠκολούθησαν
1399 4939 1567 5009 αὐτῷ.
1615 4940 1724 4992 Καὶ
1758 4939 1968 5010 προϐὰς

392 5024 601 5077 ἐκεῖθεν
641 5023 779 5079 εἶδεν
803 5028 994 5092 ἄλλους
1023 5030 1115 5083 δύο
1142 5031 1426 5099 ἀδελφοὺς,
1465 5031 1720 5084 Ἰάκωϐον
1750 5032 1843 5086 τὸν
1871 5030 1966 5085 τοῦ

393 5114 701 5182 Ζεϐεδαίου,
745 5118 840 5171 καὶ
879 5119 1132 5190 Ἰωάννην
1176 5121 1268 5173 τὸν
1311 5120 1536 5188 ἀδελφὸν
1583 5120 1748 5174 αὑτοῦ
1795 5122 1854 5173 ἐν
1894 5119 1973 5189 τῷ

394 5206 564 5278 πλοίῳ
598 5210 737 5278 μετά
770 5210 1054 5265 Ζεϐεδαίου
1082 5211 1177 5264 τοῦ
1225 5212 1428 5282 πατρὸς
1473 5212 1673 5275 αὐτῶν,
1712 5212 1973 5283 καταρτί-

394 5300 586 5364 ζοντας
618 5302 688 5355 τὰ
713 5302 905 5356 δίκτυα
934 5304 1133 5369 αὐτῶν,
1171 5306 1263 5357 καὶ
1290 5303 1552 5358 ἐκάλεσεν
1578 5303 1796 5367 αὐτούς.
1830 5305 1894 5357 Οἱ
1914 5303 1971 5356 δὲ

395 5391 597 5457 εὐθέως
636 5394 866 5461 ἀφέντες
908 5395 969 5447 τὸ
1022 5396 1207 5449 πλοῖον
1253 5398 1346 5451 καὶ
1400 5399 1491 5451 τὸν
1541 5399 1755 5468 πατέρα
1791 5397 1971 5450 αὐτῶν

395 5484 768 5555 ἠκολούθησαν
801 5486 971 5557 αὐτῷ.
1010 5507 1028 5539 ›
1074 5489 1270 5543 ’ἰστέον
1318 5490 1376 5543 δὲ
1421 5491 1502 5544 ὅτι
1547 5489 1644 5563 τὴν
1692 5489 1969 5544 θάλασσαν

396 5579 495 5646 τῆς
520 5577 805 5642 Γαλιλαίας
834 5579 932 5650 τὴν
948 5581 1236 5651 Τιϐεριάδα
1252 5582 1449 5653 λίμνην
1473 5582 1534 5636 τὸ
1556 5583 1799 5655 Γράμμα
1833 5583 1970 5655 φησὶ

396 5667 459 5721 τὸ
486 5669 659 5740 tepor
692 5670 820 5726 ἔνθα
849 5672 943 5724 καὶ
965 5671 1233 5746 ηὕρηνται
1260 5675 1361 5747 τὴν
1383 5674 1491 5728 τῶν
1524 5675 1721 5731 ἀλιέων
1758 5675 1970 5748 μετιόν-

468 5830 515 5862 ι·
538 5830 729 5893 Matth.
761 5848 833 5901 ιν,
851 5830 1039 5891 15-17.
1118 5832 1164 5864 ευ
1191 5834 1322 5891 ibid.
1347 5834 1536 5889 ιιι-οε,

2070 3364 2194 3418 dum
2228 3364 2486 3434 delegerit
2524 3375 2742 3421 sanctos
2767 3368 3064 3436 apostolos,
3096 3368 3389 3436 prudenter
3422 3366 3644 3434 subjun-

2069 3457 2174 3525 git,
2216 3457 2403 3526 sicque
2432 3460 2495 3512 de
2534 3458 2751 3513 Christo
2786 3461 3015 3515 scribit:
3046 3479 3064 3511 ι
3127 3460 3193 3513 Ει
3242 3458 3429 3513 relicto
3472 3456 3646 3511 Naza-

2071 3551 2187 3603 reth
2207 3590 2221 3614 ,
2244 3550 2517 3620 profectus
2549 3551 2811 3605 habitavit
2842 3553 2895 3607 in
2920 3552 3319 3622 Capharnaum,
3359 3550 3495 3604 mari
3523 3549 3646 3603 ﬁtti-

2073 3644 2283 3709 timatn,
2334 3646 2386 3697 in
2420 3645 2613 3700 finibus
2646 3643 2881 3701 Zabulou
2906 3655 2960 3700 et
2992 3645 3330 3714 Nephthalitn
3357 3685 3373 3711 ,
3425 3653 3480 3697 ut
3538 3644 3643 3698 im-

2070 3735 2310 3805 pleretur
2350 3738 2492 3805 quod
2537 3738 2736 3792 dictum
2771 3747 2855 3792 est
2893 3739 2959 3791 ab
3002 3737 3135 3793 Isaia
3172 3739 3431 3807 propheta
3462 3738 3644 3791 dicen-

2072 3838 2125 3882 te
2161 3846 2177 3883 :
2215 3828 2381 3883 Terra
2419 3829 2682 3893 Zabulun,
2718 3841 2772 3884 et
2805 3830 2946 3884 terra
2968 3828 3333 3899 Nephthalim,
3366 3833 3449 3883 via
3482 3829 3647 3883 maris

2072 3919 2212 3973 ultra
2283 3919 2610 3985 Jordanem,
2663 3920 2880 3976 Galilwa
2936 3923 3211 3991 gentium;
3274 3921 3501 3991 populus
3555 3920 3645 3989 qui

2070 4012 2211 4068 sedit
2236 4013 2286 4066 in
2323 4013 2576 4079 tenebris,
2609 4014 2781 4068 lucem
2802 4014 2934 4068 vidit
2971 4029 3241 4084 magnam,
3262 4022 3316 4066 et
3335 4012 3647 4067 sedentibus

2073 4104 2125 4157 in
2171 4106 2389 4172 regione
2426 4114 2480 4159 et
2514 4106 2705 4159 umbra
2758 4107 2969 4167 mortis,
3028 4105 3117 4158 lux
3154 4114 3273 4158 orta
3310 4113 3393 4158 est
3423 4104 3503 4157 eis
3525 4102 3591 4155 7'.
3624 4122 3643 4153 ι

2070 4196 2233 4250 Addit
2262 4213 2388 4251 vero
2429 4198 2541 4251 his:
2576 4214 2594 4247 ι
2637 4197 3001 4251 Obambulaus
3024 4196 3319 4265 verojuxta
3352 4212 3499 4251 mare
3533 4196 3645 4252 Ga-

2073 4286 2243 4351 lilaraa,
2277 4289 2409 4342 vidit
2437 4290 2568 4343 duos
2599 4288 2815 4352 fratres,
2859 4289 3132 4344 Simonem
3167 4290 3369 4343 dictum
3404 4288 3645 4353 Petrum,

2072 4366 2126 4432 et
2172 4381 2446 4433 Andream
2477 4379 2698 4434 fratrem
2736 4380 2873 4447 ejus,
2903 4382 3167 4449 jacientes
3196 4382 3331 4435 retia
3362 4380 3415 4433 in
3448 4395 3599 4434 mare
3629 4397 3644 4434 :

2072 4484 2229 4527 erant
2265 4474 2407 4527 enim
2436 4473 2768 4542 piscatores:
2797 4489 2859 4527 ac
2896 4475 3031 4528 dixit
3066 4473 3170 4529 illis
3218 4473 3375 4529 Jesus
3409 4489 3426 4527 :
3456 4471 3648 4527 Venite

2073 4574 2195 4633 post
2230 4580 2335 4629 me,
2387 4562 2661 4618 etfaciam
2702 4581 2794 4619 vos
2850 4566 3146 4633 piscatores
3193 4566 3493 4621 hominum.
3549 4564 3649 4619 At-

2078 4672 2183 4725 que
2212 4656 2307 4721 illi,
2344 4657 2604 4710 coutiuuo
2638 4656 2840 4711 relictis
2882 4657 3106 4723 retibus,
3152 4658 3322 4713 secuti
3350 4667 3474 4711 sunt
3501 4673 3643 4713 eum.

2076 4748 2203 4803 lnde
2229 4764 2546 4817 progressus
2582 4749 2715 4802 vidit
2741 4748 2876 4803 alios
2900 4750 3035 4805 duos
3101 4747 3320 4815 fratres,
3388 4749 3648 4804 Iacobum

2076 4842 2245 4895 filium
2286 4842 2550 4905 Zebedwi,
2576 4852 2631 4895 et
2654 4840 2916 4896 Joannem
2951 4844 3171 4897 fratrem
3205 4843 3321 4911 ejus
3384 4843 3436 4895 in
3503 4843 3646 4906 navi,

2075 4951 2196 4992 cum
2226 4934 2486 4990 Zebedazo
2516 4945 2670 5004 patre
2708 4951 2825 4999 suo,
2880 4936 3177 4990 sarcientes
3235 4950 3331 4989 sua
3388 4934 3520 4989 retia
3544 4976 3558 5001 ,
3591 4944 3648 4989 et

2076 5027 2288 5080 vocavit
2318 5040 2414 5080 eos
2454 5045 2467 5079 :
2520 5026 2681 5094 hique
2720 5027 2964 5095 protinus
3007 5026 3190 5080 relicta
3246 5027 3367 5079 navi
3404 5035 3460 5080 et
3496 5034 3649 5095 patre

2072 5133 2187 5184 suo,
2218 5119 2387 5173 secuti
2413 5129 2539 5173 sunt
2564 5134 2686 5173 eum
2708 5119 2773 5173 ⁸ο.
2807 5138 2825 5170 ι
2852 5118 3140 5173 Sciendum
3160 5132 3291 5173 vero
3316 5117 3649 5187 Scriptorum

2073 5225 2288 5266 sacram
2307 5209 2486 5263 dicere
2519 5224 2667 5263 mare
2690 5208 2925 5264 Galilaea:
2960 5210 3302 5266 Tiberiadem
3330 5210 3528 5275 lacum,
3559 5209 3647 5263 ubi

2073 5304 2243 5359 divini
2288 5306 2536 5375 discipuli
2571 5307 2914 5376 piscatoriam
2947 5320 3116 5359 artem
3139 5320 3396 5359 exercere
3439 5303 3643 5358 inventi

2074 5406 2218 5451 sunt.
2264 5396 2415 5452 Facit
2446 5399 2609 5467 igitur
2644 5399 2803 5452 verba
2839 5396 2999 5467 150
3028 5401 3078 5450 in
3115 5401 3398 5466 praisentia
3434 5396 3649 5449 univer-

2075 5488 2254 5545 sitatis
2286 5490 2425 5545 Deus
2454 5505 2587 5546 voce
2617 5492 2909 5560 prophetae,
2947 5489 3093 5543 velut
3162 5490 3225 5542 ad
3261 5489 3510 5558 regiones
3533 5487 3648 5541 sive

2077 5580 2326 5636 civitates
2362 5581 2533 5637 tribus
2557 5559 2794 5635 zabulon
2843 5591 2896 5636 et
2922 5578 3288 5651 Ncphthalim,
3320 5595 3442 5649 qua:
3490 5576 3650 5631 Tibe-

2078 5672 2215 5730 riadi
2245 5684 2436 5745 stagno
2497 5683 2652 5731 erant
2700 5674 2972 5729 contines:
3032 5674 3231 5743 quibus
3283 5682 3491 5727 tantum
3544 5686 3649 5725 non
