4152 6366
503 413 611 470 947

1489 414 1547 467 s.
1591 411 1868 469 CYRILLI
1914 410 2386 469 ALEXANDRINI
2425 382 2748 468 ARCHlEP.

3658 408 3760 465 ειε

506 530 760 588 salutaris
796 529 1043 600 poculum
1078 528 1407 598 impartitur,
1437 538 1492 583 et
1555 532 1739 585 vinum
1807 531 2061 600 propinat

2196 546 2285 592 τες
2329 530 2525 601 τέχνην
2571 531 2621 583 οἱ
2662 532 2937 585 Θεσπέσιον.
2991 529 3246 602 μαθηταί.
3290 526 3529 581 Ποιεῖται
3586 540 3762 579 τοινυν

505 622 818 679 exhilaratus
855 636 951 677 cor
982 622 1233 684 hominis,
1269 621 1706 690 praedicationem
1737 622 1991 677 videlicet
2019 621 2085 678 de

506 713 747 768 Christo.
778 710 909 774 Hoc.
950 712 1144 781 inquit,
1205 712 1439 779 primum
1471 711 1621 779 bibe,
1679 713 1786 768 cito
1811 713 1992 780 facito,
2031 713 2086 769 id

507 818 611 869 est,
642 822 674 861 ο
705 807 853 877 regio
884 804 1123 860 Zabulon
1159 821 1222 860 ac
1247 804 1619 877 Nephthalim,
1664 807 1922 876 suscipite
1946 822 2085 878 prae-

507 900 828 955 dicationem
868 898 1180 953 salutarem.
1210 898 1314 952 Sed
1353 898 1519 954 facile
1558 899 1686 962 cito,
1726 898 1777 953 id
1803 909 1909 964 est,
1944 898 2083 952 citra

508 1005 719 1045 omnem
778 1004 1006 1043 moram.
1084 988 1324 1053 Celeres,
1398 990 1473 1043 uti
1546 991 1815 1056 dicebam,
1868 989 2085 1044 fuerunt

511 1082 779 1152 discipuli,
810 1092 863 1136 et
896 1082 1050 1137 valde
1075 1082 1325 1136 alacriter
1357 1082 1422 1136 ad
1472 1083 1797 1138 credendum
1867 1082 2085 1139 Christo

509 1176 881 1248 prosilierunt.
927 1173 1061 1228 Nam
1088 1176 1343 1229 continuo
1376 1175 1578 1231 relictis
1616 1176 1819 1231 retibus
1849 1189 1903 1231 et
1934 1187 2088 1246 patre

510 1284 631 1333 suo,
658 1269 830 1322 secuti
861 1278 1029 1332 sunt;
1064 1276 1121 1322 et
1153 1283 1253 1322 nec
1277 1267 1431 1337 longa
1467 1268 1803 1322 institutione
1828 1269 1931 1323 illis
1951 1282 2086 1338 opus

510 1358 632 1413 fuit.
680 1358 1184 1412 Audierantenim:
1219 1376 1238 1409 ‹
1296 1357 1483 1413 Venite
1511 1368 1635 1427 post
1662 1373 1767 1424 me,
1801 1367 1854 1412 et
1887 1356 2083 1412 faciam

509 1469 606 1508 vos
635 1454 932 1522 piscatores
980 1451 1300 1516 hominum;
1332 1460 1387 1505 et
1419 1450 1588 1505 secuti
1618 1460 1746 1505 sunt
1775 1466 1897 1505 eum
1952 1450 2021 1503 ⁸⁸.
2059 1468 2078 1501 ι

508 1544 634 1601 Pari
663 1546 821 1601 modo
849 1553 904 1599 et
927 1554 1151 1600 caeteros
1191 1553 1406 1599 sanctos
1436 1542 1706 1610 apostolos
1733 1553 1954 1599 vocatos
2003 1543 2085 1598 in-

510 1641 811 1700 veniemus,
842 1646 898 1691 et
930 1636 981 1690 in
1019 1636 1354 1707 disciplinam
1394 1633 1595 1690 Christi
1660 1649 1719 1690 se
1774 1634 2082 1690 tradidisse.

512 1728 716 1785 Scribit
732 1727 1125 1783 enimJoannes
1144 1728 1223 1782 sic
1246 1728 1312 1783 de
1324 1726 1611 1783 Servatore
1631 1736 1818 1782 nostro
1833 1726 2081 1784 Christo:

518 1843 538 1875 ι
572 1821 793 1878 Postero
838 1823 923 1877 die
954 1821 1124 1875 voluit
1147 1821 1297 1876 exire
1338 1821 1391 1875 in
1429 1819 1729 1889 Galilaeam,
1777 1831 1831 1876 et
1885 1821 2086 1891 reperit

512 1914 838 1983 Philippum;
872 1923 926 1967 et
961 1914 1159 1968 dicitei
1194 1911 1369 1979 Jesus,
1428 1927 1657 1982 sequere
1700 1928 1804 1967 me.
1833 1890 1966 1967 Erat
1992 1928 2087 1966 au-
2118 1890 2161 1945 Β

512 2015 619 2059 tem
651 2002 927 2072 Philippus
976 2017 1007 2057 a
1042 2002 1326 2057 Bethsaida
1389 2002 1608 2057 civitate
1645 2003 1873 2058 Andreae
1901 2012 1955 2058 et
1986 2002 2088 2057 Pe-

514 2095 602 2149 tri.
640 2096 857 2163 Reperit
885 2092 1161 2162 Philippus
1188 2091 1599 2157 Nathanaelem,
1633 2103 1688 2147 et
1730 2093 1860 2147 dicit
1886 2094 1972 2147 ei:
2012 2094 2090 2149 De

511 2200 619 2253 quo
652 2184 873 2253 scripsit
904 2183 1077 2238 Moses
1102 2184 1154 2238 in
1198 2182 1333 2253 lege,
1371 2191 1427 2236 et
1455 2183 1750 2252 prophetae,
1780 2183 2088 2238 invenimus

509 2274 694 2331 Jesum
754 2277 922 2330 lilium
978 2276 1175 2347 Ioseph
1230 2274 1567 2331 Nazarenum
1611 2275 1682 2330 ⁸³.
1742 2288 1761 2328 t
1813 2275 1913 2331 Ubi
1958 2291 2089 2331 vero

510 2370 739 2425 accessit
776 2370 843 2424 ad
883 2368 1090 2435 Jesum,
1150 2383 1217 2424 ac
1277 2368 1543 2423 dicentem
1592 2369 1809 2424 demum
1842 2369 2085 2425 audivit:

516 2482 539 2518 ι
571 2463 891 2532 Priusquam
940 2473 990 2518 te
1013 2462 1292 2533 Philippus
1330 2474 1569 2529 vocaret,
1617 2478 1739 2518 cum
1795 2478 1946 2519 esses
1989 2463 2090 2518 sub

511 2556 640 2621 ﬁcu,
671 2555 921 2611 videbam
952 2564 1025 2621 te,
1079 2572 1099 2607 ο
1134 2555 1359 2609 credidit
1388 2556 1656 2625 protinus,
1719 2564 1775 2610 et
1811 2555 2088 2621 clamavit,

511 2648 697 2703 dicens
730 2666 743 2703 :
780 2667 799 2700 ι
836 2645 1031 2713 Rabbi,
1065 2654 1118 2700 tu
1149 2662 1208 2701 es
1236 2646 1404 2701 Filius
1445 2647 1560 2714 Dei,
1596 2657 1651 2701 tu
1686 2662 1746 2703 es
1780 2662 1876 2704 rex
1909 2647 2088 2704 lsrae-

510 2739 579 2795 lis
610 2739 676 2795 ⁸⁸.
716 2759 735 2792 ι
772 2739 979 2795 Rursus
1007 2738 1317 2805 Betltsaida,
1343 2740 1411 2796 de
1436 2754 1539 2810 qua
1568 2739 1845 2809 Philippus
1892 2752 1944 2795 et
1982 2740 2090 2796 Na-

511 2832 729 2888 thanael
759 2831 972 2887 oriundi
1003 2840 1150 2895 sunt,
1176 2831 1455 2901 adjacebat
1485 2834 1620 2886 mari
1652 2831 1944 2889 Tiberiadi.
1976 2832 2089 2889 Me-

512 2925 670 2978 minit
698 2925 822 2979 item
864 2925 1055 2979 beatus
1082 2924 1249 2977 David
1268 2924 1551 2979 electionis
1584 2926 1992 2995 discipulorum,
2035 2937 2084 2983 et

512 3017 688 3086 inquit
717 3036 729 3072 :
765 3035 785 3069 ι
824 3016 938 3071 lllic
969 3015 1245 3085 Beniamin
1274 3014 1458 3085 iunior
1515 3017 1568 3071 in
1622 3029 1862 3089 stupore,
1890 3016 2090 3090 princi-

512 3123 610 3178 pes
635 3108 793 3172 Juda,
822 3110 984 3165 duces
1007 3124 1219 3173 eorum,
1247 3109 1519 3179 principes
1569 3108 1836 3177 Zabulon,
1885 3114 2090 3182 princi-

513 3212 611 3265 pes
638 3194 979 3265 Nephthalim
1005 3198 1070 3253 ⁸⁸.
1102 3198 1256 3265 Quod
1288 3210 1471 3255 autem
1502 3201 1935 3273 divinidiscipuli
1975 3204 2089 3259 suis

2149 643 2152 647 ν
2185 623 2311 686 τοὺς
2334 622 2524 691 λόγους
2552 624 2705 677 ὁτῶν
2732 624 2868 678 ὅλων
2890 624 3022 688 Θεὸς
3037 624 3125 678 διὰ
3154 624 3337 694 φωνῆς
3358 621 3453 674 τοῦ
3482 621 3764 692 προφήτου

2186 713 2323 785 πρὸς
2351 716 2412 767 τὸ
2453 715 2648 786 παρὸν,
2674 716 2749 780 ὼς
2780 717 2915 788 πρός
2942 734 3003 769 τε
3039 716 3137 779 τὰς
3164 714 3348 785 χώρας
3381 714 3500 784 ἦτοι
3540 713 3640 775 τὰς
3670 713 3764 765 πά-

2184 804 2298 868 λεις
2337 806 2438 875 τῆς
2484 806 2655 876 φυλῆς
2687 808 2975 861 Ζαϐουλὼν
3011 810 3105 863 καὶ
3135 807 3479 877 Νεφθαλείμ,
3523 806 3580 861 αἲ
3624 823 3765 878 παρ⁹

2186 896 2394 951 ἐκειντο
2421 901 2487 970 τῇ
2517 899 2793 971 Τιϐεριάδι
2825 902 3024 974 λίμνῃ·
3060 902 3154 955 καὶ
3189 899 3471 971 μονονουχὶ
3504 899 3765 970 ποτήριον

2185 991 2375 1051 αὐταῖς
2400 991 2493 1043 τοῦ
2531 994 2798 1063 σωτηρίου
2826 995 3018 1059 διδοὺς,
3046 996 3141 1048 καὶ
3167 990 3309 1047 οἶνον
3337 993 3629 1065 προσάγων
3663 992 3758 1045 τὸν

2186 1082 2545 1153 εὐφραίνοντα
2565 1085 2793 1155 καρδίαν
2822 1085 3129 1158 ἀνθρώπου,
3148 1087 3208 1139 τὸ
3232 1088 3494 1157 κήρυγμα
3518 1084 3763 1153 δηλονότι

2186 1174 2248 1227 τὸ
2291 1176 2420 1246 περὶ
2460 1175 2718 1245 Χριστοῦ.
2770 1177 2940 1231 Τοῦτο
3000 1178 3212 1248 πρῶτον
3259 1179 3372 1242 πίε,
3426 1178 3579 1247 φησι,
3624 1176 3762 1247 ταχὺ

2187 1268 2355 1331 ποίει,
2404 1268 2547 1321 τοῦτ’
2592 1268 2760 1332 ἐστιν,
2794 1264 2838 1322 ὧ
2896 1268 3048 1341 χώρα
3094 1270 3378 1325 Ζαϐουλὼν
3422 1270 3517 1323 καὶ
3555 1267 3765 1337 Νεφθα-

2189 1361 2335 1429 λεὶμ,
2358 1359 2577 1431 δέχεσθε
2605 1361 2667 1414 τὸ
2696 1362 2959 1433 κήρυγμα
2979 1364 3041 1415 τὸ
3074 1365 3218 1434 σωτὴ
3230 1380 3361 1435 ριον.
3380 1361 3541 1415 Ἀλλὰ
3561 1363 3764 1415 ποιεῖτε

2189 1451 2348 1519 ταχὺ,
2378 1450 2521 1504 τοῦτ’
2545 1451 2695 1520 ἔστι,
2731 1453 3047 1524 μελλησμοῦ
3077 1453 3198 1523 δίχα
3227 1454 3449 1516 παντός.
3491 1453 3663 1518 Ὀξεῖς
3683 1451 3762 1517 δὲ,

2191 1541 2268 1607 ὼς
2299 1542 2456 1613 ἔφην,
2485 1546 2530 1596 oi
2559 1543 2822 1615 μαθηταὶ,
2852 1545 2946 1597 καὶ
2970 1545 3089 1598 λίαν
3122 1545 3353 1616 ἐτοίμως
3390 1545 3557 1607 ἰόντες
3587 1543 3677 1596 ἐπὶ
3704 1542 3766 1596 τὸ

2192 1636 2482 1689 πιστεῦσαι
2509 1637 2749 1708 Χριστῷ.
2788 1638 3185 1709 Ἦκολούθησαν
3211 1638 3319 1709 γὰρ
3344 1637 3504 1700 εὐθὺς
3537 1638 3767 1707 ἀφέντες

2190 1730 2260 1782 τὰ
2287 1730 2477 1783 δίκτυα
2507 1730 2601 1782 καὶ
2633 1730 2725 1783 τὸν
2756 1732 2989 1802 πατέρα,
3028 1732 3120 1784 καὶ
3156 1730 3545 1801 μυσταγωγίας
3584 1730 3767 1791 αὐτοῖς

2192 1820 2415 1892 ἐδέησεν
2443 1822 2503 1875 οὐ
2537 1821 3020 1893 μακρᾶς.¹Ἥκουον
3046 1823 3152 1893 γάρ
3172 1838 3185 1853 ·
3212 1841 3229 1874 ι
3254 1822 3418 1875 Δεῦτε
3440 1821 3614 1874 ὀπίσω
3639 1838 3764 1891 μου,

2192 1914 2287 1966 καὶ
2334 1914 2543 1985 ποιήσω
2589 1915 2734 1984 ὑμᾶς
2782 1915 3032 1982 γενέσθαι
3079 1916 3250 1980 ἁλιεῖς
3306 1914 3627 1985 ἀνθρώπων,
3673 1915 3766 1966 καὶ

2193 2005 2565 2077 ἠκολούθησαν
2602 2006 2769 2076 αὐτῷ.
2810 2025 2830 2059 ι
2894 2008 3051 2062 Κατὰ
3096 2008 3189 2061 τὸν
3239 2004 3356 2061 ἴσον
3414 2006 3614 2079 τρόπον
3672 2003 3768 2057 καὶ

2191 2099 2413 2169 ἐτέρους
2439 2099 2550 2153 τῶν
2591 2101 2763 2170 ἁγίων
2793 2102 3108 2155 ἀποστόλων
3137 2100 3508 2171 κεκλημένους
3542 2098 3768 2169 εὑρήσο-

2195 2209 2315 2261 μεν,
2355 2193 2450 2245 καὶ
2484 2192 2854 2264 πεποιηκότας
2881 2195 2981 2263 τῆς
3005 2194 3096 2246 ἐπὶ
3124 2191 3346 2264 Χριστῷ
3380 2189 3769 2261 μυσταγωγίας

2189 2286 2281 2338 τὸν
2312 2285 2491 2353 λόγον.
2522 2284 2727 2357 Γράφει
2760 2289 2871 2359 γὰρ
2912 2289 3169 2358 Ἰωάννης
3211 2287 3308 2340 ὼδὶ
3352 2284 3479 2356 περὶ
3515 2283 3611 2338 τοῦ
3638 2282 3770 2337 πάν-

2189 2396 2297 2433 των
2323 2378 2481 2449 ήμῶν
2510 2380 2763 2451 Σωτῆρος
2800 2379 3036 2451 Χριστοῦ
3057 2397 3069 2409 ·
3102 2402 3120 2431 ι
3159 2379 3237 2451 Τῇ
3268 2377 3532 2448 ἐπαύριον
3569 2374 3770 2446 ἠθέλη-

2192 2484 2284 2523 σεν
2312 2468 2547 2536 ἐξελθεῖν
2578 2472 2659 2532 είς
2690 2470 2786 2542 τὴν
2816 2470 3104 2524 Γαλιλαίαν
3125 2485 3138 2499 ·
3169 2470 3261 2523 καὶ
3294 2467 3540 2540 εὑρίσκει
3582 2464 3772 2518 Φίλιπ-

2189 2578 2313 2625 πον,
2342 2562 2436 2615 καὶ
2469 2560 2613 2630 λέγει
2641 2561 2831 2632 αὖτῷὀ
2866 2561 3095 2633 Ἰησοῦς
3127 2560 3432 2615 Ἀκολούθει
3458 2575 3567 2631 μοι.
3586 2553 3694 2611 Ἦν
3715 2556 3775 2612 δὲ

2189 2654 2219 2705 ὀ
2264 2653 2532 2717 Φίλιππος
2584 2652 2692 2706 ἀπὸ
2726 2650 3003 2725 Βηθσαϊδὰ
3050 2654 3113 2705 ἐκ
3156 2652 3254 2723 τῆς
3295 2650 3479 2722 χώρας
3520 2648 3773 2719 Ἀνδρέου

2191 2745 2286 2800 καὶ
2336 2746 2566 2817 Πέτρου.
2610 2745 2870 2816 Εὑρίσκει
2913 2744 3178 2808 Φίλιππος
3216 2742 3307 2797 τὸν
3338 2740 3633 2812 Ναθαναὴλ
3680 2738 3776 2793 καὶ⁵

2190 2839 2339 2908 λέγει
2375 2837 2557 2908 αὐτῷ’
2598 2839 2693 2890 ⁸⁸ον
2725 2836 2930 2908 ἔγραψε
2966 2836 3171 2904 Μωσῆς
3204 2838 3261 2888 ἐν
3295 2834 3372 2905 τῷ
3400 2833 3573 2904 νόμῳ,
3603 2832 3695 2885 καὶ
3723 2830 3775 2884 oi.

2190 2930 2485 3002 προφῆται,
2524 2929 2841 3001 εὑρήκαμεν
2910 2922 3119 2997 Ἰησοῦν
3152 2926 3267 2980 υίὺν
3302 2924 3396 2977 τοῦ
3444 2924 3643 2993 Ἰωσὴφ
3681 2920 3775 2975 τὸν

2190 3022 2300 3076 ἀπὸ
2325 3020 2600 3093 Ναζαρέθ.
2633 3038 2651 3070 ι
2676 3018 2891 3091 Ἐπειδὴ
2915 3018 2970 3071 δὲ
3000 3018 3227 3087 ἀφίκετο
3256 3017 3391 3088 πρὸς
3420 3016 3509 3069 τὸν
3540 3013 3771 3086 Ἰησοῦν,

2190 3111 2309 3168 εἶτα
2337 3114 2588 3183 λέγοντος
2608 3115 2829 3184 ἤκουσε·
2853 3130 2871 3164 ι
2898 3111 3009 3182 Πρὸ
3025 3110 3119 3164 τοῦ
3151 3125 3209 3162 σε
3238 3109 3501 3161 Φίλιππον
3526 3106 3776 3175 φωνῆσαι

2191 3208 2320 3263 ὄντα
2366 3210 2470 3263 ὑπὸ
2496 3209 2597 3279 τὴν
2646 3209 2818 3265 συκῆν
2863 3202 3000 3258 εἶδόν
3043 3222 3126 3268 σε,
3156 3222 3175 3255 ι
3217 3201 3549 3256 πεπίστευκε
3598 3214 3777 3269 παρα-

513 3290 843 3358 temporibus
890 3305 993 3345 non
1020 3292 1116 3346 soli
1137 3292 1361 3347 vocandi
1392 3305 1595 3360 essent,
1632 3296 1723 3349 sed
1751 3296 1913 3349 etiam
1953 3295 2089 3349 mul-

2196 3303 2400 3372 χρῆμα,
2433 3302 2526 3355 καὶ
2552 3300 2613 3372 δὴ
2641 3301 2734 3354 καὶ
2768 3298 3039 3369 ἀνέκραγε
3077 3296 3251 3362 λέγων
3272 3312 3285 3324 ·
3320 3313 3338 3341 ι
3376 3292 3551 3357 Ῥαϐι,
3583 3293 3645 3343 σὺ
3674 3286 3724 3343 εἷ
3746 3289 3777 3342 δ

515 3378 688 3431 titudo
712 3380 973 3448 gentium,
1019 3381 1287 3452 designat,
1320 3382 1606 3451 inquiens:
1654 3383 1721 3437 Et
1761 3384 1953 3454 reliqui
1982 3400 2095 3438 ma-

2198 3395 2327 3458 Υίὸς
2380 3394 2475 3447 τοῦ
2523 3393 2679 3457 Θεοῦ,
2728 3395 2791 3447 σὺ
2842 3389 2894 3445 εἴ
2940 3394 2967 3444 ὁ
3012 3389 3263 3460 βασιλεὺς
3311 3386 3406 3440 τοῦ
3469 3385 3705 3456 Ἰσραήλ.
3751 3402 3771 3435 ι

516 3469 682 3521 ritimi
713 3470 853 3523 ultra
907 3470 1219 3535 Iordanem,
1274 3473 1492 3529 Galilzea
1554 3478 1816 3546 gentium,
1869 3476 2094 3546 populus

2198 3485 2471 3556 Βηθσαϊδὰ
2501 3485 2557 3538 δὲ
2582 3485 2741 3538 πάλιν
2773 3482 2831 3548 ἐξ
2878 3478 2946 3555 ἧς
2974 3483 3003 3534 ό
3029 3481 3293 3541 Φίλιππος
3331 3474 3400 3549 ἦν
3435 3476 3531 3529 καὶ
3561 3475 3659 3546 μέν
3694 3489 3778 3526 τοι

515 3560 607 3630 qui
639 3561 879 3641 ambulat
920 3565 971 3617 in
1017 3566 1277 3627 tenebris,
1310 3565 1482 3620 lucem
1535 3567 1669 3621 vidit
1719 3582 1990 3637 magnam;
2042 3577 2094 3621 et

2198 3575 2512 3647 Ναθαναὴλ,
2563 3575 2857 3645 παρέκειτο
2916 3576 2980 3644 τῇ
3048 3571 3291 3643 θαλάσσῃ
3342 3570 3406 3639 τῇ
3472 3564 3774 3637 Τιϐεριάδι.

513 3654 605 3721 qui
647 3653 904 3708 habitatis
942 3655 994 3709 in
1032 3656 1250 3723 regione
1277 3673 1337 3711 ac
1366 3658 1554 3711 umbra
1589 3658 1797 3723 mortis,
1844 3657 1932 3712 lux
1972 3658 2094 3713 illu-

2199 3669 2573 3740 Διαμέμνηται
2618 3667 2674 3719 δὲ
2704 3666 2798 3719 καὶ
2836 3665 2865 3717 ὁ
2919 3664 3186 3734 μακάριος
3214 3660 3376 3714 Δαὸὶδ
3404 3661 3503 3729 τῆς
3538 3657 3649 3710 τῶν
3674 3670 3778 3727 μαι

519 3746 663 3800 cebit
688 3746 857 3801 vobis.
896 3746 1382 3803 lncedebanteuim
1418 3749 1527 3817 jam
1552 3751 1770 3817 perinde
1798 3760 1855 3803 ut
1889 3762 2094 3819 gentes,

2199 3760 2377 3832 θητῶν
2417 3760 2798 3830 ἀναρρήσεως,
2848 3756 2940 3809 καί
2987 3770 3180 3823 φησιν*
3226 3773 3243 3804 ι
3289 3753 3434 3805 Ἐκεῖ
3484 3747 3779 3819 Βενιαμεὶν

515 3846 573 3891 et
596 3839 1158 3893 commemorabantur
1207 3841 1259 3894 in
1320 3841 1422 3896 hoc
1481 3843 1699 3907 mundo,
1761 3850 2011 3911 tanquam
2045 3842 2094 3895 in

2201 3850 2464 3920 νεώτερος
2503 3852 2560 3901 ἐν
2588 3849 2862 3912 ἐκστάσει,
2907 3847 3162 3917 ἄρχοντες
3196 3842 3364 3896 Ἰούδα
3388 3840 3655 3911 ἡγεμόνες
3677 3838 3779 3891 at»

518 3940 699 3993 nocte,
768 3942 825 3985 et
883 3932 935 3984 in
1000 3933 1257 4000 tenebris,
1343 3943 1625 4003 propterea
1709 3936 1849 4003 quod
1918 3934 2094 3988 lumen

2198 3941 2329 3994 τῶν
2361 3942 2616 4013 ἄρχοντες
2640 3936 2942 4001 Ζαϐουλὼν,
2972 3936 3230 4007 ἄρχοντες
3250 3930 3584 4001 Νεφθαλείμ.
3614 3948 3632 3980 ι
3653 3926 3779 3983 "Ott

526 4020 681 4091 151
720 4037 863 4077 verae
894 4023 985 4078 Dei
1016 4024 1344 4092 cognitionis
1375 4025 1427 4079 in
1458 4026 1640 4079 animo
1668 4038 1773 4079 non
1817 4025 2096 4087 haberent.

520 4114 616 4167 sed
660 4124 878 4169 ruerent
904 4115 1055 4185 quasi
1093 4116 1143 4170 in
1178 4131 1393 4171 omnem
1434 4116 1667 4183 foveam,
1713 4128 1768 4172 et
1811 4118 1864 4173 in
1900 4120 2098 4172 malum

520 4205 689 4259 veluti
745 4206 811 4260 ad
855 4209 1100 4275 quemvis
1149 4207 1380 4277 lapidem
1417 4208 1797 4279 impingerent.
1844 4208 2102 4265 Habitare

522 4313 653 4353 vero
679 4314 774 4354 eos
816 4300 869 4354 in
910 4302 1131 4370 regione
1158 4311 1213 4357 et
1250 4303 1437 4355 umbra
1475 4304 1660 4358 mortis
1696 4304 1801 4369 ait,
1844 4306 1985 4373 quod
2031 4305 2102 4358 sit

524 4392 665 4459 apud
709 4406 834 4459 eos,
881 4400 1010 4462 puta
1050 4395 1104 4448 in
1157 4394 1464 4464 regionibus
1507 4409 1728 4460 eorum,
1770 4396 1913 4450 aliud
1968 4395 2101 4449 nihil

523 4499 686 4553 quam
718 4484 830 4540 sola
862 4484 1053 4540 nebula
1098 4495 1153 4540 et
1184 4488 1376 4556 caligo,
1412 4488 1608 4541 mentis
1648 4487 1895 4543 videlicet
1926 4498 1980 4541 et
2018 4489 2103 4541 iu-

524 4577 866 4647 telligentiaa,
920 4578 1120 4648 quique
1162 4579 1271 4633 sint
1315 4580 1486 4633 instar
1527 4588 1884 4644 mortuorum,
1923 4580 2100 4633 adlme

2199 4033 2253 4087 δὲ
2301 4032 2522 4104 ἔμελλον
2563 4034 2624 4085 ού
2668 4033 2816 4103 μόνοι
2855 4027 3223 4098 κληθήσεσθαι
3264 4023 3405 4077 κατὰ
3452 4023 3684 4093 καιροὺς
3728 4020 3780 4073 oi

2203 4124 2483 4178 θεσπέσιον,
2525 4124 2787 4196 μαθηταὶ.
2817 4120 2953 4176 ἀλλὰ
2982 4120 3091 4191 γὰρ
3122 4119 3213 4171 καὶ
3237 4119 3295 4169 αἱ
3324 4117 3430 4169 τῶν
3459 4114 3632 4168 ἐθνῶν
3658 4112 3782 4181 άγέο

2201 4218 2313 4282 λαι,
2348 4214 2688 4285 καταμηνύει
2724 4214 2928 4281 λέγων·
2958 4211 3051 4263 καὶ
3082 4211 3129 4263 oi
3166 4208 3342 4260 λοιποὶ
3391 4208 3439 4259 oi
3478 4205 3577 4276 τὴν
3602 4204 3781 4275 παράο

2202 4309 2314 4362 λιον
2345 4309 2440 4363 καὶ
2480 4308 2656 4378 πέραν
2683 4304 2777 4358 τοῦ
2825 4302 3112 4373 Ἰορδάνου,
3159 4298 3420 4354 Γαλιλαία
3448 4298 3558 4351 τῶν
3586 4296 3777 4357 ἐθνῶν,

2200 4404 2230 4455 ό
2279 4401 2405 4463 λαὸς
2448 4402 2475 4453 ὁ
2506 4398 2870 4469 πορευόμενος
2905 4395 2963 4446 ἐν
3020 4391 3204 4445 σκότει
3242 4391 3355 4459 φῶς
3396 4388 3471 4441 ῐδε
3510 4389 3672 4458 μέγα.
3716 4387 3779 4440 Ol

2202 4492 2579 4553 κατοικοῦντες
2604 4491 2661 4540 ἐν
2692 4486 2842 4558 χώρᾳ
2870 4487 2961 4539 καὶ
2995 4485 3123 4554 σκιᾷ
3151 4483 3406 4543 θανάτου,
3433 4480 3552 4550 φῶς
3574 4478 3781 4550 λάμψει

2212 4585 2296 4651 ἐφ’
2336 4583 2502 4652 ὑμᾶς.
2547 4578 2822 4641 Ἐϐάδιζον
2865 4577 2971 4647 γὰρ
3004 4575 3193 4646 ὥσπερ
3238 4575 3287 4626 oi
3334 4574 3392 4639 ἐξ
3440 4571 3634 4636 ἐθνῶν,
3686 4572 3785 4624 καὶ

526 4669 795 4724 viventes.
832 4669 1132 4740 Corporum
1162 4685 1393 4740 namque
1420 4672 1607 4725 umbra
1657 4674 1878 4727 omnino
1913 4686 2094 4727 eorum

2208 4642 2475 4745 διετριίῦον
2501 4675 2558 4726 ἐν
2584 4671 2718 4741 τῷδε
2752 4669 2829 4740 τῷ
2876 4642 3068 4739 κόσμῳ
3091 4684 3105 4697 ι
3141 4642 3391 4736 καθάπερ
3436 4666 3487 4717 oi
3526 4666 3583 4717 ἐν
3628 4666 3786 4718 νυκτὶ

528 4761 731 4818 formas
766 4762 1030 4826 imitatur,
1063 4772 1117 4817 et
1151 4773 1410 4831 quantum
1453 4766 1519 4818 ad
1568 4762 1751 4834 ﬁgurae
1790 4764 2101 4818 similitudi-

530 4869 655 4907 nem
690 4854 903 4913 attinet.
937 4854 1080 4909 nulla
1118 4856 1328 4909 ratione
1360 4856 1653 4923 discrepat.
1709 4854 1873 4909 Deum
1921 4866 2101 4909 autem

534 4947 745 5003 nescire
777 4948 867 5015 qui
912 4957 1101 5002 natura
1136 4955 1220 5001 est
1245 4956 1301 5001 et
1334 4962 1460 5001 vero
1493 4948 1652 5012 Deus,
1686 4948 1916 5002 imitatio
1967 4962 2104 5015 quo-

534 5038 825 5090 dammodo
871 5047 955 5091 est
992 5047 1049 5091 et
1089 5039 1279 5092 umbra
1323 5039 1535 5094 mortis.
1569 5037 1832 5093 Caeterum
1865 5036 1969 5091 illis
2004 5036 2107 5090 hoc

536 5127 727 5181 morbo
761 5125 1134 5184 laborantibus
1189 5128 1277 5182 lux
1311 5144 1500 5198 magna
1546 5128 1768 5193 affulsit,
1817 5140 1939 5198 post
1985 5142 2104 5182 eam

534 5233 697 5285 quam
728 5220 841 5286 ipse
872 5219 1126 5274 Christus
1156 5220 1356 5285 intulit,
1392 5221 1671 5275 oraculum
1699 5236 1915 5292 quoque
1937 5237 2105 5276 evan—

536 5308 783 5379 gelicum.
821 5308 948 5365 Inde
972 5310 1073 5366 fuit
1117 5314 1346 5366 maxima
1379 5327 1503 5379 pars
1536 5314 1712 5381 populi
1753 5328 1914 5383 quam
1938 5314 2106 5370 dedu-

537 5400 669 5453 xisti
702 5402 753 5454 in
781 5401 963 5456 lastitia
993 5413 1103 5456 tua.
1157 5402 1321 5458 Multo
1361 5404 1505 5457 enim
1552 5404 1731 5474 plures
1766 5421 1832 5459 ex
1858 5408 2108 5474 gentibus

537 5490 715 5543 vocati
754 5500 901 5552 sunt,
934 5502 1125 5559 praeter
1166 5508 1259 5548 eos
1300 5495 1390 5561 qui
1435 5509 1501 5548 ex
1541 5495 1701 5550 Israel
1741 5496 2108 5551 crediderunt.

540 5579 742 5647 Itaque,
771 5580 960 5647 inquit,
992 5582 1163 5636 lucem
1215 5584 1346 5638 vidit
1389 5598 1658 5654 magnam,
1706 5586 1941 5640 maxima
1987 5598 2115 5657 pars

540 5671 719 5740 pepuli
739 5686 898 5739 quem
930 5672 1192 5727 deduxisti
1226 5675 1277 5727 in
1311 5676 1511 5731 laetitia.
1535 5677 1689 5742 Illud,
1716 5696 1733 5728 ι
1766 5678 2064 5743 Βούυκίειὶ,
2088 5699 2106 5731 ι

640 5829 654 5858 ί
690 5827 875 5885 Matth.
908 5845 980 5897 tv,
1014 5831 1093 5887 l9.
1172 5832 1364 5887 "Joan
1392 5852 1429 5899 t,
1461 5835 1649 5890 45-45.
1723 5836 1769 5868 ⁸³
1799 5837 1924 5892 ibid.
1957 5836 2141 5890 47-59.

2209 4768 2303 4821 καὶ
2336 4768 2394 4818 ἐν
2426 4764 2623 4835 σκότῳ,
2650 4761 2739 4816 διά
2766 4777 2849 4815 τοι
2891 4759 2952 4813 τὸ
2975 4760 3089 4827 φῶς
3117 4760 3216 4812 οὐκ
3242 4759 3384 4828 ἔχειν
3411 4759 3491 4819 είς
3531 4757 3657 4810 νοῦν
3687 4759 3787 4827 τῆς

2210 4857 2442 4928 ἀληθοῦς
2471 4855 2818 4923 θεογνωσίας,
2863 4852 3081 4904 πίπτειν
3117 4851 3172 4903 δὲ
3199 4851 3387 4921 ὥσπερ
3414 4849 3559 4902 κατὰ
3588 4849 3786 4920 βόθρου

2212 4947 2442 5007 παντός·
2476 4944 2569 4996 καὶ
2604 4936 2694 4995 οἷά
2721 4959 2804 5004 τις
2837 4940 2969 5009 λίθῳ
3001 4941 3163 4992 παντὶ
3207 4937 3569 5009 προσπταίειν
3604 4937 3784 5007 κακῷ.

2212 5038 2502 5089 Κατοικεῖν
2521 5036 2577 5088 δὲ
2602 5035 2799 5097 αὐτοὺς
2826 5034 2882 5085 ὲν
2899 5031 3051 5102 χώρᾳ
3072 5032 3166 5083 καὶ
3194 5032 3322 5100 σκιᾷ
3339 5029 3571 5084 θανάτου
3595 5033 3783 5101 φησὶν,

2211 5125 2298 5178 διὰ
2328 5125 2391 5177 τὸ
2429 5121 2567 5177 εἶναι
2611 5126 2739 5196 παρ’
2772 5124 2954 5186 αὐτοῖς
2979 5161 2993 5186 ,
3030 5124 3195 5193 ῆγουν
3230 5123 3288 5174 ἐν
3321 5124 3444 5185 ταῖς
3476 5121 3657 5174 αὐτῶν
3687 5120 3789 5190 χώ-

2214 5217 2560 5289 ραις,ἓτερον
2586 5216 2753 5280 οὐδὲν,
2780 5216 2919 5288 πλὴν
2942 5217 3023 5270 ὅτι
3051 5216 3218 5285 μόνην
3243 5214 3411 5285 ἀχλὺν
3438 5215 3534 5269 καὶ
3568 5214 3787 5278 σκότον,

2212 5309 2305 5362 τὸν
2329 5311 2517 5381 νοητὸν
2544 5310 2803 5380 δηλονότι,
2833 5303 2973 5362 εἶναι
2997 5308 3053 5361 δὲ
3078 5306 3266 5378 ὥσπερ
3294 5308 3352 5358 ἐν
3385 5304 3642 5376 ὁμοιώσει
3675 5304 3787 5357 τῶν

2212 5402 2540 5464 τεθνεώτων,
2575 5403 2750 5457 καίτοι
2788 5402 2996 5467 ζῶντας
3028 5401 3127 5455 ἐτι.
3165 5402 3225 5453 Ἠ
3261 5400 3358 5470 μὲν
3400 5398 3510 5471 γὰρ
3546 5397 3655 5452 τῶν
3689 5414 3789 5451 σω-

2219 5495 2404 5565 μάτων
2457 5495 2583 5548 σκιὰ
2632 5498 2877 5563 μιμεῖται
2909 5493 3125 5554 πάντως
3174 5490 3352 5544 αὐτῶν
3397 5490 3470 5543 τὰ
3504 5491 3786 5560 σχήματα,

2217 5585 2581 5658 παραλλάττει
2607 5585 2663 5637 δὲ
2695 5584 2832 5646 ὅλως
2877 5582 2997 5637 κατ’
3019 5582 3207 5636 οὐδένα
3244 5582 3465 5653 τρόπον,
3494 5582 3619 5635 ὅσον
3649 5577 3788 5651 ἧκεν

2218 5681 2296 5741 είς
2327 5678 2627 5747 ἐμφέρειαν
2665 5676 2761 5746 τὴν
2793 5676 2869 5741 ὼς
2903 5677 2959 5729 ἐν
2992 5675 3231 5746 σχήματι
3280 5673 3425 5742 λέγω
3445 5692 3457 5705 '
3489 5674 3580 5728 τὸν
3616 5672 3673 5726 δέ
3719 5684 3785 5740 γε

2217 5835 2259 5865 ³⁵
2288 5832 2426 5889 Psal.
2447 5846 2613 5896 vatt,
2641 5830 2728 5885 28.
