4152 6366
385 364 494 422 249
1554 363 1622 420 ΙΝ
1657 364 1892 421 ιεΑιΑιιι
1933 365 2011 420 LI]

2115 367 2148 423 l.
2186 365 2399 423 ORAT.
2444 364 2506 423 Υ.
3539 369 3643 418 250

386 482 519 533 Θεὸν
545 480 644 533 οὐκ
669 477 870 532 εἰδέναι
900 478 992 531 τὸν
1023 476 1179 548 φύσει
1211 479 1303 532 καὶ
1323 477 1563 549 ἀληθῶς,
1594 479 1819 551 μίμημά
1843 476 1962 541 πώς
1990 485 2011 542 Α

2115 480 2305 535 asitum
2330 488 2415 535 est
2437 494 2535 549 pro
2556 477 2798 541 Vocasti,
2824 486 2877 533 et
2900 448 3195 535 redemisti.
3224 476 3386 531 veluti
3409 477 3644 546 captivos

389 576 507 627 ἐστι
541 572 635 625 καὶ
666 571 792 624 σκιὰ
813 571 1066 626 θανάτου.
1104 572 1265 624 Ἀλλὰ
1295 576 1408 636 τοῖς
1442 573 1623 626 ἐκεῖνα
1651 573 1967 643 νενοσηκόσι

2115 570 2268 623 iaboli
2315 569 2619 639 tyrannide.
2658 586 2677 619 ι
2708 567 2772 622 Hi
2799 567 3126 621 laetabuntur
3159 581 3342 620 coram
3392 575 3465 630 te,
3496 570 3646 634 quasi

391 664 509 732 φῶς
540 661 846 733 ἐπέλαμψε,
871 660 1011 733 μετὰ
1037 662 1096 715 τὸ
1122 662 1273 735 παρὰ
1302 662 1538 734 Χριστοῦ
1579 663 1843 732 δηλονότι,
1876 662 1975 715 καὶ

2116 666 2167 720 ui
2202 666 2452 719 laetantur
2483 666 2534 718 in
2568 679 2764 727 messe,
2797 662 3251 731 quemadmodum
3288 660 3380 731 qui
3410 660 3647 715 dividunt

390 756 453 810 τὸ
507 754 788 824 θέσπισμα
836 754 898 807 τὸ
953 755 1330 823 εὐαγγελικόν.
1388 755 1631 809 Ἐκεῖθεν
1675 755 1868 823 γέγονε
1916 754 1977 807 τὸ

2115 756 2264 821 polia.
2295 775 2314 808 ε
2364 754 2620 808 Bifariam
2672 764 2852 808 autem
2890 753 3253 821 intelligemus
3299 753 3415 806 haec
3463 754 3650 806 verba.

392 847 642 901 πλεῖστον
681 846 773 899 τοῦ
809 845 964 911 λαοῦ,
1015 844 1075 899 ὃν
1119 847 1429 917 κατήγαγες
1462 849 1520 899 ὲν
1554 849 1620 918 τῇ
1668 846 1977 919 εὐφροσύνῃ

2115 844 2210 899 lam
2240 847 2283 899 si
2312 846 2476 899 divini
2510 844 2753 913 discipuli
2790 844 2920 908 sint,
2962 845 3051 912 qui
3087 845 3337 895 laetantur
3368 841 3419 894 in
3452 853 3651 905 messe,

396 956 512 992 σου.
538 938 764 1001 Πιλείους
793 937 900 1011 γὰρ
933 938 1053 992 λίαν
1098 940 1144 991 oi
1171 938 1228 1005 ἐξ
1262 939 1431 991 ἐθνῶν
1462 938 1791 1008 κεκλημένοι
1828 939 1979 1009 παρὰ

2115 947 2131 990 ι
2170 937 2411 989 dividunt
2458 936 2649 1003 Spolia,
2686 936 2807 988 dum
2849 934 3103 987 nimirum
3148 940 3335 1001 gentes
3368 931 3652 998 colligunt,

396 1031 525 1093 τοὺς
571 1030 970 1093 πιστεύσαντας
1012 1029 1072 1096 ἐξ
1126 1031 1366 1103 Ἰσραήλ.
1420 1029 1632 1085 Οὐκοῦν
1682 1029 1797 1097 φῶς
1846 1025 1976 1095 εἶδε,

399 1126 551 1196 φησὶ,
584 1125 749 1196 μέγα,
800 1126 861 1179 τὸ
901 1126 1151 1179 πλεῖστον
1177 1125 1271 1179 τοῦ
1304 1125 1454 1193 λαοῦ,
1502 1125 1530 1178 ὃ
1576 1126 1888 1196 κατήγαγες
1923 1126 1980 1177 ἐν

402 1218 708 1289 εὐφροσύνῃ
736 1236 851 1272 σου.
879 1217 952 1271 Τὸ
988 1219 1043 1272 δέ
1070 1220 1418 1290 Κατήγαγες,
1441 1219 1561 1272 ἀντὶ
1589 1219 1706 1285 τοῦ,
1757 1221 1983 1271 Ἀνεκα-

406 1308 564 1375 λέσω,
595 1311 867 1374 τέθεικεν,
902 1313 996 1365 καὶ
1031 1311 1354 1386 Ἐλυτρώσω
1376 1351 1391 1375 ,
1420 1311 1673 1383 καθάπερ
1703 1308 1982 1381 αἰχμαλώ-

406 1418 531 1465 τους
567 1404 633 1455 ἐκ
658 1403 971 1468 πλεονεξίας
997 1402 1309 1474 διαϐολικῆς
1332 1402 1753 1473 γεγενημένους.
1781 1422 1799 1452 ι
1825 1396 1983 1471 Οὗτοι

406 1495 874 1567 εὐφρανθήσονται
903 1495 1135 1549 ἐνώπιόν
1164 1513 1280 1559 σου,
1311 1496 1386 1559 ὼς
1407 1497 1456 1548 οἱ
1488 1493 1902 1565 εὐφραινόμενοι
1926 1492 1984 1544 ἐν

404 1586 600 1658 ἀμητῷ
624 1605 636 1618 ·
671 1588 765 1641 καὶ
803 1588 862 1641 ὃν
898 1588 1099 1660 τρόπον
1138 1589 1188 1640 oi
1222 1588 1589 1658 διαιρούμενοι
1624 1586 1687 1638 τὰ
1724 1584 1911 1637 σκύλα.
1960 1602 1979 1634 ›

2079 1028 2243 1083 veluti
2292 1026 2618 1082 frumentum
2664 1027 2716 1081 in
2754 1028 3004 1081 horreum
3048 1025 3397 1086 dominicum,
3432 1033 3487 1077 et
3516 1022 3651 1074 anti-

2081 1137 2243 1189 quum
2269 1134 2509 1173 errorem
2542 1129 2841 1189 amputant,
2876 1119 3070 1189 gaudio
3099 1117 3405 1170 alliciuntur
3434 1114 3652 1183 perinde

2082 1226 2146 1264 ac
2188 1210 2220 1263 ii
2256 1210 2345 1277 qui
2382 1209 2434 1261 in
2473 1210 2619 1276 agris
2663 1216 2870 1261 metunt
2900 1225 2912 1259 :
2941 1216 2996 1260 et
3028 1205 3154 1257 dum
3190 1213 3442 1271 tanquam
3471 1211 3652 1272 tyran-

2085 1302 2198 1355 nica
2233 1303 2279 1354 vi
2308 1302 2542 1368 eripiunt
2575 1319 2601 1350 a
2638 1299 2837 1352 Satana
2881 1299 3153 1360 seductos,
3186 1306 3238 1348 et
3270 1309 3364 1364 per
3402 1293 3558 1345 iidem
3587 1291 3653 1343 ad

2084 1395 2334 1463 pietatem
2379 1394 2687 1457 traducunt,
2716 1393 2951 1461 gaudent
2983 1391 3137 1458 quasi
3178 1386 3270 1459 qui
3314 1386 3482 1457 spolia
3519 1384 3655 1437 divi-

2086 1488 2239 1539 dunt.
2290 1484 2501 1539 Etenim
2547 1484 2600 1537 hi
2646 1484 2796 1547 illos,
2846 1483 2919 1535 illi
2972 1483 3107 1535 alios
3161 1485 3568 1549 permoverunt,
3605 1482 3657 1527 et

2094 1576 2317 1646 singulis
2354 1577 2404 1629 in
2439 1576 2648 1629 lucrum
2685 1576 2883 1628 cedunt
2913 1574 2964 1627 hi
2999 1572 3089 1639 qui
3123 1571 3322 1626 servati
3364 1576 3509 1629 sunt,
3537 1575 3596 1618 ut
3631 1577 3663 1616 e

401 1682 689 1755 Νοήσομεν
720 1685 775 1738 δὲ
809 1658 943 1756 διχῆ-
973 1683 1081 1737 τῶν
1109 1684 1488 1755 προκειμένων
1513 1683 1613 1754 τὴν
1640 1681 1886 1752 δήλωσιν.
1924 1680 1986 1732 Ei

2115 1671 2232 1723 tello
2276 1670 2447 1737 spolia
2496 1669 2809 1723 victoribus.
2860 1669 2955 1721 Sin
2986 1667 3051 1719 de
3089 1665 3171 1719 his
3200 1664 3290 1731 qui
3322 1658 3662 1716 crediderunt

407 1774 507 1845 μὲν
538 1773 644 1847 γὰρ
675 1774 784 1828 εἷεν
811 1777 859 1828 oi
894 1774 1169 1828 θεσπέσιοι
1214 1774 1451 1847 μαθηταὶ
1489 1775 1537 1827 oi
1568 1772 1986 1843 εὐφραινόμενοι

2115 1766 2229 1818 stud
2267 1765 2408 1818 dicat
2437 1783 2450 1818 :
2484 1762 2866 1829 intelligemus,
2900 1774 2994 1813 eos
3033 1772 3152 1810 rum
3187 1755 3390 1808 erroris
3426 1759 3668 1820 tempore

406 1838 467 1920 ἐν
496 1838 711 1937 ἀμητῷ,
759 1867 854 1920 καὶ
898 1838 1266 1939 διαιρούμενοι
1315 1838 1508 1931 σκύλα,
1536 1838 1713 1936 φαμὲν
1738 1838 1991 1927 ὃτι-τοὺς

2115 1856 2296 1909 iulium
2332 1853 2564 1908 fructum
2594 1850 2818 1919 jnstitiaa
2852 1850 3130 1911 haberent,
3164 1847 3264 1898 hoc
3296 1843 3580 1897 credentes
3613 1838 3664 1892 in

406 1957 466 2023 ἐξ
490 1934 673 2012 ἐθνῶν*
690 1934 1039 2027 συλλέγοντες
1070 1934 1320 2031 καθάπερ
1357 1958 1478 2012 τινὰ
1525 1934 1670 2025 σῖτον
1710 1956 1789 2018 εἰς
1840 1957 1984 2008 ἀπο-

2115 1946 2371 2004 )Ιιτίειιιηι
2403 1945 2733 2013 implevisse.
2760 1940 2860 2008 Qui
2892 1940 3053 1993 etiam
3081 1937 3208 1990 olitn
3245 1934 3437 1987 vastati
3469 1941 3522 1987 et
3547 1945 3668 1985 cum

409 2021 583 2121 θήκην
628 2021 977 2123 δεσποτικὴν,
1019 2021 1122 2103 -καὶ
1174 2021 1554 2121 τῆς-ἀρχαίας
1606 2022 1995 2117 ἀποκείροντες

2115 2054 2131 2091 ι
2169 2036 2448 2091 (Ιαιιηυιιὶἰε
2471 2045 2580 2088 ιυιιι
2617 2049 2645 2087 a
2676 2032 2879 2087 Satana
2916 2029 3132 2097 direpti,
3159 2041 3255 2080 eos
3282 2025 3371 2094 qui
3401 2021 3666 2092 quondam

408 2115 639 2209 πλάνης,
690 2115 1072 2211 εὐφραίνονται
1121 2115 1263 2193 κατᾶ
1306 2115 1565 2193 τὸ-νηῖσον
1622 2115 1823 2209 τρόπον
1880 2136 1992 2199 τοῖς

2115 2131 2422 2202 ιροιίιιὺιιιιι,
2458 2130 2779 2189 diviserunt,
2831 2134 2885 2177 et
2917 2137 3101 2175 eorum
3135 2118 3335 2173 malitia
3367 2115 3673 2184 superiores

408 2229 622 2302 ἀμῶσιν
650 2234 709 2285 ἐν
742 2209 953 2303 ἀγροῖς.
983 2233 1320 2304 ἁρπάζοντες
1347 2232 1404 2285 δὲ
1433 2231 1685 2302 καθάπερ
1709 2230 1772 2281 ἐκ
1794 2243 1993 2299 τυραν-

2115 2223 2445 2280 exstiterunt.
2490 2222 2675 2287 itaque
2713 2216 2885 2287 gavisi
2925 2224 3050 2268 sttnt
3092 2221 3145 2265 et
3186 2210 3309 2280 ipsi,
3340 2209 3496 2263 sicuti
3544 2221 3668 2275 pre-

407 2327 565 2396 νικῆς
592 2300 908 2392 πλεονεξίας
933 2300 1060 2389 τους
1086 2325 1471 2396 ἠπατημένους
1499 2323 1605 2378 ὐπὸ
1630 2300 1726 2377 τοῦ
1754 2320 1990 2385 Σατανᾶ,

2115 2317 2261 2372 )heta
2312 2311 2463 2377 dicit,
2538 2320 2788 2378 tanquam
2835 2307 2925 2376 qui
2974 2306 3223 2359 laetantur
3264 2300 3321 2355 in
3374 2313 3568 2364 messe,
3621 2301 3676 2350 et

410 2395 530 2470 καί
559 2416 914 2489 μεθιστάντες
971 2417 1057 2471 διὰ
1113 2395 1214 2489 τῆς
1260 2395 1502 2479 πίστεως
1552 2415 1633 2478 είς
1690 2411 1995 2475 εὐσέὸειαν,

2115 2405 2556 2476 quemadmodum
2585 2402 2636 2455 hi
2668 2401 2755 2468 qui
2786 2399 3029 2452 dividunt
3058 2395 3250 2463 spolia.

409 2480 691 2580 χαίρουσιν
724 2510 800 2574 ὡς
829 2506 877 2563 oi
897 2480 1285 2583 ⁷διαιρούμενοι
1316 2509 1383 2563 τὰ
1416 2507 1607 2563 σκύλα.
1641 2508 1703 2561 Οἱ
1737 2507 1835 2578 μὲν
1874 2503 1984 2574 γὰρ
2011 2498 2255 2563 τούτους,
2300 2498 2347 2550 oi
2380 2496 2437 2549 δὲ
2469 2494 2710 2557 ἐκείνους
2751 2491 2965 2545 ἔπειθον
2985 2508 2998 2521 ·
3030 2492 3124 2546 καὶ
3153 2488 3367 2555 ἑκάστῳ
3399 2481 3588 2554 κέρδος
3625 2480 3675 2533 oi

413 2576 767 2673 σεσωσμένοι,
800 2576 1052 2674 καθάπερ
1103 2576 1216 2666 τοῖς
1258 2599 1567 2671 νενικηκόσι
1612 2598 1682 2652 τὰ
1712 2576 1777 2651 ἐκ
1810 2595 1903 2649 τοῦ
1936 2592 2174 2662 πολέμου
2210 2588 2400 2645 σκύλα.
2445 2589 2511 2643 Ei
2552 2588 2609 2641 δὲ
2639 2586 2705 2658 δὴ
2744 2587 2873 2658 περί¹
2903 2584 3012 2639 τῶν
3051 2581 3495 2637 πεπιστευκότων
3531 2576 3679 2648 εἰρῆ-

415 2694 545 2753 σθαι
589 2698 738 2768 λέγοι
793 2700 970 2764 ταυτὶ,
1026 2700 1389 2770 ἐννοήσωμεν,
1435 2697 1517 2750 ὅτι
1551 2694 1694 2749 κατὰ
1733 2693 1825 2747 τὸν
1857 2689 1953 2746 τοῦ
1985 2685 2291 2744 πλανᾶσθαι
2324 2683 2540 2756 καιρὸν,
2578 2679 2790 2752 καρπὸν
2832 2680 3025 2734 οὐδένα
3067 2676 3410 2745 δικαιοσύνης
3444 2673 3680 2745 ἔχοντες,

414 2792 825 2863 πεπλουτήκασι
849 2794 1036 2847 τοῦτον
1073 2792 1501 2854 πεπιστευκότες
1534 2792 1615 2854 είς
1646 2786 1900 2859 Χριστόν.
1930 2782 2093 2838 Ἀλλὰ
2128 2781 2224 2835 καὶ
2252 2778 2422 2834 πάλαι
2453 2775 2812 2847 πορθούμενοι
2847 2775 2942 2829 καὶ
2973 2770 3400 2845 διαρπάζομενοι
3435 2766 3587 2836 παρά
3621 2778 3683 2818 τε

414 2882 524 2935 τῶν
553 2878 843 2953 δαιμονίων
872 2883 967 2939 καὶ
992 2883 1086 2939 τοῦ
1113 2885 1347 2946 Σατανᾶ,
1377 2882 1696 2952 νενικήκασι
1715 2878 1803 2932 διὰ
1827 2872 2087 2949 Χριστοῦ,
2117 2874 2244 2935 τοὺς
2273 2869 2439 2924 πάλαι
2470 2867 2848 2932 σκυλεύοντας,
2878 2868 2971 2920 καὶ
2996 2866 3277 2937 κρείττους
3304 2860 3558 2929 γεγόνασι
3586 2854 3684 2926 τῆς

416 2948 659 3031 ἐκείνων-
679 2979 1018 3048 σκαιότητος.
1060 2977 1268 3032 Οὐκοῦν
1296 2948 1677 3048 εὐφραίνονται
1700 2973 1793 3027 καὶ
1821 2948 1993 3033 αὐτοὶ,
2018 2966 2164 3022 κο.θά
2186 2982 2349 3035 φησιν
2376 2964 2405 3016 6
2429 2964 2729 3034 προφήτης,
2753 2962 2829 3025 ὡς
2861 2962 2911 3014 οἱ
2946 2957 3360 3031 εὐφραινόμενοι
3385 2957 3442 3007 ἐν
3469 2948 3685 3022 ἁμητῷ,

416 3075 516 3130 καὶ
537 3074 595 3127 ὃν
616 3074 815 3144 τρόπον
841 3076 889 3127 oi
912 3073 1276 3146 διαιρούμενοι
1300 3073 1494 3127 σκύλα.

488 3134 1141 3234 ΔώτιΙάεεαιρεθήσέται-
1172 3168 1205 3218 ό
1235 3163 1407 3235 ζυγὸς
1441 3166 1473 3217 ό
1515 3162 1607 3215 ἐπ’
1644 3156 1842 3213 αὐτῶν
1871 3153 1988 3208 κεί-

2168 3150 2325 3222 152
2356 3149 2513 3204 Vens.
2540 3147 2592 3200 ι.
2616 3145 2751 3211 Quia
2780 3143 3193 3210 tolleturjugum
3217 3138 3340 3205 ipsis
3361 3134 3687 3202 impositum,

413 3276 622 3330 μενος,
652 3258 751 3312 καί
784 3257 822 3323 ἡ
850 3255 1073 3324 ῥάϐδος
1106 3257 1143 3323 ὴ
1179 3254 1278 3307 ἐπὶ
1305 3252 1413 3307 τοῦ
1445 3249 1749 3320 τραχήλου
1783 3244 2001 3300 αὐτῶν.

426 3352 549 3421 Τὴν
592 3351 701 3421 γὰρ
747 3350 975 3419 ῥάϐδον
1021 3347 1140 3402 τῶν
1182 3347 1600 3401 ἀπαιτούντων
1653 3340 2009 3397 διεσκέδασε

422 3442 639 3512 Κίιριος
667 3442 749 3507 ὡς
784 3440 856 3509 τῇ
890 3438 1077 3508 ἡμέρᾳ
1108 3438 1180 3506 τῇ
1207 3438 1302 3491 ἐπὶ
1342 3435 1602 3506 Μαδιάμ.

507 3532 854 3606 Ἐλευθέρους
900 3534 1059 3595 ὄντας
1107 3531 1233 3594 τοὺς
1281 3531 1373 3583 ἐπὶ
1418 3529 1517 3599 τῆς
1563 3528 1703 3598 γῆς,
1758 3526 1853 3579 καὶ
1888 3524 2011 3578 κατ’

426 3627 613 3682 εἰκόνα
632 3626 731 3698 τήν
759 3622 909 3681 θείαν
937 3620 995 3680 εὖ
1029 3624 1174 3696 μάλα
1202 3623 1624 3692 πεποιημένους,
1659 3617 2013 3689 ἐκτισμένους

426 3738 511 3783 τε,
537 3718 681 3773 καθά
711 3735 875 3788 φησιν
901 3718 928 3769 6
972 3717 1241 3787 μακάριος
1268 3715 1497 3779 Παῦλος,
1529 3713 1620 3764 ἐπί
1652 3711 1832 3782 ἔργοις
1872 3710 2014 3777 ἁγα-

429 3807 567 3871 θοῑς,
608 3801 689 3871 οἷς
734 3804 1140 3878 προητοίμασεν
1185 3807 1213 3857 6
1253 3802 1407 3866 Θεὸς.
1439 3803 1525 3857 ἵνα
1554 3804 1611 3855 ἐν
1642 3802 1827 3863 αὐτοῖς
1853 3815 2014 3871 περι-

431 3900 789 3970 πατήσωμεν,
832 3896 1298 3968 πεπλεονέκτηκεν
1342 3896 1403 3948 οὐ
1437 3892 1670 3966 μετρίως
1704 3893 1732 3945 ὁ
1760 3892 1859 3960 τῆς
1891 3890 2016 3944 ἀνο-

435 3987 565 4061 μίας
600 3986 849 4059 εὐρετὴς,
885 3987 980 4039 καὶ
1012 3980 1111 4054 τῆς
1140 3985 1219 4048 είς
1263 3983 1395 4037 Θεὸν
1428 3982 1740 4050 ἀποστήσας
1770 3977 2014 4045 ἀγάπης.

436 4074 601 4142 ἰδίους
631 4079 925 4149 ἐποιήσατο
964 4072 1367 4147 προσκυνητὰς,
1407 4069 1800 4138 δυσδιάφυκτον
1834 4064 2018 4127 αὐτοῖς

433 4171 754 4244 ἐπαρτήσας
801 4169 895 4222 τὸν
939 4168 1041 4238 τῆς
1091 4163 1366 4237 ἁμαρτίας
1410 4160 1597 4230 ζυγόν.
1658 4155 2018 4227 Πεπραχότας

432 4265 615 4321 τοίνυν
656 4260 876 4324 ἀθλίως,
922 4260 1015 4313 καὶ
1080 4262 1137 4313 ἐν
1186 4257 1397 4320 τούτοις
1442 4256 1600 4315 ὄντας
1644 4253 1757 4313 τοῖς
1805 4249 2016 4310 κακοῖς,

441 4358 677 4428 μάλιστα
713 4355 841 4415 τοὺς
868 4352 927 4417 ἐξ
958 4349 1422 4422 ὲθνῶνέρῤύσατο
1447 4346 1701 4418 Χριστὸς,
1736 4343 1829 4395 καὶ
1857 4339 2020 4393 πάλιν

440 4449 716 4517 ἀπέφηνεν
738 4440 1075 4514 ἐλευθέρους.
1112 4440 1299 4515 Ταύτῃ
1319 4439 1399 4493 τοί
1426 4454 1590 4507 φησιν
1607 4452 1619 4465 ·
1660 4454 1677 4485 ι
1702 4428 2024 4503 Ἀφαιρεθή-

2106 3256 2154 3299 et
2212 3247 2357 3312 virga
2399 3258 2514 3312 quw
2549 3256 2705 3306 super
2739 3237 2932 3290 collum
2984 3236 3239 3301 ipsorum.
3281 3229 3488 3295 Virgam
3550 3226 3690 3278 enim

2108 3349 2414 3394 exactorem
2448 3336 2721 3401 dissipavit
2753 3331 3035 3393 Dominus,
3068 3325 3204 3380 velut
3242 3324 3298 3376 in
3328 3321 3413 3374 die
3446 3317 3690 3373 Madmn.

2184 3512 2317 3566 Cum
2346 3508 2500 3563 liberi
2532 3514 2713 3560 essent
2745 3503 2796 3556 in
2828 3512 2998 3563 terra,
3024 3509 3079 3553 et
3119 3496 3184 3550 ad
3228 3493 3522 3562 imaginem
3553 3489 3691 3542 divi-

2118 3618 2241 3658 nam
2281 3599 2644 3670 pulcherrime
2693 3592 2978 3657 fabricati,
3023 3589 3365 3656 conditique,
3405 3594 3465 3638 ut
3516 3583 3695 3651 inquit

2114 3695 2300 3747 beatus
2341 3688 2540 3743 Paulus
2562 3688 2632 3752 ⁸⁵,
2675 3687 2740 3739 ad
2788 3698 2954 3751 Opera
3005 3680 3145 3733 bona
3194 3693 3314 3746 qua:
3365 3675 3694 3743 praeparavit

2116 3786 2289 3849 Deus,
2325 3793 2379 3836 ut
2418 3782 2470 3836 in
2509 3779 2615 3834 illis
2653 3776 3077 3836 ambularemus,
3113 3770 3308 3825 invasit
3333 3784 3427 3823 eos
3457 3776 3511 3821 et
3551 3775 3695 3819 totos

2115 3874 2357 3946 possedit
2382 3870 2686 3940 iniquitatis
2717 3870 2985 3927 inventor,
3009 3873 3063 3918 et
3093 3878 3121 3916 a
3152 3860 3420 3916 charitate
3444 3861 3494 3912 in
3527 3859 3692 3911 Deum

2116 3982 2361 4028 aversos,
2396 3963 2612 4033 proprie
2643 3976 2770 4015 suos
2803 3961 3041 4013 cultores
3079 3954 3330 4016 reddidit,
3369 3966 3434 4005 ac
3466 3949 3696 4003 inevita-

2122 4056 2227 4111 bile
2259 4054 2466 4125 peccati
2494 4052 2682 4121 jugum
2715 4048 2989 4118 imposuit.
3016 4046 3203 4115 Itaque
3230 4043 3427 4096 misere
3451 4050 3696 4110 agentes.

2122 4149 2313 4217 hisque
2350 4146 2401 4200 in
2437 4147 2591 4198 malis
2625 4151 2868 4195 versatos
2895 4137 3125 4207 gentiles
3159 4135 3417 4197 maxime,
3444 4132 3700 4187 Citrisms

2121 4242 2343 4312 eripuit,
2379 4249 2433 4294 et
2468 4240 2534 4291 de
2576 4237 2787 4302 integro
2830 4233 2881 4285 in
2923 4231 3229 4284 libertatem
3258 4225 3567 4279 vindicavit.
3615 4222 3700 4275 ld-

2122 4337 2268 4390 circo
2294 4335 2404 4387 ait:
2430 4350 2447 4384 ι
2479 4329 2721 4383 Tolletur
2744 4327 2925 4395 iugum
2956 4323 3083 4389 ipsis
3111 4320 3442 4387 impositum,
3467 4326 3519 4370 et
3550 4316 3699 4384 virga

2124 4442 2244 4498 quae
2264 4436 2348 4480 est
2383 4425 2434 4477 in
2462 4422 2599 4476 collo
2630 4432 2840 4473 eorum.
2874 4435 2892 4467 ι
2925 4413 3145 4481 Virgam
3177 4422 3379 4475 autem,
3407 4409 3591 4469 credo,
3618 4408 3702 4460 di-

442 4497 845 4603 ξέζσῖίὶξυγδς
872 4536 900 4586 6
931 4497 1227 4585 ἐπ”αὐτῶν
1254 4497 1525 4597 κείμενος,
1571 4525 1666 4578 καὶ
1695 4526 1728 4594 ἡ
1765 4497 1960 4594 ῥάϐδος

2115 4497 2230 4585 icit,
2263 4517 2344 4571 vel
2376 4524 2670 4582 sceptrmn,
2706 4512 2808 4563 hoc
2839 4515 2940 4570 est,
2972 4519 3219 4572 regnum,
3259 4501 3462 4556 scilicet
3489 4497 3705 4552 Satanae

440 4630 537 4684 ἐπὶ
550 4627 643 4683 τοῦ
666 4624 939 4699 τραχήλου
967 4623 1165 4676 αὐτῶν.
1198 4642 1215 4673 ι
1249 4616 1470 4673 Ῥάὸδον
1498 4616 1554 4671 δὲ
1577 4612 1748 4687 οἶμαι,
1778 4613 1964 4683 φησὶν,
1987 4608 2022 4680 ἢ

439 4723 502 4777 τὺ
535 4721 835 4792 σκῆπτρον.
868 4718 1011 4771 τοῦτ’
1040 4716 1175 4780 ἔστι,
1207 4713 1305 4784 τὴν
1355 4709 1655 4782 βασιλείαν,
1681 4707 1838 4778 δῆλον
1860 4705 1918 4758 δὲ
1941 4704 2025 4757 ὅτι

442 4816 542 4884 τὴν
568 4814 663 4866 τοῦ
694 4810 928 4877 Σατανᾶ,
957 4808 990 4880 ἦ
1020 4809 1161 4877 τάχα
1206 4823 1308 4859 που
1346 4804 1443 4874 τὴν
1486 4803 1751 4870 ἀνάγκην,
1800 4800 1894 4853 καὶ
1925 4797 2024 4867 τὴν

443 4905 607 4960 οἱονεὶ
635 4906 847 4975 πληγήν
872 4920 930 4955 τε
962 4902 1056 4956 καὶ
1090 4900 1347 4971 μάστιγα.
1386 4895 1606 4965 Συνέχει
1636 4893 1745 4963 γὰρ
1776 4890 1922 4961 ἡμᾶς
1944 4890 2027 4953 είς

443 4998 507 5052 τὸ
534 4999 734 5051 οἰκεῖον
763 4994 976 5065 θέλημα
1002 4993 1062 5046 τὸ
1088 4991 1282 5062 μιαρὸν
1321 4990 1414 5042 καὶ
1439 4985 1665 5058 βέϐηλον
1691 4983 1799 5036 τῶν
1836 4982 2025 5051 δαιμο-

448 5085 576 5143 νίων
600 5086 666 5139 τὸ
700 5086 916 5154 στίφος,
945 5085 1040 5138 καὶ
1070 5083 1097 5133 6
1138 5081 1341 5133 τούτων
1377 5078 1676 5149 ἡγούμενος
1703 5079 1730 5129 6
1761 5074 2023 5137 Σατανᾶς,

451 5180 737 5250 μονονουχὶ
783 5177 964 5248 ράὁδῳ
1007 5173 1329 5229 καταπαίων
1360 5174 1478 5235 ταῖς
1511 5171 1619 5224 τῶν
1647 5168 1836 5223 παθῶν
1870 5167 2028 5219 δυνα·

453 5273 695 5335 στείαις,
732 5270 767 5324 ὃ.
802 5268 1055 5339 ἐπιφέρει
1096 5266 1174 5337 τῷ
1213 5264 1309 5337 νῷ,
1359 5266 1451 5318 καὶ
1500 5261 1889 5327 καταϐιάζεται
1927 5258 2027 5329 τὴν

451 5360 680 5435 καρδίαν
704 5364 783 5425 είς
810 5360 870 5414 τὸ
897 5361 1029 5431 δρᾷν
1060 5358 1262 5413 ἐθέλειν
1288 5356 1324 5411 ἃ
1352 5356 1427 5427 μὴ
1463 5354 1641 5426 θέμις.
1681 5352 2025 5407 Ἀποσείσον-

449 5475 539 5511 ται
582 5454 783 5520 τοίνυν,
815 5454 971 5523 φησὶ,
1005 5450 1096 5505 τὸν
1131 5452 1197 5505 ἐκ
1227 5448 1541 5515 πλεονεξίας
1566 5446 1750 5516 ζυγὸν,
1791 5444 1885 5498 καὶ
1921 5441 2027 5514 μὴν

451 5547 549 5599 καί
583 5544 683 5615 τὴν
722 5544 937 5615 ῥάϐδον,
971 5543 1038 5614 ἣν
1069 5545 1365 5614 ἐσχήκασιν
1406 5541 1493 5593 ἀεὶ
1535 5539 1676 5593 κατὰ
1702 5537 1796 5592 τοῦ
1824 5538 2029 5609 τραχή-

450 5637 572 5700 λου,
625 5635 877 5706 καθάπερ
921 5635 1131 5689 οἰκέται
1186 5638 1304 5698 ταῖς
1350 5632 1442 5687 τοῦ
1486 5633 1747 5689 δεσπότου
1796 5633 2030 5703 πληγαῖς

526 5795 573 5826 ³³
606 5793 802 5866 Ephes.
829 5807 889 5860 ιι,
921 5794 1000 5849 l0.

2128 4628 2190 4665 ac
2222 4608 2625 4665 innnundornm
2672 4601 2979 4669 spirituum,
3033 4596 3112 4650 vel
3151 4594 3289 4648 forte
3323 4590 3702 4645 necessitatem

2129 4720 2191 4758 ac
2220 4702 2379 4756 veluti
2411 4698 2623 4768 plagam
2647 4704 2699 4748 et
2724 4690 3012 4761 ﬂagellum.
3033 4688 3260 4743 Coercet
3283 4687 3426 4739 enim
3458 4696 3577 4746 nos,
3609 4695 3704 4735 co-

2128 4800 2311 4867 gitque
2343 4793 2405 4845 ad
2448 4804 2600 4845 suam
2646 4786 2973 4838 voluntatem
3007 4779 3326 4834 sceleratam
3362 4784 3416 4829 et
3444 4772 3704 4828 nefariam

2129 4863 2320 4958 agmen
2369 4879 2792 4940 daemoniorum,
2836 4882 3132 4940 eorumque
3177 4868 3558 4935 antesignanus
3608 4863 3707 4916 Sa-

2132 4957 2322 5044 tanas,
2364 4970 2654 5031 aﬂ‘ectuum
2708 4969 2935 5037 imperio
2980 4980 3079 5019 ceu
3126 4963 3276 5031 virga
3319 4957 3704 5028 propemodum

2128 5074 2461 5132 verberans,
2509 5080 2644 5137 quos
2696 5061 2860 5115 menti
2907 5056 3167 5121 offundit,
3213 5054 3562 5118 animumque
3610 5049 3706 5100 itu-

2131 5164 2304 5231 pellit,
2331 5171 2389 5214 ut
2419 5174 2537 5227 qua:
2568 5171 2672 5209 non
2708 5155 2830 5208 licet
2855 5150 2984 5205 velit
3015 5149 3210 5201 facere.
3241 5144 3526 5198 Excutit-nt
3553 5154 3703 5208 ergo,

2133 5254 2342 5324 inquit,
2392 5252 2581 5323 jugum
2642 5243 2972 5317 tyrannidis,
3020 5252 3074 5295 et
3118 5238 3320 5307 virgam
3363 5248 3523 5303 quam
3569 5230 3706 5285 collo

2136 5323 2536 5418 impendentem
2591 5353 2806 5408 semper
2857 5336 3196 5396 habuerunt,
3248 5328 3394 5383 velut
3441 5323 3705 5391 mancipia

2134 5416 2252 5498 heri
2300 5439 2472 5509 plagis
2523 5432 2787 5503 subjecta.
2836 5427 3161 5483 Mentionctn
3211 5437 3342 5475 vero
3391 5432 3580 5473 rursus
3624 5416 3701 5469 in-

2138 5533 2358 5591 terserit
2402 5529 2645 5586 historia
2683 5540 2804 5595 qua:
2839 5521 3012 5591 posita
3048 5528 3133 5571 est
3172 5516 3224 5569 in
3261 5515 3399 5568 libro
3436 5510 3704 5567 iudicum.

2140 5629 2233 5685 Sic
2264 5634 2443 5682 autem
2490 5636 2548 5678 se
2578 5619 2739 5674 habet
2770 5635 2783 5672 :
2820 5615 2953 5671 Cum
2989 5609 3401 5679 dereliquisseut
3440 5598 3707 5659 universi-
