4152 6366
474 387 575 443 231

1472 384 1530 439 S.
1573 381 1850 437 CYRILLI
1891 378 2365 438 ALEXANDRINI
2403 378 2723 435 ARCHIEP.

3644 376 3752 431 9'32

480 504 609 556 tatis
642 502 806 555 Deum
856 476 1113 555 Israelita:
1165 500 1500 569 temporibus
1539 498 1815 561 Jndicum,
1850 498 1915 552 ad
1957 498 2076 552 im-

2202 496 2550 567 ιποκείμενοι.
2587 495 2878 566 Μέμνηται
2914 494 2972 547 δὲ
3010 494 3170 548 πάλιν
3218 494 3452 565 ἱστορίας
3495 492 3753 560 κειμένης

480 596 734 664 pietatem
767 610 977 647 morum
1014 593 1248 648 devoluti
1284 603 1436 653 sunt,
1467 592 1744 661 Deumque
1771 591 2056 661 opitulato-

484 702 596 739 rem
637 700 699 737 ac
732 684 996 739 vindicem
1038 683 1285 738 molestia
1330 680 1662 747 all'ecernnt,
1699 682 1853 736 idolis
1901 681 2068 745 afﬁxi,

483 776 843 845 operibusque
896 791 1115 831 suarum
1170 789 1422 828 manuum
1456 773 1658 827 cultum
1688 774 2068 828 attribuentes.

487 869 625 923 Hinc
664 868 969 924 Madianitis
1016 868 1196 920 traditi
1232 876 1379 929 sunt,
1415 866 1503 934 qui
1530 865 1835 919 universam
1864 880 2049 920 eorum

489 971 692 1014 terrain
724 959 1026 1031 dvapulati
1060 968 1204 1020 sunt,
1239 960 1399 1013 urbes
1431 969 1487 1013 et
1513 956 1757 1020 castella,
1793 967 1846 1012 et
1875 972 1994 1027 quae
2020 957 2073 1011 in

489 1053 634 1121 agris
679 1062 853 1111 erant,
892 1052 1253 1117 diripuerunt.
1309 1059 1627 1119 tantumque
1684 1051 1931 1104 timorem
1971 1052 2075 1105 nti-

490 1142 628 1194 seris
661 1139 1025 1205 incusserunt,
1052 1151 1110 1192 ιιι
1148 1140 1200 1193 in
1235 1139 1453 1207 rupibus
1480 1140 1862 1203 habitaverint,
1891 1150 1947 1195 et.
1993 1140 2077 1194 in-

492 1246 741 1284 accessus
791 1238 1001 1284 montes
1042 1242 1423 1299 petrarumque
1453 1245 1649 1299 specus
1677 1230 1777 1284 sibi
1812 1232 2076 1301 pararint,

492 1324 718 1390 diraque
756 1338 818 1375 ac
858 1324 1111 1375 diuturna
1156 1323 1333 1374 inedia
1381 1320 1627 1387 oppressi
1679 1320 1902 1374 fuerint.
1942 1317 2081 1374 Gra-

493 1415 635 1466 viter
662 1425 838 1468 autem
873 1414 1187 1469 latiscentes
1220 1429 1283 1466 ac
1324 1412 1638 1466 laborantes
1672 1413 2081 1466 commiseratus

496 1502 660 1565 Deus,
696 1520 856 1557 manu
902 1519 966 1558 ac
1012 1505 1315 1559 ministerio
1348 1502 1623 1558 Gedeonis
1664 1504 1919 1567 asseruit,
1985 1505 2078 1573 qui

498 1598 820 1654 Madianitas
864 1601 1095 1667 devicit,
1142 1611 1198 1654 et
1244 1600 1570 1655 necessitate
1616 1598 1961 1665 impendente
2018 1612 2083 1652 ac

499 1691 645 1758 virga
684 1689 933 1745 lsraelem
976 1691 1241 1746 liberavit.
1285 1688 1361 1744 Ita
1392 1706 1521 1760 ergo
1554 1709 1573 1742 ι
1604 1690 1889 1758 dissipavit
1922 1688 2081 1759 153

498 1792 811 1837 exactorqu
837 1784 1063 1853 virgam,
1094 1785 1234 1839 sicut
1262 1785 1316 1838 in
1350 1784 1438 1838 die
1468 1783 1718 1837 Madiam.
1754 1801 1774 1835 ι
1810 1782 2082 1849 Quemad-

2174 590 2232 642 ὲν
2264 592 2327 659 τῇ
2361 589 2529 659 βίϐλῳ
2559 589 2667 641 τῶν
2696 587 2932 657 Κριτῶν.
2965 589 3120 640 Ἔστι
3148 587 3205 640 δὲ
3236 586 3394 656 αὕτη.
3424 584 3755 639 Καταλελοι-

2175 680 2337 743 πότες
2365 681 2474 752 γὰρ
2509 681 2600 734 τὸν
2631 680 2736 733 τῶν
2770 680 2903 733 ὅλων
2937 679 3068 732 Θεὸν
3116 680 3165 731 oi
3203 679 3261 745 ἐξ
3302 676 3516 749 Ἰσραὴλ
3548 677 3605 729 ὲν
3638 677 3754 738 ταῖς

2175 770 2283 825 τῶν
2330 772 2549 844 Κριτῶν
2596 774 2868 843 ἡμέραις,
2908 772 3204 842 ἐτράποντο
3250 771 3385 843 πρὸς
3434 769 3757 837 ἀνοσιότητα

2177 868 2416 939 τρόπων,
2449 868 2542 920 καὶ
2564 867 2927 936 λελυπηκότες
2952 868 3011 919 οὐ
3043 867 3279 939 μετρίως
3302 866 3392 919 τὸν
3411 863 3757 935 ὲπαμύνοντα

2179 959 2333 1024 Θεὸν,
2377 960 2619 1024 εἰδώλοις
2666 958 3075 1031 προσκείμενοι,
3118 960 3210 1013 καὶ
3257 962 3366 1021 τοῖς
3415 958 3595 1028 ἔργοις
3646 954 3757 1007 τῶν

2185 1052 2331 1107 ἰδίων
2361 1050 2561 1122 χειρῶν
2606 1052 2975 1123 προσάγοντες
3004 1050 3281 1121 λατρείας.
3335 1048 3523 1121 Ταύτῃ
3549 1065 3632 1100 τοι
3673 1047 3758 1100 δέ·

2180 1143 2359 1196 δονται
2392 1145 2504 1206 τοῖς
2535 1143 2910 1215 Μαδιηναίοιςο
2954 1143 3004 1196 οἳ
3051 1146 3235 1197 πᾶσαν
3274 1141 3454 1195 αὐτῶν
3500 1139 3757 1209 κατεληϊ-

2183 1236 2337 1300 ζοντο
2367 1235 2491 1305 γῆν,
2528 1235 2711 1299 πόλεις
2740 1253 2799 1287 τε
2832 1236 2927 1289 καὶ
2987 1233 3182 1305 κώμας
3221 1232 3631 1304 διαρπάζοντες,
3665 1230 3761 1284 καὶ

2183 1330 2249 1383 τὰ
2265 1331 2324 1382 ἐν
2342 1330 2552 1398 ἀγροῖς.
2581 1329 2692 1381 Καὶ
2720 1328 2976 1381 τοσοῦτον
2999 1328 3390 1398 ἐνεποιήσαντο
3418 1327 3530 1389 τοῖς
3555 1323 3761 1387 ἀθλίοις

2183 1422 2246 1475 τὸ
2266 1421 2446 1491 δεῖμα,
2466 1420 2607 1474 ὥστε
2639 1420 2734 1474 καὶ
2763 1420 2968 1491 πέτρας
3000 1419 3196 1482 αὐτοὺς
3224 1417 3438 1470 ἑλέσθαι
3464 1416 3760 1481 κατοικεῖν,

2187 1511 2281 1565 καὶ
2324 1512 2393 1565 τὰ
2431 1511 2675 1565 δύσϐατα
2700 1510 2806 1564 τῶν
2834 1511 2998 1581 ὀρῶν,
3039 1510 3135 1563 καὶ
3175 1509 3278 1573 τὰς
3325 1510 3433 1561 τῶν
3483 1506 3765 1577 σπηλαίων

2186 1602 2650 1673 περιεργάζεσθαι
2686 1600 3032 1664 καταδύσεις,
3081 1599 3259 1670 ἀγρίῳ
3299 1616 3360 1651 τε
3408 1599 3505 1650 καὶ
3568 1594 3767 1666 μακρῷ

2188 1693 2607 1749 καταθλίϐεσθαι
2663 1692 2829 1763 λιμῷ.
2881 1692 3250 1763 Κεκμηκότας
3315 1691 3372 1744 δὲ
3417 1690 3478 1743 οὐ
3531 1690 3767 1760 μετρίως

2198 1786 2349 1856 ἠλέει
2380 1785 2535 1850 Θεὸς,
2562 1781 2682 1839 εἶτα
2717 1786 2957 1839 σέσωκεν
2988 1785 3185 1848 αὐτοὺς
3214 1785 3301 1837 διὰ
3327 1782 3508 1854 χειρὸς
3536 1779 3768 1846 Γεδεὼν,

502 1875 719 1928 modum
746 1876 889 1928 enim
927 1886 1051 1929 tunc
1096 1876 1421 1930 intolerabili
1458 1874 1748 1947 tyrannide
1788 1888 2082 1943 oppressos

2202 1877 2243 1941 lg
2278 1878 2531 1946 νενίκηκε
2580 1878 2707 1940 τοὺς
2759 1876 3165 1945 Μαδιηναίους,
3218 1873 3513 1945 ἠλευθέρου
3568 1890 3627 1925 τε
3679 1870 3773 1924 τὸν

501 1966 722 2035 eripuit,
758 1967 1035 2037 tyrannica
1074 1978 1230 2034 gente
1258 1967 1503 2035 expulsa,
1537 1968 1614 2021 sic
1643 1982 1736 2021 eos
1766 1976 2085 2021 exacturum

502 2058 653 2125 virga
683 2060 903 2125 depulsa
938 2069 992 2112 et
1026 2059 1233 2127 abjecta
1280 2069 1469 2127 gentes
1492 2061 1859 2115 conservavit.
1912 2060 2085 2115 Exac-

2198 1970 2416 2041 Ἰσραὴλ
2486 1969 2585 2040 τῆς
2649 1968 3043 2039 ἐπηρτημένης
3100 1968 3283 2030 αὐτοῖς
3354 1966 3601 2034 ἀνάγκης
3675 1963 3774 2015 καὶ

2188 2060 2407 2133 ῥάϐδου.
2465 2060 2621 2115 Οὕτω
2648 2062 2828 2114 τοίνυν
2864 2060 3209 2115 διεσκέδασεν
3236 2061 3263 2111 ὁ
3293 2058 3495 2129 Κύριος
3532 2055 3631 2127 τὴν
3662 2055 3772 2110 τῶν

506 2157 655 2202 tores
680 2164 807 2202 vero
827 2149 1057 2217 appellat
1084 2151 1257 2217 ipsum
1289 2148 1569 2213 Satanam,
1598 2150 1822 2219 ipsaque
1844 2164 1967 2203 cum
1995 2148 2085 2203 illo

2202 2153 2556 2208 ιπαιτούντων
2588 2154 2802 2224 ῥάϐδον,
2837 2155 2913 2217 ὡς
2942 2156 3007 2225 τῇ
3048 2152 3231 2225 ἡμέρᾳ
3272 2155 3338 2223 τῇ
3384 2151 3477 2204 ἐπὶ
3523 2150 3769 2220 Μαδίαμ.

504 2240 790 2302 tlzcmonia,
834 2240 1031 2309 quibus
1086 2240 1173 2294 bic
1206 2255 1401 2309 scapus
1442 2241 1596 2308 quasi
1640 2242 1949 2309 propositus
1979 2250 2082 2306 est,

504 2341 567 2385 nt
603 2344 820 2403 peccata
853 2344 1110 2388 consueta
1146 2335 1300 2403 quasi
1343 2334 1567 2403 vectigal
1601 2349 1694 2388 seu
1735 2334 1991 2387 tributum
2016 2332 2084 2387 ab

506 2426 819 2481 hominibus
846 2430 1084 2497 exigant.
1113 2426 1344 2483 Omnino
1374 2430 1519 2483 enim
1551 2429 1618 2483 ab
1638 2444 1707 2483 eo
1732 2428 1825 2497 qui
1853 2428 2081 2482 scortari

506 2518 643 2572 solet
673 2519 1083 2583 scut-tationem,
1127 2520 1195 2573 ab
1224 2535 1290 2574 eo
1323 2522 1415 2589 qui
1450 2519 1616 2573 furari
1667 2520 1805 2574 solet
1857 2519 2083 2583 furtum,

507 2620 565 2663 ut
592 2613 825 2682 suppilet
869 2623 1049 2667 vestes
1081 2614 1162 2666 vel
1209 2612 1422 2668 furetur
1455 2613 1796 2683 simpliciter,
1822 2624 1877 2667 et
1908 2628 1937 2666 a
1974 2612 2087 2667 sin-

508 2704 648 2772 gulis
679 2704 893 2758 deinum
943 2706 1253 2759 hominibus
1298 2706 1350 2759 in
1390 2706 1587 2775 quibus
1619 2706 1805 2759 insunt
1836 2704 2086 2770 aﬂ‘ectus,

510 2808 573 2844 ea
617 2808 736 2859 quia:
786 2793 1077 2848 familiaria
1125 2796 1231 2849 illis
1280 2806 1409 2850 sunt
1450 2806 1507 2849 et
1549 2796 1721 2849 antica
1776 2804 2088 2864 reposcunt.

513 2881 691 2949 Unde,
738 2886 949 2954 opinor,
992 2902 1160 2940 sacra:
1190 2886 1407 2941 Littera:
1450 2889 1705 2954 quosdam
1750 2902 1936 2941 vocem
1978 2886 2093 2954 ejus

514 2978 605 3045 qni
659 2978 855 3031 tributa
887 2979 1053 3047 exigit
1088 2995 1191 3032 non
1222 2979 1525 3041 audientes,
1562 2980 1748 3033 beatos
1780 2981 2093 3047 pradicant.

2192 2245 2283 2308 Ὦς
2324 2243 2433 2316 γὰρ
2474 2244 2745 2317 ὲρῤύσατο
2776 2246 2895 2298 τότε
2929 2244 3052 2308 τοὺς
3094 2247 3214 2307 ταῖς
3253 2244 3546 2314 ἀφορήτοις
3588 2242 3777 2295 πλεον-

2191 2334 2363 2399 εξίαις
2396 2335 2827 2405 ὲνησχημένους,
2855 2335 2915 2389 τὸ
2940 2334 3297 2389 πλεονεκτοῦν
3316 2334 3575 2399 ἐξελάσας
3597 2332 3771 2396 ἔθνος,

2190 2428 2335 2481 οὕτω
2371 2427 2578 2481 σέσωκε
2624 2430 2750 2491 τοὺς
2798 2428 2857 2494 ἐξ
2897 2428 3087 2491 ὲθνῶν,
3129 2428 3225 2497 τὴν
3265 2427 3372 2481 τῶν
3402 2426 3777 2480 ἀπαιτούντων

2194 2521 2391 2584 ὲλάσας
2426 2519 2640 2591 ῥάϐδον.
2670 2519 3061 2583 ’Δπαιτοῦντας
3095 2520 3154 2573 δέ
3182 2537 3364 2589 φησιν,
3396 2519 3557 2571 αὐτόν
3596 2535 3654 2571 τε
3682 2517 3775 2571 τὸν

2197 2614 2465 2677 Σατανᾶν,
2518 2614 2612 2665 καὶ
2648 2612 2717 2665 τὰ
2746 2612 3019 2682 δαιμόνια,
3052 2609 3132 2675 οἷς
3163 2614 3191 2663 ὁ
3220 2612 3419 2676 σκοπὸς
3446 2612 3594 2681 καὶὴ
3628 2612 3781 2664 πᾶσα

2200 2705 2441 2776 σπουδὴ,
2511 2707 2570 2757 τὸ
2636 2706 2891 2760 ἀπαιτεῖν
2958 2704 3278 2775 ἀνθρώπους
3348 2704 3595 2775 καθάπερ
3656 2703 3783 2757 τινὰ

2200 2796 2426 2865 δασμὸν,
2448 2796 2480 2867 ἢ
2504 2796 2652 2860 τέλος
2680 2796 2779 2859 τὰς
2810 2798 3059 2866 συνήθεις
3086 2793 3380 2866 ἁμαρτίας.
3414 2794 3643 2865 Ζητοῧσι
3672 2794 3782 2865 γὰρ

2201 2887 2452 2952 πάντως,
2486 2889 2595 2942 ἀπὸ
2632 2889 2731 2959 μὲν
2773 2890 2868 2941 τοῦ
2916 2888 3203 2959 πορνεύειν
3240 2889 3491 2950 εἰωθότος
3522 2887 3620 2957 τὴν
3648 2904 3783 2957 πορ-

2205 2982 2375 3046 νείαν,
2406 2982 2512 3034 ἀπὸ
2540 2982 2597 3034 δὲ
2630 2981 2724 3035 τοῦ
2765 2981 3019 3034 κλέπτειν
3068 2981 3167 3050 τὴν
3201 2980 3447 3049 κλεψίαν.
3479 2980 3683 3047 Ἥγουν
3723 2977 3785 3031 τὸ

514 3070 840 3124 λωποδυτεῖν
875 3073 1082 3137 ἀπλῶς,
1125 3074 1218 3127 καὶ
1264 3075 1348 3142 ἐφ’
1383 3072 1614 3127 ἑκάστου
1668 3072 1776 3126 τῶν
1813 3073 1871 3127 ἐν
1916 3072 2145 3126 πάθεσιν
2194 3074 2394 3139 ὅντων,
2444 3074 2511 3127 τὰ
2555 3075 2706 3144 αύτῷ
2754 3074 2955 3145 συνήθη
2999 3074 3092 3127 καὶ
3132 3072 3280 3143 φίλα.
3324 3072 3489 3153 Ὅθεν
3530 3068 3677 3142 οἶμαι
3721 3070 3783 3124 τὸ

514 3165 755 3237 Γράμμα
771 3167 831 3220 τὸ
878 3167 1021 3239 Ξερὸν
1054 3167 1346 3240 μακαρίζει
1385 3168 1557 3234 τινάς,
1588 3169 1662 3233 ὡς
1693 3170 1767 3239 μὴ
1798 3170 2138 3232 ἀκούσαντας
2169 3173 2267 3242 τὴν
2294 3171 2388 3224 τοῦ
2420 3172 2712 3242 φορολόγου
2748 3173 2953 3242 φωνήν.

589 3259 754 3313 Vens.
803 3258 865 3320 6,
920 3259 972 3311 7.
1029 3260 1169 3324 Quia
1224 3276 1429 3312 onmem
1479 3259 1667 3312 stolam
1727 3265 2171 3329 congregatamc

518 3350 738 3420 fraude,
781 3361 829 3405 et
870 3361 1060 3405 uestem
1095 3370 1211 3405 cum
1248 3354 1660 3406 commutatione
1702 3354 2005 3417 restituent,
2054 3363 2101 3407 et

522 3445 694 3497 volent
733 3461 844 3497 esse
871 3446 989 3513 igne
1016 3446 1294 3501 combusti.
1319 3444 1461 3508 Quia
1486 3462 1615 3507 puer
1643 3457 1793 3498 natus
1819 3458 1893 3498 est
1930 3447 2099 3510 nobis,

519 3544 571 3588 et
600 3536 745 3603 ﬁlius
779 3538 935 3589 datus
962 3548 1039 3589 est
1073 3538 1241 3600 nobis,
1278 3538 1429 3605 cujus
1468 3539 1793 3605 principatus
1830 3537 2002 3605 factus
2029 3548 2105 3592 est

521 3642 680 3692 super
713 3629 984 3680 humerum
1019 3627 1152 3697 ejus.
1184 3640 1228 3679 et
1269 3628 1537 3680 vocabitur
1576 3644 1760 3681 nomen
1787 3627 1899 3696 ejus
1932 3629 2106 3697 magni

522 3718 735 3770 consilii
766 3719 1020 3788 Angelus.
1082 3719 1193 3788 Ego
1244 3720 1380 3772 enim
1427 3720 1691 3772 adducam
1733 3736 1910 3785 pacem
1953 3737 2110 3788 super

521 3811 806 3879 principes.
831 3828 1007 3879 pacem
1034 3823 1078 3864 ct
1117 3813 1399 3865 sanitatem
1430 3828 1632 3865 eorum.
1652 3811 1879 3883 Magnus
1906 3812 2107 3882 princi-

523 3916 679 3972 patus
712 3905 846 3971 ejus,
870 3916 916 3956 et
948 3906 1095 3972 pacis
1127 3904 1242 3973 ejus
1273 3922 1374 3957 non
1404 3907 1499 3957 erit
1532 3905 1655 3972 ﬁnis
1686 3919 1705 3956 .'
1733 3922 1890 3973 super
1916 3906 2109 3959 solium

529 3996 768 4059 Davidis,
798 4006 846 4048 et
879 4012 1090 4062 regnum
1114 3996 1246 4063 ejus.
1276 4007 1330 4048 ut
1364 4004 1498 4047 recte
1529 3996 1665 4048 illud
1701 3998 2037 4050 administret
2061 4008 2111 4049 et

526 4089 836 4146 auxilietur.
862 4088 914 4141 in
934 4088 1145 4154 justitia
1172 4099 1217 4138 et
1248 4088 1301 4139 in
1321 4088 1530 4155 judicio
1560 4087 1616 4140 in
1644 4104 1846 4140 ontnem
1866 4088 2111 4157 deinceps

530 4180 908 4234 a'lernitalem.
946 4178 1102 4233 Zelus
1136 4179 1346 4233 Domini
1376 4179 1613 4234 Sabaoth
1647 4182 1765 4250 fecit
1801 4182 1933 4235 lucc.

601 4468 819 4525 Vocatre
877 4477 1006 4523 sunt
1064 4468 1130 4522 ad
1182 4467 1515 4537 agnitionem
1585 4466 1954 4523 En‘nnanuelis
2018 4481 2115 4536 per

2282 3262 2400 3314 Ὅτε
2436 3259 2643 3315 πᾶσαν
2667 3260 2907 3328 στολὴν
2947 3259 3441 3331 ἑπισυνηγμένην
3471 3259 3652 3325 δόλῳ,
3688 3260 3786 3313 καὶ

2206 3352 2441 3421 ἱμάτιον
2456 3354 2585 3422 μετ’
2614 3351 2891 3422 ἀλλαγῆς
2912 3352 3316 3407 ἀποτίσουσιν
3332 3370 3346 3384 ⁸
3370 3353 3465 3407 καὶ
3498 3351 3790 3418 θελήσου-

2205 3457 2328 3505 σιν,
2382 3444 2435 3495 εὶ
2481 3441 2860 3511 ἐγενήθησαν
2910 3443 3331 3511 πυρίκαυστοι.
3380 3443 3501 3495 Ὅτι
3548 3442 3790 3497 παιδίον

2206 3534 2498 3603 ἐγεννήθη
2537 3535 2683 3603 ἡμῖν
2717 3536 2868 3602 υίὸς,
2905 3536 3002 3588 καὶ
3036 3535 3214 3602 ἐδόθη
3250 3535 3414 3604 ἡμῖν,
3448 3531 3518 3592 οὗ
3556 3536 3596 3604 ἡ
3630 3535 3789 3605 ἀρχὴ

2207 3627 2499 3695 ἐγεννήθη
2560 3628 2657 3681 ἐπὶ
2718 3628 2825 3681 τοῦ
2872 3628 3034 3697 ὤμου
3098 3629 3307 3694 αὑτοῦ,
3365 3629 3463 3681 καί
3517 3628 3792 3682 καλεῖται

2209 3720 2397 3789 ὄνομα
2421 3719 2609 3773 αὐτοῦ
2635 3720 2906 3789 μεγάλης
2924 3718 3164 3787 βουλῆς
3187 3719 3461 3790 ἅγγελος.
3508 3720 3648 3788 Ἐγὼ
3679 3719 3793 3788 γὰρ

2208 3810 2331 3874 ἄξω
2376 3811 2627 3879 εἰρήνην
2681 3811 2779 3863 ἐπὶ
2828 3811 2969 3875 τοὺς
3020 3810 3335 3880 ἄρχοντας,
3394 3810 3642 3879 εἰρήνην
3695 3809 3795 3863 καὶ

2210 3906 2441 3972 ὑγίειαν
2465 3902 2681 3957 αὐτῶν.
2712 3903 2955 3973 Μεγάλη
2988 3906 3025 3972 ἡ
3048 3905 3204 3973 ἀρχὴ
3227 3905 3435 3970 αὑτοῦ,
3464 3905 3562 3957 καὶ
3586 3902 3694 3971 τῆς
3722 3905 3795 3956 εὶ-

2204 3996 2402 4065 ρήνης
2438 3998 2625 4051 αὐτοῦ
2667 3998 2778 4050 οὐκ
2826 3996 2995 4050 ἔσται
3048 3998 3250 4065 ὅριον·
3290 3996 3387 4049 ἐπὶ
3436 3997 3543 4049 τὸν
3576 3998 3797 4063 θρόνον

2213 4090 2393 4144 Δαϐὶδ
2418 4091 2515 4144 καὶ
2547 4089 2663 4159 τὴν
2688 4091 3017 4155 ,βασιλείαν
3049 4089 3258 4155 αὐτοῦ,
3291 4088 3665 4156 κατορθῶσαι
3690 4091 3797 4142 αὺ-

2214 4184 2348 4251 τήν.
2404 4184 2513 4237 Kal
2564 4183 2985 4237 ἀντιλαϐέσθαι
3038 4181 3252 4250 αὐτῆς,
3304 4182 3375 4235 ἐν
3415 4180 3795 4249 δικαιοσύνῃ,

2215 4275 2312 4329 καὶ
2343 4275 2413 4327 ἐν
2442 4276 2695 4343 κρίματι,
2732 4275 2852 4329 ἀπὸ
2875 4273 2983 4327 τοῦ
3019 4273 3156 4339 νῦν,
3200 4274 3298 4327 καὶ
3328 4275 3415 4340 εἰς
3461 4274 3569 4326 τὸν
3612 4272 3801 4326 αἰῶνα

2215 4371 2469 4438 χρόνονο
2497 4371 2529 4421 ὀ
2559 4366 2738 4435 ζῆλος
2769 4367 2988 4435 Κυρίου
3026 4365 3268 4420 Σαϐαὼθ
3296 4366 3536 4432 ποιήσει
3585 4366 3795 4420 ταῦτα.

2290 4461 2568 4530 Κέκληται
2605 4461 2702 4529 μὲν
2730 4461 2810 4522 εἰς
2844 4458 3138 4526 ἐπίγνωσιν
3171 4458 3266 4512 τοῦ
3306 4457 3673 4529 Ἐμμανουήλ,
3709 4456 3802 4512 διὰ

533 4573 755 4618 sanctos
779 4560 1052 4631 apostolos
1092 4560 1335 4629 reliquias
1376 4558 1618 4621 lsraelis.
1661 4571 1866 4614 vocatu:
1905 4569 2030 4614 sunt
2061 4546 2096 4614 ἐ

2219 4554 2329 4607 τῶν
2354 4554 2526 4623 ἁγίων
2555 4552 2870 4606 ἀποστόλων
2913 4552 2973 4605 τὸ
3014 4551 3366 4622 κατάλειμμα
3406 4550 3501 4603 τοῦ
3546 4550 3797 4622 Ἰσραήλ*

530 4666 747 4726 gentes.
789 4620 999 4725 (iuippe
1045 4620 1299 4709 dicebat:
1359 4655 1524 4726 Regio
1566 4655 1826 4718 Zabulon,
1869 4664 1924 4708 et
1970 4665 2096 4708 terr:

2222 4620 2517 4715 κέκληνται
2544 4643 2601 4695 δὲ
2631 4644 2725 4695 καὶ
2750 4642 2819 4694 τὰ
2850 4641 2999 4712 ἔθνη.
3026 4641 3135 4693 Καὶ
3167 4620 3301 4708 γοῦν
3324 4639 3592 4708 ἔφασκεν·
3628 4620 3804 4709 Χῶρα

528 4747 906 4815 Nepltthalim;
963 4746 1159 4815 quibus
1198 4747 1392 4801 deinde
1443 4747 1645 4807 subdit,
1707 4744 1925 4799 Galiltca
1989 4761 2121 4816 gen-

532 4845 689 4903 tium,
728 4840 954 4908 pupulus
996 4839 1084 4908 qui
1127 4840 1277 4892 sedet
1318 4838 1369 4891 in
1405 4838 1660 4902 tenebris,
1697 4837 1907 4889 videbat
1948 4837 2119 4891 lucem

534 4950 807 5001 magnam,
865 4932 1037 4986 lucem
1096 4932 1340 4985 videlicet
1375 4946 1469 4996 per
1503 4930 1801 4994 Christum,
1832 4928 1921 4997 qui
1962 4928 2123 4981 intel-

533 5024 771 5091 ligentia:
794 5025 911 5078 luce
937 5040 1039 5076 non
1068 5033 1278 5092 gentem
1301 5021 1801 5086 lsraeliticamjam,
1826 5020 1920 5073 sed
1950 5031 2121 5073 totum

539 5130 805 5170 terrarum
841 5116 1029 5170 orbem
1064 5116 1363 5169 collustrat.
1395 5114 1547 5181 Quod
1593 5123 1770 5166 autem
1806 5111 2110 5165 collustrati

538 5210 733 5261 diaboli
783 5209 999 5262 malitia:
1035 5205 1225 5278 jugunt
1257 5222 1456 5261 exuere
1509 5207 1826 5275 virgamque
1876 5204 2116 5274 effugere

540 5300 823 5362 deberent,
868 5300 1021 5370 plene
1050 5299 1413 5359 confirmavit.
1446 5314 1569 5352 cum
1602 5299 1749 5352 addit
1779 5316 1790 5350 :
1820 5297 2113 5363 Propterea

543 5390 761 5445 tolletur
786 5392 977 5460 iugum
1023 5393 1164 5459 quod
1195 5390 1299 5443 illis
1327 5393 1635 5459 impositum
1664 5399 1766 5453 est,
1795 5399 1847 5442 et
1880 5388 2025 5457 virga
2062 5387 2115 5439 in

540 5483 680 5538 colln
709 5498 917 5537 eorum.
949 5485 1160 5535 Atcnim
1195 5482 1438 5536 videmus
1472 5483 1555 5535 bis
1585 5481 1673 5551 qui
1708 5490 1974 5534 creaturae
2004 5494 2119 5532 ser-

542 5579 691 5633 viunt
734 5585 788 5630 et
824 5592 987 5645 opera
1024 5593 1278 5630 manuum
1311 5594 1529 5631 suarum
1561 5577 1809 5638 adorant.
1840 5573 2119 5628 diabolicae

545 5670 765 5724 inalitim
825 5669 1012 5737 jungunt
1076 5667 1418 5733 incubuisse;
1476 5667 1730 5722 lsraelitis
1771 5667 1933 5719 etiam
1989 5665 2121 5733 legis

544 5760 755 5829 pondus
800 5775 902 5812 non
940 5758 1242 5821 lercndum,
1271 5768 1325 5811 et
1360 5774 1499 5813 onus
1528 5772 1657 5812 vere
1691 5756 2115 5811 intolerandum.

547 5851 826 5919 Siquidem
878 5850 1022 5907 beati
1068 5849 1315 5918 discipuli
1369 5850 1832 5921 reprehenderunt
1873 5861 1989 5911 eos,
2031 5848 2123 5917 qui

2219 4736 2504 4793 Ζαϐουλὼν
2529 4736 2621 4789 καὶ
2643 4736 2713 4805 γῆ
2742 4733 3085 4803 Νεφθαλείμο
3114 4727 3234 4785 εἶτα
3263 4732 3473 4795 τούτοις
3497 4732 3803 4802 ἐπήγαγεν,

2219 4827 2481 4881 Γαλιλαία
2503 4826 2612 4878 τῶν
2656 4824 2827 4877 ἐθνῶν
2848 4839 2861 4853 ⁶
2900 4826 2928 4877 6
2960 4824 3087 4887 λαὸς
3114 4824 3143 4875 6
3192 4822 3504 4893 καθήμενος
3534 4824 3593 4875 ὲν
3618 4821 3805 4874 σκότει

2220 4921 2339 4990 φῶς
2361 4917 2467 4973 εἶδε
2506 4920 2672 4989 μέγα,
2702 4918 2763 4969 τὸ
2795 4917 2885 4971 διὰ
2932 4916 3168 4987 Χριστοῦ
3200 4916 3442 4987 δηλονότι
3487 4916 3804 4986 καταφωτί-

2223 5012 2406 5077 ζοντος
2432 5010 2655 5082 νοητῶς,
2692 5009 2789 5079 οὐχ
2821 5008 2880 5061 ἓν
2912 5007 3064 5071 ἔθνος
3094 5008 3174 5060 ἔτι
3203 5008 3263 5061 τὸ
3300 5008 3360 5073 ἐξ
3400 5008 3640 5080 Ἰσραὴλ.
3665 5008 3805 5079 σύμ·-

2224 5123 2401 5160 πασαν
2431 5105 2489 5158 δὲ
2527 5104 2724 5174 μᾶλλον
2758 5101 2857 5172 τὴν
2897 5101 2988 5153 ὑπ’
3028 5101 3272 5172 οὐρανόν.
3306 5102 3429 5154 Ὅτι
3474 5101 3699 5173 ἔμελλον
3754 5103 3805 5155 oi.

2225 5197 2649 5267 πεφωτισμένοι,
2680 5195 2780 5265 τῆς
2802 5194 2898 5247 τοῦ
2938 5194 3187 5246 διαϐόλου
3229 5194 3552 5265 σκαιότητος
3599 5194 3804 5247 ἀποδύ-

2227 5292 2423 5345 σασθαι
2451 5290 2542 5343 τὸν
2576 5289 2757 5355 ζυγὸν,
2790 5288 3075 5357 διαφυγεῖν
3106 5304 3165 5341 τε
3194 5286 3293 5358 τὴν
3333 5288 3552 5358 ῥάϐδον,
3590 5287 3806 5359 πεπληι

2229 5384 2500 5456 ροφόρηκε
2540 5381 2843 5454 προτιθεὶς·
2878 5381 3023 5433 Διότι
3062 5382 3493 5453 ἀφαιρεθήσεται
3520 5384 3549 5435 6
3586 5381 3749 5449 ζυγὸς
3778 5382 3807 5434 6

2227 5477 2313 5530 ἐπ’
2332 5476 2512 5529 αὐτῶν
2540 5474 2809 5544 κείμενος,
2838 5474 2932 5526 καὶ
2959 5473 3203 5543 ήράϐδος
3236 5475 3268 5543 ή
3300 5474 3393 5526 ἐπὶ
3415 5473 3508 5527 τοῦ
3530 5474 3804 5544 τραχήλου

2227 5568 2424 5623 αὐτῶν.
2459 5567 2597 5620 Ἀλλ’
2629 5569 2844 5636 ὁρῶμεν
2860 5567 2941 5619 ὅτι
2969 5569 3080 5629 τοῖς
3100 5568 3197 5637 μὲν
3221 5569 3289 5637 τῇ
3313 5566 3488 5620 κτίσει
3516 5565 3807 5639 λελατρευ-

2226 5664 2345 5716 κόσι
2378 5663 2472 5716 καὶ
2511 5663 2624 5723 τοῖς
2659 5659 2841 5730 ἔργοις
2867 5658 2975 5712 τῶν
3017 5659 3164 5713 ίδίων
3201 5659 3401 5730 χειρῶν
3432 5678 3678 5731 προτκεκ
3700 5676 3781 5730 ἰη

2234 5754 2404 5817 κόσιν,
2436 5755 2464 5806 6
2484 5753 2582 5822 τῆς
2607 5750 2917 5820 διαϐολικῆς
2946 5751 3265 5821 σκαιότητος
3288 5752 3595 5823 ὲπέρῤιπτο
3621 5753 3804 5819 ζυγός*

2231 5850 2342 5911 τοῖς
2373 5865 2433 5916 γε
2465 5845 2571 5917 μὴν
2589 5842 2649 5909 ἐξ
2689 5842 2904 5915 Ἰσραὴλ
2936 5843 2997 5897 τὸ
3029 5842 3121 5897 τοῦ
3154 5842 3320 5913 νόμου
3361 5844 3811 5914 δυσδιακόμιστον
