4152 6366
371 359 480 417 255

1536 362 1606 419 ΙΝ
1643 364 1873 421 lSAIAM
1916 367 2044 424 LIB.
2089 369 2126 425 I.
2169 371 2377 434 OBAT.
2416 374 2480 430 ν.

3530 378 3639 435 254

372 485 558 556 ἄχθος,
587 485 684 539 καὶ
726 484 1007 540 δύσοιστον
1041 485 1262 558 ἀληθῶς
1296 487 1537 559 φορτίον.
1584 489 1696 542 Καὶ
1730 488 1861 557 γοῦν
1902 491 1955 542 οἱ

2067 505 2181 562 post
2218 495 2379 568 154
2410 496 2569 551 fidem
2605 497 2675 553 ad
2708 496 2957 568 legalium
3000 496 3435 553 observationem
3474 513 3639 567 quos—

378 580 635 650 μακάριοι
667 579 926 651 μαθηταὶ,
958 582 1071 643 τοῖς
1101 579 1240 650 μετὰ
1263 580 1363 652 τὴν
1389 582 1571 635 πίστιν
1600 581 1957 635 ἀναπείθουσι

372 689 526 735 τινας
559 671 630 726 τὰ
664 675 720 725 ὲν
752 672 902 744 νόμῳ
944 676 1133 745 τηρεῖν
1182 674 1454 744 ἐπετίμων
1489 674 1757 744 λέγοντεςσ
1793 693 1810 725 ι
1848 675 1958 728 Καὶ

373 764 471 819 νῦν
514 764 569 818 τί
616 766 906 836 πειράζετε
933 765 1023 819 τὸν
1054 766 1186 820 Θεὸν
1216 766 1485 820 ἐπιθεῖναι
1522 767 1687 836 ζυγὸν
1730 767 1824 820 ἐπὶ
1867 767 1957 820 τὸν

375 859 651 928 τράχηλον
680 857 785 911 τῶν
820 858 1095 929 μαθητῶν.
1123 859 1182 911 δν
1208 857 1330 912 οῦτε
1361 861 1546 929 ἡμεῖς,
1575 858 1696 911 οὔτε
1721 859 1771 911 οἱ
1802 856 1961 912 πατέ-

376 967 471 1021 ρες
488 950 642 1020 ἡμῶν
666 948 961 1020 ἰσχύσαμεν
980 948 1241 1019 βαστάσαι
1262 966 1275 1012 ;
1304 968 1323 1001 ι
1343 949 1689 1020 Δυσςρόρητος
1705 944 1798 1002 οὖν
1818 949 1958 1015 ἄγαν

375 1045 489 1105 τοῖς
538 1043 598 1109 ἐξ
641 1042 856 1114 Ἰσραὴλ
904 1045 933 1097 6
968 1043 1063 1097 τοῦ
1112 1043 1278 1114 νόμου
1327 1043 1526 1112 ζυγός’
1561 1043 1653 1096 καὶ
1708 1044 1844 1113 πρός
1894 1059 1959 1110 γε

376 1135 536 1188 τοῦτο
563 1135 623 1188 16
650 1135 729 1188 ἔτι
762 1134 1183 1207 φορτικώτερον,
1225 1137 1258 1207 ή
1297 1135 1406 1189 τῶν
1439 1135 1747 1207 Φαρισαίων
1775 1134 1961 1188 σκαιόο

315 1250 322 1256 -
376 1243 480 1297 της
506 1227 816 1297 συνέτριϐεν
852 1227 911 1280 οὐ
950 1226 1186 1297 μετρίως
1219 1225 1596 1298 συνθραύουσα
1639 1228 1757 1289 ταῖς
1785 1226 1961 1297 ἀπλη-

382 1322 581 1384 στίαις.
627 1321 1094 1393 Ἐρασιχρήματοι
1128 1319 1237 1391 γάρ
1282 1322 1330 1373 οί
1383 1320 1479 1391 τῆς
1527 1320 1797 1373 Ἰουδαίων
1834 1335 1960 1372 συν-

380 1413 603 1483 αγωγῆς
626 1412 939 1484 ἡγούμενοι,
967 1413 1063 1467 καὶ
1094 1412 1292 1466 σκοπὸν
1314 1412 1527 1483 ἔχοντες
1547 1412 1643 1465 ἕνα
1668 1412 1726 1464 τὸ
1748 1428 1957 1465 παντα-

379 1506 535 1578 χόθεν
565 1506 867 1575 συλλέγειν,
902 1505 997 1559 καὶ
1040 1504 1472 1570 καταϐιάζεσθαι
1498 1504 1624 1567 τοὺς
1659 1504 1764 1557 ὑπὸ
1802 1506 1963 1574 χεῖρα

376 1598 557 1663 λαούς.
598 1599 806 1653 Οὐκοῦν
837 1598 1039 1669 πρέποι
1080 1597 1148 1651 ἂν
1178 1597 1273 1651 καὶ
1315 1596 1456 1668 μάλα
1495 1596 1671 1667 ὀρθῶς
1707 1596 1801 1649 καὶ
1835 1596 1962 1666 περί

387 1709 451 1760 γε
484 1690 593 1744 τῶν
632 1691 691 1759 ἐξ
742 1690 977 1763 Ἰσραήλ·
1011 1710 1029 1742 ι
1064 1691 1185 1743 Ὅτι
1218 1689 1647 1761 ἀφαιρεθήσεται
1672 1691 1701 1741 ὀ
1744 1687 1905 1756 ζυγὸς
1935 1689 1964 1741 6

377 1785 465 1837 ἐπ’
494 1784 672 1837 αὐτῶν
712 1784 981 1854 κείμενος,
1014 1782 1108 1835 καὶ
1140 1784 1173 1852 ή
1205 1782 1397 1852 ῥάϐδος
1432 1783 1464 1852 ή
1506 1781 1600 1835 ἐπὶ
1630 1780 1723 1834 τοῦ
1759 1780 1965 1850 τραχή-

377 1875 472 1928 λου
517 1876 720 1929 αὐτῶν.
762 1896 780 1928 ι
817 1875 1036 1929 Ῥάϐδον
1060 1876 1116 1928 δὲ
1154 1875 1295 1927 κατὰ
1326 1874 1385 1927 16
1431 1874 1597 1937 είκὸς,
1634 1872 1730 1944 τὴν
1758 1873 1822 1925 ὲκ
1852 1871 1962 1923 τῶν

376 1965 696 2035 ἡγουμένων
726 1967 983 2037 ὀνομάζει
1011 1965 1348 2031 πλεονεξίαν,
1375 1965 1547 2018 διάτοι
1572 1964 1633 2017 τὸ
1661 1962 1961 2017 ἁπονεῦσαι

372 2052 564 2122 δεινῶς
592 2061 673 2122 είς
698 2058 1062 2131 φιλοκερδίας.
1099 2057 1315 2127 Ταύτης
1348 2057 1509 2109 ἓνεκα
1539 2055 1640 2122 τῆς
1680 2054 1880 2116 αίτίας,
1911 2054 1961 2105 οί

377 2151 622 2216 δείλαιοι,
654 2152 749 2204 καὶ
782 2150 943 2205 αὐτὸν
965 2151 1296 2204 ἀπεκτόνασι
1328 2150 1417 2201 τὸν
1446 2149 1593 2202 Υίόν.
1631 2149 1825 2202 Καίτοι
1853 2147 1963 2218 γὰρ

382 2244 583 2307 ἰδόντες
620 2243 704 2297 ὅτι
740 2243 901 2306 αὑτός
944 2244 1091 2296 ὲστιν
1123 2244 1151 2295 ὀ
1193 2241 1529 2312 κληρονόμος
1557 2235 1717 2295 εἶπαν
1749 2243 1806 2293 ἐν
1835 2243 1962 2294 ἐαυ-

376 2338 513 2400 τοίς,
542 2336 707 2406 φησίν
731 2351 745 2365 ο
780 2353 798 2386 ι
838 2331 1002 2387 Δεῦτε
1035 2334 1447 2404 ἀποκτείνωμεν
1473 2333 1657 2397 αὑτὸν,
1696 2334 1790 2387 καὶ
1821 2332 1963 2403 σχῶ-

383 2445 485 2497 μεν
515 2428 726 2490 ἑαυτοῖς
768 2427 867 2498 τήν
912 2426 1279 2497 κληρονομίαν
1318 2424 1505 2479 αὐτοῦ.
1557 2446 1575 2478 ι
1614 2427 1737 2479 ’Ὀτι
1784 2427 1964 2479 τοίνυν

377 2521 612 2591 δυσσεϐῆ
648 2522 743 2572 καὶ
786 2520 997 2573 ἀνόσιον
1029 2519 1243 2588 ἔχοντες
1279 2519 1370 2572 τὸν
1411 2520 1503 2572 ἐπὶ
1560 2519 1696 2589 τῷδε
1739 2518 1961 2581 σκοπὸν,

377 2614 573 2682 ἥδιστα
609 2612 675 2667 ἂν
698 2613 806 2667 τῶν
834 2613 1003 2665 ὄντων
1027 2614 1213 2676 αὐτοῖς
1249 2612 1507 2667 ἀπάντων
1546 2611 1845 2682 ὑπέμειναν
1866 2610 1965 2681 τὴν

380 2706 601 2776 ζημίαν.
645 2707 715 2759 Ἦ
748 2706 854 2759 ίδον
890 2704 1273 2775 ὲπιλάμψαντα
1296 2703 1375 2774 τῷ
1407 2704 1597 2774 κόσμῳ
1629 2703 1721 2755 τὸν
1758 2702 1968 2771 Ἐμμα-

379 2800 563 2869 νουήλ,
598 2798 927 2868 ὑπεμφαίνει
950 2797 1168 2866 ,λέγων’
1198 2816 1216 2849 ι
1252 2799 1374 2851 Ὅτι
1398 2798 1579 2850 πᾶσαν
1618 2796 1809 2866 στολὴν
1848 2799 1967 2848 ἐπι-

382 2891 732 2962 συνηγμένην
784 2890 939 2960 δόλῳ,
998 2872 1093 2943 καὶ
1136 2890 1349 2961 ἱμάτιον
1404 2890 1544 2960 μετά
1593 2888 1964 2958 καταλλαγῆς,

378 2982 718 3047 ἀποτίσουσι,
756 2982 848 3036 καὶ
874 2981 1190 3053 θελήσουσιν
1230 2983 1278 3034 εί
1314 2981 1653 3053 ἐγενήθησαν
1692 2981 1958 3051 πυρίκαυ-

380 3092 517 3128 στοι.
545 3075 663 3127 Ὅτι
683 3073 887 3127 παιδίον
909 3072 1169 3144 ἐγεννήθη
1195 3074 1325 3143 ἡμῖν
1354 3073 1467 3136 υίὸς
1490 3074 1581 3126 καὶ
1603 3072 1757 3142 ἐδόθη
1778 3074 1926 3143 ἡμῖν.
1944 3092 1962 3125 ι

2059 584 2180 638 dam
2215 589 2585 655 perpulerunt,
2614 588 2900 643 dicentes:
2939 605 2959 639 ι
2998 588 3063 642 Ει
3092 603 3234 641 nunc
3260 587 3386 656 quid
3418 588 3641 641 teutatis

2062 677 2265 744 Deum,
2302 688 2361 734 ut
2408 680 2699 750 imponatis
2750 680 2937 751 iugum
2980 682 3178 736 cervici
3226 679 3639 747 discipulorum,

2060 772 2203 841 quod
2242 787 2413 841 neque
2447 787 2543 826 nos
2573 787 2748 842 neque
2776 785 2957 842 patres
2987 773 3155 827 nostri
3192 782 3408 841 portare
3463 773 3636 839 potui-

2063 878 2183 918 Inus
2207 862 2290 917 “‘2
2317 882 2336 915 ι
2364 863 2703 918 Intolerabile
2732 865 2894 935 igitur
2922 866 3207 919 admodum
3237 862 3493 917 Israelitis
3522 873 3641 916 erat

2068 959 2208 1030 legis
2248 957 2461 1028 jugum,
2496 967 2550 1013 et
2579 959 2723 1025 quod
2766 961 2941 1013 adhuc
2974 960 3192 1023 gravius
3219 967 3324 1021 est,
3361 972 3454 1010 eos
3504 956 3643 1009 l’ha-

2062 1052 2343 1107 risaeornm
2385 1052 2588 1105 malitia
2626 1051 2767 1106 haud
2805 1052 3168 1114 mediocriter,
3209 1048 3504 1104 insatiabili
3542 1063 3640 1102 Ct.-

2063 1146 2286 1215 piditate
2324 1142 2576 1215 frangens
2613 1154 2666 1199 et
2697 1144 3027 1213 opprimens.
3072 1143 3242 1197 Erant
3286 1142 3431 1196 enim
3479 1156 3642 1211 pecu-

2064 1238 2275 1290 niarntn
2346 1250 2593 1291 amantes
2652 1234 2962 1291 Judaeorum
3020 1250 3308 1308 synagoga
3363 1235 3639 1298 ductores,

2063 1344 2341 1398 unumque
2372 1328 2513 1383 hunc
2542 1343 2764 1398 scopum
2802 1343 2910 1397 prae
2962 1342 3021 1382 se
3066 1327 3351 1392 habentes,
3383 1335 3440 1379 ut
3474 1325 3642 1378 uade-

2062 1434 2276 1491 cunque
2310 1419 2658 1490 colligerent,
2704 1418 3065 1489 populumque
3107 1418 3382 1471 sulnlitnm
3433 1416 3643 1470 violen-

2066 1512 2289 1567 tissintis
2343 1511 2516 1565 modis
2564 1518 2882 1563 tractarent.
2937 1510 3123 1578 Itaque
3175 1508 3479 1563 rectissime
3536 1505 3641 1560 dici

2066 1602 2267 1673 poterit
2322 1602 2388 1655 de
2444 1600 2704 1657 lsraelitis
2752 1602 2915 1656 etiam
2960 1600 3250 1655 :Tolletur
3296 1598 3482 1669 jugum
3539 1596 3645 1651 illis

2065 1695 2401 1763 impositum,
2428 1704 2484 1748 et
2509 1696 2655 1764 virga
2682 1709 2801 1763 quae
2825 1705 2908 1749 est
2932 1694 2985 1747 in
3015 1694 3154 1749 collo
3180 1706 3394 1746 eorum.
3422 1689 3642 1757 Virgam

2065 1797 2243 1840 autem
2302 1801 2585 1855 procerum
2649 1788 3003 1856 rapacitatem
3063 1786 3346 1839 nominare
3407 1784 3643 1846 videtur,

1999 1860 2203 1947 Bquod
2256 1880 2496 1933 avaritia:
2546 1880 2816 1948 impendio
2869 1876 3031 1932 dediti
3081 1876 3301 1930 fuerint.
3362 1873 3512 1930 llanc
3567 1874 3639 1926 ob

2063 1986 2283 2025 causam
2326 1971 2508 2025 miseri
2565 1970 2739 2039 ipsum
2790 1970 2951 2023 etiam
2984 1969 3178 2023 Filium
3230 1966 3641 2021 interfecerunt.

2064 2065 2382 2134 Quanquam
2403 2064 2545 2119 enim
2564 2063 2811 2119 sciebant
2832 2079 2952 2117 eum
2980 2078 3101 2117 esse
3129 2061 3416 2122 hatredem,
3451 2077 3470 2109 ι
3492 2056 3643 2128 Apud

2063 2172 2123 2211 se
2157 2157 2440 2221 dixerunt,
2487 2156 2680 2225 inquit,
2723 2155 2952 2219 Adeste,
3015 2152 3324 2206 occidamus
3381 2164 3539 2215 eum,
3593 2156 3647 2201 et

2067 2248 2361 2303 habeamus
2393 2248 2548 2301 nobis
2582 2247 2953 2300 haereditatem
3004 2242 3121 2311 ejus
3147 2243 3211 2294 ⁸⁷.
3248 2261 3267 2294 ι
3297 2240 3447 2307 Quod
3485 2239 3648 2308 igitur

2067 2340 2290 2410 impium
2342 2349 2397 2393 et
2439 2338 2705 2393 nefarium
2757 2351 2980 2405 scopum
3032 2332 3296 2389 habentes
3337 2328 3644 2383 Judworunt

2066 2432 2325 2501 praefecti,
2350 2432 2599 2486 omnium
2632 2430 2892 2485 bonorum
2920 2442 3143 2482 suorum
3171 2426 3441 2495 jacturam
3476 2421 3647 2475 liben-

2069 2525 2276 2580 tissime
2316 2523 2686 2593 pertulissent,
2724 2521 2902 2591 potius
2933 2535 3094 2590 quam
3137 2520 3382 2571 viderent
3426 2513 3647 2569 illuces-

2068 2625 2279 2669 ccntem
2335 2615 2538 2667 mundo
2587 2612 3014 2677 Emmanuelem,
3047 2607 3357 2663 subindicat
3409 2606 3643 2659 dicens:

2073 2727 2091 2758 ι
2124 2712 2348 2759 Unmem
2379 2703 2571 2759 stolam
2598 2713 2981 2772 congregatam
3010 2700 3153 2763 dolo,
3189 2708 3241 2753 et
3274 2706 3483 2750 vestem
3522 2710 3645 2748 cum

2078 2800 2503 2854 commutatione
2553 2797 2862 2861 restituent,
2895 2804 2950 2849 et
3000 2793 3179 2848 volent
3227 2791 3333 2861 igni
3380 2786 3646 2845 combusti

2069 2908 2210 2949 esse.
2239 2892 2375 2959 Quia
2416 2906 2547 2961 puer
2580 2898 2739 2943 natus
2764 2897 2847 2941 est
2886 2886 3063 2953 nobis,
3091 2895 3144 2939 et
3191 2884 3333 2937 filius
3377 2884 3532 2935 datus
3566 2889 3650 2934 est

2071 2986 2243 3041 nobis.
2275 3004 2293 3036 ι
2320 2983 2394 3037 Ex
2414 2982 2536 3038 dolo
2564 2981 2706 3036 enim
2730 2989 2781 3033 et
2806 2978 3015 3042 fraude,
3047 2985 3102 3030 et
3132 2991 3198 3031 ex
3225 2976 3412 3040 iniquo
3437 2972 3642 3041 judicio

2069 3093 2230 3147 opum
2275 3084 2665 3130 coacervarunt
2691 3069 2985 3135 cumulum,
3020 3067 3194 3135 inquit
3226 3082 3240 3119 :
3278 3074 3648 3119 Verumtamen

392 3166 489 3219 Ἐκ
514 3166 664 3219 δόλου
701 3165 799 3236 μὲν
840 3165 946 3235 γάρ
978 3166 1072 3217 καὶ
1102 3165 1339 3234 ἀπάτης,
1373 3166 1467 3219 καὶ
1505 3165 1613 3219 ἀπὸ
1639 3164 1733 3217 τοῦ
1762 3165 1964 3236 κρίνειν

2067 3168 2362 3236 jucundum
2423 3165 2529 3219 illis
2588 3174 2643 3217 et
2696 3173 2908 3232 gratum
2964 3159 3186 3223 fuisset,
3246 3156 3408 3212 etiam
3469 3154 3645 3223 ipsum

380 3258 483 3310 ούκ
520 3258 719 3328 ὀρθῶς,
751 3259 850 3328 τὴν
880 3257 987 3310 τῶν
1008 3259 1309 3328 χρημάτων
1344 3258 1589 3330 ἄθροισιν
1619 3260 1965 3331 ἐποιήσαντο,

379 3349 544 3419 φησίν
567 3366 581 3379 ’
613 3349 727 3403 ἀλλ’
754 3349 852 3420 ήδὺ
884 3350 977 3402 καὶ
1017 3348 1171 3417 φίλον
1209 3350 1413 3414 αὐτοῖς,
1452 3351 1547 3403 καὶ
1588 3350 1753 3422 μέχρι
1793 3351 1967 3421 αὐτῆς

379 3441 481 3510 τῆς
533 3441 859 3513 περιστολῆς
912 3442 1005 3494 καὶ
1055 3442 1164 3495 τῶν
1214 3442 1447 3512 ἱματίων
1505 3443 1642 3513 μετά
1695 3443 1966 3497 καταλλα-

378 3533 508 3602 γῆς,
546 3533 689 3586 τοῦτ’
716 3533 852 3593 ἔστι,
880 3537 1019 3603 μετά
1046 3533 1385 3605 προσθήκης.
1416 3534 1850 3605 ἀποπέμψασθαι
1875 3536 1968 3589 καὶ

384 3626 704 3692 ἀποϐαλεῖν,
752 3625 950 3695 μᾶλλον
987 3626 1044 3678 δέ
1078 3642 1242 3695 φησιν
1273 3625 1546 3695 ὴθέλησαν
1585 3626 1968 3696 καταφλεχθῆ-

378 3736 471 3771 ναι
496 3719 589 3771 καὶ
612 3718 767 3788 πυρὶ,
806 3716 1203 3788 δυσφοροῦντες
1245 3718 1409 3785 ἄγαν,
1440 3718 1521 3771 ὅτι
1557 3719 1770 3772 παιδίον
1816 3721 1971 3788 ὲγεν-

379 3812 517 3885 νήθη
548 3813 679 3883 ἡμῖν
715 3812 851 3874 υἱός.
903 3809 1338 3880 Πεπιστευμένοι
1367 3811 1476 3880 γὰρ
1517 3810 1609 3863 τὸν
1648 3810 1969 3866 δεσποτικὸν

381 3903 706 3976 ἀμπελῶνα,
734 3904 863 3966 τοὺς
903 3902 1151 3971 καρποὺς
1189 3902 1463 3972 ἠθέλησαν
1496 3901 1639 3972 ἔχειν
1682 3903 1836 3956 αὐτοὶ
1875 3903 1971 3957 καὶ

382 3998 557 4067 μόνοι,
605 3996 1062 4067 προσκομίζοντες
1118 3994 1196 4065 τῷ
1237 3995 1473 4067 δεσπότῃ
1500 3996 1561 4048 τὸ
1607 3995 1827 4066 σύμπαν
1875 3997 1969 4049 ού-

381 4091 492 4145 δέν.
536 4090 753 4144 Παιδίον
780 4090 834 4142 δὲ
866 4088 1040 4157 λέγων
1066 4088 1447 4158 γεγεννῆσθαι,
1473 4088 1737 4159 διελέγχει
1781 4088 1970 4158 σαφῶς

379 4182 481 4251 τῆς
512 4182 621 4235 τῶν
646 4180 962 4250 Μανιχαίων
988 4180 1147 4250 δόξης
1174 4180 1233 4233 τὸ
1262 4181 1513 4251 ἀδρανὲς,
1544 4182 1593 4234 οἳ
1637 4180 1968 4251 παραιτοῦν-

378 4292 473 4329 ται
497 4274 695 4343 λέγειν,
728 4274 810 4326 ὃτι
838 4274 1026 4340 γέγονε
1064 4272 1198 4344 σὰρξ
1228 4275 1255 4325 6
1275 4273 1447 4341 Λόγος
1472 4289 1486 4303 ο
1521 4272 1666 4325 τοῦτ’
1700 4273 1836 4335 ἔστι,
1868 4273 1968 4342 τὴν

380 4365 539 4438 ήμῶν
588 4365 867 4436 πεφόρηκε
902 4364 1081 4435 σάρκα
1121 4364 1187 4418 δι’
1218 4366 1364 4435 ἡμᾶς
1407 4366 1784 4435 οἰκονομικῶς.
1832 4366 1968 4419 Ἀλλ’

382 4460 431 4510 εί
465 4457 741 4528 βούλονται
768 4460 985 4527 φρονεῖν
1021 4456 1217 4527 ὀρθῶς,
1252 4458 1344 4509 καὶ
1372 4458 1469 4527 τῆς
1508 4458 1717 4511 ἑαυτῶν
1744 4458 1969 4512 δυσϐου-

2073 3260 2329 3313 amictum
2359 3267 2413 3313 et
2446 3268 2646 3321 vestes,
2678 3271 2801 3310 cum
2849 3252 3271 3323 permutatione,
3305 3249 3357 3302 id
3387 3256 3493 3311 est,
3522 3260 3645 3299 cmn

2069 3361 2317 3421 quaestu,
2365 3349 2635 3405 dimittere
2676 3357 2733 3401 et
2770 3345 3040 3414 abjicere,
3083 3343 3191 3396 imo
3237 3355 3400 3405 vero,
3451 3337 3647 3406 inquit,

2071 3442 2392 3497 maluissent
2428 3438 2669 3495 comburi
2702 3437 2865 3492 etiam
2900 3437 3049 3505 igne,
3091 3432 3373 3501 aegerrime
3407 3429 3646 3485 ferentes

2070 3547 2298 3601 puerum
2338 3544 2520 3584 natum
2572 3542 2696 3583 esse
2737 3525 2916 3590 nobis,
2945 3535 2998 3578 et
3042 3524 3210 3578 liliuut
3249 3521 3433 3575 datum
3470 3519 3645 3573 nobis.

2070 3622 2277 3687 Quibus
2314 3620 2457 3674 enim
2504 3618 2694 3674 herilis
2733 3621 2901 3669 vinea:
2928 3628 3058 3669 cura
3100 3611 3387 3666 commissa
3440 3608 3645 3674 fuerat,

2070 3714 2125 3768 hi
2175 3712 2275 3767 soli
2322 3711 2531 3766 fructus
2580 3710 2681 3765 sibi
2733 3707 2986 3763 volebant
3038 3707 3269 3771 habere,
3324 3704 3458 3757 hero
3507 3699 3646 3756 nihil

2069 3821 2294 3878 prorsus
2317 3805 2631 3861 aﬂerentes.
2662 3802 2897 3858 PuerUm
2922 3809 3105 3855 autem
3128 3809 3311 3853 natum
3342 3812 3462 3852 cum
3491 3795 3644 3861 dicit,

2071 3899 2441 3955 inﬁrmitatem
2473 3896 2891 3951 Maniclnrorum
2921 3892 3192 3961 opinionis
3232 3890 3512 3943 evidenter
3556 3903 3648 3941 co-

2068 3992 2269 4063 arguit,
2304 3992 2396 4062 qui
2440 3997 2672 4045 renuunt
2699 3988 2899 4050 dicere.
2931 3986 3166 4041 Verbum
3195 3998 3415 4037 carnem
3445 3982 3646 4034 factum

2069 4105 2213 4156 esse,
2244 4090 2295 4144 id
2328 4097 2433 4154 est,
2468 4095 2710 4141 nostram
2740 4098 2964 4139 carnem
3002 4091 3226 4152 propter
3259 4094 3357 4133 nos
3402 4086 3648 4146 portasse

2068 4195 2165 4250 per
2185 4178 2657 4247 dispensationem.
2684 4173 2845 4242 Atqui
2882 4171 2928 4226 si
2957 4180 3101 4225 recte
3137 4183 3327 4237 Sapere
3356 4165 3646 4227 voluerint,

2069 4285 2124 4330 et
2172 4288 2326 4327 suam
2377 4272 2615 4341 ipsorum
2664 4265 3027 4320 temeritatem
3068 4263 3362 4325 damnare,
3411 4273 3477 4313 ne
3514 4273 3646 4311 con-

2072 4367 2354 4422 tumeliose
2422 4372 2736 4434 pervertant
2798 4362 2962 4413 verba
3038 4357 3313 4427 prepheta:
3378 4350 3635 4414 dicentis,

2078 4474 2308 4529 puerum
2375 4457 2531 4512 nobis
2594 4467 2779 4509 natum
2836 4464 3017 4507 esse:
3066 4448 3154 4502 ubi
3210 4447 3409 4500 etenim
3470 4442 3649 4512 proles

380 4545 500 4609 λίας
526 4544 1017 4615 καταψηφίζεσθαι,
1052 4545 1126 4616 μὴ
1150 4545 1563 4616 ἀτιμαζέτωσαν
1582 4548 1681 4611 τάς
1714 4547 1808 4601 τοῦ
1835 4566 1964 4619 προ-

2073 4566 2197 4605 vere
2235 4558 2361 4604 nata
2410 4558 2492 4602 est
2537 4562 2599 4601 ex
2653 4545 2899 4607 muliere,
2928 4542 3019 4612 qui
3068 4541 3219 4596 locus
3266 4552 3389 4592 esse
3432 4536 3647 4605 poterit,

382 4642 553 4707 φήτου
607 4639 824 4709 φωνὰς,
876 4640 1084 4692 παιδίον
1119 4630 1250 4710 ἡμῖν
1284 4640 1643 4711 γεγεννῆσθαι
1690 4641 1960 4711 λέγοντος.

384 4729 559 4783 ὐπου
592 4731 703 4801 γὰρ
725 4731 881 4794 τόκος
909 4732 973 4783 ὲκ
1011 4730 1269 4797 γυναικὸς
1296 4731 1533 4803 ἀληθῶς,
1564 4735 1716 4787 ποῖον
1753 4734 1819 4789 ἂν
1852 4735 1965 4806 ἔχει

379 4821 543 4876 τόπον
565 4823 626 4876 16
666 4823 881 4893 δοκήσει
926 4822 1020 4877 καὶ
1049 4825 1197 4893 σκιᾷ,
1228 4825 1320 4878 καὶ
1347 4825 1422 4889 ὡς
1460 4827 1519 4879 ὲν
1562 4827 1751 4897 μόναις
1793 4830 1965 4882 εἰπεῖν

381 4915 708 4983 φαντασίαις
756 4915 1081 4987 γεγενῆσθαι
1132 4915 1231 4987 τὴν
1264 4917 1595 4989 ὲπιδημίαν;
1646 4920 1785 4989 πλὴν
1833 4922 1965 4991 ἡμῖν

379 5006 622 5060 δεδόσθαι
656 5007 789 5077 φησὶ
814 5007 905 5060 τὸν
933 5008 1066 5063 υἱόν.
1096 5006 1291 5076 Γέγονε
1314 5009 1421 5079 γὰρ
1451 5008 1735 5081 ἄνθρωπος
1764 5013 1792 5064 6
1810 5030 1967 5083 μονο-

381 5100 543 5170 γενὴς
583 5098 678 5152 τοῦ
726 5098 861 5153 Θεοῦ
892 5101 1064 5168 Λόγος
1089 5101 1152 5153 ού
1192 5099 1259 5153 δι’
1297 5101 1507 5168 ἑαυτὸν,
1547 5103 1877 5158 ἀνακαινιῶν
1911 5105 1968 5158 δὲ

385 5191 585 5262 μᾶλλον
604 5191 674 5244 τά
703 5191 824 5244 καθ’
850 5194 996 5263 ήμᾶς
1015 5195 1095 5256 είς
1120 5192 1181 5246 16
1210 5193 1304 5246 ἀπ’
1332 5194 1525 5265 ἀρχῆς.
1552 5197 1644 5249 καὶ
1672 5196 1773 5268 τῆς
1800 5198 1971 5252 ἀπάν-

382 5300 491 5336 των
522 5283 669 5351 ζωῆς
698 5283 1034 5355 ἀντίλυτρον,
1074 5285 1135 5337 16
1171 5284 1301 5338 ἴδιον
1333 5286 1495 5356 σῶμα
1517 5290 1868 5360 προσκομιῶν
1889 5292 1971 5355 εἰς

382 5376 556 5446 ὀσμὴν
574 5376 803 5439 εὐωδίας
822 5377 901 5445 τῷ
921 5377 1038 5446 Θεῴ
1061 5377 1157 5430 καὶ
1186 5378 1381 5449 Πατρί.
1404 5379 1735 5449 Γεγενῆσθαι
1755 5382 1813 5435 δέ
1833 5400 1967 5453 φησι

384 5466 482 5534 τὴν
498 5466 672 5537 ἀρχὴν
699 5465 861 5519 αὑτοῦ
880 5468 971 5519 ἐπὶ
982 5467 1075 5520 τοῦ
1096 5468 1248 5538 ῶμου
1266 5468 1452 5533 αὑτοῦ,
1472 5470 1717 5525 καὶδοκεί
1739 5475 1836 5544 μέν
1860 5492 1967 5527 τισι

382 5557 622 5610 τοιοῦτόν
663 5576 715 5610 τι
774 5561 934 5611 νοεῖν.
979 5560 1197 5631 Ἐπειδὴ
1247 5562 1377 5632 γὰρ,
1417 5567 1603 5633 φησὶν,
1653 5565 1829 5636 ἑαυτῴ
1875 5567 1965 5620 τὸν

386 5650 618 5722 σταυρὸν
648 5651 728 5713 είς
769 5648 951 5721 ὤμους
1005 5651 1145 5721 ἔχων
1179 5654 1442 5726 ἀΚύριος
1495 5656 1653 5729 ἡμῶν
1698 5657 1903 5730 Ἰησοῦς
1936 5660 1964 5713 ὀ

452 5808 505 5841 ⁸⁸
528 5808 851 5875 Aet.xv,lO.
930 5811 973 5843 ⁸⁷
1000 5810 1189 5868 Matth.
1223 5827 1311 5867 xxI
1369 5812 1456 5869 33.

2076 4642 2233 4713 155
2266 4641 2518 4710 Opinione
2567 4646 2622 4691 et
2658 4638 2845 4689 umbra
2895 4633 2979 4689 vel
3011 4632 3125 4687 sola
3156 4629 3333 4699 specie
3362 4628 3651 4681 adventum

2070 4737 2186 4805 ejus
2215 4732 2420 4788 fuisse?
2465 4729 2665 4784 Verum
2698 4728 2827 4782 dicit
2862 4726 3019 4782 nobis
3063 4726 3247 4779 datum
3289 4736 3411 4777 esse
3458 4718 3648 4771 lilium.

2070 4829 2266 4883 Factus
2292 4825 2531 4882 estenim
2561 4823 2720 4876 homo
2747 4820 3079 4889 unigenitum
3117 4816 3209 4870 Dei
3252 4813 3505 4876 Verbum,
3545 4824 3651 4863 non

2071 4930 2291 4989 propter
2315 4916 2571 4987 seipsum,
2588 4913 2687 4968 sed
2707 4914 2884 4983 potius
2908 4917 2965 4964 ut
2990 4918 3228 4965 nostram
3252 4903 3643 4966 conditionem,

2073 5012 2233 5066 sicuti
2271 5009 2369 5062 fuit
2398 5025 2426 5060 a
2456 5008 2744 5076 principio,
2788 5012 3149 5066 restauraret,
3197 5009 3250 5054 et
3302 5009 3360 5052 ut
3406 4995 3650 5051 omnium

2074 5107 2196 5160 vita:
2231 5103 2463 5173 pretium
2523 5117 2585 5155 ac
2644 5099 3067 5168 redemptionem
3125 5110 3280 5150 suum
3311 5106 3507 5161 corpus
3545 5089 3653 5143 Deo

2069 5206 2125 5252 et
2157 5196 2296 5250 Patri
2326 5196 2377 5248 in
2415 5194 2635 5249 odorem
2665 5192 2951 5248 suavitatis
2986 5187 3228 5244 offerret.
3267 5184 3492 5240 Factum
3518 5198 3648 5236 vero

2068 5288 2427 5360 principatum
2454 5287 2571 5356 ejus
2609 5287 2685 5339 ait
2720 5299 2881 5353 super
2910 5283 3191 5337 humerum
3221 5279 3358 5348 ejus,
3404 5277 3648 5331 videtur-

2072 5397 2178 5450 que
2200 5380 2473 5435 nonnullis
2502 5376 2806 5447 huiusmodi
2838 5376 3109 5447 quidpiam
3142 5374 3473 5444 intelligere:
3503 5372 3652 5438 Quo-

2076 5474 2221 5529 niam
2245 5476 2409 5538 enitn,
2437 5472 2632 5541 inquit,
2649 5487 2864 5527 crucem
2883 5480 3104 5540 portans
3129 5468 3370 5523 humeris
3394 5466 3653 5521 Dominus

2075 5578 2261 5623 noster
2280 5564 2435 5622 Jesus
2456 5566 2723 5629 Christus,
2747 5565 2814 5618 ad
2837 5565 3137 5634 passionem
3165 5561 3455 5616 salutarem
3480 5559 3649 5627 venit,

2072 5674 2128 5718 et
2160 5662 2427 5720 exaltatus
2475 5671 2578 5727 est,
2630 5670 2683 5715 ct
2734 5658 2921 5715 orbem
2978 5667 3240 5713 terrarum
3286 5672 3381 5728 per
3410 5656 3650 5726 seipsum
