4124 6372
504 332 616 393 255

1490 340 1548 395 S.
1584 332 1864 398 GYBILLI
1901 339 2373 398 ALEXANDRINI
2413 340 2737 400 ABCHlEP.

3657 341 3768 396 256

504 450 772 506 obtinuit:
806 450 931 507 hinc
975 451 1141 509 fuisse
1173 453 1378 510 dicitur
1401 457 1740 529 principatus
1768 459 1889 531 ejus
1917 476 2081 529 super

2191 460 2436 531 Χριστὸς,
2468 462 2605 532 πρὸς
2628 462 2690 515 τὸ
2722 464 2989 534 σωτήριον
3017 461 3102 532 εἴη
3145 461 3335 524 πάθος,
3365 458 3554 529 ὑψώθη
3582 458 3639 511 δὲ
3674 459 3772 512 καὶ

505 544 731 598 humero
764 543 900 612 ejus.
938 544 1268 602 Habet'vero
1297 549 1499 620 aliquid
1533 553 1936 620 probabilitatis
1964 556 2079 610 haec

503 632 699 694 oratio,
726 647 825 687 nec
859 637 1123 690 sententia
1173 646 1320 693 recte
1373 641 1546 708 posita
1573 643 1930 713 vituperanda
1960 654 2078 710 est,

504 722 549 777 si
575 725 698 792 quis
723 739 839 778 eam
864 724 1189 781 laudandam
1222 732 1545 800 susceperit.
1575 733 2078 804 Videturznimirum

505 814 594 869 hic
630 817 977 885 propheticus
1014 833 1193 874 sermo
1234 822 1519 879 humerum
1550 827 1824 895 appellare
1862 826 2083 882 fortitu-

504 906 682 960 dinem
724 925 738 961 :
780 922 940 964 oume
969 910 1234 980 siquidem
1290 914 1453 969 robur
1475 929 1720 972 nostrum
1752 919 1804 972 in
1846 919 2082 975 brachiis

503 1008 559 1051 et
596 998 836 1055 humeris
878 1002 1041 1056 situm
1081 1013 1184 1058 est.
1237 1005 1303 1059 Et
1332 1008 1551 1077 quidem
1583 1009 1864 1065 brachium
1897 1011 1988 1066 Dei
2019 1028 2081 1068 ac

508 1087 688 1144 Patris
724 1092 919 1146 dicitur
949 1093 1137 1151 Filius.
1187 1116 1206 1149 ι
1251 1099 1495 1168 Domine,
1533 1104 1699 1167 enim,
1732 1104 1927 1174 inquit,
1962 1108 2083 1175 quis

504 1182 734 1237 credidit
789 1186 992 1239 auditui
1045 1197 1263 1253 nostro.
1304 1200 1358 1246 et
1408 1192 1684 1248 brachium
1727 1197 1935 1251 Domini
1996 1199 2081 1253 cui

507 1276 801 1331 revelatum
823 1292 904 1333 est
927 1280 1009 1334 3"?
1041 1301 1059 1331 ι
1092 1280 1378 1351 Imperavit
1402 1302 1531 1354 ergo
1551 1289 1666 1341 orbi
1695 1300 1958 1344 terrarum
1988 1307 2082 1347 sua

511 1366 682 1437 ipsius
711 1372 951 1438 potentia
982 1371 1231 1428 Christus
1269 1393 1281 1428 :
1312 1378 1511 1445 quippe
1569 1378 1826 1433 fortitudo
1856 1394 1940 1435 est
1991 1380 2081 1436 Dei

506 1473 569 1511 ac
601 1457 796 1514 Patris.
840 1459 1072 1517 Vocatur
1119 1475 1379 1533 praeterea
1412 1477 1468 1522 et
1505 1470 1684 1539 magni
1735 1471 1942 1526 consilii
1972 1473 2084 1526 An-

507 1551 678 1619 gelus,
702 1553 950 1611 videlicet
982 1556 1075 1612 Dei
1106 1567 1160 1612 et
1189 1557 1387 1613 Patris.
1416 1562 1776 1619 Attestabitur
1805 1576 1988 1621 autem
2016 1567 2084 1622 de

510 1644 595 1699 his
652 1645 874 1714 loquens
905 1650 1118 1719 sapiens
1164 1649 1399 1707 Joannes
1451 1672 1465 1707 :
1514 1672 1533 1707 ι
1577 1656 1678 1723 Qui
1723 1660 1930 1729 accepit
1968 1661 2085 1729 ejus

512 1736 879 1792 testimonium
916 1780 931 1804 ,
986 1741 1032 1796 is
1104 1744 1408 1813 obsignavit
1470 1745 1640 1801 Deum
1698 1764 1888 1805 verum
1938 1766 2081 1807 esse.

2183 553 2496 624 κεκράτηκε
2535 555 2633 624 τῆς
2665 555 2755 607 ὑπ’
2791 554 3017 626 οὐρανὸν
3048 554 3114 606 δι’
3148 552 3339 613 αὑτοῦ.
3369 552 3646 624 ταύτῃῖτοι
3679 551 3773 604 καὶ

2182 644 2436 714 γενέσθαι
2463 646 2680 715 λέγεται
2710 649 2744 718 ή
2776 646 2918 717 ἀρχὴ
2939 645 3104 700 αὐτοῦ
3139 646 3233 699 ἐπὶ
3264 644 3358 697 τοῦ
3392 643 3543 715 ὤμου
3580 628 3783 697 αύτοῦ.ἷ

2186 735 2341 807 Ἔχει
2363 736 2419 789 δὲ
2448 736 2510 788 τὸ
2536 735 2761 790 πιθανὸν
2792 734 2820 790 6
2852 736 3028 805 λόγος,
3069 737 3162 790 καὶ
3183 738 3282 789 οὐκ
3321 734 3651 805 ἀτιμαστέον
3671 733 3771 805 τὴν

2183 825 2391 881 ἔννοιαν
2438 825 2612 897 ὀρθῶς
2647 826 2896 898 ἔχουσαν,
2938 829 3043 881 κᾶν
3093 829 3143 880 εἰ
3190 827 3364 880 ἒλοιτό
3400 844 3485 889 τις
3530 828 3772 878 ἐπαινεῖν

2183 917 2374 988 αὑτήν.
2412 917 2597 972 Ἐοικε
2629 919 2684 972 δὲ
2707 918 2796 971 τὸν
2815 913 2963 984 ὦμον
2990 922 3018 973 6
3040 920 3378 991 προφητικὸς
3405 920 3537 989 ήμῖν
3561 920 3619 972 ὲν
3644 917 3773 971 τού-

2181 1022 2295 1067 τοις
2327 1005 2483 1075 λόγος
2533 1008 2634 1077 τήν
2685 1010 2837 1078 ἰσχὺν
2870 1008 3155 1079 βούλεσθαι
3202 1008 3412 1079 δηλοῦν.
3465 1010 3619 1062 Πᾶσα
3662 1010 3771 1081 γὰρ

2183 1096 2341 1167 ήμῶν
2365 1098 2518 1167 ἰσχὺς
2550 1101 2607 1151 ὲν
2644 1098 2890 1169 βραχίοσί
2920 1116 2979 1152 τε
3010 1101 3102 1154 καὶ
3148 1099 3342 1171 ὤμοις.
3380 1100 3489 1154 Καὶ
3530 1100 3661 1169 γοῦν
3690 1100 3770 1153 εἶ-

2188 1207 2348 1261 ρηται
2372 1190 2520 1257 δεξιά
2542 1192 2635 1244 καὶ
2668 1193 2904 1263 βραχίων
2928 1192 3022 1246 τοῦ
3052 1192 3187 1246 Θεοῦ
3214 1194 3307 1247 καὶ
3330 1193 3541 1263 Πατρὸς
3566 1196 3595 1247 6
3618 1194 3767 1257 Υἱός.

2189 1283 2393 1354 «Κύριε
2416 1304 2433 1335 ι
2460 1283 2587 1355 γὰρ,
2609 1287 2758 1355 φησί,
2785 1304 2804 1337 ι
2832 1285 2913 1348 τίς
2926 1286 3209 1340 ἐπίστευσε
3226 1289 3290 1357 τῇ
3310 1288 3445 1357 ἀκοῇ
3464 1286 3621 1358 ήμῶν
3643 1304 3656 1352 ;
3677 1290 3772 1341 καὶ

2182 1377 2211 1429 6
2229 1375 2465 1447 βραχίων
2487 1376 2691 1448 Κυρίου
2714 1376 2817 1431 τίνι
2844 1378 3204 1449 ἀπεκαλύφθη
3222 1396 3266 1444 ;›
3289 1374 3463 1451 τΗρξε
3483 1380 3772 1450 τοίνυντῆς

2185 1469 2277 1522 ὑπ’
2315 1470 2543 1541 οὐρανὸν
2584 1468 2674 1523 διὰ
2716 1470 2816 1540 τῆς
2862 1469 3055 1524 ἑαυτοῦ
3088 1470 3368 1541 δυνάμεως
3417 1472 3445 1523 6
3490 1470 3725 1541 Χριστός
3752 1488 3765 1499 ·

2189 1562 2340 1632 ἰσχὺς
2374 1564 2483 1634 γάρ
2512 1564 2627 1617 ἐστι
2650 1562 2743 1618 106
2768 1561 2903 1618 Θεοῦ
2927 1565 3017 1617 καὶ
3036 1567 3269 1635 Πατρός.
3300 1564 3575 1635 Κέκληται
3599 1565 3655 1618 δὲ
3677 1566 3773 1618 καὶ

2190 1653 2433 1724 μεγάλης
2465 1652 2662 1724 βουλῆς
2691 1654 2972 1722 Ἄγγελος,
3004 1654 3162 1724 δῆλον
3190 1654 3247 1707 δὲ
3278 1656 3359 1708 ὅτι
3389 1654 3479 1708 τοῦ
3506 1653 3640 1706 Θεοῦ
3678 1655 3773 1708 καὶ

2190 1746 2421 1816 Πατρός.
2471 1746 2579 1798 Καὶ
2633 1747 2971 1817 μαρτυρήσει
3020 1745 3193 1814 λέγων
3241 1747 3269 1798 6
3313 1745 3472 1815 σοφὸς
3520 1747 3773 1815 Ἰωάννης

509 1828 677 1894 Quem
709 1834 851 1885 enim
886 1833 1032 1888 misit
1060 1834 1219 1901 Deus,
1255 1839 1417 1893 verba
1451 1840 1543 1894 Dei
1571 1842 1809 1911 loquitur
1844 1844 1913 1900 ⁸⁸.
1955 1865 1975 1898 ι
2019 1845 2085 1901 Ει

2191 1839 2315 1909 περὶ
2343 1835 2545 1890 αὐτοῦ·
2588 1856 2607 1886 ι
2654 1837 2712 1891 '0
2754 1836 3047 1906 λαμϐάνων
3100 1836 3266 1889 αὑτοῦ
3304 1835 3402 1906 τὴν
3466 1833 3772 1906 μαρτυρίαν

511 1919 625 1986 ipse
653 1920 783 1974 dicit
815 1924 1018 1977 sanctis
1047 1926 1307 1993 apostolis
1338 1945 1351 1982 :
1388 1946 1407 1979 ι
1454 1928 1563 1984 Vos
1597 1932 1756 1986 amici
1790 1934 1894 1988 mei
1928 1936 2083 2001 estis,

510 2010 553 2063 si
586 2009 823 2066 feceritis
854 2029 973 2081 qua:
1018 2029 1117 2084 ego
1171 2018 1426 2087 pracipio
1455 2020 1627 2075 vobis.
1682 2021 1797 2077 Non
1841 2025 1955 2094 jam
1990 2041 2086 2081 vos

510 2102 634 2156 dico
664 2117 873 2167 servos,
927 2105 1052 2174 quia
1113 2121 1306 2164 servus
1342 2127 1449 2166 non
1493 2112 1743 2184 intelligit
1781 2117 1908 2184 quid
1956 2117 2087 2173 facit

514 2193 770 2249 dominus
812 2196 951 2263 ejus.
990 2195 1093 2252 Vos
1124 2207 1302 2254 autem
1342 2202 1452 2256 dixi
1483 2206 1710 2271 amicos,
1740 2208 1865 2274 quia
1902 2206 2083 2263 omnia

510 2301 632 2353 quae
661 2287 838 2342 audivi
868 2304 898 2341 a
930 2287 1088 2344 Patre
1127 2305 1267 2353 meo,
1304 2293 1535 2362 patefeci
1578 2298 1731 2353 vobis
1756 2299 1824 2357 ⁸⁸.
1863 2315 1883 2352 ι
1912 2300 2084 2371 Magni

510 2376 695 2448 itaque
718 2380 931 2436 consilii
967 2380 1232 2452 Angelum
1271 2385 1372 2440 hac
1396 2387 1464 2442 de
1494 2403 1552 2443 re
1588 2390 1833 2445 nominat
1865 2392 2086 2447 Emma-

510 2472 747 2527 nuelem.
806 2472 1093 2545 Postquam
1150 2488 1333 2535 autem
1388 2480 1563 2535 factus
1602 2492 1687 2538 est
1723 2482 1918 2549 homo,
1973 2486 2087 2556 ipse

510 2563 752 2618 omnium
796 2580 826 2619 a
886 2582 946 2622 se
999 2580 1274 2639 gestorum
1320 2572 1429 2626 vim
1476 2580 1533 2628 et
1583 2573 1837 2630 virtutem
1872 2577 1983 2634 Deo
2020 2595 2087 2633 ac

516 2652 659 2708 Patri
697 2658 963 2713 attribuit.
994 2658 1147 2727 Quod
1176 2662 1351 2732 ipsum
1385 2662 1528 2719 Deus
1557 2680 1621 2720 ae
1649 2665 1807 2721 Pater
1838 2668 1953 2738 ipse
1988 2684 2088 2740 per

517 2753 629 2800 haec
661 2749 816 2804 nobis
859 2752 1095 2807 ostendit
1125 2792 1142 2817 ,
1171 2769 1291 2809 cum
1342 2757 1415 2809 ait
1452 2773 1466 2810 :
1499 2756 1609 2827 Ego
1638 2759 1784 2813 enim
1817 2761 2082 2817 adducam

516 2852 700 2905 pacem
725 2854 887 2909 super
913 2844 1206 2915 principes,
1240 2860 1425 2915 pacem
1462 2858 1517 2902 et
1552 2849 1839 2905 sanitatum
1872 2866 2085 2908 eorum.

518 2929 708 2985 Pacem
762 2933 1086 3003 ipsissimam
1142 2937 1347 2994 sanctis
1392 2941 1653 3008 apostolis
1715 2952 1772 2997 ut
1807 2958 1960 2999 suam
2024 2961 2089 3000 ac

518 3020 784 3088 propriam
835 3023 983 3077 dedit
1034 3024 1304 3081 Christus.
1356 3027 1551 3083 Omnia
1592 3033 1738 3085 enim
1786 3046 1909 3102 quae
1963 3046 2089 3091 sunt

519 3109 729 3177 Patris,
787 3124 913 3167 sunt
955 3115 1090 3183 ejus.
1140 3118 1361 3173 Dicebat
1400 3121 1572 3176 item:
1613 3140 1632 3173 ι
1684 3120 1880 3178 Pacem
1913 3140 2087 3179 meam

2189 1932 2520 2002 ἐσφράγισεν
2565 1932 2645 1983 ὅτι
2684 1932 2712 1983 6
2755 1930 2888 1993 Θεὸς
2929 1930 3135 2001 ἀληθής
3171 1932 3338 1983 ἐστιν.
3386 1928 3481 1981 Ὃν
3523 1929 3633 1996 γάρ
3667 1927 3775 1980 ἀπα·

2187 2021 2426 2074 έστειλεν
2454 2024 2480 2074 6
2497 2021 2651 2083 Θεὸς,
2683 2019 2751 2073 τὰ
2778 2022 2997 2092 ῥήματα
3018 2019 3112 2072 τοῦ
3134 2017 3270 2072 Θεοῦ
3297 2018 3465 2070 λαλεῖ.
3496 2036 3515 2067 ι
3549 2017 3657 2069 Καὶ
3679 2016 3774 2067 αύ-

2186 2112 2278 2175 τὸς
2298 2112 2354 2165 δέ
2386 2111 2486 2165 πού
2512 2129 2647 2181 φησι
2668 2114 2779 2175 τοῖς
2818 2112 2994 2180 ἁγίοις
3028 2111 3372 2173 ἀποστόλοις’
3407 2128 3425 2160 ι
3470 2108 3659 2178 Ὑμεῖς
3683 2106 3773 2176 φί-

2187 2203 2267 2257 λοι
2294 2201 2394 2273 μού
2421 2206 2566 2268 ἐστε,
2599 2203 2693 2256 ἐὰν
2723 2204 3009 2274 ποιήσητε,
3040 2202 3075 2256 ἃ.
3123 2201 3234 2270 ἐγὼ
3263 2200 3596 2270 ἐντέλλομαι
3620 2199 3771 2270 ὑμῖν.

2188 2294 2386 2349 Οὐκέτι
2415 2295 2558 2363 λέγω
2600 2296 2744 2366 ὑμᾶς
2771 2294 3012 2359 δούλους,
3043 2294 3127 2347 ὅτι
3164 2294 3193 2345 ὁ
3215 2291 3399 2356 δοῦλος
3431 2292 3529 2345 οὐκ
3572 2284 3680 2344 οἶδε
3720 2287 3775 2344 τι

2188 2392 2335 2442 ποιεῖ
2380 2388 2597 2443 αὐτοῢό
2640 2387 2863 2460 Κύριος.
2908 2386 3084 2456 ’Υμᾶς
3108 2385 3165 2439 δὲ
3187 2386 3386 2457 εἴρηκα
3434 2384 3643 2455 φίλους,
3690 2384 3775 2436 ὅτι

2190 2480 2369 2534 πάντα
2416 2480 2451 2533 ἃ
2484 2480 2693 2550 ἤκουσα
2734 2478 2889 2551 παρά
2933 2476 3027 2532 τοῦ
3076 2476 3291 2547 Πατρός
3335 2493 3456 2546 μου,
3502 2473 3775 2545 ἐγνώρισα

2189 2574 2338 2644 ὑμῖν.
2372 2573 2633 2641 Μεγάλης
2669 2569 2764 2625 οὖν
2805 2570 2916 2641 ἄρα
2960 2570 3156 2641 βουλῆς
3195 2568 3427 2637 ἄγγελον
3475 2566 3677 2636 ταύτης
3713 2582 3775 2620 τε

2188 2664 2352 2718 ἕνεκα
2376 2664 2474 2735 τῆς
2511 2665 2692 2727 αἰτίας
2722 2662 2981 2735 ὀνομάζει
3025 2663 3117 2716 τὸν
3150 2661 3521 2733 Ἐμμανουήλ.
3558 2658 3777 2731 Ἐπειδὴ

2187 2753 2245 2806 δὲ
2273 2753 2496 2822 γέγονεν
2526 2752 2833 2824 ἄνθρωπος,
2863 2752 3026 2817 αὐτός
3068 2768 3129 2805 τε
3162 2749 3398 2805 ἀνετίθει
3422 2750 3501 2821 τῷ
3537 2749 3657 2820 Θεῷ
3681 2750 3777 2804 καὶ

2189 2844 2387 2915 Πατρὶ,
2439 2843 2536 2916 τὴν
2588 2844 2675 2913 ἐφ’
2707 2842 2878 2898 άπασι
2923 2845 3036 2907 τοῖς
3083 2845 3216 2912 παρ’
3262 2840 3428 2898 αὐτοῦ
3479 2842 3777 2914 δρωμένοις

2190 2935 2468 3005 ὲνέργειάν
2500 2952 2559 2989 τε
2598 2937 2695 2989 καὶ
2738 2936 2992 3006 δύναμιν,
3025 2936 3119 2989 καὶ
3164 2935 3327 2998 αὐτὸς
3353 2934 3410 2988 δὲ
3453 2933 3541 2989 διὰ
3571 2933 3775 2988 τούτων

2192 3031 2324 3100 ήμῖν
2355 3032 2382 3081 6
2408 3028 2540 3093 Θεὸς
2568 3030 2664 3082 καὶ
2693 3030 2905 3100 Πατὴρ,
2941 3028 3071 3081 αὐτὸ
3100 3028 3165 3098 δὴ
3188 3028 3346 3080 τοῦτο
3368 3027 3669 3099 παραδηλοῖ
3690 3026 3775 3080 λέ-

2190 3136 2323 3190 γων·
2371 3119 2509 3189 Ἐγὼ
2538 3122 2646 3191 γὰρ
2671 3119 2784 3187 ἄξω
2804 3121 3026 3191 εἰρήνην
3054 3120 3142 3173 ὲπί
3174 3120 3300 3182 τοὺς
3318 3120 3585 3190 ἄρχοντας
3618 3120 3775 3191 εἰρή-

512 3208 583 3263 do
612 3207 784 3273 vobis,
818 3224 1004 3276 pacem
1036 3225 1208 3265 meam
1259 3213 1509 3282 relinquo
1539 3216 1690 3270 vobis
1716 3218 1787 3271 ’°.
1815 3237 1834 3270 ι
1876 3217 1931 3273 Si
1959 3235 2089 3274 vero

2195 3229 2291 3281 νην
2322 3212 2416 3264 καὶ
2440 3211 2650 3279 ὑγίειαν
2703 3209 2904 3264 αὐτῶν.
2938 3211 3048 3279 Τὴν
3082 3209 3181 3279 μὲν
3219 3204 3381 3262 οὖσαν
3409 3210 3775 3280 εἰρήνηνιτοῖς

512 3296 724 3353 dicatur
781 3302 896 3369 ipse
941 3300 1256 3358 Emmanuel
1310 3321 1492 3374 pacem
1533 3319 1586 3362 et
1627 3309 1912 3366 sanitatem
1943 3314 2092 3368 acci-

512 3402 643 3459 pere
665 3431 679 3455 ,
710 3391 885 3461 cogita
933 3392 1063 3446 mihi
1107 3409 1293 3448 rursus
1322 3396 1746 3465 dispensationis
1766 3441 1781 3464 ,
1825 3402 1876 3454 in
1903 3416 2088 3468 carne,

517 3486 790 3555 singulare
830 3484 990 3557 156
1012 3488 1317 3542 consilium.
1346 3490 1570 3560 Accepit
1592 3494 1736 3546 enim
1765 3509 1949 3564 pacem
1976 3506 2094 3564 quae

513 3588 593 3632 est
621 3594 687 3632 ex
724 3578 924 3632 mundo
956 3580 1227 3643 videlicet,
1264 3580 1423 3636 Patre
1452 3585 1501 3636 ei
1525 3587 1769 3640 tradente
1799 3588 2002 3651 omnia,
2039 3598 2095 3644 et

515 3678 574 3723 ut
610 3685 794 3739 pacem
819 3685 945 3740 erga
1001 3672 1174 3741 ipsum
1224 3674 1458 3729 habeant
1514 3679 1894 3744 persuadente,
1944 3660 2093 3735 illum

517 3762 1103 3835 adorando,'regnique
1125 3766 1243 3833 ejus
1269 3768 1455 3837 jngum
1483 3770 1843 3838 SUSripieudo.
1867 3789 1887 3824 ι
1924 3770 2095 3829 Nemo
2126 3798 2131 3799 ν

514 3855 657 3908 enim
723 3864 921 3924 potest,
985 3875 1004 3909 ι
1044 3860 1241 3928 inquit,
1274 3875 1292 3910 ι
1326 3862 1513 3915 venire
1538 3863 1603 3915 ad
1649 3877 1755 3929 me,
1794 3865 1895 3919 nisi
1937 3863 2095 3919 Pater

514 3947 605 4015 qui
644 3949 791 4001 misit
825 3964 934 4011 me.
970 3951 1201 4005 traxerit
1226 3967 1349 4006 eum
1380 3952 1445 4006 ".
1490 3972 1508 4005 ι
1539 3954 1903 4011 Proclamavit
1929 3959 2092 4012 etiam

514 4038 710 4093 alicubi
752 4042 967 4109 sapiens
996 4041 1165 4098 lsaias
1191 4063 1205 4100 :
1246 4064 1264 4095 ο
1292 4045 1580 4103 Faciamus
1610 4062 1796 4117 pacein
1827 4051 1899 4117 ei,
1934 4051 2096 4107 facia-

516 4143 635 4182 mus
665 4145 849 4199 pacem
880 4134 1194 4189 accedentes
1237 4139 1302 4190 ad
1337 4152 1461 4191 eum
1494 4138 1559 4191 θ’.
1606 4158 1625 4190 ι
1670 4139 1881 4209 Accipit
1914 4142 2095 4213 itaque

515 4232 700 4287 pacem
739 4239 766 4276 a
802 4223 982 4289 Patre,
1031 4227 1097 4278 ad
1145 4242 1267 4281 eum
1303 4244 1463 4298 quem
1501 4230 1612 4284 dixi
1646 4233 1880 4288 modum.
1921 4236 2093 4291 Audi-

521 4312 696 4367 vimus
714 4314 978 4382 siquidem
1009 4334 1134 4371 eum
1168 4318 1535 4388 alloquentem
1578 4320 1796 4378 Patrem
1826 4336 1880 4380 et
1924 4325 2091 4381 Deum

520 4405 793 4460 cmlestem
830 4426 844 4462 :
878 4426 896 4459 ι
922 4411 1069 4475 Quos
1094 4411 1286 4466 dedisti
1323 4413 1450 4467 mihi
1476 4430 1542 4468 ex
1572 4417 1796 4481 mundo,
1825 4420 1896 4472 ttti
1915 4432 2112 4485 erant,

518 4512 584 4549 ac
621 4496 738 4551 illos
792 4498 923 4552 mihi
969 4502 1161 4556 dedisti
1198 4503 1263 4556 ".
1313 4522 1331 4554 ι
1365 4504 1575 4573 Accipit
1610 4506 1738 4562 item
1773 4510 2089 4576 sanitatem,

518 4591 572 4644 id
594 4597 697 4654 est.
745 4605 777 4645 e
826 4594 1053 4649 mortuis
1077 4597 1201 4651 vita:
1231 4601 1659 4654 renuvationem.
1683 4600 1815 4654 Cum
1840 4602 1984 4655 enim
2015 4604 2099 4655 in-

517 4681 764 4739 ﬁrmatus
820 4686 1095 4754 paululum
1141 4690 1369 4757 dicatur,
1413 4694 1556 4762 quod
1594 4694 1901 4763 permiserit
1935 4696 2086 4750 carni

520 4788 652 4836 suae,
681 4775 853 4844 gratia
894 4778 988 4831 Dei
1017 4794 1113 4848 pro
1137 4782 1387 4837 omnibus
1422 4794 1650 4839 mortem
1676 4794 1917 4855 gustare.
1942 4789 2091 4839 sani-

521 4873 685 4919 tatem
747 4869 979 4940 accipit,
1042 4876 1443 4930 renovationem
1489 4877 1613 4930 vitte
1658 4878 1888 4945 accipit,
1934 4879 2096 4947 idque

520 4972 711 5013 rursus
772 4960 887 5029 ipse
936 4965 1205 5032 praestitit.
1246 4965 1517 5023 Excitavit
1549 4970 1694 5024 enim
1744 4986 1900 5024 suum
1960 4979 2096 5024 tem-

520 5048 690 5116 plum,
725 5066 847 5106 cum
877 5055 991 5123 ipse
1010 5057 1080 5112 sit
1109 5061 1346 5126 potentia
1373 5060 1571 5119 Patris.
1604 5062 1662 5117 Si
1690 5065 1834 5117 enim
1870 5064 1986 5129 ipse
2012 5073 2095 5119 est

524 5145 855 5200 resurrectio
890 5157 946 5201 et
986 5148 1115 5211 vita.
1153 5152 1281 5220 quid
1316 5154 1529 5208 tandem
1560 5158 1626 5207 ad
1669 5155 2092 5210 viviﬁcationem

520 5235 882 5294 desiderasset
914 5240 1064 5295 vita?
1103 5241 1169 5297 Et
1202 5245 1245 5298 si
1295 5245 1522 5299 aliorum
1556 5261 1781 5314 corpora
1820 5249 2091 5303 excitasse

521 5330 854 5399 conspicitur
904 5348 999 5388 sna
1052 5351 1239 5393 rursus
1264 5339 1312 5391 vi
1345 5354 1409 5392 ac
1439 5341 1702 5408 potentia,
1753 5342 1937 5408 quidni
1968 5350 2096 5395 aute

522 5420 753 5474 aliorum
799 5437 1027 5493 corpora
1078 5442 1234 5482 sumn
1286 5430 1623 5485 excitasset?
1657 5430 1867 5485 All'atur
1912 5442 2092 5487 autem

526 5513 640 5582 ipse
671 5511 885 5569 Judaeos
916 5534 929 5570 :
960 5535 978 5569 ι
1016 5517 1219 5574 Solvite
1270 5521 1525 5592 templum
1571 5522 1707 5589 hoc,
1740 5532 1795 5577 et
1835 5523 1887 5577 in
1922 5523 2093 5580 tribus

2195 3302 2369 3371 ἁγίοις
2417 3301 2757 3365 ἀποστόλοις,
2807 3300 2881 3365 ὡς
2933 3301 3069 3353 ἰδίαν
3118 3299 3288 3353 ὲδίδου
3332 3300 3584 3372 Χριστός.
3621 3299 3775 3352 Ἔστι

2194 3397 2302 3465 γὰρ
2336 3394 2500 3449 αὐτοῦ
2541 3395 2713 3447 πάντα
2752 3393 2820 3446 τά
2862 3392 2955 3446 τοῦ
3002 3393 3234 3463 Πατρὸς,
3266 3392 3359 3444 καὶ
3394 3392 3459 3462 δὴ
3498 3391 3592 3444 καὶ
3645 3389 3774 3455 ἐφα-

2197 3506 2323 3542 σκεν
2342 3504 2353 3515 ·
2390 3505 2405 3538 ι
2444 3487 2679 3556 Εἰρήνην
2702 3486 2800 3554 τὴν
2827 3487 2965 3554 ἐμὴν
2993 3484 3183 3553 δίδωμι
3220 3485 3346 3553 ὑμῖν
3368 3497 3381 3511 ⁸
3412 3484 3636 3553 εἰρήνην
3675 3481 3775 3550 τὴν

2194 3581 2335 3651 ἐμὴν
2387 3578 2589 3647 ἀφίημι
2624 3578 2771 3645 ὑμῖν.
2810 3598 2828 3624 ι
2864 3577 2925 3627 Ei
2959 3575 3014 3627 δὲ
3058 3575 3122 3646 δὴ
3171 3575 3379 3641 λέγοιτο
3411 3575 3505 3627 καὶ
3553 3573 3715 3636 αὐτὸς
3747 3574 3775 3626 6

2209 3671 2553 3741 Ἐμμανουήλ
2602 3671 2825 3741 εἰρήνην
2873 3671 2966 3722 καὶ
3013 3669 3222 3736 ὑγίειαν
3271 3668 3475 3733 λαϐεῖν,
3520 3668 3631 3720 νόει
3678 3667 3775 3736 μὲν

2197 3763 2359 3817 πάλιν
2385 3764 2481 3834 τῆς
2515 3763 2652 3832 μετά
2684 3762 2884 3833 σαρκὸς
2911 3762 3222 3831 οἰκονομίας
3253 3762 3314 3813 τὸ
3345 3761 3616 3829 εύτεχνές.
3635 3758 3774 3813 Ἐὃέο

2196 3872 2319 3926 χετο
2342 3856 2451 3926 γάρ
2481 3858 2705 3927 εἰρήνην
2725 3856 2825 3926 τὴν
2850 3854 2957 3907 ἀπὸ
2982 3854 3075 3907 τοῦ
3096 3855 3300 3925 κόσμου
3320 3854 3581 3926 δηλονότι,
3606 3869 3773 3923 προσ-

2198 3948 2420 4016 άγοντος
2446 3948 2593 4019 αὐτῷ
2621 3949 2940 4019 σύμπαντας
2971 3947 3066 4001 106
3088 3948 3319 4018 Πατρὸς,
3344 3947 3437 4000 καὶ
3472 3948 3775 4017 εἰρηνεύειν

2197 4044 2332 4113 πρὸς
2358 4041 2518 4095 αὑτὸν
2539 4040 3046 4103 ἀναπείθοντος,διά
3058 4056 3122 4110 γε
3140 4040 3232 4093 106
3258 4042 3581 4110 προσκυνεῖν
3603 4037 3774 4107 αὐτῷ,

2196 4137 2291 4189 καὶ
2319 4135 2412 4187 τὸν
2444 4136 2544 4205 τῆς
2579 4131 2855 4202 βασιλείας
2889 4131 3054 4184 αὐτοῦ
3096 4130 3348 4201 δέχεσθαι
3382 4130 3565 4200 ζυγόν,
3608 4150 3626 4181 ι
3670 4127 3771 4184 Οὑ-

2196 4226 2305 4288 δεὶς
2336 4226 2440 4298 γάρ
2469 4224 2711 4286 δύναται,
2757 4248 2772 4273 ι
2806 4224 2989 4293 φησὶν,
3024 4243 3041 4273 ε
3083 4222 3258 4276 ἐλθεῖν
3292 4221 3427 4293 πρὸς
3453 4221 3541 4291 μὲ,
3574 4222 3669 4274 ἐὰν
3702 4221 3773 4292 μὴ

2194 4321 2223 4372 6
2266 4317 2454 4388 Πατὴρ
2485 4319 2513 4371 6
2536 4316 2757 4387 πέμψας
2790 4332 2857 4386 με
2891 4314 3093 4385 ἐλκύσῃ
3137 4314 3317 4368 αὐτόν.
3364 4332 3382 4365 ι
3429 4315 3772 4384 Προσανακε-

2197 4411 2392 4481 κράγει
2424 4411 2481 4464 δέ
2526 4427 2628 4463 που
2680 4410 2773 4463 καὶ
2817 4412 2845 4462 6
2892 4409 3053 4477 σοφὸς
3094 4409 3355 4471 Ἡσαΐας·
3393 4425 3412 4458 ι
3457 4409 3773 4478 Ποιήσωμεν

2199 4506 2419 4575 εἰρήνην
2464 4500 2629 4571 αὐτῷ,
2666 4502 2983 4570 ποιήσωμεν
3043 4501 3266 4570 εἰρήνην
3313 4499 3376 4551 οἰ.
3406 4498 3710 4570 ἐρχόμενοι.
3752 4516 3771 4549 ι

2201 4596 2423 4666 Δέχεται
2453 4594 2551 4665 μὲν
2577 4590 2668 4648 οὖν
2693 4594 2791 4664 τὴν
2820 4594 3039 4665 εἰρήνην
3068 4594 3221 4663 παρὰ
3250 4592 3342 4645 τοῦ
3370 4593 3605 4663 Πατρὸς,
3640 4592 3773 4645 κατὰ

2198 4686 2347 4739 τόνδε
2363 4685 2452 4738 τὸν
2474 4684 2696 4755 τρόπον,
2725 4685 2801 4745 ὼς
2816 4682 2973 4755 ἔφην.
3018 4683 3364 4754 Ἀκηκόαμεν
3383 4682 3667 4753 γὰραύτοῦ
3691 4682 3773 4734 λέν

2197 4794 2381 4847 γοντος
2409 4777 2547 4847 πρὸς
2586 4777 2677 4830 τὸν
2709 4777 2768 4829 ὲν
2793 4778 2905 4839 τοῖς
2942 4776 3191 4848 οὐρανοῖς
3231 4777 3450 4847 Πατέρα
3494 4777 3586 4829 καὶ
3615 4776 3740 4828 Υἰόν
3759 4790 3773 4806 ⁸

2201 4890 2221 4922 ι
2256 4869 2362 4931 υῦς
2396 4869 2626 4932 δέδωκάς
2651 4887 2741 4939 μοι
2773 4871 2837 4922 ἐκ
2852 4869 2945 4922 106
2974 4870 3203 4939 κόσμου,
3236 4869 3315 4921 σοὶ
3338 4866 3503 4940 ἦσαν,
3532 4870 3626 4921 καὶ
3654 4869 3771 4938 ἐμοὶ

2195 4962 2392 5026 αὐτοὺς
2433 4962 2657 5025 ἔδωκας.
2696 4982 2714 5014 ι
2754 4963 2976 5033 Δέχεται
2998 4962 3055 5015 δὲ
3085 4963 3177 5015 καὶ
3203 4960 3435 5031 ὑγίειαν,
3467 4960 3613 5014 τοῦτ’
3640 4960 3773 5025 ἔστι,

2196 5054 2297 5125 τὴν
2338 5057 2401 5108 ὲκ
2453 5055 2661 5125 νεκρῶν
2704 5053 3014 5108 ἀναϐίωσιν.
3072 5052 3292 5123 Ἐπειδὴ
3325 5052 3434 5124 γὰρ
3475 5052 3771 5124 ἀσθενῆσαι

2198 5149 2413 5217 λέγεται
2440 5148 2635 5219 βραχὺ,
2661 5146 2751 5200 διά
2768 5164 2849 5200 τοι
2873 5146 2933 5199 τὸ
2956 5148 3163 5215 ἐφεῖναι
3182 5149 3249 5218 τῇ
3277 5145 3382 5217 ἰδίᾳ
3407 5147 3571 5218 σαρκί
3592 5145 3773 5219 χάριτι

2198 5243 2332 5297 Θεοῦ
2372 5243 2512 5313 ὑπὲρ
2545 5242 2761 5295 πάντων
2804 5240 3103 5309 γεύσασθαι
3139 5238 3391 5302 θανάτου,
3419 5240 3632 5310 δέχεται
3677 5240 3775 5310 τὴν

2199 5336 2433 5405 ὑγίειαν,
2466 5334 2611 5387 τοῦτ’
2651 5334 2787 5394 ἐστι,
2817 5333 2915 5404 τὴν
2957 5331 3271 5395 ἀναϐίωσιν,
3306 5332 3397 5384 καὶ
3434 5331 3588 5383 10610
3614 5330 3775 5383 πάλιν

2200 5429 2502 5500 ἐνεργήσας
2528 5427 2709 5490 αὑτός.
2744 5427 2972 5497 Ἤγειρι
2998 5424 3107 5496 γὰρ
3138 5425 3229 5478 τὸν
3260 5423 3456 5477 ἑαυτοῦ
3497 5423 3643 5486 ναὸν,
3676 5422 3768 5475 αύ-

2198 5519 2292 5583 τὸς
2334 5518 2657 5589 ὑπάρχωνή
2699 5518 2927 5587 δύναμις
2968 5514 3063 5568 τοῦ
3095 5514 3327 5580 Πατρός.
3362 5513 3424 5566 Εἰ
3463 5514 3571 5585 γὰρ
3615 5512 3772 5575 αὑτός

596 5697 639 5775 ‘_’
668 5694 769 5751 lsa.
804 5701 997 5775 und.
1073 5702 1118 5736 ⁸⁸
1146 5701 1302 5761 Joan.
1333 5721 1416 5773 nt,
1439 5706 1525 5763 55.
1601 5708 1648 5740 ⁸⁹
1674 5705 1830 5764 Joan.
1865 5724 1953 5775 xv,
1980 5708 2089 5774 Η,

2250 5708 2296 5740 ’⁸
2328 5706 2482 5763 Joan.
2508 5720 2620 5769 xw,
2647 5703 2736 5757 9.7.
2816 5704 2855 5734 "
2889 5701 3045 5758 Joan.
3068 5716 3141 5764 vr,
3165 5698 3257 5764 66,
3332 5700 3375 5732 "
3404 5697 3505 5753 lsa.
3528 5711 3697 5760 nvn,
3720 5694 3773 5747 5.

526 5768 572 5800 "
595 5766 746 5824 Joan.
776 5786 909 5838 xm,
930 5771 983 5828 9.
