4124 6372
336 369 443 425 257

1480 368 1549 425 IN
1588 370 1826 427 ISAIAM
1864 370 1994 428 LIB.
2037 371 2076 428 Ι.
2114 370 2337 428 ΟΒΑΤ..
2368 372 2458 428 Vl.

3498 368 3607 427 258

336 493 484 544 ἐστιν
512 488 547 558 ἠ
589 486 909 550 ἀνάστασις,
942 483 1093 556 καὶὴ
1126 482 1260 556 ζωὴ.
1284 484 1427 551 τίνος
1462 487 1531 541 ἂν
1558 489 1750 562 ἐδεήθη
1788 490 1918 563 πρὸς

2027 488 2223 545 diebus
2268 491 2523 545 excitabo
2566 489 2695 547 illud
2740 491 2808 545 ".
2857 509 2876 543 ι
2926 489 3168 560 Regnum
3224 504 3352 551 vero
3401 491 3606 548 Christi

340 578 672 650 ζωοποίησιν
698 579 731 648 ἡ
767 576 911 649 Curi};
940 578 1051 633 Kal
1084 578 1133 630 εί
1151 576 1220 630 τὰ
1245 576 1351 631 τῶν
1381 578 1581 650 ἐτέρων
1604 582 1924 654 ἐγηγερκὼς

335 675 530 744 ὁρᾶται
582 670 810 741 σώματα
837 669 1062 737 δυνάμει
1094 667 1257 723 πάλιν
1289 669 1415 741 ἰδίᾳ,
1453 670 1569 734 πῶς
1597 672 1661 725 ἂν
1691 674 1789 727 οὐκ
1826 675 1922 727 άν-

336 765 535 835 έστησε
570 762 666 815 καὶ
701 761 804 831 πρό
829 777 891 829 γε
912 760 1021 813 τῶν
1040 759 1215 814 ἄλλων
1234 760 1295 813 τὸ
1332 761 1497 829 ίδιονς
1526 764 1737 825 Καίτοι,
1764 766 1918 835 φησὶ,

336 857 473 929 πρὸς
532 854 817 917 Ἰουδαίους
857 853 1020 917 αὐτός
1044 869 1057 881 ·
1104 870 1123 909 ι
1163 854 1375 907 Λύσατε
1412 855 1503 907 τὸν
1538 856 1664 909 ναὸν
1710 857 1919 922 τοῦτον,

337 950 429 1002 καὶ
459 950 517 1001 ἐν
546 947 725 1019 τρισὶν
756 944 993 1018 ἡμέραις
1017 944 1194 1017 ἐγερῶ
1213 946 1395 1000 αὐτόν.
1438 966 1457 999 ι
1489 947 1609 1001 Ὅτι
1634 947 1739 1019 γὰρ
1762 949 1919 1002 άκλό-

335 1059 497 1113 νητος
527 1043 561 1112 ἡ
611 1039 860 1109 βασιλεία
903 1038 997 1091 τοῦ
1030 1039 1266 1108 Χριστοῦ
1301 1039 1394 1092 καὶ
1430 1038 1493 1092 τὸ
1529 1041 1922 1111 ἐρηρεισμένον

336 1133 539 1205 ἔχουσα
566 1133 656 1187 διὰ
682 1132 883 1194 παντὸς
911 1130 1174 1194 διδάσκει,
1204 1129 1399 1198 λέγων.
1425 1150 1441 1181 ι
1462 1131 1689 1202 Μεγάλη
1718 1134 1750 1203 ή
1778 1132 1920 1205 ἁρχὴ

292 1226 304 1247 "
336 1226 527 1291 αὐτοῦ,
578 1226 807 1295 καὶτῆς
864 1225 1088 1297 εἰρήνης
1134 1223 1299 1278 αὐτοῦ
1352 1225 1453 1277 οὐκ
1499 1224 1644 1278 ἐστιν
1692 1226 1857 1297 ὃριον.
1897 1245 1916 1278 ι

335 1315 512 1391 Ἦρξε
561 1320 667 1390 γὰρ
699 1317 883 1371 οὐκέτι
938 1318 1107 1388 μόνης
1148 1320 1247 1388 τῆς
1293 1318 1573 1382 Ἰουδαίας,
1604 1319 1823 1390 ἁπάσης
1864 1320 1921 1373 δὲ

340 1412 540 1481 μᾶλλον
568 1411 669 1481 τῆς
715 1411 805 1463 ὑπ’
837 1410 1084 1483 οὐρανόν.
1131 1412 1241 1465 Καὶ
1278 1412 1430 1475 τέλος
1478 1416 1578 1467 οὑκ
1628 1414 1779 1467 ἔσται
1822 1416 1921 1486 τῆς

338 1502 469 1572 παρ’
496 1503 650 1575 ἡμῶν
683 1504 1133 1576 προσφερομένης
1167 1507 1315 1577 αὐτῷ
1342 1509 1582 1579 εἰρήνης.
1628 1508 1920 1581 Εἰρηνεύο-

341 1613 441 1665 μεν
469 1596 579 1667 γὰρ
612 1597 747 1668 πρὸς
787 1599 969 1659 αὑτὸν,
1014 1600 1162 1669 αύτῷ
1194 1601 1624 1671 προσκυνοῦμεν,
1654 1602 1727 1665 ὼς
1762 1602 1917 1674 ἔφην,

339 1688 435 1740 καὶ
466 1688 533 1740 δι’
574 1689 737 1742 αὑτοῦ
771 1691 860 1744 καὶ¹
902 1693 960 1743 ἐν
998 1690 1146 1763 αύτῷ
1173 1691 1251 1761 τῷ
1286 1692 1407 1762 Θεῷ
1446 1694 1540 1747 καὶ
1572 1694 1767 1765 Πατρί.
1810 1696 1922 1747 Kal

337 1779 436 1848 τὴν
466 1779 561 1833 τοῦ
591 1780 827 1851 πολέμου
860 1781 1113 1853 πρόξενον
1144 1784 1424 1855 ἁμαρτίαν
1442 1786 1505 1838 ἐκ
1532 1786 1697 1855 μέσου
1720 1788 1916 1850 ποιεῖν,

2031 583 2252 637 omnino
2308 581 2473 636 ﬁxum
2524 593 2577 638 et
2630 582 2843 636 ﬁrmum
2898 598 3020 638 esse
3074 583 3254 647 docet.
3302 600 3424 639 cum
3474 586 3606 642 ait:

2037 690 2055 723 ι
2102 671 2325 742 Magnus
2362 674 2698 742 principatus
2732 672 2851 743 ejus
2875 715 2891 740 ,
2937 682 2992 729 et
3033 673 3182 741 pacis
3206 674 3322 742 ejus
3369 691 3476 729 non
3504 675 3611 731 erit

2032 765 2173 819 linis.
2220 785 2238 817 ι
2276 765 2389 821 Non
2421 765 2564 819 enim
2596 764 2693 819 soli
2726 763 2926 819 Judteae
2947 805 2963 831 ,
3020 767 3114 826 sed
3156 768 3251 823 toti
3286 767 3403 823 orbi
3432 775 3609 822 terra-

2031 873 2150 911 rum
2187 860 2494 926 imperavit.
2554 857 2665 913 Nec
2709 858 2833 913 linis
2886 859 2990 914 erit
3019 860 3201 928 pacis,
3236 875 3354 929 quae
3380 876 3410 913 ε
3453 859 3608 914 nobis

2031 950 2107 1005 illi
2141 949 2388 1005 affertur.
2424 949 2620 1005 Pacem
2654 950 2797 1005 enim
2836 966 2961 1021 erga
2990 966 3110 1007 eum
3150 952 3408 1007 habemus
3442 955 3609 1007 :ado-

2030 1057 2217 1096 ramus
2264 1057 2411 1106 eum,
2458 1050 2516 1095 ut
2556 1040 2690 1107 dixi,
2751 1042 2831 1096 sic
2886 1049 2942 1096 et
2991 1057 3086 1113 per
3117 1042 3292 1108 illum,
3323 1053 3380 1098 et
3424 1045 3478 1100 in
3516 1044 3608 1099 illo

2030 1133 2197 1188 Deum
2229 1150 2292 1188 ac
2341 1132 2583 1189 Patrem.
2623 1134 2689 1188 Et
2724 1143 3005 1203 peccatum
3061 1135 3201 1191 unde
3245 1137 3447 1191 bellum
3478 1154 3609 1193 con-

2029 1228 2214 1281 ﬂatum
2248 1237 2296 1280 el
2328 1236 2507 1281 ortum
2548 1236 2651 1293 est,
2694 1230 3059 1283 exterminare
3085 1230 3360 1284 debemus.
3382 1229 3608 1288 Venisse

2029 1334 2208 1372 autem
2237 1334 2358 1371 eum
2398 1318 2463 1372 ad
2498 1326 2710 1387 gentem
2733 1318 3042 1375 Judteorum
3072 1321 3406 1377 liberandum
3426 1324 3605 1388 docet,

2029 1427 2150 1463 cum
2214 1411 2409 1465 addit:
2458 1429 2477 1462 ι
2520 1411 2698 1479 Super
2759 1412 2952 1466 solium
3012 1412 3270 1479 Davidis,
3334 1425 3388 1468 et
3442 1431 3608 1482 super

2030 1516 2254 1569 regnum
2292 1500 2448 1568 ejus,
2506 1512 2563 1555 ut
2611 1504 2809 1573 dirigat
2839 1504 2998 1569 illud,
3062 1515 3117 1558 et
3160 1506 3507 1559 administrct
3550 1506 3604 1561 in

2023 1592 2259 1662 justitia,
2294 1602 2353 1648 et
2396 1592 2622 1661 judicio,
2657 1595 2709 1649 in
2749 1610 2963 1648 onmem
2989 1595 3242 1664 deinceps
3268 1598 3606 1665 perpetuita-

2032 1696 2160 1739 tem.
2198 1703 2217 1737 ι
2250 1684 2536 1754 Postquam
2568 1696 2747 1741 autem
2782 1689 2916 1740 satis
2948 1687 3015 1741 de
3059 1686 3409 1742 Emtnanuele
3440 1691 3606 1744 verba

2033 1779 2188 1832 nobis
2241 1777 2371 1832 fecit
2426 1778 2620 1832 beatus
2668 1778 2961 1847 propheta.
3013 1780 3365 1835 humanitatis
3393 1791 3609 1851 tempus

340 1873 756 1937 σπουδάζοντες.
801 1874 924 1927 ’Ὁτι
986 1874 1043 1928 δὲ
1097 1874 1325 1944 ἀφίκετο
1372 1874 1435 1933 τὸ
1491 1876 1602 1931 τῶν
1652 1878 1918 1932 Ἰουδαίων

2025 1870 2280 1940 esplicat,
2337 1870 2522 1924 dicens
2576 1887 2643 1922 ιι
2700 1867 2863 1924 Zelus
2924 1871 3137 1926 Domini
3195 1872 3432 1927 Sabaoth
3481 1875 3612 1929 fecit

337 1964 717 2037 ἐλευθερώσων
764 1965 933 2029 ἔθνος,
968 1965 1209 2021 διδάσκει
1249 1968 1556 2039 προτιθείς⁶
1598 1989 1616 2021 ι
1663 1959 1785 2023 Ἐπὶ
1828 1970 1921 2024 τὸν

339 2056 529 2127 θρόνον
561 2056 746 2120 Δαδὶδ,
780 2056 874 2111 καὶ
903 2057 994 2109 ἐπὶ
1015 2059 1112 2128 τὴν
1144 2057 1423 2127 βασιλείαν
1451 2058 1615 2112 αὑτοῦ
1643 2059 1922 2130 κατορθῶ-

338 2166 428 2202 σαι
463 2151 635 2220 αὑτήν
660 2166 672 2179 ·
709 2150 802 2203 καὶ
841 2150 1224 2204 ἀντιλαϐέσθαι
1262 2154 1432 2221 αὐτῆς
1476 2152 1532 2203 ἐν
1583 2151 1917 2223 δικαιοσύνῃ,

336 2242 431 2295 καὶ
460 2245 517 2293 ἐν
545 2242 795 2312 κρίματι,
827 2241 933 2295 ἀπὸ
963 2241 1056 2294 τοῦ
1097 2242 1190 2296 νῦν
1220 2242 1315 2295 καὶ
1355 2245 1433 2306 είς
1460 2242 1553 2295 τὸν
1583 2243 1752 2295 αἰῶνα
1788 2243 1918 2312 χρό-

334 2350 446 2386 νον.
488 2352 505 2384 ι
560 2332 781 2404 Ἐπειδὴ
810 2332 866 2385 δέ
900 2331 1266 2403 ἀποχρώντως
1299 2335 1430 2404 ἡμῖν
1460 2333 1551 2387 τὸν
1585 2334 1711 2403 περί
1739 2350 1801 2400 γε
1824 2332 1917 2385 τοῦ

347 2426 697 2497 Ἐμμανουὴλ
742 2428 1037 2497 ἐποιήσατο
1076 2426 1231 2495 λόγον
1269 2429 1297 2480 6
1334 2428 1605 2498 μακάριος
1634 2428 1920 2497 προφήτης

331 2521 431 2590 τῆς
451 2520 918 2591 ἐνανθρωπήσεως
938 2520 1029 2573 τὸν
1047 2520 1236 2592 καιρὸν
1254 2520 1563 2582 ἀποδίδωσι,
1584 2520 1775 2588 λέγων·
1805 2539 1821 2571 t
1861 2521 1919 2573 Ὀ

334 2613 495 2685 ζῆλος
523 2613 728 2685 Κυρίου
755 2612 979 2666 Σαϐαὼθ
1002 2617 1215 2684 ποιήσει
1238 2612 1429 2666 ταῦτα.
1455 2631 1473 2663 ι
1496 2613 1652 2676 Ποίος
1678 2612 1735 2665 δὲ
1756 2613 1919 2683 ζῆλος

332 2705 429 2758 καί⁹
453 2706 549 2758 ἐπὶ
580 2705 720 2758 τίσιν
755 2706 1053 2775 ἀναγκαῖον
1082 2708 1278 2759 εἰπεῖν.
1333 2706 1390 2759 '0
1424 2705 1522 2775 μὲν
1546 2704 1655 2776 γὰρ
1691 2705 1919 2776 Δράκων

333 2798 362 2851 6
390 2798 705 2869 ἀποστάτης
730 2798 947 2870 ἥρπασε
976 2796 1074 2869 τὴν
1104 2796 1196 2850 ὑπ’
1220 2796 1469 2867 οὐρανὸν,
1512 2796 1740 2859 καὶτοῖς
1771 2796 1919 2858 ἰδίοις

333 2892 577 2961 ὑπέθηκε
612 2893 912 2963 σκήπτροις
948 2891 1039 2945 τὸν
1083 2890 1203 2945 κατ’
1234 2891 1418 2944 εἰκόνα
1453 2889 1588 2943 Θεοῦ
1627 2892 1919 2961 γενόμενον

332 2984 640 3058 ἄνθρωπον.
674 2982 782 3039 Ἦν
811 2980 905 3039 οῦν
934 2985 1043 3056 ἄρα
1073 2984 1237 3055 ζήλου
1266 2984 1468 3046 παντὸς
1494 2981 1643 3048 ἄξιον
1676 2981 1915 3053 άληθῶς,

331 3079 430 3133 καὶ
453 3075 769 3143 πλεονεξίας
806 3078 1027 3149 ἁπάσης
1056 3077 1360 3148 ἀνάμεστον
1386 3075 1448 3129 τὸ
1482 3075 1609 3129 καθ’
1629 3074 1788 3148 ἡμῶν
1822 3091 1917 3144 γε-

332 3170 510 3239 γονὸς.
563 3168 906 3241 ἠλευθέρωσε
957 3168 1139 3222 τοίνυν
1168 3170 1196 3221 6
1246 3166 1408 3239 ζῆλος
1438 3165 1645 3238 Κυρίου
1687 3164 1915 3220 Σαϐαὼθ

2023 1962 2157 2017 haec.
2194 1980 2213 2013 ι
2247 1962 2349 2029 Qui
2399 1972 2579 2016 autem
2630 1963 2815 2028 zelus,
2849 1974 2904 2019 et
2938 1980 3035 2033 pro
3071 1965 3266 2033 quibus
3298 1969 3606 2021 necessario

2021 2054 2329 2108 dicendum.
2368 2053 2544 2109 Draco
2593 2054 2850 2109 nimirum
2914 2067 3157 2126 apostata
3198 2062 3384 2113 orbem
3432 2069 3607 2113 terra-

2023 2163 2138 2201 rum
2165 2148 2361 2215 praedae
2402 2147 2611 2214 habuit,
2644 2157 2698 2202 et
2730 2148 2844 2202 suis
2888 2150 3116 2218 sceptris
3143 2148 3300 2220 157
3332 2152 3603 2205 hominem

2022 2248 2088 2296 ad
2125 2240 2221 2295 Dei
2273 2241 2559 2310 imaginem
2592 2240 2794 2295 factum
2831 2241 3084 2308 subjecit.
3116 2243 3250 2296 Erat
3278 2244 3444 2312 igitur
3476 2260 3607 2299 vere

2020 2336 2163 2388 omni
2200 2334 2319 2388 zelo
2345 2335 2661 2402 dignum,et
2684 2335 2831 2390 omni
2867 2337 3149 2406 tyrannide
3185 2338 3424 2405 pleuutn.
3457 2338 3605 2407 quod

2022 2423 2074 2477 in
2111 2440 2210 2478 nos
2250 2425 2452 2479 factum
2494 2435 2595 2479 est.
2638 2424 2917 2480 Liberavit
2952 2426 3118 2497 igitur
3158 2427 3309 2481 zelus
3385 2421 3601 2478 Domini

2023 2514 2260 2569 Sabaoth
2294 2529 2484 2569 omnes
2510 2526 2670 2569 terrae
2702 2515 2930 2569 incolas.
2965 2516 3137 2571 Aliter
3161 2529 3341 2571 autem
3371 2519 3450 2573 sic
3479 2538 3491 2573 :
3519 2520 3602 2573 Ad

2019 2607 2418 2662 aemulationem
2442 2617 2809 2678 provocarunt
2835 2623 2958 2662 eum
2985 2607 3244 2664 Israelita:
3262 2611 3314 2665 in
3344 2627 3447 2665 non
3474 2612 3603 2678 diis,

2020 2701 2160 2755 sicut
2188 2702 2451 2769 scriptum
2480 2710 2585 2765 est,
2610 2710 2663 2755 et
2695 2701 2746 2753 in
2768 2701 3101 2756 vanitatibus
3138 2703 3270 2767 suis,
3300 2713 3354 2756 et
3385 2707 3603 2757 tandem

2020 2793 2423 2849 Emmanuelem
2465 2794 2518 2848 in
2560 2808 2777 2848 crucem
2829 2796 3178 2864 subegerunt.
3228 2796 3457 2849 Accensi
3512 2809 3604 2848 au-

2022 2897 2127 2941 tem
2148 2896 2275 2942 sunt
2300 2889 2397 2956 ipsi
2444 2886 2792 2943 aemulatione
2837 2888 2890 2942 in
2919 2888 3170 2959 gentibus
3192 2931 3207 2955 ,
3251 2889 3606 2959 quemadmo-

2020 2979 2146 3032 dum
2183 2978 2300 3049 ipse
2316 2978 2448 3034 dicit
2475 2996 2490 3034 :
2515 2976 2592 3032 illi
2613 2979 2680 3033 ad
2708 2978 3108 3035 aemulationem
3137 2981 3492 3035 incenderunt
3520 2995 3607 3036 me

2019 3068 2074 3123 in
2096 3084 2201 3124 non
2224 3069 2328 3125 diis
2349 3108 2365 3134 ,
2413 3070 2769 3125 irritaverunt
2799 3084 2888 3125 me
2921 3072 2975 3126 in
3009 3072 3169 3127 idolis
3196 3073 3332 3127 suis.
3369 3071 3480 3141 Ego
3508 3086 3605 3125 au-

2020 3169 2129 3216 tem
2164 3162 2232 3217 ad
2257 3161 2664 3217 aemulationem
2696 3165 3004 3233 provocabo
3048 3179 3144 3220 eos
3182 3166 3234 3219 in
3281 3180 3387 3221 non
3418 3169 3606 3235 gente,

331 3264 458 3327 τοὺς
491 3262 596 3316 άνά
621 3263 803 3315 πᾶσαν
833 3260 933 3333 τὴν
954 3260 1078 3329 γῆν.
1107 3259 1220 3315 Kal
1246 3257 1369 3313 κατ’
1397 3258 1586 3328 Ξτερον
1611 3257 1670 3311 δέ
1695 3257 1917 3329 τρόπον,

2025 3257 2077 3309 in
2112 3264 2273 3325 gente
2299 3256 2464 3310 stulta
2501 3256 2728 3312 irritabo
2744 3272 2863 3314 eos.

333 3353 731 3425 παρεξήλωσαν
761 3351 923 3405 αὐτὸν
956 3352 1007 3403 οἱ
1045 3350 1103 3415 ἐξ
1147 3349 1363 3421 Ἰσραὴλ
1391 3351 1480 3403 ἐπ’
1505 3348 1567 3402 ού
1600 3348 1742 3413 θεοῖς
1771 3347 1918 3403 καθὰ
1952 3348 2283 3421 γέγραπται,
2352 3347 2449 3402 καὶ
2487 3348 2547 3400 ἐν
2574 3351 2689 3413 τοῖς
2751 3350 3002 3421 ματαίοις
3039 3349 3241 3415 αὐτῶν,
3289 3348 3385 3403 καὶ
3423 3349 3610 3402 τελευ-

330 3434 532 3509 τῶντες
556 3442 904 3515 ἐσταύρωσαν
923 3441 1016 3495 τὸν
1045 3439 1413 3512 Ἐμμανουήλ.
1440 3437 1919 3510 Παρεζηλώθησαν
1955 3439 2013 3492 ἐν
2045 3441 2159 3502 τοῖς
2220 3436 2420 3501 ἔθνεσι,
2458 3437 2602 3493 καθά
2667 3455 2833 3509 φησιν
2871 3440 3067 3504 αὐτός·
3097 3439 3261 3493 Αὐτοὶ
3285 3439 3609 3512 παρεζήλω-

336 3538 433 3592 σάν
460 3554 529 3610 με
558 3539 645 3591 ἐπ’
677 3538 737 3591 ού
773 3537 936 3601 θεοῖς.
972 3536 1340 3609 Παρώργισάν
1368 3552 1435 3607 με
1459 3536 1518 3588 ἐν
1540 3536 1653 3599 τοῖς
1679 3533 1919 3600 είδώλοις
1955 3534 2156 3600 αὐτῶν,
2216 3534 2373 3604 κάγὼ
2434 3533 2819 3606 παραζηλώσω
2857 3536 3054 3600 αὐτοὺς
3080 3537 3166 3589 ἐπ’
3189 3537 3289 3589 οὐκ
3325 3535 3488 3601 ἔθνει,
3517 3535 3610 3602 ἐπ’

333 3629 475 3685 ἔθνει
503 3630 750 3701 ἀσυνέτῳ
776 3630 1063 3703 παροργιῶ
1087 3626 1307 3691 αὐτούς.

960 3766 1197 3822 ΛΟΓΟΣ.
1262 3767 1354 3833 (ζ’.

403 3884 676 3939 Θάνατον
710 3880 1033 3937 ἀπέστειλε
1087 3880 1305 3949 Κύριος
1352 3879 1452 3934 ἐπὶ
1527 3878 1757 3940 Ἰακὼϐ,
1819 3878 1920 3932 καὶ

331 3974 520 4049 ἦλθεν
555 3977 653 4029 ἐπὶ
700 3975 960 4044 Ἰσραὴλ,
998 3973 1096 4027 καὶ
1124 3971 1413 4043 γνώσεται
1438 3971 1556 4038 πᾶς
1582 3974 1615 4026 ό
1635 3970 1785 4037 λαὸς
1811 3970 1918 4025 τοῦ

343 4069 615 4138 Ἐφραῒμ,
646 4066 741 4121 καὶ
760 4065 1153 4135 ἐγκαθήμενοι
1178 4065 1249 4118 ἐν
1278 4064 1593 4133 Σαμαρείᾳ,
1618 4061 1709 4131 ἐφ’
1754 4063 1917 4130 ὕϐρει

331 4162 430 4215 καὶ
470 4159 682 4230 ὑψηλῇ
710 4158 921 4228 καρδίᾳ
945 4157 1226 4228 λέγοντες
1257 4175 1270 4187 ·
1331 4158 1581 4211 Πλίνθοι
1615 4154 1923 4211 πεπτώκα-

329 4270 455 4317 σιν,
486 4253 648 4308 ἀλλὰ
663 4252 834 4306 δεῦτε
855 4250 1251 4319 λαξεύσωμεν
1271 4249 1503 4314 λίθους,
1526 4248 1621 4302 καί
1641 4249 1922 4316 κόψωμεν

332 4349 728 4419 συκαμίνους,
786 4345 885 4400 καὶ
953 4342 1207 4412 κέδρους
1273 4341 1372 4395 καί
1431 4338 1922 4409 οὶκοδομήσωμεν

330 4443 569 4506 ἑαυτοῖς
598 4442 853 4509 πύργον.

2625 3749 2883 3808 ORATIO
2911 3749 2997 3805 Vl.

2095 3871 2227 3927 CAP.
2284 3868 2376 3925 IX.
2414 3866 2577 3923 Vens.
2635 3866 2785 3921 8-10.
2847 3865 3069 3920 Mortem
3101 3867 3316 3923 immisit
3365 3867 3505 3924 Deus
3545 3870 3604 3926 in

2022 3960 2225 4027 Iacob,
2292 3972 2341 4013 et
2403 3958 2594 4012 inuasit
2642 3956 2848 4018 Israel,
2900 3957 3126 4025 scielque
3162 3958 3331 4011 omnis
3379 3962 3606 4026 populus

2025 4054 2303 4123 Ephraim,
2356 4063 2403 4107 et
2459 4050 2783 4107 considenles
2836 4050 2893 4101 in
2950 4046 3221 4111 Samaria,
3282 4052 3502 4117 superbe
3554 4065 3605 4106 et

2024 4151 2163 4203 elato
2198 4148 2373 4200 animo
2421 4146 2648 4198 dicentes
2674 4159 2692 4196 :
2724 4142 2948 4211 Lapides
2976 4142 3293 4204 cecidemnt,
3322 4152 3377 4194 at
3417 4144 3602 4208 venite,

2022 4243 2258 4295 dolemus
2282 4239 2481 4307 lapides
2502 4279 2517 4301 ,
2558 4248 2604 4291 et
2642 4238 2949 4291 excidemus
2973 4251 3275 4305 sycomoros
3308 4248 3357 4290 et
3382 4237 3602 4304 cedrus,

2021 4348 2068 4392 et
2096 4335 2413 4405 wdiﬁcemus
2443 4334 2588 4387 nobis
2621 4332 2752 4399 ipsis
2784 4331 2996 4383 turrim.

401 4558 628 4629 Μακρὸς
665 4556 760 4626 μὲν
793 4553 985 4625 γέγονε
1019 4550 1098 4622 τῷ
1146 4549 1400 4621 προφήτῃ
1440 4546 1598 4615 λόγος
1629 4546 1658 4597 6
1690 4544 1818 4616 περί
1856 4560 1918 4613 γε

2097 4535 2312 4590 Prolixa
2355 4533 2569 4602 quidem
2624 4530 2723 4584 fuit
2767 4529 3042 4599 prophetae
3080 4526 3257 4587 oratio
3287 4529 3353 4582 de
3384 4528 3602 4584 Emmr

327 4651 424 4705 τοῦ
493 4648 860 4722 Ἐμμανουὴλ,
925 4646 985 4703 ὃν
1045 4644 1375 4714 διαπεράνας
1431 4640 1701 4702 εύπαλῶς,
1757 4637 1917 4692 πάλιν

328 4746 606 4799 ἐπάνεισιν
635 4744 726 4796 ἐπὶ
742 4743 809 4796 τὰ
829 4745 885 4794 ἐν
909 4741 1103 4813 ἀρχαῖς
1122 4756 1136 4770 ο
1160 4733 1298 4808 ἦσαν
1326 4734 1382 4787 δέ
1408 4734 1585 4788 ταυτί.
1626 4730 1918 4803 Ἐπῃτιᾶτο

339 4838 437 4908 κάρ
464 4836 583 4888 λίαν
623 4834 717 4888 τὸν
770 4833 1008 4905 Ἰσραὴλ,
1057 4830 1133 4894 ὡς
1176 4826 1505 4882 ἀπειθοῦντά
1532 4842 1591 4877 τε
1636 4824 1730 4876 καὶ
1778 4839 1919 4893 παρ-

330 4928 619 4999 οτρύνοντα
660 4927 749 4979 τὸν
782 4926 870 4978 6tel
912 4922 1189 4977 σεσωκὸτα
1239 4921 1393 4985 Θεὸν,
1428 4918 1630 4986 ταύτης
1661 4933 1721 4968 τε
1750 4915 1918 4968 ’ἑνεκα

326 5022 425 5092 τῆς
479 5020 679 5084 αἰτίας,
726 5020 839 5081 τοῖς
902 5017 1150 5087 ἐσχάτοις
1204 5015 1395 5069 ἐαυτὸν
1450 5012 1658 5065 ἐνιέντα
1705 5011 1917 5070 κακοῖς’

325 5114 533 5184 ἔφασκε
580 5112 688 5182 γὰρ
737 5109 821 5163 ὅτι
874 5109 973 5161 οὐκ
1036 5106 1306 5176 ἠθέλησαν
1352 5105 1444 5159 τὸν
1490 5104 1654 5172 νόμον
1711 5099 1916 5170 Κυρίου

327 5203 555 5260 Σαϐαὼθ
582 5221 595 5234 °
624 5202 761 5257 ἀλλὰ
784 5201 845 5254 τὸ
871 5199 1047 5268 λόγιον
1076 5198 1169 5251 τοῦ
1209 5197 1368 5267 ἁγίου
1414 5194 1631 5268 Ἰσραὴλ
1660 5190 1917 5262 παρώξυ-

326 5316 445 5353 ναν.
481 5296 590 5349 Kal
615 5292 870 5364 ἐθυμώθη
897 5294 1031 5363 ὀργῇ
1069 5291 1271 5361 Κύριος
1302 5290 1394 5343 ἐπὶ
1422 5289 1513 5341 τὸν
1552 5286 1677 5340 λαὸν
1725 5283 1911 5346 αὐτοῦ,

326 5392 420 5445 καὶ
456 5387 688 5442 ἐπέϐαλε
736 5386 833 5456 τὴν
859 5389 1019 5455 χεῖρα
1050 5383 1213 5438 αὐτοῦ
1245 5383 1331 5435 ἐπ’
1379 5382 1592 5443 αὐτοὺς,
1638 5380 1731 5431 καὶ
1776 5377 1913 5429 ἐπά-

325 5482 488 5547 ταξεν
520 5479 738 5541 αὐτούς.
775 5476 887 5531 Καὶ
916 5473 1243 5546 παρωξύνθη
1275 5474 1341 5527 τὰ
1384 5472 1506 5543 ὅρη,
1548 5471 1642 5522 καὶ
1684 5467 1916 5537 ἐγενήθη

325 5573 397 5629 τὰ
426 5573 722 5643 θνησιμαῖα
756 5568 934 5623 αὐτῶν
963 5569 1038 5632 ὡς
1069 5567 1277 5640 κοπρία
1327 5566 1386 5617 ἐν
1415 5564 1567 5635 μέσῳ
1596 5560 1739 5616 ὁδοῦ.
1776 5561 1915 5629 Ὄρη

322 5665 381 5721 δέ
418 5682 551 5735 φησι
577 5665 647 5717 τὰ
689 5660 1104 5733 παρωξυμμένα
1131 5659 1259 5722 τοὺς
1281 5656 1391 5711 τῶν
1433 5653 1734 5726 ’Λσσυρίων
1770 5652 1921 5724 βασι-

398 5825 445 5857 ”
468 5821 625 5880 Joau.
662 5838 722 5882 tt.
760 5823 845 5879 19.

2026 4626 2181 4682 nuele
2230 4641 2335 4694 qua
2397 4624 2537 4677 scite
2595 4622 2883 4675 admodum
2933 4620 3224 4685 ceni'ecta,
3290 4636 3476 4675 rursus
3532 4622 3605 4674 ad

2024 4718 2289 4790 principia
2337 4716 2644 4769 revertitur.
2684 4714 2855 4767 Erant
2912 4722 3091 4767 autem
3149 4715 3262 4767 hare
3301 4728 3318 4768 :
3351 4710 3605 4772 Graviter

2025 4813 2288 4882 siquidem
2328 4809 2622 4864 accusabat
2653 4806 2923 4867 lsraelem,
2960 4816 3142 4875 utpote
3191 4804 3302 4860 Deo
3354 4805 3599 4858 immori-

2027 4922 2214 4976 gerum
2247 4913 2300 4958 et
2334 4904 2398 4955 ad
2432 4900 2769 4955 iracundiam
2806 4899 3135 4951 excitantem
3166 4913 3289 4951 eum
3330 4896 3422 4966 qui
3451 4911 3599 4951 sem-

2029 5012 2127 5067 per
2180 5001 2515 5052 servaverat,
2576 5003 2752 5058 eaque
2798 4988 3009 5040 ultimis
3042 5002 3164 5041 sese
3196 4984 3601 5041 calamitatibus

2027 5090 2410 5147 involventem.
2467 5083 2687 5137 Dicebat
2734 5080 2878 5134 enim
2913 5080 3053 5132 nolle
3099 5094 3159 5133 se
3191 5078 3360 5146 legem
3388 5077 3601 5132 Domini

2025 5184 2263 5239 Sabaoth
2301 5197 2315 5233 :
2344 5189 2401 5232 at
2432 5176 2711 5231 oraculum
2738 5173 2914 5227 sancti
2949 5171 3164 5230 I‘sraelis
3182 5178 3601 5237 exasperatum.

2022 5279 2101 5332 Ac
2128 5274 2499 5330 stomachatus
2532 5277 2617 5322 est
2644 5266 2909 5320 Dominus
2940 5263 3136 5332 pOptllu
3191 5277 3311 5327 suo,
3342 5260 3599 5315 immisit—

2023 5384 2129 5438 que
2174 5367 2280 5420 illis
2327 5377 2544 5416 manum
2582 5376 2769 5423 suam,
2806 5373 2869 5409 ac
2915 5356 3185 5425 percussit
3231 5369 3345 5417 eos,
3380 5362 3435 5408 et
3467 5367 3600 5407 ossa

2023 5460 2227 5516 cerbati
2262 5465 2387 5511 sunt
2417 5464 2648 5515 montes,
2676 5462 2730 5505 et
2754 5452 2891 5503 facta
2922 5458 3048 5501 sunt
3083 5448 3385 5501 morticinia
3412 5462 3602 5501 eorum

2025 5553 2172 5609 velut
2224 5561 2436 5605 stercus
2465 5548 2516 5599 in
2547 5546 2725 5598 medio
2761 5544 2877 5596 viae.
2910 5539 3121 5593 Montes
3148 5554 3278 5592 vero
3303 5538 3436 5593 dicit
3466 5552 3599 5591 exa-

2025 5646 2300 5711 cerbatus,
2338 5657 2489 5712 reges
2518 5638 2865 5710 Assyriorum
2904 5658 2913 5691 :
2950 5632 3167 5703 superbi
3211 5632 3357 5688 enim
3405 5640 3598 5699 erant,
