4152 6366
530 373 637 431 259

1512 372 1570 427 S.
1610 370 1884 428 CYRILLI
1925 370 2397 428 ALEXANDRINI
2435 370 2752 429 ARClllEP.

3670 370 3777 427 '200

531 504 585 546 et
612 489 856 555 fastuosi,
884 500 940 546 et
959 489 1087 546 elati
1120 491 1326 555 animo,
1347 490 1461 561 qui,
1493 497 1602 546 tota
1634 492 1882 546 Samaria
1906 507 1935 544 a
1966 490 2086 545 fun-

2191 490 2353 554 λέαςο
2385 491 2681 563 ὑπέροπτοι
2715 490 2823 564 γὰρ
2864 492 2960 545 καὶ
3009 490 3286 558 ἀλαζόνες,
3315 491 3411 545 καὶ
3454 490 3649 562 ὑψηλοὶ
3680 491 3780 555 τὰς

533 582 797 635 damentis
833 595 1097 636 concussa
1138 590 1192 636 et
1224 584 1504 645 convulsa,
1536 581 1808 650 captivum
1842 580 2094 635 lsraelem

532 682 810 743 ceperunt,
853 672 987 727 etin
1031 684 1241 728 montes
1281 673 1564 727 Persarum
1596 682 1649 725 et
1687 671 1964 727 Medorum
2001 673 2097 725 ab-

531 764 821 819 duxerunt.
862 763 1119 819 Absoluto
1161 765 1378 833 itaque,
1414 764 1488 817 uti
1524 764 1769 818 dicebam
1797 803 1813 826 ,
1844 756 2099 818 vatic'inio

532 858 599 909 de
638 855 1013 919 Emmanuele,
1062 855 1238 909 denuo
1288 857 1591 911 inStitutum
1625 855 1795 926 158
1834 856 2098 926 principio

532 962 750 1016 scopum
784 946 1147 1016 prosequitur,
1188 956 1242 1001 et
1298 946 1560 1001 Samaria:
1608 950 1970 1003 vastationem
1999 964 2095 1001 ex-

530 1039 703 1108 ponit,
737 1053 856 1091 cum
886 1040 959 1092 ait
992 1055 1005 1091 :
1041 1058 1059 1091 ι
1093 1037 1319 1093 Mortem
1350 1040 1529 1093 emisit
1562 1039 1697 1095 Deus
1733 1042 1787 1095 in
1828 1040 2014 1102 Jacob,
2043 1050 2097 1095 et

531 1127 724 1181 invasit
754 1127 1024 1182 lsraeletn.
1054 1147 1072 1180 ι
1109 1127 1393 1183 Sciendum
1430 1139 1605 1183 autem
1639 1128 1981 1185 Hebraeorum
2012 1134 2096 1183 in-

529 1218 994 1285 terpretationem,
1022 1230 1354 1287 czcterosqtte
1399 1220 1736 1289 expositores
1771 1234 1868 1289 pro
1898 1229 2092 1285 morte,

526 1324 829 1363 sermonem
862 1311 1130 1380 posuisse.
1157 1329 1176 1363 ‹
1210 1310 1523 1367 Sermonem
1545 1312 1707 1375 enim,
1731 1312 1924 1381 inquit,
1950 1314 2095 1367 misit

527 1399 785 1455 Dominus
832 1416 993 1471 super
1027 1402 1215 1458 Jaeob.
1247 1422 1264 1455 ι
1295 1402 1462 1469 Quem
1503 1403 1852 1457 sermonem?
1902 1419 2094 1473 nempe

524 1495 971 1547 comlemnautem
994 1508 1088 1546 eos
1131 1493 1224 1562 qui
1266 1493 1597 1563 impietatem
1627 1504 2008 1554 exercuerunt,
2040 1503 2093 1548 et

525 1597 712 1651 poenas
771 1586 1098 1654 irrogautem
1154 1586 1221 1639 iis
1283 1586 1394 1653 qui,
1426 1586 1540 1653 ipso
1586 1583 1801 1651 relicto,
1839 1584 2092 1651 operibus

526 1688 746 1727 suarum
798 1690 1056 1730 manuum
1106 1676 1523 1743 procubuerunt.
1558 1673 1683 1730 Sive
1715 1675 1874 1742 igitur
1897 1676 2041 1729 dicat
2073 1692 2087 1729 :

526 1763 749 1820 Mortem
792 1767 938 1822 misit
989 1767 1160 1826 Dens,
1196 1766 1311 1821 sive
1359 1766 1815 1829 maledictionem,
1853 1766 1938 1821 vel
1974 1782 2089 1821 ser-

2201 582 2402 653 φρένας
2457 584 2765 651 γεγόνασιν.
2804 585 2867 637 Οἳ
2901 585 2993 638 καὶ
3026 586 3206 638 πᾶσαν
3245 586 3308 637 ὲκ
3354 583 3566 654 βάθρων
3612 600 3779 636 κατα-

2200 674 2473 737 σείσαντες
2530 675 2629 745 τὴν
2673 676 3008 746 Σαμαρείαν,
3082 672 3222 729 εἷλον
3287 675 3630 745 αίχμάλωτον
3686 673 3778 726 τὸν

2210 764 2445 835 Ἰσραὴλ,
2506 766 2601 817 καὶ
2654 766 2997 835 ἁπεκόμισαν
3048 768 3127 829 είς
3174 766 3242 819 τὰ
3274 766 3375 837 ὅρη
3418 765 3641 835 Περσῶν
3686 765 3779 819 καὶ

2196 858 2416 928 Μήδων.
2452 858 2794 928 Διαπεράνας
2841 858 3041 924 τοίνυν,
3073 858 3149 922 ὡς
3193 858 3348 928 έφην,
3388 858 3487 929 τὴν
3534 858 3776 930 ἀνάρρη-

2199 965 2285 1001 σιν
2313 948 2408 1001 τοῦ
2465 949 2829 1020 Ἐμμανουήλ,
2862 949 3053 1003 ἕπεται
3081 949 3146 1018 δὴ
3176 949 3338 1002 πάλιν
3370 948 3445 1019 τῷ
3484 949 3540 1000 ὲν
3583 949 3778 1018 ἀρχαῖς

2196 1040 2513 1112 προτεθέντι
2546 1041 2755 1113 σκοπῷ,
2797 1042 2889 1095 καὶ
2940 1042 3039 1113 τῆς
3083 1040 3398 1112 Σαμαρείας
3422 1040 3520 1112 τὴν
3578 1040 3776 1111 δῄωσιν

2195 1134 2483 1202 ἀφηγεῖται
2535 1133 2739 1201 λέγων·
2778 1152 2797 1185 r
2838 1134 3075 1187 Θάνατον
3116 1133 3401 1187 ἀπέστειλε
3443 1131 3647 1201 Κύριος
3684 1132 3776 1185 ἐπὶ

2207 1224 2423 1291 Ἰακὼϐ,
2452 1226 2546 1278 καὶ
2579 1221 2740 1296 ἦλθεν
2762 1226 2846 1279 ἐπ’
2888 1226 3119 1299 Ἰσραήλ.
3155 1244 3172 1277 ι
3213 1224 3408 1278 ’ἰστέον
3434 1223 3489 1277 δὲ
3514 1225 3595 1276 ὃτι
3625 1223 3773 1293 καὶὴ

2191 1316 2302 1368 τῶν
2337 1316 2604 1386 Ἐϐραίων
2638 1317 2866 1381 ἕκδοσις,
2911 1319 3006 1371 καὶ
3068 1317 3244 1387 ἕτεροι
3273 1317 3329 1368 δὲ
3361 1315 3467 1369 τῶν
3507 1316 3772 1386 ἑρμηνευ-

2193 1408 2322 1471 τῶν,
2345 1410 2465 1463 ἀντὶ
2490 1409 2604 1474 τοῦ,
2621 1410 2850 1465 θανάτου
2873 1409 3145 1463 τεθείκασι
3171 1409 3345 1474 λόγον.
3368 1427 3387 1458 r
3411 1409 3581 1475 Λόγον
3604 1427 3620 1459 ι
3642 1407 3769 1477 γὰρ,

2193 1502 2372 1571 φησὶν,
2406 1518 2425 1552 ι
2468 1501 2784 1555 ἀπέστειλεν
2808 1504 2834 1555 ὀ
2864 1501 3067 1573 Κύριος
3098 1502 3188 1553 ἐπὶ
3227 1500 3444 1563 Ἰακὼϐ,
3476 1501 3569 1553 καί
3602 1496 3771 1569 ἦλθεν

2191 1596 2285 1647 ἐπὶ
2327 1594 2557 1666 Ἰσραήλ.
2591 1615 2609 1645 ι
2644 1594 2815 1663 Λόγον
2840 1594 2895 1647 δὲ
2916 1597 3127 1657 ὁποῖον;
3153 1591 3589 1654 Καταδικάζοντα
3617 1590 3771 1661 δηλο-

2190 1686 2299 1739 νότι
2344 1686 2451 1738 τῶν
2498 1684 2867 1756 ἠσεϐηκότων,
2913 1685 3009 1737 καὶ
3052 1683 3369 1737 ὑποτιθέντα
3407 1684 3615 1745 ποιναῖς
3649 1682 3774 1745 τοὺς

2189 1777 2350 1830 αὑτὸν
2404 1777 2500 1848 μὲν
2559 1776 3039 1839 καταλελοιπότας,
3095 1774 3608 1846 προσκεκυνηκότας
3660 1774 3770 1836 τοῖς

526 1872 762 1920 munem,
787 1856 868 1909 vis
915 1856 1301 1909 sententiarum
1331 1872 1435 1910 non
1465 1855 1569 1909 erit
1600 1856 1855 1921 absurda,
1898 1856 1991 1910 sed
2022 1858 2086 1909 ad

2190 1869 2373 1942 ἔργοις
2415 1870 2523 1922 τῶν
2565 1870 2709 1922 ίδίων
2741 1868 2957 1939 χειρῶν.
3014 1867 3205 1921 Εἰτοῦν
3256 1866 3483 1935 λέγοιτο,
3534 1866 3771 1918 Θάνατον

526 1961 689 2000 unum
732 1954 787 1999 et
835 1946 1082 1999 eumdem
1138 1961 1358 2014 scopum
1419 1948 1617 2000 tendet.
1676 1944 1945 2000 Caeterum
2002 1946 2090 2002 hic

526 2037 850 2092 mentionem
879 2034 1047 2103 injicit
1088 2037 1327 2091 historia:
1350 2078 1366 2104 ,
1405 2052 1565 2106 quam
1609 2038 1857 2092 brevibus
1891 2037 2087 2093 dicam.

524 2127 618 2183 Sic
665 2143 894 2198 namque
946 2130 1031 2182 vix
1097 2130 1257 2183 etiam
1311 2128 1656 2183 manifestum
1706 2129 1899 2183 evadet
1947 2128 2089 2198 quod

522 2230 827 2273 enarratur.
884 2219 1196 2289 linguarum
1268 2221 1429 2289 igitur
1479 2221 1708 2274 diversis
1760 2220 2089 2290 temporibus

526 2311 916 2382 Hierosolymis
962 2312 1016 2365 in
1056 2309 1191 2365 Jnda
1221 2322 1385 2381 atque
1418 2309 1584 2366 Jacob
1614 2311 1714 2364 viri
1753 2320 1863 2364 tum
1915 2312 2087 2380 probi,

526 2415 637 2457 tum
680 2405 940 2473 improbi,
984 2418 1084 2457 nec
1129 2404 1311 2458 minus
1343 2404 1395 2458 in
1427 2403 1613 2468 Israel,
1645 2402 2003 2472 Ephraemitae
2033 2404 2087 2457 in

524 2496 793 2552 Samaria.
823 2497 957 2551 Nam
982 2508 1099 2551 erat
1126 2511 1191 2551 ex
1232 2495 1374 2550 tribu
1408 2496 1660 2564 Ephraim
1690 2497 1852 2551 etiam
1883 2496 2089 2562 primus

522 2602 709 2640 eorum
742 2603 833 2641 rex
862 2585 1239 2648 Jeroboamus,
1270 2586 1407 2640 ﬁlius
1436 2584 1649 2652 Nabati,
1694 2587 1783 2656 qni
1815 2597 1873 2640 ut
1895 2586 2089 2640 vitulos

522 2690 714 2730 aureus
743 2678 1030 2730 adorarent
1051 2682 1341 2745 persuasit.
1375 2677 1570 2731 Eorum
1603 2692 1734 2747 ergo
1770 2682 1859 2747 qui
1898 2692 2089 2747 regna-

523 2780 711 2823 verunt
744 2767 1153 2840 Hierosolymis,
1193 2784 1256 2822 ac
1284 2770 1337 2823 in
1382 2769 1652 2835 Samaria,
1688 2771 1852 2823 certis
1884 2779 2088 2839 tempo-

523 2874 642 2912 rum
695 2859 919 2923 vicibus,
973 2858 1298 2925 complures,
1328 2859 1403 2911 uti
1456 2859 1605 2919 dixi,
1659 2856 1826 2911 Demn
1859 2855 2089 2911 olieude-

523 2957 667 3013 runt,
690 2948 951 3014 intrepide
969 2948 1175 3017 profani
1198 2949 1511 3014 idololatraz,
1532 2951 1819 3015 adorantes
1842 2947 2084 3002 militiam

519 3041 662 3105 caeli,
701 3040 963 3109 liguisque
1011 3050 1064 3094 et
1102 3039 1368 3109 lapidibus
1418 3042 1579 3109 impie
1616 3040 1934 3094 servientes.
1980 3038 2085 3093 Cu-

513 3131 749 3200 jusmodi
808 3131 972 3184 etiam
1020 3131 1119 3184 fuit
1171 3131 1257 3184 ille
1308 3132 1595 3195 Acbazus,
1630 3131 1721 3199 qui
1773 3145 1899 3185 suos
1949 3130 2084 3183 adeo

519 3224 716 3276 liberos
784 3236 881 3291 per
933 3222 1111 3291 ignem
1180 3223 1435 3287 traduxit,
1490 3222 1826 3292 plurimaque
1895 3230 2083 3277 contra

520 3312 854 3367 Ilierusalcm
897 3314 1032 3366 mala
1072 3323 1155 3367 est
1197 3314 1540 3367 machinatus
1564 3356 1578 3379 ,
1616 3324 1776 3383 atque
1812 3315 1862 3367 in
1910 3315 2082 3382 ipsum

518 3404 611 3459 Dei
651 3405 907 3473 templum
972 3416 1339 3475 transgressus
1379 3416 1481 3460 est.
1548 3407 1664 3473 Quo
1698 3421 1729 3460 e
1772 3407 1947 3461 medio
1991 3421 2086 3475 per

517 3508 746 3552 mortem
804 3497 1034 3561 sublato,
1069 3498 1301 3566 Capessit
1357 3508 1628 3568 sceptrum
1684 3498 1974 3562 Ezechias,
2009 3515 2087 3553 re-

516 3599 715 3658 gnante
770 3589 822 3642 in
882 3588 1127 3643 Samaria
1174 3604 1334 3657 super
1369 3587 1562 3643 lsraele
1616 3603 1709 3644 seu
1758 3590 1927 3644 decim
1985 3590 2085 3642 tri-

518 3682 709 3747 bubus,
750 3679 885 3734 Osca
915 3680 1022 3733 lilio
1055 3678 1165 3732 Ehe
1197 3697 1211 3733 :
1243 3695 1349 3748 quo
1392 3694 1610 3749 regnum
1632 3679 2042 3735 administrante
2067 3717 2083 3743 ,

516 3772 712 3827 bellum
761 3773 1021 3826 Samaria:
1071 3771 1251 3825 intulit
1312 3772 1660 3842 Assyriorum
1725 3788 1839 3840 rex,
1877 3784 1933 3827 et
1980 3789 2082 3827 una

515 3880 636 3919 cum
659 3878 721 3918 ea
755 3864 898 3932 cepit
927 3874 981 3916 et
1021 3863 1216 3916 multas
1266 3863 1401 3917 alias
1436 3864 1597 3917 urbes
1628 3860 1847 3917 Jndzeaz.
1882 3864 2084 3921 Deinde

517 3970 654 4009 vero
680 3964 824 4025 post,
855 3955 1281 4008 Sennacherimo
1326 3965 1521 4009 terram
1572 3954 1876 4010 Judteorum
1905 3958 2084 4011 incur-

516 4057 693 4112 sante,
739 4047 1172 4116 quandoquidem
1217 4047 1336 4114 pius
1378 4057 1494 4100 erat
1526 4046 1812 4111 Ezechias,
1861 4050 2083 4104 mirabi-

516 4138 642 4191 liter
696 4138 836 4194 Deus
899 4136 1198 4192 Jerusalem
1254 4141 1616 4192 conservavit.
1667 4140 1759 4194 Est
1796 4149 1971 4193 autem
2005 4141 2084 4197 sic

517 4229 776 4297 scriptum
801 4239 995 4297 quarto
1014 4229 1151 4282 libro
1169 4227 1476 4296 Regnorum
1495 4228 1558 4259 ’δ’
1578 4246 1591 4282 :
1613 4228 1828 4283 Factum
1847 4242 1927 4284 est
1942 4246 2083 4285 anno

517 4331 713 4390 quarto
736 4321 880 4390 regis
902 4319 1151 4374 Ezechiae
1178 4338 1191 4374 :
1211 4322 1303 4389 qui
1329 4322 1615 4375 l'uitannus
1640 4324 1901 4389 septimus
1926 4320 2080 4377 Oseaa

522 4415 613 4468 lilii
641 4413 772 4478 Elaa,
807 4415 949 4483 regis
977 4412 1175 4467 Israel:
1208 4414 1601 4480 expeditionem
1638 4413 1767 4468 fecit
1794 4413 2079 4469 Salmaua-

2190 1961 2478 2015 ἀπέστειλε
2509 1962 2537 2013 6
2566 1961 2720 2027 Θεὸς,
2756 1959 2930 2013 είτοῦν
2966 1960 3127 2031 ’Δράν
3160 1959 3194 2030 ἢ
3228 1958 3404 2028 λόγον,
3453 1959 3552 2011 οὐκ
3593 1957 3772 2027 ἀσύμ·

2192 2053 2352 2117 ϐατος
2406 2053 2555 2106 ἔσται
2598 2052 2707 2107 τῶν
2774 2052 2992 2106 ἐννοιῶν
3035 2054 3068 2122 ἡ
3108 2050 3356 2121 δύναμις,
3413 2049 3672 2119 βαδιεῖται
3713 2047 3770 2101 δὲ

2194 2145 2393 2215 μᾶλλον
2415 2147 2493 2208 είς
2513 2144 2609 2197 ἕνα
2633 2161 2693 2197 τε
2725 2145 2818 2198 καὶ
2848 2144 2940 2198 τὸν
2986 2143 3147 2196 αὐτὸν
3190 2142 3408 2195 σκοπόν.
3464 2140 3771 2211 Διαμέμνη-

2189 2237 2279 2290 ταί
2306 2254 2369 2305 γε
2399 2237 2505 2308 μὴν
2531 2236 2768 2308 ἱστορίας
2801 2237 2859 2289 ὲν
2887 2235 3112 2301 τούτοις,
3140 2235 3205 2306 ἢν
3241 2233 3350 2306 ἐρῶ
3385 2233 3470 2286 διὰ
3505 2232 3766 2303 Βραχέων.

2194 2334 2388 2388 Ἔσται
2422 2334 2531 2405 γὰρ
2559 2333 2703 2387 οὕτω
2729 2333 2814 2387 καὶ
2840 2333 2993 2404 μόλις
3020 2331 3329 2400 καταφανὲς
3349 2331 3407 2383 τὸ
3420 2329 3766 2399 δηλούμενον.

2191 2425 2617 2480 Βεϐασιλεύκασι
2646 2425 2823 2478 τοίνυν
2853 2425 2995 2478 κατά
3022 2424 3245 2494 καιροὺς
3293 2424 3351 2474 ὲν
3392 2424 3503 2484 τοῖς
3541 2422 3769 2492 Ἰεροσο-

2189 2518 2379 2588 λύμοις
2430 2518 2523 2570 ἐπὶ
2563 2517 2654 2571 τὸν
2721 2517 2943 2582 Ἰούδαν,
2990 2517 3107 2587 ἦτοι
3155 2515 3245 2566 τὸν
3308 2512 3524 2572 Ἰακὼϐ,
3581 2511 3770 2581 ἀνδρες

2189 2610 2381 2679 ἀγαθοί
2412 2627 2471 2663 τε
2504 2611 2595 2663 καὶ
2618 2610 2877 2681 πονηροί·
2903 2609 3054 2662 οὐδὲν
3078 2608 3151 2661 δὲ
3197 2602 3360 2678 ἦττον
3406 2606 3499 2658 καὶ
3543 2606 3636 2657 ἐπὶ
3675 2604 3769 2656 τὸν

2199 2699 2415 2772 Ἰσραὴλ
2446 2703 2495 2754 οἱ
2522 2703 2586 2755 ἐκ
2629 2702 2800 2772 φυλῆς
2845 2699 3077 2770 Ἐφραῒμ
3113 2700 3168 2752 ὲν
3196 2702 3260 2769 τῇ
3310 2696 3610 2767 Σαμαρείᾳ.
3659 2691 3768 2748 Ἦν

2187 2793 2295 2863 γὰρ
2327 2794 2392 2845 ὲκ
2421 2794 2594 2864 φυλῆς
2651 2793 2888 2864 Ἑφραῒμ
2917 2794 3012 2847 καὶ⁵
3052 2795 3080 2846 6
3130 2792 3343 2862 πρῶτος
3390 2789 3569 2844 αὐτῶν
3605 2787 3768 2858 βεϐα-

2188 2882 2449 2947 σιλευκὼς
2480 2884 2762 2955 Ἰεροϐοάμ
2791 2885 2819 2937 6
2856 2886 2949 2938 τοῦ
2977 2883 3185 2946 Νάϐατ,
3214 2883 3272 2946 ὃς
3320 2882 3413 2934 καὶ¹
3444 2883 3562 2943 ταῖς
3595 2878 3768 2948 δαμά-

2186 2973 2334 3027 λεσιν
2390 2975 2555 3028 αὑτοῦ
2584 2978 2703 3039 ταῖς
2733 2978 2962 3047 χρυσαῖς
2989 2976 3238 3029 ἀνέπεισε
3275 2973 3617 3043 προσκυνεῖν.
3646 2970 3767 3023 Τῶν

2184 3066 2363 3118 τοίνυν
2425 3066 2566 3121 κατά
2624 3068 2849 3138 καιροὺς
2905 3065 3370 3135 βεϐασιλευκότων
3433 3064 3490 3117 ἔν
3539 3080 3599 3116 τε
3654 3064 3768 3125 τοῖς

2113 3195 2154 3253 C
2198 3157 2587 3229 Ἰεροσολύμοις
2614 3160 2708 3212 καὶ
2750 3161 2807 3212 ὲν
2839 3161 2903 3229 τῇ
2945 3158 3226 3229 Σαμαρείᾳ
3257 3158 3494 3209 πλεῖστοι
3538 3155 3765 3223 γεγόνα-

2188 3265 2293 3315 σιν,
2320 3249 2394 3313 ὡς
2428 3249 2582 3320 ἔφην,
2607 3248 2726 3320 Θεῷ
2765 3249 3199 3321 προσκρούοντες
3225 3248 3415 3312 ἀδεῶς,
3460 3247 3673 3318 βέϐηλοί
3705 3264 3765 3299 τε

2184 3343 2279 3393 καὶ
2341 3340 2745 3411 εἰδωλολάτραι,
2795 3338 3224 3410 προσκυνοῦντες
3284 3341 3350 3408 τῇ
3405 3338 3631 3407 στρατιᾷ
3668 3335 3765 3389 τοῦ

2183 3433 2435 3505 οὐρανοῦ,
2460 3433 2636 3500 ξύλοις
2657 3450 2715 3486 τε
2738 3434 2829 3487 καὶ
2860 3432 3026 3495 λίθοις
3051 3432 3277 3494 ἀνοσίως
3305 3430 3723 3500 λελατρευκότες
3745 3445 3760 3460 ο

2182 3525 2365 3587 ὁποῖός
2417 3542 2501 3589 τις
2549 3520 2618 3596 ἦν
2662 3526 2755 3577 καὶ¹
2803 3519 2961 3587 οὗτος
3004 3525 3032 3576 6
3074 3522 3268 3593 Ἀχαζ,
3317 3522 3375 3584 ὃς
3432 3521 3619 3574 καὶτὰ
3661 3521 3765 3573 ἴδια

2182 3615 2350 3668 τέκνα
2375 3615 2601 3687 διήγαγε
2632 3615 2719 3668 διὰ
2748 3615 2938 3685 πυρὸς,
2984 3615 3210 3668 πλεῖστά
3247 3632 3306 3666 τε
3356 3615 3457 3667 ὅσα
3500 3613 3641 3665 κατὰ
3665 3613 3763 3681 τὴν

2194 3704 2549 3775 Ἰερουσαλὴμ
2567 3704 2855 3775 εἰργάσατο
2875 3703 3039 3765 κακά,
3059 3703 3472 3773 παρανενόμηκε
3491 3702 3544 3754 δὲ
3569 3702 3659 3754 καὶ
3684 3702 3764 3763 είς

2184 3794 2344 3846 αὑτὸν
2386 3793 2479 3845 τὸν
2502 3792 2642 3846 θεῖον
2662 3791 2820 3847 νεών.
2869 3790 3091 3862 Ἐπειδὴ
3114 3792 3189 3844 οδε
3228 3793 3449 3860 γέγονεν
3491 3794 3554 3843 ἐκ
3592 3791 3761 3860 μέσου

2185 3886 2399 3955 θανάτῳ
2472 3885 2932 3956 κατειλημμένος,
2991 3884 3291 3953 διαδέχεται
3357 3884 3417 3936 τὸ
3483 3884 3762 3955 σκῆπτρον

2197 3976 2462 4046 Ἐζεκίας.
2489 3976 2856 4047 βασιλεύοντος
2883 3979 2940 4029 ὲν
2976 3980 3042 4047 τῇ
3083 3976 3361 4047 Σαμαρείᾳ
3387 3975 3478 4029 τοῦ
3524 3976 3759 4046 Ἰσραὴλ,

2183 4068 2301 4137 ἦτοι
2334 4067 2441 4121 τῶν
2463 4069 2594 4120 δέκα
2623 4068 2801 4137 φυλῶν
2829 4068 2986 4138 Ὠσηὲ
3032 4067 3148 4120 υίοῦ
3183 4068 3333 4121 Ἦλά.
3373 4062 3446 4121 Οὗ
3480 4067 3760 4131 διέποντος

2182 4161 2282 4231 τὴν
2324 4160 2599 4231 βασιλείαν
2644 4161 3073 4231 κατεστράτευσε
3099 4160 3200 4229 τῆς
3233 4160 3544 4230 Σαμαρείας
3580 4160 3608 4211 6
3651 4159 3759 4212 τῶν

2197 4252 2494 4322 Ἀσσυρίων
2534 4251 2805 4323 βασιλεύς.
2851 4252 3124 4316 Συνεξεῖλε
3158 4252 3215 4304 δὲ
3261 4252 3396 4321 αὐτῇ
3431 4251 3524 4303 καὶ¹
3561 4250 3760 4314 πολλὰς

2183 4344 2375 4415 ἐτέρας
2426 4345 2522 4416 τῆς
2562 4344 2818 4407 Ἰουδαίας
2857 4343 3062 4408 πόλεις.
3105 4340 3234 4396 Εἶτα
3268 4344 3404 4414 μετὰ
3460 4342 3620 4395 τοῦτο
3661 4341 3755 4395 τοῦ

2183 4436 2535 4508 Σενναχειρὶμ
2594 4437 3020 4507 κατατρέχοντος
3077 4436 3173 4508 τὴν
3218 4436 3477 4489 Ἰουδαίαν
3548 4435 3757 4488 σέσωκε

516 4521 674 4561 sarus
698 4522 791 4560 rex
814 4507 1155 4577 Assyriorum
1180 4506 1230 4559 in
1257 4506 1577 4572 Samariam,
1598 4520 1823 4574 eamque
1843 4508 2074 4570 obsedit,

2187 4526 2311 4589 Θεὸς
2369 4506 2681 4597 παραδόξως
2726 4506 2843 4597 τὴν
2881 4506 3235 4598 Ἰερουσαλὴμ
3292 4524 3547 4588 εὐσεϐοῦς
3604 4525 3754 4587 ὖντος

511 4615 575 4655 ea
601 4611 722 4670 post
753 4601 1043 4653 triennium
1062 4609 1216 4666 capta
1248 4613 1390 4653 anno
1412 4610 1565 4653 sexto
1585 4598 1848 4661 Ezechiae,
1868 4600 1959 4667 qui
1979 4600 2079 4652 fuit

509 4706 683 4745 anuus
718 4689 877 4760 159
914 4706 1085 4743 nonus
1107 4690 1260 4745 Osca:
1300 4693 1440 4760 regis
1472 4690 1654 4743 Israel.
1704 4690 1767 4743 Et
1786 4701 1942 4759 capta
1997 4700 2082 4744 est

512 4780 785 4849 Samaria,
824 4793 878 4837 et
909 4784 1149 4836 traduxit
1187 4798 1280 4835 rex
1314 4773 1655 4851 Assyriorum
1699 4783 1998 4837 Samariam
2029 4783 2079 4835 in

510 4876 786 4945 Assyrios,
830 4884 884 4929 et
919 4874 972 4928 in
1009 4876 1160 4940 Alae,
1197 4885 1250 4927 et
1291 4875 1342 4927 iu
1387 4876 1554 4928 Abior
1594 4873 1755 4927 ﬂuvio
1797 4873 2000 4939 Gozan,
2027 4883 2082 4927 et

512 4966 566 5018 in
635 4967 905 5021 montibus
963 4982 1058 5023 eos
1117 4966 1399 5022 collocavit
1450 4965 1750 5028 Medorum,
1797 4980 1861 5019 eo
1935 4965 2078 5035 quod

515 5072 621 5113 non
680 5059 1004 5114 audiverunt
1056 5073 1242 5115 vocem
1298 5059 1508 5112 Domini
1578 5058 1670 5111 Dei
1703 5058 1803 5118 sui,
1848 5066 1902 5111 et
1960 5057 2079 5108 vio-

513 5151 693 5207 larunt
720 5150 892 5206 foedus
920 5154 1054 5219 ejus,
1082 5151 1213 5206 nihil
1254 5167 1439 5207 eorum
1478 5165 1596 5219 quae
1626 5150 1877 5218 praecepit
1907 5148 2080 5202 Moses

513 5256 703 5296 servus
748 5242 958 5295 Domini
995 5242 1334 5307 audiverunt,
1387 5256 1487 5295 nec
1543 5240 1805 5294 fecerunt.
1864 5240 2081 5293 Decimo

515 5342 695 5387 autem
751 5342 943 5401 quarto
996 5349 1136 5388 anno
1179 5333 1320 5403 regis
1375 5333 1639 5395 Ezechias,
1663 5331 1904 5387 ascendit
1938 5330 2078 5385 Seu-

514 5424 856 5479 nacherimus
910 5440 1001 5479 rex
1058 5427 1402 5496 Assyriorum
1453 5426 1503 5478 in
1547 5424 1705 5479 urbes
1742 5425 1936 5477 Judaae
1968 5440 2079 5477 mu-

514 5518 674 5578 nitas,
707 5530 906 5585 easque
953 5519 1254 5586 occupavit.
1318 5517 1381 5569 Et
1429 5518 1540 5572 haec
1561 5518 1776 5585 quidem
1808 5533 1871 5570 ex
1905 5519 2078 5572 sacris

512 5608 757 5664 Litteris.
790 5608 943 5675 Quod
982 5619 1157 5665 autem
1218 5610 1575 5679 depopulatus
1637 5611 1704 5662 sit
1764 5609 2071 5665 Samariam

583 5768 652 5800 ομ
693 5767 756 5823 IV
787 5768 916 5841 Reg.
953 5783 1104 5836 XVIII,
1136 5770 1169 5825 9
1201 5785 1352 5843 δθψίο

2189 4617 2448 4689 Ἐζεκίου.
2495 4618 2807 4690 Γέγραπται
2860 4618 2917 4671 δὲ
2951 4618 3123 4682 οὕτως
3168 4620 3225 4672 ἐν
3246 4621 3310 4689 τῇ
3354 4619 3587 4690 τετάρτῃ
3648 4619 3755 4671 τῶν

2178 4707 2485 4777 βασιλειῶν.
2545 4710 2655 4762 Καὶ
2714 4711 2930 4778 ἐγένετο
2981 4711 3039 4763 ὲν
3094 4710 3174 4780 τῷ
3223 4712 3330 4763 ἐτει
3379 4711 3454 4781 τῷ
3512 4711 3756 4781 τετάρτῳ

2178 4800 2385 4869 βασιλεί
2428 4798 2660 4870 Ἐζεκίᾳ,
2693 4802 2851 4863 αὐτὸς
2874 4803 2901 4853 6
2924 4801 3163 4864 ἐνιαυτὸς
3192 4801 3437 4871 ἕϐδομος,
3475 4801 3553 4871 τῷ
3596 4802 3754 4873 Ὠσηὲ

2176 4890 2277 4960 υἱῴ
2305 4890 2436 4944 Ἦλὰ
2467 4891 2675 4960 βασιλεῖ
2707 4892 2942 4964 Ἰσραὴλ,
2977 4891 3140 4963 ἀνέϐη
3173 4892 3574 4962 Σαλαμανασάρ
3602 4892 3754 4961 βασι-

2175 4980 2300 5044 λεὺς
2338 4982 2633 5052 Ἀσσυρίων
2658 4984 2749 5035 ἐπὶ
2776 4984 3086 5054 Σαμάρειαν
3118 4985 3211 5036 καὶ
3239 4984 3543 5054 ἐπολιόρκει
3562 4985 3750 5056 αὑτήν.

2175 5072 2286 5126 Καὶ
2342 5073 2666 5127 κατελάϐετο
2698 5075 2866 5145 αὐτὴν
2899 5075 3005 5127 ἀπὸ
3055 5075 3242 5137 τέλους
3279 5076 3448 5146 τριῶν
3496 5075 3652 5139 ἐτῶν,
3692 5076 3752 5128 ὲν

2175 5163 2287 5217 ἔτει
2315 5165 2456 5235 ἕκτῳ
2485 5164 2561 5235 τῷ
2599 5164 2831 5237 Ἐζεκίᾳ,
2864 5166 3025 5230 αὐτὸς
3062 5169 3089 5220 ὁ
3118 5167 3361 5229 ἐνιαυτὸς
3415 5165 3634 5229 ἔννατος
3671 5166 3751 5235 τῷ

2189 5258 2344 5328 Ὠσηὲ
2393 5258 2600 5327 βασιλεῖ
2662 5259 2895 5331 Ἰσραήλ.
2930 5259 3040 5312 Καὶ
3092 5258 3395 5329 συνελήφθη
3449 5259 3748 5328 Σαμάρεια,

2179 5349 2275 5400 καὶ
2302 5347 2549 5418 ἀπῴκισε
2575 5348 2823 5418 βασιλεὺς
2872 5349 3170 5419 Ἀσσυρίων
3195 5349 3294 5418 τὴν
3334 5348 3645 5419 Σαμάρειαν
3669 5348 3751 5411 είς

2194 5440 2530 5509 ’Δσσυρίους,
2584 5443 2675 5493 καὶ
2728 5440 2921 5511 ἔθηκεν
2968 5440 3164 5503 αὐτοὺς
3220 5440 3280 5494 ὲν
3346 5440 3504 5492 Ἀλαὲ
3549 5438 3640 5492 καὶ
3690 5440 3749 5491 ὲν

2192 5527 2393 5600 Ἀϐιὼρ
2413 5529 2643 5601 ποταμῷ
2666 5530 2872 5596 Γωζᾶν,
2908 5530 3003 5584 καὶ
3023 5532 3103 5594 είς
3132 5530 3201 5585 τὰ
3226 5531 3327 5601 ὅρη
3362 5530 3582 5598 Μήδων·
3630 5527 3748 5581 ἀνθ’

2181 5613 2274 5686 ὧν,
2307 5621 2386 5674 ὅτι
2415 5621 2514 5675 ούκ
2565 5622 2800 5692 ἥκουσαν
2823 5621 3006 5693 φωνῆς
3034 5622 3241 5693 Κυρίου
3265 5620 3357 5674 τοῦ
3384 5620 3517 5673 Θεοῦ
3549 5617 3749 5688 αὐτῶν,
