4152 6366
308 381 408 438 261

1467 372 1538 429 ΙΝ
1575 369 1812 428 ISAIAM
1851 366 1983 424 LIB.
2028 367 2071 423 1.
2112 367 2324 426 ORAT.
2359 368 2448 427 Ἥ.

3479 358 3588 415 962

308 498 406 551 καὶ
448 493 766 564 παρέϐησαν
816 493 913 565 τὴν
957 492 1222 565 διαθήκην
1244 493 1429 560 αὐτοῦ,
1472 494 1649 549 πάντα
1684 494 1786 547 ὅσα
1827 493 1902 545 ἐν·

2023 489 2471 548 Sennacherimns
2523 491 2868 561 expeditione
2899 488 3039 545 facta
3096 495 3285 542 contra
3329 482 3588 538 Hieroso-

310 588 556 643 ετείλατο
586 588 793 657 Μωσῆς
823 588 853 641 ό
880 585 1065 651 δοῦλος
1093 588 1324 659 Κυρίου,
1355 589 1451 641 καὶ⁵
1490 588 1591 641 οὐκ
1633 588 1896 657 ἤκουσαν,

310 681 406 734 καὶ
443 680 542 732 οὐκ
581 679 863 749 ἐποίησαν.
896 680 1005 732 Καὶ
1055 678 1133 750 τῷ
1158 677 1741 750 τεσσαρεσκαιδεκάτῳ
1788 676 1900 730 ἔτει

313 769 580 841 βασιλέως
653 768 917 838 Ἐζεκίου,
975 769 1143 839 ἀνέϐη
1196 770 1589 839 Σενναχειρεὶμ
1648 767 1901 838 βασιλεὺς

324 859 629 929 ’Δσσυρίων
661 860 753 911 ἐπὶ
772 860 871 923 τὰς
892 860 1079 923 πόλεις
1099 859 1199 930 τῆς
1242 860 1503 922 Ἰουδαίας
1538 860 1636 924 τάς
1675 860 1899 931 όχυράς.

311 953 407 1005 καὶ
443 950 735 1004 συνέλαϐεν
780 952 971 1015 αὑτάς.
1028 953 1139 1005 Καὶ
1187 953 1347 1005 ταυτὶ
1383 954 1481 1023 μὲν
1512 954 1575 1006 ἐκ
1602 952 1707 1006 τῶν
1742 951 1902 1025 ἱερῶν

312 1042 688 1114 Γραμμάτων.
752 1044 875 1096 Ὅτι
910 1043 967 1096 δὲ
1028 1045 1347 1115 πεπόρθηκε
1391 1046 1490 1115 τὴν
1532 1045 1844 1115 Σαμάρειαν
1877 1047 1905 1099 ό

313 1134 722 1207 Σενναχειρεὶμ,
750 1135 1057 1189 ἀναϐαίνων
1086 1136 1225 1190 κατά
1254 1137 1362 1190 τῶν
1404 1137 1809 1208 Ἱεροσολύμων,
1846 1136 1907 1202 ἐξ

312 1218 390 1279 ὧν
419 1228 579 1291 αὐτὸς
602 1227 880 1298 γέγραφεν
921 1230 949 1281 6
998 1229 1265 1300 μακάριος
1301 1230 1527 1293 Ἡσαΐας
1555 1230 1583 1281 6
1617 1231 1905 1301 προφήτης

319 1319 547 1389 ἀκονητὶ
582 1320 897 1390 διοψόμεθα.
934 1319 1379 1391 Προσπεςρώνηκε
1412 1319 1520 1391 γὰρ
1546 1319 1740 1383 οὕτως’
1786 1320 1907 1373 Ῥα-

314 1411 500 1484 ψάκης
522 1416 634 1477 τοῖς
661 1412 994 1483 καθημένοις
1034 1414 1092 1466 ἐν
1116 1412 1193 1482 τῷ
1221 1414 1414 1482 τείχει·
1469 1412 1545 1483 μὴ
1590 1413 1734 1483 ὑμᾶς
1767 1414 1906 1465 ἀπα-

317 1507 466 1561 τάτω
512 1506 777 1577 Ἑζεχίας,
802 1506 977 1574 λέγων
997 1522 1009 1534 ·
1050 1507 1107 1559 Ὀ
1131 1506 1264 1569 Θεὸς
1296 1506 1450 1576 ὑμῶν
1486 1506 1711 1577 ῥύσεται
1740 1506 1905 1575 ὑμᾶς.

317 1598 412 1669 Μὴ
440 1586 741 1668 ἐρῤύσαντο
763 1597 812 1649 οἱ
842 1596 956 1649 θεοὶ
984 1596 1093 1649 τῶν
1128 1595 1298 1649 ἐθνῶν
1322 1597 1555 1659 ἕκαστος
1589 1595 1687 1666 τὴν
1714 1594 1907 1649 ἑαυτοῦ

2003 584 2168 658 lyma,
2202 601 2267 640 ex
2312 586 2397 641 his
2442 601 2563 655 qua!
2595 586 2785 639 beatus
2815 582 2981 637 Isaias
3027 580 3288 653 propheta
3348 576 3588 644 scripsit.

2003 679 2259 748 nuiloneg
2287 678 2400 734 otio
2428 678 2751 732 videbimus.
2795 673 3064 730 Clamavit
3097 670 3362 741 siquidem
3398 667 3588 735 lihap—

2004 786 2159 826 saces
2201 770 2283 824 his
2321 770 2410 839 qtti
2459 770 2720 823 sederunt
2780 767 2832 821 in
2884 765 3175 825 moenibus,
3214 762 3355 815 hunc
3395 760 3446 812 in
3478 771 3592 811 mo.

2006 862 2131 915 dum
2169 876 2182 911 :
2224 859 2300 915 Ne
2345 859 2497 913 vobis
2554 860 2795 927 imponat
2848 854 3127 917 Ezechias,
3168 853 3351 905 dicens
3396 867 3410 903 :
3448 846 3593 902 Deus

2006 964 2186 1008 vester
2264 953 2459 1023 eripiet
2522 966 2638 1003 vos.
2670 948 2807 1003 Nunt
2864 947 3179 1016 eripuerunt
3222 943 3294 997 dii
3349 940 3588 1012 gentium

2008 1062 2159 1101 suam
2199 1048 2429 1117 quisque
2469 1043 2739 1112 regionem
2779 1055 2808 1093 e
2832 1054 2989 1093 manu
3026 1036 3169 1107 regis
3202 1030 3592 1104 Assyriorum?

2010 1140 2112 1197 Ubi
2154 1149 2238 1193 est
2271 1140 2403 1191 deus
2459 1136 2675 1194 Amath.
2700 1142 2754 1188 et
2805 1130 3087 1200 Arphatlt?
3120 1137 3176 1182 et
3214 1128 3301 1182 ubi
3341 1128 3473 1181 deus
3509 1126 3590 1181 ci-

2009 1231 2190 1285 vitatis
2228 1224 2588 1296 Sepharaim?
2619 1223 2756 1276 Nunt
2797 1221 3100 1277 Samariam
3160 1234 3191 1273 a
3225 1233 3384 1272 manu
3468 1231 3589 1270 mea

2010 1323 2300 1379 defendere
2342 1317 2624 1389 poterant?
2664 1314 2872 1371 Evertit
2922 1314 3176 1368 nimirum
3230 1320 3354 1364 ante
3395 1308 3592 1363 Sama-

2011 1420 2147 1473 riam
2205 1414 2687 1476 Sennacherintus,
2728 1426 2849 1465 cum
2908 1408 3028 1463 aliis
3064 1406 3224 1460 simul
3274 1403 3497 1458 urbibus
3538 1410 3597 1454 et

2013 1510 2342 1581 regionibus,
2395 1524 2460 1562 ac
2521 1510 2735 1563 demum
2779 1503 3079 1559 Jerusalem
3146 1500 3377 1556 obsedit.
3428 1497 3596 1552 Post-

2012 1619 2174 1673 quam
2226 1602 2369 1655 enim
2408 1600 2463 1654 in
2506 1600 2740 1652 divinam
2806 1596 3137 1664 majestatem
3192 1594 3305 1645 haec
3368 1588 3595 1643 dicteria

320 1688 505 1761 χώραν
539 1690 603 1741 ἐκ
647 1689 831 1760 χειρὸς
886 1688 1149 1759 βασιλέως
1191 1688 1526 1759 Ἀσσυρίων;
1560 1686 1668 1740 Ποῦ
1708 1687 1854 1739 ἐστιν
1883 1689 1911 1739 ό

2023 1694 2249 1754 ιορὶεδοι,
2285 1704 2536 1759 egressus
2602 1704 2630 1740 a
2694 1685 2920 1739 Domino
2984 1682 3234 1751 angelus.
3281 1678 3479 1732 occidit
3528 1690 3596 1730 ex

318 1779 442 1843 θεὸς
492 1780 722 1850 Ὀμάθα,
760 1781 851 1833 καὶ
902 1779 1107 1849 Ἀρφάθ
1134 1796 1148 1841 ;
1178 1781 1272 1834 καὶ
1298 1780 1403 1833 ποῦ
1431 1779 1633 1833 ἐστινώ
1666 1778 1784 1841 θεὸς
1810 1776 1910 1847 τῆς

320 1842 976 1942 «615m;‘251rcpapoueiu
988 1842 1023 1936 ;'
1062 1870 1137 1942 μὴ
1192 1870 1440 1924 ἐδύναντο
1497 1869 1667 1923 σῶσαι
1724 1842 1909 1938 Σαμά-
1945 1842 1987 1897 Β

323 1975 477 2029 ρειαν
511 1960 577 2012 ἐκ
615 1959 795 2030 χειρός
833 1976 967 2030 μου;
1000 1959 1358 2031 Προανῄρηκε
1417 1959 1596 2012 τοίνυν
1650 1959 1746 2028 τὴν
1794 1960 1914 2012 Σα-

324 2049 560 2119 μάρειαν
583 2051 611 2101 6
638 2050 1023 2121 Σενναχειρειμ
1057 2054 1177 2114 ταῖς
1208 2050 1395 2113 ἄλλαις
1439 2048 1576 2121 ὁμοῦ
1624 2050 1809 2103 πόλεσί
1852 2067 1912 2103 τε

323 2143 421 2195 καὶ
443 2140 691 2212 χώραις·
748 2138 867 2196 εἶτα
925 2143 1327 2214 πεπολιόρκηκε
1382 2144 1482 2213 τὴν
1537 2143 1910 2215 Ἰερουσαλήμ.

337 2234 562 2305 Ἐπειδὴ
595 2233 705 2305 γάρ
734 2236 835 2305 τῆς
866 2234 1014 2298 θείας
1038 2235 1455 2305 κατεφλυάρησε
1489 2234 1664 2304 δόξης,
1689 2235 1912 2306 ἐξῆλθεν

323 2322 557 2393 ἄγγελος
587 2324 740 2394 παρά
767 2325 992 2396 Κυρίου,
1030 2325 1122 2378 καὶ
1155 2324 1363 2378 ἀνεῖλεν
1407 2326 1471 2378 ἐκ
1501 2324 1600 2394 τῆς
1634 2324 1908 2395 παρεμϐο-

325 2417 426 2487 λῆς
453 2416 561 2471 τῶν
602 2417 904 2489 Ἀσσυρίων
938 2420 994 2470 ἐν
1027 2420 1125 2490 μιᾷ
1164 2421 1321 2472 νυκτὶ
1375 2418 1568 2473 ἑκατὸν
1605 2421 1699 2474 καὶ
1736 2421 1916 2492 ὀγδοή-

326 2527 495 2564 κοντα
556 2510 717 2564 πέντε
769 2510 1030 2581 χιλιάδας.
1092 2513 1300 2567 Οὐκοῦν
1353 2514 1651 2585 ἐπειδήπερ
1689 2515 1916 2583 ἀφίκετο

330 2602 432 2673 μὲν
476 2603 617 2656 κατά
661 2603 770 2655 τῶν
816 2603 1204 2675 Ἱεροσολύμων
1245 2608 1274 2657 6
1311 2607 1718 2678 Σενναχειρεὶμ,
1782 2625 1917 2679 προ-

328 2696 508 2749 ανεῖλε
542 2696 598 2749 δὲ
638 2697 735 2767 τὴν
785 2698 1098 2768 Σαμάρειαν
1160 2699 1295 2753 Θεοῦ
1348 2701 1680 2773 παραδόντος
1727 2701 1915 2771 αὐτὴν,

328 2789 502 2844 διὰτοι
530 2789 592 2841 τὸ
625 2790 757 2860 δρᾷν
783 2789 996 2843 ἑλέσθαι
1031 2791 1099 2843 τά
1136 2791 1302 2861 χείρω
1350 2791 1457 2843 τῶν
1499 2795 1558 2845 ἐν
1602 2795 1716 2856 τοῖς
1760 2792 1918 2864 Ἰερο-

331 2882 608 2951 σολύμοις,
666 2883 974 2950 ἀναγκαίως
1036 2885 1168 2954 φησί
1194 2901 1207 2913 ·
1258 2903 1276 2935 ι
1334 2884 1571 2939 Θάνατον
1632 2886 1918 2939 ἀπέστειλε

334 2973 538 3045 Κύριος
568 2976 661 3027 ἐπὶ
702 2973 916 3041 Ἰακὼϐ,
959 2976 1051 3028 καὶ
1086 2972 1247 3048 ἦλθεν
1288 2977 1380 3029 ἐπὶ
1433 2978 1672 3050 Ἰσραήλ.
1723 3000 1741 3032 ι
1778 2981 1918 3033 Ἀλλ’

333 3066 718 3138 ἐμπέπρησται
776 3068 872 3138 μὲν
920 3071 953 3139 ή
1012 3070 1294 3140 Σαμάρεια
1348 3072 1405 3123 ἐν
1536 3072 1859 3143 κατῴκησεν
1891 3073 1920 3125 ὁ

2016 1786 2209 1839 castris
2262 1783 2605 1853 Assyriorum
2666 1796 2771 1834 una
2847 1787 3003 1830 nocte
3064 1783 3279 1828 centum
3335 1780 3389 1824 et
3444 1778 3598 1824 octo-

2016 1876 2165 1946 ginta
2218 1873 2457 1941 quinque
2501 1870 2684 1923 millia.
2714 1869 2846 1922 Cum
2884 1868 3049 1934 igitur
3082 1862 3482 1932 expeditionem
3522 1859 3599 1912 fe-

2014 1968 2178 2022 cisset
2232 1975 2420 2018 contra
2477 1961 2846 2030 Hierosolyma
2888 1956 3369 2016 Sennaclteritnns.
3404 1952 3599 2005 Sama-

2014 2060 2093 2114 ria
2164 2060 2313 2128 prius
2396 2064 2682 2125 occupata,
2718 2054 2826 2107 Deo
2899 2052 3145 2105 tradente
3233 2063 3375 2110 eam,
3455 2044 3599 2113 quod

2017 2150 2276 2221 nequiora
2308 2150 2388 2205 his
2446 2165 2562 2217 qua:
2601 2144 2990 2215 Hierosolymis
3039 2142 3175 2196 facta
3232 2150 3381 2205 sunt,
3419 2148 3601 2209 patrao

2018 2245 2175 2307 verit,
2209 2243 2519 2298 necessario
2556 2241 2721 2310 inquit
2757 2256 2770 2293 :
2803 2256 2821 2290 ι
2846 2237 3072 2291 Mortem
3120 2235 3301 2290 emisit
3356 2233 3495 2286 Dens
3543 2230 3597 2285 in

2015 2337 2203 2401 Jacob,
2235 2346 2289 2391 et
2348 2336 2548 2390 invasit
2603 2333 2787 2387 Israel.
2831 2350 2849 2383 ι
2886 2332 2955 2383 At
3005 2331 3225 2383 incensa
3279 2336 3360 2380 cst
3408 2327 3602 2381 civitas

2018 2429 2500 2489 Samaritanorum,
2543 2426 2595 2478 in
2655 2439 2761 2494 qua
2815 2423 3082 2477 habitavit
3157 2418 3346 2481 Israel,
3394 2419 3446 2471 id
3494 2428 3599 2479 est,

2019 2522 2204 2575 decem
2266 2520 2455 2582 tribus,
2488 2527 2538 2570 et
2595 2516 2832 2569 funditus
2884 2514 3063 2582 periit.
3106 2511 3235 2564 Erat
3285 2524 3446 2577 porro
3508 2522 3599 2561 sa-

2020 2610 2253 2679 pientiae,
2297 2610 2480 2672 credo,
2535 2618 2592 2660 ttt
2638 2607 2889 2674 deinceps
2934 2604 3365 2663 considerarent,
3406 2599 3456 2654 lti
3507 2598 3600 2667 qui

2020 2703 2072 2757 in
2121 2719 2185 2758 ea
2252 2702 2424 2756 relicti
2466 2710 2645 2764 erant,
2701 2699 2866 2753 Deum
2921 2697 3217 2761 oll'endere,
3248 2709 3368 2749 esse
3423 2694 3601 2761 reipsa

2019 2797 2431 2867 gravissimum:
2455 2795 2576 2848 dein
2605 2794 2705 2847 hoc
2735 2793 2949 2862 cognito
2974 2801 3029 2844 et
3055 2798 3361 2859 perspecto,
3386 2787 3605 2859 placare

2018 2886 2280 2943 oﬂ‘ensutn
2335 2887 2556 2941 omnino
2590 2894 2861 2955 oportere,
2889 2893 2941 2938 et
2977 2882 3363 2936 mutationibus
3407 2882 3457 2932 itt
3494 2893 3608 2933 tne-

2022 2979 2123 3033 lius
2178 2980 2445 3048 mitigare.
2494 2960 2656 3045 IQuod
2719 2976 2773 3030 hi
2830 2990 2936 3029 non
2982 2973 3251 3035 fecerunt,
3318 2985 3495 3039 neque
3550 2970 3604 3021 iu

2022 3075 2259 3127 animum
2310 3074 2666 3138 induxerunt,
2714 3071 2854 3123 unde
2901 3077 3080 3122 mente
3122 3066 3265 3135 capti
3322 3063 3609 3117 ambitiose

346 3158 584 3229 Ἰσραὴλ,
614 3159 759 3212 τοῦτ’
804 3157 972 3224 ἔστιν,
1005 3161 1061 3212 αί
1106 3159 1237 3214 δέκα
1273 3160 1458 3230 φυλαὶ,
1505 3162 1595 3215 καὶ
1643 3161 1919 3216 ἀπόλωλεν

2023 3165 2315 3235 iactarunt,
2344 3184 2362 3217 ι
2391 3163 2612 3218 Late-res
2630 3162 2962 3223 ceciderunt,
2981 3160 3072 3215 sed
3092 3158 3288 3221 venite,
3309 3157 3610 3210 incidamus

332 3250 615 3315 όλοτελῶς.
648 3249 754 3305 Ἦν
784 3253 840 3306 δὲ
886 3248 1040 3323 οἶμαι
1073 3253 1234 3321 σοφὸν
1273 3255 1525 3325 ἐννοῆσαι
1563 3254 1749 3307 λοιπὸν
1794 3256 1919 3315 τοὺς

335 3344 769 3415 περιληφθέντας
839 3346 897 3398 ἐν
951 3346 1109 3416 αὐτῇ,
1144 3346 1227 3398 ὅτι
1275 3346 1336 3399 τὸ
1390 3348 1751 3418 προσκρούειν
1803 3346 1922 3417 Θεῷ

335 3438 687 3509 παγχάλεπον
737 3438 992 3506 ἀληθῶςο
1054 3435 1176 3492 εἶτα
1232 3440 1391 3494 τοῦτο
1432 3441 1789 3509 διεγνωκότας
1830 3442 1922 3494 ἐκ·

340 3528 713 3598 μειλίσσεσθαι
743 3532 834 3582 τὸν
850 3529 1224 3598 λελυπημένον
1254 3529 1451 3599 χρῆναι
1475 3530 1648 3599 δήπου
1685 3530 1920 3593 πάντως,

338 3623 432 3675 καὶ
458 3626 579 3686 ταῖς
608 3623 685 3685 εἰς
719 3622 779 3675 τὸ
809 3622 1030 3693 ἄμεινον
1072 3620 1398 3691 μεταϐολαῖς
1430 3622 1863 3692 καταμαλθάσσε
1876 3638 1924 3674 ιν

339 3716 829 3787 παρωτρυμμένον.
871 3716 934 3768 Οἱ
975 3716 1033 3769 δὲ
1069 3714 1229 3767 τοῦτο
1272 3714 1368 3784 μὲν
1412 3715 1512 3768 ούκ
1565 3714 1754 3784 ἔδρων,
1803 3714 1925 3767 οὐδὲ

338 3810 421 3873 εἰς
476 3808 601 3863 νοῦν
629 3808 868 3879 ἐδέχοντὸ
919 3807 1120 3860 ποθεν*
1153 3806 1543 3877 ἀπονοούμενοι
1592 3806 1650 3860 δέ
1704 3806 1800 3859 καὶ
1844 3806 1927 3859 ἔτι

342 3901 608 3973 μειζόνως
646 3901 902 3968 ἔφασκονο
950 3918 965 3950 ι
997 3898 1216 3953 Πλίνθοι
1260 3897 1633 3962 πεπτώκασιν,
1674 3898 1809 3952 ἀλλά
1834 3899 1928 3952 λα-

341 3988 623 4060 ξεύσωμεν
662 3988 866 4052 λίθους,
922 3988 1018 4042 καὶ
1066 3988 1322 4058 κόψωμεν
1353 3988 1689 4058 συκαμίνους
1719 3990 1812 4043 καὶ
1842 3990 1928 4044 κέ-

338 4078 520 4151 δρους,
544 4078 641 4133 καὶ
655 4079 1321 4150 οἱκοδομήσωμενὲαυτοῖς
1343 4078 1574 4151 πύργον.
1603 4099 1620 4130 ι
1654 4081 1716 4133 Ὤ
1731 4081 1929 4152 πολλῆς

340 4172 603 4242 ἀμαθίας.
639 4170 763 4233 [Ιῶς
790 4170 897 4239 γὰρ
924 4170 1021 4223 οὐκ
1064 4169 1171 4222 ἔδει
1204 4170 1404 4240 μᾶλλον
1443 4173 1640 4224 εἰπεῖν·
1687 4172 1928 4242 Προσκε-

340 4263 659 4335 κρούκαμεν
708 4262 767 4328 ἐξ
825 4260 1085 4326 ἀϐουλίας
1121 4262 1200 4333 τῷ
1248 4264 1425 4317 πάντα
1494 4261 1728 4333 ἰσχύοντι
1770 4262 1928 4332 Θεῷς

342 4357 603 4410 Ἤλωσάν
629 4372 689 4409 τε
718 4354 921 4427 ταύτης
952 4354 1113 4407 ἕνεκα
1138 4356 1236 4426 τῆς
1264 4356 1464 4419 αἰτίας,
1521 4358 1576 4409 αἱ
1624 4356 1754 4427 παρ’
1798 4356 1931 4426 ήμῖν

342 4450 526 4514 πόλεις
578 4466 638 4502 τε
696 4449 792 4501 καὶ
844 4447 1049 4517 κῶμαι.
1118 4449 1302 4514 Δεῦτε,
1357 4450 1477 4510 ταῖς
1529 4446 1931 4517 μεταγνώσεσιν

2024 3258 2248 3328 lapides,
2283 3259 2583 3313 incidamus
2619 3269 2950 3327 sycomoros,
2986 3263 3039 3308 et
3064 3255 3278 3317 cedros,
3302 3262 3354 3305 et
3377 3250 3609 3303 aediﬁce-

2025 3367 2143 3405 mns
2175 3352 2328 3405 nobis
2365 3351 2491 3419 ipsis
2535 3351 2747 3403 turrim.
2786 3368 2804 3400 ι
2835 3345 2879 3403 Ο
2915 3360 3159 3414 magnam
3188 3341 3486 3398 inscitiam!
3528 3342 3608 3394 Att

2026 3460 2130 3499 non
2177 3444 2380 3512 mquius
2417 3442 2575 3512 160
2598 3451 2715 3494 erat
2757 3441 2960 3503 dicere,
2997 3436 3331 3493 Oll'cndimus
3360 3450 3454 3504 per
3477 3432 3611 3487 stul-

2027 3536 2197 3590 titiam
2215 3545 2270 3589 et
2293 3532 2701 3603 incogitantiatn
2724 3532 3145 3600 omnipotentem
3167 3527 3371 3583 Deum?
3396 3526 3610 3580 Vexata:

2024 3636 2151 3681 sunt
2201 3626 2340 3679 hanc
2380 3622 2450 3678 ob
2486 3637 2704 3677 causam
2734 3621 2894 3674 urbes
2926 3631 3119 3673 nostrae
3156 3628 3210 3672 et
3244 3618 3343 3671 vici
3370 3635 3382 3671 :
3408 3616 3607 3679 venite,

2028 3720 2168 3774 hanc
2214 3718 2348 3772 iram
2396 3712 2767 3786 resipiscentia
2803 3710 3198 3767 exoneremus?
3241 3712 3310 3765 At
3356 3709 3409 3764 hi
3446 3708 3611 3761 mini-

2029 3826 2115 3867 me
2166 3812 2353 3867 istltaec
2405 3810 2683 3871 dixerunt,
2717 3805 2809 3861 sed
2839 3804 3007 3860 divini
3082 3803 3267 3857 auxilii
3322 3801 3612 3856 securitate

2027 3915 2083 3961 et
2138 3904 2390 3975 pnesidio
2432 3898 2822 3957 contumeliose
2866 3906 3196 3964 contempto,
3247 3895 3607 3949 dictitabant:

2036 4016 2055 4050 ι
2092 3997 2317 4054 Urbium
2352 3994 2614 4050 Samaria:
2672 3991 2810 4046 muri
2852 3988 3117 4045 exstructi
3154 3996 3282 4042 sunt
3332 4003 3398 4041 ex
3443 3986 3613 4041 latere

2032 4091 2247 4145 vitioso.
2295 4089 2447 4153 Quod
2508 4088 2553 4143 si
2605 4101 2703 4141 nos
2778 4086 2984 4154 lapides
3043 4083 3325 4148 credimus,
3353 4091 3407 4136 et
3469 4081 3611 4150 ligna

2032 4183 2364 4251 incorrupta,
2395 4192 2731 4250 sycomoros,
2777 4176 3017 4244 inquam,
3047 4186 3103 4229 et
3133 4176 3324 4229 cedros
3384 4172 3610 4241 adapta-

2032 4274 2293 4337 verimus,
2336 4271 2639 4338 turrimque
2676 4268 3030 4331 erexerimus,
3073 4282 3176 4319 non
3216 4264 3495 4333 capientur
3545 4262 3612 4317 ab

2033 4365 2299 4425 hostibus,
2330 4369 2384 4415 et
2431 4360 2610 4414 invicti
2661 4358 3018 4413 manebimus.
3060 4357 3163 4424 Qui
3203 4371 3353 4425 ergo,
3413 4355 3612 4425 inquit,

2034 4457 2149 4512 haec
2201 4454 2431 4525 superbe
2454 4462 2506 4507 et
2543 4453 2684 4508 elato
2725 4451 2887 4505 corde
2941 4452 3145 4513 dicunt,
3189 4450 3382 4510 scient,
3411 4447 3461 4499 id
3505 4456 3611 4508 est,

342 4537 844 4610 ἀποφορτισώμεθα
897 4540 995 4610 τὴν
1039 4540 1226 4609 ὀργήν.
1285 4539 1347 4592 Οἱ
1387 4538 1444 4591 δὲ
1488 4539 1647 4592 ταυτὶ
1697 4538 1796 4609 μὲν
1835 4540 1920 4592 ού)

2040 4548 2250 4603 discent
2289 4560 2497 4610 rursus,
2552 4558 2659 4610 quo
2717 4542 2933 4596 tandem
3007 4540 3197 4596 eVadet
3274 4540 3375 4593 hoc
3457 4553 3613 4591 suum

344 4634 584 4702 ἔφασκον
615 4648 629 4661 °
674 4631 1118 4702 περιυϐρίζοντες
1140 4631 1196 4683 δὲ
1223 4631 1423 4700 μᾶλλον
1468 4631 1567 4702 τῆς
1615 4631 1935 4702 ἐπικουρίας

344 4727 443 4797 τῆς
476 4724 629 4796 παρά
658 4723 794 4776 Θεοῦ
838 4724 937 4795 τὴν
972 4724 1271 4792 ἀσφάλειαν
1307 4722 1545 4792 ἔφασκον
1594 4722 1678 4774 ὅτι
1730 4720 1797 4773 τά
1829 4721 1939 4774 τῶν

348 4819 557 4872 πόλεων
584 4817 741 4887 τείχη
770 4816 879 4869 τῶν
905 4816 1044 4869 κατά
1065 4817 1161 4885 τὴν
1180 4816 1492 4886 Σαμάρειαν
1522 4814 1814 4883 πεποίηντο
1838 4814 1937 4883 μὲν

349 4915 414 4966 ἐκ
437 4910 657 4967 πλίνθου
681 4909 906 4984 σαθρᾶς.
946 4912 1067 4965 Ἐὰν
1090 4909 1145 4964 δὲ
1164 4910 1343 4974 λίθους
1358 4910 1723 4980 λαξεύσωμεν,
1744 4910 1837 4963 καὶ
1869 4909 1938 4963 τὰ

349 5008 569 5081 ἄσηπτα
595 5008 706 5061 τῶν
733 5007 926 5074 ξύλων,
973 5006 1300 5075 συκαμίνους
1324 5004 1400 5066 δὲ,
1436 5005 1579 5075 φημὶ
1598 5006 1690 5057 καὶ
1714 5003 1936 5074 κέδρους

351 5101 680 5172 ἀρμόσωμεν
718 5100 904 5162 αὐτοῖς
931 5098 1025 5151 καὶ
1052 5098 1447 5169 ἀναστήσωμεν
1475 5096 1704 5167 πύργον,
1726 5096 1936 5150 ἀνάλω-

349 5197 432 5248 τοί
468 5211 530 5248 τε
559 5192 796 5264 ἐσόμεθα
834 5194 946 5255 τοῖς
980 5190 1213 5261 ἐχθροῖς,
1255 5189 1351 5242 καὶ
1394 5188 1691 5259 ἀπόρθητοι
1747 5187 1937 5260 μενοῦ-

355 5305 475 5358 μεν.
507 5287 570 5341 Ol
600 5284 781 5338 τοίνυν
813 5282 1011 5347 ταῦτα,
1063 5281 1251 5353 φησιν,
1284 5282 1371 5348 ἐφ’
1401 5279 1555 5352 ῦϐρει
1600 5282 1697 5335 καὶ
1755 5277 1933 5350 ὑψηλῇ

352 5380 546 5451 καρδίᾳ
571 5378 845 5447 λέγοντες,
892 5375 1211 5444 γνώσονται,
1249 5372 1393 5427 τοῦτ’
1422 5373 1557 5438 ἐστι,
1598 5374 1932 5444 μαθήσονται

350 5466 532 5528 πάλιν,
572 5467 695 5519 ὅποι
742 5465 870 5518 ποτὲ
934 5462 1195 5533 βαδιεῖται
1224 5462 1287 5516 τὸ
1325 5462 1551 5533 σκέμμα
1598 5464 1801 5528 αὐτοῖς,
1839 5470 1933 5519 καὶ

2038 4644 2369 4705 institutum,
2399 4651 2453 4695 et
2476 4641 2616 4709 quod
2652 4653 2838 4692 rursus
2871 4636 2920 4689 in
2948 4635 3237 4705 perniciem
3263 4635 3421 4687 cadet
3457 4645 3613 4685 suntn

2038 4735 2343 4790 consilium.
2383 4732 2671 4788 Sciendum
2701 4741 2879 4784 autem
2929 4738 3050 4797 post
3084 4726 3438 4780 vastationem
3479 4720 3617 4776 Seu-

2040 4827 2362 4892 nacherimi,
2395 4821 3004 4895 temporibusleretnim,
3024 4819 3615 4874 Nabuchodonosorum

2038 4919 2277 4975 Judaeam
2337 4931 2675 4988 Oppugnasse
2730 4924 2783 4969 et
2838 4913 3070 4982 cepisse,
3126 4927 3190 4964 ac
3234 4920 3481 4964 vastasse
3531 4918 3616 4961 to-

2044 5028 2152 5073 tam
2213 5015 2536 5076 Samariam,
2588 5013 2864 5081 ipsamque
2897 5011 3033 5064 adeo
3078 5005 3400 5061 Jerusalem.
3451 5001 3616 5058 Proin

2041 5111 2308 5181 propheta
2381 5108 2645 5163 Jeremias
2713 5106 2819 5159 ait:
2877 5123 2894 5155 ι
2934 5101 3249 5158 Maledictus
3302 5099 3391 5168 qui
3465 5111 3616 5167 spem

2042 5197 2205 5251 habet
2256 5200 2308 5251 iu
2371 5197 2610 5262 homine,
2644 5204 2699 5251 et
2754 5194 2932 5248 ﬁrmat
2983 5206 3199 5247 carnem
3248 5188 3453 5244 brachii
3508 5188 3616 5251 sui,

2040 5299 2097 5346 et
2134 5307 2163 5345 a
2200 5290 2428 5345 Domino
2463 5290 2689 5346 discedit
2721 5304 2815 5344 cor
2846 5288 2965 5357 ejus
2997 5286 3063 5340 ³⁸.
3112 5304 3131 5337 ι
3168 5282 3420 5339 Servabit
3470 5280 3616 5336 enim

2042 5390 2200 5430 nemo
2234 5390 2379 5441 eum,
2403 5373 2496 5443 qui
2549 5374 2743 5429 divina:
2785 5373 2876 5425 ira:
2904 5369 3172 5426 obnoxius
3199 5375 3282 5422 est
3308 5382 3322 5419 :
3358 5382 3376 5415 ‹
3403 5363 3617 5417 Manum

2039 5468 2183 5521 enim
2203 5465 2471 5522 excelsam
2498 5465 2620 5535 quis
2635 5474 2843 5519 avertet
2864 5465 2953 5518 "l
2988 5482 3007 5516 ι
3043 5461 3200 5519 sicuti
3228 5459 3485 5527 scriptum
3511 5463 3614 5509 est.

350 5561 430 5613 ὅτι
486 5560 648 5613 πάλιν
696 5557 1074 5628 ἐκτελευτήσει
1137 5555 1274 5627 πρὸς
1336 5555 1557 5629 ὄλεθρον
1611 5560 1644 5627 ή
1710 5556 1871 5630 βουλὴ
1920 5560 2125 5624 αὐτοῖς.
2190 5558 2387 5613 ’ἰστέον
2415 5557 2473 5611 δέ
2506 5558 2587 5611 ὃτι
2638 5556 2779 5627 μετὰ
2819 5557 2917 5628 τὴν
2963 5555 3226 5627 πόρθησιν
3275 5550 3368 5606 τοῦ
3416 5551 3618 5602 Σεννα-

352 5654 571 5725 χειρεὶμ
628 5653 685 5705 ὲν
732 5652 945 5725 καιροῖς
994 5649 1263 5739 ξῐερεμίου
1291 5690 1305 5713 ,
1353 5650 1703 5723 πεπολέμηκε
1752 5652 1853 5725 τὴν
1902 5654 2163 5711 Ἰουδαίαν
2213 5655 2241 5707 ὁ
2287 5652 2753 5725 Ναϐουχοδονόσορ
2784 5646 2893 5706 εἷλέ
2913 5668 2972 5705 τε
3003 5654 3182 5708 πᾶσαν
3216 5648 3357 5705 κατά
3396 5645 3617 5715 κράτος,

424 5835 470 5868 ⁸³
493 5835 696 5894 Jerem.
728 5852 862 5905 xvu,
889 5836 942 5895 5.
1018 5836 1062 5867 ’⁸
1094 5834 1196 5893 lsa.
1225 5851 1336 5902 xw,
1378 5835 1466 5895 2'7.
