4152 6366
508 337 615 393 265

1497 328 1557 384 S.
1597 325 1875 385 CYRILLi
1919 326 2390 385 ALEXANDRINI
2430 328 2750 387 ARCHIEP.

3673 326 3781 380 2M

511 460 606 516 καὶ
670 455 986 527 πεπόρθηκε
1036 453 1135 526 τὴν
1182 452 1514 524 Σαμάρειαν,
1577 451 1672 503 καὶ
1713 449 1882 521 αὐτὴν
1933 450 2028 505 καὶ
2064 450 2166 521 τὴν
2207 450 2584 523 Ἰερουσαλήμ.
2615 450 2823 505 υύκοῦν
2851 467 3015 521 φησιν
3061 450 3091 503 6
3135 452 3421 523 προφήτης
3476 446 3783 519 Ἱερεμίας·

514 572 534 605 ι
593 550 1045 619 Ἐπικατάρατος,
1075 549 1131 612 ὃς
1153 546 1252 618 τὴν
1279 544 1466 599 ἐλπίδα
1498 544 1611 614 ἔχει
1636 544 1721 597 ἐπ’
1749 543 2055 616 ἄνθρωπον.
2093 545 2203 599 Καὶ
2260 546 2506 617 στηρίξει
2540 546 2719 618 σάρκα
2750 546 3033 616 βραχίονος
3094 544 3285 601 αὐτοῦ.
3334 565 3352 597 ι
3380 542 3646 598 Διασώσει
3675 542 3785 611 γὰρ

511 646 684 709 οὐδεὶς
714 643 804 697 τὸν
830 643 939 696 ὑπὸ
973 641 1122 695 θείαν
1151 639 1320 711 ὀργὴν
1354 637 1632 706 γεγονότα.
1669 656 1687 688 ι
1725 636 1835 708 Τὴν
1861 638 1970 708 γὰρ
2003 639 2165 709 χεῖρα
2192 638 2291 709 τὴν
2321 639 2531 710 ὑψηλὴν
2555 638 2635 703 τίς
2657 638 3009 710 ἀποστρέψει,
3044 658 3063 691 ι
3093 638 3233 692 κατὰ
3262 639 3324 692 τὸ
3365 630 3787 719 γεγραμμένονξ

589 741 751 793 Vsus.
792 737 987 800 “.19..
1033 733 1100 787 Et
1125 735 1306 787 ollidet
1334 732 1472 787 Deus
1511 741 1877 801 consurgentes
1909 742 2093 784 contra

2267 734 2376 788 Καὶ
2408 732 2583 801 ρἀει
2635 736 2667 787 d
2737 734 2873 799 Θεὸς
2929 733 3071 800 τοὺς
3119 732 3639 801 ἐπανισταμένους
3692 729 3771 782 ἐπ

513 845 743 889 montem
782 828 932 893 Sion,
971 838 1019 881 et
1058 828 1233 881 hostes
1278 824 1578 892 dissipabit,
1606 822 1825 894 Syriam
1888 839 1921 877 α
1968 824 2096 879 solis

514 936 654 987 ortu,
704 933 751 977 et
797 920 1005 975 Graecos
1045 936 1077 972 a
1108 919 1233 972 satis
1285 933 1500 982 occasu,
1558 918 1649 988 qui
1682 916 1938 972 lsraelem
1986 926 2097 971 toto

516 1031 605 1069 ore
657 1014 920 1067 devorent.

588 1187 721 1242 Cum
784 1183 1015 1254 percutit
1074 1182 1214 1236 Deus
1269 1180 1340 1237 ob
1384 1178 1549 1234 multa
1603 1187 1844 1247 peccata,
1897 1177 2105 1232 inducit

518 1276 863 1333 credentibus
918 1272 1205 1335 medelam,
1267 1280 1325 1323 ut
1396 1277 1652 1338 appareat
1701 1268 1952 1321 omnibus
1983 1282 2102 1327 mo-

520 1368 624 1430 dis,
680 1363 885 1427 dolore,
947 1361 1189 1428 inquam,
1251 1369 1307 1411 et
1365 1355 1734 1410 consolatione
1796 1355 1864 1409 ad
1927 1355 2103 1424 paeni-

522 1454 743 1507 tentiam
809 1461 1027 1504 vocare.
1053 1446 1119 1500 Et
1177 1460 1319 1499 nunc
1367 1444 1545 1499 simile
1592 1443 1846 1512 quiddam
1881 1443 1967 1498 his
2009 1444 2101 1512 qui

521 1542 877 1610 direptionem
924 1536 1066 1606 passi
1110 1542 1255 1598 sunt,
1291 1532 1652 1601 appromittit,
1686 1531 1957 1600 habetque
2022 1531 2106 1585 hi-

524 1631 691 1685 storia
737 1626 1176 1696 explicationem,
1208 1623 1351 1691 quod
1387 1622 1721 1691 propositum
1771 1630 1874 1685 est,
1919 1634 2103 1689 quam,

524 1725 581 1768 ut
644 1712 795 1777 dixi,
840 1722 1271 1764 commemorare
1328 1705 1516 1774 paucis
1559 1710 1643 1759 est
1703 1718 1948 1758 necesse.
2009 1701 2103 1756 Ul-

525 1799 713 1852 timum
764 1795 908 1851 enim
949 1794 1146 1847 bellum
1184 1799 1373 1845 contra
1417 1790 1728 1842 universam
1774 1785 2022 1842 Judwam
2050 1794 2106 1841 et

525 1888 833 1945 Samariam
882 1902 911 1940 a
961 1884 1489 1939 Nabuchodonosoro
1530 1892 1738 1951 gestum
1773 1891 1879 1942 est,
1917 1880 1968 1933 in
1999 1893 2107 1947 quo

524 1974 742 2029 abducti
771 1982 897 2028 sunt
936 1969 1160 2038 captivi,
1183 1981 1239 2023 et
1262 1967 1509 2022 hoStibus
1548 1968 1889 2036 septuaginta
1933 1980 2107 2023 annos

525 2058 847 2114 servierunt.
878 2054 1144 2124 Tempore
1185 2068 1312 2107 vero
1366 2052 1458 2106 ira:
1486 2062 1705 2117 exacto,
1737 2052 2108 2105 universitatis

528 2151 667 2204 Deus
721 2149 916 2201 iterum
987 2144 1247 2198 misertus
1305 2152 1412 2207 est,
1466 2138 1753 2209 eﬂ‘ecitque
1811 2155 1868 2194 ut
1926 2140 2106 2194 remit-

526 2250 791 2304 terentur,
834 2252 955 2294 cum
1026 2235 1201 2307 Cyrus
1252 2234 1394 2290 ﬁlius
1449 2233 1732 2305 Cambysis
1787 2232 2109 2303 Babylonios

525 2335 847 2405 Subegisset.
875 2330 1011 2387 Cum
1044 2344 1173 2385 vero
1199 2328 1265 2382 ad
1299 2336 1542 2383 sanctam
1571 2326 1847 2380 civitatem
1903 2324 2108 2379 reversi

523 2435 728 2489 essent,
779 2426 870 2495 qui
923 2433 1129 2477 tantum
1183 2435 1548 2475 atrumnarum
1599 2417 1950 2489 pertulerant,
1988 2432 2108 2473 eam

524 2523 717 2586 denuo,
741 2520 965 2573 reﬁcere
990 2517 1293 2578 voluerunt,
1335 2515 1498 2583 idque
1531 2512 1799 2576 lecerunt,
1840 2512 2112 2566 divinum-

524 2629 632 2684 que
667 2613 821 2684 161
867 2627 1022 2666 suum
1074 2610 1332 2678 templum
1411 2615 1803 2662 restauraruut.
1845 2604 2109 2659 Caeterum

526 2709 651 2763 licet
703 2717 850 2759 tanta
906 2703 1047 2773 passi
1097 2701 1348 2762 fuissent,
1399 2710 1454 2754 et
1496 2709 1737 2753 veterum
1790 2696 2109 2751 delictorum

525 2807 718 2863 pennas
748 2789 997 2853 luissent,
1032 2786 1200 2841 nihilo
1236 2794 1416 2838 tamen
1468 2784 1646 2839 minus
1701 2784 1768 2839 de
1799 2783 2011 2853 integro
2044 2798 2112 2836 ex

526 2877 729 2932 invidia
768 2875 961 2929 vicinae
1004 2885 1194 2941 gentes
1273 2884 1543 2940 aggressa:
1577 2878 1723 2924 sunt.
1779 2866 1892 2925 Nec
1966 2869 2111 2923 enim

524 2970 780 3025 volebant
855 2965 1155 3022 Jerusalem
1227 2963 1587 3027 invalescere,
1663 2962 1901 3017 maxime
1980 2976 2114 3016 vero

525 3068 767 3118 oumium
816 3062 1043 3115 aliorum
1083 3057 1205 3128 Syri
1258 3057 1443 3122 vicini,
1482 3066 1538 3110 et
1586 3054 1905 3110 Damasceni
1958 3069 2115 3109 acer~

527 3153 751 3208 bissime
814 3150 1160 3206 infestarunt.
1214 3146 1410 3203 \‘erum
1472 3145 1581 3201 Deo
1624 3155 1898 3213 servante,
1927 3154 1981 3202 et
2009 3146 2116 3201 illis

528 3248 763 3317 captivis
856 3253 1230 3306 succurrente,
1272 3241 1397 3295 victi
1465 3249 1627 3295 sunt:
1688 3246 1880 3307 gentes
1966 3238 2113 3294 enim

529 3346 871 3413 superarunt.
928 3334 1132 3391 Deinde
1190 3343 1435 3402 tempore
1485 3332 1889 3402 progrediente,
1920 3331 2114 3387 Antio-

2202 825 2338 893 ὄρος
2370 824 2523 881 Σιὼν
2563 824 2657 878 ἐπ’
2694 825 2937 892 αὐτοὺς,
2963 824 3231 891 καὶτοὺς
3256 822 3510 893 ἐχθροὺς
3548 822 3789 877 διασκε-

2199 917 2375 974 δάσει
2402 935 2415 948 °
2455 920 2679 988 Συρίαν
2728 922 2822 989 ἐφ’
2874 922 3053 988 ἡλίου
3122 918 3457 983 ἀνατολῶν,
3498 917 3595 971 καί
3648 917 3790 984 τοὺς

2204 1013 2516 1080 Ἕλληνας
2538 1014 2638 1083 ἀφ’
2666 1013 2847 1082 ἡλίου
2873 1012 3143 1083 δυσμῶν,
3186 1013 3327 1079 τοὺς
3356 1012 3789 1078 κατεσθίοντας

2202 1102 2311 1154 τὸν
2352 1102 2597 1170 Ἰσραὴλ
2620 1103 2742 1170 ὅλῳ
2784 1104 2864 1170 τῷ
2900 1105 3170 1173 στόματι.

2279 1196 2406 1247 Ὅτε
2444 1196 2669 1266 πλήττει
2706 1196 2838 1260 Θεὸς
2874 1196 2962 1249 διὰ
3003 1196 3205 1261 πολλὰς
3243 1196 3538 1269 ἁμαρτίας.
3595 1195 3791 1262 ἐπάγει

2204 1288 2313 1349 τοῖς
2348 1288 2636 1341 πεπονθόσι
2662 1288 2761 1359 τὴν
2792 1287 3063 1358 μώτωσιν,
3092 1289 3179 1341 ἵνα
3202 1288 3563 1358 φαίνηταιδιὰ
3591 1288 3792 1349 παντὸς

2204 1376 2408 1447 τρόπου
2453 1378 2634 1432 καλῶν
2668 1381 2747 1443 είς
2782 1380 3122 1451 μετάγνωσιν
3186 1380 3275 1434 διά
3326 1396 3385 1432 τε
3436 1379 3597 1432 πόνου
3651 1376 3794 1447 φημὶ

2206 1469 2301 1522 καὶ
2334 1471 2749 1541 παρακλήσεως.
2796 1472 3046 1526 Τοιοῦτόν
3078 1489 3129 1525 τι
3157 1473 3247 1526 καὶ
3275 1470 3371 1525 νύν
3404 1475 3516 1533 τοῖς
3560 1471 3793 1523 παθοῦσι

2206 1562 2307 1632 τὴν
2330 1562 2531 1633 δῄωσιν
2566 1565 2985 1633 ἐπαγγέλλεται.
3036 1564 3267 1636 Ἱστορία
3290 1565 3347 1618 δὲ
3382 1564 3639 1617 ἀπόδοσιν
3680 1563 3795 1633 ἔχει

2206 1653 2269 1707 τὸ
2300 1657 2678 1726 προκείμενον,
2703 1658 2770 1727 ἢν
2799 1658 3113 1726 ἀναγκαῖον,
3142 1658 3217 1721 ὠς
3240 1658 3399 1727 ἔφην,
3428 1657 3518 1711 διὰ
3550 1656 3797 1728 βραχέων

2208 1750 2401 1802 εἰπεῖν.
2432 1749 2748 1813 Τελευταῖος
2783 1752 2883 1822 μὲν
2922 1751 3028 1822 γὰρ
3077 1750 3217 1804 κατὰ
3278 1750 3457 1819 πάσης
3510 1748 3645 1819 ὁμοῦ
3699 1749 3795 1820 τῆς

2221 1848 2483 1912 Ἰουδαίας
2516 1890 2532 1912 ,
2562 1849 2657 1902 καὶ
2708 1848 2807 1919 μέν
2833 1866 2919 1902 τοι
2950 1848 3046 1902 καὶ
3083 1847 3183 1917 τῆς
3226 1846 3557 1918 Σαμαρείας,
3584 1848 3613 1899 6
3646 1844 3799 1918 παρὰ

2207 1940 2301 1993 τοῦ
2332 1941 2798 2011 Ναϐουχοδονόσορ
2830 1941 3064 2011 πόλεμος
3094 1940 3325 2009 γίνεται,
3382 1938 3478 1993 καὶ
3527 1938 3798 2009 ἀπεκομί-

2212 2035 2417 2107 σθησαν
2484 2033 2856 2104 αἰχμάλωτοι,
2924 2034 3019 2087 καὶ
3103 2031 3531 2087 δεδουλεύκασιν·
3582 2031 3799 2104 ἐχθροῖς

2142 2102 2181 2157 Β
2212 2102 2716 2199 ἐσδομήκονταὲτη.
2759 2126 2977 2198 Ἐπειδὴ
3003 2127 3059 2179 δὲ
3083 2128 3539 2198 συμπεπέρασται
3558 2128 3668 2189 τοῖς
3687 2102 3800 2185 άπὸ

2211 2221 2308 2289 τῆς
2337 2221 2507 2293 ὀργῆς
2535 2224 2563 2275 6
2589 2222 2803 2293 καιρὸς,
2869 2220 3174 2292 κατηλέησε
3236 2219 3398 2274 πάλιν
3433 2220 3462 2273 6
3502 2217 3607 2271 τῶν
3661 2217 3800 2273 ὅλων

2211 2312 2365 2379 Θεὸς,
2394 2315 2488 2367 καὶ
2511 2313 2575 2385 δὴ
2599 2316 2693 2368 καὶ
2724 2314 2984 2385 ἀνεθῆναι
3011 2311 3446 2385 παρεσκεύασεν.
3485 2310 3667 2385 Κύρου
3704 2309 3799 2365 τοῦ

2212 2406 2511 2477 Καμϐύσου
2549 2408 2894 2477 νενικηκότος
2941 2406 3066 2470 τοὺς
3126 2404 3519 2468 Βαὸυλωνίους.
3585 2402 3801 2475 Ἐπειδὴ

2212 2499 2401 2572 δὲτὴν
2448 2500 2611 2569 ἁγίαν
2634 2501 2894 2569 ἀφίκοντο
2940 2498 3095 2552 πόλιν
3141 2499 3191 2551 οἱ
3224 2496 3614 2564 πεπονηκότες,
3671 2494 3802 2551 ἀνα·

2212 2596 2469 2667 τειχίζειν
2498 2594 2686 2666 ἢθελεν
2719 2594 2909 2666 αὑτήν.
2954 2592 3064 2646 Καὶ
3097 2591 3163 2663 δὴ
3190 2591 3284 2646 καὶ
3335 2590 3673 2659 πεπράκασι,
3708 2586 3803 2640 καὶ

2214 2682 2305 2741 τὸν
2327 2686 2468 2740 θεῖον
2488 2685 2665 2739 αὐτῶν
2691 2684 3044 2755 άνεδείμαντο
3067 2682 3224 2736 νεών.
3274 2679 3411 2733 Ἀλλ’
3434 2678 3584 2732 οὐδὲν
3616 2672 3800 2745 ἦττον,

2216 2779 2397 2834 καίτοι
2446 2776 2685 2831 τοσαῦτα
2741 2774 3057 2840 πεπονθόσι,
3117 2773 3212 2827 καὶ
3250 2771 3350 2835 τὰς
3402 2771 3509 2825 τῶν
3560 2769 3803 2842 ἀρχαίων

2217 2870 2705 2944 πλημμελημάτων
2759 2867 3066 2933 ἐκτετικόσι
3124 2865 3297 2929 δίκας,
3347 2862 3647 2931 ἐπεφύοντο
3697 2859 3805 2913 πά-

2215 2966 2299 3019 λιν
2329 2966 2395 3018 ὲκ
2422 2960 2723 3033 βασκανίας
2763 2959 2834 3013 τά
2876 2957 3130 3030 περίοικα
3179 2955 3289 3009 τῶν
3346 2952 3533 3008 ἐθνῶν.
3590 2952 3664 3005 Οὐ
3696 2950 3806 3021 γάρ

2215 3054 2408 3128 ἧθελον
2472 3052 2688 3124 ίσχῦσαι
2714 3051 2815 3122 τὴν
2867 3047 3243 3121 Ἰερουσαλήμ.
3291 3044 3546 3100 Μάλιστα
3599 3042 3656 3096 δὲ
3697 3041 3807 3095 τῶν

2216 3148 2394 3202 ἄλλων
2426 3146 2681 3201 ἁπάντων
2712 3143 2995 3199 ἐπέκειντο
3018 3142 3232 3212 δριμεῖς
3259 3139 3309 3193 οἱ
3332 3139 3441 3193 άπὸ
3470 3137 3572 3207 τῆς
3607 3137 3806 3208 Συρίας

2216 3241 2316 3311 τῆς
2352 3240 2591 3309 γείτονος
2638 3237 2733 3291 καὶ
2782 3237 2881 3307 τῆς
2939 3229 3255 3303 Δαμασκοῦ.
3312 3228 3461 3300 Πλὴν
3504 3230 3804 3295 νενίκηντο,

2216 3331 2352 3386 Θεοῦ
2437 3328 2699 3394 σώζοντός
2750 3345 2811 3381 τε
2864 3326 2959 3379 καὶ
3002 3324 3375 3396 ἐπαμύνοντος
3429 3324 3543 3386 τοῖς
3594 3321 3660 3375 ἐκ
3706 3321 3807 3383 τῆς

529 3406 687 3499 chus,
714 3433 798 3487 cui
849 3444 1148 3501 cognomen
1203 3436 1322 3482 erat
1372 3426 1701 3495 Epiphanes,
1745 3440 1969 3495 regnum
2038 3435 2109 3480 te-

2220 3420 2617 3495 αίχμαλωσίας.
2647 3419 3042 3489 Κεκρατήκασι
3092 3416 3203 3487 γὰρ
3246 3415 3357 3469 τῶν
3400 3412 3630 3485 ἐχθρῶν.
3670 3406 3808 3465 Εἶτα

530 3540 667 3578 ιιειιε
690 3580 691 3583 η
718 3521 881 3586 Asiae,
909 3518 1150 3575 oﬂeusus
1190 3530 1275 3574 est
1305 3520 1358 3575 in
1396 3534 1543 3582 eum,
1577 3518 1667 3585 qui
1704 3526 1815 3571 tum
1854 3517 2113 3586 temporis

528 3614 864 3687 Egyptiacae
917 3623 1074 3667 terra:
1118 3626 1342 3680 regnum
1394 3611 1693 3679 occupabat
1739 3606 2109 3670 Ptoleuuemn,

530 3708 831 3779 proelioque
914 3704 1205 3759 commisso
1264 3703 1437 3757 victus
1518 3711 1624 3766 est,
1666 3704 1863 3772 vixque
1935 3700 2115 3754 Salvus

529 3796 739 3867 eﬂugit.
794 3795 872 3851 Ne
904 3810 1033 3849 vero
1054 3795 1275 3848 omnino
1317 3810 1375 3848 re
1404 3792 1602 3849 iniecta
1635 3793 1855 3847 domum
1887 3791 2111 3855 rediret,

531 3890 679 3945 nullo
746 3889 950 3958 potitus
1020 3886 1262 3940 victoriae
1352 3894 1724 3948 monumento,
1768 3883 1912 3939 bello
1965 3883 2113 3936 illato

529 3982 728 4038 Judaaaa
755 3979 1123 4049 Hierosolyma
1167 3978 1474 4046 occupavit,
1510 3988 1565 4031 et
1593 3982 1694 4031 sub
1727 3990 1969 4043 manum,
1991 3974 2113 4026 diti-

530 4078 798 4139 onem‘que
826 4068 1291 4139 redigeus,omnia
1340 4082 1469 4120 vasa
1517 4082 1671 4121 sacra
1717 4065 1978 4134 diripiens
2008 4062 2113 4131 Ly-

531 4162 669 4217 siam
698 4159 988 4229 quemdam
1034 4159 1224 4212 ducem
1250 4156 1449 4213 Judaea)
1504 4158 1766 4225 praefecit,
1786 4170 1848 4210 ac
1890 4156 2115 4226 praefec-

533 4264 710 4307 turam
727 4252 773 4305 ei
800 4250 1051 4305 tuendam
1068 4265 1130 4304 ac
1147 4250 1575 4304 coaservandam
1604 4248 2112 4303 demandavit.Tum

531 4345 821 4408 Antiocho,
839 4359 1000 4415 quem
1032 4341 1559 4407 commemoravi,ad
1592 4357 1748 4396 suum
1770 4357 1992 4411 regnum
2023 4358 2113 4396 re-

531 4438 926 4505 verso,bellum
956 4448 1208 4509 gerentes
1253 4435 1419 4491 Judaei
1450 4450 1572 4489 cum
1626 4434 1785 4507 Lysia
1834 4433 2113 4503 praefecto,

533 4532 881 4603 subegerunt.
898 4531 1015 4597 Quo
1041 4530 1277 4599 cognito,
1299 4527 1598 4582 Antiochus
1624 4542 1733 4596 pra:
1756 4527 1940 4582 dolore
1956 4527 2110 4580 obiit.

532 4624 809 4678 Promittit
850 4623 1035 4691 itaque
1073 4620 1332 4675 auxilium
1377 4619 1744 4674 universitatis
1785 4618 1923 4671 Deus
1948 4633 1976 4671 a
2008 4615 2114 4670 Na-

532 4715 982 4773 buchodonosoro
1012 4713 1231 4782 quidem
1260 4710 1907 4780 subactis,captivitatem
1934 4720 2111 4764 tamen

2216 3518 2408 3590 χρόνου
2459 3513 2751 3584 προϊόντος,
2814 3510 3086 3581 Ἀντίοχος
3144 3510 3173 3562 6
3211 3507 3442 3578 ἐπίκὶην
3506 3505 3808 3575 Ἐπιφανὴς

2216 3608 2517 3682 βασιλεύων
2544 3604 2645 3675 τῆς
2692 3603 2896 3667 Ἀσίας,
2930 3601 3231 3672 λελύπηται
3272 3599 3370 3670 μὲν
3405 3598 3541 3670 πρὸς
3583 3597 3671 3651 τὸν
3706 3597 3807 3666 βα-

2216 3702 2497 3757 σιλεύοντα
2519 3699 2581 3754 τὸ
2622 3697 2875 3769 τηνικάδε
2930 3696 3031 3766 τῆς
3084 3694 3399 3763 Αἰγυπτίων
3459 3693 3562 3762 γῆς
3611 3690 3808 3745 Πτολε-

2218 3797 2414 3867 μαῖονσ
2489 3791 2866 3863 συγκροτήσας
2928 3789 2985 3842 δὲ
3053 3787 3309 3857 πόλεμον,
3372 3784 3620 3854 νενίκητο
3683 3782 3803 3854 μὲν,

2212 3886 2501 3950 διεσώζετο
2528 3885 2583 3938 δέ
2620 3884 2792 3955 μόλις.
2823 3883 2943 3935 Ἵνα
2984 3882 3041 3935 δὲ
3094 3880 3169 3952 μὴ
3216 3880 3498 3950 ἄπρακτος
3525 3877 3807 3941 παντελως

2214 3979 2413 4050 δράμοι
2477 3977 2682 4041 οἴκαδε,
2739 3975 2891 4031 οὐδὲν
2942 3974 3081 4045 ἔχων
3119 3974 3221 4045 τῆς
3272 3974 3428 4046 νίκης
3478 3972 3805 4045 ὑπόμνημα,

2216 4068 2648 4140 κατεστράτευσε
2679 4066 2777 4136 τῆς
2826 4064 3109 4131 Ἰουδαίας,
3165 4058 3277 4117 εἷλε
3309 4063 3380 4116 τά
3426 4063 3802 4135 Ἰεροσόλυμα.

2217 4162 2313 4215 καὶ
2363 4160 2470 4214 ὑπὸ
2513 4162 2671 4231 χεῖρα
2690 4157 2870 4212 λαϐὼν
2898 4157 3078 4211 πάντα
3101 4156 3169 4210 τὰ
3199 4155 3366 4226 σκεύη
3399 4157 3467 4209 τὰ
3493 4155 3626 4231 ἅγια
3649 4157 3805 4226 διαρ-

2217 4256 2418 4319 πάσας,
2450 4253 2655 4306 Λυσίαν
2681 4250 2805 4304 τινὰ
2836 4249 3138 4321 στρατηγὸν
3170 4248 3412 4320 ἐνίδρυσε
3439 4251 3503 4320 τῇ
3554 4248 3804 4319 Ἰουδαίᾳ,

2216 4348 2404 4416 τηρεῖν
2456 4342 2717 4408 ἐπιτάξας
2781 4341 2931 4412 αύτῷ
2991 4340 3090 4411 τὴν
3140 4340 3336 4411 ἀρχήν.
3414 4340 3639 4412 Ἐπειδὴ
3691 4340 3747 4393 δὲ
3777 4343 3806 4394 6

2221 4434 2622 4508 μνημονευθεὶς
2693 4434 2982 4504 Ἀντίοχος,
3018 4434 3097 4497 είς
3134 4432 3236 4503 τὴν
3267 4431 3460 4485 ἐαυτοῦ
3492 4432 3804 4506 δεδράμηκε

2220 4527 2536 4599 βασιλείαν,
2585 4526 3034 4598 πεπολεμήκασιν
3081 4526 3131 4578 οἱ
3203 4525 3446 4579 Ἰουδαῖοι
3497 4526 3672 4595 Λυσίᾳ
3726 4525 3806 4596 τῷ

2220 4620 2529 4691 στρατηγῷ,
2591 4621 2685 4674 καὶ
2743 4622 3078 4692 νενικήκασι.
3142 4617 3328 4673 Ταῦτα
3383 4619 3447 4691 δὴ
3540 4618 3731 4691 μαθὼν
3777 4622 3807 4673 6

2230 4714 2499 4785 Ἀντίοχος
2542 4714 2607 4766 ἐκ
2663 4712 2839 4783 λύπης
2886 4713 3131 4784 τελευτᾷ.
3203 4712 3574 4782 Ύπισχνείται
3623 4713 3805 4766 τοίνυν

535 4808 663 4860 licet
716 4820 859 4873 aegre
914 4802 1321 4871 eﬂ‘ugientibus,
1358 4813 1415 4856 et
1441 4802 1514 4855 ait
1549 4820 1563 4855 :
1604 4819 1621 4853 ι
1654 4800 1721 4855 Ει
1756 4797 1943 4854 allidet
1973 4800 2109 4855 Deus

2214 4805 2313 4877 τὴν
2341 4805 2663 4876 ἐπικουρίαν
2693 4806 2721 4857 6
2754 4804 2861 4858 τῶν
2894 4805 3031 4859 ὅλων
3058 4805 3191 4869 Θεὸς
3214 4808 3328 4871 τοῖς
3361 4803 3806 4876 πεπορθημένοις

535 4900 879 4967 insurgentes
901 4904 1089 4950 contra
1114 4905 1351 4951 montem
1372 4893 1522 4948 Sion.
1550 4913 1569 4946 ι
1587 4892 1802 4959 Audin”,
1827 4908 1934 4963 quo
1956 4902 2114 4962 pacto

533 4994 697 5042 etiam
754 4990 845 5059 qui
907 4991 1161 5056 percutit,
1194 4987 1386 5041 sanat?
1424 4990 1513 5055 qui
1571 4996 1697 5041 sunt
1736 5001 1866 5055 ergo
1929 4987 2112 5039 insur-

534 5082 772 5151 gentes?
810 5082 967 5153 Syria
1036 5098 1065 5136 a
1106 5081 1236 5136 solis
1282 5089 1505 5141 ortu,et
1531 5076 1705 5134 Graeci
1744 5093 1773 5132 a
1805 5078 1933 5133 solis
1956 5093 2114 5133 occa-

535 5189 618 5226 su.
662 5172 886 5228 Graacus
944 5174 1088 5228 enim
1164 5186 1362 5242 genere
1411 5180 1530 5224 erat
1589 5170 1909 5236 Antiochus,
1940 5171 2033 5238 qui
2081 5184 2113 5223 e

536 5266 847 5320 MacedOnia
875 5280 1147 5337 eruperat.
1179 5265 1255 5320 Ea
1276 5280 1405 5318 vero
1430 5275 1513 5320 est
1545 5265 1610 5318 ad
1639 5278 1887 5319 occasum
1917 5279 1931 5315 :
1963 5262 2115 5332 quip-

536 5375 602 5429 pe
668 5375 795 5428 pars
861 5361 1159 5415 occidentis
1211 5369 1297 5415 est
1344 5358 1700 5413 Macedonum
1764 5357 1931 5428 regio,
1996 5370 2114 5409 ma-

537 5451 683 5506 xime
710 5452 927 5519 quando
978 5452 1143 5506 veluti
1184 5466 1282 5521 per
1328 5450 1787 5521 comparationem
1832 5447 2009 5519 quoad
2035 5448 2112 5502 si-

2219 4899 2325 4954 ὑπὸ
2352 4898 2445 4952 τοῦ
2487 4898 2979 4970 Ναϐουχοδονόσορ,
3030 4898 3353 4968 διαφυγοῦσι
3386 4898 3445 4953 δὲ
3498 4899 3656 4969 μόλις
3703 4900 3805 4970 τὴν

2217 4992 2591 5065 αἰχμαλωσίαν
2606 5010 2678 5064 φη
2688 4992 2787 5045 σίν·
2814 5010 2831 5043 ι
2852 4992 2961 5047 Καὶ
2980 4990 3131 5064 ράξει
3155 4994 3184 5046 6
3202 4991 3332 5056 Θεὸς
3361 4993 3487 5056 τοὺς
3508 4993 3805 5046 ἐπανιστα-

2222 5086 2416 5158 μένους
2450 5086 2537 5139 ἐπ’
2567 5086 2691 5155 ὃρος
2723 5084 2860 5139 Σιὼν
2892 5085 2979 5138 ἐπ’
3006 5084 3225 5147 αὐτούς.
3249 5103 3269 5137 ι
3315 5086 3556 5151 Ἀκούεις
3590 5088 3739 5149 ὅπως
3776 5090 3805 5141 6

2220 5176 2430 5248 πλήξας
2475 5177 2569 5230 καλ⁵
2620 5178 2815 5247 μωτοϊ;
2888 5177 3031 5241 τίνες
3090 5172 3186 5230 οὖν
3229 5178 3279 5233 oi
3334 5178 3801 5249 ἐπανιστάμενοις

2218 5270 2387 5342 Συρία
2424 5269 2516 5337 ἀφ’
2542 5269 2688 5339 ἡλίου
2722 5269 3017 5334 ἀνατολῶν,
3059 5270 3151 5325 καὶ
3179 5271 3227 5323 oi
3256 5268 3516 5343 Ἕλληνες
3533 5272 3627 5339 ἀφ’
3651 5272 3802 5343 ήλίου

2218 5361 2458 5434 δυσμῶν.
2502 5362 2703 5432 Ἕλλην
2727 5362 2836 5433 γὰρ
2866 5358 2935 5433 ἦν
2962 5363 3024 5416 τὸ
3050 5362 3208 5431 γένος
3250 5364 3280 5415 6
3343 5364 3634 5434 Ἀντίοχος,
3680 5366 3707 5417 6
3736 5365 3806 5418 ἐκ

2217 5448 2559 5513 Μακεδονίας
2615 5451 2953 5521 ὁρμώμενος.
3024 5451 3168 5522 Πρὸς
3240 5452 3473 5523 δυσμαῖς
3534 5454 3592 5507 δὲ
3636 5452 3802 5525 αὕτη.

538 5552 649 5596 ιιιιιι
714 5543 781 5597 de
846 5541 1052 5598 Graecis
1106 5543 1445 5614 intelligitur.
1516 5540 1641 5613 Syri
1706 5550 1885 5596 autem
1933 5541 1987 5595 hi
2057 5549 2109 5593 et

2214 5542 2397 5613 Μέρος
2428 5541 2535 5614 γὰρ
2567 5542 2666 5613 τῆς
2720 5542 2993 5615 Ἐσπέρας
3022 5546 3056 5615 ὴ
3095 5544 3203 5598 τῶν
3255 5545 3578 5603 Μακεδόνων
3625 5546 3803 5625 χώρα,

536 5631 882 5690 Damasceni.
921 5634 1185 5701 Quoniam
1226 5646 1405 5689 autem
1460 5635 1528 5690 de
1581 5633 1787 5689 Grccis
1834 5633 1930 5698 ait,
1950 5632 2115 5687 devo-

2222 5634 2438 5705 μάλισθ’
2456 5636 2582 5689 ὅταν
2614 5636 2690 5700 ὡς
2711 5636 2844 5707 πρὸς
2875 5638 3160 5709 σύγκρισιν
3188 5640 3387 5692 νοεῖται
3404 5639 3601 5703 ,σκατά
3615 5657 3678 5709 γε
3705 5640 3806 5709 τὴν

538 5738 723 5783 rantes
778 5726 1030 5784 lsraelem
1092 5737 1204 5786 toto
1248 5742 1366 5793 ore,
1420 5726 1726 5794 sciendum,
1774 5725 2097 5783 Antiochum

2212 5727 2377 5798 θέσιν,
2410 5728 2519 5783 τῶν
2566 5729 2659 5799 ἀφ’
2692 5730 2844 5799 ἡλίου
2884 5731 3179 5787 ἀνατολῶν.
3226 5730 3388 5803 Σύροι
3430 5732 3489 5788 δὲ
3520 5726 3667 5789 οὗτοι
3707 5733 3807 5788 καὶ
3861 5796 3867 5802 ,
