4152 6366
401 399 506 454 269

1530 401 1595 455 IN
1635 401 1864 455 ISAIAM
1907 400 2035 457 LIII.
2079 403 2119 455 I.
2160 400 2367 455 ΟΒᾹΤ.
2413 399 2477 454 Π

3558 396 3665 452 270

400 511 659 581 judicium
695 526 978 580 vocamur,
1010 512 1282 582 quomodo
1320 513 1409 568 ille
1445 523 1691 569 servatus
1741 516 1834 578 sit,
1887 529 1982 567 no-

2087 512 2364 581 λέγοντες·
2401 532 2419 563 ι
2461 512 2754 582 Ἄρχοντες
2778 509 2869 563 τοῦ
2911 507 3038 562 λαοῦ
3071 508 3163 561 καὶ
3190 505 3569 577 πρεσῦύτεροι,
3614 506 3661 557 εί

405 616 519 660 tum
546 604 619 658 si:
647 603 826 669 vobis,
860 614 918 659 et
952 605 1049 659 toti
1074 605 1292 675 populo,
1322 606 1466 674 quod
1503 607 1556 660 in
1595 605 1812 660 nomine
1854 603 1980 659 .lesu

402 696 647 754 Νειηηί
672 696 713 751 ³.
749 714 769 749 ι
798 695 865 752 Ili
894 698 1039 751 enim
1064 697 1330 763 seniores,
1367 714 1534 769 penes
1567 713 1705 769 quos
1731 697 1983 768 judican-

401 790 453 843 di
484 799 726 859 potestas
750 799 889 855 erat,
920 804 1028 845 non
1056 800 1235 845 rectas
1267 792 1333 846 de
1375 792 1537 846 rebus
1577 791 1806 862 singulis
1848 788 1983 844 tole-

406 892 536 936 runt
576 882 900 949 sententias,
956 882 1246 938 insatiabili
1282 882 1575 953 cupiditate
1625 896 1847 936 munera
1887 896 1980 935 ca-

400 976 634 1045 pientes,
682 983 739 1030 et
789 974 1163 1045 proximorum
1198 976 1369 1031 facies
1405 975 1759 1039 admirantes,
1805 989 1981 1043 quan-

405 1068 603 1123 tumvis
626 1067 710 1123 lex
745 1084 844 1139 per
872 1068 1058 1125 Mosen
1083 1069 1344 1126 clamaret
1377 1087 1391 1124 :
1423 1087 1443 1121 ι
1474 1068 1741 1125 Judicium
1773 1069 1980 1140 justum

395 1159 638 1227 iudicate
664 1162 729 1215 ἐ
768 1179 789 1213 υ
831 1170 886 1215 et
917 1160 1119 1230 ubique
1166 1160 1467 1217 inculcaret
1503 1178 1517 1215 :
1548 1178 1567 1212 ι
1599 1159 1714 1215 Non
1750 1160 1982 1229 accipies

402 1267 691 1321 personam
754 1252 809 1308 in
855 1252 1061 1323 judicio
1096 1253 1139 1307 ³.
1188 1271 1210 1305 ι
1255 1251 1368 1309 lloc
1418 1260 1504 1308 est
1546 1252 1731 1323 igitur,
1784 1253 1980 1322 inquit,

403 1345 753 1415 principium.
785 1344 1032 1400 Ilabetur
1050 1358 1180 1399 vero
1210 1345 1377 1401 etiam
1401 1354 1583 1414 caput.
1619 1344 1794 1414 Caput
1833 1345 1981 1399 enim

401 1434 580 1503 populi
625 1434 906 1499 sacerdos,
955 1435 1174 1504 quando
1222 1435 1371 1490 velut
1428 1436 1625 1490 in‘uno
1669 1434 1983 1505 intelligitur

397 1538 650 1593 corpore.
693 1523 1065 1579 Auferendum
1114 1539 1245 1579 vero
1278 1524 1356 1580 ait
1404 1540 1529 1581 cum
1570 1540 1723 1589 sene,
1758 1536 1814 1581 et
1854 1540 1983 1596 pro-

400 1622 617 1687 phetam
638 1630 692 1675 et
711 1620 997 1675 docentem
1037 1620 1223 1689 iniqua
1259 1635 1460 1690 :quem
1508 1620 1642 1676 dicit
1688 1634 1810 1675 esse
1855 1634 1983 1674 cau-

398 1712 549 1773 dam,
577 1711 679 1765 hoc
708 1720 812 1776 est,
844 1710 897 1764 id
924 1712 1066 1778 quod
1093 1710 1363 1779 sequitur.
1401 1710 1569 1765 Erant
1595 1710 1741 1764 enim
1761 1710 1980 1780 quidam

400 1801 545 1869 apud
572 1799 791 1856 Iudaeos
818 1800 910 1870 qui
938 1800 1110 1870 legem
1132 1815 1164 1854 a
1198 1799 1602 1870 sapientissimo
1625 1798 1771 1855 Mose
1797 1800 1977 1854 datam

2086 608 2248 677 ἡμεῖς
2285 606 2524 675 σήμερον
2554 601 2971 675 ἀνακρουόμεθα
3002 600 3095 653 ἐπὶ
3125 598 3414 670 εὐεργεσίᾳ
3451 595 3664 669 ἀνθρώ-

2084 713 2190 749 που
2220 694 2501 758 ἀσθενοῦς,
2526 696 2582 747 ἐν
2614 694 2718 748 τίνι
2745 689 2899 757 οὗτος
2928 692 3220 756 σέσωσται,
3251 690 3490 760 γνωστὸν
3523 690 3664 743 ἔστω

2085 790 2217 859 ὑμῖν
2252 787 2347 841 καὶ
2376 788 2538 841 παντὶ
2578 786 2656 857 τῷ
2689 786 2824 857 λαῷ,
2871 787 2952 840 ὅτι
2998 788 3056 839 ἐν
3095 785 3173 857 τῷ
3205 786 3429 854 ὀνόματι
3489 782 3662 855 Ἰησοῦ

2083 879 2321 952 Χριστοῦ
2354 879 2446 932 τοῦ
2486 878 2833 951 Ναζωραίου.
2877 898 2895 930 ›
2930 874 3087 933 Οὗτοι
3120 878 3228 950 γὰρ
3273 881 3323 932 oi.
3362 876 3665 948 πρεσϐύτε-

2088 992 2191 1045 ροι,
2227 974 2326 1045 τὴν
2375 974 2469 1027 τοῦ
2516 973 2726 1045 κρίνειν
2769 973 2983 1044 ἔχοντες
3028 973 3301 1041 ἐξουσίαν,
3350 974 3450 1025 οὐκ
3493 971 3666 1043 ὀρθὰς

2083 1065 2183 1129 τὰς
2217 1064 2304 1136 ἐφ’
2341 1066 2558 1136 ἑκάστῳ
2591 1065 2699 1118 τῶν
2743 1065 2875 1137 παρ’
2913 1066 3097 1129 αὐτοῖς
3143 1066 3479 1137 κρινομένων
3516 1067 3663 1118 ἐποι-

2082 1156 2241 1211 οῦντο
2267 1158 2499 1229 ψήφους,
2536 1157 2959 1229 δωροδοκοῦντες
2990 1159 3299 1231 ἀπλήστως,
3336 1160 3429 1213 καὶ
3456 1157 3524 1212 τὰ
3554 1157 3664 1211 τῶν

2084 1250 2359 1304 πλουσίων
2410 1248 2787 1321 θαυμάζοντες
2827 1250 3133 1319 πρόσωπα,
3186 1250 3364 1305 καίτοι
3419 1251 3511 1304 τοῦ
3572 1250 3665 1304 διὰ

2083 1342 2331 1406 Μωσέως
2376 1343 2713 1413 κεκραγότος
2745 1342 2942 1413 νόμου·
2993 1360 3010 1394 ι
3066 1344 3256 1414 Κρῖμα
3295 1343 3500 1397 δίκαιον
3541 1344 3663 1414 κρί-

2083 1449 2232 1485 νατε·
2277 1451 2296 1485 ι
2324 1433 2420 1487 καὶ
2450 1433 2533 1497 τὸ,
2561 1452 2579 1486 ι
2606 1434 2680 1486 Οὺ
2709 1432 2855 1504 λήψῃ
2890 1433 3180 1504 πρόσωπον
3203 1436 3260 1487 ὲν
3292 1435 3494 1505 κρίσει,
3529 1455 3546 1487 ι
3579 1452 3663 1488 τι-

2084 1525 2272 1589 θέντος
2316 1529 2590 1599 πανταχῆ.
2649 1526 2801 1597 Αὕτη
2844 1525 3045 1591 τοίνυν,
3074 1528 3256 1597 φησὶν,
3293 1529 3327 1599 ὴ
3361 1529 3537 1601 ἀρχή⁹
3578 1529 3665 1581 λε-

2084 1614 2302 1680 λόγιστο
2334 1618 2390 1671 δὲ
2429 1619 2524 1672 καὶ
2565 1620 2645 1682 είς
2677 1620 2938 1691 κεφαλήν.
2990 1619 3215 1690 Κεφαλὴ
3265 1619 3374 1690 γὰρ
3406 1620 3549 1674 λαῶν
3593 1621 3667 1673 ls-

2087 1710 2237 1781 ρεῦς,
2271 1711 2400 1763 ὅταν
2431 1711 2506 1774 ὼς
2537 1712 2623 1779 ἐφ’
2656 1712 2776 1775 ἐνὸς
2798 1714 2997 1765 νοεῖται
3028 1710 3299 1781 σώματος.
3327 1713 3664 1783 Συναφαιρε-

2086 1802 2349 1873 θήσεσθαι
2383 1803 2440 1857 δὲ
2479 1802 2556 1873 τῷ
2604 1803 2883 1877 πρεσϐύτῃ
2920 1804 3053 1874 φησὶ
3097 1805 3193 1859 καὶ
3239 1806 3526 1877 προφήτην
3573 1807 3667 1857 καὶ

400 1892 900 1960 interpretabantur
945 1892 1186 1962 quidem,
1240 1892 1335 1947 sed
1393 1906 1651 1963 perverse
1690 1892 1980 1959 faciebant,

2087 1896 2406 1951 διδάσκοντα
2436 1896 2632 1966 ἄνομα.
2666 1897 2774 1950 Καὶ
2802 1896 2991 1949 τοῦτον
3022 1891 3161 1950 εἷναί
3190 1913 3324 1966 φησι
3347 1896 3442 1967 τὴν
3477 1896 3662 1968 οὐρὰν.

403 1984 658 2039 Mosaicis
695 1983 876 2039 verbis
912 1983 1233 2038 inducentes
1260 1981 1403 2037 haud
1449 1992 1597 2038 recte
1661 1982 1982 2038 traditiones

400 2091 508 2130 non
540 2076 790 2145 scriptas,
841 2078 1095 2130 mandata
1145 2074 1425 2130 hominum
1462 2085 1627 2143 atque
1685 2074 1978 2129 doctrinas.

406 2166 473 2221 Ili
506 2167 785 2223 Judaicam
833 2167 1041 2238 plebem
1088 2170 1438 2238 deceperunt,
1481 2177 1537 2220 et
1588 2174 1646 2219 ut
1691 2167 1980 2234 superbam

402 2260 677 2314 cervicem
744 2270 935 2314 contra
998 2258 1279 2314 Christum
1345 2258 1602 2329 erigeret,
1664 2257 1980 2312 effecerunt.

400 2350 668 2417 Quoniam
702 2351 865 2423 igitur
899 2352 1267 2421 sequebantur
1310 2350 1363 2404 hi
1396 2364 1611 2420 quoque
1638 2350 1983 2405 sacerdotum

400 2445 724 2509 sententias,
761 2444 851 2512 qui
901 2443 955 2497 in
1005 2443 1196 2498 ordine
1232 2442 1458 2511 locoque
1496 2441 1689 2511 capitis
1734 2441 1984 2496 collocati

398 2546 549 2601 sunt,
581 2550 677 2589 eos
709 2534 936 2588 caudam
960 2532 1279 2589 nominavit.
1303 2531 1461 2598 Nam,
1489 2542 1545 2585 ut
1571 2531 1839 2598 dicebam,
1861 2547 1983 2587 cum

400 2628 469 2681 de
498 2643 607 2681 uno
655 2625 1004 2695 intelligimus
1054 2639 1300 2695 corpore,
1352 2624 1524 2679 cauda
1562 2638 1778 2694 semper
1824 2633 1986 2695 caput

402 2719 775 2788 subsequitur.
826 2717 963 2773 Cum
1011 2727 1192 2773 autem
1243 2716 1534 2786 prophetas
1584 2716 1816 2787 appellat
1866 2728 1982 2780 eos,

401 2812 626 2867 minime
665 2820 887 2868 sanctos
926 2825 1068 2877 esse,
1108 2818 1165 2865 et
1193 2824 1355 2865 verus
1403 2808 1727 2876 putabimus.
1772 2806 1985 2877 Adiecit

401 2905 545 2961 enim
595 2920 693 2961 eos
732 2905 929 2961 docere
976 2903 1180 2974 iniqua.
1241 2902 1434 2957 Verum
1486 2901 1613 2956 illud
1672 2901 1905 2957 dicimus
1967 2917 1981 2953 :

402 2999 573 3052 Erant
622 2996 877 3053 videlicet
914 2995 967 3051 in
1012 2993 1180 3050 Israel
1228 2993 1712 3063 pseudoproplteta:
1756 2990 1986 3047 diversis

407 3089 768 3159 temporibus,
818 3097 931 3143 tum
984 3086 1193 3142 scilicet
1251 3100 1373 3140 cum
1425 3084 1590 3139 etiam
1639 3092 1825 3138 essent
1869 3083 1985 3136 veri

403 3180 697 3250 pr0pbetaz.
752 3176 884 3233 Post
950 3174 1282 3245 captivitatis
1331 3184 1509 3229 autem
1569 3184 1810 3242 tempora
1872 3180 1983 3225 tum

2082 1986 2228 2041 τοῦτ’
2268 1989 2404 2051 ἐστι,
2433 1987 2495 2040 τὸ
2526 1987 2812 2057 ἑπόμενον.
2845 1983 3027 2042 Ἦσαν
3067 1988 3166 2059 μὲν
3201 1988 3311 2059 γάρ
3347 2001 3492 2052 τινες
3514 1989 3666 2060 παρά

2082 2081 2193 2142 τοῖς
2228 2078 2517 2145 Ἰουδαίοις,
2552 2079 2643 2133 τὸν
2671 2079 2760 2133 διὰ
2796 2078 2887 2133 τοῦ
2923 2080 3198 2149 πανσόφου
3238 2081 3480 2143 Μωσέως
3522 2081 3667 2152 διερ-

2088 2171 2415 2243 μηνεύοντες
2466 2172 2648 2241 νόμονο
2697 2172 2868 2245 ἔδρων
2899 2172 2956 2225 δὲ
2996 2172 3156 2225 τοῦτο
3192 2172 3663 2243 διεστραμμένως.

2082 2266 2197 2327 τοῖς
2220 2263 2310 2318 διὰ
2338 2265 2583 2328 Μωσέως
2608 2264 2789 2334 λόγοις
2821 2264 3115 2332 ἐπάγοντες
3147 2265 3249 2317 οὐκ
3288 2264 3461 2337 ὀρθῶς
3490 2282 3667 2337 παρα-

2083 2355 2259 2421 δόσεις
2285 2356 2584 2427 ἀγράφους,
2620 2357 2935 2427 ἐντάλματα
2960 2354 3261 2427 ἀνθρώπων
3286 2356 3381 2409 καὶ
3412 2356 3667 2409 διδασκα-

2084 2448 2229 2512 λίας.
2267 2443 2431 2503 Οὗτοι
2460 2449 2554 2502 τὸν
2592 2448 2701 2502 τῶν
2742 2449 3013 2502 Ἰουδαίων
3052 2449 3430 2521 πεπλανήκασι
3468 2450 3661 2521 δῆμον,

2084 2538 2180 2590 καὶ
2209 2536 2413 2609 γαῦρον
2460 2538 2669 2609 ἐγεῖραι
2718 2539 2859 2592 κατὰ
2905 2537 3140 2609 Χριστοῦ
3195 2539 3531 2610 πεποιήκασι
3573 2541 3666 2593 τὸν

2085 2630 2307 2701 αὐχένα.
2374 2631 2593 2702 Ἐπειδὴ
2638 2628 2817 2684 τοίνυν
2854 2630 3068 2683 εἵποντο
3101 2628 3196 2683 καὶ
3221 2622 3367 2682 οὗτοι
3400 2633 3519 2694 ταῖς
3558 2631 3667 2684 τῶν

2089 2722 2279 2793 ἱερέων
2302 2720 2571 2792 γνώμαις,
2604 2722 2652 2775 οἳ
2687 2722 2781 2775 καὶ
2811 2722 2870 2775 ἐν
2908 2722 3057 2787 τάξει
3101 2723 3341 2776 τέθειντο
3368 2724 3467 2793 τῆς
3492 2741 3666 2794 κεφα-

2084 2804 2205 2877 λῆς,
2240 2806 2407 2878 οὐρὰν
2435 2806 2721 2878 ὠνόμασεν
2762 2809 2981 2873 αὐτούς.
3045 2809 3134 2874 Ὦς
3165 2810 3276 2881 γὰρ
3323 2811 3484 2881 ἔφην,
3538 2814 3668 2867 ὅταν

2084 2898 2161 2962 ὡς
2193 2900 2278 2968 ἐφ’
2306 2899 2424 2962 ἐνὸς
2450 2900 2659 2971 νοῶμεν
2694 2900 2966 2973 σώματος,
2995 2902 3185 2957 ἕπεται
3224 2902 3443 2968 πάντως
3472 2906 3506 2975 ὴ
3533 2905 3668 2975 ούρὰ

2083 2992 2151 3061 τῇ
2183 2991 2416 3063 κεφαλῇ,
2459 2991 2676 3064 Ἐπειδὴ
2708 2992 2764 3045 δὲ
2806 2995 3091 3065 προφήτας
3121 2995 3406 3067 ὠνόμασεν
3448 3001 3669 3064 αὐτοὺς,

2084 3084 2185 3153 οὐχ
2224 3083 2415 3152 ἁγίους
2457 3080 2599 3136 εἶναι
2630 3085 2726 3137 καὶ
2758 3084 2981 3157 ἀληθεῖς
3030 3086 3379 3158 λογιούμεθα.
3431 3091 3669 3160 Προστέ-

2087 3172 2235 3226 θεικε
2280 3172 2388 3244 γάρ
2432 3172 2514 3239 τὸ,
2550 3174 2631 3227 ὅτι
2669 3173 3012 3228 διδάσκουσιν
3062 3176 3259 3248 ἄνομα.
3310 3180 3456 3252 Πλὴν
3490 3182 3669 3235 ἐκεῖνό

402 3277 573 3331 fuisse
596 3274 756 3341 alios,
800 3285 963 3328 nemo
994 3270 1276 3327 commode
1320 3276 1376 3323 et
1417 3282 1545 3323 vere
1600 3267 1795 3323 dixerit
1838 3264 1982 3319 :nisi

2087 3281 2291 3336 φαμεν⁸
2310 3262 2491 3319 Ἦσαν
2526 3265 2627 3336 μὲν
2654 3264 2762 3337 γάρ
2782 3267 2838 3318 ἐν
2865 3266 2943 3337 τῷ
2985 3268 3200 3339 Ἰσραὴλ
3226 3269 3669 3342 ψευδοπροφῆται

407 3372 547 3424 forte
575 3368 700 3434 quis
730 3380 827 3421 eos
847 3365 1016 3428 dicat,
1047 3377 1186 3434 quos
1225 3359 1488 3417 Gamaliel
1532 3360 1667 3429 legis
1704 3360 1912 3425 doctor,
1934 3366 1989 3412 ct

406 3462 563 3535 165
598 3462 686 3517 vir
730 3461 830 3516 toti
880 3458 1079 3530 populo
1138 3455 1465 3513 venerabilis
1519 3453 1984 3517 commemoravit,

406 3554 865 3625 quemadmodum
893 3552 1154 3622 scriptum
1185 3558 1271 3604 est
1301 3547 1355 3602 in
1393 3547 1546 3601 Actis
1594 3544 1985 3617 apostolorum.

406 3648 497 3701 Sic
528 3644 677 3700 enim
716 3645 784 3699 de
811 3642 1019 3697 sanctis
1063 3636 1323 3709 apostolis
1381 3636 1573 3691 allatus
1614 3643 1698 3691 est
1748 3649 1843 3689 eos
1893 3632 1986 3703 qui

402 3738 645 3793 erantin
675 3734 951 3791 concilio:
991 3750 1011 3785 ι
1050 3730 1164 3786 Viri
1211 3729 1490 3793 Israelita,
1538 3747 1558 3781 ι
1608 3726 1801 3797 inquit,
1845 3744 1865 3778 ι
1905 3734 1989 3781 at-

405 3832 612 3885 tendite
649 3829 805 3883 vobis
839 3827 997 3896 ipsis,
1020 3823 1149 3894 quid
1189 3824 1256 3877 de
1289 3821 1597 3876 hominibus
1634 3820 1718 3873 bis
1749 3818 1870 3874 sitis
1896 3819 1981 3871 fa-

404 3920 566 3973 cturi.
600 3918 733 3972 Nam
763 3926 891 3971 ante
913 3916 1016 3971 hos
1050 3915 1167 3969 dies
1197 3922 1421 3967 exortus
1462 3920 1547 3967 est
1584 3908 1859 3976 Theudas,
1894 3910 1987 3978 qui

404 4012 622 4065 dicebat
654 4024 714 4063 se
742 4021 866 4063 esse
894 4005 1201 4075 quempiam
1254 4017 1531 4074 magnum,
1590 4001 1676 4057 cui
1730 4015 1987 4054 numerus

409 4103 689 4157 hominum
718 4103 841 4171 plus
872 4099 1050 4154 minus
1079 4096 1599 4167 quadringentorum
1635 4093 1879 4147 adhaesit.
1921 4090 1987 4145 Et

409 4196 455 4249 is
480 4194 727 4249 sublatus
758 4201 865 4259 est,
900 4200 955 4247 et
999 4197 1265 4261 quotquot
1295 4187 1559 4258 parebant
1605 4184 1656 4241 ei
1700 4184 1886 4251 deleti,
1931 4192 1987 4238 et

406 4290 473 4343 ad
501 4288 730 4343 nihilum
769 4284 979 4341 redacti
1005 4293 1153 4339 sunt.
1186 4280 1316 4336 Post
1342 4280 1487 4334 hunc
1513 4286 1734 4334 exortus
1775 4285 1859 4331 est
1892 4274 1988 4329 Ju-

409 4383 507 4435 das
538 4377 796 4436 Galil-atus
841 4375 1177 4445 temporibus
1232 4369 1634 4440 descriptionis,
1681 4376 1739 4423 et
1789 4366 1987 4421 avertit

409 4470 663 4541 populum
704 4474 827 4538 post
864 4481 924 4522 se
956 4483 970 4520 :
1003 4466 1098 4520 sed
1136 4473 1193 4519 et
1240 4463 1285 4518 is
1330 4462 1511 4533 periit,
1552 4470 1608 4515 et
1657 4473 1846 4514 omnes
1895 4456 1986 4528 qui

407 4563 673 4635 parebant
695 4561 767 4627 ei,
800 4558 1031 4629 dispersi
1066 4564 1194 4611 sunt
1226 4554 1270 4609 ‘.
1316 4574 1334 4607 ι
1382 4554 1752 4609 Auferendum
1806 4552 1988 4620 itaque

407 4658 542 4712 dicit
580 4666 765 4726 caput,
800 4662 857 4708 et
892 4652 1145 4717 caudam,
1188 4651 1341 4719 juxta
1378 4662 1502 4704 eum
1552 4660 1771 4700 sensum
1828 4657 1989 4712 quem

410 4766 554 4807 nunc
590 4748 944 4804 reddidimus.
981 4745 1177 4800 Verum
1218 4744 1332 4797 fore
1382 4739 1538 4802 dicit,
1586 4738 1677 4808 qui
1717 4736 1861 4790 hunc
1899 4748 1997 4804 po-

411 4846 594 4917 pulum
623 4841 834 4897 felicem
868 4840 1185 4911 praedicent,
1230 4837 1577 4898 seducentes,
1631 4840 1689 4885 et
1738 4831 1994 4884 seductu-

411 4954 520 5001 ros,
558 4947 617 4990 ut
666 4934 998 4989 absorbeant
1040 4945 1153 4985 eos.
1188 4926 1498 4982 Judaeorum
1539 4923 1683 4978 enim
1716 4935 1993 4992 proceres.

411 5033 607 5100 quibus
652 5042 870 5082 sacrum
932 5024 1280 5091 divinumque
1316 5016 1723 5073 tabernaculum
1762 5028 1989 5069 concre-

412 5123 582 5174 ditum
617 5128 725 5182 est,
757 5126 813 5171 et
847 5114 938 5185 qui
971 5114 1039 5167 ad
1070 5108 1340 5166 sacrificia
1362 5108 1516 5176 juxta
1543 5105 1714 5175 legem
1741 5102 1986 5157 facienda

411 5211 692 5267 constituti
714 5218 889 5270 erant,
920 5206 1176 5277 populum
1207 5202 1309 5258 sibi
1342 5200 1614 5255 subditqu
1639 5198 1705 5253 ad
1722 5197 1987 5253 donorum

411 5299 711 5353 oblationes
737 5295 1188 5358 cohortabantur,
1227 5292 1418 5345 beatos
1446 5303 1541 5344 eos
1566 5287 1811 5342 dicentes
1842 5299 1981 5349 esse,

413 5396 459 5445 si
510 5391 725 5445 abunde
766 5397 997 5457 utraque
1026 5399 1186 5440 manu
1233 5380 1526 5445 oﬂ‘errent,
1584 5380 1745 5449 idque
1792 5379 1994 5432 acriter

416 5484 757 5546 factitabant,
798 5496 906 5535 non
949 5476 1227 5548 religionis
1269 5490 1398 5545 erga
1451 5473 1618 5527 Deum
1671 5486 1800 5526 cura
1838 5470 1990 5536 tacti,

418 5576 513 5630 sed
545 5590 703 5631 suum
732 5582 1001 5644 quaestum
1032 5579 1363 5640 spectantes.
1386 5566 1499 5622 Ilac
1529 5566 1761 5630 ratione,
1792 5564 1990 5633 inquit,

420 5669 704 5734 seducunt,
737 5676 797 5723 ut
825 5669 1153 5723 absorbeaut
1182 5679 1295 5720 eos.
1333 5660 1469 5716 Cum
1516 5659 1662 5715 enim
1701 5656 1992 5713 insatiabili

500 5828 515 5855 '
546 5826 666 5882 Act.
693 5823 934 5890 tv,8-I0.
1011 5823 1031 5854 '
1060 5822 1212 5877 Dent.
1256 5837 1292 5885 ι,
1334 5820 1417 5874 Ili.

2018 4597 2067 4656 D

2089 3355 2233 3410 κατὰ
2263 3357 2508 3427 καιροὺς,
2544 3355 2789 3426 δηλονότι
2825 3356 2951 3410 καθ’
2982 3357 3077 3420 οὓς
3113 3354 3255 3429 ἦσαν
3282 3362 3331 3413 oi
3366 3362 3504 3417 κατά
3530 3364 3668 3434 ai...)-

2090 3448 2242 3502 θειαν
2270 3448 2566 3518 προφῆται.
2597 3446 2751 3500 Μετά
2790 3448 2848 3501 δέ
2890 3465 2952 3517 γε
2986 3449 3112 3513 τοὺς
3158 3451 3256 3521 τῆς
3292 3453 3669 3523 αἰχμαλωσίας

2089 3535 2335 3605 καιροὺς,
2374 3535 2659 3606 ἀραρότως
2700 3536 2876 3590 εἰπεῖν
2919 3537 3019 3591 οὐκ
3063 3538 3130 3591 ἂν
3175 3539 3391 3595 δύναιτό
3433 3560 3541 3607 τις,
3586 3546 3669 3599 ὅτι

2088 3624 2344 3693 γεγόνασι
2380 3627 2499 3677 κατ’
2532 3625 2774 3691 ἐκείνους
2819 3627 2997 3699 ἕτεροί
3038 3645 3183 3694 τινες
3204 3646 3218 3660 ⁸
3249 3633 3298 3685 εί
3329 3633 3403 3705 μὴ
3448 3635 3556 3707 ἀρα
3586 3655 3670 3700 τις

2089 3716 2333 3779 ἐκείνους
2367 3715 2540 3785 λέγοι,
2567 3709 2641 3770 ὧν
2673 3718 2766 3771 καὶ
2793 3717 3157 3790 διαμέμνηται
3196 3721 3478 3795 Γαμαλιὴλ
3510 3743 3671 3796 νομο-

2088 3807 2408 3871 διδάσκαλος
2444 3808 2541 3872 ὣν,
2586 3811 2681 3863 καὶ
2718 3810 2900 3880 τίμιος
2940 3814 3104 3868 παντὶ
3144 3814 3224 3886 τῷ
3262 3816 3392 3887 λαῷ,
3430 3822 3573 3873 κατά
3607 3838 3669 3888 γε

2088 3900 2150 3953 τὸ
2180 3900 2566 3971 γεγραμμένον
2589 3901 2647 3954 ἐν
2672 3905 2793 3966 ταῖς
2824 3903 3064 3974 Πράξεσι
3091 3907 3200 3960 τῶν
3231 3910 3403 3977 ἁγίων
3433 3913 3666 3967 ἀποστό-

2089 3992 2216 4047 λων.
2291 3994 2735 4066 Προσπεφώνηκε
2792 3996 2901 4070 γὰρ
2962 3997 3105 4052 οὓτω
3160 4003 3287 4071 περὶ
3335 4003 3443 4057 τῶν
3499 4006 3671 4074 ἁγίων

2089 4085 2404 4140 ἀποστόλων
2452 4090 2564 4151 τοῖς
2595 4089 2654 4141 ἐν
2688 4089 2765 4159 τῷ
2807 4090 3088 4163 συνεδρίῳ,
3123 4092 3332 4161 λέγων·
3374 4114 3394 4147 ι
3444 4098 3669 4170 ’Ἄνδρες

2103 4177 2452 4249 Ἰσραηλῖται,
2498 4180 2795 4251 προσέχετε
2833 4183 3046 4246 ἑαυτοῖς
3087 4186 3178 4239 ἐπὶ
3211 4190 3322 4251 τοῖς
3360 4190 3667 4261 ἀνθρώποις

2090 4268 2320 4332 τούτοις,
2363 4268 2415 4321 τί
2447 4268 2670 4339 μέλλετε
2702 4271 2985 4341 πράσσειν.
3021 4274 3134 4345 Πρὸ
3177 4275 3287 4347 γὰρ
3324 4278 3531 4333 τούτων
3558 4281 3668 4333 τῶν

2089 4360 2313 4431 ἡμερῶν
2353 4361 2549 4433 ἀνέστη
2579 4362 2781 4426 θευδᾶς
2823 4364 2994 4434 λέγων
3027 4367 3149 4419 τινὰ
3179 4365 3317 4422 εἶναι
3348 4371 3537 4424 ἑαυτὸν
3569 4374 3670 4443 μέ-

2091 4470 2214 4521 γαν,
2252 4446 2297 4520 ᾦ
2343 4454 2675 4526 προσεκλίθη
2720 4455 2929 4525 ἀνδρῶν
2981 4458 3213 4528 ἀριθμὸς
3257 4462 3389 4514 ὡσεὶ
3412 4480 3672 4533 τετρακο-

2096 4545 2263 4599 σίων⁶
2307 4544 2364 4608 ὃς
2391 4545 2654 4619 ἀνῃρέθη.
2700 4548 2811 4599 Καὶ
2850 4548 3052 4612 πάντες
3106 4550 3217 4602 ὅσοι
3263 4552 3477 4605 εἵποντο
3522 4553 3673 4623 αὑτῴ

2094 4636 2441 4707 διελύθησαν,
2493 4646 2584 4690 καὶ
2631 4638 2876 4704 ἐγένοντο
2926 4640 3006 4703 είς
3054 4640 3229 4695 οὐδέν.
3283 4643 3437 4695 Μετά
3482 4642 3672 4696 τοῦτον

2090 4727 2292 4797 ἀνέστη
2354 4726 2554 4789 Ἰούδας
2597 4728 2625 4779 ό
2668 4726 2968 4791 Γαλιλαῖος,
3012 4729 3069 4780 ἐν
3119 4731 3241 4792 ταῖς
3292 4728 3529 4800 ἡμέραις
3572 4730 3673 4800 τῆς

2089 4818 2440 4890 ἀπογραφῆς,
2490 4818 2584 4871 καὶ
2630 4816 2910 4888 ἀπέστησε
2956 4819 3084 4873 λαὸν
3133 4821 3310 4873 ὀπίσω
3338 4821 3520 4875 αὑτοῦ.
3557 4823 3673 4875 Κά-

2090 4914 2267 4973 κεῖνος
2323 4908 2594 4971 ἀπώλετο,
2649 4908 2747 4963 καὶ
2797 4909 2997 4972 πάντες
3046 4910 3161 4962 ὅσοι
3213 4911 3491 4966 ἐπείθοντο
3522 4913 3672 4983 αὐτῷ

2087 4999 2604 5072 διεσκορπίσθησαν.
2643 5019 2663 5052 ι
2698 5000 3184 5071 Ἀφαιρεοήσεσθαι
3209 5002 3389 5055 τοίνυν
3417 5006 3553 5074 φησὶ
3576 5022 3673 5058 κε·-

2092 5094 2269 5163 φαλὴν
2324 5092 2417 5145 καὶ
2472 5090 2674 5163 οὐρὰν,
2720 5093 2863 5146 κατά
2904 5108 2969 5160 γε
3012 5092 3112 5163 τὴν
3164 5093 3365 5163 ἀρτίως
3404 5097 3537 5166 ἡμῖν
3581 5098 3673 5150 τὸν

2094 5184 2555 5258 προαποὸοθεῖσαν
2602 5183 2861 5238 διάνοιαν.
2914 5184 3059 5255 Πλὴν
3100 5186 3227 5248 τοὺς
3270 5187 3675 5259 μακαρίζοντας

2093 5279 2222 5332 λαῦν
2264 5279 2453 5332 τοῦτον
2492 5277 2813 5340 πλανῶντας
2858 5276 3077 5331 ἔσεσθαί
3132 5295 3285 5348 φησι,
3318 5281 3412 5332 καὶ
3455 5282 3674 5335 πλανὼ⁴

2097 5391 2180 5427 σιν
2216 5374 2364 5436 ὅπως
2401 5372 2744 5426 καταπίωσιν
2779 5371 2998 5434 αύτούς·
3041 5373 3089 5424 οί
3126 5373 3236 5443 γὰρ
3264 5373 3373 5426 τῶν
3406 5375 3673 5428 Ἰουδαίων

2096 5465 2405 5536 καθηγηταὶ
2447 5462 2544 5535 τὴν
2597 5463 2749 5533 ἱεράν
2798 5478 2859 5514 τε
2908 5461 3002 5515 καὶ
3050 5461 3201 5515 θείαν
3252 5465 3675 5536 πεπιστευμένοι

2097 5560 2321 5629 σκηνὴν,
2361 5558 2456 5611 καὶ
2482 5557 2579 5620 τάς
2619 5555 2761 5611 κατά
2792 5554 2991 5626 νόμους
3020 5553 3212 5619 θυσίας
3246 5555 3513 5610 ἐπιτελεῖν
3556 5558 3674 5610 ἐπι-

2096 5651 2439 5721 τεταγμένοι,
2497 5648 2839 5720 προΰτρεπον
2884 5648 2963 5712 εἰς
3015 5647 3352 5719 δωροφορίας
3396 5650 3523 5713 τοὺς
3566 5646 3673 5702 ὑπὸ

1498 5818 1515 5847 ³
1545 5816 1678 5872 ibid.
1708 5816 1787 5871 Π.
1869 5815 1887 5845 ’⁵
1917 5814 2036 5869 Act.
2067 5828 2118 5876 ν,
2149 5810 2335 5867 55-57.
