4152 6366
474 420 577 473 2'!

1464 405 1521 463 S.
1563 401 1836 458 CYRILLI
1877 392 2349 453 ΑἰιιιίΧΑλυιὶῙΝΙ
2393 386 2711 447 ARCHIEP.

3627 380 3733 438 272

477 527 794 586 divitiarum
826 522 1123 593 cupiditate
1156 526 1488 582 tenerentur,
1538 525 1598 570 ut
1633 514 1768 580 dixi,
1811 527 1916 564 non
1957 512 2054 564 do-

2181 509 2310 577 εεῖρα
2361 505 2543 568 λαοὺς,
2590 499 2900 573 μακαρίους
2935 495 3154 561 ἀὐτοὺς
3186 494 3325 550 εἶναι
3370 494 3640 564 λέγοντες,
3684 499 3734 550 εἰ

475 617 962 691 cebant|populos,
996 615 1140 685 quod
1182 613 1487 681 oportebat,
1537 608 1806 678 implendo
1848 605 2048 675 legem,

481 708 858 769 universitatis
888 707 1056 761 Deum
1092 704 1306 774 placare
1354 718 1367 754 :
1422 699 1515 754 sed
1565 697 1918 752 hortabantur
1959 709 2058 762 po-

481 807 585 859 tius
615 813 671 857 ut
694 802 855 855 etiam
882 798 1018 852 ultra
1060 795 1340 849 facultates
1366 791 1726 847 oblationibus
1762 787 2003 840 colerent
2041 789 2054 824 ε

479 899 548 949 ob
577 906 821 960 eamque
868 903 1086 944 causam
1125 899 1297 953 neque
1353 882 1453 953 ipsi
1493 881 1652 934 ﬁdem
1699 877 2060 932 Christianam

479 986 705 1056 amplexi
731 992 874 1047 sunt,
910 981 1004 1034 sed
1041 977 1203 1032 veluti
1227 976 1408 1029 clauso
1451 987 1613 1040 regno
1665 969 1941 1031 caelorum,
1995 981 2064 1019 ne

478 1080 614 1132 alios
685 1074 902 1145 quidem
980 1086 1045 1126 eo
1129 1067 1334 1136 ingredi
1407 1065 1784 1136 permiserunt.
1851 1057 2061 1112 Etenim

481 1167 725 1239 legalium
771 1167 954 1216 umbra
993 1161 1188 1221 deleta,
1240 1171 1294 1212 et
1337 1155 1643 1219 evangelica
1684 1149 2061 1221 praedicatione

477 1268 729 1328 suscepta
761 1258 1012 1311 sciebant
1048 1254 1281 1323 typicum
1327 1258 1382 1304 et
1421 1256 1702 1301 cruentum
1735 1241 1936 1295 cultum
1967 1252 2060 1307 pe-

479 1353 625 1405 nitus
656 1358 1013 1409 cessaturum,
1063 1355 1116 1398 et
1149 1345 1364 1395 invecto
1398 1338 1544 1392 cultu
1603 1333 1857 1404 spiritali,
1918 1329 2058 1385 desi-

479 1453 598 1496 tura
629 1439 919 1495 sacriﬁcia.
954 1436 1130 1504 Atque
1159 1434 1273 1486 lucc
1308 1430 1524 1499 quidem
1553 1435 1673 1480 erat
1713 1421 2056 1492 inexplebilis

487 1535 722 1604 ipsorum
754 1531 992 1584 avaritiae
1026 1529 1231 1591 integra
1260 1522 1490 1578 eversio.

2162 595 2490 668 προσάγοιεν
2531 589 2881 663 ἀμφιλαφῶς.
2929 589 3138 660 Ἔδρων
3188 586 3246 640 δέ
3292 584 3450 638 τοῦτο
3499 586 3734 658 πικρῶς,

2163 689 2224 741 οὐ
2253 688 2350 757 τῆς
2385 688 2463 749 είς
2498 685 2630 737 Θεὸν
2663 682 2842 745 αἰδοῦς
2879 677 3348 750 μεταποιούμενοι,
3375 673 3469 728 καὶ
3503 691 3736 746 πεφρον-

2164 779 2396 840 τικότες,
2434 776 2546 830 ἀλλ’
2581 778 2659 839 εἰς
2681 775 2779 837 τὰς
2812 774 2961 842 σφῶν
3002 770 3180 824 αὐτῶν
3214 767 3448 840 ὁρῶντες
3485 768 3736 839 φιλοκερ-

2163 872 2300 933 δίας,
2330 869 2512 938 Ταύτῃ
2546 885 2648 930 τοι,
2682 867 2835 936 φησὶ,
2879 864 3172 926 πλανῶσιν,
3204 863 3352 926 ὅπως
3401 861 3740 914 καταπίωσιν

2165 959 2383 1022 αὐτούς.
2460 958 2772 1029 Ἀκόρεστοι
2833 956 2944 1027 γὰρ
3000 955 3171 1018 ὅντες,
3227 953 3302 1015 ὼς
3348 951 3516 1021 ἔφην,
3561 951 3641 1012 είς
3680 950 3742 1002 τὸ

2171 1051 2455 1122 βούλεσθαι
2497 1051 2766 1109 πλουτεῖν,
2818 1049 2915 1118 οὐχ
2963 1045 3366 1116 ὅτιπροσήκει,
3409 1042 3499 1096 διὰ
3522 1041 3617 1095 τοῦ
3651 1040 3742 1094 τὸν

2167 1146 2344 1216 νόμον
2365 1143 2580 1198 ἑλέσθαι
2608 1141 2867 1213 πληροῦν,
2892 1139 2982 1192 τὸν
3007 1138 3115 1191 τῶν
3136 1136 3272 1189 ὅλων
3305 1135 3569 1205 εὐφρᾶναι
3609 1130 3743 1184 Θεὸν

2166 1239 2440 1292 ἐδίδασκον
2485 1239 2611 1300 τούς
2656 1235 2852 1298 λαούς·
2912 1230 3252 1302 προῦτρεπον
3299 1228 3358 1281 δὲ
3408 1226 3607 1298 μᾶλλον
3646 1224 3743 1278 καὶ

2161 1332 2281 1393 ταῖς
2349 1330 2489 1400 ὑπὲρ
2554 1329 2782 1399 δύναμιν
2841 1324 3266 1396 καταγεραίρειν
3330 1319 3742 1391 προσαγωγαῖς.

2163 1422 2382 1493 Ταύτης
2407 1422 2514 1494 γὰρ
2539 1422 2701 1474 ἓνεκα
2723 1419 2823 1489 τῆς
2850 1418 3048 1480 αἰτίας,
3079 1416 3204 1470 οὐτε
3225 1415 3382 1469 αὐτοὶ
3403 1413 3745 1484 προσήκαντο

2162 1515 2262 1586 τὴν
2315 1515 2498 1568 πίστιν
2547 1516 2646 1585 τὴν
2695 1516 2774 1577 εἰς
2805 1510 3088 1583 Χριστὸν,
3133 1509 3404 1570 κλείοντες
3447 1506 3505 1559 δὲ
3555 1503 3746 1573 ῶσπερ

491 1627 593 1697 τὴν
616 1623 888 1696 βασιλείαν
938 1619 1045 1672 τῶν
1095 1615 1372 1688 οὐρανῶν,
1430 1612 1538 1665 οὐδ’
1581 1609 1814 1679 ’ἐτέρους
1869 1603 2128 1658 εἰσελθεῖν
2182 1607 2663 1678 συγκεχωρήκασιν
2708 1604 2786 1666 είς
2836 1602 3026 1672 αὐτήν.
3079 1599 3314 1671 ᾜδεσαν
3365 1596 3474 1666 γὰρ
3517 1595 3600 1646 ὅτι
3646 1592 3746 1661 τῆς

487 1718 630 1771 κατά
687 1715 849 1784 νόμον
896 1712 1169 1782 ἀργούσης
1215 1709 1391 1769 σκιᾶς,
1440 1707 1534 1758 καὶ
1573 1704 1680 1755 τῶν
1714 1699 2084 1768 εὐαγγελικῶν
2118 1700 2488 1769 κηρυγμάτων
2517 1696 2958 1765 εἰσδεδεγμένων,
2992 1691 3332 1746 πεπαύσεται
3363 1690 3580 1752 πάντως
3615 1689 3648 1757 ή
3687 1687 3747 1737 ἐν

482 1813 677 1875 τύποις
733 1810 828 1864 καὶ
865 1807 930 1860 δι’
958 1805 1206 1876 αἱμάτων
1273 1801 1517 1872 λατρεία,
1552 1794 1948 1869 ἀργήσουσιδὲ
1991 1795 2086 1849 καὶ
2129 1795 2329 1856 θυσίαι,
2378 1795 2477 1863 τῆς
2521 1796 2577 1846 ὲν
2621 1793 2890 1862 πνεύματι
2929 1791 3179 1862 λατρείας
3233 1785 3743 1856 εἰσκεκομισμένης.

492 1906 665 1961 Τοῦτο
710 1905 768 1957 δὲ
807 1903 1085 1972 ἀναίρεσις
1127 1896 1395 1962 παντελὴς
1442 1894 1540 1963 τῆς
1585 1891 1811 1960 ἐνούσης
1867 1891 2050 1952 αὐτοῖς
2077 1889 2370 1958 ἀκορέστου
2417 1887 2776 1958 φιλοκερδίας.

559 2001 722 2054 \‘En-s.
764 1999 843 2050 Π.
894 1995 1128 2049 Proinde
1180 1991 1457 2059 juvenibus
1495 2002 1673 2040 eorum
1700 2000 1800 2036 non
1834 1983 2064 2036 delecta-

2236 1987 2337 2036 Διὰ
2368 1983 2542 2036 τοῦτο
2571 1983 2670 2035 ἐπὶ
2722 1981 2864 2047 τοὺς
2897 1981 3258 2045 νεανίσκους
3281 1976 3615 2046 αὐτῶν-οὑκ
3653 1979 3750 2032 εὐ-

486 2091 815 2154 biturDeus,
843 2098 888 2141 el
914 2085 1233 2155 pupillorum
1268 2083 1518 2150 ipsorum,
1550 2088 1595 2130 et
1633 2077 1907 2129 viduarum
1927 2076 2065 2141 ipso-

481 2204 599 2240 rum
643 2201 746 2238 non
796 2179 1144 2241 miserebitur,
1181 2176 1308 2243 quia
1342 2188 1520 2225 antae:
1542 2169 1707 2238 iniqui
1752 2177 1799 2220 et
1824 2166 2065 2236 improbi,

481 2288 530 2334 et
562 2292 714 2331 omne
740 2290 795 2327 os
818 2272 1050 2341 loquitur
1079 2266 1298 2336 injusta.

553 2364 789 2420 Deducit
865 2376 960 2415 nos
1028 2361 1324 2414 etiamnum
1397 2355 1512 2408 haec
1567 2353 1742 2406 oratio
1807 2346 2071 2418 exemplis

491 2457 820 2515 illustribus,
859 2454 1012 2505 adea
1043 2464 1162 2517 quae
1207 2463 1426 2502 sensum
1469 2445 1630 2515 166
1685 2443 1972 2503 excedunt,
2018 2451 2072 2494 et

485 2552 586 2606 sub
617 2545 1023 2614 intelligentiam
1049 2539 1311 2594 recidunt.
1343 2535 1576 2590 Juvenes
1604 2537 1746 2589 enim
1797 2533 1886 2586 hic
1918 2533 2069 2595 dicit,

487 2653 593 2692 non
629 2649 841 2703 semper
881 2633 1088 2684 viiiluis
1125 2626 1391 2696 corporis,
1445 2635 1538 2677 aut
1579 2624 1758 2677 carnis
1792 2623 2072 2691 pubertate

486 2729 766 2790 ﬂorentes,
828 2727 919 2777 sed
987 2724 1209 2774 denotat
1267 2717 1449 2771 verius
1515 2730 1608 2769 eos
1650 2716 1738 2783 qui
1793 2711 1957 2765 animi
2019 2721 2073 2764 et

492 2817 674 2872 cordis
737 2812 903 2867 robur
967 2807 1249 2878 spirituale
1320 2807 1546 2869 habent,
1587 2815 1643 2857 ut
1687 2801 1896 2872 possint
1922 2799 2075 2870 juve-

493 2909 589 2964 nili
623 2907 910 2961 alacritate
965 2911 1110 2956 recte
1138 2899 1289 2953 obire
1346 2913 1430 2962 ea,
1474 2894 1614 2949 umle
1654 2894 1890 2948 illustres
1950 2905 2076 2944 eva-

498 3003 652 3061 dant,
698 2999 913 3064 Deoque
972 2991 1383 3062 spectatissimi,
1444 2987 1702 3055 omnique
1736 2995 2075 3054 generepro-

493 3094 679 3151 bitatis
706 3087 988 3145 cumulati.
1020 3084 1120 3150 Qui
1150 3084 1251 3136 hac
1289 3090 1415 3135 sunt
1455 3078 1790 3139 habitudine,
1822 3087 1916 3129 eos
1943 3071 2077 3124 allo-

497 3190 681 3257 quitur
711 3185 873 3238 etiam
934 3183 1122 3234 beatus
1177 3174 1436 3232 Joannes,
1486 3171 1734 3238 inquiens
1770 3186 1786 3222 :
1823 3187 1842 3220 ι
1886 3165 2076 3221 Scribo

498 3256 668 3343 vobis,
723 3275 1117 3338 adolescentes,
1165 3268 1418 3336 quoniam
1454 3263 1632 3318 fortes
1673 3260 1825 3323 estis,
1855 3267 1910 3312 et
1938 3256 2076 3310 vici-

2170 2074 2578 2144 φρανθήσεται
2607 2077 2640 2129 ό
2663 2073 2826 2139 Θεὸς,
2863 2073 2960 2127 καὶ
2998 2073 3140 2138 τοὺς
3179 2070 3476 2140 ὀρφανοὺς
3514 2068 3747 2131 αὐτῶν,

2171 2164 2271 2216 καὶ
2298 2164 2403 2230 τὰς
2449 2165 2639 2231 χήρας
2663 2163 2876 2217 αὐτῶν
2915 2166 3026 2216 οὐκ
3083 2161 3351 2227 ἐλεήσει,
3393 2160 3486 2213 «ὅτι
3520 2158 3752 2222 πάντες

2169 2257 2380 2326 ἄνομοι
2403 2258 2502 2311 καὶ
2541 2256 2812 2324 πονηροὶ,
2844 2255 2942 2308 καὶ
2971 2253 3091 2308 πᾶν
3129 2254 3324 2322 στόμα
3351 2250 3532 2306 λαλεῖ
3552 2251 3750 2306 ἄδικα.

2253 2348 2545 2418 Ἀποφέρει
2566 2349 2658 2400 καὶ
2679 2346 2772 2399 νῦν
2795 2348 2822 2398 ὀ
2846 2346 3001 2413 λόγος
3023 2345 3189 2415 ἡμᾶς,
3211 2345 3273 2396 ἐκ
3294 2340 3751 2412 παραδειγμάτων

2167 2440 2452 2511 ἐμφανῶν,
2479 2441 2556 2501 εἰς
2589 2437 2658 2490 τὰ
2684 2437 2824 2508 ὑπὲρ
2848 2435 3100 2506 αἴσθησίν
3139 2451 3200 2488 τε
3250 2434 3345 2486 καὶ
3371 2432 3565 2502 νοητά.
3611 2431 3755 2484 Νεα-

2171 2535 2392 2594 νίσκους
2414 2532 2521 2600 γὰρ
2568 2529 2756 2583 ἐνθάδε
2787 2529 2972 2600 φησὶν,
3002 2527 3121 2596 οὐχὶ
3162 2526 3332 2594 δήπου
3372 2524 3589 2586 πάντως
3627 2523 3753 2585 τοὺς

2173 2623 2230 2674 ἐν
2266 2619 2534 2690 εὐρωστία
2590 2617 2857 2686 σώματος,
2889 2616 3007 2685 ἦτοι
3059 2615 3185 2676 τοὺς
3219 2615 3274 2666 ἐν
3318 2612 3520 2682 ἀκμαῖς
3570 2627 3628 2662 τε
3659 2610 3754 2662 καὶ⁵

2171 2712 2281 2783 ἥϐῃ
2330 2711 2588 2780 σαρκικῇ,
2644 2708 2896 2779 σημαίνει
2948 2706 3004 2760 δὲ
3055 2704 3255 2776 μᾶλλον
3314 2705 3439 2766 τοὺς
3491 2702 3648 2774 οἵπερ
3681 2701 3749 2754 ἂν

2174 2804 2346 2873 ἔχοιεν
2373 2805 2452 2865 είς
2481 2800 2606 2853 νοῦν
2635 2801 2729 2852 καὶ
2756 2799 2984 2869 καρδίαν
3014 2800 3165 2868 ἰσχὺν
3209 2799 3312 2868 τὴν
3357 2796 3756 2868 πνευματικὴν,

2175 2892 2317 2946 ὥστε
2343 2890 2604 2944 δύνασθαι
2631 2887 2930 2960 κατορθοῦν
2960 2889 3054 2940 καὶ
3099 2887 3250 2958 ,μάλα
3280 2887 3542 2950 νεανικῶς
3569 2886 3638 2940 τὰ
3687 2886 3754 2938 δι’

2177 2976 2254 3037 ὧν
2287 2983 2499 3035 ἔσονται
2543 2981 2807 3051 λαμπροὶ,
2861 2980 2957 3034 καὶ
3002 2979 3121 3049 Θεῷ
3173 2981 3610 3050 γνωριμώτατοι,
3663 2979 3758 3032 καὶ

2177 3075 2396 3143 ἁπάσης
2450 3073 2749 3134 ἐπιεικείας
2777 3071 3022 3141 ἔμπλεοι.
3059 3073 3184 3134 Τοῖς
3223 3065 3325 3128 ὧδε
3364 3071 3464 3141 τὴν
3494 3071 3608 3136 ἕξιν
3642 3070 3759 3123 δια-

2179 3167 2476 3237 κειμένοις,
2502 3165 2599 3217 καὶ
2633 3168 2662 3218 ὁ
2687 3166 2955 3236 μακάριος
3004 3165 3256 3236 Ἰωάννης
3299 3163 3760 3237 προσπεφώνηκε,

2179 3260 2375 3328 λέγων·
2397 3276 2415 3310 ι
2444 3256 2646 3328 Γράφω
2665 3257 2815 3327 ῦμῖν,
2837 3256 3128 3319 νεανίσκοι,
3156 3258 3238 3311 ὅτι
3270 3257 3478 3327 ίσχυροί
3498 3258 3641 3320 ἐστε,
3668 3256 3766 3309 καὶ

507 3369 608 3424 stis
679 3365 876 3420 malum
905 3363 949 3416 ⁸.
987 3379 1005 3412 ι
1043 3361 1308 3414 Caeterum
1372 3365 1497 3408 ante
1547 3349 1855 3405 Servatoris
1907 3345 2075 3400 nostri

2181 3349 2498 3418 νενικήκατε
2532 3347 2624 3398 τὸν
2653 3345 2911 3417 πονηρόν.
2959 3364 2982 3397 θ
3029 3345 3192 3398 Ἀλλά
3239 3345 3347 3415 πρὸ
3392 3346 3492 3415 μὲν
3537 3346 3631 3416 τῆς
3670 3343 3764 3398 τοῦ

505 3462 796 3516 adventura
842 3455 1165 3508 eXSIilerunt
1203 3447 1421 3517 quidam
1453 3442 1618 3497 etiam
1665 3440 1805 3510 apud
1831 3435 2072 3499 Judaeos,

500 3553 593 3622 qui
627 3565 711 3612 eo,
745 3562 901 3617 quem
939 3547 1048 3612 jam
1081 3539 1217 3601 dixi,
1279 3535 1437 3590 tnodo
1481 3533 1694 3587 fortiter
1755 3542 1916 3599 agere
1964 3535 2080 3580 stu-

500 3621 780 3694 duerunt:
819 3644 873 3687 et
909 3631 1142 3684 mandati
1195 3627 1334 3680 citra
1395 3621 1870 3692 reprehensionem
1921 3631 2079 3671 exse-

502 3727 707 3801 quendi
777 3724 1098 3784 voluntate,
1160 3726 1222 3770 et
1301 3714 1558 3782 legalium
1636 3716 2079 3765 ornamentorum

505 3821 810 3892 splendore.
837 3816 952 3868 Non
990 3821 1146 3867 erant
1177 3820 1356 3862 autem
1397 3823 1425 3859 a
1484 3807 1592 3859 Deo
1633 3802 1838 3872 reiecti.
1892 3802 2083 3854 Adhuc

506 3913 649 3968 enim
691 3921 906 3976 tempus
933 3915 1052 3958 erat
1092 3900 1294 3954 umbra:
1358 3897 1582 3966 legalis:
1624 3905 1814 3948 etcum
1855 3909 2084 3958 evange-

511 4005 612 4058 lica
675 4016 740 4054 ac
795 3997 1102 4052 Christiana
1163 3994 1266 4044 vita
1309 3995 1547 4044 nondum
1606 3987 1870 4056 pate-laeta
1917 3993 2082 4048 esset,

503 4074 631 4151 Iltwc
659 4093 874 4161 quidem
907 4097 1065 4143 erant
1119 4101 1340 4137 summa:
1379 4081 1570 4134 laudis.
1609 4078 1699 4133 Sic
1723 4079 1982 4147 scriptum
2004 4085 2086 4130 est

510 4194 578 4242 de
611 4185 872 4240 Zacharia
943 4190 999 4232 et
1041 4174 1316 4229 Elizabeth
1352 4192 1364 4227 :
1401 4191 1420 4223 ι
1449 4171 1575 4226 Fuit
1631 4171 1817 4224 diebus
1860 4167 2088 4222 Herodis

522 4282 668 4350 regis
706 4275 907 4331 Iud-asa:
964 4270 1218 4326 sacerdos
1248 4268 1489 4335 quidam,
1528 4263 1742 4318 nomine
1769 4260 2086 4325 Zacharias,

513 4388 580 4426 ex
615 4371 734 4424 vice
789 4366 946 4425 Abia,
1001 4373 1055 4415 et
1089 4375 1227 4413 uxor
1260 4360 1308 4411 ei
1339 4374 1370 4412 e
1410 4356 1620 4410 liliabus
1644 4355 1845 4419 Aaron,
1886 4351 1973 4406 cui
2004 4367 2092 4405 no-

515 4479 638 4519 men
665 4471 784 4516 erat
837 4455 1141 4513 Elizabeth.
1167 4451 1335 4505 Erant
1383 4463 1511 4502 vero
1544 4447 1674 4515 justi
1717 4448 1876 4500 ambo
1905 4459 2090 4499 coram

517 4553 648 4616 Deo,
682 4547 1022 4603 ambulantes
1087 4543 1139 4596 iu
1194 4539 1477 4609 praeceptis
1521 4548 1578 4592 et
1612 4535 2092 4606 justiﬁcatiuuibus

517 4641 732 4699 Domini
771 4641 888 4694 sine
943 4633 1161 4706 querela
1193 4632 1233 4686 ‘.
1272 4651 1291 4684 ι
1325 4632 1405 4687 Ad
1462 4631 1608 4686 hunc
1653 4632 1869 4684 modum
1929 4629 2090 4682 etiam

2184 3439 2436 3507 Σωτῆρος
2461 3436 2619 3506 ἡμῶν
2649 3435 2968 3506 ἐπιδημίας,
2991 3436 3247 3506 γεγόνασί
3282 3453 3447 3501 τινες,
3480 3436 3574 3490 καὶ⁵
3612 3435 3763 3506 παρά

2177 3533 2290 3594 τοῖς
2317 3529 2611 3592 Ἰουδαίοις,
2643 3529 2764 3582 καθ’
2787 3529 2846 3582 ὃν
2875 3529 3010 3600 ἔφην
3039 3530 3244 3600 ἀρτίως
3273 3530 3495 3601 τρόπον,
3527 3529 3768 3602 ἀνδρίζε-

2187 3621 2313 3674 σθαι
2351 3619 2806 3690 μεμελετηκότες,
2841 3619 2929 3673 διὰ
2961 3619 3054 3672 τοῦ
3082 3620 3174 3672 καὶ
3201 3621 3522 3690 ἀμωμήτως
3551 3618 3767 3672 ἑλέσθαι

2182 3712 2425 3784 πληροῦν
2448 3712 2544 3782 τὴν
2571 3710 2967 3782 παραδοθεῖσαν
2992 3710 3232 3782 ἐντολὴν,
3267 3711 3362 3762 καὶ
3384 3712 3495 3773 τοῖς
3523 3708 3664 3762 κατὰ
3691 3708 3771 3760 νὸ-

2186 3824 2285 3877 μον
2305 3806 2620 3876 αὐχήμασιν
2646 3804 2970 3875 διαπρέπειν
3000 3803 3257 3858 δύνασθαι
3293 3802 3386 3857 καὶ
3432 3801 3573 3872 μάλα
3607 3800 3770 3852 πλου-

2186 3897 2335 3959 σίως.
2375 3893 2557 3949 Ἦσαν
2584 3896 2641 3949 δὲ
2676 3895 3127 3965 οὐκοὰπόϐλητοι
3181 3896 3334 3964 παρᾶ
3373 3893 3512 3963 Θεῷ.
3559 3893 3767 3964 Καιρὺς

2185 3989 2294 4059 γὰρ
2331 3985 2397 4059 ἦν
2425 3988 2505 4041 ἔτι
2536 3989 2632 4058 τῆς
2655 3989 2714 4041 ἐν
2744 3988 2894 4058 νόμῳ
2929 3990 3108 4053 σκιᾶς,
3136 3989 3231 4041 καὶ
3278 3988 3378 4056 τῆς
3405 3986 3766 4055 εὐαγγελικῆς

2187 4083 2278 4134 καὶ
2309 4084 2365 4134 ἐν
2395 4079 2613 4153 Χριστῷ
2652 4079 2926 4143 πολιτείας
2979 4078 3131 4132 ούπω
3186 4081 3668 4149 πεφανερωμένης,
3703 4079 3762 4130 ἐν

2188 4173 2433 4236 ἐπαίνοις
2453 4170 2520 4244 ἦν
2543 4176 2724 4226 ἐκεῖνα
2755 4173 2985 4235 πολλοῖς.
3009 4173 3164 4226 Οῦτω
3192 4172 3286 4225 καὶ¹
3305 4173 3617 4244 γέγραπται
3641 4173 3771 4244 περί

2198 4283 2257 4319 τε
2293 4267 2564 4338 Ζαχαρίου
2615 4266 2708 4320 καὶ
2767 4265 3067 4328 Ἐλιζάϐεθσ
3117 4283 3137 4316 σ
3173 4264 3417 4332 Ἐγένετο
3466 4263 3522 4317 δὲ
3569 4266 3627 4317 ὲν
3654 4266 3776 4327 ταῖς

2193 4358 2429 4428 ἡμέραις
2470 4355 2708 4428 Ἡρώδου
2743 4355 2836 4409 τοῦ
2881 4355 3145 4424 βασιλέως
3176 4355 3274 4426 τῆς
3312 4354 3570 4418 Ἰουδαίας
3598 4355 3778 4425 ἱερεύς

2192 4466 2296 4512 τις,
2332 4448 2553 4519 ὀνόματι
2576 4447 2872 4520 Ζαχαρίας,
2900 4447 2959 4514 ἐξ
2983 4447 3291 4517 ἐφημερίας
3317 4446 3490 4510 Ἀειᾶ,
3517 4445 3612 4498 καὶ
3639 4445 3775 4514 γυνὴ

2201 4538 2368 4592 αὐτοῦ
2393 4541 2456 4590 ἐκ
2501 4539 2609 4590 τῶν
2641 4539 2956 4610 θυγατέρων
2990 4535 3223 4607 Ἀαρὼν,
3250 4537 3343 4590 καὶ
3377 4536 3438 4590 τὸ
3459 4537 3631 4607 ὄνομα
3676 4535 3776 4590 αὐ»

2197 4631 2295 4700 τῆς
2335 4629 2642 4694 Ἐλιζάϐεθ.
2678 4625 2860 4682 Ἦσαν
2888 4629 2944 4682 δὲ
2976 4629 3177 4684 δίκαιοι
3201 4628 3502 4700 ἀμφότεροι
3539 4627 3778 4681 ἐναντίον

517 4734 691 4790 sancti
730 4730 1006 4801 prephetae
1048 4728 1320 4788 vixerunt,
1349 4725 1561 4792 opinor.
1591 4721 1847 4787 Quinimo
1884 4719 2078 4774 divina:

2202 4725 2296 4778 τοῦ
2327 4722 2486 4786 Θεοῦ,
2515 4723 2871 4795 πορευόμενοι
2901 4723 2959 4776 ἐν
2998 4724 3202 4786 πάσαις
3255 4725 3377 4786 ταῖς
3406 4722 3646 4785 ἐντολαῖς
3683 4722 3778 4775 καὶ

519 4825 750 4888 Paulus,
800 4823 925 4876 licet
985 4819 1268 4872 manifeste
1320 4815 1470 4869 dicat
1515 4829 1574 4867 se
1642 4814 1810 4866 fuisse
1861 4811 1914 4865 in
1967 4811 2098 4880 legis

515 4917 730 4988 justitia
807 4913 1143 4980 inculpatum
1179 4947 1194 4974 ,
1270 4908 1347 4960 ait
1403 4917 1580 4959 tamen
1633 4920 1646 4957 :
1699 4922 1717 4954 ι
1759 4904 1888 4969 Quae
1965 4902 2096 4956 Inibi

523 5011 672 5062 lucro
702 5015 884 5071 erant,
917 5006 1030 5058 hate
1073 5005 1209 5056 duco
1235 4996 1742 5069 propterChristum
1775 4998 1970 5049 damna
1993 4995 2036 5048 ".
2075 5011 2094 5044 ι

522 5100 710 5169 Itaque
740 5108 867 5152 ante
900 5098 1192 5150 adventum
1227 5091 1469 5146 omnium
1495 5099 1740 5142 nostrum
1795 5085 2102 5140 Servatoris

521 5191 746 5254 Christi,
784 5187 1026 5243 nonnulli
1093 5186 1251 5239 laude
1301 5183 1468 5251 ipsius
1524 5180 1655 5248 legis
1707 5177 2005 5247 conspicui,
2042 5187 2095 5231 et

524 5285 692 5334 l'ortes
719 5288 879 5332 erant
909 5287 965 5331 et
995 5275 1280 5346 juveniles.
1307 5276 1373 5325 At
1405 5269 1932 5341 postapparitionem
1955 5266 2093 5334 ejus,

525 5367 1355 5445 praedicationemqueEvangelii
1379 5375 1663 5420 cessarunt
1694 5363 1903 5432 legalta,
1926 5372 2098 5417 trans-

527 5467 626 5520 ivit
659 5464 844 5519 umbra
909 5463 963 5516 in
1021 5463 1420 5523 veritatem,ae
1473 5456 1770 5525 spiritualis
1831 5469 2097 5522 verosque

525 5559 706 5615 cultus
735 5565 819 5611 est
854 5553 1212 5608 introductus.
1275 5551 1455 5616 Quare
1483 5563 1588 5602 non
1626 5548 1925 5602 delectatur
1955 5546 2096 5600 Deus

525 5651 832 5707 Judzeorum
879 5646 1197 5719 juvenibus,
1233 5645 1286 5698 id
1340 5652 1445 5710 est,
1489 5642 1580 5712 qui
1641 5639 1868 5696 viriliter
1917 5640 2094 5695 adhuc

601 5807 621 5839 ⁵
652 5804 669 5858 Ι
695 5805 847 5860 Joan.
878 5819 933 5868 ιι,
973 5802 1057 5856 15.
1135 5801 1303 5854 6Lttc.
1337 5815 1373 5863 l,
1399 5798 1450 5864 5,
1480 5797 1532 5850 6.
1607 5798 1625 5826 ⁷
1662 5795 1896 5864 Philipp.
1931 5810 2010 5859 ιιι,
2033 5795 2085 5849 7.

2203 4815 2536 4886 δικαιώμασι
2577 4814 2672 4868 τοῦ
2719 4815 2925 4886 Κυρίου
2981 4813 3279 4884 ἄμεμπτοι.
3310 4833 3329 4864 ι
3387 4813 3546 4866 Κατὰ
3591 4812 3777 4866 τοῦτον

2203 4903 2358 4978 οἶμαι
2388 4907 2671 4961 διαϐιῶναι
2708 4906 2800 4960 τὸν
2848 4907 3046 4977 τρόπον
3085 4907 3181 4959 καὶ
3225 4906 3422 4970 αὐτοὺς
3445 4907 3570 4969 τοὺς
3591 4905 3775 4973 ἁγίους

2198 5001 2502 5072 προφήτας.
2529 5001 2639 5052 Καὶ
2680 4999 2789 5069 μὴν
2833 4998 2930 5051 καὶ
2972 5001 3000 5051 ὁ
3054 4998 3340 5064 θεσπέσιος
3370 4998 3584 5060 Παῦλος
3605 4998 3783 5049 καίτοι

2195 5092 2370 5159 λέγων
2398 5091 2720 5160 ἀναφανδὸν,
2749 5092 2831 5144 ὅτι
2881 5090 3072 5160 γέγονε
3113 5091 3255 5144 κατά
3297 5089 3645 5159 δικαιοσύνην
3682 5089 3784 5158 την

2203 5184 2260 5236 ἐν
2289 5186 2440 5253 νόμῳ
2468 5183 2773 5254 ἄμεμπτος
2817 5201 2836 5233 ι
2871 5182 3033 5236 Ἀλλὰ
3049 5181 3102 5234 τί
3125 5177 3193 5252 ἦν
3223 5198 3313 5251 μοι
3333 5180 3552 5252 κέρδος;
3587 5177 3784 5242 ταῦτα,

2205 5274 2388 5343 φησὶν,
2423 5275 2639 5344 ἥγημαι
2662 5274 2750 5327 διὰ
2777 5273 2866 5327 τὸν
2895 5273 3128 5344 Χριστὸν
3158 5271 3410 5342 ζημίαν.»
3437 5268 3646 5324 Οὐκοῦν
3679 5267 3789 5337 πρὸ

2208 5365 2306 5436 μὲν
2335 5365 2435 5436 τῆς
2466 5366 2758 5436 ἐπιδημίας
2789 5364 2883 5418 τοῦ
2931 5366 3148 5419 πάντων
3183 5363 3344 5434 ἡμῶν
3378 5365 3628 5433 Σωτῆρος
3648 5361 3692 5412 Χ
3704 5377 3788 5430 ρι-

2205 5456 2368 5524 στοῦ,
2429 5459 2539 5520 τοῖς
2585 5457 2727 5510 κατὰ
2793 5456 2958 5527 νόμον
3015 5457 3327 5528 αὐχήμασιν
3379 5451 3790 5523 εὐὼκιμοῦντές

2201 5567 2365 5614 τινες,
2401 5547 2636 5620 ἀνδρεῖοί
2676 5565 2736 5601 τε
2787 5544 2947 5620 ἦσαν,
2994 5550 3090 5603 καὶ
3126 5547 3381 5603 νεανικοί.
3422 5545 3578 5600 Μετά
3607 5544 3667 5596 δὲ
3690 5542 3791 5613 τὴν

2201 5642 2525 5711 ἐπιφάνειαν
2558 5639 2746 5708 αὐτοῦ,
2783 5643 2876 5698 καὶ
2897 5641 2958 5696 τὸ
2994 5643 3258 5713 κήρυγμα
3297 5639 3358 5694 τὸ
3397 5634 3748 5707 εὐαγγελικὸν
3771 5675 3787 5702 ,
