4152 6366
513 443 621 507 ΞἹΒ

1501 455 1555 511 S.
1599 452 1869 510 CYRILLI
1908 446 2374 506 ALEXANDRINI
2415 446 2732 503 ARClilEl'.

3643 441 3749 496 276
3781 397 3799 414 ⁸

513 566 657 620 dicttt
713 543 950 635 ineptum
987 567 1248 638 cst),tted
1310 570 1689 641 lniquitatibus
1741 573 2067 645 implicatus,

2182 567 2231 619 τὸ
2254 567 2502 637 πρᾶγμα·
2533 563 2688 617 τοῦτο
2719 563 2825 631 γὰρ
2856 559 3103 631 εὔηθεςῆ
3134 562 3273 613 νοεῖν
3298 559 3328 630 ἦ
3368 558 3570 626 λέγειν’
3616 559 3751 612 ἀλλὰ

513 659 692 727 quieo
715 657 928 712 demum
958 659 1318 728 improbitatis
1349 677 1557 717 morum
1598 665 1840 728 veniunt,
1883 675 1941 718 ut
1969 681 2074 718 non

505 749 616 817 jam
653 747 846 818 iniqui,
877 749 968 803 sed
1004 750 1182 806 verius
1229 751 1485 821 iniquitas
1521 753 1749 808 debeant
1787 753 2072 808 nominari.

511 838 575 891 lli
604 838 767 906 igitur
794 840 948 909 quasi
977 840 1118 910 ignis
1161 841 1448 907 ardebunt,
1501 843 1694 912 inquit,
1749 843 1801 896 id
1829 853 1930 909 est,
1969 843 2073 913 ipsi

509 929 650 999 ignis
671 939 849 982 erunt.
875 929 1044 984 Nemo
1081 932 1224 985 enim
1255 933 1393 987 alius
1415 933 1683 987 flammam
1729 935 1833 988 illis
1857 934 2072 998 inferet,

505 1020 601 1073 sed
637 1020 738 1088 ipsi
769 1022 833 1074 ad
865 1021 963 1075 hoc
997 1022 1098 1076 sibi
1119 1024 1260 1078 inter
1286 1039 1345 1079 se
1371 1024 1662 1079 sufﬁcient.
1722 1023 2071 1080 Surcendt-n-

510 1117 600 1162 tur
628 1111 790 1164 etiam
819 1113 970 1180 quasi
1005 1112 1169 1169 herba
1219 1117 1390 1182 arida,
1435 1125 1491 1172 et
1530 1126 1588 1172 ut
1635 1117 1875 1173 densitas
1915 1118 2077 1172 silva-

506 1214 646 1253 rum.
684 1199 839 1254 Furit
887 1202 1032 1256 enim
1083 1219 1296 1273 semper
1339 1203 1574 1270 flamma,
1622 1206 1666 1261 si
1717 1206 1768 1260 in
1794 1209 2074 1261 materiam

504 1298 712 1356 nstam,
751 1291 996 1360 herbam,
1030 1294 1270 1364 inquam,
1305 1297 1534 1360 aridam,
1567 1308 1623 1353 et
1645 1298 1787 1369 ligna
1808 1298 2075 1353 silvestria

507 1379 731 1435 incidat.
769 1381 944 1438 Credo
967 1396 1144 1440 autem
1191 1403 1313 1456 ego,
1343 1389 1719 1458 propheticum
1769 1403 2075 1444 sermonem

502 1471 652 1526 hisce
692 1473 870 1529 verbis
903 1477 1055 1530 nobis
1098 1478 1212 1533 haec
1259 1479 1393 1534 velle
1420 1479 1793 1535 demonstrare
1827 1497 1842 1534 :
1877 1479 2076 1549 Vespa-

502 1561 655 1616 siano
697 1565 918 1619 enimet
960 1567 1101 1627 Tito,
1129 1567 1708 1637 quemadmodumjam
1745 1583 1903 1639 supra
1945 1569 2075 1634 dixi,

505 1654 844 1708 vastantibus
879 1653 1138 1722 Judtr-am,
1177 1657 1444 1727 urbesque
1471 1657 1588 1728 ejus
1621 1659 2076 1728 oppugnantibus,

510 1745 742 1798 maxima
769 1759 880 1800 erat
907 1748 1142 1816 undique
1165 1749 1530 1815 tumultuatio,
1559 1751 1750 1818 partim
1785 1749 1925 1805 fame
1947 1764 2080 1805 cos-

506 1833 735 1902 licien'e,
785 1839 980 1905 partim
1029 1839 1225 1910 ubique
1261 1841 1533 1896 seditiosis
1580 1841 1910 1905 hominibus,
1966 1851 2075 1892 tum

2177 658 2302 720 τοὺς
2330 660 2449 719 ταῖς
2476 655 2728 725 ἀνομίαις
2765 651 3274 722 κατηχθησμένους,
3301 651 3538 722 ⁴ἤκοντάς
3565 667 3623 703 τε
3650 652 3749 723 ἤδη

2177 745 2314 817 πρὸς
2340 746 2499 799 τοῦτο
2529 744 2850 814 σκαιότητος
2899 743 3136 812 τρόπων,
3165 742 3241 804 ὡς
3272 740 3466 812 μηκέτι
3503 739 3603 810 μὲν
3623 740 3751 793 ἀνό-

2180 853 2334 908 μους,
2374 835 2603 906 ἀνομίαν
2650 835 2709 888 δὲ
2759 834 2959 904 μᾶλλον
3012 832 3375 904 ὀνομάζεσθαι
3428 831 3560 884 δεῖν.
3591 822 3750 884 Οὗτοι

2176 927 2464 1000 τοιγαροῦν
2497 927 2573 991 ὼς
2599 926 2711 1000 πῦρ
2771 926 3153 998 καυθήσονται,
3212 925 3366 996 φησὶ,
3395 923 3539 978 τοῦτ’
3580 923 3748 983 ἐστιν,

2179 999 2346 1072 αὐτοι
2387 1018 2509 1072 καθ’
2535 999 2742 1072 ἐαῦτῶν
2768 1018 3089 1088 γενήσονται
3118 1015 3248 1087 πῦρ.
3307 1015 3383 1068 Οὐ
3420 1015 3527 1086 γὰρ
3565 1014 3750 1083 ἕτερός

2176 1126 2260 1173 τις
2283 1108 2492 1162 ἐποίσει
2512 1109 2614 1180 τὴν
2643 1108 2818 1176 φλόγα
2846 1108 3049 1173 αὐτοῖς,
3075 1107 3192 1161 ἀλλ’
3225 1105 3550 1177 ἀρκέσουσιν
3582 1105 3748 1173 ἀλλή-

2177 1201 2290 1264 λοις
2309 1202 2386 1265 εἰς
2424 1199 2586 1254 τοῦτο
2613 1201 2787 1256 αὐτοί.
2835 1200 3215 1270 Καυθήσονται
3258 1197 3316 1251 δὲ
3345 1198 3420 1260 ὡς
3477 1197 3751 1268 ἅγρωστις

2178 1293 2339 1366 ξηρά,
2365 1293 2461 1346 καὶ
2486 1292 2562 1357 ὡς
2591 1292 2728 1363 δάση
2753 1291 2995 1364 δρυμῶν.
3044 1291 3340 1346 Μαίνονται
3368 1290 3476 1361 γὰρ
3523 1289 3609 1343 ἀεί
3635 1307 3752 1352 πως

2177 1387 2236 1439 αἱ
2265 1385 2479 1454 φλόγες,
2510 1385 2590 1449 είς
2613 1383 2749 1454 ῦλην
2800 1382 3063 1437 πεσοῦσαι
3115 1383 3212 1454 τὴν
3258 1381 3708 1451 εὐκατάπρηστον
3727 1397 3741 1411 ·

2178 1478 2452 1547 ἄγρωστιν
2484 1475 2543 1528 δέ
2594 1493 2738 1546 φημι
2779 1474 2879 1546 τὴν
2929 1474 3119 1546 ξηρὰν,
3159 1473 3254 1528 καὶ
3299 1472 3370 1526 τά
3425 1475 3483 1526 ἐν
3528 1472 3752 1542 δρυμοῖς

2181 1567 2333 1632 ξύλα.
2366 1562 2535 1638 Οἶμαι
2585 1566 2642 1620 δέ
2687 1565 2862 1634 ἔγωγε
2909 1566 3000 1618 τὸν
3030 1563 3362 1636 προφητικὸν
3417 1563 3547 1634 ἡμῖν
3597 1562 3752 1631 λόγον

2180 1661 2362 1715 ἐκεῖνα
2395 1657 2680 1729 βούλεσθαι
2719 1656 2913 1727 δηλοῦν
2963 1658 3020 1710 ἐν
3071 1656 3305 1719 τούτοιςο
3341 1654 3750 1708 Οὐεσπασιανοῦ

2178 1748 2288 1819 γάρ
2321 1748 2415 1801 καὶ
2465 1747 2646 1808 Τίτου,
2688 1746 2939 1816 καθάπερ
2982 1743 3082 1815 ἤδη
3118 1745 3396 1815 προεῖπον,
3425 1741 3751 1812 καταδῃούν-

2180 1857 2286 1893 των
2311 1839 2412 1910 τὴν
2459 1838 2737 1899 Ἰουδαίαν,
2771 1837 2866 1890 καὶ⁸
2917 1836 3016 1901 τάς
3049 1838 3107 1888 ἐν
3156 1835 3291 1906 αὐτῇ
3328 1833 3753 1904 πολιορκούντων

505 1927 694 1983 domos
723 1929 1130 2000 dit-ipientibus,
1168 1941 1278 1986 tum
1324 1948 1418 1988 eos
1457 1934 1548 2003 qui
1592 1935 1911 1989 videbantur
1943 1934 2076 1987 insi-

2183 1931 2385 1994 πόλεις,
2424 1929 2671 1993 πλεῖστος
2695 1925 2762 2000 ἦν
2781 1931 2809 1982 ὁ
2840 1930 2899 1980 ἐν
2930 1928 3142 1997 ἑκάστῳ
3177 1925 3421 1996 θόρυῦος.
3447 1925 3616 1978 Τοῦτο
3650 1925 3754 1994 μὲν

506 2019 723 2086 gniores
772 2021 1162 2086 invadentilms,
1202 2035 1261 2078 ut
1289 2026 1545 2080 intestina
1593 2026 1887 2080 incolarum
1924 2027 2078 2081 mat:-

512 2111 652 2163 mina
698 2111 813 2180 ipso
845 2123 1070 2167 externo
1098 2117 1343 2186 graviora
1380 2117 1719 2172 exsisterent.
1747 2117 1946 2173 Horum
1985 2117 2080 2172 .loo

508 2203 706 2270 sophus
752 2205 954 2260 diserte
1006 2216 1246 2261 content
1295 2209 1600 2264 historiam.
1649 2209 1810 2279 Ergo,
1865 2209 2071 2278 inquit,

509 2293 777 2347 ardebant
819 2309 916 2349 ceu
968 2296 1021 2350 in
1065 2297 1332 2352 densitate
1391 2297 1559 2353 silvae.
1612 2301 1893 2370 Agrestem
1951 2313 2077 2352 vero

511 2384 732 2440 herbam
773 2388 1052 2441 etaridam
1084 2390 1514 2462 densitatemque
1562 2390 1731 2455 silvai,
1771 2390 2074 2460 gregari-am

509 2477 718 2531 turbam
766 2493 888 2530 eum
939 2478 1118 2534 dicere
1165 2479 1422 2535 arbitror.
1460 2480 1626 2534 Divisi
1680 2489 1833 2536 erant
1879 2481 2078 2550 quippe

508 2567 793 2621 adversum
825 2581 880 2621 se
913 2569 1014 2636 ipsi
1051 2569 1102 2622 in
1148 2568 1409 2624 factiones
1434 2579 1490 2624 et
1510 2570 1730 2626 dissidia
1772 2571 2073 2640 populares.

511 2654 772 2728 Deinceps
827 2675 953 2713 vero
984 2663 1050 2714 ad
1094 2675 1189 2714 eos
1217 2661 1307 2730 qui
1341 2661 1659 2715 videbantur
1680 2675 1802 2717 esse
1839 2663 2068 2730 aliquid,

505 2752 705 2804 malum
762 2763 1143 2818 perventurum
1195 2768 1356 2820 porro
1413 2754 1687 2819 ostendit,
1736 2755 1970 2808 dicens:
2013 2755 2077 2808 Et

509 2843 924 2913 devorabitquaa
952 2843 1002 2896 in
1026 2845 1250 2897 circuitu
1270 2845 1623 2899 suutcollium
1657 2846 1859 2900 omnia.
1879 2845 2074 2912 Colles,

510 2946 658 3002 puto.
711 2945 866 2988 vocat
914 2951 1008 2988 eos
1035 2937 1124 3004 qui
1151 2946 1412 3006 praestant
1465 2938 1609 3003 aliis,
1657 2947 1712 2993 et
1736 2939 1821 2992 Vel
1882 2939 2074 3008 gloria,

509 3027 589 3078 vel
620 3026 830 3094 opibus,
880 3028 962 3082 vel
1006 3028 1113 3082 alio
1139 3029 1388 3098 quapiam
1425 3029 1582 3084 modo
1633 3031 1920 3084 excellunt.
1954 3031 2074 3084 .lam

509 3117 638 3183 dixi,
672 3119 736 3169 iis
763 3121 852 3188 qui
887 3121 1277 3185 still-nitidioer
1304 3137 1422 3176 βεδε
1457 3122 1794 3187 videbantur,
1841 3123 2078 3194 graviter

507 3211 618 3263 vim
646 3212 834 3266 fecisse
864 3214 953 3281 qui
994 3214 1045 3266 in
1079 3229 1294 3284 quaque
1331 3215 1547 3268 civitate
1593 3215 1888 3269 seditiones
1946 3229 2076 3269 con-

502 3286 681 3350 'citare
722 3299 862 3351 soliti
900 3310 1075 3364 erant,
1129 3301 1264 3356 adeo
1300 3311 1358 3356 ut
1401 3301 1669 3372 desperati
1726 3303 1970 3358 facerent
2013 3320 2075 3358 ea

509 3405 624 3453 ne?
658 3405 724 3444 ne
743 3391 854 3461 ipsa
882 3392 1094 3459 quidem
1113 3392 1342 3447 hostium
1364 3409 1551 3449 manus
1573 3394 1862 3464 aliquando
1884 3395 2076 3465 egerit.

514 3482 571 3536 Et
604 3485 732 3545 liter,
771 3485 961 3554 inquit,
996 3485 1046 3540 in
1081 3485 1157 3538 ira
1201 3486 1399 3540 furoris
1430 3488 1659 3542 Domini.
1698 3488 1968 3542 Succeusa
1997 3497 2080 3542 est

510 3576 653 3628 enim
687 3577 765 3629 sic
797 3576 1043 3630 universa
1079 3587 1222 3631 terra
1243 3575 1572 3632 Judaeornm.
1602 3579 1731 3644 Qua:
1776 3596 1902 3634 vero
1935 3593 2080 3635 recte

512 3669 668 3731 dixit,
701 3683 820 3721 cntn
877 3668 964 3722 illa
1023 3669 1178 3736 plana
1229 3668 1442 3724 fecisset
1489 3672 1852 3734 audientibus,
1894 3675 2078 3727 statim

514 3761 750 3815 adnectit
786 3780 799 3816 ε
830 3760 896 3815 Ει
947 3763 1051 3816 erit
1106 3763 1334 3832 populus
1391 3763 1534 3817 velut
1581 3763 1688 3834 igni
1747 3779 2077 3820 succensus:

514 3851 674 3905 homo
704 3853 888 3907 fratris
928 3855 1040 3908 suis
1081 3869 1184 3907 non
1227 3855 1588 3909 miserebitur.
1621 3855 2078 3922 Quemadmodum

513 3943 657 3995 enim
695 3943 782 4010 qui
845 3945 1014 3996 bobus
1061 3943 1235 4012 ignem
1271 3943 1580 4006 admovent,
1630 3942 1984 3997 exstimulant
2015 3941 2082 3995 ad

516 4033 672 4093 iram,
711 4031 1060 4101 efllciuntque
1098 4042 1156 4086 ut
1192 4032 1456 4087 ferociore
1507 4033 1704 4100 impetu
1747 4032 1992 4086 ferantur
2027 4031 2080 4085 in

518 4140 613 4177 ros
668 4141 804 4194 quos
872 4125 1134 4194 itnpetunl
1163 4142 1176 4178 :
1209 4125 1288 4180 sic
1330 4130 1454 4188 erit,
1486 4123 1678 4191 inquit,
1711 4124 2082 4192 unusquisque

517 4217 762 4284 populus,
799 4217 945 4269 velut
984 4215 1096 4286 igni
1141 4216 1412 4271 incensus.
1449 4215 1678 4270 Violenti
1706 4213 1850 4268 enim
1885 4223 1941 4269 et
1980 4214 2084 4268 im-

517 4308 895 4361 misericorch
917 4319 1096 4372 erunt,
1115 4318 1167 4361 et
1183 4307 1375 4362 fratres
1397 4323 1499 4362 non
1527 4317 1842 4378 agnoscent,
1861 4320 2015 4362 acres
2031 4318 2085 4360 et

517 4409 782 4468 agrestes,
810 4415 873 4454 ac
911 4399 1022 4453 fero
1050 4399 1229 4452 animo
1261 4400 1488 4454 invicem
1513 4415 1724 4463 omnes.
1759 4409 1812 4454 et
1845 4399 2082 4453 ferarum

519 4492 690 4544 instar
721 4505 841 4558 quae
883 4489 1043 4561 169
1074 4491 1214 4544 fame
1252 4499 1535 4553 acuuntur,
1560 4501 1613 4544 et
1643 4489 1827 4543 rabide
1855 4497 2087 4559 aguntur

2179 2021 2339 2093 λιμοῦ
2367 2022 2790 2092 κατατήκοντος,
2825 2017 2985 2072 τοῦτο
3014 2018 3070 2072 δὲ
3097 2017 3205 2070 τῶν
3256 2018 3314 2070 ἐν
3364 2015 3570 2089 ἑκάστῃ
3619 2031 3750 2068 στα-

2180 2113 2415 2168 σιαστῶν
2449 2113 2632 2178 οἷκους
2673 2129 2733 2165 τε
2790 2109 3218 2182 διαρπαζόντων,
3273 2109 3653 2178 ἐπιφυομένων
3692 2106 3750 2159 δὲ

2177 2209 2290 2270 τοῖς
2332 2204 2581 2259 δοκοῦσιν
2642 2201 2780 2257 εἶναι
2839 2203 3324 2273 διαφανεστέροις,
3376 2201 3450 2263 ὡς
3498 2190 3751 2267 γενέσθαι

2179 2295 2576 2368 φορτικώτερον
2608 2295 2700 2348 τὸν
2727 2292 2926 2359 ἔξωθεν
2954 2292 3130 2363 μάχης
3153 2291 3222 2345 τὰ
3256 2294 3321 2344 ἐκ
3343 2291 3450 2344 τῶν
3485 2287 3754 2342 ἐνοικούν-

2176 2409 2284 2447 των
2310 2394 2655 2464 τολμήματα.
2688 2388 2871 2442 Ταῦτα
2907 2387 2964 2441 δὲ
2996 2387 3184 2458 σαφῶς
3235 2385 3494 2456 Ἰώσηπος
3528 2383 3748 2450 ἱστορεῖ.

2178 2483 2388 2537 Οὐκοῦν
2420 2479 2791 2553 καυθήσεσθαί
2817 2497 2980 2550 φησιν
3029 2480 3087 2532 ἐν
3133 2480 3244 2540 τοῖς
3273 2476 3460 2530 δάσεσι
3491 2473 3585 2528 τοῦ
3621 2473 3753 2544 δρυο

2180 2576 2302 2646 μοῦ,
2325 2576 2601 2647 ἄγρωστιν
2647 2571 2798 2646 οἶμαι
2834 2573 3038 2644 ξηράν,
3091 2571 3185 2624 καὶ
3241 2569 3379 2638 δάση
3403 2565 3609 2639 δρυμοῦ
3653 2563 3762 2634 τὴν

2175 2667 2435 2736 ἀγελαίαν
2465 2666 2676 2738 πληθὺν
2709 2666 3008 2736 ὀνομάζων.
3082 2660 3426 2733 Ἐμερίζοντο
3467 2657 3577 2728 γὰρ
3630 2655 3752 2710 κατ’

2185 2761 2429 2833 ἀλλήλων
2457 2761 2538 2823 είς
2570 2758 2834 2830 διχονοίας
2863 2757 2958 2810 καὶ
2988 2757 3206 2816 στάσεις
3233 2754 3282 2806 οἱ
3331 2751 3512 2822 δῆμοι.
3547 2750 3665 2801 Ὅτι
3693 2747 3752 2800 δὲ

2177 2854 2270 2907 καὶ⁵
2301 2852 2408 2906 τῶν
2433 2848 2571 2906 εἷναί
2593 2849 2965 2905 τιδοκούντων
2997 2848 3194 2917 adierat
3235 2844 3297 2897 τὸ
3347 2841 3543 2904 κακὸν,
3585 2854 3753 2908 προσ-

2175 2944 2465 3015 αποφαίνει
2492 2943 2684 3012 λέγων·
2709 2942 2816 2996 Καὶ
2834 2938 3310 3009 συγκαταφάγεται
3341 2935 3409 2988 τά
3437 2932 3616 3000 κύκλῳ
3644 2929 3759 2982 τῶν.

2178 3036 2384 3108 βουνῶν
2415 3035 2614 3090 πάντα
2652 3033 2874 3104 βουνοὺς
2906 3028 3060 3102 οἶμαι
3088 3031 3262 3099 λέγων
3289 3028 3415 3092 τοὺς
3446 3025 3554 3078 τῶν
3578 3022 3753 3077 ἄλλων

2178 3125 2633 3198 ὑπερκειμένους,
2663 3124 2759 3177 καὶ
2785 3121 3175 3192 ἀνεστηκότας,
3207 3118 3242 3190 ἢ
3287 3117 3428 3172 κατὰ
3449 3117 3548 3187 τὴν
3572 3111 3750 3177 δόξαν,

2178 3215 2383 3286 ἦκατά
2433 3215 2526 3268 τὸν
2588 3213 2838 3278 πλοῦτον,
2887 3211 2920 3282 ἢ
2974 3211 3095 3265 καθ’
3146 3209 3333 3281 ἕτερόν
3373 3225 3492 3261 τινα
3530 3205 3757 3276 τρόπον.

2185 3309 2361 3378 Ἕφην
2388 3306 2445 3360 δέ
2475 3306 2703 3378 ἀρτίως,
2751 3306 2832 3358 ὅτι
2867 3307 2978 3367 τοῖς
3019 3300 3160 3356 εἶναι
3217 3299 3434 3354 δοκοῦσι
3483 3297 3754 3367 λαμπροῖς

2180 3398 2450 3466 ἐπεφύετο
2512 3397 2702 3461 δεινῶς
2741 3397 2801 3449 τὸ
2861 3397 2920 3448 ἐν
2975 3396 3182 3466 ἑκάστῃ
3239 3391 3390 3446 πόλει
3445 3387 3759 3452 στασιάζειν

2181 3489 2394 3552 εἰωθὸς,
2424 3488 2500 3552 ὡς
2526 3489 2585 3540 ἐν
2614 3486 2920 3552 ἀπογνώσει
2977 3487 3132 3558 δρᾷν,
3161 3484 3197 3539 ἀ
3239 3483 3360 3554 μηδ’
3399 3481 3464 3536 ἂν
3503 3480 3638 3548 αὑτὴ
3671 3479 3755 3531 δέ-

2180 3581 2380 3652 δρακεν
2406 3581 2515 3633 ἐσθ’
2554 3580 2641 3632 ὅτε
2679 3578 2789 3631 τῶν
2831 3577 3106 3648 πολεμίων
3147 3577 3185 3648 ἡ
3236 3576 3377 3646 χείρ.
3413 3573 3523 3627 Καὶ
3549 3569 3754 3628 ταῦτα.

2183 3673 2338 3743 φησὶ,
2363 3672 2451 3726 διὰ
2481 3672 2652 3742 θυμὸν
2684 3671 2855 3743 ὀργῆς
2891 3669 3117 3738 Κυρίου.
3177 3666 3591 3736 Συγκέκαυσται
3647 3663 3760 3732 γὰρ

2181 3766 2352 3828 οὕτως
2381 3767 2414 3836 ἡ
2445 3764 2707 3835 σύμπασα
2753 3764 2864 3816 τῶν
2906 3762 3174 3816 Ἰουδαίων
3223 3760 3318 3830 γῆ.
3353 3758 3421 3811 Ἀ
3457 3757 3512 3810 δὲ
3536 3757 3756 3826 εἰρηκεν

2183 3855 2618 3926 αἰνιγματωδῶς,
2649 3855 2824 3908 ταῦτα
2849 3856 2961 3918 τοῖς
3004 3851 3374 3924 ἀκροωμένοις
3439 3848 3588 3918 σαφῆ
3625 3847 3757 3899 καο-

2187 3949 2356 4013 ιστάς,
2385 3948 2721 4019 προσεπάγει
2754 3945 3117 4019 παραχρῆμα*
3142 3945 3252 3999 Καὶ
3277 3943 3428 3998 ἔσται
3455 3944 3484 3996 ὁ
3517 3940 3644 4002 λαὸς
3680 3939 3762 4002 ὡς

2185 4043 2289 4096 ὑπὸ
2313 4044 2482 4114 πυρὸς
2528 4039 3026 4110 κατακεκαυμένος.
3063 4037 3379 4108 Ἀνθρωπος
3418 4035 3508 4088 τὸν
3533 4032 3762 4100 ἀδελφὸν.

2185 4134 2350 4188 αὐτοῦ
2379 4135 2478 4186 οὐκ
2503 4132 2734 4202 ἐλεήσει.
2769 4129 2982 4200 Ὥσπερ
3013 4130 3118 4201 γὰρ
3139 4129 3188 4181 οἱ
3218 4127 3437 4198 μόσχοις
3464 4123 3757 4190 ἐπάγοντες

2187 4224 2321 4295 πῦρ,
2352 4223 2764 4294 παραθήγουσιν
2799 4222 2880 4284 εἰς
2909 4219 3099 4291 ὀργάς,
3152 4218 3246 4271 κιύ⁴
3287 4216 3387 4278 τὰς
3435 4213 3558 4267 καθ’
3591 4206 3665 4266 ὧν
3691 4211 3760 4264 ἀν

2189 4313 2318 4365 ἴοιεν
2343 4314 2562 4381 ἐφόδους
2592 4309 2902 4382 ἁδρωτέρας
2923 4307 3192 4362 ποιεῖσθαι
3223 4303 3751 4377 παρασκευάζουσιν

2185 4403 2348 4466 οὕτω,
2384 4403 2537 4474 φησὶ,
2584 4403 2677 4456 καὶ
2731 4402 2958 4464 ἕκαστος
3001 4399 3153 4452 ἐσται
3202 4397 3311 4450 τῶν
3360 4395 3506 4449 λαῶν
3550 4393 3624 4455 ὡς
3654 4393 3762 4445 ὑπο

2188 4496 2358 4568 πυρὸς
2390 4493 2886 4564 κατακεκαυμένοις.
2928 4489 3196 4562 Ἠρμηταί
3229 4504 3284 4542 τε
3329 4488 3437 4558 γάρ
3476 4487 3568 4540 καὶ
3598 4483 3756 4553 ἀφιλ-

519 4582 572 4636 ln
594 4581 801 4649 aliquos
827 4599 841 4635 :
879 4581 1227 4635 declinabunt
1253 4581 1319 4634 ad
1350 4582 1688 4646 dextram,ot.
1709 4580 1872 4635 edent
1896 4596 1926 4634 a
1948 4580 2078 4636 sini-

2187 4589 2575 4659 οικτείρμονες,
2622 4588 2718 4640 καὶ
2767 4585 3030 4655 ἀδελφοὺς
3059 4585 3160 4637 οὐκ
3214 4581 3450 4644 εἰδότες,
3489 4577 3652 4632 δεινοί
3697 4593 3758 4629 τε

519 4673 668 4736 stris,
707 4671 756 4724 id
796 4678 900 4736 est,
935 4671 1039 4725 bne
1073 4684 1128 4725 et
1157 4670 1282 4724 illuc
1306 4681 1707 4738 convertentur,
1738 4671 1856 4724 illos
1881 4685 1911 4722 ιι
1955 4671 2084 4723 dex-

521 4761 618 4816 tris
650 4761 976 4825 mordentes,
1010 4760 1112 4815 bos
1144 4777 1172 4813 a
1199 4760 1352 4825 laeva,
1383 4770 1662 4829 parcentes
1699 4759 1920 4826 nemini,
1945 4759 2088 4813 insa-

523 4851 688 4906 tiabili
745 4853 1035 4919 cupiditate
1085 4853 1290 4920 seipsos
1337 4851 1620 4906 invadendi
1657 4851 1929 4905 ardentes.
1971 4849 2086 4904 Non

524 4944 685 5006 enim,
733 4944 936 5012 inquit,
1004 4945 1290 4998 satiabitur
1329 4945 1487 4998 homo
1541 4945 1828 4998 comedens
1887 4959 2084 4999 carnes

525 5036 728 5090 brachii
766 5036 869 5090 sui.
902 5037 945 5091 Ο
977 5051 1085 5089 rem
1119 5038 1307 5087 miram
1357 5045 1412 5089 et
1461 5035 1868 5089 incredibilem!
1925 5034 2040 5089 N0n
2066 5073 2083 5098 ,

528 5127 716 5194 mquit,
751 5124 851 5179 sibi
880 5126 1011 5195 ipsis
1036 5136 1402 5194 comparccnt,
1425 5142 1489 5180 ex
1523 5126 1800 5194 impotenti
1834 5126 2085 5180 videlicet

530 5218 756 5271 msania.
789 5215 1050 5286 Prorupta
1081 5222 1223 5271 enim
1268 5217 1432 5270 semel
1460 5224 1514 5268 et
1535 5217 1814 5283 desperata
1865 5216 2086 5270 audacia

532 5307 676 5371 freti,
711 5309 776 5360 ad
801 5309 978 5360 omnia
1006 5308 1312 5376 turpissima
1337 5309 1602 5360 acerrime
1627 5316 1674 5358 et
1694 5305 1917 5375 juvenili
1941 5319 2090 5359 more

536 5399 951 5468 )rogredientur.
989 5398 1175 5452 Postea
1240 5399 1370 5452 dicit
1409 5415 1423 5450 :
1457 5397 1714 5450 Comedet
1775 5398 1918 5450 enim
1969 5395 2087 5448 Ma—

538 5507 712 5546 .iasses
757 5490 1030 5558 Ephraim,
1058 5503 1113 5546 et
1149 5491 1402 5560 Ephraim
1450 5491 1773 5544 Manassem.
1832 5489 2087 5558 prraim

540 5597 658 5636 vero
690 5592 745 5637 ct
790 5581 1066 5636 Manasses
1116 5582 1340 5636 fuerunt
1366 5583 1472 5635 duo
1524 5580 1739 5644 fratres,
1775 5592 1826 5634 et
1873 5580 1963 5632 lilii
1998 5577 2090 5632 Jo-

543 5677 678 5744 teph.
703 5675 771 5728 At
793 5691 964 5742 neque
989 5678 1128 5731 inter
1159 5677 1435 5744 sanguinis
1463 5676 1726 5729 charitatc
1751 5674 2088 5740 conjunetos,

548 5767 720 5835 nquit,
771 5779 960 5821 natura
1011 5768 1123 5834 ipsa
1171 5777 1297 5821 tune
1346 5783 1528 5836 pacem
1578 5768 1869 5822 constituet
1898 5781 1911 5815 :
1945 5765 2088 5833 leges

538 5854 1006 5924 :onsanguinilatis
1049 5854 1233 5908 inanes
1281 5865 1439 5911 erunt
1497 5864 1552 5911 et
1607 5855 1794 5909 irritw.
1852 5855 2086 5924 Surgunt

2190 4681 2284 4733 καὶ
2316 4679 2639 4750 ἁγριόθυμοι
2692 4678 2892 4739 πάντες
2931 4676 3145 4729 ἔσονται
3194 4673 3311 4726 κατ’
3351 4669 3615 4740 ἀλλήλων,
3663 4669 3760 4720 καὶ⁸

2189 4770 2392 4841 θηρίων
2425 4770 2578 4839 δίκην
2634 4766 2776 4837 λιμῷ
2809 4764 3161 4836 τεθηγμένων
3214 4763 3292 4824 είς
3337 4759 3634 4830 ἀγριότητα
3660 4757 3758 4825 τὴν

2188 4861 2329 4914 κατά
2353 4875 2534 4913 τινων
2575 4856 2913 4911 ἐκκλινοῦσιν
2943 4859 3020 4920 εἰς
3051 4857 3117 4908 τά
3170 4850 3340 4919 δεξιὰ,
3373 4847 3467 4902 καὶ
3497 4847 3759 4916 φάγονται

2187 4956 2251 5006 ἐκ
2278 4952 2385 5006 τῶν
2418 4950 2736 5022 ἀριστερῶν·
2766 4947 2911 5001 τοῦτ’
2936 4947 3102 5010 ἔστιν,
3149 4944 3272 5016 τῇδε
3326 4940 3548 4996 κάκεῖσε
3601 4956 3758 5009 περι-

2191 5045 2612 5116 στραφὴσονται,
2650 5039 3046 5101 καταδακόντες
3075 5037 3200 5100 τοὺς
3217 5038 3282 5089 ἐκ
3300 5035 3508 5100 δεξιῶν,
3548 5035 3672 5094 τοὺς
3700 5034 3761 5096 ἐξ

2189 5136 2507 5206 εὐωνύμων,
2574 5132 2877 5203 φειδόμενοι
2935 5147 2994 5183 τε
3051 5129 3314 5199 μηδαμῶς
3362 5126 3604 5187 οὐδενὸς,
3665 5126 3760 5175 καὶ

2189 5229 2481 5298 ἀκόρεστον
2503 5225 2718 5294 ἔχοντες
2747 5224 2848 5292 τῆς
2893 5224 3011 5276 κατ’
3042 5221 3284 5290 ἀλλήλων
3314 5218 3501 5287 ἐφόδου
3533 5216 3624 5269 τὸν
3659 5215 3758 5266 πό-

2191 5319 2302 5374 θον.
2331 5318 2408 5372 Οὐ
2447 5317 2554 5386 γὰρ
2593 5315 2667 5386 μὴ
2695 5314 2978 5385 ἐμπλησθῇ
3001 5351 3015 5373 ,
3034 5312 3218 5382 φησὶν.
3253 5309 3534 5378 ἄνθρωπος
3565 5306 3760 5358 ἐσθίων

2190 5412 2288 5472 τὰς
2345 5409 2552 5479 σάρκας
2607 5406 2701 5458 τοῦ
2752 5405 3031 5475 βραχίονος
3103 5400 3292 5455 αὑτοῦ.
3343 5401 3406 5452 Ὢ
3455 5397 3758 5468 παραδόξου

2192 5497 2546 5568 πράγματοςὲ
2606 5494 2742 5550 Οὐδὲ
2788 5493 2993 5547 ἑαυτῶν
3043 5493 3336 5562 φείσονται,
3386 5489 3572 5559 φησιν,
3601 5487 3675 5550 ὡς
3705 5485 3763 5550 ἐξ

2192 5590 2429 5658 ἀκράτου
2473 5587 2687 5656 μανίας.
2737 5583 3135 5652 Ἀπεγνωκὸτες
3162 5583 3270 5652 γάρ
3311 5579 3457 5644 ἅπαξ
3482 5579 3613 5650 πρὸς
3652 5580 3761 5630 πᾶν

2191 5680 2366 5732 ὀτοῦν
2389 5677 2495 5730 τῶν
2522 5679 2911 5730 ἐκτοπωτάτων
2957 5674 3260 5744 βαδιοῦνται
3312 5670 3593 5733 νεανικῶς.
3628 5665 3762 5722 Εἷτά

2195 5787 2376 5840 φησιν.
2411 5770 2491 5821 ὅτι
2520 5768 2754 5834 ιῐνὰγεται
2783 5768 2890 5836 γὰρ
2929 5765 3224 5834 Μανασσῆς
3246 5762 3339 5815 τοῦ
3365 5761 3627 5831 Ἐφραῖμ,
3665 5761 3764 5813 καὶ

2207 5859 2443 5931 Rapui}
2477 5857 2566 5910 τοῦ
2600 5858 2886 5927 Μανασσῆ.
2929 5855 3169 5926 Ἰεζφραῖμ
3207 5853 3261 5907 δὲ
3318 5853 3409 5906 καὶ
3465 5853 3763 5918 Μανασσῆς
