4152 6366
343 413 453 472 277

1489 410 1553 464 IN
1596 410 1832 467 ISAIAM
1869 409 1998 465 LIB.
2041 412 2082 466 1.
2122 411 2451 467 0RAT..V}.

3470 415 3593 471 273‘.

344 529 437 584 δύο
464 526 748 598 γεγόνασιν
802 522 1038 594 ἀδελφοὶ,
1086 525 1182 578 καὶ
1222 523 1414 595 Ἰωσὴφ
1456 524 1759 579 υἰοί.,”Λλλ’
1797 523 1916 575 οὐδὲ

2044 526 2160 578 :nini
2218 526 2354 580 alios
2410 526 2461 580 in
2513 524 2675 579 alium
2733 524 2945 584 fratres.
3002 533 3058 579 et
3099 525 3284 581 eodem
3332 526 3586 597 prognati

346 620 456 680 τοῖς
500 616 559 680 ἒξ
610 616 861 685 αἵματος,
905 614 1087 683 φησὶν,
1130 614 1210 675 εἰς
1260 611 1496 665 διάθεσιν
1549 609 1912 680 συνημμένοις

2021 618 2265 683 semine,
2315 634 2451 673 unus
2510 617 2562 671 in
2618 634 2818 683 unum,
2871 619 2976 671 duo
3032 618 3083 671 in
3152 618 3401 671 alterum.
3469 618 3579 674 Co-

350 708 638 780 βραϐεύσει
689 707 811 759 τότε
862 706 961 776 τὴν
1016 704 1237 775 εἰρήνην
1281 705 1331 773 ἡΔ
1379 701 1559 771 φύσις·
1612 702 1936 772 ἀργήσουσι,

2044 711 2200 764 nedet
2258 724 2472 778 nempe,
2551 710 2753 779 inquit,
2828 708 3099 764 Manasses
3157 709 3448 777 Ephraim.
3526 718 3582 764 et

348 800 448 868 τῆς
490 797 807 867 συγγενείας
858 797 908 849 οἱ
957 796 1130 865 νόμοι.
1181 793 1761 863 Κατεξαναστήσονται
1807 790 1917 861 γὰρ

2044 800 2274 869 ΞρΙιι-οἰηι
2325 800 2650 865 Maluissem,
2689 800 2938 868 quoniam
2980 802 3137 854 simul
3170 799 3365 855 Judarn
3416 816 3584 871 oppu-

348 890 592 962 ἀλλήλων
622 889 843 958 ἀδελφοὶ
899 888 995 942 καί⁵
1045 886 1362 958 ὁμόσποροι,
1399 880 1480 948 εἷς
1506 901 1566 937 τε
1588 884 1719 940 καθ’
1778 884 1915 945 ἐνὸς,

350 985 443 1037 καὶ
470 981 593 1036 καθ’
651 982 837 1053 ἐτέρου
866 979 977 1033 δύο.
1018 980 1252 1047 Φάγεται
1296 977 1425 1047 γὰρ,
1462 976 1619 1047 φησί,
1650 976 1943 1044 Μανασσῆν

349 1074 443 1127 τοῦ
501 1072 760 1144 Ἐφραῗμ,
795 1073 888 1124 καὶ
930 1068 1169 1143 Ἐφραῖμ
1221 1067 1635 1136 τοῦΜανασσῆ,
1684 1067 1766 1118 ὃτι
1804 1064 1920 1134 ἅμα

351 1166 773 1236 πολιορκήσουσι
822 1163 912 1216 τὸν
947 1161 1169 1217 Ἰούδαν.
1220 1158 1545 1230 Συγχύσεως
1591 1153 1683 1209 οῦν
1713 1156 1822 1225 ἄρα
1853 1153 1922 1207 τὰ

354 1260 531 1314 πάντα
565 1257 903 1328 μεμέστωτο,
939 1256 1033 1308 καί
1062 1253 1349 1322 ἁδιάκριτα
1377 1253 1512 1304 πᾶσι
1533 1248 1611 1304 ,τὰ
1644 1249 1701 1315 ἐξ
1727 1246 1919 1318 ὀργῆς.

353 1352 447 1406 καὶ
472 1351 592 1404 καθ’
624 1344 699 1402 ὧν
748 1349 808 1402 οὐ
837 1348 1015 1415 θέμις,
1069 1345 1163 1398 καὶ
1192 1343 1323 1414 παρ’
1367 1335 1442 1396 ὧν
1495 1342 1555 1394 ού
1607 1340 1783 1404 Θέμις.
1814 1340 1922 1394 Καὶ

355 1443 511 1495 ταυτὶ
562 1440 681 1511 μὲν,
713 1439 788 1502 ὼς
830 1437 988 1508 ἔφην,
1019 1434 1304 1507 ίστορικῶς
1350 1434 1468 1497 ταῖς
1513 1432 1621 1484 τῶν
1657 1432 1923 1485 Ἰουδαίων

358 1534 580 1603 ἀγέλαις
604 1531 799 1603 συνέϐη
830 1529 1042 1583 παθεῖν.
1076 1524 1530 1601 Παραφυλακτέον
1558 1524 1615 1576 δὲ
1660 1524 1755 1577 καὶ
1794 1524 1923 1593 ἡμῖν

358 1628 557 1689 αὐτοῖς.
588 1624 891 1689 Κολάζεται
921 1621 1035 1695 γὰρ¹
1072 1620 1132 1673 τὸ
1169 1620 1453 1689 δυσήκοον,
1496 1617 1592 1672 καὶ
1633 1617 1683 1669 εἰ
1721 1632 1803 1679 τις
1846 1615 1925 1677 εἰς

356 1718 515 1771 τοῦτο
553 1716 732 1777 πέσοι,
762 1714 838 1779 ὡς
889 1713 994 1766 ὑπὸ
1027 1709 1199 1782 πυρὸς
1243 1708 1611 1778 καυθήσεται,
1658 1705 1926 1774 καταερλεξ

357 1810 559 1881 γούσης
582 1808 745 1863 αὐτὸν
775 1806 870 1861 καὶ
898 1804 1165 1878 σαρκικῆς
1203 1802 1416 1875 ἡδονῆς,
1438 1801 1535 1855 καὶ
1559 1800 1766 1871 θερμῆς
1806 1802 1941 1851 ἐπι-ν

2021 892 2262 959 gnabunt
2287 908 2300 945 :
2330 891 2512 958 itaque
2552 890 2868 947 confusione
2896 892 3098 961 repleta
3129 902 3255 946 sunt
3298 894 3497 958 omnia,
3530 902 3586 947 et

2026 982 2078 1036 in
2108 996 2243 1051 quos
2274 997 2377 1036 non
2413 982 2627 1047 licebat,
2651 993 2705 1037 et
2750 999 2780 1035 a
2827 982 3021 1050 quibus
3060 998 3164 1038 non
3194 983 3406 1049 licebat,
3462 999 3586 1051 per-

2027 1073 2230 1126 miscue
2270 1072 2419 1127 furor
2456 1074 2567 1143 egit
2588 1072 2790 1127 omnia.
2824 1072 2892 1126 Et
2925 1076 3037 1127 lucc
3060 1074 3278 1142 quidem
3303 1074 3581 1136 historice,

2026 1163 2474 1232 quemadmodum
2526 1163 2659 1230 dixi,
2703 1165 2862 1218 εαξιυί
2896 1162 3200 1219 Iudaeorum
3248 1164 3584 1219 acciderunt.

2028 1251 2192 1307 Nobis
2230 1261 2406 1305 autem
2462 1253 2591 1323 ipsis
2626 1254 2789 1308 etiam
2838 1256 3139 1309 cavendum
3196 1264 3297 1309 est.
3358 1254 3589 1310 Ponitur

2029 1345 2170 1398 enim
2225 1344 2605 1409 iuobedientia,
2664 1357 2719 1400 et
2765 1347 2818 1401 in
2878 1362 3037 1417 quam
3085 1347 3330 1417 quisquis
3373 1347 3585 1410 recidit,

2032 1443 2285 1503 tanquam
2302 1436 2409 1502 igni
2434 1436 2802 1503 comburetur,
2825 1452 3056 1507 eumque
3080 1447 3133 1491 et
3183 1437 3418 1493 carnalis
3444 1437 3592 1491 volu-

2032 1535 2172 1593 ptas,
2239 1537 2293 1579 ct
2352 1528 2547 1582 ardens
2583 1529 2851 1599 cupiditas
2906 1529 3244 1584 incendent:
3281 1543 3344 1583 ac
3388 1528 3493 1583 erit
3539 1529 3589 1581 ei

2033 1620 2178 1671 Intus
2244 1618 2297 1671 in
2346 1620 2529 1675 animo
2576 1635 2639 1675 ac
2680 1624 2842 1675 corde
2892 1636 3068 1693 pugna
3112 1620 3488 1686 intolerabilis,
3527 1634 3593 1672 ac

2033 1709 2273 1779 insurget
2302 1721 2487 1765 contra
2535 1712 2781 1781 spiritum
2822 1727 2970 1780 caro,
3021 1723 3076 1769 et
3117 1714 3307 1783 ingens
3344 1712 3453 1765 erit
3508 1710 3609 1781 ja-

2033 1803 2287 1855 ctatioac
2315 1801 2678 1858 tumultuatio.
2699 1803 2878 1871 Quare
2906 1803 3063 1859 sicuti
3089 1812 3141 1858 et
3158 1804 3371 1859 divinus
3395 1801 3614 1861 Paulus.

364 1902 584 1974 θυμίας.
616 1901 767 1965 Ἐξει
814 1900 872 1953 δὲ
894 1900 989 1952 καὶ
1014 1900 1093 1962 εἰς
1118 1897 1254 1953 νοῦν.
1279 1897 1371 1950 καὶ
1404 1894 1631 1966 καρδίαν
1661 1893 1933 1963 ἀφόρητον

2044 1893 2206 1961 inquit
2231 1910 2245 1948 :
2282 1910 2301 1942 ι
2323 1892 2524 1962 Spiritu
2543 1894 2833 1961 ambulate,
2861 1903 2915 1950 et
2936 1894 3281 1962 cupiditatem
3314 1894 3496 1950 carnis
3524 1908 3594 1947 ne

365 1989 1126 2063 μάχηνκνατεξαναστήσεται
1154 1988 1262 2059 γὰρ
1276 1986 1369 2040 τοῦ
1392 1984 1698 2055 πνεύματος
1719 1984 1752 2053 ή
1772 1982 1928 2054 σὰρξ,

360 2083 541 2137 καὶέν
565 2080 815 2151 θορύϐοις
862 2079 1016 2133 ἔσται
1058 2078 1293 2141 πολλοῖς.
1344 2076 1454 2142 Διὸ,
1522 2074 1665 2128 καθά
1711 2092 1873 2145 φησιν
1904 2075 1932 2127 ὀ

363 2171 647 2235 θεσπέσιος
680 2170 909 2233 Παῦλος·
950 2189 968 2220 ι
993 2169 1083 2222 Ἐν
1112 2167 1383 2238 πνεύματι
1412 2167 1789 2237 περιπατεῖτε,
1838 2164 1945 2217 καὶς

358 2262 652 2333 ἐπιθυμίαν
688 2262 889 2334 σαρκὸς
916 2262 977 2314 ού
1015 2260 1089 2332 μὴ
1117 2260 1389 2331 τελέσητε.
1424 2278 1441 2309 ι
1480 2258 1932 2328 Ὺποταττόμενοι

357 2358 465 2428 γὰρ
488 2356 700 2427 τῷϐεῷ
731 2355 1178 2427 περιπατήσομεν
1206 2354 1265 2406 ἐν
1301 2352 1595 2421 πνεύματι,
1626 2351 1718 2404 καὶ
1750 2350 1933 2423 κρείτ-

358 2464 483 2509 τους
506 2446 740 2516 ἐσόμεθα
776 2444 1054 2517 σαρκικῶν
1076 2441 1404 2513 ἐπιθυμιῶν,
1438 2443 1533 2495 καὶ
1573 2440 1672 2504 τὰς
1699 2442 1778 2505 εἰς
1806 2439 1931 2493 νοῦν

360 2536 470 2588 ἐσω
489 2538 785 2607 νικήσομεν
808 2536 1031 2606 φλόγας,
1072 2536 1168 2589 καὶ
1218 2534 1580 2588 ἀστασίαστον
1621 2534 1931 2604 τηρήσομεν

2037 1982 2369 2052 perieceritis
2403 1983 2467 2039 ¹¹.
2493 2004 2512 2039 ι
2542 1984 2674 2039 Nam
2715 1986 2759 2040 si
2789 1987 2895 2041 Deo
2940 1987 3137 2042 subditi
3170 2001 3377 2050 sumus,
3404 1984 3599 2041 ambu-

2036 2074 2268 2129 labimus
2310 2075 2361 2129 in
2393 2076 2610 2143 spiritu,
2644 2084 2701 2132 et
2736 2077 2978 2132 carnales
3016 2078 3335 2148 cupiditates
3368 2090 3597 2147 supera~

2036 2167 2231 2231 bimus,
2293 2167 2639 2239 internasque
2705 2168 2865 2223 animi
2899 2169 3041 2225 iaces
3078 2170 3373 2236 vincemus,
3408 2178 3464 2224 et
3500 2182 3615 2223 eor)

2040 2260 2381 2331 tranquillum
2426 2271 2784 2331 pacatumque
2819 2262 3278 2317 conservabimus.
3310 2261 3419 2316 Pax
3450 2260 3606 2316 enim.

2040 2351 2155 2416 Dei,
2210 2352 2353 2406 sicut
2399 2353 2657 2419 scriptum
2705 2362 2789 2408 est
2834 2355 2902 2418 ³³,
2956 2367 3077 2423 quae
3119 2362 3339 2420 superat
3381 2365 3621 2405 omnem.

2038 2453 2292 2511 mentem,
2332 2446 2599 2501 custodiet
2665 2445 2828 2501 corda
2873 2452 3188 2511 nostra,.et
3246 2442 3616 2516 cogitationes-

2038 2545 2274 2593 nostras.

360 2624 458 2694 τὴν
482 2627 731 2697 καρδίαν,
776 2627 840 2679 Ἥ
884 2628 991 2695 γὰρ
1017 2626 1205 2696 εἰρήνη
1246 2624 1341 2678 τοῦ
1399 2624 1575 2689 Θεοῦ,
1634 2623 1779 2677 καθὰ
1835 2623 2164 2695 γέγραπται,
2197 2631 2230 2700 ή
2268 2629 2606 2701 ὑπερέχουσα
2642 2628 2818 2684 πάντα
2851 2628 2995 2695 νοῦν,
3022 2630 3320 2703 φρουρήσει
3338 2626 3436 2691 τὰς
3464 2641 3616 2696 καρα.

364 2717 481 2781 δίας
515 2720 546 2789 ή
558 2718 673 2788 μῶν
698 2720 792 2773 καὶ
827 2719 895 2773 τὰ
922 2722 1163 2793 νοήματα
1194 2720 1371 2793 ήμῶν.

446 2809 571 2862 Ἐπί
618 2808 769 2864 πᾶσι
821 2813 1052 2879 τούτοις
1090 2815 1200 2867 οὐκ
1243 2810 1675 2881 ἀπεστράφη.ξό
1730 2808 1937 2879 θυμός,

363 2902 500 2955 ἀλλ’
530 2901 618 2954 ἔτι
647 2900 776 2971 χείρ
814 2903 1055 2973 ὑψηλή.
1100 2905 1245 2959 Οὐαὶ
1276 2904 1399 2971 τοῖς
1427 2904 1724 2975 γράφουσι
1759 2920 1941 2974 πονη-

358 2994 520 3061 ρίαν.
564 2992 920 3064 Γράφοντες
949 2996 1058 3065 γὰρ
1102 2998 1399 3066 πονηρίαν
1438 2995 1774 3066 γράφουσιν
1796 3012 1810 3026 ·
1840 2997 1940 3050 ἐκ·

368 3085 681 3152 κλίνοντος
718 3088 918 3154 κρίσιν
960 3087 1243 3157 πτωχῶν,
1274 3088 1372 3142 καὶ
1414 3087 1771 3157 ἁρπάζοντες
1813 3088 1941 3155 κρί-

2113 2810 2242 2869 (ΣΑΡ.
2278 2812 2349 2868 X.
2387 2810 2549 2869 Vens.
2593 2813 2705 2871 1-4.
2744 2813 2823 2867 In.
2853 2813 3093 2869 omnibus
3128 2813 3209 2868 Itis
3255 2829 3357 2868 non
3392 2831 3614 2870 aversus-

2040 2913 2115 2959 est
2142 2903 2309 2972 furor,
2344 2906 2433 2958 sed
2461 2905 2633 2959 adhuc
2655 2922 2853 2963 manus
2872 2908 3098 2961 excelsa.
3132 2904 3226 2960 νω
3252 2906 3343 2977 qui
3367 2909 3617 2961 scribunt-

2041 2998 2394 3068 iniquitatem.
2426 2996 2718 3053 Scribentes
2756 3000 2897 3053 enim
2944 2999 3276 3069 iniquitatem
3328 2999 3606 3063 scribunt;

2044 3090 2364 3145 declinantes
2397 3091 2668 3162 judicium
2716 3106 3026 3161 pauperum,
3064 3100 3113 3144 et
3165 3090 3470 3160 diripientes
3512 3089 3619 3158 jus.

363 3194 522 3247 ματα
563 3178 836 3245 πενήτων
868 3180 974 3234 τοῦ
1018 3182 1171 3235 λαοῦ
1196 3199 1335 3251 μου,
1370 3180 1526 3235 ὥστε
1562 3182 1713 3236 εἰναι
1740 3180 1941 3248 αὐτοῖς

2044 3182 2282 3247 inopibus
2308 3184 2488 3253 populi
2505 3186 2739 3255 mei,quo
2757 3183 2941 3237 viduas
2967 3182 3191 3236 habeant
3212 3183 3424 3249 prwdaa,
3448 3182 3617 3251 170.

372 3270 565 3341 χήραν
590 3273 678 3338 εἰς
704 3272 1002 3341 ἁρπαγὴν,
1034 3272 1135 3325 καὶ
1184 3272 1449 3342 ὀρφανὸν
1488 3274 1574 3338 εἰς
1611 3272 1937 3342 προνομήν.

374 3363 479 3416 Καὶ
505 3364 564 3415 τί
591 3362 928 3428 ποιήσωσιν
958 3363 1029 3418 ἐν
1054 3363 1127 3432 τῇ
1167 3363 1358 3434 ἡμέρᾳ
1402 3362 1512 3433 τῆς
1561 3363 1943 3433 ἐπισκοπῆς;

384 3454 445 3508 Ἠ
470 3457 579 3523 γὰρ
606 3455 814 3523 θλίψις
836 3456 978 3525 ὑμῖν
1006 3457 1307 3525 πόρρωθεν
1342 3456 1493 3523 ἧξεν
1515 3455 1610 3510 καὶ
1642 3456 1791 3524 πρὸς
1814 3456 1947 3510 τίνα

377 3547 840 3616 κιιταςτεύξεσθε,
884 3547 992 3602 τοῦ
1024 3546 1399 3617 βψθηθῆναι
1420 3566 1440 3614 ;
1477 3548 1576 3601 καί
1618 3547 1735 3601 ποῦ
1769 3564 1944 3600 καταε-

374 3638 603 3706 λὴψετε
653 3639 769 3707 τὴν
806 3639 996 3705 δόξαν
1029 3639 1216 3710 ὑμῶν,
1248 3638 1354 3694 τοῦ
1393 3639 1480 3711 μὴ
1534 3639 1819 3709 ἐμπεσεῖν
1862 3641 1949 3705 εἰς

376 3729 691 3800 ἐπαγωγήν
706 3747 727 3795 ;

344 3896 347 3899 _
451 3823 579 3875 Ὅτε
604 3822 704 3886 τὰς
734 3822 843 3875 τῶν
875 3822 1144 3876 Ἰουδαίων
1173 3822 1479 3893 συμφορὰς,
1506 3822 1600 3876 καὶ
1626 3822 1696 3876 τά
1718 3821 1950 3893 ἐσόμενα

381 3912 551 3983 βλάϐη
596 3914 685 3967 διὰ
725 3914 826 3983 τῆς
872 3912 980 3967 τῶν
1023 3912 1295 3983 πολεμίων
1342 3912 1559 3983 χειρὸς,
1620 3910 1952 3982 πλατύτερον

381 4005 512 4074 ἡμῖν
562 4005 592 4056 ὁ
640 4006 973 4077 προφητικὸς
1028 4004 1303 4075 ἐξηγεῖται
1350 4005 1528 4073 λόγος,
1560 4003 1680 4057 τότε
1727 4002 1949 4076 δηλίαν

385 4097 565 4167 σοφῶς
606 4116 665 4151 τε
712 4101 808 4154 καὶ
850 4099 1206 4170 οἰκονομικῶς
1236 4099 1485 4171 ἐπιφέρει
1510 4098 1608 4161 τὰς
1636 4097 1833 4160 αἰτίας,
1866 4098 1950 4165 ἐφτ

381 4182 470 4253 αἶς
518 4190 547 4241 ό
576 4190 684 4243 τῶν
715 4191 851 4243 ὅλων
883 4191 1180 4261 λελύπηται
1224 4190 1375 4255 Θεὸς,
1406 4190 1499 4242 καὶ
1528 4190 1782 4260 πειρᾶται
1810 4187 1954 4242 διδά-

383 4298 535 4335 σκειν
561 4283 641 4335 ὄτι
675 4281 853 4352 ψῆφος
877 4283 964 4336 ἐπ’
993 4284 1175 4346 αὐτοῖς
1199 4282 1320 4336 ὁσία
1342 4283 1531 4352 γέγονε
1560 4282 1797 4338 καλοῦσα
1818 4282 1954 4353 πρὸς

383 4375 557 4446 δίκην.
590 4377 665 4429 Ut)
692 4376 802 4447 γὰρ
829 4376 1027 4441 ἀδίκως
1066 4377 1364 4430 ἐκτείνεται
1396 4376 1586 4431 δίκτυα
1635 4379 1952 4448 πτερωτοῖς,

386 4467 531 4522 κατὰ
557 4467 619 4521 τὸ
645 4469 1049 4539 γεγραμμένον.
1082 4468 1217 4522 Οὐαὶ
1252 4468 1451 4534 τοίνυν,
1487 4468 1641 4538 φησι,
1665 4471 1777 4532 τοῖς
1819 4468 1957 4538 γρὰε

2042 3284 2090 3327 et
2117 3274 2344 3342 pupillos
2373 3275 2645 3343 diripiant.
2694 3273 2834 3339 Quid
2868 3290 2983 3328 vero
3009 3272 3207 3343 facient
3236 3272 3291 3326 in
3312 3273 3395 3327 a'ie
3415 3273 3603 3326 visita-

2044 3367 2239 3423 tionis?
2284 3366 2509 3438 Aﬁiictio
2540 3366 2677 3422 enim
2718 3366 2858 3420 vobis
2902 3365 2967 3418 de
3011 3364 3159 3434 longe
3213 3368 3396 3419 veniet.
3423 3363 3491 3417 Et
3538 3364 3607 3417 ad

2043 3474 2199 3527 quem
2223 3458 2549 3528 perfugietis,
2578 3466 2636 3510 ut
2666 3456 2931 3511 auxilium
2962 3455 3393 3525 consequamini?
3418 3457 3489 3509 Et
3519 3454 3609 3509 ubi

2047 3546 2348 3616 relinquetis
2393 3546 2617 3618 gloriaut
2650 3557 3020 3616 vestram,__ue
3060 3545 3305 3599 incidatis
3340 3546 3395 3599 in
3442 3545 3609 3599 abdu-

2048 3637 2314 3691 ctionem?

2119 3838 2251 3895 Cum
2291 3837 2595 3895 Iudaeorum
2632 3835 2988 3900 calamitates,
3023 3842 3078 3890 ct
3126 3833 3463 3890 incommoda
3509 3836 3615 3890 bo-

2051 3930 2162 3986 stili
2209 3943 2368 3984 manu
2416 3927 2618 3993 futura,
2649 3927 2811 3982 latius
2859 3927 3017 3982 nobis
3064 3925 3405 3996 propheticus
3434 3939 3614 3981 sermo

2051 4021 2292 4091 exponit,
2342 4028 2468 4075 tunc
2518 4017 2938 4090 prudentissime
2990 4033 3203 4088 quoque
3252 4024 3309 4071 et
3366 4016 3614 4086 apposite

2054 4113 2217 4169 infert
2261 4126 2475 4176 causas,
2508 4120 2725 4181 propter
2751 4126 2886 4181 quas
2931 4109 3300 4164 universitatis
3344 4107 3490 4164 Deus
3528 4107 3615 4163 of-

2055 4207 2239 4263 fensus
2276 4206 2718 4274 est,_docereqne
2780 4211 3027 4267 conatur,
3067 4216 3288 4257 causam
3325 4203 3618 4279 liancesse

2054 4306 2298 4353 sanctum
2338 4296 2608 4348 decretum
2644 4289 2764 4353 Dei,
2800 4291 2867 4343 ad
2917 4304 3131 4359 poenam
3183 4289 3451 4345 vocantis.
3500 4286 3617 4343 Non

2056 4386 2198 4442 enim
2243 4384 2439 4452 injuste
2492 4382 2786 4437 tenduntur
2824 4380 2958 4435 retia
2995 4378 3321 4442 volucribus,
3365 4378 3519 4448 juxta
3563 4376 3617 4431 id

2056 4477 2201 4548 quod
2234 4477 2493 4545 scriptum
2535 4482 2642 4529 est.
2689 4471 2782 4527 Vae
2809 4471 2994 4542 igitur,
3023 4470 3218 4540 inquit,
3252 4469 3345 4541 qui
3372 4470 3619 4525 scribunt

386 4576 548 4629 φουσι
570 4559 853 4631 πονηρίαν.
882 4560 1189 4631 Γράφοντες
1211 4559 1318 4632 γὰρ
1343 4562 1608 4633 πονηρίαν
1633 4560 1941 4631 γράφουσιν,

2059 4568 2416 4639 iniquitatem.
2451 4564 2759 4620 Scribentes
2785 4562 2933 4618 enim
2980 4562 3316 4630 iniquitatem
3346 4560 3615 4625 scribunt,

388 4650 726 4713 ἐκκλίνοντες
748 4650 927 4722 κρίσιν
957 4651 1207 4721 πτωχῶν,
1242 4653 1337 4707 καὶ
1360 4652 1694 4722 ἁρπάζοντες
1714 4651 1957 4722 κρίματα

387 4745 634 4814 πενήτων
686 4742 780 4795 τοῦ
826 4742 956 4796 λαοῦ
1005 4740 1315 4814 μουῘΗσαν
1369 4744 1467 4815 μὲν
1514 4742 1631 4811 γὰρ,
1668 4740 1817 4813 παρὰ
1846 4742 1959 4803 τοῖς

399 4835 673 4898 Ἰουδαίοις
716 4835 765 4887 οί
821 4835 1144 4906 καλούμενοι
1191 4835 1766 4905 γραμματεῖς.Ἔργον
1793 4833 1850 4885 δὲ
1888 4827 1959 4903 ἦν

386 4928 569 4989 αὐτοῖς
604 4926 697 4979 τὸν
730 4928 813 4995 ἐφ’
844 4928 1058 4997 ἑκάστῳ
1112 4927 1397 4997 πράγματι
1425 4926 1518 4979 τοῦ
1558 4925 1722 4995 νόμου
1763 4925 1962 4977 σκοπὸν

386 5023 498 5083 τοῖς
524 5018 766 5073 ἐθέλουσι
797 5020 987 5091 μαθεῖν
1011 5020 1155 5090 σαφῆ
1180 5037 1239 5072 τε
1266 5021 1458 5084 ποιεῖν,
1495 5019 1587 5072 καὶ
1618 5020 1729 5081 τοῖς
1758 5018 1818 5070 τὸ
1842 5018 1957 5072 διας

388 5116 594 5186 κρίνειν
647 5114 808 5176 λαοὺς
853 5111 1351 5183 ἐγκεχειρισμένοις
1405 5110 1473 5164 τὰ
1502 5111 1674 5164 τοιάδε
1722 5110 1955 5181 προσϐα-

390 5206 524 5261 λεῖν.
546 5206 859 5275 Γέγραπται
882 5204 959 5265 δὲ,
985 5204 1067 5255 ὅτι
1095 5222 1113 5252 ε
1138 5201 1305 5272 Χείλη
1322 5201 1509 5273 ἱερέως
1525 5200 1815 5270 φυλάξεται
1836 5198 1958 5271 κρί-

395 5315 500 5365 σιν,
534 5297 629 5351 καὶ
656 5297 817 5366 νόμον
871 5296 1262 5367 ἐκζητήσουσιν
1304 5296 1367 5347 ἐκ
1411 5294 1674 5363 στόματος
1706 5293 1893 5348 αὐτοῦ.
1933 5312 1951 5344 ι

404 5388 736 5458 Ἠττώμενοι
794 5387 971 5441 τοίνυν
1038 5387 1278 5458 αἰσχρῶν
1331 5385 1689 5456 λημματίων,
1743 5385 1960 5446 ἀδίκους

394 5479 676 5532 ἐποιοῦντο
704 5479 803 5542 τὰς
835 5479 1177 5549 συγγραφὰς,
1208 5477 1269 5530 τὸ
1299 5476 1376 5541 τῷ
1408 5476 1538 5546 θείῳ
1590 5476 1740 5547 νόμῳ
1774 5476 1964 5530 δοκοῦν

396 5570 627 5633 ἀνοσίως
672 5570 1161 5641 ἐκκαπηλεύοντες,
1203 5570 1294 5622 καὶ
1338 5568 1499 5622 οἱονεὶ
1542 5568 1825 5637 μίσγοντες
1871 5569 1961 5619 τὸν

398 5660 537 5717 οἶνον
575 5662 751 5728 ὕδατι,
781 5663 876 5717 καὶ
899 5663 961 5716 τὸ
987 5662 1222 5735 καθαρὸν
1244 5660 1528 5734 ἀργύριον,
1558 5661 1809 5728 ἀδόκιμον
1830 5659 1962 5713 ἀπο-

486 5818 527 5850 ¹¹
569 5815 747 5872 Galat.
784 5834 835 5875 ν.
872 5818 955 5873 16.
1034 5819 1075 5849 ¹’
1111 5816 1343 5872 Piiiliuo.
1374 5816 1524 5871 v1.7.

1625 5815 1669 5847 ³³
1693 5813 1975 5874 Mabclml.
2007 5813 2057 5867 7.

2054 4665 2434 4730 detorquentes
2460 4644 2732 4726 judicium
2769 4660 3164 4723 paupernm,.et
3203 4651 3496 4719 eripientes
3529 4650 3618 4717 jus

2055 4753 2305 4823 inapibus
2346 4749 2525 4821 populi
2578 4747 2705 4803 mei.
2741 4745 3078 4801 Exstiterunt
3115 4744 3313 4798 etenim
3349 4742 3488 4811 apud
3520 4740 3617 4795 Ju-

2057 4846 2201 4900 deos
2234 4842 2463 4907 Scriba,
2509 4848 2571 4893 ut
2602 4844 2886 4901 vocantur,
2916 4848 3145 4904 quorum
3203 4830 3436 4887 ollicium
3476 4842 3616 4897 erat,

2056 4933 2191 5004 legis
2222 4946 2441 5002 scopum
2477 4945 2542 4984 ac
2579 4928 2640 4983 in
2674 4940 2886 4997 quaque
2927 4939 2989 4979 re
3033 4939 3251 4980 sensum
3290 4922 3622 4992 quibuslibet

2062 5025 2271 5078 discere
2311 5020 2613 5074 volentibus
2646 5017 2956 5082 explicare,_
2976 5025 3031 5070 et
3074 5014 3271 5085 quibus
3304 5014 3624 5083 iudicando-

2064 5128 2180 5166 rum
2213 5111 2529 5180 populorum
2566 5122 2759 5163 munus
2782 5117 2902 5160 erat
2931 5106 3311 5161 demandatum
3352 5105 3468 5160 haec
3491 5121 3621 5176 sug-

2063 5217 2271 5272 gerere.
2299 5200 2570 5270 Scriptum
2619 5214 2749 5254 vero
2777 5207 2861 5253 est
2899 5215 2913 5251 :
2955 5214 2974 5248 ι
3004 5196 3172 5252 Labia
3204 5196 3505 5251 sacerdotis
3535 5212 3626 5250 cn-

2063 5293 2298 5347 stodieut
2315 5291 2594 5361 judicium,
2613 5299 2665 5344 et
2681 5289 2852 5361 legem
2871 5289 3157 5358 exquirent
3182 5287 3249 5340 ab
3269 5301 3364 5341 ore
3382 5286 3499 5353 ejus
3518 5287 3615 5339 η.»

2065 5385 2249 5453 Itaque
2288 5384 2455 5452 turpis
2504 5390 2737 5450 quaestus
2767 5380 3017 5436 illecebra
3047 5378 3177 5434 victi
3210 5378 3373 5433 libros
3410 5379 3626 5447 iniquos

2067 5478 2398 5542 scribebant,
2428 5474 2558 5544 legis
2582 5484 2813 5529 mentem
2843 5472 3007 5543 impie
3032 5481 3418 5541 cauponantes,
3440 5480 3495 5526 et
3517 5469 3626 5524 vel-

2068 5580 2126 5622 ut
2176 5569 2357 5622 vinum
2413 5582 2568 5637 aqua:
2626 5566 2935 5628 miscentes,
2967 5574 3021 5618 et
3074 5579 3266 5634 purum
3322 5572 3624 5627 argentum,

2066 5660 2421 5717 adulterinum
2458 5658 2834 5725 reddentes,ut
2868 5657 3081 5713 viduam
3111 5654 3306 5726 injuria
3331 5654 3623 5716 adicerem,
