4152 6366
468 389 478 396 ’
510 397 617 455 279

1489 407 1545 466 S.
1586 409 1857 465 CYRII.”
1900 411 2366 469 ALEXANDRINI
2407 415 2724 472 AltClllEP.

3643 421 3747 475 280

512 527 570 572 et
611 512 886 588 eriperent
923 516 1012 588 jus
1070 521 1413 591 pauperibus,
1446 538 1508 579 ac
1544 529 1846 597 orplianum
1904 529 2066 583 veluti

2193 533 2472 599 ραίνοντες,
2495 533 2582 586 ἴνα
2605 538 2778 604 χήραν
2799 535 3044 595 ἀδικῶσι.
3069 538 3164 590 καὶ
3190 535 3474 609 ἁρπάζωσι
3499 537 3742 608 κρίματα

514 609 747 677 praedam
778 609 1009 681 aliquam
1034 610 1297 669 ditescere
1333 614 1642 672 volentibus
1675 617 1831 673 facile
1854 620 2072 687 exposi-

517 706 626 752 tam
656 699 1006 768 subjicerent.
1037 701 1126 766 At,
1163 702 1356 772 inquit,
1387 705 1498 771 isti,
1524 707 1653 776 quid
1685 707 1885 763 facient
1912 710 1969 763 in
1987 709 2080 764 die

515 786 880 844 visitatiouis?
922 789 1257 848 Visitationis
1305 805 1486 849 autem
1549 797 1689 852 diem
1742 809 1899 853 vocat
1954 801 2074 856 belli

517 885 750 948 tempus,
788 894 895 950 quo
927 881 1162 951 inspexit
1191 883 1335 939 Deus
1378 886 1678 943 scribentes
1715 889 2076 958 iniquitatem,

515 976 571 1022 et
601 979 746 1024 recta
782 969 914 1041 legis
937 972 1138 1040 judicia
1175 975 1582 1045 deturquentes.
1611 977 1740 1044 Quae
1773 979 1916 1034 enim
1948 995 2078 1050 opes

515 1057 670 1116 vobis
704 1062 1152 1133 Opitulabuntur?
1189 1066 1385 1137 inquit.
1448 1068 1697 1137 Quonam
1746 1084 1904 1145 pacto
1951 1088 2080 1128 con-

515 1163 856 1224 gregatarum
895 1171 925 1210 a
969 1158 1122 1214 vobis
1151 1175 1326 1214 rermn
1367 1176 1433 1217 ex
1474 1166 1698 1219 avaritia
1741 1168 2081 1222 coacervatio

511 1245 760 1313 juvabit?
791 1247 1046 1316 lujnriam
1101 1250 1324 1316 fecistis,
1356 1256 1676 1326 corrupistis
1714 1257 1906 1328 legem,
1951 1274 2079 1328 pro-

515 1336 776 1394 culcastis
823 1342 1108 1397 consilium
1167 1343 1488 1416 legislatoris
1520 1348 1666 1416 :jam
1709 1365 1817 1421 quo
1864 1354 2079 1407 tandem

515 1428 796 1484 evadetis?
827 1433 952 1501 quid
1001 1434 1164 1488 etiam
1213 1437 1400 1506 agetis,
1451 1447 1545 1492 aut
1589 1440 1715 1507 quid
1760 1440 2078 1510 loquemini,

516 1535 626 1586 quo
673 1519 941 1592 ell‘ugiatis
981 1526 1121 1580 diem
1193 1529 1559 1585 visitatiouis?
1595 1531 1826 1588 Albictio
1881 1536 2080 1590 etenim

518 1611 674 1666 vobis
718 1627 746 1664 a
790 1613 948 1684 longe
974 1618 1171 1672 veniet.
1203 1618 1519 1689 Pugnaliaut
1555 1625 1751 1693 quippe
1777 1622 1946 1680 Judaei
1978 1642 2082 1681 sm-

519 1717 818 1770 penumero
834 1707 1090 1764 adversus
1113 1713 1328 1764 accolas
1345 1724 1550 1781 gentes,
1580 1714 1840 1771 ldmnaeos
1863 1718 2081 1788 inquam

517 1803 574 1847 et
599 1793 874 1862 Elamitas,
905 1807 959 1852 et
985 1798 1260 1868 Moabitas,
1296 1813 1348 1855 et
1384 1803 1570 1875 Syros,
1605 1816 1656 1860 et
1690 1808 1780 1877 qui
1811 1807 2080 1864 Pliilistiui

519 1889 775 1944 dicuntur
805 1908 820 1946 :
849 1894 1136 1964 evertitque
1166 1905 1227 1950 ut
1264 1896 1448 1950 multis
1488 1897 1758 1964 meliores,
1786 1915 1850 1953 ac
1881 1901 1930 1954 in
1985 1916 2082 1965 pn-
2114 1887 2154 1941 Β

519 1992 624 2047 gna
658 1980 964 2049 superiores
1005 1984 1333 2058 viderentur.
1367 1984 1473 2040 Sed
1521 2001 1688 2050 nunc,
1754 1990 1958 2059 inquit,
2003 1989 2083 2044 af-

518 2069 686 2124 ﬂictio
720 2080 897 2126 vestra
946 2074 1132 2142 procul
1180 2076 1382 2142 veniet,
1426 2076 1584 2146 1'71
1615 2077 1667 2131 id
1710 2087 1820 2143 est,
1847 2095 1950 2134 non
1990 2081 2084 2132 ad-

517 2175 710 2216 versus
736 2162 994 2220 Idumaeos
1015 2165 1166 2221 vobis
1201 2176 1477 2222 certamen
1499 2171 1624 2233 erit,
1663 2185 1768 2223 non
1797 2171 2081 2226 adversum

519 2249 780 2308 Moabitae
829 2254 1047 2322 bellum,
1080 2258 1176 2312 sed
1217 2272 1318 2312 nec
1366 2261 1630 2315 adversus
1670 2261 1809 2315 ullos
1849 2261 2082 2331 accolas,

517 2360 654 2414 quos
696 2346 982 2416 aliquando
1027 2350 1335 2420 subegistis,
1375 2361 1430 2405 et
1480 2368 1546 2405 ex
1600 2353 1783 2422 praelia
1825 2353 2082 2422 majorem

519 2435 732 2493 laudem
765 2442 1064 2508 consecuti,
1084 2458 1280 2497 corona
1307 2445 1639 2500 nobilissima
1666 2446 1898 2500 redimiti
1929 2447 2084 2500 estis:

519 2531 614 2584 sed
667 2546 809 2585 nunc
833 2533 986 2588 vobis
1027 2534 1245 2590 atllictio
1275 2537 1458 2606 procul
1510 2538 1708 2592 veniet.
1739 2537 1959 2592 Videtur
1985 2553 2083 2591 au-

523 2633 630 2676 tem
680 2624 802 2678 hinc
828 2625 914 2680 vel
945 2628 1290 2699 ASsyriorum
1335 2628 1724 2695 incursionem,
1761 2631 1844 2685 vel
1890 2629 2088 2684 Roma-

520 2728 713 2768 norum
763 2715 1128 2774 subindicare.
1161 2718 1294 2774 Nam
1327 2728 1383 2775 et
1413 2719 1466 2774 bi
1506 2730 1561 2774 et
1595 2719 1669 2773 illi
1721 2735 1752 2773 e
1796 2718 2089 2788 longinquo

523 2816 803 2863 venerunt.
823 2807 1170 2864 lncumbenle
1203 2827 1331 2865 vero
1367 2811 1680 2877 afﬂictione,
1700 2811 1795 2865 ubi
1819 2811 2088 2881 relinque-

523 2898 596 2952 tis
621 2909 856 2952 vestram
907 2901 1154 2970 gloriam,
1192 2912 1251 2956 ιιι
1283 2918 1388 2956 non
1429 2903 1681 2957 incidatis
1715 2905 1765 2956 in
1811 2902 2089 2956 abduclio-

522 2995 685 3049 nem?
719 2993 979 3065 Fregistis
1021 2995 1187 3058 enim,
1219 2996 1413 3064 inquit,
1447 3011 1589 3065 saepe
1615 2997 1817 3059 hostes,
1843 3005 1898 3049 et
1937 2996 2090 3049 iuva-

523 3089 774 3142 dentibus
828 3087 1126 3151 restitistis,
1152 3103 1217 3141 ac
1257 3089 1421 3143 urbes
1476 3099 1532 3141 et
1601 3088 1849 3157 regiones
1881 3097 2095 3142 vestras

524 3184 889 3238 conservastis
915 3201 928 3237 :
963 3199 1107 3238 nunc
1148 3199 1327 3240 autem
1356 3187 1580 3258 gloriam
1622 3186 1778 3240 istam
1807 3185 1894 3239 ubi
1923 3185 2088 3239 relin-

524 3279 738 3347 quetis?
759 3278 979 3334 Cadetis
1007 3281 1149 3332 enim
1183 3296 1391 3344 omnes,
1426 3281 1764 3344 fortitudine,
1795 3295 1914 3347 qua:
1947 3293 2090 3346 saepe

526 3381 712 3425 contra
757 3373 891 3426 alios
933 3372 1115 3438 valuit,
1146 3374 1291 3428 nullo
1333 3376 1489 3427 modo
1537 3390 1631 3428 vos
1673 3374 1917 3442 iuvante.
1953 3372 2090 3438 Quid

526 3462 672 3514 enim
704 3461 910 3515 facietis
945 3472 1002 3514 ut
1033 3477 1136 3515 non
1162 3457 1427 3518 'incidatis
1459 3465 1510 3516 in
1542 3462 1957 3515 alnluctiouetn?
1984 3461 2091 3512 Ali-

528 3553 834 3608 ductionem
867 3563 1040 3619 vocat,
1066 3554 1264 3608 illatam
1294 3556 1422 3626 ipsis
1449 3555 1619 3610 abira
1645 3555 1848 3615 divina.
1869 3565 1922 3608 et
1948 3554 2095 3607 helli-

529 3658 644 3697 cam
667 3643 1049 3699 calamitatem.
1069 3645 1178 3699 Deo
1201 3648 1451 3699 nimirum
1477 3645 1762 3699 inducente
1782 3645 2096 3713 delinquun-

531 3736 672 3791 tibus
706 3738 1051 3807 pmnas,quis
1073 3739 1433 3792 avertet'2Aut
1457 3754 1559 3807 qua
1587 3737 1794 3790 ratione
1816 3737 1904 3804 qui
1925 3751 2097 3806 paena:

529 3837 585 3883 et
623 3828 885 3898 supplicio
916 3829 1134 3883 obnoxii
1183 3838 1340 3890 sunt,
1375 3828 1749 3896 juvalmntur?
1793 3827 1957 3881 nulla.
2000 3826 2096 3879 Et-

529 3923 674 3976 enim
699 3933 754 3977 et
782 3923 996 3977 divinus
1025 3923 1189 3976 David
1219 3922 1404 3992 psallit
1435 3922 1656 3975 dicens:
1698 3937 1720 3970 ι
1751 3919 1993 3982 Domine,
2031 3933 2099 3972 ne

537 4015 590 4066 in
624 4014 805 4068 furore
833 4025 925 4066 tuo
957 4029 1152 4083 arguas
1177 4028 1281 4077 me,
1315 4027 1488 4081 neque
1525 4011 1577 4064 in
1611 4011 1689 4064 ira
1723 4018 1814 4062 tua
1838 4009 2100 4076 corripias

535 4107 704 4160 me“.
737 4127 756 4160 ι
794 4107 857 4161 Ει
891 4123 1079 4161 rursus
1111 4124 1124 4160 :
1169 4125 1186 4156 ι
1215 4104 1292 4158 Τιι
1317 4121 1377 4160 es
1417 4104 1698 4167 terribilis,
1726 4113 1780 4156 et
1805 4104 1925 4171 quis
1963 4101 2098 4156 resi-

535 4209 642 4253 stet
676 4200 810 4254 tibi?
841 4213 904 4252 ex
944 4208 1068 4253 tunc
1107 4197 1188 4251 ira
1233 4207 1321 4250 tua
1361 4195 1427 4251 ".
1457 4215 1476 4247 ι
1512 4195 1809 4251 Amolietur
1837 4193 2099 4263 siquidem

534 4291 773 4346 divinam
813 4291 946 4343 iram
999 4304 1174 4344 nemo.
1206 4291 1270 4342 At
1314 4303 1433 4342 eam
1475 4290 1628 4356 quasi
1677 4285 1883 4340 emollit
1932 4285 2103 4353 paeni-

537 4386 705 4438 tentia
741 4401 757 4437 :
797 4383 938 4449 imo,
987 4399 1053 4438 ue
1091 4384 1361 4453 quatietur
1409 4381 1630 4451 quidem
1675 4394 1896 4449 prorsus
1940 4379 2105 4444 impe-

539 4479 703 4540 rium,
744 4478 789 4532 si
817 4478 938 4546 quis
982 4477 1112 4532 velit
1174 4487 1321 4531 recte
1377 4485 1433 4530 et
1467 4473 1703 4546 legitime
1731 4485 1784 4528 et
1806 4473 2101 4526 secundum

537 4568 876 4623 oraculorum
909 4569 1025 4637 ejus
1047 4569 1239 4636 placita
1275 4567 1476 4621 vivere.

2178 625 2447 696 πενήτων,
2480 627 2571 679 καί
2620 630 2732 690 τοῖς
2783 628 2847 680 ἐκ
2895 628 3205 695 πλεονεξίας
3235 631 3421 692 κακοῖς
3463 629 3747 697 ὑπάγωσιν

2175 716 2431 787 ὀρφανὸν,
2465 717 2717 789 καθάπερ
2738 720 2856 774 τινὰ
2879 719 3154 790 προνομὴν
3181 723 3292 782 τοῖς
3321 720 3562 773 ἐθέλουσι
3584 719 3748 772 πλουο

2176 809 2288 860 τεῖν
2345 807 2576 877 ἑτοίμως
2623 807 3098 878 παρερριμμένην.
3153 806 3292 859 Ἀλλ’
3314 801 3478 868 οὗτοι,
3513 806 3665 876 φησὶ,
3695 807 3747 858 τί

2177 898 2492 966 ποιήσουσιν
2520 899 2578 950 ὲν
2609 901 2676 970 τῇ
2708 898 2890 969 ἡμέρᾳ
2918 900 3017 969 τῆς
3041 897 3375 968 ἐπισκοπῆςς
3416 895 3749 965 Ἐπισκοπῆς

2176 988 2234 1041 δέ
2269 1003 2431 1058 φησιν
2476 989 2708 1060 ἡμέραν,
2747 988 2838 1042 τὸν
2877 988 2970 1042 τοῦ
3017 989 3251 1058 πολέμου
3294 987 3505 1060 καιρὸν,
3537 987 3658 1041 καθ’
3689 986 3748 1038 ὃν

2179 1080 2519 1149 ἐπεσκέψατο
2544 1079 2674 1144 Θεὸς
2709 1081 2834 1135 τοὺς
2861 1080 3170 1150 γράφοντας
3213 1078 3501 1150 πονηρίαν,
3537 1077 3630 1131 καὶ
3677 1078 3748 1130 τὰ

2177 1172 2312 1244 ὀρθὰ
2359 1171 2452 1225 τοῦ
2487 1173 2650 1242 νόμου
2685 1171 2930 1242 κρίματα
2971 1170 3406 1242 διαστρέφοντας.
3454 1170 3612 1231 “oio;
3639 1165 3747 1238 γὰρ

2181 1266 2308 1335 ὑμῖν
2339 1261 2565 1327 πλοῦτος
2595 1263 2868 1334 βοηθήσει,
2901 1261 3064 1332 φησίν
3089 1277 3103 1324 ;
3151 1262 3360 1328 Ὤνήσει
3385 1259 3440 1313 δὲ
3468 1259 3610 1312 κατὰ
3629 1259 3749 1311 τίνα

2178 1354 2378 1427 τρόπον
2427 1355 2536 1408 τῶν
2593 1357 2657 1408 ὲκ
2710 1353 3020 1418 πλεονεξίας
3067 1353 3193 1422 ὑμῖν
3240 1350 3663 1420 συνειλεγμένων
3713 1350 3748 1418 ἡ

2180 1449 2458 1521 ᾶθροισιςς
2504 1447 2849 1518 Ἡδικήσατε,
2879 1445 3270 1516 κατεφθείρατε
3293 1443 3477 1514 νόμον,
3505 1443 3751 1511 πεπατή-

2181 1560 2314 1595 κατε
2339 1543 2430 1595 τὸν
2470 1540 2564 1594 τοῦ
2599 1541 2887 1611 νομοθέτου
2918 1538 3136 1592 σκοπόν.
3165 1533 3298 1590 Εἶτα
3325 1537 3446 1590 ὅποι
3481 1534 3611 1588 ποτε
3651 1533 3749 1603 βα-

2180 1633 2399 1699 διείσθες
2430 1631 2481 1686 τί
2520 1631 2577 1685 δὲ
2621 1632 2714 1685 καὶ
2745 1631 2975 1701 δρῶντες
3007 1629 3042 1699 ἢ
3083 1629 3350 1697 λέγοντες,
3399 1623 3750 1696 διαφεύξεσθε

2179 1725 2280 1794 τὴν
2325 1723 2538 1794 ἡμέραν
2591 1721 2688 1791 τῆς
2736 1720 3069 1790 ἐπισκοπῆςς
3139 1718 3202 1772 Ἣ
3249 1717 3357 1788 γὰρ
3403 1717 3579 1786 θλίψις
3623 1716 3752 1784 ὑμῖν

2189 1819 2465 1890 πόρρωθεν
2494 1818 2630 1889 ἥξει.
2651 1817 2943 1888 Ἐμάχοντο
2975 1815 3072 1886 μὲν
3097 1813 3205 1885 γὰρ
3229 1813 3468 1866 Ἰουδαῖοι
3497 1809 3750 1864 πλειστά-

2183 1929 2269 1975 κις
2296 1911 2430 1982 πρὸς
2459 1909 2526 1963 τὰ
2557 1909 2807 1980 περίοικα
2836 1907 2945 1960 τῶν
2975 1903 3510 1973 έθνῶν,⁹ῐδο·.›μαίους
3529 1900 3589 1954 τέ
3610 1916 3752 1970 φημι

2184 2006 2278 2059 καὶ
2318 2003 2629 2074 Ἐλαμίτας.
2683 2000 3006 2062 Μωαϐίτας,
3063 1998 3158 2052 καὶ
3201 1995 3402 2066 Σύρους
3428 2034 3442 2058 ,
3491 1993 3586 2046 καὶ
3627 1990 3763 2052 τοὺς

2185 2095 2550 2164 καλουμένους
2579 2093 2907 2162 Φιλιστιείμ·
2943 2089 3222 2144 συνέϐαινε
3255 2089 3312 2141 δὲ
3359 2086 3453 2140 καὶ
3497 2081 3753 2154 ἀμείνους

2183 2184 2411 2258 ὁρᾶσθαι
2463 2183 2672 2238 πολλῶν
2713 2181 3045 2254 κρατοῦντας
3077 2181 3134 2232 ἐν
3185 2179 3406 2249 μάχαις.
3450 2174 3609 2228 Ἀλλὰ
3634 2171 3752 2234 νῦν,

2187 2279 2374 2349 φησὶν,
2408 2278 2440 2348 ἡ
2469 2275 2646 2345 θλίψις
2664 2275 2793 2344 ὑμῖν
2824 2273 3104 2346 πόρρωθεν
3130 2269 3270 2342 ἧξεν
3301 2268 3444 2321 τοῦτ’
3478 2265 3646 2326 ἔστιν,
3675 2261 3754 2316 Οὐ

2188 2370 2323 2444 πρὸς
2359 2368 2689 2438 Ἰδουμαίους
2717 2368 2845 2436 ὑμῖν
2873 2367 2906 2436 ἡ
2939 2365 3106 2436 μάχη.
3139 2362 3217 2419 Οὐ
3246 2361 3381 2432 πρὸς
3408 2355 3704 2444 Μωαβίτας
3728 2357 3766 2406 ὁ-

2187 2443 2421 2532 πόῗλεμος
2441 2476 2452 2488 ·
2487 2459 2602 2514 ἀλλ’
2634 2459 2754 2512 οὐδὲ
2778 2457 2913 2529 πρός
2942 2473 3092 2519 τινας
3125 2455 3234 2508 τῶν
3265 2453 3499 2525 ὁμόρων,
3533 2443 3609 2503 ὧν
3640 2445 3756 2500 ἔσθ’

2186 2553 2298 2615 ὅτε,
2326 2553 2420 2607 καὶ
2452 2551 2856 2623 κεκρατήκατε,
2894 2548 2988 2602 καὶ
3010 2548 3108 2619 τήν
3141 2546 3347 2615 ἀμείνω
3375 2542 3629 2612 λαχόντες
3651 2538 3758 2609 ψῆ-

2189 2662 2286 2713 φον
2313 2645 2370 2697 ἐν
2400 2644 2548 2714 μάχῃ
2575 2641 2665 2696 τὸν
2691 2642 2790 2711 τῆς
2821 2639 3068 2704 εὐκλείας
3096 2629 3426 2707 ἀνεδήσασθε
3456 2631 3715 2700 στέφανον
3739 2646 3752 2656 ·

2188 2737 2325 2791 ἀλλὰ
2351 2736 2446 2790 νῦν
2471 2738 2600 2806 ὑμῖν
2633 2736 2666 2805 ἡ
2704 2733 2880 2803 θλίψις
2914 2731 3195 2803 πόρρωθεν
3223 2728 3555 2798 ἤξει.¹Εοικε
3585 2723 3641 2776 δὲ
3667 2723 3759 2775 διὰ

2189 2829 2412 2890 τούτων,
2452 2830 2488 2900 ἢ
2512 2828 2621 2880 τῶν
2656 2825 2951 2896 Ἀσσυρίων
2979 2825 3078 2894 τὴν
3103 2823 3310 2893 ἔφοδον,
3337 2821 3503 2891 ἦγουν
3526 2818 3627 2887 τήν
3647 2815 3768 2868 τῶνι

2201 2921 2487 2991 Ῥωμαίων
2534 2919 2852 2990 ὑποδηλοῦν.
2897 2915 3182 2988 Πόρρωθεν
3217 2913 3325 2984 γὰρ
3355 2905 3502 2966 οὗτοί
3547 2927 3609 2963 τε
3659 2909 3761 2961 κὰ-

2191 3014 2377 3065 κεῖνοι.
2408 3008 2877 3080 Ἐπενηνεγμένης
2905 3007 2961 3060 δὲ
2991 3006 3092 3074 τῆς
3119 3004 3368 3073 θλίψεως,
3395 3000 3492 3054 ποῦ
3516 2997 3758 3067 καταλή-

2190 3103 2318 3173 tle-rs
2345 3102 2441 3170 τὴν
2470 3099 2676 3153 ἑαυτῶν
2705 3098 2880 3164 δόξαν,
2909 3097 3005 3149 τοῦ
3036 3094 3108 3166 μὴ
3137 3095 3395 3165 ἐμπεσεῖν
3415 3093 3495 3155 είς
3514 3090 3612 3160 τὴν
3635 3091 3773 3142 ἐπα-

2190 3198 2404 3268 γωγήν;
2436 3189 2874 3263 Κατηνδρίσασθε
2908 3188 3005 3259 μὲν
3028 3189 3136 3258 γὰρ
3168 3184 3441 3247 πολλάκις,
3479 3182 3632 3252 φησὶ,
3654 3179 3763 3232 τῶν

2193 3288 2424 3359 ἐχθρῶν,
2459 3288 2552 3340 καί
2578 3287 2689 3347 τοῖς
2715 3283 2955 3336 ἐπιοῦσιν
2993 3277 3436 3346 ἀπανιστάμενοι
3487 3271 3762 3326 σεσώκατε

2192 3381 2288 3443 τὰς
2319 3379 2446 3449 παρ’
2479 3378 2602 3447 ὑμῖν
2637 3375 2824 3438 πόλεις
2851 3391 2910 3427 τε
2937 3372 3031 3424 καὶ
3071 3370 3272 3442 χώρας.
3301 3367 3435 3420 Νυνὶ
3463 3365 3642 3432 δὲτὴν
3671 3364 3764 3416 ἐπὶ

2193 3469 2364 3539 τούτῳ
2393 3466 2569 3533 δόξαν,
2606 3465 2707 3519 ποῦ
2733 3464 3103 3532 autumnis-:5;
3134 3457 3385 3513 πεσεῖσθε
3407 3455 3515 3526 γὰρ
3541 3454 3763 3513 πάντες,

2194 3565 2313 3616 κατ’
2341 3562 2530 3614 οὐδένα
2572 3559 2772 3630 τρόπον
2801 3555 3113 3624 ὡφελοῦσης
3146 3553 3288 3622 ὑμᾶς
3334 3551 3430 3619 τῆς
3475 3547 3616 3601 κατὰ
3654 3544 3778 3596 τῶνι

2195 3655 2395 3725 ἐτέρων
2433 3652 2736 3724 εὐανδρίας.
2766 3650 2829 3702 Τί
2853 3648 2962 3718 γὰρ
2999 3646 3247 3715 ποιήσετε
3273 3643 3367 3696 τοῦ
3403 3641 3475 3712 μὴ
3504 3639 3768 3710 ἐμπεσεῖν

2196 3749 2274 3811 είς
2297 3746 2621 3814 ἐπαγωγήνς
2660 3740 2980 3810 Ἐπαγωγὴν
3003 3739 3060 3791 δέ
3094 3753 3248 3808 φησι,
3266 3735 3362 3805 τήν
3386 3731 3771 3802 ἐπενεχθεῖσαν

2196 3838 2378 3899 αὐτοῖς
2407 3835 2480 3897 ὡς
2511 3833 2616 3887 ἀπό
2646 3848 2708 3900 γε
2749 3832 2847 3900 τῆς
2874 3829 3018 3892 θείας
3049 3827 3240 3899 ὀργῆς,
3268 3826 3360 3878 καὶ
3411 3823 3509 3893 τὴν
3557 3822 3621 3873 ὲκ
3669 3817 3779 3870 τοῦι

2197 3929 2435 3998 πολέμου
2477 3923 2780 3996 συμφοράν.
2820 3921 2955 3975 Θεοῦ
2981 3919 3087 3990 γὰρ
3119 3918 3411 3985 ἐπάγοντος
3447 3916 3560 3976 τοῖς
3584 3911 3770 3980 πλημ-

2202 4020 2422 4090 μελοῦσι
2449 4018 2544 4081 τὰς
2572 4017 2727 4078 δίκας
2754 4014 2836 4077 τίς
2860 4013 2889 4064 ὅ
2917 4010 3302 4082 ἀποστρέψωνς
3394 4008 3543 4069 ποῖος
3568 4003 3633 4058 ἂν
3657 4006 3774 4066 τοῖς

2200 4111 2303 4164 ὑπὸ
2353 4108 2541 4178 ποινὴν
2587 4106 2680 4160 καὶ
2726 4105 2945 4158 κόλασιν
2987 4102 3336 4172 ἐπικουρήσει
3387 4097 3620 4169 τρόπος;
3671 4095 3783 4147 οὗ»

2200 4201 2344 4252 ἔστιν
2369 4198 2564 4261 οὐδείς.
2591 4196 2878 4264 Τοιγάρτοι
2907 4193 2999 4246 καὶ
3027 4194 3055 4244 ὁ
3082 4190 3367 4250 θεσπέσιος
3395 4185 3559 4240 Δαὸὶδ
3579 4184 3780 4254 ψάλλει

2201 4291 2293 4344 καί
2342 4305 2530 4359 φησιν’
2569 4307 2587 4337 ι
2617 4285 2808 4354 Κύριε,
2844 4282 2917 4354 μὴ
2962 4281 3039 4350 τῷ
3083 4279 3240 4350 θυμῷ
3284 4294 3377 4330 σου
3426 4272 3650 4342 ἐλέγξῃς
3682 4287 3774 4359 με,

2206 4379 2336 4450 μηδὲ
2373 4380 2438 4446 τῇ
2485 4376 2622 4445 ὀργῇ
2653 4390 2746 4424 σου
2777 4370 3070 4440 παιδεύσῃς
3098 4385 3185 4439 με.
3220 4387 3238 4419 ι
3278 4365 3387 4419 Καὶ
3414 4362 3608 4416 πάλιν·
3648 4378 3666 4410 ι
3699 4358 3775 4408 Συ

2203 4468 2430 4539 φοϐερὸς
2477 4464 2544 4524 εἴ,
2575 4464 2665 4516 καὶ
2711 4463 2794 4525 τίς
2838 4459 3217 4530 ἀντιστήσεταί
3250 4472 3366 4520 σοι;
3403 4455 3538 4508 ’Λπὸ
3569 4451 3692 4506 τότε
3739 4449 3775 4515 ἡ

2203 4561 2338 4630 ὀργή
2396 4575 2510 4611 σου.
2547 4576 2564 4606 ι
2604 4552 2959 4623 ’Λποστρέψει
3008 4551 3104 4621 μὲν
3154 4546 3246 4602 οὖν
3287 4546 3463 4608 οὐδεὶς
3495 4544 3592 4612 τὴν
3625 4539 3776 4594 θείαν

539 4667 725 4737 ὀργήν.
759 4633 1178 4735 Καταμαλόισσει
1203 4662 1260 4716 δὲ
1282 4662 1471 4731 ὥσπερ
1493 4633 1711 4731 αὑτὴνή
1741 4658 2098 4728 μετάγνωσις·
2142 4654 2340 4726 μᾶλλον
2390 4652 2446 4704 δὲ
2488 4650 2596 4703 οὐδ’
2664 4650 2730 4701 ἂν
2770 4647 2905 4709 ὅλως
2969 4643 3242 4697 σαλεύοιτο
3271 4641 3368 4713 τὴν
3395 4640 3592 4712 ἀρχὴν,
3627 4638 3678 4691 εί
3711 4633 3786 4704 δὴ

543 4731 688 4830 βιοῦν
729 4758 897 4810 ἐθέλοι
936 4773 1020 4818 τις
1054 4755 1228 4825 ὀρθῶς
1255 4755 1348 4807 καὶ
1380 4753 1639 4822 ἐννόμως,
1666 4752 1758 4805 καὶ
1791 4751 1931 4803 κατά
1959 4765 2020 4816 γε
2047 4746 2107 4799 τὸ
2141 4743 2329 4798 δοκοῦν
2355 4745 2464 4802 τοῖς
2496 4740 2625 4809 παρ’
2648 4735 2810 4790 αὑτοῦ
2841 4734 3220 4802 θεσπίσμασιν.

618 4848 774 4903 Vnus.
803 4849 955 4901 5-10.
977 4846 1042 4898 In
1073 4847 1306 4898 omnibus
1345 4846 1425 4897 his
1453 4860 1554 4896 non
1585 4859 1796 4896 aversus
1827 4851 1899 4895 est
1930 4842 2091 4908 furor,

2287 4832 2414 4888 Ἐπὶ
2462 4832 2691 4894 τούτοις
2741 4825 2928 4880 πᾶσιν
2965 4828 3075 4880 οὐκ
3115 4823 3469 4890 ἀπεστράφη
3499 4825 3533 4875 ό
3566 4821 3786 4889 θυμὸςν

543 4945 632 4996 sed
652 4944 934 4996 stimnnnm
975 4955 1161 4992 manus
1185 4937 1407 4991 excelsa.
1455 4933 1542 4989 Va:
1565 4935 1813 5004 Assyriis,
1839 4932 1982 5001 virga
2019 4931 2108 5000 fu-

548 5035 679 5087 roris
719 5037 839 5095 mei,
868 5043 913 5085 et
950 5033 1031 5084 ira
1059 5040 1132 5084 est
1172 5030 1228 5082 in
1251 5029 1490 5080 manibus
1522 5043 1722 5080 eorum.
1759 5023 1904 5076 Iram
1941 5039 2108 5075 meum

550 5127 600 5178 in
627 5135 822 5193 gentent
845 5123 1076 5193 iniquam
1112 5122 1338 5182 mittant,
1379 5128 1428 5171 et
1455 5118 1644 5184 popqu
1682 5133 1794 5169 meo
1819 5117 2022 5170 edicunt
2054 5123 2110 5166 ut

551 5215 711 5281 faciat
740 5215 926 5280 spolia,
956 5224 1002 5266 et
1047 5214 1256 5278 pronius
1300 5219 1442 5278 agat,
1477 5219 1524 5262 et
1563 5209 1821 5260 conculcet
1859 5207 2028 5263 urbes,
2061 5214 2108 5256 et

552 5303 752 5372 redigat
782 5319 868 5355 eas
905 5321 958 5356 ιιι
994 5303 1270 5367 pulverem.
1311 5299 1428 5367 Ipse
1459 5309 1630 5351 autem
1671 5315 1772 5349 non
1801 5298 1878 5350 sic
1909 5297 2110 5361 cogita-

553 5393 645 5454 vit,
668 5404 712 5444 et
747 5394 922 5444 animo
960 5410 1058 5445 non
1087 5393 1159 5444 sic
1186 5391 1441 5460 reputavit
1469 5404 1485 5440 :
1519 5390 1604 5441 sed
1633 5389 1848 5440 mutabit
1879 5389 2110 5439 animum

555 5495 730 5539 suum,
761 5488 818 5529 ut
855 5481 1011 5530 etiam
1049 5481 1315 5546 disperdat
1352 5489 1526 5548 gentes
1565 5495 1669 5530 non
1703 5493 1918 5544 paucas.
1960 5475 2112 5540 Quod

559 5573 603 5624 si
623 5571 848 5623 dixerint
875 5571 950 5622 ei:
978 5568 1056 5622 Tu
1071 5571 1210 5623 solus
1234 5588 1286 5623 ex
1307 5573 1577 5641 princeps;
1597 5580 1646 5623 et
1668 5572 1798 5624 (licet
1819 5584 1837 5621 :
1863 5569 1983 5622 Non
2004 5567 2114 5636 cepi

562 5663 816 5732 regionem
837 5677 950 5730 qua:
984 5673 1055 5714 est
1077 5677 1235 5728 uipra
1269 5662 1602 5733 Babylonem,
1625 5671 1676 5716 et
1700 5662 2005 5730 Chalanem,
2026 5661 2114 5732 ubi

637 5815 678 5846 "‘
717 5814 851 5876 Psal.
895 5828 966 5872 γι,
1013 5816 1056 5868 I.
1132 5814 1176 5845 "
1206 5813 1340 5866 l‘sal.
1379 5831 1532 5877 utv,
1566 5815 1620 5868 8.

2211 4926 2346 4978 ἀλλ’
2377 4923 2464 4976 ἐτι
2503 4923 2540 4989 ἢ
2579 4919 2704 4989 χεὶρ
2746 4915 2974 4986 ὑψηλή.
3005 4915 3150 4969 Οὐαὶ
3186 4913 3540 4980 Ἀσσυρίοις,
3587 4911 3626 4978 ἡ
3669 4910 3782 4978 ῥιὶ-

2212 5018 2352 5084 ϐδος
2399 5015 2504 5070 τοῦ
2549 5012 2737 5082 θυμοῦ
2779 5029 2917 5080 μου,
2953 5011 3050 5062 καί
3087 5008 3126 5074 ή
3171 5006 3314 5076 ὀργή
3342 5005 3514 5058 ἐστιν
3543 5005 3614 5057 ἐν
3651 5003 3794 5066 ταῖς

2211 5109 2422 5179 χερσίν
2452 5105 2667 5160 αὐτῶν.
2705 5104 2824 5170 Τὴν
2861 5102 3046 5172 ὀργήν
3072 5118 3190 5169 μου
3226 5101 3309 5163 εἰς
3343 5097 3517 5161 ἔθνος
3553 5094 3792 5163 ἄνομον

2210 5197 2547 5260 ἀποστελῶ,
2576 5196 2674 5250 καί
2697 5194 2774 5259 τῷ
2794 5193 2912 5262 ἐμῷ
2945 5190 3072 5254 λαῷ
3097 5188 3376 5251 συντὰξω
3399 5186 3508 5240 τοῦ
3530 5184 3786 5252 ποιῆσαι

2217 5292 2418 5344 σκύλα
2445 5287 2543 5342 καὶ
2575 5284 2902 5354 προνομὴν,
2921 5281 3016 5335 καί
3044 5275 3403 5332 καταπατεῖν
3421 5276 3528 5340 τὰς
3552 5277 3784 5336 πόλεις,

2218 5383 2318 5437 καὶ
2371 5382 2555 5436 θεῖναι
2598 5377 2783 5442 αὐτὰς
2825 5376 2906 5440 ὡς
2949 5371 3275 5439 κονιορτόν,
3319 5366 3512 5433 Αὐτὸς
3557 5364 3626 5418 δὲ
3667 5366 3785 5432 οὐχ

2217 5475 2404 5538 οὕτως
2431 5469 2782 5538 ἐνεθυμήθη,
2815 5464 2913 5519 καί
2949 5462 3022 5533 τῇ
3046 5459 3217 5532 ψυχῇ
3251 5462 3366 5528 οὐχ
3392 5457 3581 5522 οὕτως
3610 5455 3788 5509 λελό-

2219 5580 2440 5635 γισται·
2475 5561 2636 5617 ἀλλὰ
2679 5556 3016 5620 ἀπαλλάξει
3059 5558 3092 5606 ὁ
3135 5552 3282 5618 νοῦς
3313 5549 3519 5612 αὑτοῦ,
3549 5547 3647 5600 καὶ
3677 5545 3793 5598 τοῦ

2217 5653 2640 5724 ἐξολοθρεῦσαι
2675 5651 2818 5718 ἔθνη
2864 5651 2974 5704 οὐκ
3021 5647 3211 5714 ὀλίγα.
3248 5644 3357 5699 Καὶ
3398 5643 3508 5698 ἐὰν
3534 5641 3796 5694 εἴπωσιν
