4152 6366
401 435 500 491 231

1537 443 1597 498 ΙΝ
1641 443 1872 496 ΙδΛὶᾹΜ
1914 441 2040 495 LIB.
2087 442 2131 495 Ι.
2171 443 2383 498 υιιΑΤ.
2430 443 2515 499 Vl.

3545 437 3650 492 ass

401 545 580 612 αὐτῷ,
612 547 701 602 σὺ
730 547 918 618 μόνος
957 546 1014 603 εἷ
1035 549 1252 621 ἄρχων,
1286 552 1384 606 καὶ
1416 553 1538 622 ἐρεῖ
1559 573 1572 585 ο
1613 558 1733 610 Οὐκ
1759 557 1978 610 ἔλαϐον

2081 557 2241 610 turris
2264 557 2526 624 (vdiﬁwta
2567 566 2662 609 est.
2698 555 2818 618 Cepi
2850 554 3121 613 Arabiam,
3155 563 3201 606 et
3235 551 3572 614 Damascum,
3601 563 3649 605 et

404 638 517 707 τὴν
555 639 756 709 χώραν
784 642 898 708 τὴν
923 641 1124 695 ἐπάνω
1167 643 1525 712 Βαϐυλῶνος
1568 648 1666 700 καί
1703 647 1972 714 Χαλὰνη,

403 730 474 789 οὗ
517 736 552 786 ὁ
598 735 822 804 πύργος
864 735 1514 804 ᾠκοδομήθη.”Ελα6ον
1553 739 1830 807 Ἀραϐίαν
1878 739 1978 793 καὶ

405 826 738 893 Δαμασκὸν,
782 827 882 879 καὶ
927 829 1294 896 Σαμαρείτης
1343 831 1452 881 Ὃν
1492 832 1716 896 τρόπον
1757 833 1979 898 ταύτας

403 918 641 982 ἔλαϐον,
669 917 766 970 καὶ
795 917 997 984 πάσας
1025 919 1132 986 τὰς
1159 921 1352 990 χώρας
1373 922 1666 990 λήψομαι.

474 1006 758 1078 Πανταχοῦ
800 1008 901 1077 τῆς
948 1010 1154 1074 οἰκείας
1199 1011 1358 1081 δόξης
1400 1013 1800 1083 πεφροντικότα
1843 1013 1986 1068 Θεδν

404 1098 729 1169 εὑρήσομεν.
758 1100 1117 1154 Χαλεπαίνειν
1151 1104 1256 1174 μὲν
1289 1103 1398 1174 γὰρ
1429 1105 1478 1157 εί
1516 1104 1580 1175 δή
1609 1122 1763 1168 τινας
1793 1104 1977 1174 βλέποι

403 1193 762 1261 καταφρονεῖν
807 1194 1115 1264 ᾑρημένους
1139 1233 1154 1258 ,
1201 1195 1296 1247 καὶ
1340 1195 1470 1266 παρ’
1506 1196 1656 1250 οὐδὲν
1707 1195 1982 1249 ποιεῖσθαι

403 1281 800 1346 σπουδάζοντας
820 1283 882 1336 τὺ
901 1283 1048 1353 αὐτῷ
1075 1284 1288 1349 δοκοῦν,
1317 1286 1492 1339 πάντα
1515 1287 1572 1339 δὲ
1596 1287 1783 1358 ὥσπερ
1808 1287 1978 1341 σείον-

408 1391 501 1438 τας
533 1374 716 1436 κάλον,
739 1374 820 1438 εῖς
839 1392 904 1444 γε
929 1375 988 1428 τὸ
1015 1375 1124 1429 δεῖν
1155 1376 1452 1430 ἀπονεῦσαι
1474 1377 1608 1446 πρὸς
1636 1378 1704 1432 τὰ
1729 1376 1976 1432 ὲκτοπώο

402 1483 560 1520 τατα.
591 1465 916 1536 ΙΙεριτρέπει
965 1467 1020 1520 δὲ
1066 1467 1193 1530 τοὺς
1239 1466 1511 1532 τοιούτους
1561 1470 1841 1539 μονονουχὶ
1881 1469 1977 1523 καὶ

401 1557 777 1629 ἀνασειράζων
824 1557 1110 1622 εὐσθενῶς,
1154 1560 1235 1623 είς
1279 1558 1340 1612 τὸ
1378 1561 1462 1613 ὅτι
1520 1561 1753 1630 μάλιστα
1787 1561 1975 1615 τελοῦν

402 1649 482 1711 εἰς
506 1651 696 1718 ὕνησιν
711 1651 914 1713 αὐτοῖς.
942 1649 1098 1703 Οὕτω
1119 1649 1229 1720 γάρ
1253 1649 1362 1704 ποῦ
1380 1668 1511 1722 φησι
1533 1654 1626 1705 καὶ
1651 1654 1679 1705 ὁ
1708 1654 1976 1722 μακάριος

403 1742 565 1795 Δαϐξδ
585 1759 599 1773 ·
637 1763 654 1793 ι
680 1745 768 1796 Ἐν
805 1742 1006 1814 χαλινῷ
1043 1744 1139 1796 καὶ
1169 1745 1228 1796 ὲν
1273 1741 1436 1813 κημῷ
1462 1743 1561 1806 τὰς
1593 1745 1845 1812 σιαγόνας
1876 1746 1974 1798 αὐ-

401 1833 513 1884 τῶν
541 1834 734 1901 ἀγξαις
762 1836 870 1887 τῶν
917 1833 990 1906 μὴ
1031 1834 1354 1903 ἐγγιζόντων
1399 1837 1536 1905 πρὸς
1578 1837 1661 1889 σέ.
1694 1837 1890 1890 Πολλαὶ
1917 1839 1973 1891 αἱ

407 1923 668 1993 μάἒτιγες
697 1924 790 1978 τοῦ
825 1924 1169 1996 ἁμαρτωλοῦ.
1200 1944 1220 1976 ι
1265 1927 1543 1998 Ἐπιφέρει
1575 1928 1633 1981 δὲ
1653 1931 1766 1992 τοῖς
1794 1930 1975 2001 πλημ-

406 2015 625 2084 μελοῦσι
649 2015 746 2088 τὴν
776 2017 1015 2079 κόλασιν,
1039 2015 1149 2071 οἷὸν
1172 2036 1292 2072 τινα
1318 2020 1510 2088 ῥάϐδον
1536 2023 1616 2084 είς
1637 2024 1827 2091 χεῖρας
1856 2025 1976 2076 ἐπι-

401 2104 577 2168 διδοὺς
623 2106 722 2175 τὴν
778 2105 924 2159 ἰδίαν·
957 2107 1128 2176 ὀργὴν
1175 2108 1437 2180 ἀνδράσιν
1478 2109 1578 2162 οὐκ
1620 2110 1866 2177 ἀγαθοῖς,
1908 2111 1974 2164 ἵν’

401 2197 556 2249 αὐτοὶ
582 2196 822 2264 γένοιντο
847 2199 1104 2254 κολασταὶ
1138 2199 1247 2254 τῶν
1280 2201 1649 2273 ἠσεϐηκότων.
1680 2203 1975 2275 Συμϐαίνει

401 2285 460 2337 δὲ
491 2285 617 2348 τοὺς
644 2287 726 2350 είς
764 2287 923 2340 τοῦτο
948 2289 1426 2360 παρειλημμένους
1455 2293 1723 2364 φρονῆσαί
1752 2311 1803 2346 τι
1831 2293 1975 2364 μέγα

403 2377 543 2430 κατὰ
567 2378 678 2431 τῶν
717 2379 1154 2450 κεκολασμένων,
1193 2382 1389 2452 μᾶλλον
1417 2383 1474 2436 δὲ
1504 2385 1642 2438 κατὰ
1672 2384 1765 2438 τοῦ
1803 2403 1977 2457 παρα-

403 2466 584 2531 δόντος
626 2469 846 2534 αὐτούς.
876 2471 952 2524 οὐ
986 2471 1096 2544 γὰρ
1139 2473 1408 2527 ἐννοοῦσιν
1449 2475 1530 2528 ὅτι
1569 2477 1974 2546 κεκρατήκασιν

404 2559 582 2612 αὐτῶν
629 2560 850 2628 ἐφέντος
895 2561 1053 2624 Θεοῦ,
1091 2563 1185 2615 καὶ
1215 2562 1393 2634 ψῆφον
1415 2565 1711 2635 ἐπάγοντος
1739 2566 1838 2638 τὴν
1877 2567 1974 2621 τοῦ

405 2651 599 2721 χρῆναι
653 2652 845 2706 παθεῖν
885 2651 1114 2717 αὐτούς·
1167 2655 1368 2708 οἴονται
1417 2655 1476 2710 δὲ
1520 2658 1600 2710 ὅτι
1645 2657 1740 2711 καὶ
1781 2657 1976 2722 σώζειν

405 2743 680 2807 ἐθέλοντος
708 2746 1098 2815 κεκρατήκασι.
1134 2745 1437 2818 Μεθίστησι
1465 2748 1642 2802 τοίνυν
1669 2749 1758 2804 ἐπ’
1777 2749 1976 2813 αὐτοὺς

405 2834 503 2904 τὴν
524 2835 714 2907 ὀργὴν,
737 2837 832 2889 καὶ
859 2837 1064 2908 σφόδρα
1091 2837 1336 2901 εἰκότως.
1354 2839 1569 2909 Ἐπειδὴ
1593 2839 1648 2893 δὲ
1670 2843 1782 2904 τοῖς
1804 2841 1974 2911 ὑπερ-

408 2925 631 2996 ηφάνοις
647 2926 1040 2994 ἀντιτάττεται,
1057 2929 1333 2982 κατασείει
1353 2931 1453 2996 μὲν
1468 2930 1644 2983 αὐτῶν
1664 2931 1761 3003 τὴν
1779 2932 1971 3003 ὀφρὺν,

408 3020 617 3080 ποιναῖς
642 3017 698 3070 δὲ
724 3017 1000 3082 ὑποτιθεὶς
1031 3022 1155 3083 ταῖς
1179 3020 1362 3083 αὐτοῖς
1399 3021 1758 3093 πρεπούσαις,
1785 3025 1975 3094 πειρᾶο

406 3127 497 3163 ται
533 3110 896 3184 πληροφορεῖν
938 3113 1021 3166 ὅτι
1062 3112 1138 3184 μὴ
1185 3116 1285 3184 τῆς
1339 3114 1519 3184 ἰσχύος
1563 3115 1783 3169 ἐκείνων
1815 3116 1974 3188 ἔργον

407 3197 494 3272 ἦν,
527 3202 664 3256 ἀλλὰ
693 3203 803 3257 τῶν
835 3205 966 3274 παρ’
985 3205 1154 3259 αὑτοῦ
1179 3206 1461 3277 νευμάτων
1485 3207 1548 3262 τὸ
1574 3209 1843 3280 κρατῆσαι
1865 3209 1976 3263 τῶν

406 3293 843 3365 κεκολασμένων.
878 3296 1120 3351 Πέπονθέ
1156 3315 1208 3351 τι
1235 3297 1474 3352 τοιοῦτον
1496 3302 1525 3352 ὁ
1545 3300 1653 3354 τῶν
1684 3299 1980 3374 ⁹Ασσυρίων

408 3386 679 3456 βασιλεύς.
699 3388 916 3458 Ἐπειδὴ
936 3389 1046 3458 γὰρ
1083 3386 1195 3442 εἷλε
1231 3389 1332 3460 τὴν
1363 3391 1640 3451 Ἰουδαίαν,
1666 3391 1759 3444 καὶ
1785 3393 1984 3464 πεπόρ-

407 3479 546 3548 θηκε
591 3477 690 3542 τὰς
731 3478 935 3543 πόλεις,
981 3481 1124 3550 μέγα
1166 3480 1508 3551 πεφρόνηκεν
1551 3482 1636 3551 ἐφ’
1661 3482 1858 3554 ἐαυτῷ,
1888 3484 1982 3537 καὶ

406 3569 474 3639 δὴ
503 3571 597 3624 καὶ
618 3570 754 3639 ᾤετο
779 3573 880 3640 τῆς
904 3571 1065 3639 ἁγίας
1100 3573 1372 3642 κρατῆσαι
1399 3572 1523 3643 γῆς,
1556 3574 1652 3627 καὶ
1679 3575 1829 3645 παρὰ
1863 3575 1984 3646 βού-

408 3662 568 3730 λησιν
603 3661 737 3715 Θεοῦ
769 3662 863 3716 τοῦ
893 3664 1293 3736 προεστηκότος
1317 3664 1507 3733 αὐτῆς,
1540 3666 1635 3720 καὶ
1660 3665 1852 3732 σώζειν
1877 3669 1982 3720 ὑπ-

410 3750 782 3820 ισχνουμένου.
814 3751 1029 3823 Ταύτης
1061 3754 1224 3807 ἕνεκα
1265 3755 1364 3824 τῆς
1397 3755 1577 3819 αἰτίας
1616 3757 1801 3828 φησὶν,
1830 3757 1983 3811 οὔπω

412 3840 512 3911 μὲν
547 3841 926 3912 ἀπεστράφθαι
964 3844 1054 3897 τὸν
1089 3845 1278 3915 θυμὸν,
1308 3847 1768 3918 ὲπενεχθήσεσθαι
1801 3852 1857 3905 δὲ
1889 3854 1984 3906 καὶ

422 3934 728 4005 Ἀσσυρίοις
761 3934 842 4000 τὸ,
871 3935 1012 3989 οὐαί.
1048 3937 1156 3990 Καὶ
1187 3937 1317 3991 ποία
1338 3937 1421 4001 τίς
1444 3940 1590 3992 ἐστιν
1617 3941 1650 4011 ή
1675 3940 1827 3994 τοῦδε
1853 3942 1984 4012 πρό-

410 4045 606 4097 φασις
647 4028 711 4081 Ἦ
748 4028 848 4099 μὲν
877 4027 983 4097 γὰρ
1020 4028 1233 4099 ῥάϐδοςο
1274 4031 1430 4101 φησὶν
1476 4030 1577 4100 τῆς
1608 4033 1750 4102 ἐμῆς
1791 4033 1981 4105 ὀργῆς,

409 4121 472 4170 ὲν
512 4121 632 4182 ταῖς
672 4119 852 4174 αὐτῶν
896 4120 1100 4174 δέδοται
1135 4121 1356 4194 χερσὶν,
1384 4123 1514 4194 παρ’
1553 4124 1685 4195 ἐμοῦ
1719 4125 1985 4196 δηλονότι(

410 4210 552 4262 ὥστε
573 4212 895 4267 καταπαίειν
917 4214 975 4266 ἐν
993 4213 1126 4284 αὐτῇ
1144 4214 1270 4274 τοὺς
1291 4214 1481 4284 είςὲμὲ
1503 4215 1980 4288 δεδυσσεϐηκότας.

424 4299 566 4369 Ἐγὼ
616 4302 881 4368 συνέταξα
922 4305 1140 4368 αὐτοῖς,
1195 4304 1333 4358 ὥστε
1387 4310 1609 4378 ποιῆσαι
1660 4308 1851 4372 σκύλα,
1890 4312 1984 4364 καὶ

411 4391 692 4464 προνομὴν
727 4393 819 4446 τὸν
845 4395 977 4464 ἐμὸν
1009 4396 1156 4460 λαδν,
1181 4397 1274 4450 καὶ
1304 4401 1637 4453 καταπατεῖν
1659 4401 1757 4464 τὰς
1780 4402 1977 4466 πόλεις,

411 4485 507 4536 καὶ
536 4483 704 4538 θεῖναι
743 4486 912 4550 αὑτὰς
956 4487 1036 4550 εἰς
1085 4489 1378 4560 κονιορτόν.
1409 4491 1470 4543 Εἰ
1503 4491 1577 4560 μὴ
1609 4491 1717 4563 γὰρ
1750 4493 1847 4563 τὴν
1875 4493 1984 4545 σώ-

411 4573 612 4638 ζουσαν
655 4577 937 4648 ἀπέστησα
973 4582 1156 4650 χεῖρα,
1187 4581 1283 4634 καὶ
1319 4583 1557 4652 γυμνοὺς
1589 4584 1842 4655 ἀπέφηνα
1888 4587 1987 4655 τῆς

411 4666 502 4718 ἀεὶ
547 4666 641 4719 καὶ
695 4669 956 4738 συνήθους
1005 4669 1220 4735 αὐτοῖς,
1268 4672 1362 4725 καὶ
1405 4675 1533 4744 παρ’
1561 4673 1695 4744 ἐμοῦ
1742 4674 1986 4744 δοθείσης

412 4758 753 4827 ἐπικουρίας,
778 4758 886 4811 οὐδ’
919 4759 984 4813 ἂν
1028 4762 1246 4831 ἥλωσαν
1289 4781 1438 4827 ποτε,
1475 4765 1754 4836 κρείττους
1781 4766 1870 4819 ἀεὶ
1895 4784 1984 4834 γε-

413 4847 630 4915 γονότες
658 4847 727 4900 δι’
755 4849 889 4917 ἐμοῦ
916 4849 1024 4902 τῶν
1053 4852 1280 4922 ἐχθρῶν.
1306 4854 1472 4917 Αὐτός
1506 4872 1569 4923 γε
1598 4855 1703 4927 μὴν
1733 4857 1761 4908 ὁ
1793 4858 1983 4912 Ἀσσύ-

415 4957 531 5010 ριος
575 4941 673 5010 οὐχ
713 4938 886 5002 οὕτως
934 4941 1264 5015 ἐνεθυμήθη,
1296 4945 1390 4999 καὶ
1421 4948 1486 5016 τῇ
1517 4948 1663 5018 ψυχῇ
1702 4949 1799 5020 οὐχ
1842 4949 1985 5004 οὕτω

413 5033 742 5101 λελόγισται,
779 5033 894 5086 ἀλλ’
922 5034 1044 5088 ὅσον
1065 5029 1201 5107 ἦκεν
1225 5039 1305 5100 εἰς
1332 5037 1421 5092 τὸν
1448 5039 1611 5092 αὐτοῦ
1635 5039 1780 5098 νοῦν.
1812 5043 1987 5096 ἀπαλ-

414 5126 566 5192 λάξει
584 5143 599 5157 ·
633 5126 779 5181 τοῦτ’
799 5127 966 5190 ἐστιν,
998 5127 1306 5200 ὀλοθρεύσει
1335 5130 1458 5202 ἔθνη
1480 5133 1580 5186 οὐκ
1612 5133 1788 5202 ὀλίγα.
1807 5135 1990 5189 Οῖεται

414 5219 524 5287 γὰρ
568 5218 650 5270 ὅτι
695 5220 814 5282 ταῖς
857 5217 1020 5271 αὐτοῦ
1065 5218 1360 5290 δυνάμεσιν
1391 5223 1852 5296 ἀνταναστήσεται
1893 5227 1990 5296 μὲν

413 5306 609 5369 οὐδεὶς,
657 5307 918 5376 κρατήσει
955 5323 1022 5374 γε
1072 5309 1289 5372 πάντως
1335 5311 1590 5382 ἀμογητὶ,
1647 5315 1740 5367 καὶ
1789 5316 1990 5379 παντὸς

415 5397 601 5460 ἔθνους
624 5397 778 5450 ἔσται
800 5398 1082 5469 δεσπότης,
1107 5399 1490 5469 ἀντεξάγοντος
1518 5404 1746 5469 οὐδενός.
1778 5407 1989 5479 Ἀπλη-

419 5507 543 5544 στον
575 5490 633 5542 δὲ
677 5488 850 5552 οὕτως
884 5489 1058 5560 ἔχοντι
1088 5490 1187 5562 τὴν
1230 5492 1431 5564 ψυχὴν,
1465 5495 1560 5548 καὶ
1593 5497 1680 5549 ἀεὶ
1719 5497 1827 5552 τῶν
1852 5498 1989 5552 ὅλων

421 5584 639 5653 κρατεῖν
670 5581 924 5639 ἐθέλοντι,
963 5581 1064 5636 κᾶν
1085 5584 1134 5636 εἰ
1162 5583 1374 5657 τ-ᾼοσίοι
1391 5603 1474 5648 τις
1494 5585 1694 5654 λέγων·
1725 5590 1796 5642 Σὺ
1829 5593 1988 5660 μόνος

421 5669 471 5728 εἷ
491 5673 694 5744 ἄρχων,
721 5671 865 5726 τοῦτ’
897 5670 1062 5738 ἔστιν,
1087 5667 1195 5742 ἄρα
1214 5673 1416 5748 δυνήσῃ
1443 5674 1604 5744 μόνος
1625 5677 1842 5748 ἁπάσης
1864 5695 1988 5733 κατ·

501 5829 538 5859 ¹⁶
571 5828 711 5885 Psal.
742 5845 891 5892 xxxi,
925 5834 976 5892 υ,
1029 5829 1107 5882 lit.
1189 5831 1228 5861 ¹⁷
1272 5828 1374 5883 latr.
1411 5845 1487 5892 tv,
1529 5827 1580 5882 6.

2079 647 2377 702 Samariam
2400 661 2420 699 :
2453 647 2888 713 quemadmoth
2932 647 3041 712 cepi
3083 644 3202 706 has,
3239 643 3399 696 etiam
3436 651 3650 696 cunctas

2079 741 2310 810 regiones
2344 741 2571 809 capiam.

2153 1017 2360 1087 Ubique
2398 1017 2562 1070 Deum
2603 1029 2712 1068 sua:
2757 1013 2940 1082 glnrim
2969 1027 3154 1068 curam
3198 1011 3452 1066 habuisse
3494 1010 3648 1066 inve-

2081 1108 2311 1162 niemus.
2355 1104 2565 1159 Etenim
2594 1104 2812 1169 indigne
2844 1102 2948 1156 fert
2971 1103 3084 1168 jam
3117 1117 3240 1158 cum
3263 1101 3409 1156 videt
3442 1100 3651 1170 aliquos

2081 1199 2274 1266 placita
2297 1212 2390 1251 sua
2417 1204 2784 1257 contemnere,
2814 1193 2980 1264 I72
3005 1208 3068 1248 ac
3100 1207 3194 1263 pro
3223 1191 3392 1246 nihilo
3426 1191 3647 1258 dueere,

2077 1299 2134 1345 et
2159 1302 2375 1343 omnem
2415 1284 2592 1338 funem
2626 1299 2844 1339 movere
2879 1295 2937 1337 ut
2984 1285 3048 1338 ad
3076 1298 3234 1339 omne
3269 1298 3441 1353 genus
3474 1285 3649 1353 turpia

2079 1381 2278 1436 tudinis
2329 1377 2631 1432 dellectant.
2670 1376 2832 1430 Tales
2891 1387 3070 1429 autem
3133 1375 3222 1430 ille
3266 1374 3557 1440 convertit,
3597 1384 3652 1428 et

2078 1482 2284 1527 tantum
2316 1487 2422 1525 non
2479 1469 2646 1523 trahit
2685 1467 2916 1530 fortiter,
2945 1469 3012 1521 ad
3059 1467 3114 1520 id
3151 1467 3293 1537 quod
3351 1467 3404 1520 in
3456 1481 3648 1521 eorum

2077 1563 2418 1619 commodum
2455 1562 2689 1615 maxime
2727 1561 2889 1615 cedit.
2935 1557 3026 1614 Sic
3060 1559 3200 1612 enim
3240 1558 3414 1627 inquit
3461 1557 3652 1612 beatus

2077 1655 2278 1708 mtt'id:
2307 1673 2325 1705 ι
2349 1652 2405 1706 In
2437 1667 2594 1706 eamo
2620 1663 2672 1705 et
2705 1651 2859 1705 freno
2883 1649 3129 1704 maxillas
3159 1663 3346 1703 eorum
3383 1647 3654 1702 constrin—

2078 1761 2192 1816 ges,
2225 1747 2315 1813 qui
2363 1761 2469 1798 non
2531 1743 2968 1812 appr0pinquant
3025 1743 3090 1794 ad
3138 1750 3210 1794 te.
3238 1739 3402 1793 Multa
3447 1739 3651 1810 ﬂr~gellu

2081 1835 2382 1906 peccatoris
2413 1836 2478 1890 ".
2515 1853 2534 1886 ι
2571 1836 2736 1889 Infert
2778 1845 2957 1887 autem
2991 1832 3309 1901 supplicium
3339 1832 3422 1884 his
3447 1835 3535 1898 qui
3558 1831 3652 1884 de-

2084 1929 2349 1997 linquunt,
2403 1928 2619 1981 tradens
2656 1927 2789 1979 iram
2828 1940 2982 1979 suam
3022 1923 3185 1977 veluti
3220 1923 3425 1992 virgam
3462 1936 3654 1989 quam-

2085 2020 2206 2073 dam
2235 2020 2288 2074 in
2327 2033 2521 2073 manus
2559 2017 2836 2071 hominum
2857 2031 2972 2069 non
2998 2016 3282 2080 bonorum,
3315 2023 3372 2066 nt
3410 2013 3519 2066 sint
3550 2013 3655 2065 im-

2081 2111 2289 2180 piorum
2313 2110 2684 2176 castigatores.
2721 2106 2994 2174 Contingit
3024 2115 3199 2160 autem
3227 2104 3424 2174 eosqni
3457 2101 3522 2156 ad
3554 2102 3656 2158 hoc

2082 2203 2344 2272 assumpti
2378 2211 2530 2266 sunt,
2557 2201 2668 2254 alto
2701 2201 2951 2266 elatoque
2981 2211 3101 2251 esse
3132 2195 3317 2249 animo
3344 2203 3535 2249 contra
3563 2207 3658 2247 eos

2082 2296 2134 2351 in
2163 2310 2300 2363 quos
2335 2291 2800 2355 animadvertitur,
2827 2289 2936 2342 imo
2980 2303 3106 2341 vero
3145 2288 3197 2339 in
3247 2301 3370 2339 cum
3419 2285 3507 2353 qui
3562 2297 3656 2337 eos

2083 2385 2318 2440 tradidit.
2338 2383 2458 2438 Non
2488 2382 2632 2436 enim
2657 2379 3001 2435 considerant
3034 2377 3110 2440 hi,
3139 2375 3485 2446 permittente
3521 2375 3651 2438 Deo,

2079 2488 2134 2534 et
2190 2475 2515 2533 sententiam
2567 2473 2773 2527 ferente
2822 2480 2882 2525 ttt
2935 2477 3248 2540 paterentur
3298 2466 3406 2531 illi,
3455 2479 3516 2519 se
3556 2478 3656 2520 eos

2080 2570 2372 2640 subegisse.
2415 2570 2485 2621 At
2517 2579 2649 2619 vero
2684 2564 2771 2618 isti
2813 2563 2974 2616 etiam
3019 2560 3136 2628 ipso
3182 2571 3400 2612 servare
3444 2554 3656 2609 volente

2080 2675 2139 2717 se
2170 2661 2362 2714 vicisse
2383 2656 2734 2714 existimant.
2768 2653 2985 2709 Derivat
3015 2665 3144 2720 ergo
3175 2650 3314 2703 hanc
3343 2647 3476 2702 iram
3507 2648 3558 2701 in
3590 2645 3657 2701 il-

2081 2753 2184 2816 los,
2213 2761 2269 2806 et
2296 2751 2419 2820 jure
2451 2749 2669 2818 quidem
2702 2746 2926 2813 optimo.
2965 2741 3096 2794 Dum
3125 2754 3254 2794 vero
3286 2738 3532 2809 superbis
3563 2752 3652 2792 rc-

2081 2845 2225 2900 sistit
2259 2843 2324 2906 ¹’,
2354 2854 2649 2911 eorumque
2669 2837 2973 2907 superbiam
3003 2832 3272 2902 deprimit,
3297 2840 3352 2885 et
3382 2845 3503 2884 cum
3539 2844 3656 2900 pte-

2081 2952 2183 2992 nas
2211 2937 2416 3005 irrogat
2455 2933 2585 3004 ipsis
2617 2932 2824 2996 dignas,
2862 2929 3072 2998 plenam
3102 2923 3260 2979 fidem
3294 2932 3538 2977 astruere
3561 2935 3656 2975 eo-

2082 3038 2382 3091 natur,non
2413 3024 2746 3079 fortitudinis
2767 3036 2954 3075 eorum
2983 3033 3138 3087 opus,
3175 3013 3272 3071 sed
3301 3014 3471 3084 ipsius
3493 3021 3655 3068 nutus

2082 3129 2138 3174 et
2164 3118 2455 3174 voluntatis
2499 3115 2686 3179 fuisse,
2723 3122 2782 3166 nt
2812 3127 2907 3167 eos
2943 3110 3162 3180 punitos
3203 3113 3544 3176 superarent.
3576 3103 3657 3158 Si-

2007 3244 2048 3301 c
2082 3213 2210 3265 mile
2245 3210 2496 3280 quiddam
2544 3206 2740 3261 accidit
2775 3205 2886 3272 regi
2937 3202 3302 3272 Assyriorum.
3355 3196 3652 3266 Postquam

2084 3301 2228 3355 enim
2269 3300 2506 3367 cepisset
2548 3294 2812 3358 Judaeam,
2859 3291 3123 3360 urbesque
3164 3297 3450 3355 vastasset,
3488 3287 3654 3341 altmn

2085 3389 2224 3458 apud
2263 3403 2323 3442 se
2353 3386 2549 3454 sapuit,
2583 3394 2637 3438 et
2658 3397 2788 3437 sane
2816 3381 3024 3450 putavit
3048 3394 3106 3434 se
3143 3389 3340 3433 terram
3379 3385 3650 3436 sanctam,

2085 3489 2280 3548 praeter
2341 3478 2674 3532 voluntatem
2727 3472 2820 3526 Dei
2853 3472 2901 3526 ei
2949 3470 3306 3540 praesidentis,
3337 3478 3391 3523 et
3433 3480 3658 3524 servare

2085 3570 2468 3642 promittentis,
2522 3568 2894 3623 subacturum.
2953 3563 3103 3616 llanc
3151 3562 3219 3616 ob
3254 3575 3469 3615 causam
3502 3557 3655 3621 dicit,

2086 3665 2320 3722 nondum
2356 3664 2590 3718 furorem
2617 3673 2771 3712 suum
2817 3669 3087 3718 aversmn,
3123 3652 3216 3707 sed
3255 3650 3384 3704 illud
3441 3663 3521 3703 vae
3570 3648 3655 3702 in-

2085 3758 2384 3814 ducendum
2407 3755 2671 3826 Assyriis.
2689 3751 2753 3806 Et
2786 3764 2906 3818 quae
2937 3748 3152 3802 tandem
3176 3745 3336 3813 huius
3361 3743 3436 3797 rei
3464 3739 3655 3796 causa?

2089 3852 2246 3923 Virga
2284 3851 2451 3914 enim,
2503 3848 2594 3911 ait,
2627 3846 2724 3899 ira:
2755 3856 2908 3904 mete,
2943 3840 2996 3893 in
3038 3851 3228 3891 manus
3255 3849 3445 3888 eorum
3488 3830 3658 3885 tradi-

2087 3953 2194 4009 tur,
2221 3959 2250 3998 a
2277 3957 2362 3997 me
2416 3939 2686 4000 videlicet,
2737 3944 2797 3989 ut
2857 3935 2947 3987 illa
3012 3930 3173 3985 feriat
3234 3942 3329 3982 eos
3357 3925 3445 3994 qui
3481 3923 3536 3977 in
3569 3937 3656 3976 me

2085 4037 2414 4106 impietatem
2451 4031 2618 4087 moliti
2650 4039 2796 4085 sunt.
2835 4027 2948 4096 Ego
2981 4021 3225 4078 mandavi
3256 4019 3363 4074 illis
3401 4027 3461 4070 ut
3487 4014 3655 4085 spolia

2089 4130 2310 4193 faciant,
2342 4136 2397 4182 et
2427 4126 2622 4196 praedm
2655 4124 2890 4178 habeant
2921 4117 3171 4189 populum
3217 4127 3418 4176 meum,
3445 4118 3498 4163 et
3534 4122 3656 4178 pro-

2085 4220 2300 4275 culcent
2321 4217 2506 4282 urbes,
2527 4223 2583 4270 et
2610 4215 2663 4268 in
2692 4213 2967 4282 pulverem
2997 4222 3091 4264 eas
3125 4205 3393 4272 redigant.
3427 4199 3482 4254 Si
3509 4197 3655 4253 enim

2087 4324 2303 4364 manum
2345 4307 2690 4362 servatricetn
2752 4319 2856 4358 non
2919 4298 3314 4358 subduxissem,
3353 4301 3408 4346 et
3457 4289 3656 4344 auxilio

2086 4416 2301 4472 semper
2328 4409 2382 4455 et
2414 4400 2572 4453 solito
2613 4407 2668 4452 et
2711 4412 2740 4450 a
2783 4409 2866 4448 me
2897 4393 3095 4447 tradito
3134 4406 3238 4444 non
3279 4386 3656 4448 denudassem,

2087 4496 2229 4564 capti
2258 4509 2362 4546 non
2398 4492 2628 4547 fuissent
2652 4500 3024 4558 unquam,per
3051 4498 3135 4538 me
3167 4481 3472 4549 superiores
3511 4491 3659 4531 sem-

2022 4573 2061 4626 θ
2093 4600 2187 4654 per
2213 4584 2340 4638 facti
2374 4583 2641 4666 hostibus.
2674 4582 2938 4634 Caeterum
2987 4577 3101 4645 ipse
3135 4571 3390 4643 Assyrius
3421 4583 3526 4622 nun
3579 4567 3660 4621 sic

2091 4675 2368 4746 cogitavit,
2395 4659 2570 4742 neque
2603 4672 2682 4727 sic
2731 4671 2913 4724 animo
2949 4665 3237 4737 reputavit,
3264 4663 3360 4718 sed
3405 4659 3546 4730 quod
3591 4660 3658 4712 ad

2090 4768 2205 4837 ejus
2229 4766 2444 4836 quidem
2478 4765 2716 4819 animum
2749 4770 2976 4832 spectat,
3010 4759 3257 4820 mutabit,
3285 4755 3336 4810 id
3376 4763 3480 4818 est,
3502 4765 3660 4806 ever-

2093 4866 2168 4912 tet
2203 4867 2389 4928 gentes
2425 4872 2530 4911 non
2573 4869 2792 4926 paucas.
2830 4852 2982 4906 Putat
3019 4851 3162 4906 enim
3205 4847 3457 4902 resistere
3499 4857 3660 4914 posse

2093 4950 2360 5005 neminem
2391 4949 2505 5004 suis
2533 4947 2756 5009 viribus,
2788 4945 2880 4999 sed
2905 4943 3106 5012 absque
3135 4941 3320 4994 labore
3351 4952 3411 4993 se
3435 4945 3660 4991 cunctas

2093 5043 2228 5097 adeo
2255 5053 2443 5112 gentes
2470 5039 2880 5100 debellaturum,
2910 5036 3132 5104 foreqttc
3167 5031 3467 5096 dominum,
3506 5027 3654 5082 nullo

2089 5146 2150 5186 se
2171 5141 2490 5200 opponente.
2531 5131 2606 5184 Ita
2632 5132 2758 5183 dum
2801 5127 2958 5196 173
2990 5122 3366 5192 inexplebilem
3417 5119 3657 5173 animum

2090 5222 2268 5284 habet,
2303 5232 2358 5274 et
2407 5237 2582 5276 rerum
2619 5235 2829 5274 summa
2861 5217 3021 5288 potiri
3048 5216 3183 5282 vult,
3217 5214 3261 5269 si
3293 5211 3517 5266 accedat
3554 5209 3660 5262 ali-

2087 5316 2212 5386 quis
2239 5313 2426 5370 dicens
2455 5315 2503 5368 ei
2529 5331 2544 5367 :
2573 5313 2653 5368 Tu
2689 5313 2834 5368 solus
2862 5327 2922 5366 es
2959 5311 3230 5380 princeps,
3279 5306 3332 5361 id
3359 5314 3464 5369 est,
3495 5318 3562 5357 an
3600 5311 3658 5356 tu

2088 5407 2260 5477 possis
2299 5407 2448 5462 solus
2475 5406 2789 5476 imperitare
2811 5404 2927 5459 orbi
2959 5400 3270 5458 terrarum?
3300 5399 3378 5452 Ad
3408 5398 3543 5461 haec,
3577 5395 3629 5448 in

2094 5502 2230 5569 quit,
2260 5501 2546 5569 superbam
2579 5513 2764 5554 vocem
2795 5496 3069 5555 emittens,
3099 5495 3245 5550 dicet
3275 5509 3291 5546 :
3324 5490 3513 5546 Nonne
3537 5487 3655 5557 cepi

2094 5593 2367 5661 regionem
2401 5607 2524 5662 qua:
2569 5599 2655 5646 est
2695 5603 2858 5661 supra
2893 5587 3238 5660 Babylonem,
3260 5595 3317 5641 et
3355 5583 3653 5647 Chalanen,

2093 5683 2181 5739 ubi
2217 5683 2385 5741 turris
2411 5683 2679 5742 tctlilieata
2726 5683 2849 5741 est?
2877 5679 3008 5752 Cepi
3049 5679 3328 5745 Arabiam,
3361 5687 3415 5734 et
3458 5675 3621 5730 Dama
