4152 6366
482 398 588 455 283

1486 397 1545 454 S.
1586 394 1863 452 CYRIILI
1901 396 2367 454 ALEXANDRINI
2407 399 2721 458 ARCHIEP.

3629 400 3736 453 αδδ

484 534 658 588 scum,
702 527 756 573 et
792 518 1094 573 Samariam
1122 536 1139 575 :
1164 519 1614 589 quemadmodum
1660 520 1775 591 cepi
1817 521 1939 586 has,
1979 521 2052 575 ita

2172 520 2316 592 ἱρξαι
2363 522 2462 592 τῆς
2508 523 2599 576 ὑπ’
2627 522 2890 594 ούρανόν;
2946 520 3090 591 Πρὸς
3134 517 3314 583 τοῦτο,
3357 518 3542 588 φησὶν,
3573 516 3742 587 ὑπέρ-

480 625 671 681 omnes
716 609 963 681 regiones
996 610 1225 680 capiam.
1260 610 1500 665 Chalane
1545 610 1728 676 igitur,
1760 612 1850 666 ubi
1890 612 2055 667 turris

477 672 747 785 jacdillcata
777 672 831 754 va
896 672 1214 769 majoribus,
1245 699 1298 754 in
1351 672 1610 756 extremis
1659 672 2055 770 quodammodo

484 789 721 846 Orientis
760 790 1023 861 partibus,
1065 792 1204 846 ultra
1246 792 1521 861 regionem
1560 804 1615 847 et
1653 802 1849 848 terram
1878 792 2053 865 Baby-

485 882 751 938 loniorum
778 884 878 938 sita
901 893 1006 937 est.
1041 883 1222 952 Itaque
1255 884 1730 953 quemadmodum,
1768 885 1961 955 inquit,
1996 887 2049 939 in

490 974 619 1044 ipsis
670 973 865 1029 linibus
902 973 1184 1029 orientalis
1230 982 1407 1038 terrae,
1452 975 1556 1029 mei
1612 975 1759 1043 regni
1799 981 2056 1031 terminos

485 1066 764 1131 constitui,
790 1066 906 1135 cepi
939 1076 1118 1121 autem
1146 1065 1464 1122 Damascum
1499 1078 1554 1121 et
1577 1064 1903 1132 Samariam,
1930 1069 2053 1137 qui-

485 1161 587 1215 bus
640 1159 712 1214 dii
764 1160 999 1227 ipsorum
1051 1172 1387 1227 nequaquam
1440 1159 1950 1223 succurrernnt,sic
2002 1169 2058 1213 et

484 1253 618 1307 alias
643 1252 889 1323 regiones
918 1260 1132 1304 exteras
1158 1250 1395 1319 capiam.
1413 1248 1564 1315 Quod
1586 1260 1760 1303 autem
1786 1248 2058 1317 Rapsaces

484 1346 647 1401 verba
685 1343 923 1399 referens
969 1343 1036 1397 ab
1085 1342 1430 1412 Assyriorum
1466 1357 1612 1412 rege,
1644 1343 1960 1398 sedentibus
2002 1344 2055 1397 in

454 1432 640 1490 .‘muro
685 1436 906 1498 dixerit,
949 1449 1169 1489 necesse
1220 1435 1395 1488 habeo
1442 1448 1889 1488 commemorare.
1932 1432 2058 1489 Ilaec

485 1527 615 1581 dicit
639 1542 730 1580 rex
754 1526 1132 1596 Assyriorum:
1160 1523 1237 1579 Ne
1265 1524 1501 1595 decipiat
1529 1540 1625 1580 vos
1651 1524 1913 1580 Ezechias
1944 1543 2059 1580 scr-

493 1621 743 1673 Inonihns
787 1621 879 1689 qui
909 1635 1003 1673 vos
1044 1620 1255 1687 eripere
1293 1634 1396 1672 non
1446 1627 1716 1687 poterunt.
1760 1617 1870 1673 Nec
1916 1619 2059 1672 dicat

486 1711 640 1764 vobis
681 1710 961 1774 Ezechias,
991 1719 1303 1778 erepturum
1348 1723 1441 1762 vos
1479 1707 1680 1775 Deum;
1718 1717 1771 1762 et
1804 1719 1923 1778 post
1953 1708 2058 1765 alia

488 1815 674 1855 rursus
710 1819 721 1853 :
773 1800 909 1855 Num
942 1801 1238 1855 liberarunt
1268 1800 1339 1853 dii
1378 1799 1614 1869 gentium
1648 1814 1800 1853 suam
1830 1799 2058 1869 quisque

2162 628 2324 664 οπτον
2363 612 2561 683 ἀφήσει
2598 612 2798 683 φωνὴν,
2825 614 3001 664 ἐκεῖνο
3040 610 3232 679 λέγων·
3266 608 3380 661 Οὐκ
3424 607 3612 661 ἔλαϐον
3641 608 3742 678 τὴν

2162 700 2343 773 χώραν
2391 704 2490 774 τὴν
2538 705 2719 757 ἐπάνω
2768 702 3102 765 Βαϐυλῶνος,
3139 700 3234 755 καὶ
3279 700 3563 769 Χαλάννη,
3600 692 3662 751 οὗ
3709 698 3739 750 6

2163 792 2371 862 πύργος
2417 794 2776 866 ᾠκοδομήθης
2832 794 3064 847 Ἐλαϐον
3097 792 3376 863 Ἀραῦίαν,
3411 790 3505 844 καὶ
3558 793 3741 861 Δαμα-

2169 883 2318 949 σκὸν,
2356 886 2449 937 καὶ
2477 886 2790 957 Σαμάρειαν
2808 899 2822 914 ⁸
2850 885 2909 940 ὃν
2936 886 3135 957 τρόπον
3161 883 3360 946 ταύτας
3402 882 3615 947 ἔλαϐον,
3646 882 3743 935 καὶ

2164 974 2345 1039 πάσας
2379 976 2478 1040 τάς
2524 974 2707 1049 χώρας
2751 976 3009 1048 λήψομαι.
3058 975 3327 1045 Χαλάννη,
3360 969 3421 1028 οὗ
3462 975 3490 1026 6
3532 972 3743 1044 πύργος

2164 1068 2487 1141 ᾠκοδομήθη
2533 1070 2686 1141 παρά
2736 1069 2844 1123 τῶν
2896 1068 3288 1140 ἀρχαιοτέρων,
3320 1069 3495 1120 κεῖται
3532 1065 3632 1136 μὲν
3683 1065 3742 1117 ἐν

2163 1161 2408 1232 ἐσχάτοις
2435 1160 2634 1232 τρόπον
2670 1162 2792 1215 τινὰ
2820 1164 2919 1233 τῆς
2956 1160 3097 1231 ἑῴας
3126 1162 3367 1231 μέρεσιν,
3392 1158 3647 1211 ἐπέκεινα
3683 1158 3742 1210 δὲ

2162 1254 2263 1325 τῆς
2288 1254 2641 1308 Βαϐυλωνίων
2678 1254 2860 1325 χώρας
2898 1272 2959 1307 τε
2990 1254 3087 1307 καὶ
3116 1253 3458 1323 γῆς.Ὣσπερ
3503 1246 3616 1314 οὖν,
3646 1266 3744 1318 φη»

2166 1347 2268 1410 σίν,
2295 1345 2353 1409 ἐξ
2386 1345 2565 1398 αὐτῶν
2594 1344 2878 1416 τερμάτων
2906 1344 3007 1415 τῆς
3043 1342 3183 1413 ἑῴας
3215 1342 3320 1412 γῆς
3366 1342 3465 1413 τῆς
3504 1337 3741 1411 ἐμαυτοῦ

2166 1436 2441 1507 βασιλείας
2469 1435 2687 1489 τέθεικα
2717 1437 2844 1500 τοὺς
2870 1435 3049 1507 ὄρους,
3079 1430 3221 1487 εἷλον
3251 1433 3309 1486 δὲ
3340 1430 3627 1501 Δαμασκὸν
3650 1429 3743 1481 καὶ

2164 1529 2497 1600 Σαμάρειαν,
2525 1526 2878 1598 ὠφελημένας
2910 1526 3062 1580 οὐδὲν
3097 1525 3205 1578 ἀπό
3242 1541 3307 1591 γε
3335 1522 3444 1575 τῶν
3471 1524 3528 1575 ὲν
3551 1521 3742 1581 αὐταῖς

2165 1623 2324 1676 θεῶν.
2357 1620 2513 1675 Οὕτω
2549 1620 2932 1690 καταλήψομαι
2983 1618 3080 1671 καὶ
3128 1617 3228 1678 τὰς
3259 1615 3363 1680 ἔξω
3390 1613 3592 1685 χώρας.
3628 1613 3743 1666 Ms-

2168 1713 2402 1785 μνῆσθαι
2424 1713 2479 1766 δὲ
2504 1713 2797 1781 ἀναγκαῖον
2816 1712 2897 1765 ὅτι
2924 1710 3019 1764 καὶ
3042 1709 3340 1779 Ῥαψάκης,
3363 1706 3458 1770 τὰς
3480 1704 3630 1776 ποιρά
3649 1704 3742 1757 τοῦ

2169 1806 2431 1877 βασιλέως
2463 1802 2761 1872 Ἀσσυρίων
2786 1802 3127 1871 ἀναγγέλλων
3175 1799 3380 1869 φωνὰς,
3417 1794 3754 1869 προσπεφώρ.

489 1895 760 1962 regionem
809 1910 840 1948 e
878 1910 1039 1948 rnanu
1080 1896 1219 1961 regis
1248 1892 1628 1963 Assyriorum?
1657 1889 1757 1946 Ubi
1801 1901 1886 1945 est
1926 1892 2058 1945 deus

2172 1913 2293 1967 νηκε
2326 1898 2436 1957 τοῖς
2472 1896 2529 1946 ὲν
2560 1892 2636 1963 τῷ
2664 1891 2832 1962 τείχει
2876 1888 3226 1960 καθημένοις
3258 1886 3396 1943 Τάδε
3428 1884 3575 1950 λέγει
3604 1884 3631 1935 ὁ
3658 1882 3745 1951 βα-

486 1980 705 2046 Amath,
737 1992 790 2034 et
819 1981 1097 2049 Arphath?
1128 1982 1194 2035 Et
1236 1981 1326 2035 ubi
1367 1990 1454 2035 est
1483 1984 1617 2035 deus
1657 1980 1893 2035 civitatis
1932 1981 2059 2049 Sep-

487 2072 762 2139 pharaim?
782 2073 913 2126 Num
945 2083 1231 2143 potuerunt
1260 2072 1471 2143 eripere
1500 2072 1803 2128 Samariam
1836 2086 1868 2128 e
1898 2087 2056 2126 manu

488 2164 647 2217 mea?
679 2163 812 2230 Quis
844 2166 1057 2219 tandem
1087 2178 1258 2220 estex
1288 2166 1528 2220 omnium
1569 2165 1807 2235 gentium
1843 2165 2055 2219 illarum

489 2255 611 2318 diis,
644 2257 733 2325 qui
762 2267 967 2311 terram
996 2272 1146 2311 suam
1174 2273 1240 2312 ex
1269 2273 1428 2312 manu
1462 2275 1577 2314 mea
1620 2258 1890 2321 liberavit,
1920 2275 2059 2330 quo-

489 2347 637 2402 niam
666 2348 912 2404 liberabit
933 2349 1071 2405 Dens
1094 2350 1344 2406 Israclem
1369 2352 1436 2406 de
1474 2367 1631 2405 manu
1660 2352 2061 2408 mea?Proinde

490 2456 670 2510 regem
714 2441 1082 2512 Assyriorum,
1116 2443 1207 2512 qui
1244 2444 1309 2498 de
1368 2459 1427 2499 se
1475 2444 1757 2514 magniﬁce
1789 2446 1977 2509 sensit,
2011 2455 2066 2500 et

488 2530 724 2584 divinam
773 2533 1104 2601 majestatem
1147 2533 1392 2588 deridere
1422 2534 1619 2597 voluit,
1642 2536 1817 2602 poenis
1876 2536 2062 2601 subje-

491 2635 703 2676 cun-um
734 2637 792 2676 se
821 2623 1121 2678 denuntiat.
1146 2625 1356 2679 Etenim
1385 2635 1438 2678 et
1462 2626 1614 2681 nobis
1638 2626 1768 2695 ipsis
1800 2627 2066 2695 superbia:

496 2714 714 2765 morbus
746 2713 869 2768 odio
900 2724 983 2768 est
1025 2714 1301 2770 habendus
1336 2733 1351 2770 :
1382 2731 1503 2770 cum
1536 2725 1717 2770 autem
1760 2726 1947 2771 contra
1988 2719 2067 2784 ip-

494 2817 607 2856 sam
627 2804 862 2857 divinam
898 2805 1231 2874 majestatem
1265 2805 1453 2860 audaci
1493 2806 1678 2861 animo
1704 2804 1919 2860 inﬂatus
1954 2806 2067 2861 fne-

495 2894 585 2956 rit,
618 2904 764 2958 tunc,
800 2905 924 2949 tunc
952 2911 1050 2960 vae,
1076 2906 1130 2950 et
1164 2897 1379 2967 quidem
1407 2896 1729 2966 iustissime,
1762 2897 1863 2952 hoc
1888 2895 2066 2953 facere

493 2982 799 3037 volentibus
831 2985 1180 3053 irrogabitur.

2166 1988 2345 2050 σιλεὺς
2395 1985 2715 2055 Ἀσσυρίων.
2767 1983 2860 2054 Μὴ
2904 1980 3167 2036 ἀπατάτω
3218 1979 3362 2049 ὑμᾶς
3407 1976 3437 2027 6
3493 1972 3745 2043 βασιλεὺς

2176 2078 2420 2145 Ἐζεκίας
2468 2077 2666 2145 λόγοις,
2697 2076 2745 2128 οἳ
2792 2076 2853 2128 οὐ
2887 2074 3204 2143 δυνήσονται
3251 2066 3518 2139 ῥύσασθαι
3562 2065 3755 2135 ὑμᾶς·Δ

2163 2172 2259 2225 καὶ
2307 2170 2380 2240 μὴ
2424 2168 2629 2236 λεγέτω
2678 2168 2807 2237 ὑμῖν
2846 2163 3111 2228 Ἐζεκίας,
3140 2162 3222 2215 ὅτι
3261 2159 3507 2211 Ῥύσεται
3540 2155 3687 2225 ἡμᾶς
3717 2155 3746 2206 6

2162 2261 2317 2325 Θεὸς·
2359 2261 2452 2313 καὶ
2488 2258 2606 2329 μεθ’
2639 2257 2799 2327 ἕτερα
2845 2255 3027 2309 πάλιν⁸
3081 2250 3171 2321 Μὴ
3219 2248 3519 2320 ἐρρύσαντο
3547 2246 3594 2296 οἱ
3630 2243 3751 2295 θεοὶΔ

2162 2353 2270 2407 τῶν
2313 2350 2479 2405 ἐθνῶν
2522 2350 2747 2412 ἕκαστος
2775 2348 2874 2418 τὴν
2903 2344 3097 2400 ἑαυτοῦ
3128 2340 3311 2414 χώραν
3338 2341 3402 2392 ὲκ
3434 2336 3614 2409 χειρὸς
3647 2334 3741 2404 βα-

2166 2446 2357 2508 σιλέως
2413 2442 2744 2512 Ἀσσυρίων;
2806 2439 2910 2492 ποῦ
2966 2440 3123 2490 ἐστιν
3166 2437 3195 2488 6
3245 2433 3364 2495 θεὸς
3425 2428 3595 2499 Ἐμάθ
3653 2426 3748 2480 καὶ

2178 2536 2420 2609 Ἀρφάθς
2464 2536 2561 2588 καὶ
2608 2532 2711 2586 ποῦ
2761 2532 2907 2585 ἐστιν
2933 2532 2960 2584 6
2998 2528 3118 2591 θεὸς
3159 2526 3256 2597 τῆς
3296 2523 3501 2584 πόλεως
3529 2520 3747 2586 Serapa-.-

2169 2628 2393 2702 ρουείμ;
2437 2627 2510 2698 μὴ
2550 2625 2799 2678 ἐδύναντο
2830 2619 3097 2693 ῥύσασθαι
3124 2616 3437 2687 Σαμάρειαν
3467 2614 3531 2665 ὲκ
3565 2609 3748 2702 χειρύς

2172 2698 2307 2791 pou;
2340 2719 2423 2783 τίς
2462 2718 2569 2771 τῶν
2608 2715 2744 2769 θεῶν
2779 2714 2996 2768 πάντων
3026 2710 3132 2764 τῶν
3162 2707 3329 2762 ὲθνῶν
3355 2705 3558 2758 τούτων
3586 2698 3750 2772 appo-

2172 2830 2302 2865 σατο
2345 2813 2457 2881 τὴν⁴
2503 2811 2608 2881 γῆν
2653 2807 2816 2861 αὑτοῦ
2867 2807 2932 2858 ἐκ
2986 2802 3163 2875 χειρός
3212 2818 3350 2872 μου,
3401 2800 3481 2851 ὃτι
3530 2794 3749 2865 ῥύσεται

2184 2901 2398 2972 Ἰσραὴλ
2427 2902 2490 2953 ὲκ
2516 2899 2697 2971 χειρός
2739 2914 2871 2967 μου;
2902 2894 3132 2961 Μεγάλα
3162 2892 3340 2944 τοίνυν
3366 2883 3751 2972 πεφρονηκότα

2172 2971 2272 3044 τὸν
2318 2971 2603 3061 Ἀσσύριον
2630 3028 2645 3053 ,
2690 2988 2785 3041 καὶ
2835 2985 2934 3054 τῆς
2980 2982 3131 3045 θείας
3176 2980 3347 3051 ὀργῆς
3398 2971 3749 3043 καταμειδιᾷν

492 3077 768 3158 ᾑρημένον
811 3078 1106 3149 ὑποθήσειν
1177 3080 1574 3149 ἐπαγγέλλεται
1612 3085 1734 3147 ταῖς
1796 3082 1993 3146 δίκαις.
2048 3085 2459 3158 Ἀπηχθημένον
2498 3086 2595 3156 μὲν
2622 3084 2729 3156 γὰρ
2763 3083 2858 3137 καὶ
2907 3081 3035 3150 παρ’
3060 3079 3194 3150 ἡμῖν
3223 3076 3405 3136 αὐτοῖς
3428 3071 3528 3140 τῆς
3556 3066 3752 3131 ἀλαζο..

493 3148 641 3232 νείας
674 3169 735 3222 τὸ
761 3148 1129 3235 πάθοςέΟταν
1158 3173 1213 3225 δὲ
1236 3173 1307 3246 δὴ⁵
1334 3174 1429 3227 καὶ
1465 3176 1636 3247 αὐτῆς
1671 3177 1770 3246 τῆς
1805 3176 1957 3241 θείας
2012 3148 2709 3252 καταθρασύνηται-δόξηςί
2734 3176 2855 3229 τότε
2907 3148 3121 3245 δὴ
3186 3169 3246 3223 τὸ
3277 3166 3399 3220 οὐαὶ
3432 3164 3526 3217 καὶ
3550 3159 3752 3230 σφόδρα
3808 3204 3813 3205 ν

492 3262 715 3325 δικαίως
740 3265 851 3327 τοῖς
874 3264 1035 3317 τοῦτο
1058 3265 1189 3337 δρᾷν
1216 3266 1462 3319 ἐθέλουσι
1495 3267 1929 3339 ὲποισθήσονται.

570 3358 729 3415 Vrztts.
765 3362 849 3415 Il.
887 3359 1097 3414 Ululale
1144 3360 1413 3427 sculptilia
1468 3365 1525 3416 in
1571 3363 1871 3418 Jerusalem
1918 3374 1966 3418 el
2016 3364 2071 3417 in
2100 3368 2143 3425 C

495 3450 762 3507 Samaria.
800 3453 1254 3517 Quemadmodum
1281 3458 1417 3510 enim
1454 3457 1553 3525 feci
1579 3456 1841 3511 Samaria!
1862 3458 2071 3528 ejusque

498 3544 837 3613 manufactis,
870 3547 948 3601 sic
981 3546 1179 3614 faciam
1220 3557 1267 3601 et
1299 3546 1619 3613 Jerusalem,
1652 3559 1699 3603 et
1744 3548 1901 3602 idolis
1936 3547 2070 3617 ejus.

572 3723 782 3778 lndnxit
833 3723 992 3779 modo
1044 3721 1154 3779 alta
1191 3731 1245 3778 et
1300 3723 1505 3778 tumida
1536 3724 1866 3794 cogitantem
1906 3724 2074 3795 Assy-

505 3816 664 3871 rium.
696 3815 959 3871 Samaria:
993 3816 1141 3871 enirn
1177 3815 1339 3871 urbes
1361 3816 1551 3871 deleta:
1579 3832 1701 3870 cmn
1735 3823 1939 3879 essent,
1969 3815 2075 3869 diis

506 3909 646 3963 falso
676 3909 1001 3979 nuncupatis
1040 3924 1147 3963 non
1181 3908 1653 3974 succurrentihus,
1692 3909 1801 3963 imo
1839 3909 2075 3964 incensis

502 4001 664 4055 etiam
691 4016 813 4056 cum
840 4002 973 4071 ipsis
1016 4001 1255 4056 delubris
1273 4010 1329 4056 et
1355 4000 1617 4056 altaribus
1643 4019 1656 4056 :
1689 4016 1923 4070 cumque
1943 4002 2074 4057 sub-

498 4092 667 4161 jicere
691 4094 879 4147 diti0ni
904 4108 1015 4148 suae
1041 4092 1200 4165 174
1225 4093 1654 4161 Hierosolymam
1674 4094 1790 4150 sive
1808 4093 2073 4161 iubeam,

502 4185 666 4239 etiam
701 4185 870 4239 invito
897 4186 1229 4255 sempiterno
1279 4184 1400 4255 ejus
1454 4197 1727 4241 assertore
1773 4194 1828 4240 et
1858 4202 2076 4241 conser-

506 4283 691 4329 vatore
723 4274 853 4342 Deo,
899 4278 1211 4344 cogitasset,
1261 4289 1456 4330 causas
1504 4274 1660 4331 illico
1687 4275 1868 4340 nobis,
1890 4284 1946 4330 et
1979 4292 2077 4331 cur

506 4368 619 4438 ipsa
666 4377 949 4436 caperetur
995 4366 1260 4433 Samaria,
1313 4367 1726 4437 compluresque
1764 4369 1926 4424 urbes
1976 4366 2074 4422 lu-

503 4457 652 4523 dazar,
686 4460 996 4528 pr0phetica
1026 4460 1204 4515 oratio
1239 4458 1445 4528 adjicit.
1478 4458 1616 4514 llinc
1644 4474 1745 4514 nec
1786 4474 1921 4515 sane
1969 4460 2074 4515 im-

506 4551 696 4603 merito
726 4550 896 4620 ipsmn
941 4552 1231 4619 impietatis
1271 4567 1442 4622 genus
1477 4553 1528 4605 in
1572 4551 1891 4606 memoriam
1932 4552 2078 4606 redi-

2261 3356 2624 3420 Ὀλολύξατε
2657 3354 2727 3406 τὰ
2755 3350 2987 3420 galeata
3018 3348 3087 3399 ἐν
3126 3338 3509 3413 Ἰερουσαλὴμ
3556 3339 3649 3391 καὶ
3684 3338 3755 3392 ἐν·

2175 3450 2491 3523 Σαμαρείᾳ.
2523 3450 2626 3500 Ὃν
2659 3446 2879 3514 τρόπον
2903 3441 3010 3512 γὰρ
3036 3438 3308 3505 ἐποίησα
3329 3432 3625 3501 Σαμαρείᾳ
3655 3430 3754 3483 καὶ

2175 3546 2299 3611 τοῖς
2338 3538 2774 3614 χειροποιήτοις
2818 3532 3030 3601 αὐτῆς,
3066 3530 3252 3595 οὕτως
3284 3526 3527 3595 ποιήσω
3562 3525 3661 3577 καὶ
3686 3524 3757 3576 ἐν

2188 3633 2595 3705 Ἰερουσαλὴμ,
2622 3630 2720 3684 καὶ
2752 3628 2875 3693 τοῖς
2905 3623 3169 3688 εἰδώλοις
3191 3619 3401 3687 αὐτῆς.

2249 3727 2642 3796 Εἰσκεκὸμικεν
2672 3722 2874 3794 ἀρτίως
2911 3716 3090 3788 ὑψηλά
3122 3716 3215 3769 καὶ
3240 3713 3520 3782 ὑπέρογκα
3548 3726 3755 3781 πεφροι-

2176 3821 2379 3893 νηκότα
2409 3818 2499 3872 τὸν
2528 3814 2830 3885 Ἀσσύριον.
2879 3807 3097 3878 Ἐπειδὴ
3136 3806 3244 3876 γὰρ
3287 3804 3386 3867 τὰς
3436 3802 3536 3873 τῆς
3579 3802 3760 3871 Σαμα-

2181 3914 2330 3985 ρείας
2376 3909 2679 3980 ὠλόθρΜε
2726 3904 2908 3967 πόλεις
2949 3901 3051 3954 οὐκ
3097 3895 3527 3965 ἐπικουρούντων
3568 3894 3760 3955 αὐταῖς

2176 4007 2282 4062 τῶν
2313 4002 2678 4075 ψευδωνύμων
2728 3997 2888 4061 θεῶν,
2938 3988 3474 4063 κατεμπρησθέντων
3505 3985 3562 4038 δὲ
3596 3985 3760 4038 πάλιν

2178 4100 2361 4161 αὐτοῖς
2383 4095 2632 4165 τεμένεσι
2655 4091 2748 4144 καὶ
2776 4089 3000 4161 βωμοῖς.
3028 4080 3440 4151 Διατεθειμένου
3468 4078 3525 4131 δὲ
3555 4078 3637 4131 ὅτι
3665 4078 3762 4130 καὶ

2178 4189 2346 4260 αὐτὴν
2371 4187 2477 4240 ὑπὸ
2503 4186 2659 4255 χεῖρα
2699 4181 2921 4249 ποιῆσαι
2951 4176 3050 4247 τὴν
3100 4169 3475 4245 Ἰερουσαλὴμ,
3509 4169 3630 4237 ἦτοι
3659 4166 3761 4260 τὴν

2192 4258 2473 4343 Ἰουδαίαν,
2509 4277 2606 4331 καὶ
2646 4275 2696 4327 εἰ
2745 4271 2820 4344 μὴ
2854 4269 3095 4341 βούλοιτο
3132 4262 3292 4333 τυχὸν
3336 4263 3365 4315 6
3408 4258 3763 4332 προασπίζων

2179 4373 2350 4442 αὐτῆς
2410 4369 2495 4424 ἀεί
2551 4384 2612 4419 τε
2667 4362 2856 4428 σώζων
2900 4356 3153 4430 Χριστὸς,
3191 4354 3289 4417 τὰς
3318 4352 3496 4414 αἰτίας
3530 4350 3765 4442 εὐθὺςλὸ

2180 4440 2516 4537 προφητικδς
2558 4460 2689 4529 ἡμῖν
2737 4451 3070 4524 παρατίθησι
3110 4446 3265 4514 λόγος
3316 4443 3411 4537 τοῦ
3460 4442 3555 4495 καὶ
3594 4440 3765 4537 αὐτην

2179 4531 2387 4612 ἁλῶναι
2430 4553 2531 4623 τὴν
2576 4546 2912 4617 Σαμάρειαν,
2959 4540 3216 4601 πλείστας
3260 4537 3319 4590 δὲ
3365 4536 3497 4597 ὅσας
3542 4531 3767 4599 καὶτῆς

504 4644 599 4710 git,
626 4659 829 4711 eosque
858 4643 1065 4698 ululare
1089 4645 1241 4710 jubet
1268 4654 1322 4697 et
1352 4644 1569 4713 plorare
1598 4661 1612 4697 :
1646 4652 1702 4698 et
1727 4654 1939 4698 tantum
1970 4660 2067 4699 non

2192 4648 2450 4708 Ἰουδαίας
2477 4622 2678 4705 πόλεις.
2713 4638 2898 4709 Ταύτῃ
2940 4651 3022 4687 τοι
3058 4632 3153 4686 καὶ
3204 4628 3349 4701 μάλα
3391 4626 3615 4685 εἰκότως
3654 4622 3767 4675 τῶν

503 4736 907 4805 obstupefactus
940 4753 1047 4806 prm
1066 4736 1369 4792 del'eCIiOne
1392 4752 1422 4791 a
1451 4737 1713 4807 singulari
1739 4738 1829 4791 illa
1858 4739 2067 4808 pietate,

2176 4743 2277 4810 τῆς
2325 4734 2641 4796 δυσσεϐείας
2698 4730 2913 4801 τρόπων
2978 4726 3058 4788 εἰς
3124 4722 3429 4790 ἀνάμνησιν
3473 4719 3764 4784 ἀποφέρει,

504 4828 801 4893 proclamat
828 4847 842 4882 :
899 4828 1112 4884 Ululate
1148 4828 1421 4899 sculptilia
1477 4829 1527 4883 in
1552 4807 1866 4885 Jerusalem
1896 4840 1951 4884 el
1982 4829 2067 4885 Sa-

2174 4807 2444 4895 ὀλολύζειν
2470 4844 2527 4880 τε
2555 4824 2771 4886 αὐτοὺς,
2806 4819 2902 4874 καὶ
2932 4813 3296 4885 κατοιμώζειν
3319 4808 3569 4886 κελεύεικ
3587 4807 3768 4861 Μόνον

504 4920 696 5003 maria.
730 4922 862 4975 Nam
889 4922 978 4976 ubi
1007 4922 1185 4993 dignis
1217 4923 1520 4977 honoribus
1552 4923 1719 4976 Deum
1751 4923 2067 4978 universita-

2172 4925 2229 4978 δὲ
2253 4923 2373 4992 οὐχὶ
2397 4913 2790 4984 κατατεθηπίος
2820 4913 2916 4980 τὴν
2944 4909 3247 4963 ἀπόστασιν
3275 4906 3338 4956 ἐκ
3368 4899 3641 4971 φιλοθεῒας
3666 4899 3768 4965 τῆς

493 4990 573 5063 ἰίδ
604 5012 781 5067 colere
807 5014 1067 5083 oportuit,
1096 5014 1206 5068 illic
1229 5014 1619 5074 contemnitur,
1662 5023 1717 5067 et
1748 5014 1953 5068 honore
1977 5029 2067 5069 suo

2172 4990 2640 5083 ἄγαν-ἀναφωνεῖ·
2688 5004 3026 5070 Ὀλολύξατε,
3057 4995 3275 5068 γλυπτά
3312 4997 3371 5047 ὲν
3413 4990 3771 5095 Ἰερουσαλὴμ

502 5115 835 5170 congruente
880 5115 934 5158 et
969 5104 1151 5158 debito
1192 5104 1440 5173 privatus
1470 5114 1573 5157 est.
1605 5102 1960 5172 Sculptilibus
1999 5104 2067 5158 si-

2182 5111 2277 5163 καὶ
2305 5110 2361 5161 ὲν
2392 5102 2692 5174 Σαμαρείᾳ.
2721 5100 2893 5152 Ὅπου
2934 5095 3043 5163 γὰρ
3084 5092 3191 5143 ἔδει
3236 5088 3357 5149 ταῖς
3392 5084 3769 5151 καθηκούσαις

503 5192 720 5258 quidem
757 5195 1103 5250 veneratione
1134 5195 1421 5256 attributa,
1464 5194 1581 5247 ausi
1615 5203 1744 5248 sunt
1778 5195 1958 5249 miseri
1997 5196 2067 5248 di-

2181 5198 2369 5266 τιμαῖς
2412 5172 2501 5247 τὸν
2552 5172 2659 5244 τῶν
2707 5188 2842 5241 ὅλων
2890 5176 3385 5252 καταγεραίρεσθαι
3438 5172 3593 5233 Θεὸν,
3651 5172 3769 5266 ἐκεῖ

509 5295 635 5334 cere
659 5283 803 5350 ligno
838 5303 851 5339 :
892 5303 910 5336 ι
947 5285 1088 5341 Deus
1132 5301 1293 5341 meus
1318 5302 1378 5340 es
1409 5294 1462 5350 tu
1490 5300 1506 5347 ;
1539 5293 1594 5337 et
1638 5284 1798 5353 lapidi
1827 5304 1839 5339 :
1873 5285 1949 5338 Tu
1982 5301 2078 5354 ge-

510 5375 676 5428 nuisti
710 5392 795 5429 me
821 5376 883 5431 ¹⁸.
918 5396 937 5428 ι
966 5380 1156 5446 Itaque
1182 5378 1330 5432 velut
1355 5376 1619 5431 attonitus
1641 5377 1924 5443 pr0pheta,
1944 5377 2081 5430 hanc

512 5468 959 5523 exclamationem
988 5470 1154 5524 facit:
1195 5472 1425 5536 scilicet,
1454 5469 1730 5536 sculptilia
1764 5469 1816 5523 in
1850 5467 2071 5523 Jerusa-

520 5559 625 5612 lem
675 5568 730 5612 et
780 5560 833 5612 in
880 5563 1150 5619 Samaria.
1186 5564 1499 5630 Cujusmodi
1547 5572 1632 5617 est
1678 5565 1820 5630 quod
1854 5572 1909 5617 et
1954 5579 2085 5619 voce

517 5651 769 5709 Jeremia:
790 5652 923 5707 dicit
949 5655 1016 5710 de
1061 5652 1360 5711 Jerusalem
1395 5675 1409 5711 :
1445 5655 1585 5724 Qui]
1632 5655 1827 5710 dilecta
1862 5654 1987 5710 fecit
2026 5656 2077 5709 in

593 5805 635 5835 ¹¹¹
667 5803 863 5860 Jcretn.
901 5820 959 5871 ll,
994 5808 1079 5862 ‘27.

2185 5288 2514 5359 παρορᾶται,
2550 5283 2644 5336 καὶ
2672 5283 2771 5350 τῆς
2806 5276 2957 5346 αὐτῷ
2986 5272 3305 5345 πρεπούσης
3341 5285 3401 5320 τε
3433 5265 3528 5320 καὶ
3556 5261 3769 5331 ὀφειλο-

2189 5356 2357 5451 μένης
2386 5377 2548 5446 τιμῆς
2577 5374 2883 5443 ἐστέρηται.
2909 5366 3167 5426 Γλυπτοίς
3196 5361 3304 5431 γὰρ
3342 5359 3403 5454 το
3437 5356 3771 5454 using-dim.-

2180 5444 2363 5535 θέντες
2410 5444 2460 5522 οί
2509 5467 2754 5528 δείλαιοι,
2810 5459 3205 5529 τετολμήκασιν
3256 5453 3429 5504 εἰπεῖν
3483 5448 3559 5517 τῷ
3606 5444 3767 5511 ξύλῳ·

2196 5582 2214 5615 ι
2253 5562 2381 5625 Θεός
2426 5578 2525 5631 μου
2555 5554 2605 5609 εἷ
2634 5554 2716 5608 σύ·
2758 5554 2850 5606 καὶ
2869 5550 2945 5620 τῷ
2985 5548 3135 5617 λίθῳ,
3169 5545 3240 5597 Σὺ
3272 5538 3569 5610 ἐγέννησας
3604 5553 3693 5606 με.
3737 5556 3753 5583 ι

2193 5653 2400 5707 Οὐκοῦν
2433 5653 2551 5722 μετ’
2598 5645 2908 5716 ἐκπλήξεως
2941 5638 3103 5695 οἱονεὶ
3146 5634 3221 5705 τῷ
3254 5634 3508 5705 προφήτῃ
3550 5628 3772 5697 γέγονεν
