4152 6366
344 430 456 487 235

1490 443 1555 498 ΙΝ
1593 445 1825 500 ISAIA.“
1867 447 1996 502 LIB.
2039 449 2078 503 I.
2117 447 2326 504 URAT.
2376 447 2461 503 Π.

3511 441 3619 498 ’186

346 550 685 623 ἀναφώνημα
740 552 803 606 τὸ
853 554 1166 624 εἰρημένον·
1209 557 1351 611 τοῦτ’
1397 559 1564 621 ἔστιν,
1620 561 1837 629 γλυπτὰ
1879 564 1936 615 ὲν

2061 564 2205 618 Ιοιιιο
2230 579 2346 617 mea
2369 561 2823 616 abominationcm
2845 559 2869 611 ?
2894 558 3036 610 Dixit
3061 569 3226 626 porro
3252 562 3306 606 et
3335 567 3430 621 per
3454 570 3618 606 unum

359 645 715 716 Ἰερουσαλὴμ
757 647 851 699 καὶ
893 649 950 700 ἐν
985 649 1286 721 Σαμαρείᾳ.
1323 651 1577 706 Τοιοῦτόν
1615 669 1668 705 τι
1705 653 1800 706 καὶ
1843 653 1932 706 διὰ

349 737 532 806 φωνῆς
571 737 836 808 Ἱερεμίου
881 740 1015 812 φησὶ
1062 741 1190 812 περὶ
1236 742 1336 812 τῆς
1390 742 1764 815 Ἰερουσαλήμ.
1803 745 1929 816 Τίὴ

347 829 679 900 ⁴ἰζγαπημένη
727 833 785 884 ὲν
823 829 902 901 τῷ
934 833 1068 902 οἴκῳ
1095 851 1197 904 μου
1226 835 1447 904 ἐποίησε
1489 836 1766 907 βδέλυγμα
1789 857 1802 905 ;
1829 838 1933 908 ἔφη

349 920 406 972 δέ
438 938 541 974 που
565 923 661 975 καὶ
678 923 746 975 δι’
770 923 890 986 ἑνὸς
914 927 1216 996 προφήτουο
1237 946 1258 977 ιν
1281 929 1490 994 Σκοπὸς
1523 929 1765 1002 Ἐ’φραῒμ
1797 932 1938 1002 μετά

350 1011 509 1079 Θεοῦ,
539 1014 825 1086 προφήτης
871 1015 1038 1084 παγίς
1072 1018 1280 1083 σκολιὰ,
1321 1021 1414 1073 ἐπὶ
1444 1022 1626 1085 πάσας
1653 1023 1808 1087 ὁδοὺς
1836 1024 1937 1076 αύ-

353 1105 763 1175 τοῦ,1μανίανὲν
777 1108 910 1176 οἴκῳ
926 1110 1129 1181 Κυρίου
1149 1111 1484 1185 κατέπηξαν.
1512 1135 1531 1166 ι
1568 1115 1940 1188 Ἰδρυσάμενοι

354 1197 463 1265 γὰρ
484 1199 542 1248 ὲν
562 1199 676 1260 τοῖς
703 1196 771 1260 ῗιε
780 1198 971 1267 ροσολύ
979 1217 1099 1269 μοις
1124 1201 1344 1272 βωμοὺς
1371 1205 1464 1257 καὶ
1479 1205 1838 1277 χειρόκμητα,
1857 1225 1942 1260 τε-

358 1288 557 1342 Θύκασι
579 1292 648 1360 τῇ
681 1288 850 1351 Βαὰλ,
877 1291 972 1342 καὶ
1002 1294 1068 1362 τῇ
1098 1297 1330 1366 στρατιᾷ
1353 1295 1447 1350 τοῦ
1481 1297 1730 1368 οὐρανοῦ.
1749 1299 1942 1371 Δεδρά-

356 1398 483 1434 κασι
504 1381 563 1434 δὲ
583 1382 740 1434 ταυτὶ
769 1383 861 1435 καὶ
890 1384 938 1436 οἱ
971 1385 1029 1436 ἐν
1058 1387 1124 1456 τῇ
1159 1386 1459 1461 Σαμαρείᾳ.
1485 1391 1583 1443 Ὃν
1601 1390 1805 1460 τρόπον
1831 1390 1944 1444 “cof-

356 1490 470 1532 νυν.
492 1472 681 1542 φησὶν,
711 1473 940 1544 ἐποίησα
969 1475 1274 1548 Σαμαρείᾳ,
1295 1479 1391 1532 καὶ
1413 1482 1523 1543 τοῖς
1544 1482 1942 1552 χειροποιήτοις

355 1565 548 1636 αὐτῆς,
569 1563 744 1629 οὕτως
762 1567 976 1639 ποιήσω
1008 1571 1103 1623 καὶ
1134 1571 1511 1644 Ἰερουσαλὴμ,
1537 1573 1632 1626 καὶ
1655 1576 1771 1638 τοῖς
1793 1573 1946 1627 εἰδώ-

355 1657 469 1720 λοις
511 1657 702 1728 αὐτῆς.
735 1653 832 1722 Οἷς
870 1659 981 1732 γὰρ
1019 1661 1224 1731 ἁδελφά
1263 1662 1333 1717 τά
1357 1664 1703 1735 τολμήματα,
1733 1665 1946 1728 τούτοις

356 1751 544 1804 ἕποιτο
570 1750 637 1804 ἂν
664 1750 889 1812 εἰκότως
913 1752 1007 1806 καὶ
1034 1753 1347 1827 ἰσοπαλὴςὴ
1377 1755 1521 1824 δίκη.
1551 1756 1760 1810 Οὐκοῦν
1784 1756 1944 1810 ἔλαϐε

361 1842 460 1912 μὲν
483 1845 513 1897 ὁ
545 1843 831 1915 Ἀσσύριος
869 1846 963 1898 καὶ
989 1847 1277 1916 Δαμασκὸν
1305 1849 1398 1902 καὶ¹
1427 1849 1762 1921 Σαμάρειαν.
1797 1850 1948 1914 Ὀδδς

2038 658 2355 724 prophetam
2381 674 2393 708 :
2416 674 2434 705 ι
2461 652 2780 722 Speculator
2794 649 3050 719 Ephraim
3070 662 3191 701 cum
3212 645 3341 708 Deo,
3360 646 3620 713 propheta

2039 747 2265 816 laqueus
2307 757 2584 800 tortuosos
2631 745 2686 798 in
2736 744 2989 796 omnibus
3018 739 3120 792 viis
3146 738 3306 807 ejus:
3350 736 3614 791 insaniam

2039 839 2092 894 in
2107 839 2265 892 domo
2286 837 2494 892 Domini
2519 835 2859 890 conﬁxerunt
2874 833 2960 886 ³⁸⁸.
2976 850 2994 881 ι
3015 827 3311 883 Colloeatis
3334 826 3477 882 enim
3502 825 3622 878 Ilie-

2042 931 2330 1001 rosolymte
2353 929 2617 982 altaribus
2645 937 2700 980 et
2737 922 3158 982 manuconditis,
3179 917 3346 973 Baalo
3381 926 3436 971 et
3479 915 3622 970 mili-

2041 1026 2129 1080 tia:
2162 1023 2284 1078 coeli
2311 1021 2712 1076 sacrillcarunt.
2751 1016 2902 1084 Quod
2935 1019 3098 1070 etiam
3132 1009 3397 1067 Samarize
3429 1006 3624 1059 incolae

2049 1115 2318 1171 fecerunt.
2345 1110 2808 1179 Quemadmodum
2839 1106 3029 1175 igitur,
3057 1103 3254 1173 inquit,
3286 1099 3387 1154 feci
3430 1095 3625 1151 Sama-

2043 1207 2138 1261 rize
2172 1215 2225 1262 et
2261 1204 2584 1259 manufactis
2608 1200 2745 1270 eius,
2780 1199 2860 1253 sic
2893 1196 3088 1252 faciam
3127 1203 3184 1249 et
3226 1189 3531 1246 Jerusalem
3567 1195 3624 1239 et

2044 1295 2206 1350 idolis
2240 1294 2378 1364 ejus.
2409 1292 2650 1360 Quorum
2681 1291 2829 1346 enim
2883 1285 3080 1344 similia
3131 1293 3185 1338 et
3235 1288 3462 1351 cognata
3498 1287 3624 1331 sunt

2045 1385 2331 1449 maleﬁcia,
2363 1399 2457 1439 eos
2505 1383 2699 1438 merito
2746 1379 3049 1436 consimilis
3087 1375 3250 1431 etiam
3300 1387 3458 1443 paena
3493 1383 3652 1425 cou-'

2047 1486 2326 1545 sequetur.
2361 1475 2518 1546 Cepit
2559 1475 2725 1544 igitur
2764 1472 3021 1543 Assyrius
3058 1468 3379 1522 Damascum
3419 1471 3474 1517 ct
3524 1459 3626 1514 Sa-

2046 1575 2272 1629 mariam
2299 1590 2313 1626 :
2340 1570 2426 1623 via
2459 1578 2641 1622 autem
2671 1567 2830 1634 hujus
2860 1564 2933 1618 rei
2961 1559 3310 1618 conﬁciendae
3331 1565 3384 1608 et
3404 1553 3620 1608 occasio

2055 1663 2299 1720 victoriae
2333 1660 2454 1727 fuit,
2485 1658 2749 1713 idolorum
2784 1654 3008 1714 elﬁctio.
3037 1667 3159 1708 cum
3206 1646 3466 1704 Samariae
3513 1652 3624 1698 tum

2049 1753 2487 1826 Hierosolymis:
2523 1750 2754 1817 ideoque
2789 1748 2873 1803 his
2919 1745 3010 1814 qui
3063 1742 3189 1796 talia
3235 1750 3452 1810 patrare
3497 1749 3626 1790 con-

2049 1852 2364 1907 sueverunt,
2401 1841 2749 1911 dignissintas
2797 1852 2988 1907 pcenas
3037 1833 3254 1889 inﬂixit.
3305 1830 3402 1885 Est
3445 1827 3630 1894 itaque

357 1935 412 1988 δὲ
437 1935 534 1988 τοῦ
560 1938 886 2008 πράγματος
910 1938 1082 2009 αὐτῷ.
1117 1939 1212 1992 καὶ
1237 1938 1330 1992 τοῦ
1369 1941 1696 2010 κατισχῦσαι
1731 1943 1945 2012 πρόφα-

2061 1951 2214 2009 grave
2246 1935 2442 1998 scelus,
2471 1942 2527 1988 et
2560 1933 2695 1988 iram
2729 1930 2964 1984 divinam
2991 1926 3146 1982 nobis
3170 1922 3405 1978 accersit
3428 1919 3629 1986 ubique

361 2043 467 2090 σις,
491 2029 524 2098 η
558 2029 668 2081 τῶν
692 2028 926 2082 εἰδώλων
959 2031 1176 2102 ποίησις
1201 2026 1290 2102 ἦν,
1317 2033 1351 2102 ὴ
1385 2032 1442 2085 ἕν
1470 2050 1524 2086 τε
1549 2035 1612 2103 τῇ
1641 2034 1942 2105 Σαμαρείᾳ,

361 2119 456 2172 καὶ
495 2121 612 2182 τοῖς
643 2119 1058 2192 Ἰεροσολύμοις.
1087 2121 1355 2196 Ταύτῃτοι
1388 2123 1484 2176 καὶ
1521 2126 1633 2186 τοῖς
1672 2123 1738 2178 τὰ
1768 2125 1946 2178 τοιάδε

361 2209 492 2281 δρᾷν
522 2212 791 2279 εἰωθόσιν,
821 2215 921 2277 τὰς
950 2215 1413 2286 πρεπωδεστάτας
1443 2213 1737 2287 ἐζήτηνται
1771 2216 1945 2279 δίκας.

363 2303 612 2358 Χαλεπὸν
658 2301 751 2360 οὖν
800 2307 932 2378 ἄρα,
969 2308 1064 2362 καὶ
1096 2308 1266 2380 ὀργῆς
1303 2311 1436 2380 ἡμῖν
1472 2309 1572 2380 τῆς
1611 2309 1764 2381 παρά
1813 2309 1950 2362 Θεοῦ

2057 2030 2322 2086 idolorum
2351 2027 2549 2083 eﬁlctio
2581 2044 2595 2081 :
2635 2025 2795 2094 idque
2830 2023 2994 2077 etiam
3022 2019 3067 2074 si
3113 2018 3234 2085 quis
3266 2014 3405 2068 forte
3433 2011 3535 2064 hoc
3572 2007 3628 2061 in

2055 2121 2239 2175 animo
2267 2131 2322 2175 et
2357 2128 2538 2173 mente
2569 2113 2937 2170 fabricaverit.
2969 2110 3256 2165 Abducunt
3287 2105 3431 2160 enim
3466 2100 3553 2154 illa
3596 2112 3626 2151 a

2056 2213 2346 2269 dilectione
2391 2212 2442 2265 in
2477 2209 2664 2270 Deum,
2700 2207 2984 2259 incantant
3012 2200 3274 2261 animum,
3308 2206 3363 2250 et
3396 2193 3463 2246 ad
3512 2201 3632 2258 qua:

2058 2321 2164 2360 non
2205 2310 2417 2372 oportet
2451 2301 2692 2354 trahunt.

363 2396 624 2465 πρόξενον
687 2401 720 2471 ἢ
767 2401 878 2454 τῶν
941 2399 1174 2455 εἰδώλων
1231 2402 1451 2473 ποίησις
1495 2403 1791 2475 πανταχοῦ,
1847 2404 1950 2457 κᾶν
1987 2403 2039 2457 ετ
2075 2417 2161 2464 τις
2197 2400 2276 2462 εἱς
2305 2395 2431 2450 νοῦν
2468 2393 2564 2448 καὶ
2598 2390 2827 2463 καρδίαν
2860 2387 3019 2442 τοῦτο
3061 2384 3208 2457 δρῴη
3246 2379 3427 2452 τυχὸν.
3468 2376 3632 2428 Ἀπο-

364 2487 523 2559 φέρει
574 2462 964 2559 γάρικάκεῖνα
1008 2489 1108 2560 τῆς
1158 2491 1238 2554 εἰς
1295 2462 1713 2564 Θεὸν-ἀγάπης..
1778 2462 2255 2562 καταγοητεύοντα
2286 2485 2386 2558 τὴν
2421 2462 2686 2556 καρδίαν,
2705 2479 2800 2533 καὶ
2860 2476 3010 2547 ἐφ’ὃ.
3080 2474 3155 2545 μὴ
3220 2468 3499 2542 προσῆκεν
3528 2462 3615 2528 ἒξ·-

364 2576 612 2632 ἕλκοντα.

439 2668 547 2724 Καὶ
573 2671 746 2724 ἔσται
771 2669 918 2723 ὅταν
938 2670 1281 2741 συντελέσῃ
1302 2672 1519 2742 Κύριος
1545 2671 1742 2726 πάντα
1769 2670 1956 2724 ποιῶν

367 2761 438 2814 ἐν
469 2760 550 2825 τῷ
576 2761 698 2829 ὄρει
727 2762 902 2824 Σιὼν,
933 2762 1031 2816 καὶ
1060 2763 1130 2817 ἐν
1163 2763 1580 2834 Ἰερουσαλὴμ,
1620 2763 1828 2828 ἐπάξει
1857 2763 1955 2816 ἐπὶ

368 2853 477 2906 τὸν
495 2853 649 2908 νοῦν
670 2855 777 2907 τὸν
791 2853 986 2924 μέγαν
1006 2854 1114 2909 τὸν
1150 2856 1412 2925 ἄρχοντα
1442 2855 1562 2910 τῶν
1598 2855 1954 2923 Ἀσσυρίων,

371 2945 471 2998 καὶ
502 2945 601 2998 ἐπὶ
631 2945 698 2998 τὸ
719 2945 878 3014 ὕψος
903 2944 1010 3014 τῆς
1035 2946 1221 3014 δόξης
1243 2947 1362 3000 τῶν
1394 2945 1719 3016 ὀφθαλμῶν
1745 2944 1954 3000 αὐτοῦ.

371 3034 520 3092 Ειπε
556 3037 684 3108 γάρ’
722 3039 800 3109 Τῆ
855 3041 1030 3109 ἰσχύϊ
1075 3038 1328 3105 ποιήσω,
1378 3041 1474 3094 καὶ
1515 3038 1591 3109 τῇ
1626 3039 1812 3108 σοφίᾳ
1845 3036 1957 3105 τῆς

372 3131 702 3199 συνέσεως,
727 3132 929 3202 ἀρε-λῶ
959 3131 1091 3202 ὅρια
1127 3131 1336 3195 ἐθνῶν,
1371 3131 1468 3186 καὶ
1493 3131 1611 3201 τὴν
1638 3131 1822 3200 ἰσχὺν
1853 3133 1960 3184 αὺ-

371 3224 495 3278 τῶν
530 3226 940 3294 προνομεύσω·
973 3225 1070 3278 καὶ
1110 3225 1298 3278 σείσω
1332 3225 1540 3290 πόλεις
1579 3221 1957 3292 κατοικουμέ-

2130 2662 2295 2718 Vens.
2323 2659 2514 2716 12-”.
2549 2657 2616 2712 Et
2640 2657 2739 2710 erit
2770 2670 2887 2708 cum
2906 2648 3342 2706 consummaverit
3380 2645 3634 2699 Dominus

2057 2759 2235 2814 omnia
2268 2755 2467 2824 faciens
2511 2753 2566 2804 in
2592 2756 2768 2803 monte
2793 2745 2946 2810 Sion,
2984 2755 3030 2797 et
3066 2740 3388 2799 Jerusalem,
3428 2738 3635 2790 inducet

2056 2863 2214 2918 super
2255 2855 2478 2900 mentem
2522 2854 2789 2909 magnum,
2830 2835 3118 2908 principem
3165 2829 3534 2901 Assyriorum,
3589 2837 3638 2880 et

2058 2955 2218 3010 super
2243 2936 2603 2992 celsitudinem
2631 2930 2819 3002 gloria:
2841 2928 3113 2981 oculorum
3133 2923 3270 2985 eius.
3298 2919 3440 2974 Dixit
3463 2919 3597 2972 enim
3621 2933 3638 2971 :

2064 3033 2132 3087 lu
2163 3029 2471 3102 fortitudine
2493 3026 2720 3095 faciam,
2756 3033 2802 3076 et
2853 3018 3013 3089 175
3036 3017 3296 3084 sapientia
3325 3011 3638 3074 intellectus,

2067 3123 2250 3178 tollam
2273 3121 2506 3192 gentium
2529 3117 2801 3176 terminos,
2819 3123 2867 3168 et
2895 3113 3057 3166 robur
3076 3123 3258 3163 earum
3277 3103 3641 3174 deprwdabor,

2067 3227 2114 3271 et
2146 3215 2444 3270 cencutiam
2474 3209 2628 3264 urbes
2669 3208 2959 3264 habitatas,
2999 3211 3045 3256 et
3075 3201 3250 3254 orbem
3284 3208 3438 3252 terra:
3479 3207 3644 3248 totum

372 3334 507 3385 νας,
563 3287 666 3371 ita!
711 3287 824 3385 τὴν
868 3316 1231 3386 οἰκουμένην
1260 3316 1413 3384 ὅλην
1442 3287 1871 3384 καταλήψομαι
1890 3314 1956 3383 τῇ

2067 3306 2500 3379 comprehendam
2526 3319 2710 3367 manu,
2748 3310 2795 3354 et
2829 3306 2886 3351 ut
2923 3295 3174 3350 derelicta
3202 3309 3298 3346 ova
3331 3289 3536 3344 tollant.
3579 3287 3645 3340 Et

377 3409 528 3480 χειρί
588 3410 669 3475 ὡς
718 3411 1000 3474 νοσσιὰν,
1037 3408 1136 3462 καὶ
1193 3410 1276 3475 ὡς
1323 3410 1835 3477 καταλελειμμένα
1883 3406 1969 3461 ὡὰ

379 3502 520 3571 ἀρῶ·
549 3502 646 3556 καὶ
672 3503 783 3556 οὐκ
804 3501 994 3567 ἔστιν,
1020 3501 1089 3568 ὃς
1118 3500 1502 3571 διαφεύξεται
1523 3517 1622 3570 με,
1645 3500 1682 3570 ἢ
1716 3500 1966 3568 ἀντείπῃ

381 3613 479 3663 μοι
489 3635 502 3646 .

453 3686 569 3739 Οὐκ
601 3684 704 3750 ἔξω
737 3686 925 3756 κοινῆς
971 3685 1300 3757 γενήσεσθαι
1337 3685 1429 3739 τὸν
1465 3683 1752 3757 Ἀσσύριον
1785 3684 1854 3738 τὰ
1882 3683 1971 3738 οὖ-

379 3795 488 3842 τως
519 3778 801 3849 ὑπέρογκα
824 3781 1208 3850 πεφρονηκότα
1241 3777 1392 3848 φησί.
1419 3778 1627 3849 Κύριος
1665 3777 1774 3848 γὰρ
1803 3777 1972 3847 ὑπερ-

2067 3417 2172 3456 uon
2191 3411 2264 3456 est
2297 3400 2388 3470 qui
2412 3396 2630 3467 eﬁ'ugiat
2671 3408 2778 3458 me,
2817 3389 2893 3446 ret
2925 3385 3254 3442 contradicat
3287 3383 3436 3435 mihi.

2141 3650 2260 3729 Non
2286 3671 2582 3727 immunem
2613 3668 2727 3722 fore
2751 3663 3034 3736 Assyrium
3065 3677 3091 3714 ιι
3117 3673 3298 3730 pmua,
3327 3655 3527 3724 quippe
3555 3652 3648 3723 qui
3682 3628 3687 3634 I

2071 3775 2359 3836 tantopere
2417 3765 2788 3823 intumuerat,
2836 3765 3134 3810 asseverat.
3197 3749 3457 3803 Dominus
3506 3746 3651 3799 enim

379 3873 611 3940 ηφάνοις
639 3872 1041 3938 ἀντιτάσσεται,
1063 3873 1206 3926 κατά
1233 3871 1294 3925 τὸ
1321 3871 1728 3942 γεγραμμένον,
1749 3870 1842 3923 καὶ
1863 3869 1956 3923 τῶι

2072 3857 2325 3926 superbis
2352 3853 2580 3918 resistit,
2605 3850 2761 3920 juxta
2805 3849 2858 3902 id
2895 3845 3038 3916 quod
3084 3843 3343 3912 scriptum
3372 3847 3453 3894 est
3487 3837 3554 3899 ¹⁹,
3597 3844 3653 3889 et

382 3963 484 4031 τῆς
515 3963 830 4026 ἀλαζονείας
861 3963 1198 4034 αἱτιαμὰτων
1232 3964 1357 4027 τοὺς
1389 3962 1592 4034 ταύτην
1617 3960 1956 4032 νενοσηκότας

2073 3965 2264 4007 eorum
2309 3949 2400 4020 qui
2440 3946 2770 4018 arrogantia:
2800 3942 2933 3997 vitio
2980 3940 3232 3995 laborant
3261 3933 3425 3990 verba
3460 3931 3652 4001 exigit,

384 4026 690 4124 πράττεται
731 4054 829 4124 μὲν
855 4053 943 4106 ἀεὶ
970 4026 1096 4118 τοὺς
1125 4052 1340 4122 λόγους,
1372 4026 1663 4122 ἀποφαίνει
1694 4051 1750 4104 δὲ
1780 4026 1956 4104 αὐτοὺς

2077 4043 2310 4112 illosque
2339 4041 2568 4096 miseros
2609 4037 2784 4093 reddit
2809 4043 2866 4090 et
2909 4031 3202 4102 proiectos,
3232 4036 3292 4083 ut
3339 4026 3510 4081 sciant
3545 4037 3654 4077 non

383 4147 639 4217 οἰκτροὺς
683 4145 777 4200 καὶ
809 4147 1306 4218 κατερριμμένους,
1343 4146 1420 4210 ὡς
1454 4147 1519 4200 ἂν
1550 4146 1740 4199 εἰδεῖεν
1776 4143 1851 4216 μὴ
1878 4145 1978 4196 ἐπι

381 4238 564 4310 αἱρειν
590 4240 668 4302 εἰς
697 4237 829 4307 ὕψος
858 4237 918 4292 τὺ
955 4238 1145 4309 κέρας,
1179 4237 1319 4291 κατὰ
1342 4237 1405 4292 τὸ
1429 4235 1832 4308 γεγραμμένον·
1866 4228 1978 4286 εἷεν

385 4331 441 4386 δὲ
483 4329 685 4401 μᾶλλον
732 4328 1104 4400 ἐπιγνώμονες
1144 4328 1252 4398 τῆς·
1295 4325 1501 4382 ἑαυτῶν
1538 4310 1756 4398 φύσεώς
1784 4343 1846 4380 τε
1885 4325 1980 4380 καὶ

388 4422 698 4484 ἀσθενείας.
727 4422 896 4475 Ὅταν
924 4421 1053 4492 γὰρ,
1092 4421 1245 4490 φησὶ,
1284 4420 1576 4492 συντελέσῃ
1608 4420 1782 4474 πάντα
1810 4419 1983 4473 ποιῶν

390 4519 448 4568 ἐν
486 4515 564 4586 τῷ
607 4514 721 4584 ὄρει
769 4513 926 4578 Σιὼν,
975 4516 1070 4568 καὶ
1113 4514 1174 4566 ὲν
1213 4510 1590 4584 Ἰερουσαλὴμ,
1633 4510 1778 4564 τοῦτ’
1813 4510 1982 4571 ἐστιν,

391 4609 520 4660 ὅταν
549 4609 632 4669 εἰς
660 4607 811 4669 τέλος
843 4605 1071 4677 ἔρχηται
1099 4603 1170 4658 τὰ
1197 4604 1295 4674 τῆς
1317 4605 1403 4657 ἐπ’
1432 4605 1615 4667 αὐτοῖς
1656 4601 1850 4673 ὀργῆς,
1884 4603 1982 4654 ἐπ-

2089 4150 2212 4192 esse
2242 4133 2540 4190 tollendum
2571 4145 2740 4188 cornu
2774 4129 2826 4182 in
2854 4127 3045 4190 altum,
3073 4121 3235 4178 siculi
3265 4121 3526 4190 scriptum
3551 4124 3654 4180 est,

2079 4227 2296 4298 sintque
2329 4225 2532 4282 conscii
2562 4223 2742 4294 potius
2786 4236 2898 4276 sua:
2931 4218 3172 4289 ipsorum
3222 4221 3430 4268 natura:
3459 4220 3515 4264 et
3563 4207 3651 4261 in-

2083 4297 2379 4373 ﬁrmitatis.
2428 4315 2657 4384 Quando
2721 4314 2889 4377 enim,
2947 4309 3142 4379 inquit,
3195 4297 3660 4360 consummaverit

2083 4409 2263 4467 omnia
2303 4408 2508 4462 faciens
2542 4407 2596 4460 in
2629 4413 2814 4458 monte
2843 4401 2998 4467 Sion,
3028 4409 3085 4456 et
3120 4393 3442 4459 Jerusalem,
3474 4391 3526 4446 id
3552 4398 3658 4451 est,

2085 4516 2208 4557 cum
2237 4501 2332 4556 irae
2355 4500 2408 4555 in
2435 4500 2577 4568 ipsos
2601 4497 2724 4551 ﬁnis
2749 4495 2958 4550 venerit
2983 4510 2996 4547 :
3024 4502 3150 4546 tunc
3173 4488 3394 4543 inducet
3419 4496 3660 4541 manum.

2087 4603 2144 4648 et
2187 4593 2396 4662 virgam
2445 4590 2727 4645 ferientem
2769 4597 3004 4641 mentem
3049 4596 3318 4650 magnam,
3365 4574 3660 4648 principem

612 4659 629 4669 ,
792 4659 808 4669 ,
874 4659 978 4677 ,Μ
1253 4659 1293 4674 ,-
1594 4659 1611 4667 -

392 4700 510 4764 ἀξει
539 4698 659 4752 τότε
697 4696 794 4769 τὴν
826 4699 1003 4769 χεῖρα,
1047 4697 1141 4750 καὶ
1177 4696 1278 4766 τὴν
1318 4695 1724 4750 καταπαίουσαν
1763 4694 1956 4766 ρἀδον

2086 4681 2703 4755 AssyriorumJlentem
2730 4693 2860 4734 vero
2888 4677 3060 4743 ipsum
3081 4672 3360 4744 appellavit
3387 4681 3662 4737 magnam,

394 4794 486 4845 ἐπὶ
523 4792 616 4844 τὸν
645 4791 772 4843 νοῦν
795 4790 886 4843 τὸν
921 4789 1094 4860 μέγαν
1129 4789 1220 4842 τὸν
1249 4789 1487 4860 ἄρχοντα
1513 4787 1623 4841 τῶν
1658 4788 1976 4859 Ἀσσυρίων.

396 4884 538 4936 Νοῦν
563 4883 620 4935 δὲ
648 4883 808 4936 αὑτὸν
837 4881 1144 4935 ἀπεκάλεσε
1171 4880 1364 4951 μέγαν,
1391 4880 1451 4933 οὐ
1482 4879 1618 4950 πρὸς
1657 4878 1881 4932 ἐπαίνου
1922 4877 1984 4932 τὸ

397 4975 586 5044 χρῆμα
612 4972 779 5035 τιθεὶς
811 4969 983 5042 αὐτῷ,
1013 4969 1337 5040 καταψέγων
1365 4969 1422 5023 δὲ
1450 4968 1650 5038 μᾶλλον
1671 5007 1688 5032 ,
1723 4969 1798 5031 ὡς
1832 4967 1984 5021 οὐδὲν

2092 4791 2199 4832 non
2242 4775 2384 4830 laudi
2427 4776 2527 4828 hoc
2553 4773 2776 4827 verbum
2820 4770 2868 4824 ei
2913 4769 3177 4828 tribuens,
3213 4765 3307 4820 sed
3353 4761 3488 4814 vitio
3530 4759 3664 4812 dans

2089 4869 2292 4939 potius,
2328 4868 2526 4938 quippe
2571 4865 2664 4935 qui
2709 4861 2844 4917 nihil
2892 4860 3035 4914 aliud
3075 4859 3147 4912 sit
3195 4869 3360 4926 quam
3410 4848 3663 4920 superbia

2094 4964 2205 5017 Deo
2235 4975 2424 5016 exosa.
2467 4958 2612 5014 Nihil
2644 4956 2789 5012 enim
2815 4957 2882 5010 de
2911 4970 2970 5008 se
2995 4951 3167 5008 sensit.
3196 4948 3533 5009 humanitus,
3563 4942 3680 5020 sed.

2092 5070 2217 5124 qua:
2252 5067 2470 5108 omnem
2500 5060 2747 5106 naturam
2771 5046 3054 5103 mortalem
3086 5042 3354 5098 excedunt
3386 5049 3440 5094 et
3473 5051 3664 5106 super-

397 5063 583 5133 ἕτερον
600 5062 729 5115 ὄντα
755 5061 893 5130 πλὴν
917 5063 1000 5114 ὃτι
1018 5059 1176 5131 μόνον
1193 5059 1491 5130 ὑπεροψίαν
1512 5059 1608 5131 τὴν
1627 5060 1873 5130 θεομισῆ.
1888 5060 1990 5112 Πε·

401 5125 641 5225 φρύνηκε
672 5153 783 5227 γὰρ
815 5125 1154 5225 ἀνθρώπινον
1187 5153 1286 5225 μὲν
1305 5125 1481 5206 οὐδέν*
1517 5125 1618 5206 ὅσα
1643 5152 1701 5205 δὲ
1723 5125 1952 5221 *καὶ-τάχ

2090 5146 2351 5209 eminent,
2403 5143 2680 5215 cogitavit.
2732 5139 2954 5194 lnducet
3001 5135 3164 5206 igitur
3206 5144 3368 5202 super
3394 5125 3670 5184 celsitudi-

404 5247 499 5298 καὶ
531 5248 714 5299 πᾶσαν
746 5248 842 5314 τὴν
871 5245 1106 5316 γενητὴν
1145 5244 1512 5316 ὑπερνήχεται
1559 5242 1739 5312 φύσιν.
1771 5243 1956 5308 Ἐπὰξε

2091 5253 2212 5293 nem
2256 5235 2442 5307 gloriae
2471 5235 2750 5289 oculorum
2785 5230 2942 5298 ejus.’
2968 5227 3260 5284 Oculorum
3311 5235 3438 5278 vero
3470 5219 3560 5274 hic
3590 5216 3668 5270 di-

404 5339 596 5408 τοίνυν,
616 5339 708 5389 ἐπὶ
722 5337 784 5390 τι
802 5310 935 5406 ὕψος
952 5310 1048 5408 ei};
1063 5310 1224 5406 δόξης
1240 5310 1668 5406 ⁷ἀιίιθοιλμῶν
1687 5335 1871 5389 αὐτοῦ·
1895 5337 1956 5405 ὀιις

2088 5331 2185 5395 cit,
2231 5344 2329 5398 pro
2371 5327 2690 5396 opinionum
2745 5338 2842 5378 seu
2879 5319 3296 5391 cogitationum.
3342 5313 3480 5369 Altae
3520 5310 3667 5365 enim

407 5427 630 5498 θαλμῶν
643 5429 700 5481 δέ
714 5446 878 5498 φησιν
900 5432 957 5482 ὲν
977 5427 1206 5491 τούτοις,
1229 5426 1350 5480 ἀντὶ
1363 5425 1458 5478 τοῦ
1475 5425 1584 5478 τῶν
1609 5425 1846 5490 ἐννοιῶν,
1867 5427 1956 5496 ﬂre

2091 5432 2218 5479 sunt
2245 5421 2368 5485 illae,
2401 5428 2460 5474 ut
2487 5418 2620 5483 dixi,
2648 5427 2702 5472 et
2749 5412 3105 5486 praetumidae.
3149 5409 3295 5464 Deus
3335 5414 3514 5459 autem
3543 5416 3666 5456 cum

409 5495 524 5572 τῶν
551 5495 971 5592 ἐνθυμημάτων.
1011 5517 1224 5589 Ὑψηλά
1242 5517 1373 5590 γὰρ,
1402 5517 1478 5580 ὡς
1503 5517 1660 5588 ἔφην,
1698 5517 1791 5571 καὶ
1823 5495 1956 5588 ὺπέρ

2090 5516 2163 5572 sit
2204 5515 2297 5586 qui
2343 5528 2436 5570 cor
2472 5509 2782 5581 introspicit
2819 5517 2874 5564 et
2914 5521 3096 5572 renes,
3143 5512 3198 5558 et
3240 5499 3330 5570 qui
3377 5495 3670 5568 perlustrat

410 5625 550 5677 ογκα
580 5583 925 5672 muniﬁco;
959 5609 1015 5662 δὲ
1049 5583 1334 5679 ὑπάρχων,
1360 5583 1459 5661 καὶ
1491 5583 1570 5671 εἰς
1595 5583 1823 5678 καρδίαν
1849 5583 1956 5678 ὁρῶ

2090 5583 2322 5674 occulta,
2342 5606 2496 5661 nobis
2515 5605 2678 5660 etiam
2707 5601 2796 5658 illa
2825 5600 2983 5670 plane
3009 5599 3369 5657 demonstrat,
3393 5597 3448 5643 et
3472 5583 3665 5654 inquit.

417 5701 508 5752 καὶ
533 5701 786 5770 νεφροὺς,
815 5698 966 5762 εἰδώς
988 5716 1047 5752 τε
1073 5699 1141 5752 τὰ
1165 5699 1543 5772 κεκρυμμένα,
1576 5701 1669 5754 καὶ⁴
1699 5702 1830 5772 ἡμῖν
1852 5702 1953 5755 αύτ

2095 5699 2238 5758 Dixit
2274 5701 2416 5757 enim
2445 5713 2460 5754 :
2493 5699 2547 5755 In
2587 5694 2901 5756 fortitudine
2949 5690 3168 5758 faciam,
3199 5697 3254 5744 et
3282 5679 3550 5755 sapientia
3582 5677 3669 5732 iu-

493 5856 553 5885 ”'
580 5855 703 5910 Osc.
737 5871 810 5922 II,
841 5856 900 5912 8.-
974 5859 1012 5890 ί⁹
1044 5854 1160 5916 Jac.
1183 5823 1262 5924 tv,
1297 5856 1329 5911 6
