4152 6366
523 371 634 429 987

1518 378 1575 435 S.
1618 378 1892 434 CYBILLI
1933 379 2401 435 ALEXANDRINI
2443 381 2764 437 AllCllll‘IP.

3673 387 3777 442 288

526 487 832 561 telligentia:
861 491 1044 547 tollam
1099 495 1339 563 gentium
1390 495 1672 557 terminos,
1717 505 1772 552 et
1809 499 1973 551 robur
2001 514 2089 552 ea-

2197 499 2514 570 καθίστησιν
2547 501 2770 572 ἐναργῆ,
2817 501 2911 554 καί
2946 519 3130 570 φησιν.
3183 496 3318 554 Εἷπε
3359 501 3484 572 γάρ·
3527 501 3605 571 Τῇ
3634 493 3778 571 ίσχύῖ

525 594 644 633 rum
689 580 1078 650 depraedabor,
1122 595 1178 640 et
1224 586 1524 641 deturbabo
1581 589 1741 643 urbes
1794 590 2084 645 habitatas.

523 665 762 723 Observa
791 671 952 741 igitur
973 674 1242 741 quomodo
1269 675 1426 744 quasi
1460 677 1662 732 auxilio
1696 693 1934 747 superno
1981 695 2090 734 non

521 774 707 828 egens,
737 762 849 816 suis
893 764 1062 832 ipsius
1086 765 1291 819 viribus
1323 764 1453 820 solis
1493 767 1744 824 incensus
1792 770 1885 835 sit,
1931 772 2087 838 quasi

524 853 706 908 omnia
741 870 862 924 qua:
895 854 1047 920 Velit,
1091 864 1272 923 posset
1324 855 1507 913 facere
1541 875 1554 912 :
1609 874 1778 929 seque
1811 860 1948 916 adeo
1999 877 2090 917 sa-

526 945 759 1014 pientem
809 945 922 1000 fore
954 954 1006 1000 et
1058 947 1134 1001 rei
1185 947 1441 1003 militaris
1486 949 1771 1015 scientem,
1814 961 1870 1005 ut
1917 953 1983 1007 ad
2033 968 2093 1008 se

527 1037 787 1091 terminos
839 1037 1078 1106 gentium
1131 1037 1433 1094 transferre
1485 1040 1762 1103 facillime,
1813 1051 1867 1096 et
1903 1057 2091 1097 earum

522 1125 815 1192 potentiam
851 1124 1216 1196 perfringere,
1245 1139 1299 1181 et
1345 1130 1670 1198 depretiari,
1704 1142 1758 1184 et
1793 1133 1954 1187 urbes
1994 1133 2094 1187 im-

521 1215 686 1270 belles
721 1215 1070 1285 desertasque
1097 1227 1280 1286 posset
1307 1229 1638 1275 concutere:
1680 1223 1896 1278 etiamsi
1939 1239 2103 1278 οοιηε

520 1303 702 1374 plures
729 1315 785 1361 et
826 1306 1250 1365 innumerabiles
1287 1312 1494 1368 incolas
1538 1314 1790 1369 habeant.
1833 1316 1939 1371 Sed
1985 1334 2091 1372 non

522 1398 610 1454 hic
635 1398 790 1454 bazsit
819 1398 934 1468 ejus
958 1405 1286 1472 arrogantia.
1320 1402 1494 1460 lactat
1525 1408 1668 1461 enim
1699 1424 1757 1462 se
1780 1410 2090 1464 universum

521 1490 710 1544 orbem
742 1499 1013 1548 terrarum
1049 1507 1508 1565 expugnaturum,
1541 1498 1703 1568 idque
1735 1499 2008 1565 liacillitne,
2039 1510 2096 1555 et

522 1592 769 1651 prompte
793 1592 846 1638 et
895 1585 1028 1639 citra
1063 1603 1292 1658 pugnam
1327 1603 1388 1643 se
1431 1591 1698 1644 facturum
1737 1593 1997 1658 decernit,
2029 1607 2094 1646 ac

523 1675 827 1739 constituit,
847 1681 1310 1744 quantumanitno
1327 1683 1540 1750 quidem
1568 1694 1801 1752 reputat.
1831 1683 2094 1752 Compre-

525 1765 754 1818 bcndam
785 1768 946 1839 176
959 1770 1100 1824 enim
1128 1780 1296 1826 totum
1315 1774 1498 1828 orbem
1525 1785 1700 1839 terrae,
1720 1775 1862 1828 velut
1883 1775 2088 1837 nidum,

2195 591 2426 660 ποιήσω,
2487 594 2581 645 καὶ
2622 595 2688 662 τῇ
2737 593 2900 664 σοφίᾳ
2945 594 3046 664 τῆς
3101 594 3368 655 συνέσεως
3421 591 3606 660 ἀφελῶ
3653 592 3776 662 ὅρια

2195 681 2385 746 ἐθνῶν,
2428 683 2523 735 καὶ
2551 682 2650 752 τὴν
2688 684 2840 752 ἰσχὺν
2867 683 3046 736 αὑτῶν
3081 682 3457 752 προνομεύσω,
3487 683 3579 735 καὶ
3611 681 3776 736 σείσω

2193 777 2377 840 πόλεις
2418 774 2867 844 κατοικουμένας.
2911 773 3102 845 Ἀθρει
3140 773 3203 844 δὴ
3238 769 3330 826 οὖν
3359 773 3526 834 ὅπως,
3570 774 3646 836 ὡς
3674 774 3774 842 τῆς

2196 866 2402 921 ἄνωθεν
2435 865 2753 935 ἐπικουρίας
2781 864 2842 916 οὑ
2866 863 3016 934 δεδεη
3027 863 3206 932 μένος,
3241 865 3360 925 ταῖς
3383 863 3574 916 ἐαυτοῦ
3608 863 3770 916 δυνά·
3801 931 3806 942 Δ

2198 973 2354 1028 μεσιν
2399 955 2630 1010 ἀνάπτει
2660 955 2847 1025 μόναις
2880 955 2940 1006 τὸ
2975 956 3152 1008 πάντα
3176 953 3433 1007 δύνασθαι
3471 955 3620 1024 δρᾷν,
3647 955 3774 1007 ὃσα-

2194 1065 2300 1120 περ
2325 1047 2389 1102 ἂν
2416 1047 2673 1117 βούλοιτο·
2709 1046 2880 1099 οἴεται
2903 1046 2960 1099 δέ
2983 1046 3063 1098 ὅτι
3087 1047 3181 1099 καὶ
3221 1045 3380 1113 σοφὸς
3405 1043 3575 1104 οὑτως
3601 1044 3771 1109 ἐστὶν,

2194 1141 2288 1194 καὶ
2313 1138 2690 1210 στρατηγικὸς,
2721 1138 2796 1200 ὡς
2829 1136 2923 1190 καὶ
2948 1136 3092 1207 μάλα
3122 1135 3316 1206 ῥαδίως
3351 1134 3437 1203 ἐφ’
3462 1133 3652 1186 ἑαυτὸν
3680 1133 3773 1185 δύ-

2194 1230 2390 1284 νασθαι
2427 1229 2686 1300 μεθιστᾷν
2726 1227 2794 1282 τά
2835 1228 2958 1300 ὅρια
2987 1226 3095 1279 τῶν
3153 1225 3342 1291 ἐθνῶν,
3372 1223 3767 1296 διαῤῥηγνῦναί

2192 1340 2254 1376 τε
2293 1322 2474 1376 αὑτῶν
2499 1320 2598 1392 τὴν
2627 1322 2802 1390 ίσχὺν,
2837 1320 2932 1374 καὶ
2968 1320 3025 1372 ἐν
3056 1320 3298 1388 προνομῇ
3344 1316 3638 1376 ποιεῖσθαι,
3681 1315 3774 1368 καὶ

2193 1413 2503 1471 κατασείειν
2545 1411 2747 1478 πόλεις,
2776 1412 2874 1465 οὑκ
2908 1409 3201 1481 ἀνάνδρους
3245 1408 3336 1462 καὶ
3375 1407 3772 1479 ἠρημωμένας,

2193 1507 2307 1560 ἀλλ’
2359 1507 2407 1558 εί
2469 1505 2564 1560 καὶ
2616 1503 2902 1566 πλείστους
2959 1504 3154 1566 ὅσους,
3217 1500 3312 1554 καὶ
3370 1499 3774 1570 ἀναριθμήτους

2193 1599 2364 1669 ἔχοιεν
2401 1598 2526 1661 τοὺς
2570 1595 2960 1657 κατοικοῦντας
3014 1595 3072 1645 ἐν
3111 1594 3318 1655 αὑταῖς.
3354 1591 3465 1644 Καὶ
3507 1591 3568 1643 οὑ
3611 1591 3790 1660 μέχρι.

2191 1691 2397 1743 τούτων
2438 1691 2508 1742 τὰ
2540 1689 2638 1758 τῆς
2664 1687 2976 1752 ἀλαζονείας
3007 1685 3176 1755 αὑτῷ.
3209 1683 3625 1754 Περιαυτίζεται
3663 1683 3790 1753 γὰρ(

2193 1782 2288 1835 καὶ
2319 1782 2536 1850 ἀπάσης
2576 1781 2658 1833 ὅτι
2698 1775 3099 1847 καταδράξηται
3139 1776 3236 1844 τῆς
3270 1774 3360 1826 ὑπ’
3384 1773 3630 1842 οὐρανὸν,
3678 1774 3773 1825 καὶ

521 1865 576 1909 et
604 1855 749 1910 velut
773 1861 1027 1915 derelicta
1055 1879 1154 1916 ova
1183 1864 1391 1930 Iollam,
1420 1875 1474 1920 et
1511 1882 1614 1920 non
1646 1868 1846 1936 estqui
1874 1867 2092 1937 tﬂ‘ugiat

2197 1873 2307 1926 λίαν
2329 1873 2584 1934 εὐκόλως,
2613 1871 2844 1939 ἑτοίμως
2880 1885 2938 1920 τε
2974 1867 3065 1920 καὶ
3099 1865 3299 1935 ἀμαχεὶ
3327 1865 3650 1917 διατέθειται
3681 1864 3774 1916 καὶ

524 1947 607 1999 vel
638 1948 853 2002 resistat
881 1951 1032 2006 mihi.
1069 1953 1124 2009 0
1150 1955 1414 2024 insignem
1447 1959 1778 2027 superbiam,
1814 1974 1846 2012 ο
1886 1963 2092 2028 COgila-

525 2038 698 2094 tiones
722 2041 914 2098 stultas
948 2043 961 2098 ί
993 2047 1147 2114 quasi
1183 2049 1341 2102 unius
1384 2049 1676 2118 passerculi
1728 2049 1889 2105 nidus
1921 2061 2092 2116 esset,

525 2135 775 2191 universa
823 2137 938 2191 base
985 2137 1257 2206 machina,
1306 2139 1377 2193 ita
1419 2155 1538 2194 eam
1575 2142 1930 2196 considerat:
1978 2142 2094 2198 ovis

525 2225 732 2282 relictis
765 2228 832 2282 ab
862 2228 1049 2285 altrice
1073 2245 1196 2296 ave,
1223 2231 1391 2286 totius
1418 2241 1580 2286 terras
1613 2232 1823 2288 incolas
1850 2234 2088 2301 confert,

523 2325 583 2370 nt
613 2317 765 2386 quasi
796 2317 962 2374 draco
1007 2321 1227 2374 invadat
1267 2331 1322 2375 et
1362 2321 1679 2388 absorbeat,
1712 2325 1933 2392 oditque
1965 2340 2096 2378 con-

523 2407 873 2474 tradicentes,
919 2411 1136 2473 nedum,
1184 2419 1242 2464 ut
1293 2410 1374 2466 sic
1429 2413 1628 2478 dicam,
1682 2421 1982 2483 exspectat,
2036 2423 2096 2468 ut

521 2495 728 2553 obsessi
769 2514 952 2554 set-um
987 2501 1038 2554 in
1073 2501 1399 2571 colloquium
1430 2503 1828 2560 veniant..ﬂtec
1868 2508 1933 2560 ad
1975 2522 2099 2576 per-

521 2603 710 2643 sonam
764 2589 932 2659 ipsius
995 2590 1210 2647 Satanae
1260 2607 1484 2663 quoque
1531 2593 1734 2650 referri
1779 2598 1956 2653 decet.
2007 2599 2097 2653 Est

520 2685 666 2738 enim
708 2683 797 2740 ille
826 2694 978 2754 pater
1006 2687 1274 2756 superbiae
1300 2704 1313 2740 :
1343 2699 1605 2758 putatque
1640 2706 1700 2744 se
1732 2691 1916 2745 orbem
1949 2707 2098 2744 cout-

521 2775 937 2844 prehensurunt,
973 2779 1120 2834 nullo
1147 2785 1618 2836 contraveniente.
1649 2781 1719 2835 At
1753 2797 1838 2836 res
1863 2797 1967 2836 non
2019 2783 2097 2837 sic

521 2865 739 2920 demum
782 2870 913 2932 abit,
965 2871 1074 2924 imo
1117 2873 1300 2926 evenit
1333 2872 1405 2926 illi
1461 2873 1528 2928 ad
1575 2883 1876 2929 extremum
1921 2874 2096 2927 exitus

525 2971 707 3012 rerum
739 2960 896 3032 longe
922 2963 1245 3020 contrarius.
1273 2965 1485 3021 Etenim
1511 2966 1833 3021 contradixit
1870 2982 1967 3034 pro
1992 2981 2092 3019 no-

523 3049 607 3104 bis
639 3050 906 3118 Christus,
935 3070 1034 3110 nec
1063 3057 1392 3111 contradixit
1421 3058 1616 3119 solum,
1657 3059 1750 3111 sed
1776 3069 1831 3111 et
1861 3073 1956 3125 pro
1985 3060 2092 3110 vita

531 3141 775 3195 omnium
829 3144 881 3197 itt
927 3154 1198 3200 certamen
1230 3149 1529 3212 descendit,
1557 3159 1612 3202 ct
1650 3149 1920 3204 exitialem
1949 3149 2093 3201 illtun

523 3232 674 3299 vicit,
722 3235 1054 3306 pedibusque
1099 3249 1410 3294 sanctorum
1441 3241 1784 3306 substravit:
1811 3256 1931 3293 nam
1962 3240 2095 3294 dixit

523 3323 650 3379 eis:
692 3341 711 3375 t
752 3325 888 3381 Ecce
930 3328 1049 3382 dedi
1087 3330 1246 3384 vobis
1289 3329 1601 3384 facultatem
1645 3330 1886 3384 calcaudi
1935 3347 2094 3398 super

525 3427 807 3486 serpentes
850 3430 904 3473 et
935 3423 1266 3492 scorpiones,
1305 3432 1359 3478 et
1396 3437 1557 3492 supra
1607 3437 1823 3478 onmem
1861 3433 2094 3493 potesta-

528 3517 634 3564 tem
659 3509 860 3566 inimici
890 3515 958 3565 ³ο.
1001 3532 1034 3578 ι,

2193 1967 2379 2035 φρονεῖ
2405 1963 2545 2017 κατά
2572 1979 2634 2030 γε
2664 1961 2723 2013 τὸ
2749 1960 2826 2021 είς
2858 1957 2980 2010 νοῦν
3005 1953 3136 2028 ἧκον
3169 1955 3336 2025 αὐτῷ.
3375 1955 3792 2024 Καταλήψομαι,

2191 2057 2321 2125 γὰρ,
2358 2054 2520 2125 φησὶ,
2546 2054 2645 2123 τὴν
2677 2050 2998 2121 οἰκουμένην
3031 2049 3157 2119 ὃλην
3188 2048 3261 2110 ῶς
3295 2048 3534 2106 νοσσιὰν,
3575 2045 3773 2108 καὶ’ὡς

2192 2145 2659 2216 καταλελειμμένα
2694 2142 2776 2196 tbi
2802 2141 2940 2213 ἀρῶ,
2979 2141 3072 2193 καὶ
3099 2140 3198 2191 οὑκ
3220 2138 3363 2190 ἔστιν
3402 2136 3460 2200 ὃς
3492 2137 3773 2204 διαφεύξε-

2192 2239 2281 2294 ταί
2317 2256 2406 2308 με.
2442 2237 2475 2308 ἦ
2505 2235 2734 2306 ἀντείπῃ
2767 2251 2876 2304 μοι.
2917 2233 2981 2284 Ὢ
3011 2231 3189 2300 δεινῆς
3234 2228 3556 2299 ὑπεροψίας,
3607 2227 3651 2279 ῶ
3692 2227 3775 2280 λο-

2193 2330 2409 2400 γισμῶν
2455 2326 2761 2382 ἀσυνέτωνί
2816 2325 2902 2386 Ὠς
2951 2322 3068 2386 ἐνὸς
3117 2321 3396 2392 στρουθίου
3443 2320 3636 2374 καλιὰν
3673 2319 3790 2388 τὴν-

2196 2420 2487 2489 σύμπασαν
2540 2417 2748 2488 βλέπει,
2790 2415 2915 2476 diei;
2962 2411 3479 2482 καταλελειμμένοις
3529 2409 3632 2463 ὑπὸ
3672 2409 3774 2477 τῆς

2195 2508 2502 2578 θαλπούσης
2547 2505 2756 2578 ὄρνιθος
2799 2503 3123 2574 παρεικάζει
3166 2504 3292 2563 τοὺς
3323 2500 3426 2554 ἀνὰ
3463 2502 3646 2552 πᾶσαν
3675 2497 3772 2568 τὴν

2194 2602 2317 2671 γῆν,
2347 2599 2412 2652 ’ἔν’
2436 2599 2510 2659 ὡς
2534 2597 2748 2668 δράκων
2779 2591 3018 2648 ἐπελθὼν
3072 2592 3333 2664 καταπίῃ.
3367 2593 3530 2646 Μισεῖ
3551 2590 3608 2642 δὲ
3637 2589 3766 2650 τοῦς

2195 2693 2596 2760 ἀντιλέγοντας,
2627 2690 2722 2742 καὶ
2765 2687 2872 2741 οὐδ’
2898 2687 3021 2739 ὅσον
3062 2687 3234 2738 εἰπεῖν
3275 2686 3352 2748 είς
3389 2683 3580 2751 λόγους
3621 2681 3784 2750 ἥξεινι

2194 2784 2342 2854 αὑτῷ
2373 2769 2654 2854 προσδοκᾷ
2675 2781 2799 2843 τοὺς
2835 2777 3348 2852 πολιορκουμένους.
3368 2776 3537 2828 Ταυτὶ
3567 2774 3780 2844 πρέποι,

2195 2877 2260 2932 ἂν
2280 2877 2372 2930 καὶ
2391 2876 2469 2936 είς
2490 2874 2550 2926 τὸ
2601 2871 2769 2926 αὑτοῦ
2797 2871 3084 2943 πρόσωπον
3110 2868 3399 2939 ἀναφέρειν
3420 2865 3513 2919 τοῦ
3538 2866 3768 2918 Σατανᾶ.

2197 2968 2305 3022 Καὶ
2331 2968 2436 3036 γάρ
2460 2968 2606 3019 ἐστιν
2637 2963 2799 3026 αὐτὸς
2823 2965 2852 3017 ὁ
2883 2964 2980 3034 τῆς
3011 2961 3390 3033 ὑπερηφανίας
3413 2960 3616 3028 πατήρ.
3649 2956 3773 3028 ’ῼή-

2196 3058 2262 3128 θη
2288 3058 2342 3110 δέ
2371 3058 2453 3110 ὅτι
2483 3055 2855 3126 καταλήψεται
2900 3055 2998 3123 τὴν
3039 3050 3362 3120 οἰκουμένην
3389 3049 3774 3118 ἀντιπρᾶττον.-

2196 3167 2285 3214 τος
2312 3147 2545 3212 οὐδενός.
2600 3146 2736 3199 Ἀλλ’
2760 3146 2859 3216 οὑχ
2893 3143 3035 3198 οὑτω
3060 3143 3242 3196 ποθένο
3266 3141 3531 3212 ἐκϐέϐηκε
3557 3140 3613 3192 δὲ
3639 3139 3775 3209 μᾶλ-

2205 3242 2294 3294 λον
2341 3238 2490 3310 αὐτῷ
2539 3239 2672 3306 πρὸς
2723 3239 2832 3290 πᾶν
2871 3235 3176 3290 τούναντίον
3214 3234 3320 3288 τῶν
3349 3233 3686 3304 πραγμάτων
3715 3230 3776 3282 τδ

2201 3332 2394 3404 πέρας.
2452 3331 2766 3401 Ἀντείρηκε
2809 3329 2916 3399 γὰρ
2947 3327 3086 3398 ὑπὲρ
3125 3327 3280 3397 ἡμῶν
3322 3325 3350 3377 ὁ
3395 3322 3646 3394 Χριστός
3683 3322 3776 3373 κσζι

2198 3424 2300 3478 οὐκ
2364 3423 2651 3493 ἀντείρηκε
2706 3421 2898 3492 μόνον,
2948 3419 3083 3473 ἀλλά
3137 3419 3230 3472 καὶ
3272 3415 3613 3487 ὑπερήθλησε
3677 3414 3776 3482 τῆς

2198 3514 2450 3569 ἁπάντων
2512 3511 2678 3583 ζωῆς,
2723 3513 2973 3582 νενίκηκε
3025 3511 3115 3563 τὸν
3173 3509 3486 3580 ἀλητήριον,
3528 3507 3620 3558 καὶ
3665 3506 3776 3566 τοῖς

525 3600 636 3654 τῶν
696 3603 864 3672 ἁγίων
928 3605 1243 3678 ὑπέστρωσε
1299 3608 1474 3662 ποσίν.
1530 3611 1674 3680 Ἔφη
1736 3609 1844 3681 γὰρ
1889 3610 2112 3674 αὐτοῖς*
2159 3627 2176 3658 ι
2237 3608 2366 3660 ’1δοὺ
2399 3606 2605 3660 δέδωκα
2645 3607 2774 3676 ὑμῖν
2848 3603 3096 3668 ἐξουσίαν
3140 3603 3328 3655 πατεῖν
3368 3600 3550 3653 ἐπάνω
3599 3596 3777 3664 ὄφεων

528 3693 622 3747 καὶ
679 3694 972 3765 σκορπίων,
1031 3699 1125 3751 καὶ
1185 3700 1277 3753 ἐπὶ
1339 3703 1517 3755 πᾶσαν
1570 3702 1668 3774 τὴν
1725 3702 1953 3773 δύναμιν
2007 3704 2101 3755 τοῦ
2141 3700 2354 3772 ἐχθροῦ.
2396 3719 2414 3752 ι

601 3782 762 3842 Vens.
801 3786 889 3853 15,
939 3791 1026 3845 lli.
1063 3789 1208 3844 Num
1249 3792 1565 3861 gloriabitur
1604 3796 1800 3848 securis
1849 3797 1963 3850 sine
2001 3795 2092 3848 illo

526 3879 617 3948 qui
646 3887 778 3932 secet
812 3882 912 3936 ea?
940 3899 1065 3935 num
1092 3883 1364 3938 attolletur
1393 3903 1539 3940 serra
1573 3887 1684 3941 sine
1721 3905 1782 3941 eo
1814 3888 1904 3957 qui
1931 3890 2096 3941 trahit

526 3972 681 4025 eam?
711 3970 966 4027 Similiter
1006 3975 1055 4028 si
1087 3976 1204 4046 quis
1255 3976 1492 4032 (enaverit
1532 3980 1731 4049 virgam
1764 3980 1841 4035 uel
1866 3980 2095 4050 lignum,

529 4077 697 4116 nonne
736 4063 860 4118 sic?
887 4065 992 4119 Sed
1033 4069 1226 4122 emittet
1279 4069 1536 4123 Dominus
1578 4068 1812 4124 Sabaoth
1849 4072 1904 4126 in
1951 4083 2098 4124 tuum

527 4149 775 4206 honorent
813 4154 1179 4224 ignominiam,
1220 4169 1269 4212 et
1317 4160 1370 4213 in
1396 4169 1557 4229 .tuam
1589 4159 1813 4230 gloriam
1845 4161 1978 4232 ignis
2010 4179 2098 4215 ar-

526 4241 654 4297 dens
677 4244 999 4301 incendetur.

595 4334 794 4404 Aperte
819 4339 1092 4410 redarguit
1114 4339 1398 4412 Assyrium
1427 4353 1483 4396 et
1513 4349 1716 4398 temere
1743 4342 2009 4406 inﬂatum,
2041 4351 2095 4398 et

526 4431 752 4497 prorsus
796 4429 1039 4500 ignarum
1063 4435 1202 4500 quod
1241 4448 1346 4487 non
1380 4449 1572 4490 manus
1602 4436 1720 4504 ejus
1755 4451 1890 4504 opus
1922 4433 2090 4489 fuerit

2271 3795 2365 3860 Mi;
2393 3790 2834 3857 δοξασθήσεται
2878 3789 3059 3856 ἀξίνη
3101 3787 3246 3841 ἄνευ
3296 3784 3400 3839 τοῦ
3449 3783 3774 3847 κόπτοντος

2193 3886 2262 3939 ἐν
2287 3883 2474 3952 abtﬁ;
2500 3885 2563 3937 Ἣ
2585 3883 2967 3951 ὑψωθήσεται
2992 3881 3179 3949 πρίων
3200 3879 3346 3931 ἄνευ
3368 3875 3472 3929 τοῦ
3493 3875 3778 3939 ἕλκοντος

2194 3978 2414 4040 αὑτόν;
2454 3976 2751 4039 Ὡσαύτως
2767 3974 2875 4026 ἐάν
2896 3991 2986 4036 τις
3007 3971 3116 4039 (ipa)
3132 3969 3358 4038 ῥάϐδον
3377 3967 3411 4034 ἣ
3431 3967 3636 4030 {fusior
3665 3969 3777 4034 οὺχ

2195 4069 2413 4135 οὕτως,
2447 4069 2582 4122 ἀλλ’
2629 4065 2958 4121 ἀποστελεῖ
2997 4066 3211 4131 Κύριος
3249 4059 3489 4114 Σαϐαὼθ
3537 4060 3623 4123 εἰς
3664 4055 3780 4123 τὴν

2196 4162 2321 4229 σὴν
2356 4159 2532 4229 τιμὴν
2568 4159 2828 4228 ἀτιμίαν,
2869 4157 2968 4210 καὶ
2999 4159 3085 4223 είς
3117 4154 3231 4223 τὴν
3272 4154 3396 4221 σὴν
3429 4151 3616 4216 δόξαν
3659 4149 3778 4216 πῦρ

2202 4254 2516 4320 καιόμενον
2547 4251 2930 4316 καυθήσεται.

2271 4344 2544 4414 Διελέγχει
2575 4342 2760 4410 σαφῶς
2792 4344 2883 4394 τὸν
2916 4339 3219 4411 Ἀσσύριον,
3263 4337 3384 4407 εἰκῆ
3405 4353 3463 4389 τε
3491 4335 3780 4405 ἀναφυσώ-

2206 4453 2386 4506 μενον,
2417 4436 2512 4488 καὶ
2541 4433 2848 4504 ἠγνοηκότα
2877 4431 3178 4493 παντελῶς,
3207 4429 3281 4492 ὡς
3307 4430 3507 4498 ἥκιστα
3557 4427 3654 4497 μὲν
3679 4425 3779 4494 τῆς

528 4520 832 4576 Samariam
881 4525 1129 4592 perdere,
1182 4535 1237 4580 et
1287 4541 1392 4582 una
1449 4543 1570 4582 cum
1619 4543 1680 4582 ea
1711 4528 1848 4582 alias
1882 4543 2094 4598 quoque

2203 4528 2367 4582 αὑτοῦ
2411 4527 2592 4598 χειρὸς
2630 4526 2791 4597 ἔργον
2834 4525 3024 4593 γέγονε
3071 4523 3131 4576 τὸ
3160 4522 3417 4574 ἀπολέσαι
3465 4520 3561 4589 τὴν
3597 4519 3775 4587 Σαμτέι-⁴

528 4616 692 4670 urbes
721 4631 934 4685 capere,
958 4617 1052 4673 sed
1075 4617 1251 4686 potius
1283 4617 1560 4674 decretum
1588 4636 1921 4690 suprenuun,
1956 4621 2097 4690 quod

528 4706 597 4763 iis
645 4709 735 4778 qui
794 4709 1208 4765 intolerabiliter
1249 4720 1376 4766 sunt
1419 4712 1590 4781 impii,
1658 4728 1756 4769 ceu
1811 4714 2096 4779 bipennem

528 4801 839 4867 quamdam,
887 4802 972 4857 vel
1024 4802 1231 4874 virgam
1261 4842 1277 4868 ,
1325 4805 1409 4859 vel
1457 4805 1662 4870 lignum
1711 4804 1894 4859 infert.
1947 4806 2093 4859 Cedo

528 4893 672 4946 enim
709 4894 864 4961 mihi,
912 4895 1108 4963 inquit,
1152 4911 1185 4951 ο
1227 4895 1602 4952 amentissime
1631 4897 1869 4950 omnium
1904 4900 1916 4949 !
1969 4913 2094 4950 num

530 4983 741 5038 securis
767 4984 1085 5055 gloriabitur
1117 4986 1234 5042 sine
1268 4987 1360 5042 illo
1387 4989 1480 5056 qui
1532 4997 1677 5042 secet
1711 4987 1811 5040 ea?
1843 4987 2096 5054 Bipenuis

525 5075 674 5126 enim
705 5073 750 5129 si
782 5077 982 5145 Optime
1011 5087 1324 5140 exacuatur,
1352 5079 1701 5132 accommoda
1739 5087 1822 5132 est
1851 5081 1916 5130 ad
1953 5077 2099 5146 ligna

495 5153 498 5158 ’
533 5163 649 5230 agri
673 5164 1028 5222 detondenda.
1065 5167 1200 5223 Num
1233 5169 1397 5239 igitur
1445 5169 1682 5223 laudabit
1719 5169 1862 5236 quis,
1899 5170 2100 5237 inquit,

534 5253 788 5319 securim,
827 5259 978 5323 quasi
1009 5259 1110 5312 ltoc
1145 5271 1404 5326 pratstare
1439 5261 1643 5329 abSque
1677 5260 1951 5314 incidente
1974 5272 2100 5313 cum

535 5357 600 5394 ea
628 5343 840 5398 valeat?
891 5347 1051 5402 Serra
1102 5365 1197 5420 per
1254 5367 1313 5406 se
1361 5353 1490 5422 quid
1542 5352 1760 5416 clIiciet,
1817 5351 1919 5405 nisi
1978 5351 2101 5420 quis

539 5430 765 5483 traxerit
809 5432 976 5495 illam,
1021 5452 1086 5491 ac
1123 5454 1334 5494 rurSum
1373 5441 1673 5510 depulerit?
1719 5441 1774 5496 Si
1823 5457 1950 5496 vero
1983 5440 2104 5509 quis

537 5530 728 5573 contra
753 5523 1109 5596 quodcunque
1155 5545 1248 5584 seu
1285 5532 1507 5600 virgam.
1536 5548 1626 5587 seu
1661 5533 1864 5602 lignum
1900 5533 2101 5598 elevet,

544 5623 722 5663 annon
752 5627 964 5666 rursum
999 5617 1076 5672 sic
1099 5619 1243 5674 erit?
1270 5619 1480 5678 iacebit
1509 5623 1650 5678 enim
1677 5625 1824 5692 Virga
1849 5624 1902 5679 in
1932 5635 2100 5690 terra.

616 5764 660 5795 '°
691 5762 818 5821 Luc.
850 5783 902 5833 κ,
931 5767 1010 5822 ib.

2205 4637 2376 4691 ρειαν,
2403 4620 2540 4670 ἐλεῖν
2560 4618 2615 4669 δὲ
2638 4618 2732 4668 σὺν
2759 4618 2898 4687 αὑτῇ
2925 4618 3017 4668 καὶ
3037 4615 3134 4676 τὰς
3158 4613 3347 4682 ἐτέρας
3374 4610 3573 4673 πόλεις,
3599 4607 3780 4677 “iii?”

2201 4711 2258 4763 δὲ
2298 4708 2498 4780 μᾶλλον
2527 4709 2625 4778 τῆς
2660 4708 2864 4761 ἀνωθεν
2901 4705 3266 4778 ἐπιφερούσης
3298 4701 3476 4755 αὐτῶν
3506 4703 3619 4762 τοῖς
3648 4700 3785 4767 ἀφό-

2207 4817 2348 4869 ρητα
2405 4799 2856 4866 δεδυσσεϐηκὸσι,
2921 4796 3174 4866 καθάπερ
3231 4793 3350 4846 τινὰ
3421 4792 3676 4854 πέλεκυν,
3746 4788 3781 4859 ἣ

2204 4889 2398 4960 ῥάϐδον
2421 4890 2454 4958 ἦ
2489 4887 2664 4953 ξύλον.
2683 4888 2818 4941 Εἰπέ
2842 4888 2949 4958 γάρ
2971 4904 3084 4956 μοι,
3107 4886 3289 4955 φησὶν,
3313 4878 3356 4936 ὧ
3379 4884 3596 4936 πάντων
3624 4879 3784 4934 ἀνού-

2207 4999 2388 5046 στατε,
2437 4980 2513 5050 μὴ
2559 4980 2716 5048 ἀξίνη
2763 4978 3151 5048 δοξασθήσεται
3195 4978 3326 5029 ἄνευ
3359 4974 3453 5027 τοῦ
3487 4975 3784 5033 κόπτοντος

2205 5072 2262 5123 ἐν
2296 5071 2454 5141 αὐτῇ.
2482 5068 2718 5130 Πέλεκυς
2744 5067 2839 5136 μὲν
2870 5067 2977 5136 γὰρ
3007 5067 3201 5136 ἄριστα
3228 5065 3559 5133 τεθηγμένος
3589 5063 3682 5114 καὶ
3704 5077 3786 5112 το-

2211 5164 2308 5233 μδς
2339 5161 2654 5233 ἐπιτηδείως
2693 5159 2756 5212 ἂν
2783 5159 2892 5226 ἔχοι
2931 5157 3063 5226 πρὸς
3096 5156 3156 5208 τὸ
3185 5155 3501 5226 ἀποκείρειν
3525 5151 3784 5206 δύνασθαι

2207 5257 2276 5308 τὰ
2298 5259 2355 5308 ἐν
2380 5256 2568 5326 ἀγροῖς
2596 5252 2745 5317 ξύλα.
2770 5248 2896 5320 ’Ἆρ’
2927 5246 3019 5303 οὖν
3043 5248 3326 5302 ἐπαινέσαι
3346 5265 3429 5310 τις
3453 5248 3549 5318 τὴν
3573 5246 3781 5314 ἀξίνην,

2208 5348 2283 5410 ὡς
2329 5347 2484 5401 τοῦτο
2538 5347 2670 5416 δρᾷν
2722 5342 3042 5413 δυναμένην,
3097 5341 3215 5412 δίχα
3256 5339 3350 5393 τοῦ
3399 5340 3687 5398 κόπτοντος
3725 5340 3786 5390 ἐν

2210 5443 2345 5510 αὑτῇ
2372 5459 2386 5506 ;
2434 5443 2744 5510 Ἐνεργήσει
2777 5437 2833 5490 δὲ
2860 5437 2910 5490 τί
2939 5435 3058 5488 καθ’
3098 5435 3287 5488 ἐαυτδν
3333 5435 3360 5485 ὁ
3392 5436 3586 5504 πρίων,
3621 5433 3669 5484 εί
3705 5433 3781 5501 μή

2208 5551 2290 5598 τις
2322 5533 2530 5586 ’έλκοιτό
2556 5549 2613 5584 τε
2650 5531 2829 5593 αὐτὸν,
2876 5529 2971 5581 καὶ
3015 5528 3345 5598 κατωοήσειε
3393 5528 3587 5586 παλινς
3618 5525 3676 5576 Εἰ
3726 5524 3785 5575 δὲ

2207 5627 2270 5698 δή
2307 5642 2390 5690 τις
2415 5623 2535 5677 καθ’
2562 5621 2737 5678 ὁτιοῦν
2777 5621 2809 5692 ἢ
2847 5621 3062 5692 ῥάϐδον,
3091 5620 3122 5690 ἦ
3159 5619 3333 5687 ξύλον·
3367 5615 3454 5692 ἆρ’
3482 5619 3580 5677 οὐκ
3611 5616 3783 5678 οὕτως
