4152 6366
322 390 431 451 289

1456 382 1521 436 ΙΝ
1560 380 1795 436 ISAIAM
1837 382 1969 437 LIB.
2010 380 2053 435 1.
2096 378 2306 438 ΟΒΔΤ.
2346 376 2441 436 Vl.

3472 361 3577 417 290

326 510 480 566 ἔσται
524 508 719 577 πάλιν,
758 508 1019 563 Κείσεται
1071 508 1171 579 μὲν
1212 504 1323 577 γὰρ
1362 506 1397 575 ή
1431 504 1626 576 ράδδος
1666 504 1745 566 είς
1783 504 1907 573 γῆν,

2027 511 2069 555 at
2102 499 2305 568 lignum
2345 493 2704 565 projieietur:
2734 499 2789 545 at
2821 488 2865 543 si
2895 486 3019 557 quis
3053 482 3345 553 acceperit,
3380 490 3438 536 et
3481 495 3580 550 ap-

328 606 583 679 ἔρριπται
630 606 688 658 δὲ
733 603 829 658 καὶ
854 603 915 657 τὸ
943 602 1117 667 ξύλον,
1147 599 1260 654 ἀλλ’
1290 598 1452 661 εἴτις
1481 596 1663 651 λαϐὼν
1714 596 1909 663 ὲπάγοι

2012 590 2310 660 plieaverit,
2349 598 2477 641 tunc
2509 585 2730 639 omnino
2764 597 2826 637 ea
2872 596 2993 651 quae
3039 593 3136 650 per
3175 577 3263 631 illa
3315 576 3472 639 tiunt,
3518 576 3575 629 in

327 666 461 764 τίάὶ,
489 698 613 751 τότε
637 697 702 769 δὴ
730 697 945 758 πάντως
958 666 1050 757 εἰς
1084 693 1246 764 ἔργον
1275 691 1396 762 ἡξει
1421 690 1491 743 τὰ
1522 690 1588 743 δι’
1619 689 1816 743 αὐτῶν.
1845 688 1911 741 Τί

2027 696 2146 751 )pus
2189 679 2425 733 venient.
2470 676 2607 742 Quid
2650 689 2805 743 ergo,
2854 672 3047 742 inquit,
3093 669 3198 724 alta
3238 667 3419 735 sapis?
3454 666 3582 734 quid

327 789 510 843 τοίνυν
558 789 695 859 φησι
742 786 1089 857 πεφρόνηκας
1128 782 1341 854 ὑψηλάς
1390 782 1456 835 Τί
1504 781 1561 834 δὲ
1607 781 1705 850 τὴν
1741 781 1913 850 ὀφρὺν

330 879 612 949 divam-4;;
654 877 769 931 Οἴει
808 879 890 931 ὅτι
926 876 1034 947 ἰδίᾳ
1070 875 1298 946 δυνάμει
1341 873 1707 945 κατώρθωκας
1754 871 1914 935 αὐτὸς

331 970 392 1023 τὸ
420 969 567 1022 ἒλεῖν
603 967 704 1031 τὰς
738 967 940 1031 πόλεις,
971 969 1028 1019 ὲν
1056 964 1288 1036 ούρανοῦ
1337 964 1488 1028 τάξει
1535 960 1915 1034 παραληφθεὶς

331 1058 485 1131 παρὰ
507 1058 605 1128 τῆς
632 1058 817 1111 ἐκεῖνα
842 1056 1100 1127 ποιούσης
1122 1057 1326 1127 χειρὸς,
1356 1055 1597 1126 δηλονότι
1624 1056 1720 1124 τῆς
1744 1052 1913 1117 θείας;

334 1154 411 1205 Οὐ
445 1150 511 1222 σὴ
534 1149 826 1220 τοιγαροῦν
856 1145 1053 1218 ήδὸξα·
1079 1147 1216 1201 Θεοῦ
1243 1148 1301 1200 δὲ
1331 1147 1530 1219 μᾶλλον
1554 1146 1646 1198 τοῦ
1666 1145 1915 1214 καθάπερ

336 1240 458 1294 τινὰ
487 1239 741 1302 πέλεκυν,
783 1238 816 1309 ἢ
855 1238 1069 1309 ῥάϐδον,
1101 1237 1319 1308 ἢαξύλον
1360 1238 1461 1306 τὴν
1491 1235 1587 1307 σὴν
1621 1235 1917 1303 ἐπάγοντος

334 1332 593 1403 ὡμότητα
612 1333 725 1391 τοῖς
748 1328 896 1399 αὐτῷ
916 1329 1435 1400 προσκεκρουκόσιν.
1464 1329 1601 1397 "Eam
1624 1327 1799 1380 τοίνυν
1821 1327 1917 1396 οὐχ

335 1422 499 1488 οὕτω,
525 1423 708 1493 φησιν,
741 1422 816 1485 ὡς
832 1422 1018 1492 ᾠήθης
1044 1422 1226 1483 αὐτός.
1256 1421 1393 1474 Ούτε
1427 1421 1531 1493 μὴν
1562 1423 1619 1473 ὲν
1634 1421 1917 1489 ταυτότητι

334 1516 494 1585 δόξης
516 1515 812 1584 διαμενεῖς,
848 1513 963 1567 ἀλλ’
994 1512 1114 1566 οὐδὲ
1139 1516 1258 1575 ταῖς
1294 1512 1468 1576 οὕτως
1499 1514 1693 1584 άῦραῖς
1720 1515 1921 1565 ὲνσπα-

335 1606 591 1675 ταλὴσεις
636 1607 844 1673 τιμαῖς.
877 1604 953 1655 Οὐ
990 1605 1055 1673 τῇ
1090 1601 1234 1671 ἰσχύϊ
1264 1602 1532 1670 ποιήσεις,
1571 1602 1691 1655 οὐδὲ
1838 1617 1922 1654 σο-

336 1697 437 1768 φίᾳ
468 1696 568 1765 τῆς
600 1695 868 1758 συνέσεως
903 1695 1120 1762 ἀφελεῖς
1146 1696 1270 1763 ὅρια
1300 1694 1491 1748 ἐθνῶν.
1518 1695 1596 1747 Οὐ
1630 1695 1917 1766 καταλήψῃ

335 1788 437 1859 τὴν
462 1789 786 1858 οἰκουμένην
836 1787 912 1851 ὠς
954 1788 1039 1841 ὠά
1079 1787 1568 1858 καταλελειμμένα.
1615 1787 1752 1840 Ἀλλ’
1785 1790 1919 1841 ἀπο-

2013 773 2360 842 supercilimn
2405 768 2597 823 tollis?
2634 767 3023 823 Exsistimasne
3064 773 3152 817 tua
3197 763 3250 815 vi
3288 763 3389 815 hoc
3426 756 3580 828 177

2016 865 2352 935 perfunctum
2377 877 2499 915 esse
2531 871 2603 926 te,
2634 869 2692 913 ut
2716 873 2942 928 caperes
2964 856 3149 919 urbes,
3177 869 3299 910 cum
3328 863 3583 921 tanquam

2014 960 2429 1011 instrumentum
2485 968 2515 1007 a
2557 967 2718 1006 manu
2763 951 3019 1005 nimirum
3060 948 3261 1012 divina,
3304 960 3425 1014 qua:
3474 944 3587 997 haec

2014 1051 2147 1105 facit
2192 1048 2464 1101 adhibitus
2508 1044 2720 1098 fueris?
2768 1058 2875 1097 non
2924 1042 3087 1112 igitur
3121 1050 3211 1093 tua
3252 1036 3439 1109 gloria,
3492 1036 3584 1089 sed

2018 1144 2110 1197 Dei
2162 1142 2361 1211 potius,
2407 1139 2531 1207 quia
2588 1146 2678 1190 tua
2734 1134 3058 1189 crudelitate
3104 1141 3359 1199 tauquam
3406 1132 3589 1182 securi

2017 1229 2265 1296 quapiam
2331 1240 2424 1279 seu
2478 1224 2650 1293 virga,
2701 1237 2797 1278 seu
2854 1222 3016 1290 ligno,
3067 1220 3323 1273 adversus
3370 1232 3463 1271 eos
3492 1217 3585 1285 qui

2020 1322 2192 1390 ipsum
2218 1317 2559 1372 offenderant
2594 1330 2723 1369 usus
2749 1322 2851 1369 est.
2884 1312 2998 1366 Non
3027 1312 3190 1381 igitur
3222 1309 3351 1375 eris,
3392 1308 3489 1374 ait,
3514 1309 3585 1362 ita

2020 1413 2094 1464 uti
2130 1412 2244 1480 ipse
2270 1410 2517 1478 cogitas:
2546 1421 2648 1461 nec
2681 1406 2928 1459 eumdem
2960 1404 3143 1473 glori:e
3176 1412 3415 1456 tenorem
3451 1400 3588 1454 reti-

2020 1501 2190 1564 nebis,
2212 1500 2304 1553 sed
2337 1513 2517 1567 neque
2545 1509 2653 1551 tam
2699 1495 2947 1549 delicatis
2988 1492 3285 1547 honoribus
3315 1491 3585 1555 lascivies,

2021 1606 2119 1646 nec
2150 1592 2202 1644 in
2235 1592 2553 1644 fortitudine
2591 1588 2897 1650 facies,nec
2923 1586 3187 1654 sapientia
3217 1585 3588 1653 intelligentia:

2019 1684 2172 1738 tolles
2210 1682 2445 1752 gentimn
2479 1680 2762 1743 terminos,
2810 1693 2913 1732 non
2964 1677 3146 1745 capies
3180 1676 3367 1730 orbem
3414 1685 3591 1729 terra.

2020 1790 2138 1830 rum
2167 1786 2226 1828 ut
2251 1789 2351 1827 ova
2391 1773 2602 1839 relicta,
2649 1771 2742 1826 sed
2776 1771 2948 1824 mittet
2986 1769 3244 1823 Dominus
3277 1767 3511 1822 Sabaoth
3536 1769 3588 1821 in

340 1879 517 1932 στελεῑ
554 1878 756 1948 Κύριος
796 1876 1023 1930 Σαΰαὼθ
1077 1878 1157 1938 είς
1197 1878 1295 1946 τὴν
1338 1876 1436 1946 σὴν
1478 1874 1641 1946 τιμὴν
1670 1876 1916 1945 ἀτιμίαν,

2027 1878 2171 1919 lumn
2203 1866 2387 1928 decus,
2421 1866 2676 1927 dedecus,
2700 1872 2754 1917 et
2784 1863 2836 1916 in
2876 1860 3103 1930 gloriam
3132 1870 3279 1913 tuam
3330 1860 3471 1929 ignis
3506 1876 3591 1913 ar-

340 1970 435 2022 καὶ
476 1969 556 2031 είς
601 1967 700 2037 τὴν
744 1967 842 2037 σὴν
882 1967 1039 2033 δόξαν
1080 1965 1193 2036 πῦρ
1237 1965 1524 2033 καιόμενον
1566 1964 1914 2035 καυθήσεται.

337 2057 516 2127 Τιμὴν
545 2056 600 2109 δὲ
632 2055 797 2109 αὑτοῦ
840 2072 993 2125 φησι,
1024 2054 1124 2125 τὴν
1163 2051 1255 2105 ὑπ’
1284 2051 1432 2123 αὑτῷ
1478 2053 1818 2122 πράττουσάν
1860 2070 1920 2105 τε

339 2151 435 2203 καὶ
462 2148 830 2218 ὑποκειμένην
866 2146 1144 2218 στρατιάν.
1180 2144 1297 2197 Ἐπ’
1315 2145 1451 2214 αὐτῇ
1477 2146 1582 2214 γὰρ
1616 2144 1918 2209 δεδόξαστο.

338 2239 461 2309 Πῦρ
484 2235 578 2291 οὗν
608 2238 727 2307 ἥξει
763 2237 883 2291 κατ’
924 2236 1114 2305 αὐτῆς,
1157 2233 1310 2303 φησὶ,
1338 2234 1431 2285 καὶ
1471 2232 1794 2303 καταφλέξει
1822 2234 1922 2304 τὴν

341 2329 441 2401 σὴν
465 2331 649 2400 τιμήν.
690 2328 822 2382 Τίνα
855 2329 911 2382 δὲ
940 2327 1140 2400 τρόπον
1172 2328 1267 2380 καὶ⁹
1288 2324 1446 2379 τοῦτο
1467 2328 1677 2396 γέγονε,
1704 2328 1923 2399 διατρα⁸

339 2426 423 2476 νσί
454 2424 639 2487 πάλιν,
675 2424 768 2476 καὶ
795 2424 895 2475 οὐκ
926 2425 1006 2485 είς
1032 2424 1269 2495 μακράν.
1534 2414 1541 2421 ’

410 2517 521 2569 Καὶ
570 2517 742 2571 ἔσται
792 2517 857 2570 τὸ
912 2514 1037 2585 φῶς
1079 2514 1159 2581 τῷ
1201 2518 1439 2587 Ἰσραὴλ
1486 2517 1573 2581 εὶς
1624 2514 1764 2583 πῦρ,
1826 2513 1925 2568 καὶ

338 2607 577 2675 ἁγιάσει
612 2607 799 2661 αὑτὸν
836 2608 905 2660 ἑν
932 2607 1074 2674 :wpl
1106 2608 1418 2678 καιομένῳ,
1449 2608 1549 2661 καὶ
1575 2608 1819 2676 φάγεται
1844 2606 1925 2671 ὠς

339 2701 559 2768 χόρτον
580 2700 697 2767 τὴν
719 2700 895 2767 ὓλην.
929 2698 1005 2767 Τῇ
1028 2699 1218 2768 ἡμέρᾳ
1244 2701 1447 2768 ἐκείνῃ
1474 2696 1924 2763 ἀποσϐεσθήσε-

338 2807 437 2843 ται
482 2791 555 2843 τὰ
597 2791 725 2858 ὅρη,
782 2792 879 2843 καὶ
926 2796 978 2845 οἱ
1019 2792 1259 2858 βουνοί,
1318 2792 1414 2846 καὶ
1462 2794 1517 2844 οἱ
1540 2790 1771 2858 δρυμοί.
1812 2788 1926 2841 Καὶ

341 2882 745 2952 καταφάγεταί
777 2882 893 2936 ἀπὸ
926 2881 1134 2953 ψυχῆς
1161 2884 1272 2950 ἕως
1308 2880 1570 2950 σαρκῶν.
1605 2881 1715 2936 Kal
1752 2881 1924 2934 ἔσται

340 2976 378 3029 ὁ
404 2977 642 3045 φεύγων
675 2974 757 3041 ὡς
783 2974 1020 3043 φεύγων
1055 2975 1174 3029 ἀπὸ
1204 2974 1430 3043 φλογὸς
1457 2973 1795 3042 καιομένης·
1824 2973 1922 3027 καί

340 3065 397 3116 οι
447 3062 946 3131 καταλειφθέντες
980 3064 1094 3116 ἀπ’
1134 3061 1333 3117 αὐτῶν
1367 3062 1614 3116 ἔσονται
1655 3063 1922 3132 ἀριθμὸς,

342 3155 439 3208 καὶ
462 3154 702 3207 παιδίον
722 3153 936 3223 γράψει
959 3155 1201 3221 αὐτούς.

2023 1958 2159 2013 dens
2190 1958 2538 2011 acrendetur.
2573 1955 2747 2010 Decus
2771 1963 2949 2007 autem
2970 1952 3086 2021 ejus
3112 1951 3244 2006 dicit
3267 1953 3589 2015 exercitum,

2024 2052 2115 2121 qui
2171 2049 2269 2104 sub
2321 2050 2438 2119 ipso
2492 2048 2756 2103 merebat.
2809 2045 2937 2100 Inde
2983 2046 3125 2099 enim
3173 2044 3435 2112 gloriatus
3486 2056 3586 2099 est.

2028 2144 2167 2213 Ignis
2206 2157 2358 2212 ergo,
2405 2140 2601 2209 inquit,
2653 2138 2872 2192 invadet
2910 2135 3084 2199 illum,
3135 2144 3395 2203 tuumque
3430 2135 3596 2190 decus

2025 2236 2292 2289 amburet.
2352 2232 2815 2300 Quemadmodum
2876 2229 3039 2300 igitur
3098 2227 3202 2283 hoc
3250 2226 3453 2282 factum
3501 2227 3593 2291 sit.

2028 2343 2213 2382 rursus
2237 2327 2518 2396 explanat,
2556 2339 2653 2379 nec
2684 2323 2736 2376 id
2763 2322 2992 2391 prolixe.

2098 2501 2263 2555 \‘ans.
2303 2502 2489 2556 17-19.
2526 2501 2594 2554 Et
2647 2502 2746 2554 erit
2797 2500 2890 2554 tua:
2944 2499 3163 2555 lsraelis
3210 2517 3305 2570 pro
3351 2501 3491 2569 igne,
3545 2511 3596 2554 et

2026 2595 2373 2663 sanetiﬁcabit
2441 2612 2558 2647 eum
2605 2595 2723 2662 igne
2767 2595 2995 2658 ardenti,
3029 2604 3075 2647 et
3108 2594 3219 2647 edet
3245 2594 3379 2647 sicut
3421 2593 3597 2660 fenum

2027 2690 2230 2742 silvam.
2281 2688 2374 2741 Die
2408 2688 2500 2739 illa
2544 2690 2941 2755 exstinguentnr
2981 2696 3205 2751 montes,
3247 2696 3295 2740 et
3343 2687 3524 2748 colles,
3552 2697 3597 2739 et

2026 2782 2217 2843 saltus,
2262 2790 2309 2833 et
2356 2780 2618 2832 det'orabit
2662 2780 2724 2831 ab
2755 2782 2936 2832 animo
2974 2795 3135 2849 usque
3163 2795 3366 2833 carnes.
3400 2776 3469 2830 Et
3501 2778 3599 2831 erit

2029 2872 2236 2939 fugiens
2268 2871 2403 2923 relut
2437 2870 2643 2938 fugiens
2686 2888 2715 2921 τι
2746 2872 2963 2939 ﬂamma
3010 2872 3251 2925 ardente.
3312 2870 3380 2924 Et
3415 2887 3600 2937 snper-

2026 2966 2175 3019 stites
2199 2980 2265 3019 ex
2291 2966 2398 3017 illis
2433 2974 2582 3017 erunt
2618 2979 2887 3028 numerus,
2930 2973 2979 3017 et
3002 2964 3249 3033 parvulus
3276 2965 3463 3018 scribet
3488 2981 3596 3019 eos.

412 3214 975 3317 Auoéqtztou'atpoiipa
1002 3248 1063 3299 τὸ
1086 3214 1392 3317 εἰρημένον,
1421 3248 1515 3300 καὶ
1535 3250 1567 3316 ἡ
1601 3247 1701 3318 τῆς
1726 3246 1922 3313 λέξεως

2097 3247 2263 3301 Valde
2320 3247 2611 3303 obscurum
2655 3258 2740 3301 est
2788 3245 2930 3315 quod
2977 3246 3211 3311 dicitur,
3264 3255 3319 3301 et
3344 3244 3606 3300 orationis

341 3336 584 3408 συνθήκη
632 3337 729 3408 τὴν
776 3339 1030 3392 ἀπόδοσιν
1076 3340 1187 3409 ἔχει
1230 3339 1683 3411 δυσχερεστάτην.
1739 3342 1922 3410 Σαφη-

340 3429 454 3482 νιοῦ
463 3447 563 3499 μεν
578 3429 634 3481 δὲ
663 3430 944 3493 πάλιν,τὸν
972 3429 1030 3482 ἐν
1052 3448 1115 3498 γε
1143 3432 1257 3494 τοῖς
1280 3430 1660 3500 προκειμένοις
1684 3431 1921 3502 κρυπτό-

344 3536 504 3588 μενον
552 3520 700 3584 νοῦν,
731 3521 912 3572 ὲκεῖνα
943 3520 1350 3591 προειρηκότες.
1388 3515 1513 3574 Εἷλε
1546 3521 1643 3592 μὲν
1683 3522 1789 3592 γὰρ
1824 3521 1921 3590 τὴν

343 3609 655 3681 Σαμάρειαν
694 3613 723 3665 ὁ
762 3610 1163 3681 Σαλαμανασάρ
1200 3613 1226 3663 ὁ
1260 3611 1369 3663 τῶν
1420 3611 1719 3681 Ἀσσυρίων
1768 3610 1921 3680 βασι-

340 3700 490 3766 λεὺς,
519 3702 803 3756 ἀπέστειλε
836 3702 893 3755 δὲ
926 3703 1203 3773 Ῥαψάκην
1226 3704 1290 3755 ἐκ
1317 3704 1514 3771 Λαχείς
1537 3705 1617 3765 είς
1652 3703 1921 3771 Ἰερουσαο

343 3790 476 3861 λὴμ,
503 3791 562 3854 ὃς
590 3790 775 3857 ἐλθὼν,
805 3793 899 3844 καὶ
924 3791 1291 3861 πολιορκήσας
1320 3791 1490 3861 αὐτὴν
1518 3790 1923 3861 προσλελάληκε

341 3885 455 3944 τοῖς
499 3883 556 3933 ἐν
710 3882 875 3951 τείχει
912 3882 980 3933 τὰ
1025 3881 1177 3947 παρὰ
1205 3880 1299 3932 τοῦ
1344 3880 1695 3949 πεπομφότος
1736 3878 1920 3941 αὑτὸν,

341 3972 652 4043 προσετίθει
682 3974 735 4025 δὲ
765 3972 972 4036 τούτοις
998 3972 1092 4035 τὰς
1124 3971 1264 4025 κατὰ
1307 3970 1399 4024 τοῦ
1436 3970 1570 4023 Θεοῦ
1605 3970 1921 4041 δυσφημίας

340 4067 541 4135 λέγων,
598 4084 679 4118 οτι
712 4065 786 4117 Οὐ
825 4065 899 4136 μὴ
937 4066 1153 4138 ῥύσεται
1186 4067 1213 4118 ὁ
1245 4066 1376 4128 Θεὸς
1422 4065 1520 4133 τὴν
1570 4063 1924 4135 Ἰερουσαλὴμ

340 4163 410 4212 ὲκ
436 4159 619 4228 χειρὸς
649 4158 911 4227 βασιλέως
937 4160 1252 4229 Ἀσσυρίων.
1280 4158 1422 4228 Πρὸς
1452 4157 1516 4226 δὴ
1544 4157 1611 4209 τά
1636 4155 1813 4208 τοιάδε
1840 4155 1924 4206 δε-

338 4249 705 4321 δυσφορηκὼς
751 4252 780 4302 ό
827 4249 1076 4320 βασιλεὺς
1137 4250 1387 4313 Ἑζεκίας
1445 4246 1544 4311 τὰς
1610 4246 1745 4318 πρὸς
1792 4246 1925 4299 Θεὸν

341 4345 581 4396 ἐποιεῖτο
612 4342 763 4405 λιτὰς
783 4342 977 4411 λέγων·
1005 4342 1359 4401 Εἰσάκουσον,
1388 4338 1580 4409 Κύριε,
1620 4338 1922 4407 εῐσϐλεψον,

343 4435 542 4506 Κύριε,
570 4437 663 4488 καὶ
689 4436 764 4488 ίδε
786 4436 909 4497 τοὺς
926 4434 1113 4501 λόγους
1145 4432 1443 4501 Ῥαψάκου,
1466 4432 1558 4495 οὒς
1578 4430 1925 4496 ἐξαπέστειλε

2028 3348 2301 3393 structura
2372 3354 2589 3393 sensum
2662 3337 2818 3392 all‘ert
2874 3338 3145 3392 intellectu
3207 3338 3600 3391 diﬂicillimum.

2026 3429 2428 3498 Explicabimus
2477 3438 2657 3483 autem
2714 3444 2901 3482 rursus
2946 3443 3163 3483 sensum
3206 3430 3259 3482 in
3311 3428 3395 3482 his
3422 3429 3603 3483 verbis

2029 3521 2308 3585 latentem,
2354 3520 2483 3573 illud
2533 3520 2791 3590 praefati:
2837 3519 2991 3588 Cepit
3037 3521 3292 3573 nimirum
3325 3520 3606 3573 Salmana-

2028 3629 2184 3667 sarus
2228 3629 2320 3666 rex
2374 3613 2722 3683 Assyriorum
2752 3612 3075 3677 Samariam,
3106 3611 3408 3681 legavitque
3435 3626 3466 3665 e
3495 3610 3605 3664 La-

2027 3706 2157 3759 ches
2216 3706 2511 3773 llapsacem
2565 3703 2911 3760 Jerusalem:
2963 3707 3056 3773 qui
3100 3718 3224 3758 cum
3270 3702 3602 3771 advenisset,

2028 3812 2256 3866 eamque
2300 3798 2580 3852 obsidione
2626 3798 2913 3862 cinxisset,
2950 3812 3043 3851 eos
3076 3795 3166 3865 qui
3188 3804 3345 3849 erant
3377 3796 3429 3849 in
3466 3809 3605 3849 ιιιω-

2031 3889 2190 3941 uibus
2228 3886 2426 3941 aﬂ‘atus
2450 3899 2562 3950 est,
2594 3904 2713 3957 qua:
2750 3889 2817 3941 ab
2852 3902 2917 3941 eo
2947 3887 3038 3956 qui
3071 3887 3245 3954 ips‘um
3279 3886 3423 3940 misit
3449 3900 3605 3940 acce-

2031 3992 2204 4050 perat.
2246 3980 2453 4046 Quibus
2485 3980 2729 4049 adjunxit
2762 3980 3129 4048 blasphemias
3176 3988 3231 4032 et
3255 3979 3507 4033 convicia
3550 3979 3602 4032 in

2030 4070 2240 4125 Deum:
2294 4068 2409 4122 Non
2474 4070 2759 4135 liberabit,
2815 4070 3011 4138 inquit,
3063 4070 3201 4123 Deus
3242 4068 3539 4123 Jerusalem
3574 4086 3605 4124 ο

2032 4178 2189 4216 manu
2239 4166 2380 4232 regis
2421 4163 2789 4233 Assyriorum.
2838 4161 2967 4227 Qua:
3000 4162 3187 4230 iniquo
3215 4161 3393 4216 ferens
3424 4162 3606 4216 animo

2030 4250 2289 4306 Ezechias
2340 4268 2431 4306 rex
2464 4292 2481 4318 ,
2538 4253 2674 4307 fusis
2725 4253 2790 4306 ad
2848 4254 3011 4306 Deum
3062 4253 3336 4322 precibus,
3382 4253 3601 4323 inquit:

2034 4347 2259 4410 Exaudi,
2291 4346 2533 4409 Domine,
2573 4346 2779 4415 as‘pice,
2842 4346 3089 4407 Domine,
3139 4355 3193 4400 et
3240 4346 3606 4415 contemplare

2033 4436 2195 4488 verba
2251 4434 2551 4503 Rapsacis,
2609 4450 2732 4505 qua:
2780 4435 2965 4489 emisit
3020 4451 3109 4488 rex
3142 4435 3513 4506 Assyriorum,
3549 4446 3607 4490 nt

345 4526 602 4596 βασιλεὺς
640 4526 960 4597 Ἀσσυρίων,
995 4524 1272 4587 ὀνειδίζειν
1311 4523 1442 4576 Θεὸν
1476 4525 1673 4588 ζῶντα.
1719 4523 1922 4593 Ἐπηγ-

2035 4527 2252 4597 probris
2305 4526 2471 4580 Deum
2525 4527 2795 4580 viventem
2845 4527 3226 4582 insectaretur.
3278 4527 3605 4596 Repromisit

344 4617 569 4685 γέλλετο
590 4618 644 4671 δὲ
671 4618 801 4680 Θεὸς
836 4616 933 4686 τὴν
963 4616 1233 4686 σωτηρίαν
1263 4617 1467 4677 αὐτοῖς.
1498 4616 1607 4667 Καὶ
1625 4615 1688 4685 δὴ
1719 4616 1813 4669 καὶ
1835 4615 1924 4679 ἐξ·

343 4709 511 4776 ἦλθεν
541 4707 769 4775 ἄγγελος
792 4706 1021 4777 Κυρίου,
1052 4706 1146 4757 καὶ
1188 4705 1397 4759 ἀνεῖλεν
1436 4706 1493 4757 ὲν
1526 4706 1625 4775 μιᾷ
1662 4703 1817 4757 νυκτὶ
1861 4707 1926 4759 ἐκ

344 4797 449 4867 τῆς
493 4797 844 4867 παρεμϐολῆς
875 4798 984 4851 τῶν
1024 4796 1322 4867 Ἀσσυρίων
1361 4796 1557 4849 ἑκατὸν
1598 4795 1925 4866 ὀγδοήκοντα

347 4889 513 4941 πέντε
554 4889 815 4959 χιλιάδας,
859 4884 933 4943 Οἵ)
966 4889 1033 4958 δὴ
1078 4890 1380 4957 γεγονότος,
1442 4886 1700 4941 ἐϐάλλετο
1751 4888 1851 4957 μὲν
1894 4889 1923 4939 ὁ

348 4980 636 5050 Ἀσσύριος
686 4981 943 5051 ἀφορήτῳ
973 4980 1207 5049 δείματι.
1247 4980 1509 5044 Ἀκούσας
1563 4979 1621 5032 δὲ
1665 4980 1923 5047 ἀγγελίαν

345 5071 432 5121 ὅτι
458 5070 713 5138 Σαρσαθά
745 5070 997 5138 βασιλεὺς
1024 5069 1295 5122 Αἰθιόπων
1320 5068 1509 5140 ἐξῆλθε
1535 5069 1677 5122 κατὰ
1703 5070 1801 5139 τῆς
1830 5069 1933 5140 γῆς

349 5162 517 5214 αὑτοῦ
555 5164 651 5215 σὺν
690 5162 891 5230 ὀλίγοις
926 5160 1203 5223 παντελῶς
1246 5163 1358 5224 τοῖς
1403 5160 1929 5231 περιλελειμμένοιῇ

347 5254 524 5324 ᾤχετο
563 5252 762 5322 φυγάς.
805 5252 977 5305 Τοῦτο
1033 5252 1125 5305 καὶ
1181 5250 1277 5304 νῦν
1328 5252 1356 5304 ὁ
1410 5253 1747 5323 προφητικὸς
1801 5254 1933 5322 ἡμῖν

348 5344 762 5413 αἰνιγματωδῶς
784 5344 1124 5415 διερμηνεύει
1155 5344 1327 5411 λόγος.
1350 5342 1467 5405 Φῶς
1491 5344 1589 5413 μὲν
1612 5344 1718 5415 γὰρ
1743 5344 1933 5412 γέγονε

347 5435 429 5504 τῷ
488 5435 703 5505 Ἰσραὴλ
764 5437 792 5487 ὁ
837 5436 945 5489 τῶν
1003 5436 1136 5487 ὅλων
1187 5435 1318 5497 Θεὸς
1378 5434 1469 5487 τὸν
1530 5435 1931 5503 καταφωτίζειν

354 5526 605 5597 ἰσχύοντα
633 5527 1010 5598 διορισάμενος
1046 5528 1229 5598 νόμον.
1272 5526 1430 5580 Ἀλλὰ
1466 5526 1642 5593 τοῦτο,
1685 5529 1838 5598 φησὶ,
1869 5527 1930 5579 τὸ

349 5619 469 5686 φῶς
495 5620 557 5672 τὸ
581 5617 831 5689 ὑπάρξαν
859 5618 936 5689 τῷ
964 5618 1196 5688 Ἰσραὴλ,
1227 5620 1288 5672 ού
1316 5617 1432 5687 φῶς
1471 5618 1623 5671 ἔσται
1658 5622 1769 5681 τοῖς
1806 5619 1929 5670 Ἀσ-

351 5710 555 5781 συρίων
585 5711 1009 5783 στρατεύμασιν,
1057 5711 1169 5764 ἀλλ’
1200 5713 1278 5774 είς
1320 5711 1432 5781 πῦρ
1464 5710 1769 5782 ὀλοθρεῦον.
1799 5711 1924 5763 Ὀτι

346 5804 405 5855 δὲ
443 5803 641 5856 οἰκεῖον
681 5804 829 5865 αύτῷ
869 5804 961 5857 καὶ
999 5802 1410 5868 άνατεθειμένον
1460 5805 1672 5866 ἡγεῖται
1717 5800 1843 5855 λαὸν
1902 5804 1929 5854 ὁ

2036 4634 2163 4672 vero
2208 4617 2347 4671 Deus
2385 4618 2612 4671 salutem
2650 4617 2800 4674 illis:
2850 4633 3208 4688 egressusque
3237 4619 3403 4673 exivit
3438 4636 3605 4688 auge-

2034 4710 2118 4764 lus
2161 4710 2393 4773 Domini,
2420 4721 2473 4763 et
2504 4725 2609 4763 una
2639 4719 2795 4763 nocte
2820 4724 2850 4763 e
2878 4711 3077 4766 castris
3104 4714 3447 4781 Assyriorum
3478 4726 3607 4766 cen-

2037 4810 2147 4852 tum
2179 4800 2449 4868 octoginta
2482 4800 2721 4867 quinque
2756 4800 2921 4854 millia
2950 4801 3224 4855 interemit
3252 4816 3267 4854 :
3304 4816 3411 4870 quo
3439 4800 3601 4866 facto,

2034 4888 2172 4944 ictus
2221 4901 2304 4942 est
2352 4890 2609 4958 Assyrius
2662 4890 2859 4958 ingenti
2914 4890 3128 4944 timore.
3188 4891 3424 4960 Accepto
3478 4906 3603 4945 vero

2035 4983 2221 5036 nuntio
2252 4981 2508 5035 Sarsatha
2548 4996 2727 5051 regem
2791 4980 3112 5051 [Ethiopum
3167 4990 3355 5036 contra
3404 4991 3602 5036 terram

2029 5087 2181 5126 suam
2225 5073 2388 5142 178
2433 5072 2835 5141 expeditionem
2879 5072 3077 5136 facere,
3112 5087 3234 5127 cum
3270 5075 3455 5142 paucis
3487 5090 3594 5127 om-

2034 5165 2161 5218 nino
2202 5165 2406 5217 relictis
2462 5164 2594 5217 abiit
2642 5164 2921 5233 profugus.
2957 5164 3068 5219 lloc
3106 5180 3251 5219 nnuc
3293 5166 3601 5234 prophetica

2034 5254 2186 5308 nobis
2231 5254 2620 5321 interpretatur
2657 5256 2852 5309 oratio.
2900 5254 3016 5309 Lux
3060 5257 3202 5311 enim
3236 5254 3416 5311 lsraeli
3464 5256 3604 5311 Deus

2036 5344 2404 5399 universitatis
2453 5344 2681 5409 exstitit,
2731 5345 2821 5413 qui
2872 5346 3020 5399 solus
3062 5346 3231 5415 legem
3261 5345 3605 5416 quasillumi-

2037 5451 2183 5505 nare
2224 5446 2401 5503 pctest
2448 5436 2747 5490 constituit.
2802 5435 2907 5490 Sed
2960 5438 3095 5501 haec,
3142 5436 3337 5507 inquit.
3370 5436 3459 5490 lux
3484 5453 3605 5507 qua:

2035 5526 2245 5581 exsistit
2281 5524 2486 5588 lsraeli.
2512 5541 2617 5580 non
2648 5526 2752 5579 erit
2786 5525 2873 5579 lux
2906 5526 3250 5596 Assyriorum
3282 5528 3475 5595 copiis,
3510 5533 3604 5584 sed

2036 5635 2132 5688 pro
2178 5618 2300 5689 igne
2334 5618 2444 5672 erit
2487 5617 2712 5672 exitiali.
2751 5615 2901 5682 Quod
2947 5628 3126 5673 autem
3158 5616 3606 5690 Hierosolymita—

2032 5724 2132 5763 nos
2159 5706 2436 5776 proprium
2466 5706 2569 5761 sibi
2610 5722 2673 5761 ac
2694 5717 3067 5761 consecratum
3101 5709 3357 5779 populum
3389 5710 3603 5764 univer-

2040 5801 2219 5858 sitatis
2252 5800 2391 5857 Deus
2435 5799 2750 5862 existimet,
2786 5814 2881 5869 per
2914 5799 3090 5869 ignem
3136 5804 3414 5857 ardentem
3462 5802 3602 5856 inter
