4124 6372
531 351 627 411 291

1526 346 1586 401 S.
1628 345 1908 401 CYRILLI
1948 344 2420 402 ALEXANDRIM
2460 346 2779 403 ARCIIIEP.

3699 343 3809 399 29%

532 462 811 535 Assyrios,
848 461 1065 547 dpcebit
1090 473 1281 517 omnes
1306 469 1576 532 quotquot
1608 463 1811 532 ubique
1840 472 1988 517 sunt.
2014 464 2112 516 Αι-

2222 464 2330 516 τῶν
2362 465 2498 517 ὅλων
2522 465 2652 526 Θεὸς
2677 466 2805 526 τοὺς
2827 463 2886 516 ὲν
2914 463 3025 526 τοῖς
3053 460 3447 532 Ἰεροσολύμοις
3467 459 3553 514 διὰ
3584 458 3680 513 τοῦ
3709 478 3809 514 πυ-

532 572 638 624 que
684 557 787 610 hoc
834 563 920 609 est
974 553 1117 622 quod
1173 552 1273 617 ait,
1325 552 1696 608 sanctiﬁcabit
1725 568 1847 608 eum
1884 554 2006 623 igne
2034 568 2122 606 ar-

532 650 715 704 dente.
771 647 925 713 Quod
967 646 1111 701 enim
1148 644 1480 700 sanctilicari
1526 644 1747 708 dicitur,
1778 662 1882 699 non
1910 660 2122 715 semper

532 742 637 795 erit
659 740 836 795 omnis
859 737 1169 794 sanctitatis
1198 736 1497 807 particeps,
1519 745 1576 790 at
1605 737 1784 807 potius
1809 738 1859 791 in
1893 737 2118 807 gloriam

534 842 914 887 consecratum
974 845 1098 884 esse
1147 830 1259 885 Deo
1322 828 1615 898 Signiﬁcat.
1673 828 1984 896 Cujusmodi
2039 836 2123 883 est

532 925 677 993 quod
712 925 846 980 dicit
891 924 958 978 ad
986 923 1173 977 Mosen
1208 937 1223 975 :
1264 940 1283 973 ι
1321 921 1615 976 Sanctillca
1652 923 1785 976 mibi
1813 937 1975 977 onme
2009 924 2122 991 pri-

534 1018 863 1087 mogenitum
905 1016 1159 1087 aperiens
1188 1015 1429 1081 vulvam,
1458 1016 1699 1070 mascula
1734 1017 1961 1070 Domino
1986 1016 2054 1068 ²¹.
2095 1032 2114 1066 ι

541 1108 608 1161 Et
638 1108 794 1173 illud,
830 1106 1139 1171 sanctifica,
1173 1106 1225 1160 in
1263 1106 1349 1160 bis
1375 1107 1470 1169 ait,
1513 1121 1631 1175 pro,
1668 1121 1949 1162 consecra.
1981 1103 2122 1160 San-

533 1200 792 1256 ctiiicabit
824 1202 1010 1271 igitur,
1036 1200 1233 1269 inquit,
1267 1197 1521 1253 lsraelem
1556 1199 1797 1254 universi
1829 1199 1991 1266 Deus,
2018 1201 2122 1255 hoc

532 1304 638 1357 cst,
691 1294 766 1348 illi
807 1305 1182 1348 consecratum
1228 1302 1283 1346 et
1333 1292 1632 1361 repositum
1678 1290 1872 1346 cﬂiciet
1906 1292 1957 1346 in
2000 1293 2122 1361 igne

532 1386 761 1440 ardente
807 1404 820 1439 :
877 1400 975 1456 per
1035 1387 1212 1453 ignem
1276 1382 1557 1437 incensum
1606 1394 1793 1437 contra
1843 1384 2118 1453 Assyrios.

536 1480 721 1547 Ignem
768 1491 948 1533 autem
988 1477 1223 1547 appellat
1265 1477 1375 1543 hic,
1424 1476 1763 1546 inopinatum
1814 1474 2116 1529 interitum.

532 1573 647 1629 Nisi
698 1572 843 1626 enim
882 1570 1211 1638 peculiarem
1266 1568 1369 1623 sibi
1402 1568 1649 1622 duxisset
1670 1566 1814 1619 hunc
1842 1566 2117 1635 pupulum,

533 1680 812 1736 nunquam
852 1662 1184 1716 incendisset
1208 1669 1401 1715 contra
1428 1658 1773 1714 adversarios
1801 1657 2001 1727 ignem,
2027 1657 2118 1726 qui

532 1758 698 1810 etiam
755 1751 1110 1822 consumpsit,
1145 1751 1291 1805 velut
1342 1750 1526 1805 fenmn
1574 1748 1658 1803 vel
1686 1748 1899 1813 silvam,
1947 1746 2116 1818 ASsy-

2228 555 2319 626 ρὸς
2345 555 2441 609 τοῦ
2476 555 2834 617 ὲκκαυθέντος
2867 556 2925 607 ὲν
2953 556 3065 616 τοῖς
3090 552 3415 622 Ἀσσυρίοις,
3447 550 3648 619 διδάξει
3680 554 3810 615 τοὺς

2224 650 2531 720 ἀπανταχῆ.
2552 650 2662 701 Καὶ
2675 646 2835 702 τοῦτό
2868 648 2986 701 ἐστι
3010 646 3091 712 τὸ,
3111 665 3129 699 ι
3164 644 3582 715 Ἀγιάσειαὺτδν
3603 647 3661 698 ὲν
3676 646 3811 716 πυρὶ

2222 741 2521 810 καιομένῳ.
2549 759 2568 792 ι
2598 741 2672 793 Τὸ
2700 740 2809 811 γὰρ
2836 739 3159 809 ἀγιάζεσθαι
3193 738 3503 808 λεγόμενον,
3529 738 3651 807 οὐχὶ
3677 755 3813 790 παν-
3864 749 3868 753 ’

2222 832 2312 895 τὸς
2331 832 2606 902 ἀγιασμοῦ
2632 833 2856 903 μετέχον
2872 832 3048 895 ἔσται,
3070 830 3325 901 σημαίνει
3347 828 3402 882 δὲ
3429 828 3629 899 μᾶλλον
3646 828 3811 881 καὶτὸ

2178 976 2181 979 ,
2224 925 2304 986 εἰς
2335 923 2494 989 δόξαν
2523 921 2938 992 ἀνατεθειμένον
2970 920 3049 992 τῷ
3079 919 3217 991 Θεῷ.
3254 914 3381 972 υἶόν
3415 919 3468 971 τί
3500 935 3635 989 φησι
3672 918 3811 988 πρὸς

2224 1015 2451 1069 Μωσέαο
2506 1033 2525 1066 ι
2566 1013 2821 1084 Ἀγίασόν
2871 1030 2962 1084 μοι
3007 1013 3116 1066 πᾶν
3156 1011 3502 1084 πρωτότοκον
3543 1010 3810 1078 διανοῖγον

2226 1108 2460 1179 μήτραν,
2500 1106 2568 1160 τά
2597 1105 2859 1178 ἀρσενικά
2888 1104 2965 1176 τῷ
2996 1104 3205 1176 Κυρίῳ.
3236 1122 3256 1155 ι
3291 1103 3402 1157 Καὶ
3434 1103 3516 1166 τὸ,
3560 1103 3808 1170 ἁγίασον,

2222 1200 2280 1253 ὲν
2304 1199 2535 1262 τούτοις,
2564 1199 2684 1253 ἀντὶ
2719 1198 2835 1264 τοῦ,
2868 1197 3086 1262 ἀνάθες,
3119 1197 3303 1267 φησίν.
3339 1196 3582 1267 Ἀγιάσει
3608 1195 3809 1259 τοίνυν,

2222 1291 2378 1362 φησὶ,
2412 1293 2503 1344 τὸν
2542 1290 2759 1363 Ἰσραὴλ
2780 1291 2809 1342 6
2840 1290 2948 1343 τῶν
2974 1290 3109 1343 ὅλων
3135 1288 3289 1351 Θεὸς,
3318 1286 3465 1341 τοῦτ’
3492 1287 3658 1352 ἐστιν,
3686 1287 3812 1340 ἀνα-

2221 1385 2531 1456 τεθειμένον
2574 1384 2725 1454 αὐτῷ
2768 1383 2864 1438 καὶ
2903 1382 3201 1436 ἀπόλεκτον
3244 1381 3515 1450 ἀποφανεῖ
3560 1380 3618 1432 ἐν
3672 1378 3810 1450 πυρὶ¹

2222 1477 2516 1548 καιομένῳ·
2547 1477 2637 1530 διά
2662 1476 2756 1530 τοῦ
2782 1476 2953 1548 πυρὸς
2970 1474 3065 1528 τοῦ
3093 1473 3499 1544 ὲκκεκαυμένου
3529 1472 3672 1526 κατά
3700 1473 3810 1525 τῶν

2234 1569 2555 1641 Ἀσσυρίων.
2598 1568 2718 1641 Πῦρ
2756 1568 2812 1621 δέ
2859 1584 3024 1639 φησιν
3068 1568 3127 1621 ὲν
3174 1567 3387 1628 τούτοις
3425 1566 3517 1619 τὸν
3549 1566 3811 1636 ἀδόκητον

2220 1660 2459 1731 ὄλεθρον.
2506 1660 2567 1713 Ei
2624 1661 2698 1730 μὴ
2745 1659 2853 1730 γὰρ
2890 1658 3019 1712 ἴδιον
3063 1660 3251 1729 ἡγεῖτο
3293 1657 3441 1722 λαὸν,
3474 1657 3574 1709 οὐκ
3610 1656 3674 1710 ἂν
3720 1656 3809 1722 ἑξ-

2223 1752 2421 1806 έκαυσε
2455 1752 2595 1806 κατὰ
2620 1751 2728 1805 τῶν
2756 1750 3013 1803 ἐναντίων
3049 1749 3110 1803 τὸ
3136 1748 3268 1819 πῦρ.
3292 1748 3321 1801 ὃ
3344 1755 3439 1802 καὶ
3469 1748 3808 1818 δεδαπάνηκε

538 1849 743 1901 riorum
787 1844 1212 1899 multitudinem.
1258 1842 1354 1896 Illa
1408 1843 1612 1913 itaque,
1644 1841 1839 1909 inquit,
1872 1840 1983 1905 die,
2017 1841 2117 1895 hoc

2221 1843 2476 1915 καθάπερ
2504 1843 2695 1915 χόρτον
2738 1843 2772 1914 ἢ
2802 1843 2936 1913 ὓλην
2964 1842 3061 1913 τὴν
3094 1842 3203 1896 τῶν
3235 1840 3536 1912 Ἀσσυρίων
3572 1838 3805 1910 πληθύν.

533 1950 641 2006 est,
674 1940 889 1994 circiter
934 1937 1065 1992 illud
1114 1935 1395 2005 temporis,
1445 1936 1863 2004 exstinguentur
1885 1942 2116 1999 montes,

533 2043 589 2087 et
616 2032 804 2097 colles,
836 2041 890 2085 et
918 2031 1112 2093 saltus,
1142 2037 1199 2084 et
1227 2028 1510 2083 devorabit
1549 2036 1657 2081 tam
1688 2026 1925 2081 animam
1956 2041 2118 2096 quam

533 2141 751 2183 carnes.
782 2124 1026 2180 Collibus
1062 2132 1119 2178 et
1151 2122 1427 2177 montibus
1454 2130 1509 2176 et
1535 2120 1687 2176 silvis
1718 2118 1946 2189 pulchre
1976 2118 2119 2173 assi—

534 2217 691 2272 ntilat
735 2216 883 2286 ipsas
924 2212 1277 2286 Assyriorum
1327 2210 1536 2281 copias,
1595 2223 1894 2279 earumque
1930 2207 2117 2273 duces,

536 2309 739 2378 quique
778 2308 918 2371 aliis,
948 2321 1046 2360 ceu
1090 2302 1257 2359 colles
1283 2311 1338 2358 et
1366 2311 1599 2366 montes,
1627 2300 1961 2371 praecellunt.
2010 2297 2118 2354 Ve-

534 2416 653 2456 rum
704 2400 758 2453 1ιί
810 2398 1028 2468 quidem
1068 2396 1506 2466 exstinguentur,
1548 2392 1653 2448 hoc
1697 2399 1802 2458 est,
1859 2391 1951 2460 qui
1986 2391 2117 2445 olim

537 2489 704 2544 validi
740 2497 988 2543 erantet
1037 2487 1334 2551 ferventes,
1372 2484 1456 2539 vel
1514 2483 1669 2538 inviti
1721 2483 2117 2537 exanimabun-

534 2589 645 2634 tur.
691 2578 806 2632 lloc
854 2577 1000 2631 etaim
1054 2576 1316 2640 declarat,
1345 2574 1785 2643 exstinguentur.
1821 2573 2115 2627 Devorabit

532 2671 679 2724 enim
734 2684 828 2723 eos
880 2682 1052 2735 mors,
1098 2675 1309 2721 tantum
1348 2681 1455 2721 non
1490 2667 1702 2719 animas
1730 2664 2026 2719 conﬁciens
2058 2674 2117 2719 et

533 2776 752 2830 corpus.
803 2760 958 2826 Quod
1004 2759 1207 2813 etenim
1260 2772 1367 2812 non
1418 2755 1731 2811 interierint
1779 2757 1934 2810 simul
1994 2772 2116 2811 cum

533 2853 854 2923 corporibus
905 2857 962 2905 et
1012 2850 1224 2911 animae,
1270 2848 1443 2904 cuivis
1488 2848 1832 2917 perspicuum
1867 2857 1950 2903 est
1981 2867 1994 2902 :
2024 2863 2117 2904 ve-

532 2962 652 3000 rum
698 2945 824 2999 hinc
874 2944 969 2997 ira:
1000 2942 1109 3007 vim
1139 2942 1469 2997 subindicat.
1502 2940 1610 2997 Sed
1640 2941 1766 3006 erit,
1795 2941 1991 3011 inquit,
2022 2941 2115 3011 qui

535 3037 697 3106 fugit,
730 3033 1119 3104 velutJ'ugiens
1150 3048 1178 3085 a
1203 3031 1418 3085 ﬂamma
1447 3032 1696 3096 ardente,
1720 3040 1774 3085 et
1796 3033 2117 3101 superstites

541 3144 607 3182 ex
644 3127 749 3181 illis
792 3136 952 3179 erunt
984 3137 1211 3178 numero
1244 3122 1425 3192 pauci,
1452 3133 1510 3176 ut
1533 3137 1666 3192 puer
1686 3136 1782 3177 eos
1812 3123 2110 3178 describat.

2219 1937 2357 1990 Κατ’
2387 1938 2603 2006 ἐκείνην
2632 1936 2697 2007 δὴ
2742 1930 2836 1988 οὖν
2879 1934 2978 2006 τὴν
3012 1934 3244 2006 ἡμέραν,
3288 1933 3444 2005 φησὶ,
3480 1931 3626 1986 τοῦτ’
3670 1930 3809 1999 ἐστι,

2220 2029 2343 2081 κατ’
2364 2028 2541 2081 ἐκεῖνο
2563 2027 2654 2082 τοῦ
2685 2027 2878 2101 καιροῦ
2904 2027 3379 2098 ἀποσϐεσθήσεται
3400 2027 3468 2081 τά
3489 2027 3611 2099 ὅρη,
3640 2026 3735 2079 καὶ
3759 2026 3812 2077 οἱ

2220 2119 2401 2190 βουνοί⁵
2449 2122 2545 2175 καὶ
2587 2122 2637 2175 οἱ
2673 2122 2886 2192 δρυμοὶ,
2922 2121 3018 2174 καὶ
3060 2121 3441 2191 καταφάγεταί
3494 2121 3603 2173 ἀπὸ
3630 2120 3812 2191 ψυχῆς

2218 2212 2326 2276 ἕως
2355 2214 2596 2284 σαρκῶν.
2633 2213 2853 2276 Βουνοῖς
2880 2212 2975 2267 καὶ
3000 2212 3227 2283 δρυμοῖς
3255 2213 3351 2265 καὶ
3371 2213 3521 2283 ὄρεσι
3552 2213 3815 2284 παρεικά-

2219 2303 2303 2368 ζει
2326 2304 2506 2370 καλῶς
2543 2306 2713 2376 αὑτήν
2744 2322 2804 2357 τε
2852 2304 2951 2376 τὴν
2976 2304 3083 2357 τῶν
3120 2304 3423 2374 Ἀσσυρίων
3454 2303 3682 2375 πληθὺν,
3714 2306 3811 2357 καὶ

2218 2398 2343 2461 τοὺς
2368 2398 2708 2469 ἡγουμένους
2739 2398 2933 2469 αὐτῆς,
2967 2398 3061 2451 καὶ
3090 2396 3201 2450 τῶν
3240 2396 3415 2450 ἄλλων
3444 2395 3811 2467 ὑπερανὲχον-

2217 2504 2323 2552 τας
2356 2487 2612 2559 καθάπερ
2636 2487 2860 2559 βουνοὺς
2890 2488 2922 2560 ἢ
2953 2488 3076 2559 ὅρη.
3103 2486 3241 2539 Ἀλλ’
3268 2481 3409 2541 οὗτοι
3450 2487 3547 2558 μὲν
3574 2486 3811 2539 ἀποσϐε-

2220 2578 2529 2650 σθήσονται·
2557 2579 2699 2632 τοῦτ’
2725 2578 2894 2645 ἔστιν,
2933 2580 2983 2632 οί
3028 2578 3199 2632 πάλαι
3248 2577 3441 2650 θερμοὶ
3487 2579 3581 2630 καὶ
3624 2578 3809 2642 δεινοὶ,

2218 2672 2313 2725 καὶ
2333 2672 2432 2742 οὐχ
2468 2672 2685 2736 ἑκόντες
2715 2671 3219 2743 ἀποψυχθήσονται.
3248 2670 3420 2725 Τοῦτο
3448 2671 3558 2742 γὰρ
3582 2671 3644 2724 τὸ
3673 2673 3813 2724 ἁπο-

2218 2764 2633 2836 σϐεσθήσονται,
2664 2765 2835 2836 δηλοῖ.
2868 2764 3264 2834 Καταφάγεται
3296 2764 3405 2836 γὰρ
3430 2764 3627 2826 αὐτοὺς
3655 2764 3684 2815 6
3716 2762 3815 2815 θά-

2216 2874 2399 2922 νατος,
2444 2859 2729 2929 μονονουχὶ
2775 2857 2871 2911 κα)⁵
2905 2857 3083 2930 ψυχὰς
3122 2857 3377 2912 δαπανῶν
3426 2856 3521 2910 καὶ
3557 2856 3810 2924 σώματα.

2218 2946 2343 3000 Ὀτι
2377 2947 2479 3018 μὲν
2508 2950 2617 3018 γὰρ
2636 2949 2696 3003 οὐ
2726 2947 3122 3022 συνανῄρηνται
3145 2952 3255 3013 τοῖς
3289 2947 3536 3020 σώμασιν
3563 2949 3619 3001 αἱ
3642 2947 3815 3018 ψυχαὶ

2216 3038 2378 3091 παντί
2414 3055 2493 3109 τῳ
2523 3038 2714 3107 σαφές.
2750 3038 3117 3109 ’Υπεμφαίνει
3156 3039 3213 3092 δὲ
3244 3038 3333 3093 διὰ
3374 3040 3578 3092 τούτων
3616 3038 3676 3092 τὸ
3711 3039 3813 3110 τῆς

2216 3128 2386 3201 ὀργῆς
2417 3129 2691 3193 εὑσθενές.
2741 3130 2881 3183 Ἀλλ’
2917 3130 3092 3199 ἔσται,
3130 3132 3314 3203 φησὶν,
3344 3131 3372 3183 6
3401 3134 3638 3201 φεύγων,
3675 3130 3751 3194 ὼς
3782 3132 3812 3182 6

532 3218 699 3274 Pauci
735 3218 880 3273 enim
920 3230 1167 3285 prorsus,
1211 3226 1268 3267 ut
1300 3214 1433 3278 dixi,
1466 3215 1621 3283 quasi
1656 3230 1724 3269 ex
1750 3213 1965 3270 ﬂamma
1993 3232 2117 3271 suc-

2223 3222 2439 3293 φεύγων
2462 3224 2569 3275 ἀπὸ
2597 3222 2796 3293 φλογὸς
2823 3223 3141 3296 καιομένης,
3170 3225 3264 3278 καὶ
3277 3213 3336 3277 ὀί
3362 3223 3813 3292 καταλειφθέντες

535 3327 701 3366 censa
758 3310 846 3363 vix
906 3308 1242 3371 exsilientes,
1291 3307 1451 3361 simul
1499 3322 1625 3363 cum
1679 3323 1805 3379 rege
1840 3307 2113 3379 fugerunt.

536 3400 833 3458 'l‘antillum
885 3411 1066 3453 autem
1127 3412 1414 3453 numerum
1466 3397 1586 3454 fore
1642 3399 1819 3467 dicit,
1876 3410 1935 3455 ut
1964 3400 2115 3471 pueri

536 3496 716 3549 adhuc
749 3491 978 3548 infantis
1010 3505 1163 3546 mens
1194 3490 1366 3559 possit
1393 3505 1515 3545 eum
1542 3491 1801 3562 consequi
1829 3500 1884 3547 et
1914 3491 2122 3547 descri-

534 3586 687 3650 bere,
708 3598 802 3640 seu
834 3583 1093 3638 dimetiri.
1129 3580 1306 3636 liabet
1329 3583 1473 3636 enim
1504 3581 1851 3639 Hebrworunt
1875 3584 2116 3649 traditio,

538 3678 702 3750 179
731 3678 876 3749 quod
911 3678 1010 3732 soli
1043 3679 1230 3732 decem
1268 3692 1495 3730 numero
1524 3676 1725 3733 residui
1758 3678 2122 3732 remanserint

535 3772 625 3839 qui
660 3786 781 3823 cum
816 3768 1085 3838 Rapsace,
1127 3768 1177 3821 id
1206 3768 1349 3835 quod
1376 3767 1576 3831 evenit,
1613 3766 1726 3836 regi
1766 3766 2116 3836 Assyriorum

537 3862 936 3917 renuntiarent.
996 3858 1123 3914 Haec
1170 3858 1438 3928 superbia:
1480 3857 1597 3927 ejus
1629 3858 1915 3926 stipendia.
1948 3856 2116 3912 Nobis

536 3968 752 4024 quoque
805 3952 892 4006 hic
943 3962 1102 4022 typus
1144 3950 1292 4005 utilis
1329 3958 1436 4003 est.
1481 3948 1538 4002 Si
1566 3947 1689 4018 quis
1710 3949 1854 4001 enim
1882 3949 2017 4002 iram
2045 3949 2120 4003 di-

538 4049 714 4101 vinam
751 4044 988 4116 clfugere
1024 4044 1171 4109 velit,
1217 4043 1549 4110 minimeque
1581 4041 1865 4109 illaqueari
1895 4041 2052 4097 malis
2084 4058 2115 4097 a

538 4139 649 4192 Deo
673 4175 689 4201 ,
727 4146 918 4191 caveat
957 4135 1306 4189 vehementer
1332 4150 1413 4202 .ne
1459 4133 1513 4186 in
1549 4134 1768 4187 morbos
1806 4134 2118 4189 consimiles

536 4245 801 4301 paresque
828 4228 1041 4281 illorum
1065 4226 1411 4297 perversitati
1443 4226 1668 4279 incidat.

2221 3316 2315 3369 ἀπ’
2339 3314 2517 3367 αὐτῶν
2556 3313 2771 3368 ἔσονται
2801 3314 3056 3386 ἀριθμὸς,
3098 3316 3193 3370 καὶ
3224 3314 3436 3370 παιδίον
3469 3316 3671 3387 γράψει
3716 3316 3813 3367 αὺ-

2220 3405 2366 3469 τούς.
2412 3404 2612 3474 ὐλίγοι
2653 3406 2762 3477 γὰρ
2797 3405 3098 3472 παντελῶς,
3131 3405 3206 3471 ὡς
3251 3406 3411 3477 ἔφην,
3449 3406 3580 3459 ὼσεὶ
3616 3405 3812 3475 φλογὸς

2224 3497 2521 3569 καιομένης
2570 3498 3026 3569 ἀποπηδήσαντες
3075 3498 3231 3571 μόλις
3276 3499 3687 3571 συναπέδραμον
3729 3498 3811 3568 τῷ

2225 3588 2454 3659 βασιλεῖ.
2479 3588 2778 3654 Τοσούτους
2799 3591 2857 3644 δὲ
2886 3588 3025 3644 εἷναί
3055 3609 3188 3663 φησι
3212 3590 3305 3644 τὸν
3331 3591 3563 3664 ἀριθμὸν
3589 3591 3809 3654 αὐτοὺς,

2222 3681 2298 3745 ὡς
2330 3680 2405 3752 μὴ
2441 3680 2795 3753 ὑπερκεῖσθαι
2820 3682 2916 3735 καὶ
2939 3684 3038 3755 τὴν
3073 3682 3261 3748 παιδὸς
3283 3683 3362 3736 ἔτι
3390 3682 3583 3754 νηπίου
3610 3683 3808 3755 φρένα,

2222 3770 2284 3825 τὸ
2323 3771 2584 3825 δύνασθαι
2618 3772 2873 3845 γράφειν,
2922 3774 2955 3847 ἢ
3008 3775 3341 3847 ἁπομετρεῖν
3394 3776 3611 3839 αὐτούς.
3656 3777 3812 3847 Ἔχει

2221 3864 2330 3936 γὰρ
2354 3867 2386 3936 ὴ
2420 3860 2688 3936 Ἐϐραίων
2716 3866 3032 3937 παράδοσις,
3058 3869 3139 3921 ὅτι
3167 3868 3318 3938 μόνοι
3352 3867 3811 3939 περιελείφθησαν

2218 3955 2353 4010 δέκα
2385 3956 2476 4010 τὸν
2510 3957 2765 4029 ἀριθμὸν,
2795 3959 2845 4011 οί
2877 3959 3015 4029 μετά
3058 3960 3331 4030 Ῥαψάκου
3362 3962 3421 4015 τὸ
3454 3961 3671 4033 συμϐὰν
3698 3962 3810 4015 ἁπ-

2218 4048 2575 4118 αγγείλαντες
2608 4050 2688 4120 τῷ
2730 4051 2837 4104 τῶν
2877 4051 3180 4123 Ἀσσυρίων
3224 4053 3457 4125 βασιλεῖ.
3494 4053 3677 4107 Ταῦτα
3712 4054 3812 4124 τῆς

2221 4141 2524 4213 ὑπεροψίας
2552 4141 2653 4213 τῆς
2694 4143 2905 4196 ἐκείνου
2933 4145 3001 4197 τὰ
3034 4146 3261 4215 ὀψώνια.
3304 4149 3591 4220 Χρήσιμος
3628 4147 3683 4200 δὲ
3714 4149 3813 4201 καὶ

2221 4235 2301 4296 εἰς
2330 4236 2480 4304 ἡμᾶς
2500 4233 2529 4287 6
2558 4233 2744 4298 τύπος.
2771 4236 2833 4289 Ei
2864 4235 2974 4308 γάρ
2996 4237 3058 4307 δὴ
3085 4238 3326 4308 βούλοιτό
3350 4257 3431 4303 τις
3454 4240 3559 4305 ἔξω
3580 4256 3637 4290 τε
3670 4234 3813 4292 εἶναι

534 4326 634 4397 τῆς
663 4323 813 4385 θείας
837 4321 1030 4393 ὀργῆς,
1059 4321 1154 4375 καὶ
1178 4321 1253 4391 μὴ
1278 4323 1389 4384 τοῖς
1424 4318 1588 4383 θείοις
1607 4318 1879 4375 ἀναλῶναι
1906 4324 2116 4388 κακοῖς,
2158 4328 2541 4400 παραιτεῖσθαι
2604 4328 2724 4382 λίαν
2755 4329 2815 4382 τὸ
2878 4334 3053 4384 νοσεῖν
3079 4332 3283 4388 ἐθέλειν
3315 4334 3415 4406 τῆς
3442 4334 3664 4387 ἐκείνων
3688 4332 3815 4385 δυσ-

533 4417 765 4490 τροπίας
795 4416 864 4469 τὰ
887 4416 1125 4486 συγγενῆ
1158 4432 1217 4468 τε
1258 4417 1354 4469 καὶ
1379 4412 1494 4469 ἶσα.

613 4511 782 4567 Vens.
837 4510 931 4575 20,
960 4511 1051 4563 21.
1087 4509 1157 4563 Et
1197 4511 1296 4563 erit
1325 4510 1410 4563 die
1453 4509 1572 4575 illa,
1604 4526 1705 4563 non
1735 4509 1875 4563 ultra
1899 4509 2110 4579 adjiciat

2289 4507 2396 4562 Καὶ
2423 4507 2596 4562 ἔσται
2626 4509 2693 4562 ἐν
2725 4508 2798 4577 τῇ
2841 4510 3032 4579 ἡμέρᾳ
3071 4511 3273 4580 ἐκείνῃ
3328 4512 3527 4567 οὐκέτι
3559 4528 3815 4583 προστε-

539 4604 813 4661 residuum
858 4605 913 4657 in
968 4601 1161 4667 Israel,
1206 4614 1254 4657 et
1308 4619 1399 4675 qut
1441 4606 1699 4658 evaserint
1743 4620 1809 4658 ea:
1837 4603 2024 4670 Jacob,
2056 4621 2121 4657 ex

538 4701 685 4754 ultra
740 4696 1002 4766 conﬁdent
1050 4698 1112 4750 its
1161 4698 1253 4767 qui
1307 4698 1562 4767 injuriam
1610 4697 1739 4763 ipsis
1774 4698 1996 4763 faciunt,
2027 4698 2119 4749 sed

539 4793 648 4847 Deo
680 4803 861 4846 sancto
894 4788 1065 4845 Israel
1093 4806 1210 4844 vere
1249 4791 1532 4858 conﬁdent.
1574 4789 1643 4843 Et
1697 4791 1798 4844 erit
1850 4791 2119 4844 residuum

535 4884 725 4953 Jacab,
778 4900 935 4953 super
969 4883 1138 4937 Deum
1177 4895 1460 4951 potentem.

614 5157 1016 5212 Exardcscente
1045 5157 1168 5225 igne
1198 5166 1388 5211 contra
1412 5155 1713 5212 exercitum
1742 5154 2115 5226 Assyriorum,

541 5248 647 5302 duo
690 5249 827 5315 haec,
876 5249 1071 5318 inquit,
1113 5248 1396 5303 commode
1439 5248 1693 5302 evenient
1725 5257 1782 5301 et
1810 5247 2116 5302 exsistent:

542 5339 820 5409 Superbus
867 5342 1010 5395 enim
1049 5340 1136 5393 ille
1163 5348 1218 5393 et
1241 5338 1529 5407 scelestus,
1571 5339 1779 5394 desinet
1806 5338 1990 5393 volens
2023 5354 2119 5392 no-

540 5430 656 5483 lens
686 5439 792 5481 tam
818 5444 979 5498 grave
1013 5441 1068 5483 et
1097 5430 1346 5483 odiosum
1396 5428 1744 5499 supercilium
1769 5427 1977 5483 tollere.
2004 5429 2116 5482 Ali-

542 5521 643 5575 ibit
667 5521 811 5574 enim
848 5520 1156 5587 pavidus,et
1189 5530 1386 5590 praeter
1410 5520 1875 5592 exspectationem
1908 5520 2116 5576 fractus

541 5622 596 5667 et
643 5610 976 5666 debilitatus.
1028 5610 1293 5685 lntelliget
1332 5612 1496 5669 etiam
1540 5628 1606 5670 ex
1640 5613 1740 5670 hac
1785 5628 1865 5681 re,
1899 5613 2115 5670 etiamsi

612 5772 657 5804 ¹¹
701 5770 868 5825 Exod.
902 5786 998 5837 sn,
1026 5772 1081 5827 2.

2222 4600 2474 4669 θήσεται
2508 4600 2574 4653 τὸ
2602 4601 3005 4669 καταλειφθὲν
3059 4602 3319 4670 Ἰσραὴλ,
3362 4603 3461 4657 καὶ
3490 4607 3545 4657 ol
3583 4607 3810 4660 σωθέν-

2220 4712 2321 4759 τες
2365 4694 2471 4748 τοῦ
2523 4693 2732 4749 Ἰακὼὸ
2771 4693 2973 4747 οὐκέτι
3011 4695 3098 4764 μὴ
3140 4697 3490 4763 πεποιθότες
3516 4692 3669 4752 ὦσιν
3710 4700 3812 4753 ἐπὶ

2221 4786 2362 4852 τοὺς
2394 4786 2805 4853 ἀδικήσαντας
2849 4786 3093 4852 αὐτοὺς,
3142 4788 3279 4841 ἀλλ’
3328 4788 3571 4843 ἔσονται
3602 4804 3813 4844 πεποι-

2223 4880 2392 4944 θότες
2415 4879 2512 4932 ἐπὶ
2557 4880 2665 4932 τὸν
2720 4879 2868 4932 Θεὸν
2894 4878 3002 4934 τὸν
3063 4880 3234 4951 ἅγιον
3285 4880 3395 4935 τοῦ
3445 4882 3696 4951 Ἰσραὴλ
3736 4882 3811 4953 τῇ

2221 4972 2492 5039 ἀληθείᾳ.
2543 4971 2652 5025 Καὶ
2700 4972 2873 5025 ἔσται
2913 4971 2980 5026 τὸ
3028 4971 3427 5041 καταλειφθὲν
3458 4972 3563 5027 τοῦ
3604 4973 3812 5027 Ἰακὼϐ

2220 5064 2321 5117 ἐπὶ
2366 5063 2515 5117 Θεὸν
2541 5065 2855 5133 ἰσχύοντα.

2304 5153 2739 5223 Ἐκκεκαυμένου
2786 5153 2878 5207 τοῦ
2939 5152 3111 5225 πυρὸς
3154 5153 3292 5207 κατά
3337 5155 3438 5225 τῆς
3504 5154 3809 5227 Ἀσσυρίων

2223 5247 2503 5317 στρατιᾶς,
2552 5245 2645 5299 δύο
2686 5246 2859 5300 ταῦτα
2892 5245 3371 5318 κατορθωθήσεται
3413 5246 3508 5298 καὶ
3552 5246 3808 5318 ὑπάρξει,

2223 5339 2422 5410 φησίν
2460 5339 2489 5391 6
2531 5338 2631 5409 μὲν
2662 5339 2771 5409 γὰρ
2808 5337 3023 5403 ἀλαζών
3054 5355 3111 5390 τε
3149 5340 3243 5391 καὶ
3279 5338 3591 5409 ἀλητήριος,
3643 5357 3811 5393 κατα-

2224 5429 2374 5501 λήξει
2408 5431 2502 5483 κα¹ι
2530 5432 2629 5501 οὐχ
2663 5431 2805 5484 ἑκὼν
2834 5430 2933 5500 τῆς
2962 5430 3103 5483 οὕτω
3127 5430 3304 5500 δεινῆς
3340 5432 3433 5486 καὶ
3482 5431 3808 5502 ἀπηχθημέο

2222 5540 2321 5593 νης
2369 5522 2591 5593 ὀφρύος.
2647 5523 2941 5593 Οἰχήσεται
2975 5522 3082 5594 γὰρ
3131 5520 3337 5588 δεδιὼς,
3386 5524 3481 5576 καὶ
3527 5523 3807 5592 ἀδοκήτως

2223 5614 2695 5687 κατῃσχυμμὲνος.
2733 5612 2953 5667 Εἴσεται
3004 5613 3070 5667 δι’
3117 5613 3279 5667 αὑτοῦ
3328 5613 3423 5667 τοῦ
3459 5613 3809 5686 πράγματος,
