4124 6372
349 358 458 414 195

1448 353 1518 409 IN
1559 352 1788 410 ISAIAM
1821 355 1948 410 LIB.
1989 360 2028 413 Ι.
2072 358 2278 417 ΟΙῖΑΤ.
2326 362 2408 418 νε.

3499 364 3606 420 294

352 475 448 529 καὶ
476 475 525 529 εί
559 472 639 546 μὴ
668 472 913 545 βούλοιτο
943 471 1123 543 τυχὸν,
1152 472 1236 525 ὅτι
1266 470 1368 542 τῆς
1403 470 1554 535 Θείας
1598 472 1768 544 ὀργῆς
1793 473 1936 528 κατὰ

2045 491 2145 531 non
2196 478 2325 533 velit
2363 474 2631 545 fortassis,
2674 493 2734 534 se
2777 477 2977 534 divinae
3006 476 3099 533 ira:
3132 492 3392 548 organum
3417 488 3605 535 contra

350 571 461 624 τῶν
502 569 903 641 ἡμαρτηκότων
946 569 1169 637 γέγονεν
1211 569 1462 639 όργανον,
1495 569 1590 622 καὶ
1635 568 1735 621 οὐκ
1777 566 1938 630 αὐτός

351 679 458 716 που
488 662 705 725 πάντως
735 660 811 724 ώς
843 659 905 725 ἐξ
948 660 1082 724 ἰδίας
1128 659 1311 730 ίσχύος
1342 660 1810 730 πεπλεονέκτηκεν
1840 657 1939 711 αύ-

353 748 498 813 τούς.
531 750 643 802 Καὶ
683 748 840 802 ταυτὶ
872 748 972 819 μὲν
998 747 1077 818 τῷ
1104 748 1376 820 Βαρϐάρῳ
1421 749 1778 820 συμϐήσεται.
1812 750 1938 812 Τοῖς

354 858 416 910 γε
444 840 550 911 μὴν
581 839 642 905 ἐξ
682 839 897 911 Ἰσραὴλ
944 839 1082 911 πρὸς
1113 839 1382 909 ὠφελείας
1431 840 1586 894 ἔσται
1632 840 1692 893 τὸ
1729 838 1935 910 θαῦμα,

355 932 451 986 καὶ
486 933 534 985 οἱ
573 930 893 985 κατάλοιποι
921 931 1032 984 τῶν
1062 933 1122 985 ὲν
1156 931 1461 1005 Σαμαρείᾳ,
1493 932 1640 985 τοῦτ’
1678 932 1813 997 ἔστι,
1844 930 1936 985 τοῦ

368 1023 606 1094 Ἰσραὴλ,
659 1024 755 1077 καὶ
797 1022 979 1094 μέντοι
1033 1021 1126 1076 τοῦ
1174 1022 1389 1089 Ἰακὼϐ,
1424 1023 1570 1077 τοῦτ’
1608 1024 1745 1088 ἔστι,
1776 1024 1938 1077 πάλιν

353 1115 466 1169 τῶν
498 1115 593 1168 δύο
624 1112 805 1184 φυλῶν
830 1114 939 1168 τῶν
961 1113 1135 1167 οὐσῶν
1165 1115 1225 1167 ἐν
1247 1116 1360 1178 τοῖς
1398 1114 1660 1186 Ὶεροσολύ
1670 1132 1810 1186 μοις,
1838 1114 1939 1185 τῆς

355 1208 589 1279 ἀρχαίας
638 1206 1119 1261 ἀποπεπαύσονται
1167 1206 1398 1278 πλάνης,
1441 1208 1537 1261 καὶ
1582 1206 1804 1277 ψυχρῶν
1844 1207 1939 1260 καὶ

355 1300 630 1370 ἀνονήτων
674 1297 913 1351 ἐννοιῶν.
968 1298 1044 1351 Οὐ
1094 1296 1203 1370 γὰρ
1240 1297 1451 1352 ἔσονται
1482 1298 1800 1362 πεποιθότες
1845 1297 1940 1351 ἐπὶ

355 1394 484 1456 τοὺς
514 1390 880 1461 ἀδικήσαντας
919 1388 1138 1453 αύτούς.
1182 1389 1399 1460 Ἐπειδὴ
1443 1390 1552 1461 γὰρ
1584 1389 1874 1443 πέπτωκεν
1911 1390 1941 1442 ό

356 1483 616 1555 πολέμιος
666 1482 902 1553 ἀγγέλου
971 1482 1117 1553 χειρὶ
1162 1480 1571 1551 δαπανώμενος,
1636 1481 1939 1550 ἐγνώκασιν

356 1575 599 1647 ἀκριϐῶς
624 1577 724 1646 τὴν
760 1574 941 1628 πάντα
986 1572 1281 1644 ἰσχύουσαν
1312 1573 1406 1627 τοῦ
1438 1572 1701 1637 σώζοντος
1732 1573 1935 1642 δεξιὰν,

2042 580 2357 637 peccatores
2380 572 2678 636 exstitisse,
2710 585 2812 627 nec
2847 572 2960 627 suis
2998 586 3223 642 prorsus
3267 571 3471 625 viribus
3512 585 3609 624 eos

2040 660 2329 715 invasisse.
2390 661 2572 731 Atque
2622 662 2737 717 lia'e
2785 662 3004 729 quidem
3060 662 3292 717 barbaro
3340 660 3605 718 accident.

2039 748 2301 805 lsraelitis
2331 751 2462 806 item
2499 752 2625 807 huic
2654 753 2974 807 miraculum
2998 754 3152 807 cedet
3174 752 3225 806 in
3253 752 3606 807 commodita-

2040 850 2184 907 tem,
2239 852 2294 896 et
2354 843 2445 912 qui
2495 844 2687 912 reliqui
2747 852 2875 899 sunt
2950 845 3001 899 in
3053 841 3340 907 Samaria,
3406 842 3456 895 id
3503 849 3607 902 est.

2038 932 2257 1000 lsraele,
2293 943 2347 988 et
2389 935 2446 989 iu
2481 932 2667 999 Jacob,
2704 935 2803 989 hoc
2837 947 2941 999 est,
2981 935 3188 989 duabus
3212 934 3453 989 tribubus
3483 930 3610 985 Hie-

2039 1024 2486 1091 rosolymitauis,
2542 1027 2609 1079 ab
2670 1025 2971 1080 inveterato
3023 1024 3280 1079 recedent
3309 1038 3511 1086 errore,
3555 1031 3609 1075 et

2040 1112 2255 1183 frigidis
2284 1130 2347 1169 ac
2376 1116 2557 1170 stultis
2587 1117 3046 1187 cogitatiuuculis.
3076 1115 3190 1170 Non
3221 1116 3362 1169 enim
3394 1114 3479 1167 liis
3514 1112 3607 1180 qui

2041 1203 2142 1256 sibi
2201 1203 2447 1259 fecerunt
2502 1205 2753 1276 injuriatu
2798 1206 3094 1261 confident.
3135 1204 3429 1274 Postquam
3463 1200 3606 1257 enim

2040 1292 2211 1348 hostis
2253 1295 2447 1348 cecidit
2489 1310 2647 1349 manu
2697 1296 2867 1367 angeli
2926 1295 3223 1361 confectus,
3270 1294 3610 1365 omnipoten-

2042 1394 2149 1438 tem
2191 1388 2566 1442 conservantis
2606 1388 2881 1443 dexteram
2930 1389 3131 1459 optime
3186 1394 3607 1458 perspexerunt,

2040 1474 2328 1547 ipsumque
2369 1478 2566 1533 facient
2597 1491 2926 1536 servatorem
2958 1490 3012 1535 et
3040 1480 3330 1543 vindicem,
3376 1494 3438 1531 ac
3470 1479 3519 1531 in
3546 1491 3611 1531 eo

2039 1582 2254 1623 omnem
2280 1585 2429 1639 spem
2453 1571 2750 1640 habebunt,
2776 1573 3100 1642 despueutes
3123 1588 3216 1626 eos
3247 1588 3275 1625 a
3304 1572 3500 1641 quibus
3530 1570 3611 1623 in-

358 1666 521 1720 αὑτὸν
578 1665 636 1718 δὲ
691 1664 1006 1735 ποιήσονται
1071 1665 1292 1735 σωτῆρα
1333 1662 1431 1717 καὶ
1478 1662 1787 1734 λυτρωτὴν,
1844 1664 1938 1717 καὶ

2045 1655 2235 1724 Iuriaiu
2280 1670 2625 1728 acceperunt.
2678 1661 2911 1727 Quinam
2943 1671 3120 1716 autem
3158 1661 3236 1725 Ιιί,
3261 1670 3314 1715 et
3342 1662 3612 1729 quomodo

359 1757 446 1810 ἐπ’
518 1755 665 1827 αὐτῷ
740 1756 921 1809 πᾶσαν
972 1754 1154 1821 ἕξουσι
1220 1754 1320 1824 τὴν
1393 1754 1604 1817 ἐλπίδα,
1670 1754 1939 1827 περιπτύ-

2040 1746 2292 1816 iniuriam
2326 1747 2627 1815 intulerint,
2661 1765 2883 1804 necesse
2924 1750 3096 1805 habeo
3131 1750 3332 1805 dicere.
3367 1750 3615 1803 Servavit

362 1862 554 1910 σαντες
592 1846 720 1908 τοὺς
750 1843 1081 1915 ἠδικηκότας
1121 1843 1337 1906 αύτούς.
1373 1842 1529 1906 Τίνες
1555 1842 1611 1896 δὲ
1638 1838 1804 1907 οὗτοι,
1843 1844 1938 1898 καὶ

2045 1839 2183 1894 enim
2224 1853 2318 1893 eos
2356 1840 2449 1909 qui
2496 1841 2763 1911 sanguine
2790 1839 3089 1897 Israelitico
3117 1843 3220 1897 orti
3244 1852 3369 1897 sunt
3398 1842 3615 1895 univer-

358 1939 481 1991 τίνα
526 1937 727 2009 τρόπον
769 1937 1096 2007 ἠδικήκασιν
1134 1936 1309 1989 εἰπεῖν
1356 1936 1672 2004 ἀναγκαῖον.
1722 1936 1938 1989 Σέσωκε

363 2031 462 2101 μὲν
520 2029 632 2100 γὰρ
696 2030 821 2093 τοὺς
879 2028 941 2093 ἐξ
1005 2029 1233 2099 αἵματος
1297 2027 1513 2098 Ἰσραὴλ
1573 2028 1603 2080 ό
1647 2027 1757 2080 τῶν
1804 2027 1940 2081 ὅλων

360 2120 523 2184 Θεὸς,
572 2117 928 2191 προεστηκὼς
972 2134 1033 2171 τε
1089 2117 1184 2170 καὶ
1228 2116 1605 2187 προασπίζων,
1662 2114 1757 2167 καὶ
1805 2116 1942 2167 ἀπο-

361 2212 571 2281 φαίνων
614 2213 927 2281 κρείττονας
976 2208 1085 2261 τῶν
1128 2208 1556 2278 ἀνθεστηκότων.
1618 2204 1836 2277 Ἐπειδὴ
1884 2205 1942 2258 δὲ

362 2302 658 2374 ἐτράποντο
710 2302 849 2373 πρὸς
907 2300 1243 2364 ἀντίστασιν,
1284 2300 1379 2354 καὶ
1419 2300 1468 2352 οἱ
1525 2298 1625 2370 μὲν
1680 2297 1941 2368 δαμάλεις

362 2395 717 2463 ἐτεκτήναντο
746 2394 973 2464 χρυσᾶς*
1027 2393 1075 2445 οἱ
1115 2392 1173 2445 δὲ
1208 2390 1299 2444 τὸν
1326 2388 1535 2461 Χαμὼς
1568 2389 1662 2443 καὶ
1710 2388 1941 2458 Βεελφε-

361 2484 501 2555 γὼρ,
537 2484 631 2537 καὶ
656 2483 836 2545 αὐτοῖς
864 2482 1103 2552 ἀνῆπτον
1139 2480 1200 2534 τὸ
1227 2480 1391 2544 σέϐας
1413 2496 1428 2511 ·
1462 2483 1941 2551 προσκεκυνήκασι

360 2577 419 2630 δὲ
472 2575 565 2629 καὶ
618 2576 688 2644 τῇ
735 2574 962 2644 στρατιᾷ
1010 2570 1106 2626 τοῦ
1160 2570 1427 2642 ούρανοῦ*
1466 2571 1753 2641 παρεδίδου
1800 2568 1945 2623 κατά

363 2667 587 2738 καιροὺς
614 2667 642 2718 ό
672 2665 778 2719 τῶν
822 2664 959 2717 ὅλων
1003 2662 1136 2726 Θεὸς
1185 2665 1311 2727 τοὺς
1363 2662 1765 2734 ἀνθεστηκότας
1811 2662 1943 2714 ποτὲ

366 2759 466 2830 μὲν
493 2760 606 2822 τοῖς
645 2756 829 2827 κύκλῳ
858 2756 950 2809 καὶ
988 2754 1327 2827 περιοικοῦσι
1366 2754 1465 2826 τὴν
1505 2754 1763 2808 Ἰουδαίαν
1794 2753 1943 2807 ἔθνε-

366 2866 471 2913 σιν,
524 2847 839 2919 Ἰδουμαίοις
889 2846 949 2899 τέ
999 2863 1141 2916 φημι
1188 2847 1283 2899 καὶ
1330 2844 1670 2909 Μωαϐίταις,
1701 2846 1796 2898 καὶ
1833 2846 1945 2907 τοῖς

364 2940 425 3005 ἐξ
464 2940 657 3010 Ἐλάμ,
688 2938 819 2991 ποτὲ
864 2937 922 2989 δὲ
954 2939 1069 3001 τοῖς
1096 2936 1334 3006 μακρὰν,
1374 2936 1673 3007 Ἀσσυρίοις
1710 2934 1769 2988 τέ
1801 2952 1944 3006 φημι

364 3032 461 3085 καὶ
490 3030 826 3099 Αἰγυπτίοις.
858 3028 1105 3098 Πολέμου
1139 3026 1429 3099 τοιγαροῦν
1467 3028 1946 3097 κατασκήπτοντος

364 3124 460 3177 καὶ
492 3120 958 3193 περιηγγελμένου
989 3121 1103 3183 τοῖς
1132 3119 1236 3174 άνά
1260 3121 1440 3173 πᾶσαν
1467 3118 1565 3191 τὴν
1591 3118 1795 3190 χώραν,
1827 3120 1945 3182 πῶς

2042 1930 2223 1984 sitatis
2274 1928 2439 1997 Deus,
2491 1946 2614 1986 cum
2666 1942 2722 1986 et
2774 1932 3110 2002 praesideret,
3156 1942 3209 1986 et
3243 1931 3393 2002 quasi
3429 1931 3615 2002 clypeo

2040 2030 2427 2092 propugnaret,
2487 2029 2544 2076 et
2605 2021 2860 2077 fortiores
2933 2022 3263 2077 adversariis
3342 2022 3613 2076 redderet.

2041 2109 2335 2182 Postquam
2381 2122 2559 2168 autem
2598 2115 2672 2168 ad
2703 2113 3062 2169 defectionem
3098 2113 3271 2168 aversi
3303 2122 3449 2178 sunt,
3475 2123 3532 2166 et
3561 2113 3613 2167 lii

2040 2202 2257 2271 quidem
2282 2202 2477 2258 vitulos
2511 2220 2708 2260 aureos
2736 2205 3092 2269 fabricaruut,
3126 2206 3201 2259 illi
3233 2204 3491 2267 Cbamos,
3524 2204 3613 2259 alii

2041 2293 2368 2366 Belpbegor,
2406 2296 2619 2366 illisque
2662 2298 3066 2352 venerationem
3100 2296 3428 2361 tribuerunt,
3454 2306 3617 2365 atque

2042 2388 2163 2443 caeli
2217 2388 2464 2443 militiam
2507 2390 2824 2456 adorarunt,
2887 2388 3025 2444 Deus
3062 2401 3155 2443 eos
3192 2388 3508 2449 renitentes.
3563 2395 3618 2441 et

2042 2480 2399 2546 resistentes,
2445 2481 2674 2535 diversis
2732 2480 3065 2551 temporibus
3099 2480 3317 2535 tradidit
3349 2480 3615 2563 interdum

2044 2565 2290 2621 finitimis
2339 2564 2539 2622 Iudaeae
2578 2569 2853 2637 gentibus,
2881 2568 3129 2622 ldumaais
3160 2566 3302 2630 dico,
3336 2576 3391 2620 et
3421 2565 3621 2619 Moabi-

2046 2656 2134 2721 tis,
2170 2665 2224 2711 et
2268 2655 2522 2712 Elamitis
2544 2697 2560 2723 ,
2617 2656 2779 2728 180
2811 2657 3077 2713 interdum
3108 2666 3160 2710 et
3190 2656 3344 2727 longe
3372 2657 3617 2721 remotis,

2043 2748 2303 2819 Assyriis,
2365 2749 2605 2820 inquam,
2656 2760 2711 2805 et
2757 2749 3054 2821 JEgyptiis.
3085 2748 3234 2806 Bello
3268 2750 3449 2819 itaque
3475 2766 3619 2820 gras-

2044 2849 2199 2895 sante
2249 2852 2303 2895 et
2356 2844 2554 2911 passim
2613 2857 2714 2913 per
2767 2853 2933 2899 totam
2975 2843 3247 2913 regionem
3280 2843 3615 2909 denuntiato,

2046 2948 2229 2987 annon
2262 2934 2431 2988 satius
2457 2944 2576 2989 erat
2604 2934 2879 2990 lsraelitas
2902 2936 3247 2991 reconciliari
3276 2935 3481 2990 offenso
3506 2934 3618 2989 Deo

2047 3026 2404 3093 omnipOtenti
2432 3066 2447 3091 ,
2485 3035 2539 3080 et
2591 3043 2750 3082 cursu
2807 3029 2858 3083 in
2885 3027 3076 3083 melius
3102 3038 3453 3093 commutato,
3483 3029 3617 3083 iram

2047 3119 2375 3186 depellere?
2434 3119 2728 3189 Oportebat
2784 3120 2927 3174 enim
2999 3119 3281 3190 profanam
3352 3122 3618 3177 idolorum

364 3214 465 3266 ούκ
493 3214 713 3283 ἄμεινον
752 3212 879 3274 τοὺς
916 3210 975 3276 ἐξ
1024 3209 1245 3281 Ἰσραὴλ
1286 3210 1669 3277 ἀπολογεῖσθαι
1713 3208 1943 3280 λελυπη-

2050 3210 2447 3265 multitudinem
2479 3212 2867 3277 exterminare,
2894 3223 2948 3267 et
2976 3213 3149 3283 ipsum
3175 3225 3616 3270 conservatorem

369 3305 515 3375 μένῳ
543 3302 619 3373 τῷ
642 3302 816 3354 πάντα
844 3301 1080 3371 ἰσχύοντι
1103 3298 1240 3370 Θεῷ,
1265 3301 1359 3354 καὶ
1382 3302 1503 3364 ταῖς
1530 3301 1608 3362 είς
1636 3299 1697 3352 τὸ
1727 3300 1947 3370 ἄμεινον

366 3396 697 3466 ἀναδρομαῖς
722 3392 1196 3457 ἀποσκευάζεσθαι
1222 3392 1320 3464 τὴν
1347 3392 1537 3464 όργήν;
1576 3392 1719 3444 Ἐἳει
1751 3389 1860 3461 γὰρ
1885 3392 1949 3444 ἐκ

370 3487 538 3557 μέσου
586 3484 684 3556 τὴν
721 3483 945 3554 βέϐηλον
987 3483 1096 3536 τῶν
1135 3481 1367 3535 εἰδώλων
1414 3480 1684 3535 ποιεῖσθαι
1717 3481 1947 3552 πληθὺν,

368 3579 461 3632 καὶ
517 3578 679 3631 αὐτὸν
733 3574 1133 3647 ἐπιγράφεσθαι
1188 3573 1411 3644 σωτῆρα
1480 3574 1575 3627 καὶ
1646 3572 1946 3643 λυτρωτὴν.

380 3670 541 3724 Ἀλλά
572 3670 777 3722 τούτων
829 3669 927 3739 μὲν
956 3667 1136 3736 ὀλίγος
1172 3662 1240 3737 ἦν
1283 3664 1564 3729 παντελῶς
1601 3666 1629 3717 ὁ
1663 3665 1821 3735 λόγος
1854 3666 1953 3718 αύ-

365 3765 499 3825 τοῖς.
568 3760 933 3832 Ἐπρὲσϐευον
968 3759 1025 3812 δὲ
1082 3758 1213 3811 ποτὲ
1271 3756 1370 3828 μὲν
1418 3756 1554 3825 πρὸς
1598 3756 1947 3825 Αἰγυπτίους,

365 3855 499 3908 ποτὲ
532 3854 589 3907 δὲ
624 3853 759 3923 πρὸς
801 3850 1140 3922 Ἀσσυρίους,
1184 3849 1280 3902 καὶ⁷
1313 3847 1412 3911 τὰς
1456 3850 1586 3919 παρ’
1617 3849 1796 3902 αὐτῶν
1826 3850 1949 3901 ἐπι-

366 3946 589 4017 κουρίας
636 3943 883 3996 ἐκάλουν.
926 3939 1242 4005 Ἐντεῦθεν,
1283 3935 1469 4009 οἶμαι,
1511 3938 1674 4002 Θεὸς,
1710 3938 1804 3991 καὶ
1869 3938 1949 3991 ἔτι

369 4038 632 4108 μειζόνως
671 4037 755 4089 ἐπ’
790 4035 974 4096 αὐτοῖς
1010 4031 1366 4102 κατεθήγετο.
1413 4031 1737 4101 Ἦδικήκασι
1768 4029 1948 4083 τοίνυν

364 4130 459 4183 τόν
476 4147 536 4183 τε
569 4127 808 4200 Ἰσραὴλ,
837 4124 1041 4180 καὶτὸν
1070 4122 1285 4188 Ἰακὼϐ,
1307 4122 1464 4176 τοῦτο
1490 4122 1587 4194 μὲν
1604 4125 1651 4176 οἱ
1677 4121 1949 4191 ψευδώνυ-

368 4238 459 4292 μοι
490 4220 623 4284 θεοὶ,
651 4221 749 4290 τὴν
780 4218 929 4271 θείαν
959 4218 1045 4270 ἐπ’
1075 4218 1257 4279 αὐτοῖς
1296 4214 1589 4277 καλοῦντες
1633 4214 1824 4285 ὀργὴν,
1854 4214 1948 4267 καὶ

366 4313 454 4366 ἐπ’
496 4313 679 4375 αὐτοῖς
725 4310 1049 4364 πεποιθέναι
1088 4306 1635 4378 παρασκευάζοντες*
1685 4306 1841 4359 τοῦτο
1887 4306 1947 4359 δὲ

365 4403 416 4455 οί
445 4399 690 4473 χρήμασί
718 4417 776 4452 τε
803 4400 895 4453 καὶ
916 4397 1110 4469 δώροις
1137 4395 1440 4459 πωλοῦντες
1484 4395 1666 4457 αὐτοῖς
1708 4394 1810 4464 τὴν
1856 4396 1949 4448 ἀν-

366 4495 555 4563 όνητον
583 4492 920 4562 ἐπικουρίαν.
970 4487 1381 4559 Δαπανηθείσης
1412 4485 1611 4549 τοίνυν,
1662 4485 1815 4556 φησι,
1849 4484 1946 4555 τῆς

365 4587 476 4641 τῶν
511 4585 787 4655 πολεμίων
814 4582 1053 4653 πληθύος
1079 4582 1138 4634 ὲν
1169 4579 1267 4651 μιᾷ
1306 4577 1480 4641 νυκτὶ,
1510 4576 1695 4629 λοιπὸν
1734 4575 1948 4628 ἔσονται

370 4676 693 4738 πεποιθότες
721 4676 812 4728 ἐπὶ
841 4672 980 4743 Θεῷ,
1004 4673 1098 4726 καὶ
1124 4670 1211 4724 διά
1241 4670 1431 4741 πείρας
1456 4666 1626 4736 αὐτῆς
1648 4665 1949 4734 ἐγνωκότες

363 4769 463 4840 τὴν
494 4766 747 4836 παναλκῆ
771 4764 865 4818 τοῦ
899 4763 1173 4825 σώσαντος
1198 4760 1398 4828 δεξιὰν,
1431 4760 1528 4812 οῦκ
1561 4759 1653 4812 ἐπὶ
1692 4758 1802 4819 τοῖς
1835 4756 1949 4811 ἀδι-

365 4862 599 4931 κήσασιν
646 4859 843 4920 αὐτοὺς
896 4856 1213 4924 ποιήσονται
1266 4851 1368 4922 τὴν
1419 4849 1636 4912 ἐλπίδα,
1694 4847 1809 4901 ἀλλ’
1859 4849 1946 4900 ἐπ’

2048 3312 2104 3356 et
2152 3304 2549 3374 redemptorem
2591 3318 2930 3373 nuncupare.
2974 3304 3243 3359 Caeterum
3282 3305 3504 3373 hujusce
3544 3307 3619 3361 rei

2049 3393 2190 3447 nulla
2237 3395 2376 3461 apud
2409 3409 2503 3448 eos
2534 3395 2671 3449 ratio
2698 3395 2878 3447 habita
2913 3403 3015 3447 est.
3048 3393 3279 3464 Legatos
3308 3397 3450 3449 enim
3480 3412 3620 3452 nunc

2048 3484 2116 3539 ad
2167 3484 2472 3555 {Egyptios,
2506 3499 2647 3539 nunc
2693 3486 2760 3538 ad
2783 3484 3038 3555 Assyrios
3072 3484 3380 3551 mittebant,
3412 3501 3620 3541 eorum-

2047 3591 2156 3644 que
2204 3576 2502 3630 subsidium
2549 3577 2931 3647 implorabant.
2981 3576 3141 3644 llinc,
3181 3580 3435 3644 arbitror,
3481 3581 3619 3634 Deus

2049 3668 2270 3736 gravius
2298 3667 2469 3720 etiam
2496 3668 2549 3721 in
2578 3682 2673 3723 eos
2699 3671 3055 3723 exacerbatus
3082 3677 3185 3724 est.
3217 3670 3413 3739 lnjttria
3440 3672 3619 3739 itaque

2048 3756 2347 3811 afl‘eCerunt
2386 3757 2642 3811 Israelem
2698 3768 2753 3811 et
2786 3756 3070 3822 Jacobum,
3116 3774 3238 3814 cum
3278 3760 3413 3815 falso
3442 3763 3619 3815 nomi-

2051 3848 2164 3902 nati
2196 3848 2290 3913 dii,
2330 3850 2565 3903 divinam
2600 3850 2651 3903 in
2684 3850 2829 3920 ipsos
2861 3851 2995 3905 iram
3027 3862 3336 3919 evocantes,
3362 3863 3415 3907 et
3437 3862 3492 3907 ut
3514 3854 3616 3907 sibi

2048 3940 2275 3994 fiderent
2328 3941 2619 3995 efficientes
2654 3958 2669 3995 :
2712 3951 2823 3996 tum
2867 3957 2997 3999 vero
3044 3944 3118 4009 bi,
3150 3948 3241 4013 qui
3288 3946 3532 4015 pecuniis
3565 3955 3621 4001 ιιι

2048 4031 2207 4085 donis
2266 4031 2454 4085 inutile
2489 4033 2619 4101 ipsis
2651 4033 2910 4087 auxilium
2941 4034 3323 4091 divendebant.
3353 4034 3620 4092 Consum-

2048 4132 2137 4192 pta
2185 4123 2350 4193 igitur
2392 4123 2707 4178 bellantium
2751 4125 3095 4182 multitudine
3131 4142 3236 4182 una
3270 4138 3444 4194 nocte,
3473 4128 3622 4183 dein-

2048 4228 2177 4282 ceps
2224 4214 2496 4268 confident
2540 4214 2673 4279 Deo,
2717 4224 2772 4269 et
2823 4216 2941 4286 ipso
2987 4219 3360 4287 experimento
3408 4222 3620 4291 cognita

2048 4300 2343 4357 fortissima
2385 4306 2655 4360 servantis
2691 4306 2913 4360 dextera
2937 4349 2952 4374 ,
2998 4323 3103 4362 non
3149 4308 3216 4363 iis
3243 4309 3335 4379 qui
3366 4310 3619 4378 injuriam

2048 4394 2317 4460 fecerunt,
2348 4395 2643 4462 confident,
2676 4399 2769 4453 sed
2805 4400 2857 4454 in
2886 4400 3002 4470 ipso
3031 4410 3219 4456 sancto
3249 4402 3460 4458 lsraelis
3494 4419 3623 4460 vere

2052 4501 2198 4556 spem
2256 4503 2409 4541 suam
2457 4488 2819 4545 collocabunt.
2872 4490 2937 4544 Et
2994 4492 3098 4546 erit
3126 4493 3398 4548 residuum
3431 4492 3620 4561 πωροι»,

2053 4593 2174 4631 cum
2200 4577 2309 4633 Deo
2339 4590 2579 4649 potente.
2610 4580 2719 4637 Nec
2744 4583 2886 4637 enim
2912 4583 3071 4654 lignis
3090 4596 3183 4640 aut
3214 4585 3480 4656 lapidibus
3502 4603 3620 4641 am-

2050 4668 2191 4735 plius
2241 4670 2507 4738 nitentur,
2549 4673 2642 4727 sed
2684 4673 2865 4742 potius
2905 4674 2960 4729 in
2995 4676 3088 4730 illo
3118 4676 3426 4746 prazsidium
3459 4678 3622 4732 collo-

2049 4760 2270 4823 cabunt,
2320 4762 2410 4829 qui
2464 4762 2565 4816 fuit
2613 4778 2829 4832 semper
2879 4764 2984 4818 illis
3014 4766 3307 4835 epitulator
3340 4777 3395 4821 et
3424 4783 3625 4838 pr0pu-

2048 4863 2264 4921 gnator,
2305 4866 2585 4909 armatura
2615 4865 2668 4910 et
2703 4873 2890 4913 murus
2918 4858 3200 4914 infractus.

364 4958 529 5012 αὑτὸν
563 4954 657 5007 τὸν
697 4952 850 5019 ἀγιον
880 4950 976 5004 τοῦ
1020 4947 1234 5019 Ἰσραὴλ
1256 4949 1320 5017 τῇ
1359 4944 1607 5016 ἀληθείᾳ.
1648 4944 1758 4997 Καὶ
1801 4943 1954 4998 ἔσται
1989 4944 2051 4999 τὸ
2087 4947 2447 5018 καταλειφθὲν
2514 4950 2608 5004 τοῦ
2678 4950 2872 5005 Ἰακὼϐ
2919 4953 3011 5005 ἐπὶ
3058 4952 3191 5007 Θεὸν
3240 4955 3512 5025 ἰσχύοντα.
3548 4958 3621 5011 Οὐ

367 5053 480 5121 γὰρ
534 5048 709 5115 ξύλοις
754 5046 849 5100 καὶ
898 5044 1069 5107 λίθοις
1120 5044 1200 5095 ἔτι
1247 5042 1631 5113 θαρσήσουσιν,
1682 5038 1843 5092 αὑτὸν
1898 5039 1956 5093 δὲ
2027 5043 2227 5113 μᾶλλον
2274 5046 2592 5116 ποιήσονται
2662 5046 2761 5118 τὴν
2820 5048 3008 5119 ἰσχὺν,
3055 5048 3116 5112 ὃς
3165 5050 3386 5119 γέγονεν
3442 5052 3626 5117 αὐτοῖς

367 5144 657 5215 ἐπίκουρός
680 5158 737 5195 τε
760 5141 868 5205 ἀεὶ,
929 5139 1026 5192 καὶ
1066 5136 1464 5208 προασπιστὴς,
1499 5132 1662 5187 ὅπλον
1696 5133 1789 5186 καὶ
1843 5135 2017 5204 τεῖχος
2053 5135 2317 5208 ἀρῤαγές.

437 5238 546 5292 Καὶ
582 5236 689 5289 ἐὰν
736 5233 982 5303 γένηται
1016 5233 1049 5285 ὀ
1076 5230 1224 5295 λαὸς
1267 5226 1506 5294 Ἰσραὴλ
1549 5226 1629 5291 ὠς
1668 5225 1705 5293 ἡ
1760 5224 1953 5295 ἅμμος

364 5330 475 5398 τῆς
508 5327 849 5395 θαλάσσης,
880 5325 943 5377 τὸ
977 5320 1347 5389 κατάλειμμα
1370 5317 1729 5386 σωθήσεται.
1758 5320 1950 5386 Λόγος

367 5424 476 5494 γὰρ
512 5418 829 5476 συντελῶν
850 5419 945 5471 καὶ
977 5416 1327 5483 συντέμνων
1354 5412 1422 5465 ἐν
1450 5410 1827 5478 δικαιοσύνῃ,
1859 5410 1948 5464 ὅτι

362 5516 550 5583 λόγον
594 5508 1088 5580 σιιντετμημένον
1133 5502 1374 5570 ποιήσει
1409 5506 1441 5558 ὀ
1491 5503 1635 5569 Θεὸς
1666 5503 1735 5556 ἐν
1762 5500 1838 5571 τῇ
1865 5505 1948 5556 ol-

364 5603 626 5673 κοινμένῃ
660 5603 794 5671 ὅλῃ.

437 5697 559 5747 Ὂτι
586 5694 695 5747 τῶν
732 5691 978 5747 ἀπειθεῖν
1010 5690 1322 5761 ᾑρημένων,
1360 5690 1455 5743 καὶ
1482 5688 1616 5743 πολὺ
1643 5688 1934 5760 νενοσηκό-

362 5805 469 5840 των
518 5787 579 5839 τὸ
635 5787 838 5857 ἀπηνὲς
892 5787 982 5838 καὶ
1034 5785 1349 5857 δυσάγωγον
1403 5785 1575 5850 οὐδεὶς
1623 5784 1688 5838 ἂν
1732 5782 1945 5852 γένοιτο

2128 5228 2288 5285 Vens.
2322 5230 2413 5296 τε,
2443 5231 2532 5286 25.
2563 5232 2717 5299 Quod
2742 5235 2789 5289 si
2809 5234 2969 5305 fuerit
3000 5233 3223 5303 populus
3256 5234 3479 5289 Israelis
3515 5237 3623 5290 vel-

2054 5330 2108 5373 ut
2147 5336 2306 5373 arena
2350 5323 2532 5386 maris,
2576 5323 2810 5392 reliquiae
2857 5340 3034 5378 eorum
3086 5312 3453 5383 servabuntur.
3494 5325 3626 5378 Ver-

2051 5413 2172 5465 bum
2196 5413 2331 5466 enim
2371 5429 2735 5469 consummans
2766 5426 2813 5469 et
2846 5415 3119 5470 concidens
3146 5418 3201 5469 in
3230 5417 3467 5486 justilia,
3500 5420 3623 5487 quia

2049 5503 2315 5555 concisum
2352 5518 2642 5558 sermonem
2693 5505 2852 5575 faciet
2897 5506 3037 5561 Deus
3080 5508 3134 5560 in
3174 5509 3294 5562 orbe
3322 5519 3477 5563 teme
3504 5509 3623 5562 uni-

2048 5610 2216 5655 uerso.

2111 5685 2264 5753 Quod
2325 5687 2465 5742 Deus
2501 5689 2814 5758 pervicaces
2853 5700 2904 5746 ct
2939 5692 3309 5749 iuobedicutes
3335 5708 3398 5748 ac
3454 5693 3622 5748 refra-

2049 5779 2249 5836 ctarios
2271 5780 2421 5837 nihili
2469 5782 2720 5851 aestimet,
2755 5798 2933 5841 servet
2968 5797 3144 5843 autem
3184 5786 3436 5857 omnique
3462 5786 3623 5840 mise-
