4152 6366
505 347 609 403 295

1497 338 1550 392 s.
1593 335 1871 393 CYRILLI
1915 316 2381 390 ALEXANDle
2419 329 2736 386 AltClllEP.

3651 325 3759 383 9'96

508 459 741 516 ricordia
759 458 1009 528 dignetur
1034 455 1308 511 hominem
1339 454 1670 523 morigerum
1700 460 1755 506 et
1775 465 2084 520 sequacem,

2191 448 2340 517 παρὰ
2373 446 2495 518 Θεῷ
2533 448 2710 515 λόγος,
2740 443 2901 509 σώζει
2930 460 2993 513 γε
3017 440 3123 516 μὴν
3146 445 3238 498 καὶ
3284 442 3497 513 φειδοῦς
3539 440 3761 513 ἁπάσης

507 553 659 607 hisce
705 551 891 606 verbis
934 549 1091 604 nobis
1120 546 1485 618 pulcherrime
1517 544 1776 600 ostendit.
1805 542 2083 598 Profectus

507 650 589 695 est
617 639 892 709 siquidem
920 639 1176 708 Assyrius
1203 636 1253 689 in
1282 649 1496 689 omnem
1527 642 1741 704 gentem
1779 631 2081 697 Judaicam,

508 746 573 783 ac
602 729 656 782 in
688 728 871 782 animo
909 727 1096 781 habuit
1137 724 1339 778 nemini
1378 738 1623 793 parcere,
1654 722 1749 777 sed
1777 721 2083 775 universam

510 827 779 896 regionem
819 824 1068 893 stirpitus
1097 820 1432 881 exscindere,
1466 819 1879 886 hominibusque
1907 815 2087 870 deser-

509 929 615 972 tam
666 929 721 971 et
764 916 957 971 incolis
1002 929 1224 968 vacuam
1270 911 1517 965 reddere.
1550 909 1617 963 Et
1643 908 1838 963 delevit
1866 906 2082 977 quidem

510 1006 851 1072 Samariam,
896 1013 952 1060 et
995 1018 1102 1057 una
1147 1002 1292 1071 cepit
1332 999 1531 1055 Judmae
1560 999 1721 1053 urbes
1753 999 2081 1052 innumeras.

511 1099 759 1154 Servavit
784 1107 965 1151 autem
1009 1093 1336 1148 mirabiliter
1376 1090 1918 1159 Hierosolymitanos.
1953 1086 2083 1153 Quae

507 1202 593 1247 est
620 1193 800 1260 itaque
829 1189 993 1259 hujus
1026 1188 1162 1241 ratio
1193 1185 1421 1248 ?Certe,
1458 1184 1656 1253 inquit,
1682 1181 1939 1251 quoniam
1967 1195 2085 1233 em-

509 1283 595 1338 nis
639 1280 810 1336 Israel
844 1280 1125 1350 impietate
1167 1292 1225 1331 se
1256 1292 1362 1330 non
1400 1270 1956 1337 connnaculavit,‘sed
1988 1269 2087 1323 ali-

508 1382 641 1441 quot
696 1370 1027 1426 exstiterunt
1087 1367 1244 1437 181
1301 1365 1392 1434 qui
1445 1363 1606 1433 impie
1649 1360 1997 1431 peccantibus
2031 1362 2084 1413 in

512 1464 677 1517 Deum
721 1462 1135 1531 indignarentur
1171 1476 1185 1513 :
1240 1457 1444 1512 idcirco
1477 1464 1663 1509 sancta
1695 1462 1752 1508 et
1785 1451 2083 1521 justissima

509 1553 783 1609 sententia
834 1551 959 1614 fuit,
1009 1564 1129 1619 qua:
1182 1548 1236 1601 in
1269 1546 1414 1601 solos
1449 1555 1737 1614 peccantes
1759 1556 1970 1611 plenam
1993 1539 2087 1593 de-

509 1654 780 1701 cerneret.
831 1641 1031 1697 Verum
1074 1650 1254 1695 autem
1288 1652 1409 1693 esse
1439 1638 1542 1691 hoc
1568 1635 1791 1689 verbum
1828 1632 1974 1686 nullo
2004 1631 2086 1685 la-

507 1740 640 1794 hore
670 1736 972 1791 videbimus
995 1750 1059 1788 ex
1093 1734 1179 1787 his
1201 1747 1321 1802 quae
1354 1731 1556 1798 scripta
1596 1738 1724 1782 sunt
1769 1726 1909 1794 apud
1950 1725 2085 1778 Eze-

506 1829 736 1883 chielem
787 1827 1131 1898 prophetam.
1164 1824 1313 1878 Dixit
1344 1823 1489 1876 enim
1525 1818 1891 1875 lsraelitarum
1926 1832 2089 1886 quos-

506 1923 630 1974 dam
655 1921 801 1974 visos
824 1932 947 1972 esse
973 1916 1140 1972 solem
1167 1916 1418 1977 adorare,
1436 1912 1603 1968 Deum
1624 1920 1802 1964 autem
1820 1910 2086 1964 dicentem

507 2014 575 2066 de
621 2011 759 2079 ipsis
800 2009 1069 2063 audisse;
1118 2025 1138 2057 ι
1177 2006 1394 2069 Vidisti,
1441 2002 1515 2057 lili
1561 2001 1816 2063 hominis,
1849 1998 2088 2068 nunquid

505 2116 699 2172 parum
753 2100 854 2153 fuit
904 2098 1081 2153 domui
1129 2095 1313 2159 Israel,
1364 2102 1423 2148 ut
1488 2092 1734 2147 facerent
1776 2089 2089 2158 iniquitates

508 2208 650 2263 quas
705 2198 994 2262 patrarunt
1029 2188 1163 2242 hic?
1193 2189 1321 2259 quia
1356 2186 1716 2254 impleverunt
1757 2195 1954 2237 terram
1987 2180 2092 2234 ini-

507 2289 750 2356 quitate,
804 2292 858 2338 et
912 2281 1160 2337 conversi
1213 2290 1338 2334 sunt
1378 2288 1437 2332 ut
1484 2278 1550 2331 ad
1583 2276 1718 2330 iram
1753 2275 2090 2329 concitarent

510 2391 598 2431 me
651 2376 717 2428 “.
751 2394 771 2428 ι
811 2372 941 2428 Dein
988 2373 1106 2440 ait,
1159 2371 1447 2441 quemdam
1478 2368 1653 2422 visum
1701 2378 1823 2419 esse
1865 2362 2088 2417 talarem

507 2477 715 2522 vestem
764 2467 1053 2521 habentem
1099 2472 1155 2517 et
1192 2463 1550 2523 succinctum,
1586 2458 1674 2516 cui
1716 2448 2091 2512 dixituniver-

507 2560 689 2616 sitatis
760 2558 939 2613 Deus:
998 2574 1018 2609 ι
1052 2555 1287 2625 Peragra
1343 2555 1581 2609 mediam
1633 2550 1978 2613 Jerusalem,
2038 2557 2092 2602 et

510 2651 730 2721 signato
769 2652 976 2704 lrontes
1028 2646 1271 2701 virorum
1316 2648 1646 2715 gementium
1699 2653 1753 2697 et
1797 2641 2089 2696 dolentium

514 2759 680 2813 super
740 2741 955 2796 cunctis
1007 2739 1387 2808 iniquitatibus
1438 2751 1561 2807 quae
1618 2736 1752 2790 liunt
1812 2736 1865 2789 in
1912 2733 2091 2789 medio

510 2835 699 2901 ipsius.
737 2832 803 2886 Et
840 2833 948 2887 illis
984 2831 1123 2885 dixit
1172 2830 1425 2884 audiente
1475 2843 1604 2884 tne:
1638 2827 1715 2882 lte
1741 2828 1793 2882 in
1818 2827 2089 2882 civitatem

511 2934 633 2993 post
666 2940 788 2978 cum
811 2963 827 2989 ,
862 2936 917 2978 et
953 2923 1164 2989 credite,
1194 2938 1295 2978 nec
1317 2922 1647 2991 compareite
1672 2922 1844 2977 oculis
1875 2920 2090 2983 vestris,

511 3033 613 3071 nec
661 3017 1021 3071 miseremini.
1064 3015 1379 3081 Seuiorem,
1402 3014 1696 3085 juniorem,
1723 3012 2010 3082 virginem,
2040 3020 2094 3065 et

514 3108 749 3164 infantes
797 3121 852 3165 et
900 3108 1152 3164 mulieres
1206 3108 1491 3163 interﬁcite
1541 3106 1607 3162 ad
1648 3105 2089 3161 internecionem.

518 3199 629 3256 Sed
659 3200 906 3269 quisquis
942 3200 1154 3269 signum
1179 3199 1364 3261 habet,
1393 3200 1457 3252 ad
1473 3212 1595 3252 eum
1618 3212 1684 3251 ue
1701 3196 2025 3251 accedite“.
2065 3217 2085 3250 ι
2118 3169 2162 3228 (ί

522 3290 767 3348 Observa
803 3292 966 3361 igitur
994 3305 1103 3359 quo
1132 3298 1290 3359 pacto
1314 3288 1564 3359 obsiguet
1595 3286 1739 3341 Deus
1764 3301 1861 3341 sua
1896 3286 2090 3357 gratia,

512 3396 567 3440 et
610 3385 759 3456 piutn
814 3396 871 3438 et
897 3392 1165 3449 sanctum,
1194 3393 1250 3437 et
1281 3396 1343 3436 ea
1386 3389 1606 3451 propter
1637 3395 1756 3448 qua:
1785 3381 1969 3434 caeteri
1998 3394 2096 3432 au-

514 3478 663 3530 dicut
701 3493 824 3530 eum
860 3474 1161 3539 olfendere,
1213 3474 1451 3544 graviter
1484 3473 1744 3528 ferentem
1780 3483 1836 3526 et
1870 3472 2095 3527 connni-

523 3581 819 3623 serantem.
875 3568 1091 3635 Quare,
1145 3569 1361 3637 inquit,
1417 3566 1630 3620 etiamsi
1685 3580 1971 3619 rnnnerosa
2025 3564 2095 3618 sit

516 3661 885 3715 lsraelitarutu
943 3661 1252 3724 multitudo,
1281 3663 1415 3713 adeo
1453 3670 1511 3713 ut
1537 3674 1715 3713 arente
1744 3658 1797 3712 in
1823 3657 2096 3713 littoribus

518 3752 708 3819 positae
753 3750 1056 3818 comparari
1090 3764 1253 3819 posse
1298 3746 1582 3801 videantur
1609 3785 1626 3810 ,
1661 3745 1902 3815 reliquia:
1932 3745 2094 3798 salva:

518 3852 701 3896 erunt.
726 3840 877 3907 Quod
907 3858 1039 3896 sane
1065 3839 1285 3909 contigit
1322 3840 1566 3895 Ezechiae
1598 3838 1949 3907 temporibus.
1988 3835 2094 3889 De-

518 3933 625 3987 leta
657 3943 741 3987 est
773 3933 940 3997 enim,
970 3932 1045 3986 uti
1068 3932 1180 3986 dixi
1207 3972 1221 3997 ,
1255 3930 1526 3995 Samaria,
1554 3938 1608 3983 et
1644 3944 1748 3981 una
1789 3927 2095 3995 complures

517 4023 719 4078 Judaca:
746 4025 907 4075 urbes
936 4032 1128 4089 capue.
1162 4019 1385 4073 Factum
1416 4029 1501 4073 est
1532 4019 1695 4073 etiam
1727 4019 1828 4072 hoc
1863 4016 2090 4071 extremi

521 4113 704 4167 annuli
749 4113 1102 4181 temporibus,
1138 4110 1429 4180 Uuigeuito
1454 4110 1606 4165 nobis
1634 4110 1688 4162 in
1719 4122 1882 4161 carne
1906 4108 2093 4163 illuce-

519 4214 725 4260 tacente.
763 4204 914 4259 Tunc
942 4204 1128 4267 etiam,
1164 4214 1290 4257 tunc
1327 4204 1548 4255 verbum
1580 4199 1874 4256 concidens
1907 4201 1959 4253 in
2001 4200 2090 4267 ju-

519 4298 690 4361 Stitia,
718 4298 939 4351 verbum
966 4296 1239 4350 concisum
1269 4309 1362 4349 seu
1388 4292 1764 4347 abbreviatum
1792 4291 1922 4347 fecit
1945 4292 2085 4346 Deus

522 4392 575 4445 in
630 4400 741 4444 toto
770 4390 901 4442 orbe
933 4400 1111 4441 terrae.
1154 4385 1262 4441 Lex
1300 4386 1444 4441 enim
1475 4400 1571 4455 per
1608 4384 1810 4440 Mosen!
1846 4386 1970 4439 data
1996 4398 2092 4453 per

2184 539 2327 604 ἀξιοῖ
2371 540 2461 591 τὸν
2515 537 2738 607 εὐπειθῆ
2789 537 2882 589 καὶ
2909 537 3142 607 εὐήνιον,
3171 535 3257 589 διὰ
3283 534 3488 587 τούτων
3531 536 3665 604 ἡμῖν
3697 528 3757 587 εὗ

2186 631 2334 701 μάλα
2358 629 2669 699 καταδηλοῖ.
2704 629 2953 697 Ἀφῖκται
2983 628 3082 698 μὲν
3110 627 3217 697 γὰρ
3246 629 3275 680 6
3310 625 3591 696 Ἀσσύριος
3618 626 3761 679 κατὰ

2185 720 2387 784 παντὸς
2423 720 2518 773 τοῦ
2560 720 2828 773 Ἰουδαίων
2860 718 3047 781 ἔθνους
3067 735 3081 749 ο
3115 719 3207 771 καὶ
3243 717 3441 781 σκοπὸς
3488 712 3557 786 ἦν
3587 716 3757 786 αὐτῷ,

2186 812 2479 882 φείσασθαι
2531 813 2630 882 μὲν
2676 812 2909 876 οὐδενὸς,
2960 810 3128 883 ἄρδην
3165 810 3221 863 δὲ
3259 812 3434 864 πᾶσαν
3469 811 3759 880 ἀποκεῖραι

2184 909 2285 978 τὴν
2318 906 2521 977 χώραν,
2553 907 2648 959 καὶ
2695 905 2984 975 κένανδρον
3014 904 3314 974 ἀποφῆναι,
3344 904 3438 957 καὶ⁹
3470 903 3576 956 τῶν
3622 905 3761 957 ἐνοι-

2184 998 2425 1052 κούντων
2454 998 2679 1070 ἔρημον.
2711 998 2821 1051 Καὶ
2849 997 3151 1066 ὼλόθρευσε
3179 996 3278 1067 μὲν
3304 997 3405 1065 τὴν
3426 994 3756 1065 Σαμάρειαν,

2188 1092 2455 1159 συνεξεῖλε
2504 1091 2563 1144 δὲ
2603 1092 2741 1161 αὐτῇ
2772 1092 2869 1159 τῆς
2912 1089 3170 1152 Ἰουδαίας
3214 1088 3313 1141 οὐκ
3362 1087 3763 1159 εὐαριθμήτους

2186 1184 2399 1247 πόλεις·
2435 1183 2639 1236 σέσωκε
2686 1183 2745 1235 δὲ
2794 1180 3115 1253 παραδόξως
3166 1179 3320 1243 Θεὸς,
3369 1180 3495 1242 τοὺς
3545 1181 3602 1231 ἐν
3647 1181 3761 1243 τοῖς

2198 1274 2605 1347 Ἰεροσολύμοις.
2650 1275 2747 1337 Τίς
2791 1270 2883 1326 οὖν
2922 1275 2950 1326 6
2993 1272 3149 1325 τοῦδε
3178 1271 3354 1339 λόγος.
3406 1268 3530 1333 Ναὶ,
3564 1271 3751 1341 φησὶν,

2185 1367 2374 1437 ἐπειδὴ
2407 1368 2516 1438 γὰρ
2544 1367 2642 1436 οὐχ
2676 1367 2821 1428 ἄπας
2865 1364 3255 1433 δεδυσσέϐηκεν
3290 1366 3318 1416 6
3363 1360 3599 1434 Ἰσραὴλ,
3646 1361 3763 1414 όιλλ⁹

2184 1454 2324 1529 ἦσαν
2355 1459 2494 1528 τάχα
2528 1458 2631 1510 πού
2659 1474 2825 1521 τινες,
2859 1459 2907 1509 οἱ
2943 1456 3038 1509 καὶ
3084 1453 3473 1526 δυσφοροῦντες
3504 1454 3644 1523 ἄγαν
3669 1454 3763 1506 ἐπὶ

2186 1552 2297 1611 τοῖς
2323 1547 2673 1601 δυσσεϐοὖσιν
2701 1549 2779 1610 εἰς
2810 1547 2961 1611 Θεὸν,
2993 1545 3249 1617 ταύτῃτοι
3287 1546 3511 1614 γέγονεν
3544 1546 3665 1598 ὁσία
3702 1562 3761 1597 τε

2186 1643 2281 1695 καὶ
2310 1642 2625 1711 δικαιοτάτη
2670 1640 2870 1710 ψῆφος,
2912 1638 3053 1692 κατὰ
3090 1639 3265 1709 μόνων
3306 1638 3514 1706 ἄγουσα
3541 1636 3640 1707 τὴν
3684 1637 3764 1688 δί-

2188 1749 2292 1802 κην
2314 1732 2424 1784 τῶν
2450 1731 2866 1802 ἡμαρτηκότων.
2902 1730 3021 1784 Ὀτι
3046 1729 3103 1782 δέ.
3135 1731 3280 1783 ἐστιν
3308 1727 3511 1799 ἀληθὴς
3540 1728 3567 1779 6
3604 1726 3761 1794 λόγος

2121 1831 2160 1885 Β
2189 1824 2419 1894 ἀπονητὶ
2452 1822 2889 1893 καταθρήσομεν,
2938 1823 3032 1874 καὶ
3058 1821 3135 1883 ὠς
3159 1820 3265 1873 ἀπό
3294 1837 3358 1889 γε
3382 1819 3489 1873 τῶν
3518 1836 3759 1889 γεγραμ·

2192 1919 2369 1988 μένων
2395 1918 2451 1969 ἐν
2479 1915 2557 1986 τῷ
2590 1919 2842 1985 προφήτῃ
2883 1912 3161 1983 Ἰεζεκιήλ.
3204 1913 3349 1982 Ἔφη
3401 1911 3497 1982 μὲν
3544 1912 3652 1983 γὰρ
3676 1928 3764 1964 τε·

2189 2008 2414 2062 θεᾶσθαι
2467 2008 2618 2070 τινὰς
2671 2007 2781 2059 τῶν
2830 2004 2890 2068 ἐξ
2947 2003 3164 2076 Ἰσραὴλ
3202 2002 3639 2075 προσκυνοῦντας
3684 2002 3765 2072 τῷ

2189 2101 2345 2171 ἡλίῳ,
2374 2098 2508 2153 Θεοῦ
2537 2099 2595 2152 δὲ
2628 2098 2880 2166 λέγοντος
2905 2096 3134 2150 ἀκοῦσαι
3161 2096 3289 2165 περὶ
3313 2095 3491 2147 αὐτῶν
3514 2111 3528 2124 ο
3568 2115 3585 2145 ι
3627 2094 3765 2147 Ἑώ-

2192 2207 2385 2262 ρακας,
2434 2190 2517 2242 uls
2560 2186 2868 2258 ἀνθρώπου,
2909 2185 2983 2256 μὴ
3034 2185 3228 2256 μικρὸν
3270 2184 3348 2256 τῷ
3375 2186 3507 2255 οἴκῳ
3548 2184 3766 2256 Ἰσραὴλ

2187 2281 2282 2334 τοῦ
2314 2282 2486 2334 ποιεῖν
2524 2279 2623 2343 τὰς
2660 2278 2910 2349 ἀνομίας,
2966 2277 3029 2341 ἃς
3062 2278 3424 2348 πεποιήκασιν
3463 2272 3563 2329 ὦδε
3587 2293 3602 2308 ο
3632 2277 3767 2330 διότι

2190 2374 2430 2444 ἔπλησαν
2488 2371 2587 2443 τὴν
2636 2372 2739 2441 γῆν
2793 2371 3040 2441 ἀνομίας.
3109 2371 3218 2423 Καὶ
3274 2369 3614 2440 ἐπέστρεψαν
3671 2368 3766 2421 τοῦ

2190 2466 2521 2538 παροργίσαι
2558 2482 2645 2535 με.
2700 2482 2718 2515 r
2754 2458 2885 2516 Εἶτά
2930 2480 3093 2533 φησιν
3141 2461 3311 2533 ἄνδρα
3349 2461 3635 2514 τεθεᾶσθαι
3670 2477 3770 2511 πι-

2190 2560 2329 2630 δήρη
2384 2576 2445 2611 τε
2492 2558 2684 2628 ἔχοντα
2721 2557 2815 2611 καὶ
2844 2555 3240 2626 διεζωσμένον·
3290 2553 3384 2607 καὶ
3433 2553 3569 2624 πρὸς
3607 2551 3769 2604 αὑτὸν

2192 2652 2366 2703 εἰπεῖν
2394 2650 2486 2703 τὸν
2513 2649 2621 2702 τῶν
2653 2648 2789 2702 ὅλων
2806 2648 2955 2701 Θεόν·
2983 2666 3001 2698 ι
3027 2644 3210 2699 Δίελθε
3244 2646 3414 2716 μέσην
3439 2645 3536 2715 τὴν
3573 2641 3769 2713 Ἰερου-

2194 2742 2397 2814 σαλὴμ,
2446 2744 2539 2796 καὶ
2566 2742 2651 2805 δὸς
2693 2740 2755 2794 τὸ
2784 2742 3006 2810 σημεῖον
3052 2740 3144 2792 ἐπὶ
3179 2739 3248 2792 τὰ
3284 2738 3510 2809 μέτωπα
3540 2737 3645 2790 τῶν
3672 2738 3770 2790 ἀν-

2192 2835 2333 2906 δρῶν
2360 2835 2468 2887 τῶν
2501 2831 3026 2898 καταστεναζόντων,
3056 2831 3275 2885 καὶτῶν
3298 2830 3769 2900 κατωδυνωμένων

2194 2929 2288 2980 ἐπὶ
2317 2928 2516 2990 πάσαις
2556 2929 2675 2989 ταῖς
2712 2926 2983 2996 ἁνομίαις,
3009 2926 3127 2987 ταῖς
3158 2921 3468 2993 γινομέναις
3516 2922 3575 2973 ἐν
3618 2920 3771 2990 μέσῳ

2194 3020 2383 3090 αὐτῆς.
2421 3020 2531 3073 Καὶ
2555 3018 2764 3082 τούτοις
2795 3013 2947 3071 εἶπεν
2982 3015 3272 3078 ἀκούοντός
3299 3032 3400 3083 μου
3423 3032 3435 3044 ·
3462 3011 3769 3084 Πορεύεσθε

2196 3110 2276 3173 εἰς
2324 3109 2422 3180 τὴν
2468 3108 2621 3161 πόλιν
2667 3108 2842 3162 όπίσω
2887 3106 3073 3169 αὑτοῦ,
3106 3106 3200 3179 κα).
3258 3105 3508 3169 κόπτετε,
3548 3104 3639 3156 καὶ
3692 3104 3770 3175 μὴ

2196 3202 2443 3273 φείδεσθε
2495 3205 2608 3266 τοῖς
2653 3201 2950 3272 ὀφθαλμοῖς
2979 3200 3151 3271 ὑμῶν.
3194 3200 3303 3252 Καὶ
3355 3198 3430 3269 μὴ
3486 3197 3766 3266 ἐλεήσητε,

2195 3296 2565 3368 πρεσϐύτερον
2593 3296 2687 3349 καὶ
2709 3295 3013 3355 νεανίσκον,
3046 3294 3139 3347 καὶ
3166 3292 3430 3363 παρθένον
3460 3292 3554 3344 καὶ
3580 3290 3766 3360 νήπια,

2195 3390 2287 3442 καὶ
2334 3391 2597 3457 γυναῖκας
2651 3389 3008 3441 ἀποκτείνατε
3064 3388 3142 3450 εἰς
3188 3384 3481 3454 ἐξάλειψιν.
3539 3382 3662 3435 Ἐπὶ
3712 3380 3771 3433 δὲ

2194 3483 2399 3544 πάντας
2444 3483 2531 3551 ἐφ’
2564 3480 2659 3545 οὓς
2709 3484 2825 3534 ἐστι
2872 3480 2934 3532 τὸ
2984 3481 3227 3549 σημεῖον,
3286 3477 3360 3550 μὴ
3409 3475 3687 3547 ἐγγίσητε.
3745 3492 3767 3526 ›

2198 3577 2386 3647 Ἀθρει
2420 3575 2484 3645 δὴ
2533 3570 2627 3627 οὖν
2670 3574 2818 3636 ὅπως
2866 3569 3296 3642 κατασφραγίζει
3336 3569 3467 3631 Θεὸς
3518 3570 3584 3638 τῇ
3637 3565 3772 3636 παρ’

2194 3666 2388 3722 ἑαυτοῦ
2417 3667 2599 3738 χάριτι
2635 3666 2727 3719 τὸν
2770 3664 2971 3735 εὐσεϐῆ
3022 3680 3082 3717 τε
3130 3663 3224 3716 καὶ
3270 3664 3511 3733 γνήσιον.
3546 3660 3657 3714 Καὶ
3684 3660 3770 3727 ἐφ’

2192 3756 2274 3824 οἷς
2324 3760 2390 3815 ἂν
2437 3761 2615 3829 ἕτεροι
2663 3756 3024 3829 προσκρούειν
3064 3754 3445 3825 ἁποτολμῶσιν
3478 3753 3645 3819 αὐτῷ,
3676 3768 3771 3821 χα-

2193 3853 2515 3905 λεπαίνοντα
2553 3868 2612 3903 τε
2640 3852 2733 3902 καὶ
2767 3849 3194 3920 κατοιμώζοντα.
3233 3846 3442 3900 Οὐκοῦν
3480 3845 3581 3899 κᾶν
3624 3844 3768 3898 εἰη..

2192 3944 2300 3997 τῶν
2334 3943 2393 4008 ἐξ
2434 3942 2649 4014 Ἰσραὴλ
2680 3943 2913 4012 ὑπάρχοι
2936 3941 3165 4011 πληθὺς,
3198 3940 3292 3992 καὶ
3313 3937 3559 4008 ψάμμοις
3586 3953 3773 4006 παρεν-

2194 4034 2415 4099 κάζοιτο
2443 4036 2563 4098 ταῖς
2593 4036 2649 4086 ἐν
2687 4034 2830 4103 ὴῖόσι
2864 4032 3163 4101 κειμέναις,
3193 4031 3253 4083 τὸ
3280 4028 3629 4098 κατάλειμμα
3666 4043 3772 4079 σω-

2194 4126 2437 4197 θήσεται.
2472 4127 2582 4179 Καὶ
2618 4124 2931 4195 συμϐέϐηκε
2968 4127 3064 4193 μὲν
3096 4120 3255 4173 τοῦτο
3284 4121 3423 4173 κατὰ
3455 4120 3582 4180 τοὺς
3621 4116 3772 4180 Ἐζε-

2191 4217 2310 4286 χίου
2363 4215 2609 4287 καιρούς.
2661 4215 2889 4268 Διόλωλε
2914 4214 3043 4285 γὰρ,
3083 4214 3158 4277 ὡς
3186 4212 3344 4283 ἔφην,
3382 4212 3416 4283 ἡ
3465 4208 3771 4280 Σαμάρεια,

2192 4308 2285 4362 καὶ
2346 4308 2593 4361 πλεῖσται
2644 4307 2745 4377 τῆς
2807 4306 3063 4369 Ἰουδαίας
3124 4304 3516 4375 συνεξῄρηνται
3562 4300 3770 4363 πόλεις.

2191 4400 2511 4471 Πέπρακται
2562 4399 2619 4452 δὲ
2664 4398 2841 4463 τοῦτο,
2888 4398 2981 4451 καὶ
3023 4398 3081 4449 ἐν
3128 4396 3377 4466 ἐσχάτοις
3426 4392 3520 4448 τοῦ
3570 4392 3777 4455 αἰῶνος

524 4484 715 4552 longas
755 4481 1010 4547 ambages
1036 4480 1203 4543 venit,
1232 4488 1289 4533 et
1327 4488 1576 4533 contorto
1605 4478 1835 4547 quodam
1860 4476 2088 4531 circuitu

2204 4495 2437 4562 καιροῖς,
2494 4489 2896 4560 ἐπιλάμψαντος
2942 4491 3074 4560 ἡμῖν
3122 4486 3213 4540 τοῦ
3244 4483 3579 4553 Μονογενοῦς
3637 4479 3777 4552 μετὰ

521 4574 667 4646 quod
713 4572 844 4626 utile
892 4582 1010 4625 erat
1062 4572 1337 4635 indicavit,
1384 4585 1478 4639 per
1510 4571 1735 4640 aenigma
1765 4580 1820 4623 et
1847 4568 2092 4623 umbram

521 4665 612 4718 vix
663 4662 1000 4716 subiunuens
1059 4660 1203 4729 quod
1255 4662 1323 4714 ad
1372 4676 1526 4715 usum
1580 4659 2094 4730 atquelutilitatem

521 4753 774 4822 pertinet.
804 4751 1071 4806 Salutaris
1100 4760 1278 4806 autem
1315 4761 1371 4805 et
1396 4752 1701 4821 evangelica
1724 4752 1900 4806 oratio
1942 4751 2097 4805 nobis

520 4841 704 4898 brevis
755 4852 838 4896 est
864 4881 881 4907 ,
935 4850 991 4895 et
1034 4840 1194 4894 veluti
1226 4841 1445 4895 concisa
1470 4855 1534 4895 ac
1565 4852 1866 4905 contracta,
1900 4843 2096 4895 tradant

523 4932 731 4988 habens
776 4934 1084 4997 veritatem,
1109 4943 1164 4985 et
1191 4932 1313 4986 vitae
1341 4931 1479 4985 viam
1504 4931 1714 5001 plenam
1740 4935 2094 4998 constituens,

523 5040 631 5079 non
682 5026 938 5095 impedita
994 5026 1367 5091 facultatibus,
1401 5040 1505 5080 non
1540 5025 1785 5080 obscuris
1814 5029 2097 5096 prwconiis

523 5114 797 5168 obvelata.
846 5116 1084 5185 Simplex
1124 5118 1291 5184 enim,
1338 5117 1412 5169 uti
1444 5116 1709 5179 dicebam,
1740 5132 1823 5171 εει
1857 5119 2099 5172 veritatis

529 5207 822 5276 negotium.
864 5205 1105 5262 Servata:
1151 5219 1280 5262 sunt
1313 5224 1473 5276 porro
1508 5208 1747 5278 reliquiae
1776 5210 2007 5274 lsraelis,
2048 5212 2099 5266 id

527 5308 629 5362 est,
690 5298 780 5365 qui
836 5298 942 5354 lide
998 5300 1115 5370 ejus
1153 5301 1549 5369 apparitionem
1606 5300 1904 5367 coluerunt,
1936 5303 2095 5373 182

529 5404 653 5441 cum
686 5387 970 5443 multitudo
1003 5392 1107 5443 alia
1143 5401 1497 5445 averteretur.
1526 5390 1661 5445 Nam
1691 5393 1741 5447 in
1776 5393 1951 5462 ipsum
1986 5395 2098 5448 uui-

531 5491 813 5532 versorum
833 5479 1181 5535 Servatorem
1203 5491 1257 5535 et
1285 5479 1573 5536 Dominum
1602 5484 1915 5539 debacchati
1948 5494 2096 5551 sunt,

530 5584 651 5622 cum
684 5576 813 5621 ante
846 5570 1137 5639 prophetas
1185 5572 1642 5639 obtruncassent,
1694 5584 1747 5628 et
1796 5576 1888 5645 qui
1942 5575 2097 5633 missi

605 5732 648 5760 “
686 5727 880 5783 Ezech.
921 5746 1037 5801 vin,
1076 5734 1158 5787 l7.
1208 5736 1282 5807 '7”
1318 5737 1510 5791 Ezech.
1552 5752 1627 5801 Ix,
1666 5735 1782 5789 4-6.

2195 4584 2417 4655 σαρκός.
2453 4583 2587 4637 Τότε
2634 4582 2741 4653 γὰρ
2772 4583 2893 4635 τότε
2926 4582 3018 4633 καὶ
3050 4580 3204 4649 λόγον
3254 4576 3563 4647 συντέμνων
3604 4574 3663 4625 ὲν
3696 4573 3778 4624 δι-

2195 4674 2455 4744 καιοσύνῃ
2489 4673 2787 4744 πεποίηκεν
2817 4674 2845 4725 6
2875 4670 3007 4733 Θεὸς
3047 4672 3105 4723 ἐν
3131 4674 3195 4741 τῇ
3224 4668 3519 4737 οἰκουμένῃ
3544 4664 3660 4736 ὅλῃ.
3715 4663 3777 4715 '0

2200 4763 2298 4832 μὲν
2326 4762 2435 4832 γὰρ
2476 4761 2638 4831 νόμος
2684 4762 2714 4813 ὁ
2745 4760 2833 4813 διὰ
2876 4759 3120 4822 Μωσέως
3167 4758 3254 4811 διὰ
3309 4756 3524 4811 κύκλων
3554 4754 3777 4826 ἔρχεται

2201 4854 2450 4927 μακρῶν,
2503 4855 2597 4907 καὶ
2630 4852 2925 4924 περισκελῆ
2957 4850 3309 4905 ποιεῖταιτοῦ
3356 4850 3627 4921 χρησίμου
3676 4848 3778 4918 τὴν

2199 4943 2452 5013 δήλωσιν.
2487 4944 2554 4996 δι’
2584 4943 2904 5013 αἰνίγματος
2947 4945 3041 4997 καὶ
3075 4945 3230 5007 σκιᾶς
3279 4942 3591 5010 ὑποφαίνων
3624 4939 3779 5010 μόλις

2199 5034 2259 5087 τὸ
2288 5033 2471 5087 τελοῦν
2496 5036 2575 5097 είς
2599 5033 2800 5103 ὄνησιν.
2848 5035 2905 5088 '0
2927 5034 2982 5087 δέ
3011 5051 3073 5103 γε
3108 5034 3368 5105 σωτήριος
3400 5049 3459 5086 τε
3484 5032 3579 5085 καὶ
3610 5032 3778 5099 εὐαγ-

2201 5124 2418 5192 γελικὸς
2454 5126 2585 5196 ἡμῖν
2614 5124 2770 5192 λόγος
2810 5125 3014 5197 βραχύς
3042 5126 3101 5179 τέ
3128 5128 3273 5179 ἐστιν
3305 5127 3399 5178 καὶ
3435 5119 3547 5177 οἷον
3587 5139 3776 5176 συντε-

2201 5234 2312 5286 τμη
2322 5216 2501 5286 μένος,
2527 5217 2644 5287 ἦτοι
2667 5218 2950 5287 σύντομος,
2977 5218 3188 5287 γυμνὴν
3214 5217 3353 5288 ἔχων
3372 5216 3471 5287 τὴν
3495 5215 3777 5285 ἀλήθειαν,

2206 5308 2425 5380 καὶτῆς
2456 5309 2601 5381 ζωῆς
2633 5311 2731 5382 τὴν
2776 5311 2892 5365 ὁδὸν
2922 5311 3124 5381 ἐναργῆ
3167 5308 3447 5372 καθιστὰς,
3488 5310 3549 5361 οὐ
3586 5308 3780 5376 δυσχε-

2208 5401 2328 5472 ρίας
2380 5404 2624 5475 ἐνούσης,
2659 5406 2758 5458 οὐκ
2796 5406 3059 5475 ἀσαφείας
3102 5406 3244 5468 τινὸς
3286 5406 3397 5466 τοῖς
3430 5401 3778 5474 κηρύγμασιν

2204 5496 2659 5567 ἐπενηνεγμένης.
2715 5497 2943 5550 Ἀπλοῦν
2965 5498 3093 5568 γὰρ,
3126 5498 3200 5559 ὡς
3224 5496 3379 5566 ἔφην,
3403 5497 3501 5565 τῆς
3524 5494 3779 5565 ἀληθείας

2205 5586 2265 5641 τὸ
2302 5588 2511 5659 χρῆμα.
2544 5589 2816 5643 Σέσωσται
2844 5588 2901 5642 δὲ
2928 5590 3020 5642 καὶ
3058 5588 3177 5642 τότε
3207 5588 3267 5641 τὸ
3309 5587 3658 5659 κατάλειμμα
3684 5582 3778 5639 τοῦ
