4152 6366
342 459 402 505 ιν
409 458 434 502 ἰ

1451 451 1517 508 IN
1554 451 1787 508 ISAIAM
1823 450 1950 507 LIB.
1995 453 2034 507 Ι.
2077 449 2285 506 ORAT.
2322 450 2410 506 VI.

3475 445 3578 502 298

351 565 581 638 Ἰσραὴλ,
609 567 754 622 τοῦτ’
784 569 951 635 ἔστιν,
997 573 1047 626 οι
1094 573 1275 627 πίστει
1299 576 1628 646 τιμήσαντες
1655 575 1755 647 τὴν
1785 577 1903 629 ἐπι-

2030 584 2196 635 ιηηι,
2252 573 2615 644 lapidassent,
2675 571 2888 639 etquid
2948 571 3161 624 tandem
3223 566 3442 624 sceleris
3472 586 3579 625 non

343 661 565 726 φάνειαν
608 661 795 726 αὐτοῦ,
835 663 934 733 τῆς
974 664 1171 736 ἐτέρας
1219 665 1453 735 πληθύος
1501 666 1778 736 παθούσης
1804 665 1903 736 τὴν

2014 665 2359 719 admisissent
2385 666 2406 717 ?

342 753 707 825 ἀποστροφήν.
753 757 1189 828 Πεπαρῳνήκασι
1245 759 1351 830 γὰρ
1420 760 1500 822 εὶς
1544 760 1636 812 τὸν
1677 760 1789 812 τῶν
1852 759 1989 812 ὅλων
2027 758 2256 828 Σωτῆρα
2316 759 2410 810 καὶ
2474 757 2697 826 Κύριον,
2764 755 3228 826 προαπεκτονότες
3280 755 3582 824 προφήτας,

342 844 433 896 καὶ
465 843 906 916 λιθοϐολήσαντες
939 848 1063 910 τοὺς
1088 848 1529 918 ἀπεσταλμένους
1549 864 1564 877 ·
1596 849 1689 902 καὶ
1716 849 1769 902 τί
1807 849 1916 919 γὰρ
1953 848 2074 917 οὐχὶ
2113 847 2220 900 τῶν
2252 848 2496 900 ἐκτόπων
2536 846 3020 915 ἐπιτηδεύσαντες;

411 938 516 991 Διά
544 939 718 992 τοῦτο
743 938 881 993 τάδε
912 942 1074 1010 λέγει
1110 943 1326 1010 Κύριος
1360 942 1603 998 Σαϐαὼθ
1623 960 1636 974 ’
1696 944 1791 1011 Μὴ
1817 961 1916 1012 ερο-

342 1029 473 1094 6οὗ,
525 1032 674 1096 λαός
716 1049 856 1100 μου,
905 1035 959 1086 οἱ
1011 1035 1430 1100 κατοικοῦντες
1475 1036 1545 1089 ἐν
1579 1035 1749 1099 Σιὼν,
1797 1036 1918 1090 ἀπὸ

355 1123 700 1186 Ἀσσυρίων,
742 1123 832 1175 ὅτι
878 1123 949 1175 ἐν
983 1124 1185 1192 ῥάϐδῳ
1231 1125 1481 1190 πατάξει
1519 1144 1613 1180 σε.
1667 1127 1920 1195 Πληγὴν

343 1214 454 1283 γὰρ
483 1215 596 1281 ἐγὼ
627 1215 825 1284 ἐπάγω
863 1215 962 1267 ἐπὶ
996 1215 1090 1281 σὲ,
1120 1215 1228 1270 τοῦ
1262 1216 1408 1270 ἰδεῖν
1437 1217 1916 1286 ὁδὸν-Αἰγύπτου.

347 1308 475 1360 Ἔτι
500 1306 608 1376 γὰρ
631 1306 871 1376 μικρὸν,
898 1307 995 1360 καί
1019 1309 1314 1361 παύσεται
1337 1309 1376 1376 ἠ
1399 1307 1566 1378 ὀργὴ,
1598 1311 1630 1362 ό
1653 1308 1720 1362 δὲ
1735 1309 1920 1378 θυμός

339 1415 462 1467 μου
500 1398 599 1450 ἐπὶ
642 1397 758 1465 τὴν
789 1397 1039 1467 ,βουλὴν
1069 1399 1287 1454 αὐτῶν.

429 1488 644 1559 Ἐπειδὴ
682 1489 789 1560 γὰρ
838 1490 961 1562 ὁσία
1011 1490 1176 1561 ψήφῳ
1208 1491 1304 1544 καὶ
1346 1492 1413 1562 τῇ
1452 1488 1603 1558 αὐτῷ
1636 1490 1920 1564 πρεπούσῃ

345 1581 685 1650 κεχρημένος
727 1582 1043 1654 ἡμερότητι,
1103 1582 1266 1647 σώζει
1319 1581 1419 1653 μὲν
1474 1584 1599 1646 τοὺς
1642 1583 1917 1654 γνησίους,

346 1672 684 1741 παραδίδωσι
724 1673 782 1726 δὲ
823 1673 947 1737 τοὺς
981 1674 1355 1745 λελυπηκότας
1385 1675 1548 1728 αὐτὸν
1577 1676 1608 1727 ὁ
1648 1674 1755 1728 τῶν
1784 1674 1920 1728 ὅλων

346 1761 500 1825 Θεὸςο
529 1762 620 1833 Μὴ
653 1763 840 1832 φοϐοῦ,
867 1765 1048 1834 φησὶν,
1081 1765 1109 1816 ὁ
1139 1765 1266 1828 λαός
1303 1783 1425 1836 μου,
1448 1767 1495 1819 oi
1539 1764 1919 1829 κατοικοῦντες

346 1854 406 1905 ἐν
436 1854 595 1916 Σιὼν,
633 1855 738 1908 ἀπὸ
785 1857 1102 1927 Ἀσσυρίων.
1151 1859 1400 1926 Ἀφίκετο
1437 1859 1534 1929 μὲν
1577 1860 1686 1929 γὰρ
1717 1861 1745 1912 ὁ
1794 1860 1918 1913 Ῥα-

344 1946 528 2016 ψάκης
567 1947 650 2009 είς
701 1947 1070 2019 Ἰερουσαλὴμ,
1121 1950 1214 2002 καὶ
1261 1950 1692 2022 πεπολιόρκηκεν
1728 1951 1916 2021 αὐτὴν,

346 2037 611 2106 ἠπείλησε
637 2037 694 2089 δὲ
723 2040 1012 2110 κατεμπρή
1024 2057 1134 2094 σειν
1166 2041 1259 2094 καὶ
1291 2041 1629 2112 ὀλοθρεύσειν
1655 2042 1917 2104 ἅπαντας.

359 2129 615 2198 Ἦδίκησε
650 2129 705 2181 δέ
757 2131 1033 2194 παντελῶς
1092 2133 1264 2186 οὐδέν.
1321 2135 1509 2206 ’ῼχετο
1563 2133 1671 2203 γὰρ
1723 2134 1918 2201 φυγὰς.

347 2218 622 2288 πεσούσης
653 2219 800 2294 αὐτῷ
845 2221 973 2291 παρ’
1009 2222 1202 2276 ἐλπίδα
1237 2225 1336 2295 τῆς
1367 2226 1643 2295 στρατιᾶς,
1690 2225 1785 2277 καὶ
1817 2227 1924 2278 ἀπ-

351 2323 381 2357 ο
415 2307 616 2376 ομένης
660 2309 715 2359 ἐν
752 2310 849 2379 μιᾷ
885 2310 1057 2363 νυκτί.
1109 2311 1318 2364 Οὐκοῦν
1348 2311 1648 2383 ὼλόθρευσε
1688 2313 1785 2382 μὲν
1824 2331 1925 2381 μα-

348 2399 515 2468 χαίρᾳ
564 2400 687 2459 τοὺς
731 2401 790 2452 ἐν
833 2401 989 2455 Σιών.
1038 2403 1253 2475 Ἐπειδὴ
1295 2404 1350 2457 δὲ
1395 2405 1540 2471 ἅπαξ
1583 2405 1922 2475 κατεπτόησε

345 2490 468 2550 ταῖς
528 2489 758 2556 ἐφόδοις,
820 2491 912 2543 καὶ
966 2493 1024 2544 ἐν
1075 2492 1226 2564 φόϐῳ
1277 2494 1370 2547 τοῦ
1425 2494 1616 2550 παθεῖν
1672 2495 1924 2563 γενέσθαι

348 2579 752 2648 παρεσκεύασε,
789 2584 1068 2654 μονονουχὶ
1084 2584 1281 2655 ῥάϐδον
1301 2586 1584 2650 ἀνατείνας
1605 2589 1690 2639 ἐπ’
1728 2588 1924 2650 αὐτοὺς

347 2671 540 2740 ὁρᾶται
568 2673 756 2743 μόνην.
788 2675 880 2746 Μὴ
912 2675 1110 2744 τοίνυν,
1145 2679 1298 2748 φησὶ,
1327 2679 1651 2750 καταδείσῃς
1685 2680 1791 2733 ἀπὸ
1816 2679 1926 2732 τῶν

362 2762 686 2834 Ἀσσυρίων,
743 2766 925 2837 ῥάϐδῳ
967 2768 1075 2839 γάρ
1132 2785 1191 2821 σε
1239 2770 1488 2835 πατάξει,
1531 2772 1623 2824 καί
1672 2771 1926 2842 βραχεῖαν

351 2851 540 2922 ὥσπερ
578 2855 784 2909 ἐποίσει
816 2857 915 2928 τὴν
943 2858 1178 2930 πληγὴν,
1204 2860 1302 2930 τὴν
1337 2861 1412 2925 ὡς
1455 2862 1566 2914 ἀπό
1598 2878 1663 2929 γε
1695 2862 1790 2915 τοῦ
1815 2863 1924 2914 δεί-

353 2963 541 3017 ματος,
575 2949 818 3016 ἐφιέντος
870 2951 1003 3021 ἐμοῦ
1047 2953 1141 3006 καὶ
1185 2953 1344 3006 τοῦτο
1405 2953 1740 3025 πράττεσθαι
1787 2952 1929 3007 κατά

351 3037 472 3104 σοῦ,
532 3039 626 3092 τοῦ
655 3040 781 3093 ίδείν
820 3042 938 3095 ὁδὸν
980 3043 1276 3111 Αἰγύπτου,
1313 3045 1454 3097 τοῦτ’
1483 3044 1647 3109 ἐστιν,
1699 3046 1785 3098 ἵνα
1826 3043 1928 3114 μά-

351 3131 471 3202 Θῃς,
510 3131 633 3184 ὅσον
672 3133 866 3186 σαυτὸν
895 3134 1178 3205 ἠδίκησας,
1223 3135 1472 3188 ἀπελθὼν
1514 3139 1594 3200 είς
1630 3136 1923 3204 Αἴγυπτον,

2091 941 2250 996 Vens.
2301 942 2393 1005 24,
2458 941 2550 994 25.
2602 939 2884 1010 Propterea
2951 941 3060 993 lucc
3121 941 3248 999 dicit
3329 939 3583 994 Dominus

2018 1032 2284 1087 Sabaoth:
2311 1033 2393 1087 Ne
2423 1044 2612 1099 metue,
2634 1032 2819 1100 papule
2846 1032 2938 1095 mi,
2967 1032 3057 1100 qui
3081 1033 3285 1084 habitas
3317 1033 3370 1084 in
3434 1031 3582 1092 Sion,

2017 1126 2281 1195 Assyrios,
2339 1125 2460 1195 quia
2499 1125 2640 1194 virga
2711 1125 2960 1190 percutiet
3029 1135 3096 1178 te.
3155 1123 3377 1191 Plagam
3446 1124 3584 1176 enim

2018 1233 2109 1286 ego
2151 1217 2390 1287 inﬂigam
2442 1217 2555 1280 tibi,
2605 1225 2659 1268 ut
2715 1215 2892 1268 videas
2952 1216 3087 1268 viam
3142 1213 3386 1284 Egypti.
3433 1212 3587 1266 Brevi

2018 1308 2154 1360 enim
2207 1318 2434 1376 tempore
2463 1306 2683 1360 cessabit
2712 1307 2813 1370 ira,
2847 1306 2996 1374 furor
3033 1316 3206 1359 autem
3235 1322 3376 1359 meus
3431 1320 3588 1373 super

2017 1401 2292 1456 consilium
2322 1417 2522 1456 eorum.

2087 1492 2526 1563 Quandoquidem
2576 1491 2719 1545 enim
2774 1498 2960 1545 sancta
3013 1490 3280 1544 sententia
3333 1499 3387 1544 et
3438 1505 3589 1544 man-

2019 1584 2299 1638 Snetndine
2327 1598 2387 1637 se
2439 1585 2596 1653 digna
2657 1581 2923 1649 adhibita,
2981 1591 3164 1637 servat
3191 1597 3337 1648 suos,
3387 1596 3590 1650 eosque

2024 1675 2186 1729 tradit
2244 1691 2273 1728 a
2317 1674 2513 1744 quibus
2585 1674 2899 1736 oﬂ'enditur,
2966 1673 3338 1727 universitatis
3413 1673 3586 1728 Deus:

2025 1765 2121 1830 Ne,
2163 1766 2355 1835 inquit,
2385 1775 2586 1833 metue,
2638 1766 2832 1836 papule
2857 1767 2949 1830 mi,
2981 1767 3070 1835 qni
3101 1765 3310 1820 habitas
3357 1765 3407 1818 in
3438 1765 3589 1830 Sion,

2023 1858 2293 1928 Assyrios.
2321 1857 2570 1913 Pervenit
2593 1859 2735 1912 enim
2760 1857 3071 1928 Rhapsaces
3093 1856 3411 1919 Jerusalem,
3440 1871 3594 1911 eam—

2022 1964 2126 2017 que
2184 1949 2395 2004 obsedit
2455 1951 2797 2018 minatusque
2843 1960 2926 2005 est
3001 1963 3059 2004 se
3123 1959 3590 2004 concremauit-nm

2023 2053 2211 2093 omnes
2276 2050 2329 2094 et
2385 2039 2893 2094 deletnrnm.L:esit
2938 2050 3115 2095 autem
3166 2042 3384 2094 omnino
3436 2041 3589 2094 nihil.

2023 2125 2155 2180 Nam
2219 2127 2349 2182 abiit
2395 2127 2675 2196 fugitivus,
2731 2129 2967 2181 exercitu
3037 2126 3152 2192 eius
3201 2139 3396 2195 praeter
3442 2142 3592 2196 Spem

2024 2218 2359 2284 concidente,
2392 2229 2446 2272 et
2493 2235 2595 2272 una
2622 2228 2780 2272 nocte
2809 2219 3103 2287 disperdito
3133 2237 3145 2271 :
3183 2219 3364 2287 itaque
3419 2218 3594 2289 gladio

2025 2323 2117 2363 eos
2138 2309 2228 2377 qui
2266 2309 2318 2362 in
2346 2307 2475 2363 Sion
2512 2311 2825 2363 habitabant
2866 2309 3114 2376 peremit.
3156 2309 3226 2362 At
3279 2309 3366 2364 ubi
3428 2310 3595 2364 semel

2025 2401 2139 2455 suis
2203 2401 2510 2456 incursibus
2535 2403 2941 2469 perterruisset,
3001 2411 3055 2454 et
3095 2410 3296 2454 metum
3357 2401 3593 2470 aliquem

2027 2497 2292 2550 malorum
2319 2497 2616 2566 iniecisset,
2647 2498 2801 2566 quasi
2836 2497 3042 2565 virgam
3074 2496 3243 2550 solam
3268 2494 3481 2550 videtur
3540 2495 3594 2549 in

2024 2603 2119 2643 eos
2142 2589 2467 2642 extendisse.
2499 2587 2577 2642 Ne
2606 2590 2786 2658 igitur,
2816 2589 3010 2656 inquit,
3049 2595 3227 2641 metue
3256 2587 3594 2655 abAssyriis;

2028 2681 2175 2748 virga
2240 2680 2383 2732 enim
2433 2691 2482 2734 te
2557 2679 2729 2743 feriet,
2791 2692 2847 2734 et
2912 2683 3124 2736 brevem
3162 2682 3322 2734 veluti
3386 2685 3596 2751 plagam

2028 2771 2243 2835 inleret,
2269 2771 2502 2840 plagam,
2532 2771 2729 2840 inquit,
2767 2774 2830 2826 ad
2862 2783 3146 2839 terrorem,
3171 2789 3254 2827 nte
3285 2775 3386 2828 hoc
3409 2785 3598 2828 contra

2031 2876 2083 2919 te
2138 2867 2249 2919 lieri
2312 2866 2698 2935 permittente,
2732 2876 2790 2918 ut
2817 2867 3000 2920 videas
3059 2868 3196 2919 viam
3242 2866 3483 2938 IEgypti,
3545 2869 3598 2922 id

2027 2973 2132 3028 eet,
2165 2969 2222 3014 ut
2262 2963 2440 3016 discas
2488 2972 2748 3032 quantum
2815 2963 2908 3016 tibi
2953 2964 3049 3030 ipsi
3095 2964 3601 3027 incmnmmlaveris,

2030 3054 2153 3106 dum
2202 3053 2494 3123 [Egyplum
2542 3055 2947 3124 proﬁcisceris,
2986 3056 3109 3109 inde
3141 3072 3390 3125 qna=rens
3447 3057 3602 3110 auxi-

2030 3144 2180 3210 lium,
2205 3145 2312 3198 Deo
2337 3146 2526 3200 Salutis
2559 3155 2782 3200 auctore
2803 3149 3077 3215 despecto.
3098 3145 3362 3199 Ezechias
3396 3147 3602 3216 itaque,

351 3224 447 3275 καὶ
479 3222 580 3293 τὴν
610 3223 819 3276 ἐκεῖθεν
847 3223 1088 3295 ζητήσας
1121 3227 1460 3296 ἐπικουρίαν,
1496 3229 1923 3299 παρεωραμένου

2030 3253 2133 3301 quo
2202 3252 2458 3304 regnante
2509 3238 2762 3308 Assyrius
2826 3239 2994 3290 cinxit
3043 3235 3366 3301 Jerusalem,
3428 3239 3605 3292 subsi-

351 3313 484 3367 θεοῦ
521 3315 806 3380 σώζοντος.
844 3315 1095 3385 Ἐζεκίας
1141 3317 1239 3388 μὲν
1263 3314 1374 3381 οὖν,
1398 3311 1458 3371 οὗ
1490 3319 1583 3371 καὶ
1630 3319 1934 3389 βασιλεύον-

351 3423 442 3470 τος
493 3407 894 3479 πεπολιόρκηκε
937 3408 1036 3478 τὴν
1066 3408 1418 3480 Ἰερουσαλὴμ
1447 3413 1475 3464 ὁ
1503 3412 1803 3482 Ἀσσύριος,
1835 3413 1933 3466 οὐκ

352 3498 581 3570 ἐζήτησε
605 3499 703 3568 τὴν
729 3499 837 3552 τῶν
863 3500 1171 3568 Αἰγυπτίων
1188 3502 1526 3572 ἐπικουρίαν.
1545 3504 1702 3572 Ὠσηέ
1720 3505 1774 3557 δέ
1801 3505 1932 3574 μᾶλ-

351 3589 442 3644 λον
457 3590 548 3645 τοῦ
578 3591 711 3644 Ἥλά
731 3591 1032 3661 βασιλεύων
1053 3593 1145 3645 ἐπὶ
1175 3593 1266 3647 τὸν
1295 3595 1506 3666 Ἰσραὴλ
1535 3595 1690 3648 τοῦτο
1716 3613 1930 3667 πεπρα-

352 3681 463 3752 χὼς
487 3682 821 3754 εὑρίσκεται.
867 3683 1179 3755 Γέγραπται
1223 3685 1279 3737 δέ
1310 3685 1480 3749 οὕτως
1507 3687 1566 3738 ἐν
1601 3689 1666 3756 τῇ
1697 3691 1929 3759 τετάρτῃ

350 3772 460 3825 τῶν
487 3772 803 3827 Βασιλειῶκιρ⁹
829 3794 847 3826 ι
870 3775 980 3828 Καὶ
1007 3775 1274 3846 ἐκοιμήθη
1295 3775 1468 3846 ’Ἀχαζ
1490 3776 1747 3846 μετὰτῶν
1771 3795 1872 3831 πατ
1883 3781 1934 3832 έ-

355 3881 464 3936 ρων
483 3866 669 3932 αὐτοῦ,
687 3867 784 3920 καὶ
811 3866 980 3937 ἐτάφη
1000 3867 1058 3919 ἐν
1081 3866 1236 3919 πόλει
1253 3867 1434 3922 Δαϐίδ.
1459 3869 1570 3922 Καὶ
1584 3869 1933 3924 ἐϐασίλευσεν

366 3956 612 4029 Ἐζεκίας
653 3960 765 4022 υἱὸς
799 3960 964 4014 αὑτοῦ
999 3960 1112 4012 ἀντ’
1143 3959 1333 4012 αὐτοῦ.
1379 3961 1468 4014 Ἐν
1504 3962 1613 4015 ἐτει
1646 3963 1933 4033 δωδεκάτῳ

357 4051 534 4120 ’Ἀχαξ
558 4051 822 4120 βασιλέως
837 4054 1026 4119 Ἰούδα,
1045 4055 1395 4108 ἐϐασίλευσεν
1410 4057 1568 4126 Ὠσηέ
1597 4057 1711 4120 υίὸς
1729 4057 1857 4110 Ἠλά
1877 4060 1933 4110 ἐν

352 4145 635 4215 Σαμαρείᾳ
659 4133 749 4197 ἐπὶ
773 4147 987 4218 Ἰσραὴλ
1014 4148 1167 4200 ἐννέα
1186 4147 1300 4216 ἐτη.
1326 4147 1434 4200 Καὶ
1457 4149 1677 4220 ἐποίησε
1699 4150 1933 4220 πονηρὸν

351 4237 412 4287 ἐν
433 4234 729 4304 ὀφθαλμοῖς
746 4238 974 4306 Κυρίου,
995 4239 1131 4310 πλὴν
1147 4241 1245 4310 οὐχ
1270 4241 1345 4303 ὼς
1369 4241 1417 4293 oi
1447 4240 1682 4309 βασιλεῖς
1697 4241 1930 4312 Ἰσραὴλ,

350 4329 401 4381 οἳ
433 4325 570 4400 ἦσαν
612 4329 922 4399 ἔμπροσθεν
951 4331 1135 4384 αὑτοῦ.
1181 4351 1198 4381 ι
1248 4332 1366 4384 Ἐπ’
1395 4330 1558 4384 αὑτὸν
1591 4331 1756 4401 ἀνέϐη
1803 4331 1934 4382 Σαλ-

357 4421 612 4490 μανασᾶρ
665 4421 918 4490 βασιλεὺς
983 4423 1302 4494 Ἀσσυρίων,
1351 4423 1445 4476 καὶ
1509 4424 1738 4495 ἐγενήθη
1787 4423 1934 4494 αὐτῷ

368 4510 527 4581 Ὠσηέ
570 4511 784 4575 δοῦλος·
830 4513 923 4565 καὶ
963 4512 1298 4585 ἐπέστρεψεν
1357 4514 1506 4584 αὐτῷ
1556 4515 1774 4585 Μαναῆ.
1822 4516 1931 4570 Καὶ

353 4597 479 4672 εὗρε
522 4601 770 4670 βασιλεὺς
818 4604 1120 4675 Ἀσσυρίων
1164 4606 1222 4659 ἐν
1252 4605 1329 4675 τῷ
1370 4606 1529 4678 Ὠσηὲ
1571 4606 1804 4670 ἀδικίαν,
1849 4609 1930 4660 ὅτι

353 4696 683 4748 ἀπέστειλεν
727 4696 988 4764 ἀγγέλους
1043 4699 1180 4766 πρὸς
1242 4698 1439 4770 Σηγὼρ
1483 4699 1703 4770 βασιλέα
1763 4701 1929 4769 Αίγύ-

352 4801 491 4838 πτου
513 4799 523 4808 ·
553 4786 647 4838 καὶ
672 4787 772 4838 οὐκ
797 4787 994 4854 ἤνεγκε
1012 4789 1209 4841 Μαναά
1231 4788 1306 4858 τῷ
1327 4787 1532 4857 βασιλεί
1548 4789 1849 4860 Ἀσσυρίων
1873 4791 1931 4841 ἐν

351 4877 430 4947 τῷ
461 4878 695 4948 ἐνιαυτῷ
725 4879 938 4947 ἐκείνῳ.
964 4880 1074 4932 Καὶ
1109 4881 1494 4952 ἐπολιόρκησεν
1526 4882 1688 4934 αὑτὸν
1720 4884 1748 4935 ὁ
1779 4881 1930 4950 βασι-

351 4966 478 5031 λεὺς
525 4969 844 5039 Ἀσσυρίων,
879 4971 972 5022 καὶ
1002 4970 1188 5041 ἔδησεν
1222 4973 1382 5025 αὐτὸν
1416 4974 1473 5024 ἐν
1503 4973 1636 5043 οἴκῳ
1664 4974 1929 5044 φυλακῆς,

353 5059 449 5111 καὶ
486 5059 655 5130 ἀνέϐη
692 5061 772 5122 είς
811 5061 1160 5131 Σαμάρειαν,
1195 5064 1290 5115 καὶ
1330 5064 1722 5134 ἐπολιόρκησεν
1765 5066 1934 5137 αὐτὴν

351 5151 481 5222 τρία
514 5151 630 5220 ἐτη.
667 5153 862 5206 ’ἰστέον
886 5153 942 5206 δέ
969 5155 1159 5208 ὄτικα)⁵
1191 5155 1364 5225 ’Ἀχας
1391 5159 1418 5208 ὁ
1461 5157 1699 5226 Ἐςεχίου
1731 5158 1930 5230 πατὴρ,

355 5241 721 5312 πολεμοῦντος
759 5243 907 5314 αὐτῷ
939 5244 1034 5298 τοῦ
1081 5249 1459 5318 Δαμασκηνῶν
1509 5249 1771 5319 βασιλέως
1795 5291 1810 5314 ,
1850 5249 1937 5317 ἐξ-

353 5333 585 5403 επρίατο
604 5336 703 5404 τὴν
731 5337 1054 5407 ἐπικουρίαν
1079 5339 1179 5408 τὴν
1213 5341 1363 5410 παρά
1383 5358 1445 5410 γε
1469 5341 1575 5394 τῶν
1612 5343 1933 5415 Ἀσσυρίων,

353 5428 438 5493 ἐφ’
484 5421 527 5493 ᾧ
574 5428 671 5480 καὶ
711 5429 914 5500 σφόδρα
954 5430 1246 5501 λελύπηται
1279 5432 1429 5496 Θεός.
1481 5435 1700 5501 Ἐπάγω
1727 5438 1931 5502 τοίνυν,

355 5520 539 5586 φησὶν,
595 5522 688 5573 ἐπὶ
740 5522 798 5572 σέ
847 5523 1080 5592 πληγὴν,
1131 5523 1222 5576 τοῦ
1275 5525 1401 5578 ἰδεῖν
1451 5526 1566 5579 ὁδὸν
1619 5529 1927 5595 Αἰγύπτου·

353 5610 493 5681 πλὴν
526 5610 607 5662 ἔτι
652 5613 866 5682 μικρὸν,
905 5615 998 5666 καὶ
1033 5614 1298 5668 παύσεται
1335 5619 1366 5687 ἡ
1403 5619 1558 5688 ὀργὴ,
1597 5622 1625 5672 ὀ
1662 5620 1717 5672 δέ
1766 5621 1933 5692 Θυμὸς

356 5719 456 5771 μου
488 5704 582 5755 ἐπὶ
615 5705 713 5773 τὴν
746 5703 939 5775 βουλὴν
967 5706 1162 5759 αὐτῶν.
1196 5709 1486 5763 Διολὼλασι
1514 5714 1640 5782 γὰρ,
1671 5713 1744 5776 ὡς
1775 5715 1930 5784 ἔφην,

422 5860 470 5890 ’⁸
507 5857 574 5909 IV
605 5859 743 5928 Reg.
793 5877 902 5922 xvi,
934 5861 1038 5924 9.0;
1077 5880 1209 5928 xm,
1245 5868 1355 5925 1.2

680 5956 919 6013 l‘num
937 6003 949 6015 .
997 5958 1112 6016 (in.
1170 5959 1263 6017 I..\'
1280 5962 1358 6021 Χ.

2035 3329 2179 3380 dimn
2231 3327 2608 3398 Egypliorum
2656 3345 2757 3382 non
2824 3329 3101 3397 expetivit.
3161 3330 3231 3382 At
3276 3329 3447 3384 Oseas
3497 3330 3606 3384 Ehe

2037 3422 2174 3472 lilius
2223 3436 2441 3489 regnum
2493 3430 2679 3474 tenens
2718 3419 2968 3487 lsraelis,
3023 3423 3161 3475 istuc
3218 3423 3412 3478 fecisse
3454 3428 3605 3479 inve‘

2034 3513 2198 3564 nitur.
2251 3511 2521 3582 Scriptum
2566 3522 2646 3565 est
2702 3512 2846 3566 enim
2881 3514 2960 3567 sic
3000 3525 3198 3583 quarto
3248 3515 3602 3584 Regnorum:

2039 3621 2058 3651 ι
2092 3601 2353 3654 Dortnivit
2385 3615 2564 3656 autem
2600 3604 2851 3658 Acbazus
2906 3619 3027 3658 cum
3054 3605 3301 3673 patribus
3357 3609 3494 3670 suis,
3551 3620 3607 3662 et

2034 3693 2272 3760 sepultus
2299 3703 2384 3748 est
2427 3697 2478 3748 in
2516 3696 2734 3750 civitate
2785 3695 3027 3760 Davidis,
3063 3706 3120 3752 et
3163 3700 3406 3768 regnavit
3469 3700 3605 3754 Eze-

2034 3787 2185 3838 chias
2213 3785 2352 3837 ﬁlius
2382 3786 2494 3852 ejus
2543 3801 2638 3854 pro
2695 3803 2779 3840 eo.
2829 3789 2986 3841 Anno
3039 3799 3216 3842 autent
3285 3789 3608 3845 duodecimo

2033 3879 2236 3933 Achazi
2301 3883 2440 3950 regis
2491 3880 2648 3943 Juda,
2709 3881 2955 3950 regnavit
3004 3884 3171 3938 Oseas
3224 3885 3364 3938 illius
3423 3885 3604 3940 Elmin

2037 3971 2304 4036 Samaria,
2335 3974 2473 4042 apud
2506 3971 2778 4027 lsraelitas
2803 3989 2988 4028 novem
3015 3991 3202 4042 annos,
3241 3993 3303 4032 ac
3354 3979 3602 4046 designa-

2033 4066 2109 4116 vit
2142 4065 2339 4116 malum
2380 4067 2432 4117 in
2465 4065 2636 4118 oculis
2711 4065 2942 4128 Domini,
2974 4081 3160 4121 verum
3187 4083 3295 4121 non
3355 4076 3411 4120 ut
3452 4081 3606 4135 reges

2034 4155 2197 4210 Israel
2234 4156 2350 4224 ejus
2409 4149 2638 4225 majoi-es
2692 4156 2756 4209 ³³.
2797 4175 2814 4207 ι
2883 4156 3036 4212 Hunc
3087 4159 3283 4214 Oseam
3323 4157 3607 4214 Salmans-

2034 4262 2190 4301 sarus
2242 4262 2334 4301 rex
2366 4247 2738 4317 Assyriorum,
2799 4248 2938 4304 facta
2995 4251 3046 4302 in
3081 4264 3203 4303 eum
3262 4252 3606 4319 expeditione

2033 4343 2268 4412 subegit,
2302 4349 2357 4396 et
2392 4341 2644 4394 reddebat
2675 4342 2720 4394 ei
2750 4340 2960 4394 Manna.
2982 4342 3045 4395 Et
3082 4341 3238 4412 183
3275 4341 3480 4396 invenit
3511 4358 3600 4397 rex

2033 4434 2382 4502 Assyriorum
2410 4434 2460 4486 in
2487 4430 2628 4486 Osea
2667 4433 3013 4502 injustitiam,
3053 4435 3176 4502 quia
3217 4434 3362 4487 misit
3391 4435 3607 4488 nuntios

2036 4528 2099 4579 ad
2124 4526 2292 4596 Segor
2328 4540 2507 4595 regem
2525 4523 2776 4594 IEgypti;
2817 4534 2870 4579 et
2908 4541 3012 4579 non
3056 4525 3232 4578 attulit
3259 4524 3448 4578 Manaa
3494 4525 3606 4596 regi

2034 4621 2375 4688 Assyriorum
2418 4635 2560 4673 anno
2611 4619 2721 4673 illo.
2774 4619 3000 4673 Obsedit
3039 4633 3162 4672 eum
3204 4632 3300 4671 rex
3345 4617 3606 4687 Assyrio-

2038 4725 2154 4763 rum
2177 4751 2191 4775 ,
2246 4719 2299 4764 et
2335 4709 2520 4778 ligavit
2555 4711 2607 4764 in
2641 4711 2800 4763 domo
2829 4711 3108 4773 custodiae,
3144 4719 3197 4764 et
3242 4711 3462 4763 adortus
3503 4708 3606 4762 Sa-

2036 4801 2285 4864 mariam,
2322 4802 2610 4854 triennium
2648 4801 2880 4855 obsedit.
2931 4802 3060 4855 Illud
3106 4811 3280 4856 autem
3324 4800 3603 4857 sciendum

2035 4893 2308 4946 Achazmn
2325 4904 2528 4962 patrem
2549 4893 2811 4956 Ezechiae,
2839 4893 3295 4949 Damascenorum
3317 4908 3441 4964 rege
3483 4907 3605 4949 cmn

2036 4984 2152 5054 ipso
2182 4985 2373 5039 bellum
2403 4996 2646 5056 gerente,
2671 4987 2928 5041 auxilium
2953 4986 3021 5040 ab
3056 4987 3291 5056 Assyriis
3317 4986 3605 5053 coemisse,

2035 5076 2532 5132 nndevehementer
2543 5078 2686 5134 Deus
2703 5089 3004 5134 commotus
3018 5080 3321 5134 est.lndnco
3337 5081 3514 5148 igitur,
3533 5081 3608 5132 in-

2037 5169 2172 5236 quit,
2191 5169 2398 5238 plagam
2418 5185 2579 5239 super
2606 5181 2675 5238 te,
2697 5183 2754 5225 ιιι
2779 5172 2962 5225 videas
2985 5173 3121 5224 viam
3141 5169 3360 5241 Egypti
3383 5190 3395 5224 :
3419 5187 3604 5225 verum

2037 5257 2184 5310 brevi
2212 5268 2332 5326 post
2381 5268 2622 5329 tempore
2653 5261 2886 5314 cessabit
2944 5261 3020 5315 ira
3045 5300 3061 5326 ,
3113 5260 3261 5313 luror
3295 5275 3422 5314 vero
3457 5277 3608 5316 meus

2037 5365 2199 5420 Super
2225 5351 2509 5405 consilium
2540 5355 2802 5422 ipsorum.
2839 5352 3314 5414 Perieruntenim,
3355 5361 3413 5404 nt
3472 5354 3606 5415 dixi,

2041 5459 2136 5509 per
2159 5443 2292 5496 iram
2326 5441 2580 5498 divinam.
2607 5444 2848 5514 Cumque
2877 5447 3374 5514 statuissentipsam
3394 5459 3611 5518 quoque

2040 5532 2334 5589 Jerusalem
2388 5551 2600 5604 capere,
2671 5551 2700 5588 a
2752 5551 2913 5607 scapo
2955 5539 3295 5602 aberrarunt,
3360 5544 3414 5590 et
3460 5534 3611 5588 irrita

2042 5625 2142 5678 fuit
2179 5641 2365 5679 eorum
2418 5628 2768 5704 machinatio,
2797 5628 2902 5681 Deo
2959 5630 3162 5683 exitum
3204 5634 3448 5681 vertente
3493 5639 3612 5679 om-

2042 5720 2168 5772 nino
2192 5720 2241 5773 in
2267 5722 2598 5775 contrarium
2623 5735 2817 5792 prmter
2848 5723 3330 5791 exspectationem.

3225 5966 3298 6024 10
