4152 6366
547 389 652 443 299

1533 381 1590 437 S.
1631 378 1911 435 CYRILLI
1949 377 2415 434 ALEXANDRINI
2456 377 2776 435 ARCHIEP.

3690 373 3796 429 300

549 505 656 559 ὑπὸ
700 502 848 566 θείας
893 503 1083 573 ὀργῆς.
1127 501 1552 571 Βουλευσάμενοι
1580 500 1636 551 δὲ
1673 499 1770 552 καὶ
1821 498 1990 568 αὐτὴν
2028 498 2395 570 χειρώσασθαι
2428 498 2531 570 τὴν
2571 497 2950 570 Ἰερουσαλὴμ,
3001 497 3406 569 διημαρτήκασι
3440 496 3535 549 τοῦ
3572 511 3795 555 σκοπου,

550 601 644 654 καὶ
678 598 903 668 γέγονεν
930 599 1113 660 αὐτοῖς
1156 598 1433 666 ἄπρακτος
1464 596 1497 665 ὴ
1528 594 1737 663 σκέψις,
1757 592 1892 646 Θεοῦ
1930 592 2253 663 μεταθέντος
2274 596 2355 656 εἰς
2385 594 2494 648 πᾶν
2530 592 2839 647 τούναντίον
2871 592 2979 646 τῶν
3001 591 3480 663 προσδοκηθέντων
3501 591 3562 644 τὸ
3592 591 3785 662 πέρας.

521 744 533 763 ,
625 692 787 746 Vens.
844 691 934 745 ‘26.
993 689 1057 744 Et
1117 689 1362 743 excitabit
1408 688 1545 741 Deus
1583 689 1639 740 in
1700 703 1787 740 eos
1839 687 2123 740 secundum

2293 688 2405 742 Kal
2456 688 2720 757 ἐπεγερεῖ
2766 690 2800 741 ό
2871 689 3013 754 Θεὸς
3067 686 3160 739 ἐπ’
3196 688 3419 752 αὐτοὺς
3474 686 3623 741 κατὰ
3681 686 3794 754 τὴν

552 785 765 852 plagam
828 781 1070 846 Madian,
1117 780 1310 833 inloco
1344 778 1671 847 a/flictionis,
1712 786 1760 830 et
1797 778 1880 830 ira
1922 777 2035 845 ejus
2067 777 2125 831 in

521 878 608 943 ,in
643 880 726 928 via
751 889 867 941 qua:
898 889 990 942 per
1020 888 1185 939 mare,
1218 872 1271 924 in
1312 872 1450 925 viam
1502 887 1620 941 qua:
1670 880 1745 925 est
1798 873 1867 924 ad
1918 870 2127 942 AEgyp-

510 944 537 997 δ
554 975 688 1022 tum.

624 1056 918 1119 Corruent,
947 1054 1141 1119 inquit,
1176 1053 1255 1106 ira
1313 1067 1544 1122 superna
1596 1062 1651 1107 et
1702 1053 1885 1107 divina
1924 1054 1976 1108 in
2033 1068 2126 1109 eos

554 1148 767 1204 invecta
802 1166 815 1201 :
850 1162 952 1201 nec
982 1147 1090 1200 ullo
1114 1160 1332 1215 prorsus
1391 1145 1573 1198 labore
1602 1159 1738 1213 opus
1784 1145 1889 1198 erit
1943 1144 2120 1199 Israe-

557 1240 687 1293 litis.
732 1238 973 1292 Evadent
1020 1236 1164 1289 enim
1196 1234 1453 1301 victores,
1485 1249 1589 1288 non
1614 1235 1963 1303 arcusiactu,
2019 1249 2125 1287 non

557 1347 809 1385 manuum
840 1331 910 1395 vi,
960 1344 1064 1383 non
1119 1327 1313 1383 bellica
1362 1325 1576 1394 peritia,
1610 1334 1667 1378 at
1720 1326 1903 1395 potius
1964 1340 2124 1378 manu

559 1425 738 1477 divina
766 1422 1097 1491 percutiente
1134 1428 1187 1472 et
1228 1416 1518 1487 superbum
1552 1416 1804 1485 populum
1837 1412 2130 1469 conficien-

561 1528 647 1582 te;
678 1514 1127 1585 quemadmodum
1160 1510 1399 1580 profecto
1450 1508 1648 1562 accidit
1688 1506 2013 1562 Madianitis.
2049 1507 2125 1560 llli

559 1610 701 1664 enim
762 1605 1019 1662 confertis
1067 1603 1369 1672 agminibus
1430 1610 1591 1670 atque
1637 1600 1748 1669 ipsa
1809 1608 1919 1654 tota
1972 1610 2130 1669 gente

559 1699 891 1769 congregati,
928 1695 1238 1751 Iudaeorum
1277 1708 1490 1747 omnem
1540 1694 1811 1759 regionem
1841 1704 2130 1760 prapemo-

560 1794 687 1845 dum
723 1790 1074 1845 infestabant:
1125 1794 1180 1840 et
1220 1785 1424 1854 ingenti
1490 1786 1685 1837 timore
1737 1783 2014 1852 perculsos
2064 1796 2126 1835 ex

562 1884 785 1938 urbibus
819 1892 874 1935 et
903 1882 1033 1933 vicis
1067 1879 1301 1947 migrare
1350 1876 1548 1930 invitos
1594 1877 1883 1944 cogebant,
1934 1884 1993 1927 ut
2041 1873 2131 1927 vix

563 1976 614 2029 in
643 1973 903 2027 montium
957 1971 1256 2025 verticibus
1314 1968 1473 2035 idque
1521 1967 1709 2020 timide
1763 1965 2126 2021 considerent.

2225 777 2470 847 πληγὴν
2511 778 2747 847 Μαδιάμ
2777 777 2848 832 ὲν
2876 779 3038 842 τόπῳ
3078 778 3358 848 θλίψεως,
3400 780 3497 833 καὶ
3542 782 3575 833 ό
3616 778 3799 848 θυμὸς

2224 868 2412 923 αὐτοῦ
2460 866 2537 936 τῇ
2573 867 2692 933 ὀδῷ
2720 868 2797 937 τῇ
2827 870 2977 924 κατὰ
3020 868 3361 937 θάλασσαν,
3400 872 3487 937 είς
3520 868 3635 938 τὴν
3657 868 3803 924 ὁδὸν

2226 958 2344 1027 τὴν
2372 959 2501 1013 κατ’
2532 960 2858 1029 Αἴγυπτον.

2296 1051 2614 1118 Πεσοῦνται,
2658 1052 2843 1122 φησὶν,
2878 1052 3050 1126 ὀργῆς
3093 1053 3180 1105 ἐπ’
3220 1053 3402 1116 αὐτοῖς
3434 1051 3801 1125 ἐπενηνεγμέο

2227 1158 2325 1212 νης
2382 1142 2481 1212 τῆς
2519 1142 2724 1196 ἄνωθεν
2757 1142 2853 1196 καὶ
2887 1144 3037 1214 παρὰ
3070 1143 3202 1197 Θεοῦ
3224 1160 3239 1177 ⁶
3283 1144 3378 1198 καὶ
3414 1142 3625 1208 οὐδενὸς
3665 1159 3801 1196 παν-

2226 1229 2395 1294 τελῶς
2419 1231 2599 1302 δεήσει
2627 1233 2788 1286 πόνου
2811 1235 2923 1296 τοῖς
2949 1233 3007 1298 ἐξ
3034 1234 3270 1305 Ἰσραήλ.
3291 1235 3644 1304 Περιέσονται
3665 1233 3800 1306 γάρ,

2229 1323 2287 1375 οὐ
2323 1323 2489 1387 τόξων
2522 1322 2724 1393 βολαῖς,
2768 1325 2869 1378 οὐκ
2901 1326 3185 1396 εὐσθενείᾳ
3220 1327 3440 1398 χειρῶν,
3481 1330 3541 1381 οὑ
3585 1331 3804 1398 πολεμιο

2228 1414 2350 1476 καῖς
2385 1414 2698 1485 ἐμπειρίαις
2712 1414 3013 1486 χρώμενοι,
3042 1417 3375 1488 κρατήσουσι
3402 1418 3460 1471 δὲ
3494 1418 3691 1489 μᾶλλον
3715 1417 3805 1471 διά

2228 1504 2411 1576 χειρὸς
2438 1505 2596 1569 Θεοῦ,
2628 1507 2971 1578 πληττούσης
2993 1525 3053 1560 τε
3085 1508 3181 1562 καὶ
3203 1508 3528 1578 δαπανώσης
3552 1507 3644 1561 τὸν
3671 1508 3804 1562 ἀλα-

2229 1597 2357 1661 ζόνα
2384 1586 2542 1650 λαόν·
2576 1598 2829 1670 καθάπερ
2868 1599 3059 1669 ἀμέλει
3095 1599 3294 1671 συνέϐη
3335 1600 3526 1654 παθεῖν
3554 1600 3647 1653 καὶ
3678 1600 3804 1653 Μα-

2228 1689 2522 1759 διηναίους.
2557 1691 2619 1742 Οί
2658 1691 2753 1760 μὲν
2779 1689 2888 1761 γὰρ
2919 1692 3062 1743 κατὰ
3091 1690 3298 1761 πληθὺν
3330 1691 3423 1743 καὶ
3454 1690 3596 1744 κατὰ
3649 1691 3806 1759 γένος

2231 1780 2631 1851 συνειλεγμένοι
2665 1780 3051 1851 κατεληίζοντο
3093 1782 3193 1852 μὲν
3219 1782 3415 1853 μικροῦ
3445 1782 3554 1835 δεῖν
3592 1784 3808 1837 ἃπασαν

2228 1875 2327 1946 τὴν
2357 1872 2465 1927 τῶν
2506 1873 2780 1927 Ἰουδαίων
2818 1872 3023 1945 χώραν,
3062 1875 3159 1928 καὶ
3191 1875 3462 1946 ἀφόρητον
3495 1875 3677 1938 αὐτοῖς
3715 1877 3809 1945 ἐμ-

2233 1964 2509 2027 ποιοῦντες
2539 1964 2599 2017 τὸ
2626 1963 2818 2033 δεῖμα,
2854 1963 3059 2017 πόλεων
3108 1964 3207 2034 μὲν
3246 1966 3341 2018 καὶ
3379 1965 3583 2035 κωμῶν
3628 1966 3808 2018 ἁπαν-

560 2070 630 2122 At
663 2064 933 2122 succurrit
973 2073 1082 2117 tum
1110 2074 1320 2131 quoque
1358 2061 1517 2124 Deus,
1540 2069 1596 2113 et
1649 2075 1809 2113 ntanu
1866 2056 2133 2112 Gedeonis

2240 2055 2487 2109 ίστασθαι
2516 2056 2611 2108 καὶ
2660 2055 2757 2125 οὐχ
2790 2056 3010 2119 ἑκόντας
3057 2057 3386 2125 ἠνάγκαζον,
3437 2057 3809 2121 ἐναυλίζεσθαι

560 2161 930 2230 periclitantes
993 2153 1350 2215 conservavit,
1395 2166 1559 2219 parva
1610 2151 1896 2203 admodum
1968 2165 2128 2203 tnanu

561 2250 882 2306 subsidiaria
940 2247 1237 2301 instructus
1292 2262 1307 2298 :
1361 2243 1453 2311 qui
1485 2255 1645 2295 noctu
1698 2242 1828 2295 etin
1868 2241 2129 2304 tenebris,

563 2341 769 2411 hydriis
795 2339 1107 2404 confractis,
1139 2336 1345 2391 facibus
1389 2335 1648 2399 ostensis,
1683 2334 1942 2388 cornibus
2002 2334 2133 2389 buc-

562 2432 893 2494 cinantibus,
966 2427 1406 2483 adversariorum
1473 2426 1765 2496 phalanges
1825 2427 2128 2479 turbarunt.

564 2523 643 2577 Ex
669 2538 778 2591 quo
801 2520 929 2575 illud
949 2521 1160 2574 demum
1186 2517 1492 2571 Madianitis
1519 2516 1732 2581 accidit,
1756 2525 1813 2570 ut
1834 2516 1967 2571 fusis
1989 2519 2134 2571 ordi-

563 2617 743 2677 nibus,
780 2614 888 2668 Deo
915 2612 1204 2665 collidente
1234 2625 1298 2664 ac
1350 2616 1686 2671 conterentc,
1718 2618 1773 2661 et
1804 2617 1962 2661 noctu
2000 2607 2135 2659 ami-

562 2715 757 2762 cumet
778 2715 1060 2775 cognalum
1092 2703 1159 2757 ab
1197 2701 1419 2754 inimico
1444 2698 2017 2764 nouinternosceutes,
2050 2699 2134 2753 in-

566 2808 649 2853 ter
682 2814 740 2852 se
785 2795 1052 2851 commisti
1102 2809 1166 2847 ac
1208 2793 1482 2847 commissi
1530 2790 1747 2857 fuerint,
1785 2801 1839 2844 et
1874 2790 2138 2845 hostiliter

564 2888 792 2944 invicem
811 2884 1103 2944 saevierint,
1135 2895 1463 2949 suorumque
1497 2881 1747 2935 manibus
1784 2878 1946 2949 184
1974 2881 2139 2935 mise-

566 2978 807 3033 rabiliter
833 2972 1498 3042 disperierint.Inducetur
1525 2973 1727 3041 itaque,
1754 2970 1946 3038 inquit,
1982 2969 2132 3039 juxta

566 3075 774 3145 plagam
801 3070 1027 3124 Madiatn
1090 3067 1285 3122 inloco
1339 3065 1667 3120 afflictionis.
1721 3063 1923 3118 Locum
1959 3076 2137 3117 autem

566 3163 871 3221 ainictionis
903 3177 999 3216 seu
1058 3168 1267 3228 tempus
1338 3157 1600 3220 nominat,
1662 3171 1771 3224 quo
1819 3154 1935 3208 haec
1999 3152 2139 3207 facta

567 3267 712 3316 sunt.
747 3256 901 3323 Quod
947 3262 1126 3307 autem
1189 3251 1425 3305 furorem
1474 3250 1693 3305 barbari
1772 3259 1975 3303 tantum
2031 3264 2138 3302 non

566 3355 821 3407 aberrare
848 3350 1047 3403 faceret
1082 3347 1242 3408 Deus,
1268 3344 1401 3398 etin
1466 3344 1600 3397 alios
1636 3343 1785 3396 illntn
1843 3352 2135 3401 averteret,

567 3442 837 3514 significat
889 3440 1115 3494 dicens:
1151 3436 1218 3490 Et
1266 3436 1344 3489 ira
1373 3436 1490 3502 ejus
1515 3436 1568 3489 in
1623 3435 1707 3489 via
1734 3450 1855 3504 qua:
1899 3443 1982 3487 est
2041 3449 2138 3502 per

569 3551 741 3600 mare,
766 3535 817 3589 in
843 3533 983 3586 viam
1009 3544 1127 3599 qua":
1151 3529 1308 3582 estin
1348 3526 1663 3597 Egyptum.
1703 3526 1817 3579 Rex
1848 3526 1989 3579 enim
2040 3526 2142 3578 As-

566 3626 838 3697 syriorum
894 3618 1419 3688 Theglaphalasarus
1454 3615 1533 3686 (is
1566 3624 1648 3671 est
1704 3615 1795 3683 qui
1838 3614 2141 3669 Samariam

568 3721 620 3773 vi
649 3714 1071 3786 expugnaverat)
1104 3709 1359 3764 tributum
1424 3706 1819 3761 habitatoribus
1862 3706 2140 3775 imposuit,

569 3820 623 3865 et
652 3806 877 3877 vectigal
922 3805 990 3858 ab
1045 3804 1126 3857 his
1172 3802 1264 3871 qui
1325 3801 1748 3856 succedentibus
1810 3799 2144 3868 temporibus

570 3908 859 3969 regnarent
893 3896 945 3948 in
995 3894 1402 3963 lsrael,cxegit.
1444 3893 1576 3946 Cum
1627 3892 1730 3945 huc
1787 3893 2000 3945 demum
2058 3906 2142 3945 res

571 3993 827 4051 venisset,
861 3999 916 4042 et
938 3988 1235 4056 subegisset
1266 3985 1566 4039 Samariam
1607 3983 1773 4038 Oseas
1806 3984 1947 4036 ﬁlius
2010 3982 2138 4047 Ehe,

570 4100 676 4139 non
711 4082 859 4137 misit
891 4081 1004 4146 regi
1036 4078 1384 4147 Assyriorum
1415 4075 1626 4140 Manaa,
1681 4076 1821 4129 sicut
1881 4076 2139 4144 scriptum

571 4186 675 4237 est,
702 4185 754 4229 et
781 4189 900 4228 cum
938 4186 1059 4224 cum
1089 4169 1245 4222 valde
1285 4167 1547 4221 oernsum
1573 4168 1941 4231 intellexisset,
1976 4168 2141 4239 Egy-

570 4270 804 4339 ptiorum
834 4278 1049 4317 manum
1111 4260 1163 4313 in
1216 4259 1515 4314 subsidium
1558 4259 1839 4323 conduxit,
1875 4260 2140 4328 siquidem

568 4357 728 4411 vellet
756 4356 801 4409 is
840 4353 932 4422 qui
959 4350 1155 4404 tributa
1197 4358 1253 4402 et
1285 4347 1569 4417 veCtigalia
1605 4348 1900 4412 indixerat,
1957 4350 2008 4401 in
2049 4362 2143 4403 eos

568 4450 686 4518 iure
723 4447 845 4502 belli
886 4442 1113 4498 armari.
1149 4439 1477 4495 Promittere
1506 4441 1579 4493 illi
1611 4442 1825 4509 quidem
1874 4441 2139 4497 lubentis-

569 4543 724 4606 sime,
771 4539 860 4609 qui
910 4547 1018 4593 tum
1076 4534 1344 4605 Egyptiis
1428 4533 1833 4601 imperitabant.
1886 4534 2142 4605 Assyrius

569 4643 751 4687 autem
797 4630 882 4683 his
936 4627 1200 4689 offensus,
1255 4641 1376 4680 cum
1448 4625 1593 4678 omni
1654 4627 1896 4679 exercitu
1953 4638 2142 4681 contra

2232 2148 2290 2201 δὲ
2335 2148 2512 2218 μόλις,
2541 2148 2635 2200 καὶ
2666 2148 2825 2200 τοῦτο
2862 2148 3123 2219 περιδεῶς
3164 2152 3280 2212 ταῖς
3320 2149 3428 2202 τῶν
3474 2151 3612 2221 ὀρῶν
3641 2168 3809 2221 κορυ-

2234 2242 2379 2307 φαῖς.
2426 2240 2567 2292 Ἀλλ’
2597 2241 2845 2311 ἐπήμυνε
2888 2241 2983 2293 καὶ
3018 2241 3137 2293 τότε
3170 2242 3322 2306 Θεὸς,
3359 2243 3453 2295 καὶ
3490 2243 3691 2295 σέσωκε
3720 2260 3810 2295 κε-

2232 2332 2647 2397 κινδυνευκότας
2703 2333 2792 2387 διὰ
2838 2335 3019 2405 χειρὸς
3074 2334 3283 2390 Γεδεὼν
3337 2335 3533 2408 κομιδῇ
3591 2335 3811 2407 βραχεῖς

2234 2425 2457 2495 ἔχοντας
2485 2430 2610 2489 τοὺς
2640 2427 3029 2493 συνασπιστὰς,
3057 2427 3106 2479 οἳ
3137 2430 3233 2480 καὶ
3276 2427 3375 2491 τὰς
3412 2427 3520 2480 τῶν
3554 2428 3813 2481 ἐναντίων

2234 2515 2633 2586 τεθορυϐήκασι
2676 2516 2984 2585 φάλαγγας,
3040 2518 3097 2569 ἐν
3152 2516 3307 2569 νυκτὶ
3353 2517 3448 2569 καὶ
3495 2516 3670 2587 σκότῳ
3714 2516 3814 2578 τὰς

2236 2605 2423 2674 ὑδρίας
2455 2604 2906 2676 συνθραύσαντες,
2936 2606 3031 2659 καὶ
3048 2607 3212 2677 δᾷδας
3251 2606 3670 2676 ἐπιδειξάμενοι,
3716 2606 3814 2659 καὶ

2235 2698 2595 2761 σαλπίσαντες
2634 2701 2755 2762 ταῖς
2797 2700 3131 2769 κερατίναις,
3174 2700 3313 2752 ὥστε
3351 2700 3444 2754 καί
3491 2718 3543 2753 τι
3574 2699 3816 2752 τοιοῦτον

2238 2790 2434 2861 συνέϐη
2485 2790 2681 2845 παθεῖν
2718 2793 2832 2855 τοῖς
2872 2792 2937 2844 ἐκ
2980 2792 3224 2863 Μαδιάμ.
3286 2793 3502 2864 Ἐπειδὴ
3544 2793 3651 2864 γὰρ
3690 2810 3817 2844 συν-

2237 2884 2404 2955 εχύθη
2446 2884 2516 2938 τὰ
2553 2885 2835 2954 τάγματα,
2874 2885 3305 2949 καταπτοοῦντος
3336 2885 3493 2949 Θεοῦ,
3521 2885 3817 2956 διακρίνειν

2237 2978 2338 3030 οὐκ
2368 2977 2581 3047 ἔχοντες
2613 2979 2687 3040 ὠς
2732 2979 2789 3029 ἐν
2830 2978 3005 3047 σκότῳ
3035 2979 3128 3030 κα)⁵
3170 2979 3346 3043 νυκτὶ,
3376 2978 3461 3042 τίς
3508 2980 3538 3031 6
3574 2978 3744 3046 φίλος,
3778 2978 3814 3049 ἦ

2240 3069 2534 3141 συγγενὴς,
2566 3070 2598 3140 ἣ
2633 3070 2712 3132 τίς
2744 3071 2772 3122 6
2804 3071 3081 3140 πολέμιος,
3112 3070 3501 3124 συνεπλέκοντο
3532 3072 3627 3143 μὲν
3649 3071 3818 3142 ἀλλή-

2244 3162 2380 3225 λοις,
2430 3162 2597 3231 ἔδρων
2624 3161 2681 3214 δὲ
2713 3161 2782 3213 τὰ
2829 3162 2938 3215 τῶν
2986 3162 3231 3233 ἐχθρῶν,
3267 3164 3360 3216 καὶ
3409 3166 3530 3226 ταῖς
3574 3162 3820 3231 ἀλλήλων

2241 3255 2428 3325 χερσὶν
2457 3254 2688 3325 οἰκτρῶς
2726 3253 3061 3308 διολώλασιν.
3128 3255 3578 3324 Ἐπενεχθήσεται
3615 3255 3818 3320 τοίνυν,

2251 3345 2429 3416 ρησὶν,
2464 3346 2605 3398 κατὰ
2644 3346 2741 3414 τὴν
2782 3346 2997 3415 πληγὴν
3029 3346 3128 3415 τὴν
3171 3345 3399 3415 Μαδιάμ
3436 3348 3493 3399 ἐν
3527 3345 3676 3417 τόπῳ
3707 3346 3821 3399 θλί-

2246 3436 2410 3508 ψεως.
2442 3439 2618 3491 Τόπον
2669 3438 2726 3490 δὲ
2769 3437 3023 3505 θλίψεως,
3056 3439 3174 3509 ἦτοι
3218 3439 3408 3509 καιρὸν
3441 3437 3699 3509 ὀνομάζει
3731 3438 3822 3490 τὸν

2246 3532 2303 3584 ἐν
2331 3524 2374 3599 ᾧ
2403 3532 2560 3584 ταυτὶ
2587 3531 2838 3599 γενέσθαι
2870 3530 3235 3601 συμϐέϐηκεν.
3271 3530 3393 3582 Ὅτι
3437 3529 3495 3582 δὲ
3541 3528 3824 3598 μονονουχὶ

2244 3625 2338 3675 καὶ
2358 3623 2728 3693 άποπλανήσει
2758 3623 2891 3686 Θεὸς
2920 3622 3011 3675 τὸν
3034 3620 3129 3675 τοῦ
3160 3621 3435 3693 βαρϐάρου
3484 3621 3683 3692 θυμὸν,
3729 3620 3824 3674 καὶ

2244 3715 2330 3781 ἐφ’
2356 3714 2578 3783 ἐτέρους
2620 3713 2781 3767 αὑτὸν
2815 3713 3179 3784 παρατρέψει,
3223 3712 3563 3784 καταμηνύει
3612 3712 3821 3781 λέγων·

2245 3811 2355 3864 Καὶ
2395 3812 2422 3863 6
2464 3810 2631 3881 θυμὸς
2686 3809 2851 3863 αὐτοῦ
2880 3812 2945 3881 τῇ
2974 3808 3080 3879 ὀδῷ
3114 3811 3181 3880 τῇ
3235 3809 3375 3862 κατὰ
3410 3808 3710 3870 θάλασσαν,
3744 3808 3826 3871 είς

2243 3900 2340 3971 τὴν
2367 3901 2483 3954 ὁδὸν
2524 3901 2622 3971 τὴν
2672 3901 2790 3953 κατ’
2825 3900 3119 3968 Αἴγυπτον.
3179 3900 3236 3953 Ὀ
3274 3900 3371 3969 μὲν
3405 3898 3514 3970 γὰρ
3554 3899 3663 3951 τῶν
3697 3899 3824 3950 Ἀσ-

2248 3993 2447 4063 συρίων
2485 3992 2734 4062 βασιλεὺς
2757 3990 3211 4062 Θεγλαφαλασὰρ,
3243 3985 3397 4053 οὗτος
3420 3986 3488 4061 ἦν
3519 3988 3653 4043 ἑλὼν
3683 3989 3825 4043 κατὰ

2245 4084 2445 4153 κράτος
2496 4083 2595 4154 τὴν
2647 4084 2981 4153 Σαμάρειαν,
3033 4083 3274 4151 δασμοὺς
3330 4081 3565 4150 ἐπέθηκε
3608 4083 3719 4144 τοῖς
3748 4081 3826 4133 οί-

2245 4174 2431 4227 κοῦσιν
2460 4174 2648 4243 αὐτὴν,
2692 4174 2817 4243 τέλη
2850 4191 2910 4225 τε
2953 4174 3048 4225 καὶ
3089 4173 3288 4242 φόρους
3318 4172 3495 4243 ἐξῄτει
3527 4173 3655 4234 τοὺς
3686 4172 3827 4226 κατὰ

2245 4265 2434 4335 καιρὸν
2496 4264 2877 4335 βασιλεύοντας
2922 4265 3016 4317 ἐπὶ
3062 4264 3153 4317 τὸν
3210 4265 3445 4335 Ἰσραήλ.
3499 4263 3717 4334 Ἐπειδὴ
3767 4264 3826 4316 δὲ

2243 4352 2377 4427 ἧκεν
2438 4358 2517 4420 εἰς
2584 4357 2767 4420 τοῦτο,
2836 4359 2929 4410 καὶ
2988 4357 3302 4428 κεκράτηκε
3352 4357 3451 4426 τῆς
3515 4354 3827 4426 Σαμαρείας

2258 4449 2414 4519 Ὠσηέ
2446 4450 2558 4512 υίὸς
2605 4448 2756 4511 Ἦλὰ,
2784 4450 2883 4501 οὐκ
2914 4448 3125 4520 ἔπεμψε
3157 4450 3354 4503 Μαναὰ
3385 4448 3461 4519 τῷ
3491 4448 3699 4517 βασιλεῖ
3717 4446 3826 4498 τῶν

2256 4540 2576 4610 Ἀσσυρίων,
2614 4541 2757 4594 καθὰ
2784 4542 3113 4613 γέγραπται.
3156 4541 3373 4611 Ἐπειδὴ
3404 4540 3463 4594 δέ
3496 4541 3609 4611 ᾔδει
3647 4539 3826 4609 πάντη

2241 4649 2302 4685 τε
2332 4633 2425 4686 καὶ
2460 4633 2675 4695 πάντως
2717 4636 2920 4685 ἐκεῖνον
2952 4634 3422 4704 ἁγανακτήσοντα,
3458 4634 3556 4703 τὴν
3594 4632 3703 4684 τῶν
3728 4632 3826 4682 Αί-

567 4722 850 4794 Ᾱῐςγριίοε
899 4718 1296 4788 expeditionem
1360 4716 1650 4770 adornare:
1692 4717 2135 4785 gubernatoribus

2249 4724 2496 4791 γυπτίων
2527 4725 2920 4794 κατεμισθοῦτο
2949 4729 3105 4797 χεῖρα
3136 4726 3275 4797 πρὸς
3306 4725 3645 4795 ἐπικουρίαν,
3677 4725 3726 4775 εί
3760 4723 3827 4795 δὴ

569 4818 710 4871 illius
740 4818 841 4870 hoc
873 4811 1117 4869 criminis
1155 4811 1445 4873 intentare,
1490 4808 1633 4877 quod
1668 4807 1836 4863 Oseas
1868 4811 2142 4875 resilierit,

569 4909 834 4977 acjugum
866 4903 1193 4963 excusserit,
1242 4900 1541 4955 insolentia:
1569 4915 1698 4953 ansa
1733 4910 1973 4968 arrepta,
2000 4904 2142 4970 quod

569 5001 843 5070 suppetias
866 4994 1087 5067 polliciti
1125 4992 1372 5046 fuissent.
1404 4992 1587 5060 Itaque
1639 4993 1851 5046 barbari
1882 4992 2141 5062 furorem,

570 5088 1024 5161 quemadmodum
1060 5086 1171 5155 jam
1214 5084 1345 5147 dixi,
1381 5083 1507 5136 hine
1537 5082 1826 5152 significat,
1856 5084 2143 5151 inquiens:

569 5184 636 5237 Et
671 5184 749 5237 ira
782 5183 898 5249 ejus
929 5181 980 5233 in
1006 5181 1091 5232 via
1122 5192 1218 5247 per
1248 5191 1416 5241 mare,
1453 5178 1503 5228 in
1538 5179 1679 5228 viam
1727 5179 1794 5229 ad
1829 5177 2138 5247 [Egyptutm

567 5271 996 5329 Accoluntenim
1026 5285 1176 5324 mare
1231 5268 1724 5337 llierosolytuitani,
1761 5268 1901 5321 viam
1960 5281 2140 5322 autent

568 5365 637 5419 ad
681 5372 880 5418 terram
941 5361 1318 5433 Egyptiorum
1370 5360 1676 5419 ducentem,
1730 5370 1784 5411 et
1831 5375 1962 5413 sane
2007 5363 2141 5415 citra

569 5455 835 5515 laborem,
867 5450 1003 5505 mari
1033 5451 1267 5504 vicinam
1296 5447 1461 5502 etiam
1487 5446 1663 5501 adhuc
1697 5448 1996 5515 appellant.

2242 4814 2483 4885 βούλοιτο
2512 4816 2602 4867 τὸν
2631 4818 2869 4886 πολέμου
2906 4820 3067 4887 νόμον
3097 4818 3413 4880 ὁπλίζεσθαι
3432 4818 3555 4869 κατ’
3591 4816 3771 4869 αὐτῶν
3796 4815 3826 4867 ὁ

2240 4907 2479 4978 δασμοὺς
2513 4908 2722 4971 ἐπιθεὶς
2758 4912 2852 4962 καὶ
2888 4911 3039 4980 τέλη.
3073 4910 3555 4979 Καθυπισχνοῦντο
3585 4909 3641 4960 δὲ
3669 4906 3829 4960 τοῦτο

2242 5000 2335 5052 καὶ
2369 5000 2512 5070 μάλα
2553 5001 2787 5069 ἑτοίμως
2830 5004 2876 5053 οἱ
2913 5002 3020 5053 τῶν
3057 5002 3370 5070 Αἰγυπτίων
3408 4999 3738 5071 κρατοῦντες
3770 5000 3830 5051 τὸ

2242 5092 2518 5161 τηνικάδε.
2589 5094 2731 5165 Πρὸς
2793 5095 2950 5147 τοῦτο
3005 5094 3375 5165 λελυπημένος
3422 5096 3450 5147 6
3513 5091 3818 5161 Ἀσσύριος,

2247 5182 2590 5253 πανστρατιᾷ
2644 5184 2861 5237 κατέθει
2914 5184 3012 5254 τὴν
3070 5186 3403 5252 Αἰγυπτίων,
3438 5183 3692 5253 ἔγκλημα
3718 5185 3832 5247 τοῖς

2247 5273 2541 5341 κρατοῦσιν
2569 5276 2738 5344 αὐτῆς
2770 5278 2946 5329 ἐκεῖνο
2971 5276 3161 5341 τιθεὶς,
3205 5277 3265 5330 τὸ
3295 5277 3700 5347 άποσκιρτῆσαι
3740 5275 3832 5327 τὸν

2257 5364 2436 5433 Ὠσηὲ,
2469 5369 2562 5419 καὶ
2592 5368 2986 5422 ἀποσείσασθαι
3026 5370 3116 5421 τὸν
3151 5369 3315 5422 αὐτοῦ
3346 5368 3527 5435 ζυγὸν,
3568 5365 3831 5428 ἀπονοίας

2244 5454 2475 5509 λαϐόντα
2518 5458 2793 5529 πρόφασιν
2842 5460 2939 5529 τῆς
2988 5461 3116 5531 παρ’
3148 5460 3325 5512 αὐτῶν
3377 5458 3694 5527 ἐπικουρίας
3734 5456 3832 5525 τὴν

570 5546 885 5617 ὑπόσχεσιν.
943 5543 1065 5597 Ὀτι
1118 5540 1296 5595 τοίνυν
1333 5540 1424 5593 τὸν
1473 5540 1569 5593 τοῦ
1622 5539 1898 5611 βαρϐάρου
1954 5540 2143 5612 θυμὸν,
2186 5546 2441 5621 καθάπερ
2507 5552 2643 5623 ἔφην
2686 5553 2909 5623 ἀρτίως,
2961 5554 3256 5623 μεταθήσει
3294 5552 3425 5615 Θεὸς
3462 5553 3545 5620 ἐφ’
3589 5548 3828 5618 ἑτέρους,

567 5641 977 5715 διαμεμήνυκεν
1014 5637 1203 5692 εἰπών’
1237 5638 1345 5691 Καὶ
1382 5639 1410 5690 6
1439 5636 1609 5706 θυμὸς
1636 5637 1797 5689 αὑτοῦ
1818 5639 1883 5707 τῇ
1916 5637 2020 5708 ὁδῷ
2044 5642 2110 5711 τῇ
2144 5644 2287 5697 κατὰ
2323 5646 2621 5713 θάλασσαν,
2663 5650 2743 5711 εἰς
2769 5648 2867 5719 τὴν
2903 5648 3025 5701 ὁδὸν
3065 5650 3163 5721 τὴν
3209 5649 3331 5703 κατ’
3373 5649 3668 5716 Αἴγυπτον.
3711 5642 3832 5694 Ἀν-

567 5736 799 5806 ᾠκισται
841 5730 940 5801 μὲν
978 5728 1086 5799 γὰρ
1124 5728 1398 5799 θαλάσσης
1437 5728 1507 5781 τὰ
1541 5727 1907 5799 Ἱεροσόλυμα.
1955 5729 2071 5781 ὁδὸν
2100 5730 2156 5784 δὲ
2196 5735 2292 5807 τὴν
2333 5739 2468 5810 πρὸς
2504 5739 2601 5810 τὴν
2644 5739 2754 5793 τῶν
2783 5742 3093 5809 Αἰγυπτίων
3121 5742 3390 5813 φέρουσαν
3422 5742 3515 5794 καὶ
3557 5738 3677 5791 λίαν
3705 5734 3835 5803 ἀμο-

579 5829 729 5902 γητὶ,
770 5827 870 5899 τὴν
913 5825 1187 5896 θαλάσσης
1223 5826 1437 5895 γείτονα
1480 5825 1574 5879 καὶ
1622 5827 1699 5889 είς
1737 5825 1895 5896 δεῦρό
1935 5843 2115 5895 φασιν.
