4152 6366
410 510 508 569 30!

1502 505 1571 562 IN
1609 505 1844 564 ISAIAM
1880 505 2014 564 LIB.
2050 506 2091 562 1.
2152 506 2360 565 ORAT.
2399 506 2490 564 VI.

3546 511 3651 566 309.

479 629 586 685 Καὶ
616 629 787 684 ἔσται
808 628 881 683 ἐν
903 627 981 698 τῇ
1011 627 1202 698 ἡμέρᾳ
1227 627 1448 697 ἐκείνῃ,
1509 629 1979 700 Ἆραιρεθήσεται

2158 629 2444 688 VER3.-27.
2473 630 2543 684 Et
2589 630 2688 685 erit
2717 629 2769 684 iu
2791 630 2876 684 die
2920 628 3037 696 illa,
3067 627 3302 683 Tolletur
3328 630 3485 683 timor
3539 629 3652 697 ejus

409 725 444 775 ό
476 723 660 790 φόϐος
688 719 888 775 αὐτῶν
935 720 1054 775 ἀπὸ
1079 718 1220 785 σοῦ,
1263 719 1361 774 καὶ
1387 723 1419 774 ὁ
1449 718 1622 791 ζυγὸς
1649 723 1836 777 αὐτοῦ
1864 723 1982 777 ἀπὸ

2084 724 2199 790 tibi,
2225 737 2271 779 et
2293 726 2478 795 jugum
2536 723 2648 793 ejus
2677 724 2742 777 ab
2795 723 3009 777 humero
3042 734 3152 788 tuo,
3191 732 3236 776 et
3286 736 3652 790 carrumpetur

407 813 518 866 τοῦ
544 811 705 880 ὤμου
739 826 878 874 σου,
911 811 1010 865 καί
1037 811 1555 880 καταφθαρήσεται
1586 815 1621 867 ὁ
1647 811 1821 883 ζυγὸς
1865 813 1979 867 ἀπὸ

2083 813 2267 884 iugum
2294 814 2358 868 ab
2385 813 2617 868 humeris
2646 813 2849 867 vestris.

409 902 529 956 τῶν
557 903 732 972 ὤμων
765 901 955 972 ὑμῶν.

484 997 661 1066 Ἔςρην
699 996 780 1048 ὃτι
813 995 1053 1065 δασμοὺς
1098 995 1336 1050 ἐπέθηκε
1384 997 1498 1060 τοῖς
1529 994 1590 1060 ἐξ
1634 994 1852 1065 Ἰσραὴλ
1892 1013 1986 1048 κε-

409 1085 702 1157 κρατηκὼς
733 1087 762 1140 ὁ
806 1085 1111 1156 Ἀσσύριος,
1153 1086 1250 1139 καὶ
1303 1087 1602 1158 σκήπτροις
1654 1085 1805 1150 ἰδίοις
1853 1086 1987 1140 ὑπο-

411 1178 596 1248 φέρειν
622 1177 779 1248 ῆθελε
806 1178 897 1231 τὸν
926 1178 1297 1248 ἐκνεμηθέντα
1316 1177 1446 1232 λαὸν
1470 1176 1547 1248 τῷ
1573 1179 1822 1249 παναγίῳ
1842 1178 1984 1249 Θεῷ.

410 1270 628 1339 Ταύτης
673 1287 734 1323 τε
778 1269 941 1324 ’ἑνεκα
984 1270 1083 1341 τῆς
1122 1270 1306 1334 αἰτίας
1351 1270 1492 1324 κατά
1526 1269 1635 1324 τῶν
1674 1270 1985 1339 Αἰγυπτίων

408 1361 694 1426 ὡπλίζετο.
730 1361 796 1414 Τί
829 1357 920 1416 οὖν
953 1357 1062 1432 ἆρά
1092 1379 1260 1432 φησι;
1300 1361 1620 1433 Νενικηκὼς
1657 1363 1986 1431 Αἰγυπτίους

409 1453 659 1524 ἐπιθήσει
713 1453 875 1507 πάλιν
925 1452 1018 1506 τὸν
1069 1453 1264 1506 ἑαυτοῦ
1341 1453 1504 1521 ζυγὸν
1548 1456 1660 1516 τοῖς
1704 1453 1986 1525 ἐλεύθερον

410 1545 702 1614 ἐσχηκόσιν
734 1545 823 1598 ἀεὶ
858 1545 952 1597 τὸν
981 1543 1204 1614 αὐχένα,
1236 1545 1330 1597 καὶ
1366 1544 1534 1615 μόνην
1564 1545 1728 1599 εἰδόσι
1761 1546 1859 1617 τὴν
1881 1544 1985 1598 ὑπὸ

408 1634 526 1705 Θεῷ
543 1634 854 1705 βασιλείαν;
885 1634 1168 1704 Οὐδαμῶς,
1199 1635 1380 1705 φησίν.
1401 1634 1848 1706 Ἀφαιρεθήσεται
1875 1635 1985 1707 γὰρ

407 1725 530 1777 κατ’
559 1726 734 1777 ἐκεῖνο
762 1724 856 1777 τοῦ
884 1723 1075 1795 καιροῦ
1106 1726 1134 1778 6
1167 1726 1329 1794 φόϋος
1355 1725 1516 1778 αὑτοῦ
1555 1726 1662 1779 ἀπὸ
1680 1725 1796 1790 σοῦ,
1831 1727 1926 1779 καὶ⁴
1956 1727 1985 1778 6

410 1812 574 1883 ζυγὸς
601 1815 766 1868 αὐτοῦ
796 1815 904 1868 ἀπὸ
928 1814 1020 1868 τοῦ
1052 1814 1200 1886 ὢμου
1233 1833 1354 1870 σου.
1397 1817 1611 1888 Ἐπειδὴ
1639 1816 1748 1888 γὰρ
1775 1817 1988 1871 πέπτω-

408 1923 506 1958 κεν
531 1907 559 1958 6
590 1906 826 1978 ἀριθμοῦ
862 1907 1127 1978 κρείττων
1157 1908 1364 1970 ἐκεῖνος
1393 1906 1549 1972 λεὼς,
1588 1911 1682 1961 καὶ
1706 1909 1984 1962 ἀπόλωλεν

2155 989 2272 1042 Dixi
2302 989 2581 1060 Assyrium
2619 997 2901 1059 postquam
2929 990 3169 1056 vicisset,
3202 989 3402 1044 tribttta
3433 991 3652 1046 Israeli-

2087 1081 2156 1137 tis
2193 1081 2534 1151 imposuisse,
2558 1088 2612 1134 et
2635 1079 2886 1150 populum
2929 1081 3276 1136 sanctissimo
3324 1081 3434 1136 Deo
3484 1099 3651 1152 pecu—

2085 1171 2291 1225 liariter
2352 1171 2610 1235 dicatum,
2662 1187 2762 1226 suo
2805 1182 3016 1240 sceptro
3063 1175 3297 1228 voluisse
3358 1173 3651 1243 subjicere,

2084 1277 2313 1332 eamque
2329 1264 2397 1317 ob
2412 1277 2633 1318 causam
2662 1271 2849 1317 contra
2871 1262 3156 1335 Egyptios
3169 1274 3434 1320 armatum
3459 1266 3649 1322 fuisse.

2085 1352 2226 1423 Ergo
2251 1355 2376 1423 quid
2403 1355 2530 1408 dicit
2552 1354 2862 1426 ?Nunquid,
2886 1357 3110 1412 devictis
3129 1356 3421 1430 Egyptiis,
3454 1359 3649 1414 iterum

2086 1461 2241 1500 suum
2266 1447 2454 1516 jugum
2489 1447 2728 1517 imponet
2765 1449 2848 1504 bis
2879 1450 2972 1519 qui
3027 1450 3252 1505 liberum
3279 1451 3473 1506 collum
3501 1467 3648 1506 sem-

2063 1555 2180 1608 per
2207 1541 2528 1604 habuerunt,
2560 1553 2614 1594 et
2638 1542 2813 1596 solum
2862 1540 2954 1595 Dei
2997 1556 3218 1611 regnum
3266 1543 3651 1610 agnoverunt?

2092 1629 2464 1700 Nequaquam,
2501 1633 2695 1701 inquit.
2725 1631 2963 1687 Tollctur
2987 1634 3128 1687 enim
3161 1633 3260 1688 sub
3308 1634 3358 1688 id
3398 1635 3652 1702 temporis

2084 1723 2244 1777 timor
2269 1724 2384 1793 ejus
2415 1725 2531 1791 tibi,
2561 1734 2617 1778 ct
2639 1725 2825 1793 jugnut
2874 1723 2990 1792 ejus
3042 1725 3274 1780 humero
3313 1737 3423 1780 tuo.
3491 1725 3650 1797 185

2085 1811 2218 1864 Nam
2251 1823 2533 1882 postquam
2566 1814 2794 1882 populus
2828 1813 2914 1868 ille
2939 1815 3346 1870 innumerabilis
3376 1817 3649 1870 concidis-

2086 1913 2190 1970 set,
2223 1913 2277 1957 et
2304 1919 2406 1957 una
2457 1915 2614 1958 nocte
2665 1905 2857 1974 angelo
2920 1915 3270 1960 consumente
3318 1907 3648 1973 interiisset,

405 1997 468 2050 ἐν
503 1997 604 2067 μιᾷ
622 1997 802 2065 νυκτὶ,
832 1996 1178 2061 δαπανῶντος
1201 1997 1456 2066 ἀγγέλου,
1475 1998 1592 2062 πῶς
1605 1999 1705 2052 οὐκ
1727 1998 1979 2070 ἐξῄρηται

2087 2008 2263 2047 annon
2290 1994 2464 2048 omnis
2491 1994 2724 2050 formido
2755 2006 3002 2066 exempta
3048 1995 3166 2050 est?
3211 2011 3387 2050 annon
3442 1999 3653 2053 cunctis

406 2087 517 2149 πᾶς
557 2085 756 2154 φόϐος;
801 2087 872 2139 Ἦ
919 2087 1038 2150 πῶς
1067 2089 1096 2141 6
1133 2086 1292 2157 ζυγὸς
1331 2090 1359 2141 6
1400 2093 1541 2142 κατὰ
1577 2088 1778 2152 παντὸς
1806 2089 1983 2160 ῶμου,

411 2177 696 2248 μονονουχὶ
729 2178 826 2231 καὶ
868 2177 1226 2250 ἀπετινάχθη,
1263 2179 1358 2232 καὶ¹
1390 2180 1526 2251 πρός
1570 2197 1636 2250 γε
1682 2181 1857 2252 τούτῳ
1891 2183 1986 2236 καὶ

406 2268 746 2338 κατεφθὰρη,
779 2267 926 2321 τοῦτ’
955 2268 1123 2333 ἐστιν,
1155 2271 1235 2335 είς
1278 2270 1424 2324 ἆπαν
1460 2269 1662 2341 ᾧχετο;
1691 2273 1987 2343 Ζητοῦντες

407 2356 583 2408 ἐκεῖνο
626 2357 689 2408 τὸ
729 2355 997 2420 σώζεσθαι
1045 2357 1225 2427 μόνον,
1284 2359 1379 2414 καὶ
1417 2360 1554 2413 οῐκοι
1589 2361 1839 2432 δραμεῖν,
1887 2363 1984 2415 καὶ

406 2448 506 2500 οὐκ
537 2447 854 2519 ἐπαίροντες
901 2448 980 2502 ἔτι
1012 2449 1154 2503 κατὰ
1191 2450 1290 2519 τῆς
1341 2451 1597 2515 Ἰουδαίας
1632 2453 1728 2523 τὴν
1762 2452 1986 2524 πρώτην

405 2539 597 2609 ὀφρύν.
666 2541 994 2595 Ἐσκέπτετο
1041 2541 1169 2613 γὰρ,
1208 2542 1284 2605 ὡς
1335 2542 1492 2614 ἔφην,
1539 2547 1650 2608 τοῖς
1711 2546 1985 2611 Ἰουδαίοις

405 2630 577 2701 αὐτὴν
627 2632 908 2686 ὑποθεῖναι
963 2631 1168 2701 ζυγοῖς.
1221 2633 1608 2702 Μεματαίωται
1657 2636 1714 2689 δὲ
1765 2637 1835 2690 τὰ
1885 2637 1986 2708 τῆς

405 2723 622 2787 ἐλπίδος
651 2725 822 2795 αὐτῷ,
852 2725 948 2778 καὶ
978 2725 1113 2796 πρὸς
1151 2725 1260 2778 πᾶν
1302 2725 1611 2780 τούναντίον
1663 2727 1726 2781 τὸ
1757 2727 1986 2798 προσδο-

405 2815 572 2886 κηθὲν
626 2817 952 2888 ἐκϐέϐηκεν.
1024 2816 1288 2881 Ἐσώζετο
1341 2816 1450 2888 γὰρ
1524 2818 1824 2890 ἀγαπητῶς
1887 2819 1984 2888 οὐχ

403 2907 587 2971 ὅπλοις
620 2909 994 2978 νενικημένος,
1040 2909 1204 2973 θείοις
1246 2910 1301 2963 δέ
1353 2909 1551 2980 μᾶλλον
1589 2911 1847 2981 νεύμασιν
1889 2911 1986 2962 καὶ

405 2999 639 3066 ἀγγέλου
679 3001 854 3070 χειρί·
891 3004 986 3055 καὶ
1020 3001 1081 3055 τό
1113 3018 1175 3070 γε
1205 3000 1524 3073 παράδοξον.
1567 3000 1679 3054 Ἵνα
1708 3001 1817 3073 γὰρ
1859 3001 1984 3070 φαί-

405 3107 562 3160 νηται
601 3091 780 3144 πάντα
827 3089 1000 3156 είδὼς,
1035 3092 1128 3145 καὶ
1159 3093 1266 3146 τῶν
1305 3094 1645 3163 πραγμάτων
1687 3093 1748 3146 τὸ
1786 3094 1980 3164 πέρας,

403 3180 510 3234 κᾶν
535 3180 584 3233 εί
629 3182 703 3252 μή
746 3198 833 3233 πω
858 3181 1100 3249 γέγονεν,
1131 3183 1188 3235 ἐν
1217 3182 1514 3253 ὀφθαλμοῖς
1557 3183 1695 3252 ἔχων
1723 3184 1798 3246 ὼς
1827 3184 1980 3248 Θεὸς,

402 3275 498 3326 καὶ
523 3273 625 3343 τῆς
658 3273 869 3327 ἐκείνου
914 3276 1092 3346 φυγῆς
1132 3277 1469 3344 σαφέστατόν
1511 3294 1569 3329 τε
1594 3279 1686 3329 καὶ
1729 3278 1973 3347 ἐναργῶς

2089 2085 2327 2139 humeris
2341 2083 2530 2155 jugum
2559 2085 2675 2154 ejus
2701 2095 2909 2140 tantum
2939 2101 3042 2140 non
3074 2100 3386 2150 excussum,
3425 2101 3486 2141 ac
3509 2101 3652 2155 prte-

2089 2185 2234 2230 terea
2266 2185 2579 2244 corruptum
2615 2184 2716 2242 est,
2751 2175 2802 2229 id
2850 2185 2968 2238 est,
2997 2176 3220 2230 omnino
3255 2175 3434 2245 periit.
3489 2176 3652 2245 quue

2095 2268 2270 2321 solum
2308 2267 2503 2336 quaerit
2540 2266 2651 2332 ille,
2686 2278 2744 2319 ut
2776 2277 3022 2321 servetur
3045 2277 3102 2322 et.
3143 2269 3358 2321 domum
3385 2278 3650 2335 recurrat,

2084 2373 2184 2413 nec
2209 2358 2463 2426 deinceps
2497 2367 2681 2412 contra
2705 2357 2966 2424 Judtcam,
3005 2369 3061 2411 ut
3092 2359 3271 2428 prius,
3301 2361 3648 2428 supercilium

2085 2451 2297 2504 attollit.
2335 2451 2542 2505 Etenim
2579 2451 2854 2521 cogitavit,
2903 2452 2975 2503 nti
3035 2451 3165 2516 dixi,
3225 2467 3321 2505 suo
3355 2467 3472 2506 eam
3522 2452 3650 2522 jugo

2084 2556 2383 2611 supponere
2425 2559 2442 2597 :
2500 2555 2554 2596 at
2604 2557 2698 2612 Spe
2735 2557 2831 2595 sua
2889 2542 3179 2598 frustratus
3229 2555 3332 2609 εει,
3399 2543 3650 2613 aliudque

2083 2635 2281 2689 accidit
2308 2635 2692 2705 exspectationi
2718 2634 2874 2706 longe
2906 2635 3258 2690 contrarium.
3283 2636 3650 2692 Conservatus

2081 2733 2164 2780 est
2191 2725 2333 2778 enim
2363 2723 2686 2780 sufﬁcienter
2724 2742 2829 2779 non
2865 2727 3030 2779 armis
3053 2727 3314 2788 devictus,
3345 2727 3438 2783 sed
3461 2729 3649 2782 divino

2083 2815 2261 2884 potius
2291 2826 2419 2870 nutu
2463 2825 2518 2869 et
2576 2832 2733 2870 manu
2793 2817 2990 2887 angeli,
3033 2819 3192 2887 idque
3228 2819 3638 2875 admirabiliter.

2086 2905 2155 2960 Ut
2187 2905 2329 2958 enim
2358 2915 2615 2974 appareat
2659 2904 2828 2959 Deum
2880 2905 3061 2959 omnia
3129 2921 3308 2971 nosse,
3359 2917 3416 2961 et
3467 2923 3645 2962 rerum

2081 2999 2308 3063 exitum,
2345 2998 2589 3067 quamvis
2622 2999 2861 3052 nondum
2921 2998 3035 3064 flat,
3065 2999 3134 3052 ob
3201 3000 3386 3053 oculos
3417 3000 3646 3064 habere,

2083 3089 2220 3160 fugae
2247 3089 2413 3158 ipsius
2455 3088 2692 3153 modum,
2741 3098 2794 3144 et
2830 3089 2974 3144 locos
3007 3101 3059 3144 et
3115 3091 3430 3158 diversoria,
3479 3093 3651 3145 mani-

2083 3182 2373 3236 festissime
2420 3191 2474 3234 et
2503 3181 2647 3235 clare
2677 3183 2866 3249 aperit,
2900 3193 2953 3236 et
2989 3184 3127 3250 quod
3153 3181 3347 3238 Jndtetc
3388 3185 3649 3252 plurimas

2083 3272 2245 3324 nrbes
2299 3272 2489 3324 timore
2539 3271 2857 3342 impleturus
2913 3275 3002 3336 sit,
3058 3276 3304 3343 quamvis
3362 3277 3526 3330 miser
3586 3293 3650 3331 ac

371 3389 376 3393 ·
403 3365 738 3434 ἀπαγγέλλει
781 3366 871 3418 τὸν
901 3367 1119 3436 τρόπον,
1149 3367 1344 3432 τόπους
1381 3385 1440 3421 τε
1480 3369 1572 3421 καὶ
1602 3368 1979 3436 καταλύματα,

2085 3364 2362 3433 profugus.
2414 3338 2786 3425 Venietenim,
2818 3367 3008 3434 inquit,
3063 3338 3114 3420 in
3163 3368 3433 3422 civitatem
3476 3371 3647 3437 Auge,

1598 3457 1622 3472 η
1667 3458 1679 3473 1

414 3456 508 3510 καὶ
532 3457 616 3509 ὅτι
647 3454 902 3518 πλείστας
928 3454 1323 3524 ἐκδειματὼσει
1351 3458 1448 3527 τῆς
1492 3457 1748 3520 Ἰουδαίας
1777 3457 1981 3523 πόλεις,

405 3549 584 3604 καίτοι
614 3547 796 3617 φυγὰς
820 3546 1150 3620 ἀποδραμὼν
1187 3550 1216 3601 ό
1239 3548 1493 3611 δείλαιος.
1525 3549 1682 3613 ’Ἥξει
1711 3549 1838 3620 γὰρ,
1880 3567 1983 3618 φη-

404 3638 510 3700 σὶν,
534 3640 616 3701 εἰς
645 3637 801 3690 πόλιν
835 3636 1047 3705 Ἀγγαὶ,
1073 3638 1168 3690 καὶ
1194 3637 1588 3707 παρελεύσεται
1616 3639 1696 3701 είς
1723 3638 1977 3706 Μαγεδώ.

405 3729 621 3783 Πόλεων
653 3730 710 3782 δὲ
753 3728 850 3782 καὶ
895 3729 1118 3798 κωμῶν,
1150 3729 1267 3800 ἦτοι
1314 3729 1496 3782 τόπων
1535 3729 1772 3799 ὀνόματα
1800 3731 1978 3785 ταυτί.

405 3821 515 3874 Καὶ
568 3822 626 3872 ἐν
674 3821 917 3893 Μαχμᾶς
961 3819 1116 3890 θήσει
1156 3819 1225 3873 τὰ
1263 3820 1430 3891 σκεύη
1477 3821 1662 3874 αὑτοῦ.
1707 3822 1841 3874 Φασὶ
1872 3822 1980 3894 γὰρ

417 3912 660 3983 Ἑϐραῖοι
681 3912 943 3980 γεγονότα
979 3912 1071 3964 τὸν
1117 3912 1397 3983 ’Δσσύριον
1444 3916 1502 3966 ἐν
1540 3915 1797 3984 Μαχμᾶς,
1839 3915 1978 3968 ᾶπα-

2082 3464 2138 3510 et
2167 3455 2418 3510 transibit
2458 3470 2552 3525 per
2582 3455 2858 3527 Mageddo.
2907 3457 3130 3513 Urbium
3176 3469 3231 3513 et
3279 3460 3520 3514 vicorum
3581 3477 3646 3516 ac

2087 3547 2326 3602 locorum
2371 3546 2486 3602 hac
2539 3558 2662 3602 sunt
2711 3550 2946 3604 nomina.
3014 3549 3081 3603 Et
3126 3552 3190 3604 ad
3243 3550 3516 3606 Machmas
3553 3553 3648 3608 de-

2081 3648 2244 3708 ponet
2291 3653 2419 3694 vasa
2472 3655 2588 3695 sua.
2645 3640 2839 3694 Dicunt
2893 3641 3034 3695 enim
3088 3641 3318 3708 llcbraui,
3368 3644 3648 3714 Assyrium

2083 3730 2148 3783 ad
2178 3728 2458 3785 Machmas
2491 3730 2673 3784 omnia
2735 3746 2830 3786 sua
2891 3732 3270 3802 impedimenta
3313 3733 3651 3802 deposuisse,

2087 3824 2345 3894 impetum
2375 3826 2737 3882 lsraelitarum
2775 3825 3238 3892 reformidantem,
3263 3828 3525 3896 siquidem
3555 3843 3652 3883 eos

2084 3917 2151 3971 ad
2203 3920 2628 3990 persequendum
2675 3933 3032 3990 procursnros
3079 3921 3302 3988 putavit.
3356 3919 3486 3974 Dein
3527 3920 3648 3974 ait:

405 4019 503 4057 σαν
531 4003 696 4056 αὐτοῦ
742 4003 839 4073 τὴν
880 4003 1190 4074 ἀποσκευὴν
1245 4007 1362 4058 ἐκεῖ
1409 4006 1753 4075 καταλείψαι,
1797 4005 2004 4060 δεδιότα
2039 4008 2148 4064 τῶν
2197 4010 2258 4076 ἐξ
2293 4011 2510 4084 Ἱσοαὴλ
2535 4010 2632 4084 τὴν
2667 4011 2873 4082 ἔφοδον.
2921 4011 3081 4082 ᾬετο
3111 4011 3220 4083 γὰρ
3252 4012 3336 4064 ὅτι
3378 4010 3652 4084 δραμοῦνο

400 4111 492 4148 ται
532 4093 839 4157 διώκοντες.
875 4090 1007 4147 Εἶτά
1037 4111 1204 4165 φησι·

469 4189 576 4242 Καὶ
603 4189 1031 4256 παρελεύσεται
1053 4189 1343 4259 φάραγγα,
1367 4191 1462 4245 καὶ
1485 4192 1617 4260 ἣξει
1642 4197 1726 4260 εἰς
1755 4197 1975 4264 Ἀγγαί.

399 4281 588 4345 Φόϐος
622 4278 882 4348 λήψεται
927 4279 1102 4349 Ῥάμα
1144 4283 1324 4335 πόλιν
1363 4285 1580 4337 Σαούλ.
1628 4286 1906 4349 Φεύξεται
1938 4288 1976 4355 ἡ

398 4368 660 4438 θυγάτηρ
689 4370 929 4437 Pauly
951 4409 964 4433 ,
1009 4370 1409 4424 ἐπακούσεται
1447 4374 1516 4425 ἐν
1555 4373 1812 4430 Ἀναθὼθ
1837 4394 1848 4405 ·
1880 4377 1977 4441 ἐξ·

397 4461 548 4527 ἐστη
587 4459 926 4526 Μαδεϐηνιῖ,
962 4460 1060 4513 καὶ
1089 4463 1144 4514 οἱ
1176 4464 1594 4530 κατοικοῦντες
1615 4468 1866 4534 Γιϐϐεΐρ.

474 4553 624 4621 Ἔχει
656 4551 713 4603 δέ
758 4569 810 4604 τι
853 4553 1092 4606 τοιοῦτον
1127 4553 1159 4624 ἡ
1199 4552 1306 4606 τῶν
1344 4554 1610 4625 Ἐϐραίων
1654 4559 1971 4627 παράδοσις.

393 4643 532 4693 Φεισὶ
557 4642 664 4713 γὰρ
705 4643 786 4695 ὅτι
823 4641 1000 4714 [δέκα]
1035 4643 1388 4708 διασωθέντες
1429 4646 1580 4716 μόνοι
1631 4648 1766 4716 πρὸς
1811 4651 1973 4704 αὑτὸν

395 4732 771 4802 ὑπενόστησαν
804 4735 866 4785 ἐκ
903 4734 1011 4787 τῶν
1057 4735 1444 4807 Ἰεροσολύμων
1506 4741 1598 4791 καὶ
1641 4741 1701 4792 τδ
1739 4743 1962 4809 γεγονὸς

403 4825 840 4892 ἀπηγγέλκασιν.
884 4822 1015 4879 Εἶτα
1055 4829 1150 4881 σὺν
1203 4829 1408 4897 ὀλίγοις
1457 4833 1653 4903 κομιδῇ
1703 4835 1838 4902 πρὸς
1873 4835 1972 4907 τὴν

392 4914 724 4983 ἐνεγκοῦσαν
743 4915 1114 4986 ἀνεκομίζετο,
1138 4919 1231 4971 καὶ
1249 4921 1427 4983 πάσας
1449 4920 1779 4992 τεθορύϐηκε
1800 4926 1898 4990 τάς
1914 4944 1972 4978 τε

392 5004 585 5074 κώμας
615 5006 708 5057 καὶ
740 5006 944 5070 πόλεις,
977 5008 1071 5060 καὶ
1101 5009 1267 5080 μόνην
1297 5010 1461 5063 αὐτοῦ
1490 5012 1588 5083 τὴν
1633 5015 1708 5076 ὡς
1737 5017 1793 5067 ἐν
1829 5021 1971 5088 φυγῇ

391 5095 484 5146 καὶ
520 5095 695 5165 δειλίᾳ
744 5097 978 5167 πάροδον
1022 5100 1294 5171 ἀφόρητον
1337 5103 1680 5172 ἐποιήσαντο.
1723 5107 1890 5160 Ἔνθα
1928 5110 1974 5161 δ’

386 5185 453 5236 ἂν
493 5186 749 5259 ἐπαμύνῃ
788 5189 918 5252 Θεὸς
952 5189 1046 5242 καὶ
1091 5189 1284 5253 σώζειν
1320 5191 1498 5262 ἐθέλῃ,
1530 5195 1649 5246 ἐκεῖ
1673 5194 1730 5246 τὸ
1772 5194 1973 5250 λυποῦν

386 5277 557 5342 οὐδὲν,
589 5278 726 5332 ἀλλὰ
761 5283 910 5334 πᾶσα
941 5281 1040 5350 μὲν
1080 5282 1331 5353 ἁτονήσει
1376 5283 1487 5337 τῶν
1520 5285 1901 5356 πολεμούντων
1940 5289 1972 5359 ἡ

388 5372 528 5439 χεὶρ,
575 5372 917 5441 ἀπρακτήσει
962 5373 1020 5425 δὲ
1069 5373 1220 5442 ἰσχὺς
1261 5374 1356 5427 καὶ
1409 5373 1660 5444 πολέμων
1691 5377 1970 5447 ἐμπειρία,

388 5460 480 5509 καὶ
512 5459 678 5529 τέχνη
707 5459 818 5512 τῶν
841 5463 1139 5516 τακτικῶν.

453 5551 861 5616 Πιιρακαλεῖτε
909 5553 1176 5623 σήμερον
1217 5556 1286 5609 ἐν
1329 5555 1446 5620 ὁδῷ
1509 5556 1616 5609 τοῦ
1657 5558 1856 5625 μεῖν-αι
1899 5556 1973 5625 τῇ

385 5643 555 5705 χειρί.
591 5644 1001 5710 Παρακαλεῖτε
1045 5647 1112 5698 τὸ
1153 5646 1292 5715 ὄρος
1320 5647 1435 5715 τὴν
1464 5647 1755 5717 θυγατέρα
1796 5649 1969 5716 Σιὼν,

384 5730 478 5780 καὶ
515 5733 570 5783 οἱ
601 5733 822 5796 βουνοί
854 5737 908 5787 οἱ
936 5736 1006 5788 ἐν
1043 5735 1456 5804 Ἰερουσαλήμ.

454 5821 747 5887 Συνθὲντες
777 5825 876 5896 τὴν
913 5826 1058 5891 λέξιν
1092 5829 1386 5898 ἐποίσομεν
1412 5829 1725 5897 ἀναγκαίως
1750 5831 1849 5902 τὴν
1876 5831 1970 5885 τοῦ

387 5915 655 5984 νοήματος
689 5917 1037 5990 διασάφησιν.
1064 5916 1134 5973 Ὦ
1172 5922 1351 5975 τοίνυν
1405 5921 1599 5992 βουνοί,
1635 5923 1788 5993 φησὶ,
1827 5925 1972 5979 τοῦτ’

2159 4195 2324 4250 Vens.
2363 4195 2454 4251 9.9.
2500 4194 2566 4248 Et
2598 4197 2840 4250 transibit
2869 4195 3075 4261 vallem,
3105 4205 3154 4250 et
3187 4199 3350 4251 ueniet
3382 4199 3438 4252 in
3482 4199 3644 4270 Auge.

2083 4287 2152 4341 In
2177 4292 2357 4342 timore
2397 4289 2494 4342 erit
2538 4288 2781 4354 Rhama,
2827 4290 3009 4342 civitas
3063 4287 3234 4343 Sauli.
3309 4289 3496 4361 Fugiet
3536 4295 3652 4360 [ilia

2083 4377 2298 4444 Gallim,
2332 4381 2577 4433 audietur
2598 4381 2651 4432 in
2686 4379 2988 4438 Attat/10th:.
3017 4381 3374 4451 obstupefacta
3411 4394 3488 4436 est
3530 4385 3651 4438 lla-

2080 4471 2275 4523 debena
2320 4479 2370 4523 et
2393 4471 2578 4524 incola:
2606 4471 2804 4526 Gibbir.

2153 4561 2323 4616 Habet
2351 4562 2654 4630 bujttsmodi
2692 4564 2946 4632 quiddam
2995 4563 3342 4618 Hebraeorum
3408 4567 3647 4621 traditin.

2081 4653 2214 4706 Nam
2242 4655 2422 4706 decem
2452 4653 2622 4707 solum
2667 4655 2732 4706 ad
2767 4654 2939 4723 ipsum
2969 4671 3029 4708 ex
3050 4653 3438 4728 Hierosolymis
3462 4673 3650 4728 supcr-

2081 4747 2232 4799 stitcs
2275 4761 2518 4800 reversos
2568 4761 2689 4801 esse
2737 4747 2943 4813 dicunt,
2996 4757 3054 4800 ut
3099 4749 3239 4815 quod
3314 4749 3519 4821 factum
3566 4760 3650 4804 cst

2084 4836 2479 4890 renuntiarent.
2499 4837 2634 4889 Tutn
2660 4853 2781 4892 cum
2819 4838 3006 4907 paucis
3032 4839 3314 4892 admodum
3349 4841 3400 4893 in
3423 4843 3647 4910 patriam

2082 4936 2164 4980 est
2201 4928 2470 4988 reductus.
2523 4939 2856 4997 cunctasque
2900 4931 3080 4994 urbes,
3140 4945 3204 4984 ac
3257 4931 3427 4995 vicos,
3493 4948 3646 4986 suam

2083 5019 2250 5086 ipsius
2288 5028 2483 5073 terram
2512 5020 2764 5090 fugiendo
2799 5021 3052 5087 turbavit;
3080 5035 3143 5074 ac
3174 5022 3436 5077 timiditas
3468 5022 3650 5078 eﬂ‘ecit

2085 5114 2369 5166 transitum
2412 5113 2826 5168 intolerabilem.
2859 5111 2960 5166 Ubi
2992 5124 3171 5168 autem
3209 5115 3350 5171 Deus
3375 5120 3648 5171 succurrit

2081 5212 2135 5252 et
2179 5216 2402 5255 servare
2439 5203 2572 5266 vult,
2625 5204 2694 5256 ibi
2737 5206 2880 5272 quod
2907 5203 3104 5258 ofiiciat
3134 5206 3266 5260 nihil
3293 5216 3399 5274 est,
3431 5209 3524 5262 scd
3554 5211 3649 5262 dc-

2082 5292 2204 5346 bilis
2232 5295 2334 5347 erit
2359 5295 2537 5348 omnis
2567 5310 2758 5348 manus
2790 5295 3125 5352 bellantium.
3153 5312 3214 5350 ac
3250 5298 3413 5352 robur
3434 5309 3487 5352 et
3505 5302 3644 5369 peri-

2085 5383 2156 5435 tia
2188 5384 2550 5450 inimicorum,
2587 5394 2642 5439 et
2671 5401 2762 5440 ars
2789 5386 3020 5441 militum
3053 5387 3106 5442 in
3149 5389 3358 5443 irritum
3383 5393 3647 5448 recident.

2151 5561 2314 5615 Vsus.
2343 5561 2433 5616 52.
2465 5560 2824 5615 Cousolamini
2847 5563 3001 5617 hodie
3050 5565 3106 5618 in
3170 5567 3271 5631 via,
3338 5577 3393 5620 ut
3441 5578 3648 5621 manent

2081 5667 2274 5705 manu:
2314 5651 2661 5706 consolamini
2693 5663 2916 5708 montem
2954 5655 3122 5724 ﬁliam
3181 5655 3332 5722 Sion,
3381 5669 3428 5711 et
3492 5659 3646 5712 colles

2081 5745 2133 5797 in
2166 5743 2460 5799 Jerusalem

2149 5836 2284 5890 Cum
2314 5839 2574 5892 orationis
2599 5849 2871 5895 structura
2914 5842 3158 5895 ordinata
3202 5839 3363 5896 fuerit
3394 5885 3408 5906 ,
3461 5843 3648 5909 expla-

2079 5927 2355 5984 nationem
2384 5930 2665 5986 sententia:
2690 5931 2946 5988 inducere
2963 5948 3242 5989 necessum
3269 5941 3367 5989 est.
3387 5930 3432 5988 Ο
3457 5933 3639 6002 igitur,
