4152 6366
531 472 637 526 305

1520 468 1574 521 S.
1618 468 1890 525 CYRILLI
1932 468 2396 526 ALEXANDRINI
2438 472 2751 527 ARCHIEP.

3668 476 3769 528 5M

532 587 726 658 inquit,
762 587 922 658 186
948 586 1129 654 colles,
1157 587 1207 641 id
1255 595 1358 649 est,
1395 601 1428 640 ο
1470 601 1565 639 vos
1595 588 1683 655 qui
1748 586 2010 641 excellitis
2048 596 2095 641 et

2200 588 2365 653 ἔστιν,
2406 591 2453 644 οἱ
2493 592 2819 661 προῦχοντες
2858 608 2914 644 τε
2946 593 3039 644 καὶ
3085 592 3486 662 ὑπερκείμενοι,
3532 593 3623 644 καὶ
3663 592 3771 645 τῶν

531 680 801 745 eminetis,
875 681 1100 748 aliisque
1174 679 1454 733 antestatis
1514 679 1564 730 in
1609 678 1925 731 Jerusalem.
1980 677 2095 743 Qua

530 788 663 826 voce
691 772 981 840 signiﬁcat,
1032 772 1113 825 vel
1156 771 1443 839 prophetas
1495 780 1731 835 sanctos,
1792 770 1875 823 vel
1933 770 2094 823 etiam

532 866 708 930 ipsum
747 864 1086 918 sacerdotum
1128 866 1374 916 chorum.
1406 862 1769 915 Consolamiui
1836 871 2093 925 montem,

530 958 580 1011 id
615 965 717 1019 est,
773 970 944 1009 meam
976 955 1136 1008 ﬁliam
1183 952 1336 1009 Sion.
1370 953 1732 1008 Consolamiui
1774 961 1951 1007 autem
1982 968 2091 1005 ma-

531 1067 600 1105 nu
634 1058 837 1103 tantum
867 1065 972 1104 non
999 1049 1394 1119 contingentes,
1430 1057 1484 1102 et
1510 1056 1914 1101 contrectantes
1937 1055 2099 1115 caput

530 1154 587 1195 ut
613 1152 826 1196 maneat
852 1144 903 1196 iu
940 1143 1043 1197 hac
1073 1142 1179 1195 via.
1212 1141 1341 1207 Qua:
1375 1149 1461 1193 est
1512 1149 1694 1193 autem
1732 1139 1866 1192 illa?
1939 1138 2097 1191 Vide-

530 1234 653 1288 licet
687 1234 786 1287 hac
840 1234 1028 1288 ﬁducia
1060 1233 1113 1287 in
1150 1232 1336 1287 Deum.
1372 1229 1627 1284 Promisit
1674 1231 1816 1285 enim
1877 1244 1935 1285 se
1979 1244 2097 1283 ere—

530 1334 743 1394 pturum
772 1334 824 1379 et
845 1333 1283 1378 conservaturum
1316 1320 1491 1385 facile,
1525 1329 1579 1374 et
1603 1319 1937 1387 dejecturum
1997 1320 2099 1372 As-

530 1430 589 1486 sy
604 1417 764 1477 rium,
796 1425 851 1471 et
884 1400 1146 1471 terrorem
1184 1414 1298 1483 ejus
1323 1413 1688 1480 amoliturum,
1720 1420 2096 1480 corrupturum

525 1508 733 1577 jugum,
759 1517 812 1561 ct
853 1509 919 1562 ab
946 1508 1091 1561 omni
1112 1520 1207 1560 eos
1267 1504 1545 1576 tyrannide
1576 1504 1944 1558 liberaturum.
1971 1500 2097 1567 Sed,

534 1600 723 1668 inquit,
760 1600 873 1653 haec
898 1607 1058 1653 erunt
1106 1597 1360 1667 quoniam
1412 1596 1466 1649 in
1499 1596 1596 1649 hac
1624 1595 1708 1648 via
1740 1594 2097 1664 perrexerinl,

530 1693 781 1745 nimirum
848 1691 1035 1745 ﬁducia
1078 1690 1129 1744 in
1174 1691 1359 1744 Deum.
1396 1689 1574 1755 Quare
1614 1685 1961 1741 consolamini
2013 1686 2102 1739 ho-

530 1781 640 1845 die,
671 1781 721 1834 id
756 1790 859 1847 est,
898 1790 1135 1849 tempore
1172 1780 1245 1833 rei
1268 1780 1514 1849 gerendae
1573 1787 1894 1847 opportuno,
1952 1786 2005 1828 et
2035 1784 2095 1828 ut

529 1876 797 1931 constanti
829 1891 892 1929 ac
939 1875 1093 1929 ﬁrmo
1139 1875 1317 1929 animo
1366 1874 1583 1943 praedita
1616 1875 1706 1935 sit,
1739 1872 1952 1927 efﬁcite.
1982 1871 2097 1927 Non

2200 679 2373 734 ἄλλων
2401 682 2450 733 οί
2499 682 2995 752 ὑπερανεστηκότες
3037 682 3093 733 ἐν
3137 683 3204 750 τῇ
3248 678 3617 749 Ἰερουσαλήμ.
3666 678 3773 749 Ση-

2202 771 2379 839 μαίνει
2405 772 2459 823 δὲ
2480 771 2567 824 διὰ
2602 772 2803 825 τούτων
2848 772 2880 841 ἢ
2922 772 3202 841 προφήτας
3238 771 3443 837 ἁγίους,
3479 769 3511 838 ἤ
3540 771 3633 822 καὶ
3675 772 3771 822 αὑ-

2198 862 2287 915 τὸν
2312 861 2403 913 τὸν
2422 860 2529 913 τῶν
2555 861 2741 931 ἱερέων
2764 862 2939 931 χορόν.
2974 860 3347 929 Παρακαλεῖτε
3374 858 3434 911 τὺ
3458 860 3600 928 ὅρος,
3625 860 3771 912 τοῦτ’

2199 954 2335 1016 ἔστι,
2378 954 2475 1025 τὴν
2505 954 2642 1025 ἐμὴν
2681 953 2955 1023 θυγατέρα
2992 952 3149 1005 Σιών.
3190 951 3556 1022 Παρακαλείτε
3589 951 3643 1004 δὲ
3672 970 3772 1022 μο-

2199 1048 2407 1117 νονουχὶ
2440 1048 2536 1100 καὶ
2582 1046 2726 1116 χειρὶ
2767 1045 3133 1112 καταψῶντες,
3173 1044 3266 1097 καὶ
3306 1042 3652 1112 ὲπαφώμενοι
3683 1061 3774 1097 κε-

2200 1138 2395 1208 φαλῆς.
2434 1137 2573 1191 ὥστε
2601 1138 2859 1208 ἐμμεῖναι
2884 1136 3055 1209 ταύτῃ
3078 1138 3143 1205 τῇ
3177 1134 3299 1206 ὁδῷ.
3331 1135 3468 1206 Ποίᾳ
3492 1134 3546 1187 δὲ
3568 1135 3769 1207 ταύτης

2200 1231 2278 1302 Τῇ
2326 1234 2406 1294 είς
2437 1232 2568 1284 Θεὸν
2606 1230 2927 1301 πεποιθήσει
2965 1228 3225 1298 δηλονότι.
3262 1227 3626 1299 Ἐπήγγελται
3672 1227 3771 1297 μὲν

2198 1324 2327 1395 γὰρ,
2351 1325 2430 1377 ὅτι
2462 1325 2557 1377 καὶ
2588 1323 2869 1387 ὲξελεῖται,
2902 1322 2996 1375 καὶ
3018 1320 3274 1374 διασώσει
3300 1319 3516 1391 ῥᾳδίως,
3550 1320 3642 1371 καὶ
3667 1336 3771 1371 κα·

2198 1416 2452 1470 ταϐάλλει
2512 1415 2606 1487 [aL
2653 1414 2973 1485 καταϐαλεῖ]
3017 1414 3107 1466 τὸν
3145 1412 3447 1483 Ἀσσύριον,
3496 1412 3586 1463 καὶ
3634 1412 3774 1464 ἁπο-

2201 1510 2387 1578 στήσει
2420 1508 2510 1563 τὸν
2540 1507 2702 1576 φόϐον
2727 1505 2915 1571 αὑτοῦ,
2950 1506 3043 1559 καὶ
3078 1504 3417 1576 καταφθείρῃ
3459 1504 3549 1555 τὸν
3586 1502 3771 1570 ζυγὸν,

2201 1603 2295 1655 καὶ
2317 1602 2535 1671 ἀπάσης
2556 1601 2751 1663 αὐτοὺς
2774 1598 3073 1665 ἀπαλλάξει
3092 1597 3421 1662 πλεονεξίας.
3457 1596 3596 1647 Ἀλλ’
3622 1596 3773 1647 ἔσται

2199 1692 2392 1755 ταῦτα,
2425 1694 2608 1763 φησὶν,
2646 1693 2772 1744 ὅταν
2813 1691 3112 1761 ὲμμείνωσι
3151 1689 3322 1761 ταύτῃ
3360 1690 3425 1758 τῇ
3462 1685 3585 1756 ὁδῷ,
3615 1687 3775 1754 δῆλον

2199 1784 2257 1837 δὲ
2288 1785 2464 1855 ὅτιτῇ
2502 1785 2581 1845 είς
2621 1783 2753 1835 Θεὸν
2798 1782 3136 1852 πεποιθήσει.
3183 1781 3272 1833 Διὸ
3307 1780 3370 1851 δὴ
3408 1778 3772 1848 παρακαλεῖτε

2204 1874 2458 1943 σήμερον,
2492 1872 2753 1937 τουτέστι,
2778 1872 2919 1925 κατά
2942 1889 3004 1940 γε
3031 1871 3119 1923 τὸν
3146 1869 3359 1923 ἐοικότα
3388 1868 3464 1938 τῷ
3486 1868 3773 1939 πράγματι

530 1968 673 2022 enim
706 1975 880 2037 potest
911 1966 1123 2020 mentiri
1157 1966 1376 2029 veritas,
1412 1980 1509 2020 nec
1539 1966 1787 2034 loquetur
1819 1966 2095 2020 merulacia

2200 1965 2407 2036 καιρὸν,
2441 1966 2534 2018 καὶ
2566 1964 2845 2034 ἱδρυμένον
2872 1962 3229 2033 ὲνεργάζεσθε
3250 1961 3308 2014 τὸ
3336 1960 3587 2032 φρόνημα
3611 1959 3771 2027 αὐτῇ.

531 2059 695 2113 Deus.
726 2058 782 2113 Si
843 2058 985 2110 enim
1014 2057 1211 2126 aliquid
1239 2056 1510 2118 auuuerit,
1563 2055 1615 2109 id
1671 2057 1855 2125 utique
1910 2070 2097 2126 perve-

531 2150 643 2203 niet
676 2150 740 2201 ad
771 2148 1009 2210 exitum,
1054 2148 1098 2201 si
1130 2162 1228 2201 nos
1273 2146 1375 2202 ﬁde
1432 2147 1779 2209 coluerimus,
1810 2156 1863 2201 et
1891 2149 2097 2201 sincera

531 2247 709 2293 mente
738 2252 860 2291 eum
911 2238 998 2305 qui
1031 2238 1256 2291 salutem
1308 2238 1553 2306 promisit
1595 2238 2096 2293 exhilaraverimus.

532 2330 651 2384 Pari
686 2332 889 2384 ratione
934 2345 1031 2384 nos
1056 2330 1216 2384 etiam
1270 2330 1618 2383 consolantur
1672 2330 1866 2395 sancti,
1918 2332 2100 2385 dicen-

533 2432 647 2477 tes:
692 2421 948 2477 Resistite
998 2421 1233 2484 diabolo,
1276 2431 1329 2474 et
1376 2421 1537 2490 fugiet
1577 2436 1607 2475 a
1660 2422 1833 2477 vobis.
1876 2423 1939 2477 Et
1998 2439 2092 2477 ca-

528 2513 934 2569 strametabitur
967 2512 1192 2580 angelus
1223 2512 1429 2564 Domini
1503 2512 1554 2565 in
1624 2512 1852 2566 circuitu
1911 2513 2101 2567 timen-

531 2606 662 2659 tium
704 2620 848 2669 eum,
888 2615 943 2660 et
966 2603 1351 2659 liberabiteos.
1394 2604 1539 2658 Dixit
1604 2605 1762 2657 etiam
1794 2604 1908 2674 ipse
1970 2620 2100 2659 voce

542 2696 757 2750 Davidis
782 2696 850 2750 de
903 2695 1048 2749 omni
1094 2695 1307 2749 homine
1330 2696 1419 2764 qui
1453 2695 1643 2759 credit,
1675 2704 1728 2750 et
1756 2711 1905 2766 spem
1958 2696 2102 2752 locat

529 2789 582 2840 in
608 2802 675 2841 eo
710 2805 724 2841 :
783 2804 801 2838 ι
842 2784 897 2839 lu
940 2801 1025 2839 me
1052 2786 1305 2854 speravit,
1361 2795 1416 2841 et
1444 2785 1681 2840 liberabo
1709 2794 1832 2841 e’um
1864 2788 2100 2854 ;clama-

526 2879 607 2933 bit
637 2880 703 2933 ad
735 2893 840 2943 me,
873 2886 928 2932 et
954 2878 1233 2932 exaudiam
1273 2893 1392 2933 eum
1420 2878 1559 2931 ²⁸·²⁸.
1590 2879 1722 2932 Cum
1750 2880 1867 2947 ipso
1895 2895 2013 2935 sum
2042 2881 2098 2934 in

529 2970 841 3035 alllictione,
873 2979 929 3023 et
959 2968 1205 3038 eripiam,
1271 2978 1326 3023 et
1370 2969 1681 3039 gloriﬁcabo
1722 2986 1867 3025 eum.
1914 2989 1933 3023 ι
1963 2969 2095 3024 Nam

525 3064 618 3133 qui
651 3062 824 3131 ipsum
860 3060 1185 3131 gloriﬁcant,
1233 3074 1328 3114 eos
1361 3061 1682 3130 glorilicabit
1715 3063 1953 3116 omnium
1995 3078 2095 3118 no-

527 3166 700 3210 strum
732 3153 989 3207 Servator
1016 3164 1071 3207 et
1088 3151 1342 3207 Dominus
1362 3150 1517 3207 Jesus
1533 3153 1801 3218 Christus,
1821 3167 1914 3222 per
1934 3169 2093 3223 quem

526 3255 581 3300 et
618 3261 740 3300 cum
782 3260 888 3313 quo
930 3244 1072 3298 Patri
1111 3261 1214 3299 una
1259 3261 1379 3300 cum
1428 3252 1617 3299 sancto
1667 3243 1877 3315 Spiritu
1924 3248 2091 3315 gloria

526 3339 592 3391 sit
627 3337 680 3390 iu
711 3351 871 3391 omne
901 3351 1093 3390 :evum.
1125 3336 1319 3390 Amen.

2200 2056 2276 2112 Οὐ
2311 2057 2418 2127 γὰρ
2466 2056 2581 2110 ἔστι
2612 2055 2987 2126 διαψεύδεσθαι
3023 2056 3122 2125 τὴν
3162 2054 3436 2125 ἀλήθειαν,
3472 2052 3533 2104 οὐ
3581 2050 3774 2121 ψευδο-

2199 2148 2559 2221 επήσειΘεός.
2588 2150 2650 2201 El
2672 2148 2778 2219 γὰρ
2806 2148 2869 2218 δὴ
2901 2145 3247 2201 κατανεύσειέ
3275 2161 3347 2209 τι,
3371 2143 3527 2196 τοῦτο
3552 2142 3614 2212 δὴ
3641 2141 3773 2194 πάν-

2198 2257 2304 2302 τως
2327 2240 2445 2309 ἥξει
2474 2240 2609 2309 πρὸς
2639 2241 2830 2309 πέρας,
2862 2239 2990 2291 ὅταν
3012 2237 3170 2306 ἡμεῖς
3194 2236 3260 2305 τῇ
3297 2233 3475 2286 πίστει
3501 2230 3772 2300 τιμῶμεν,

2200 2332 2294 2385 καὶ
2326 2332 2533 2402 γνησίῳ
2564 2332 2867 2401 φρονήματι
2915 2327 3398 2397 κατευφραίνωμεν
3457 2325 3548 2378 τὸν
3576 2323 3774 2377 διασώ-

2201 2424 2314 2487 ζειν
2341 2421 2769 2492 ὲπηγγελμένον.
2807 2420 2960 2473 Κατὰ
2988 2420 3136 2472 τόνδε
3168 2419 3255 2471 τὸν
3299 2417 3411 2470 ἴσον
3451 2416 3650 2484 τρόπον
3678 2417 3774 2468 καὶ

2197 2516 2346 2584 ἡμᾶς
2375 2514 2571 2576 αὐτοὺς
2596 2512 3001 2584 παρακαλοῦσιν
3031 2512 3081 2563 οἱ
3116 2512 3259 2579 ἆγιοι
3289 2508 3557 2577 λέγοντες,
3598 2505 3775 2558 Ἀντί-

2202 2623 2363 2676 στητε
2390 2605 2468 2676 τῷ
2494 2605 2745 2675 διαϐόλῳ,
2786 2606 2878 2658 καὶ
2925 2602 3179 2672 φεύξεται
3206 2601 3298 2671 ἀφ’
3326 2599 3504 2670 ήμῶν,
3538 2599 3653 2662 καὶ,
3688 2598 3772 2649 ὅτι

2202 2696 2557 2768 Παρεμϐαλεί
2577 2696 2804 2765 ἄγγελος
2833 2694 3036 2765 Κυρίου
3081 2693 3264 2762 κύκλῳ
3293 2692 3400 2744 τῶν
3424 2690 3773 2759 φοϐουμένων

2199 2789 2381 2853 αὑτὸν,
2419 2789 2513 2841 καὶ
2562 2788 2781 2858 ῥύσεται
2818 2785 3033 2848 αὐτούς.
3069 2786 3211 2853 Ἔφη
3244 2784 3301 2836 δὲ
3353 2784 3445 2835 καὶ
3487 2781 3646 2842 αὐτὸς
3685 2779 3772 2831 διὰ

2201 2884 2384 2950 φωνῆς
2415 2880 2507 2933 τοῦ
2554 2880 2717 2933 Δαϐὶδ
2740 2920 2756 2947 ,
2786 2880 2915 2950 περὶ
2948 2878 3150 2940 παντὸς
3195 2874 3480 2949 ἀνθρώπου
3514 2871 3772 2926 πεποιθόο

2198 2987 2287 3033 τος
2322 2970 2408 3022 ἐπ’
2447 2970 2627 3033 αὐτὸν,
2673 2970 2765 3023 καὶ
2802 2968 2901 3038 τὴν
2929 2967 3118 3021 ἐλπίδα
3164 2966 3424 3035 θεμένου·
3463 2981 3481 3013 ι
3523 2963 3645 3015 Ὅτι
3684 2960 3771 3012 ἐπ’

2199 3061 2301 3130 ἐμὲ
2332 3061 2547 3130 ἤλπισε,
2604 3060 2699 3112 καὶ
2747 3059 2982 3130 ῥύσομαι
3033 3056 3213 3109 αὐτόν.
3250 3052 3593 3124 Κεκρόιξεται
3634 3050 3771 3121 πρὸς

2202 3153 2289 3223 μὲ,
2322 3153 2415 3205 καὶ
2445 3152 2816 3221 ὲπακούσομαι
2843 3148 3026 3211 αὐτοῦ,
3068 3147 3183 3219 μετ’
3220 3145 3382 3199 αὑτοῦ
3411 3146 3525 3214 είμι
3564 3144 3620 3195 ὲν
3654 3140 3769 3194 θλί-

2196 3246 2308 3314 ψει,
2339 3247 2433 3299 καὶ
2458 3244 2764 3314 ὲξελοῦμαι,
2800 3243 2894 3297 καὶ
2917 3241 3123 3308 δοξάσω
3146 3238 3324 3293 αὐτόν.
3363 3255 3381 3289 ι
3416 3234 3637 3298 Δοξάσει
3662 3233 3775 3301 γὰρ

2121 3330 2163 3389 C
2196 3340 2321 3403 τοὺς
2368 3339 2687 3406 δοξάζοντας
2733 3339 2895 3393 αὑτὸν
2933 3340 2962 3392 ό
3003 3338 3219 3391 πάντων
3249 3334 3405 3405 ἡμῶν
3438 3331 3629 3400 Σωτὴρ
3674 3329 3771 3380 καὶ

457 3434 467 3445 ’
525 3429 751 3501 Κύριος,
795 3429 1002 3502 Ἰησοῦς
1031 3430 1285 3501 Χριστὸς.
1319 3431 1385 3485 δι’
1420 3425 1502 3497 οὗ,
1531 3432 1626 3487 καὶ
1659 3432 1777 3503 μεθ’
1802 3424 1863 3486 οὗ
1889 3432 1966 3504 τῷ
1992 3435 2168 3507 Πατρὶ
2201 3435 2317 3506 ἅμα
2353 3436 2432 3506 τῷ
2496 3436 2635 3507 ἁγίῳ
2675 3436 2950 3506 Πνεύματι
2975 3435 3009 3505 ἡ
3040 3432 3168 3497 δόξα
3240 3432 3320 3495 είς
3384 3428 3511 3491 τοὺς
3549 3425 3770 3485 αἰῶνας.

538 3524 729 3593 Ἀμήν.

593 3676 715 3710 ’Μ’
750 3676 897 3736 Psal.
928 3694 1013 3747 xc,
1047 3679 1232 3735 14-15.

1941 3866 3746 3893 Μ

1449 4071 1606 4142 187
1656 4064 2093 4151 ΒΙΒΛΙΟΝ
2160 4066 2267 4158 B',
2318 4063 2675 4151 TOMOI
2736 4063 2849 4149 E'.

1088 4433 1439 4520 LIBER
1510 4432 2161 4551 SECUNDUS,
2234 4427 2533 4521 ΤΟΜί
2614 4428 3207 4535 QUINQUE.

1133 4822 1368 4879 TOMUS
1432 4826 1471 4878 Ι.

589 4938 715 4993 CAP.
771 4936 840 4991 Χ.
899 4937 1063 4991 Vens.
1116 4934 1208 4999 55,
1262 4934 1353 4989 54.
1413 4932 1545 4988 Ecce
1607 4936 1920 4989 Dominalor
1981 4932 2089 4985 Do-

2813 4819 3046 4874 ΤΟΜΟΣ
3081 4820 3161 4873 A'.

2281 4930 2433 4986 Ἰδοὺ
2476 4930 2552 4998 δὴ
2588 4933 2621 4984 ὁ
2658 4930 2963 4997 Δεσπότης
2990 4930 3203 4997 Κύριος
3234 4929 3495 4994 Σαϐαὼθ,
3545 4948 3771 4986 συντα-

521 5031 691 5085 minus
740 5028 1008 5091 Sabaoth,
1043 5025 1372 5079 conturbabit
1415 5026 1670 5095 gloriosos
1714 5042 1830 5078 cum
1879 5025 2094 5092 fortitu-

2197 5025 2361 5091 ράξει
2391 5023 2530 5088 τοὺς
2559 5022 2848 5087 ἐνδόξους
2881 5020 3028 5091 μετὰ
3068 5024 3300 5090 ἰσχύος,
3331 5024 3429 5076 καὶ
3462 5026 3517 5076 οἱ
3544 5025 3771 5092 ὑψηλοί

517 5121 661 5183 dine,
695 5129 743 5172 et
778 5119 901 5171 elati
932 5118 1174 5187 superbia
1200 5124 1556 5179 conterentur,
1582 5127 1628 5169 et
1674 5106 2005 5183 dejicientur,
2046 5124 2093 5166 et

518 5211 700 5263 cadent
735 5210 859 5262 elati
930 5211 1126 5278 gladio,
1168 5226 1231 5262 ac
1287 5209 1515 5262 Libanus
1574 5225 1689 5262 cum
1724 5209 1936 5262 excelsis
1970 5224 2094 5260 con-

517 5302 672 5353 ridet.

588 5412 643 5463 ln
702 5410 839 5464 Iihro
863 5410 971 5479 jam
1000 5415 1245 5468 absoluto
1277 5429 1455 5469 sermo
1486 5426 1603 5469 erat
1639 5415 1705 5467 de
1754 5414 2014 5481 Assyriis,
2037 5424 2090 5467 ct

516 5502 584 5554 de
621 5514 745 5569 rege
774 5499 1082 5566 Persarum,
1111 5519 1233 5556 cum
1265 5503 1446 5558 Judaea
1480 5515 1534 5557 et
1560 5503 1946 5571 Hierosolymis
1980 5503 2090 5555 hel-

517 5592 812 5662 ligeraute,
844 5607 907 5643 ac
946 5593 1038 5645 ira:
1072 5594 1265 5647 diviuze
1303 5596 1642 5650 severitatem
1672 5610 1738 5648 ex
1801 5596 2093 5663 improviso

517 5680 808 5732 sentiente.
844 5678 977 5732 Nam
1004 5681 1187 5744 Israel,
1224 5700 1327 5737 nou
1358 5700 1540 5740 arcum
1573 5689 1817 5749 tendens,
1839 5704 1941 5740 non
1964 5703 2085 5740 scu-

520 5780 632 5822 tum
666 5770 947 5837 arripiens,
979 5787 1085 5825 non
1116 5775 1379 5841 equitatu,
1401 5793 1503 5829 non
1562 5789 1677 5831 arlc
1734 5779 2090 5847 phalangihus

518 5861 635 5927 ejus
698 5863 979 5929 resistens,
1042 5881 1146 5919 non
1201 5866 1314 5921 leae
1370 5869 1587 5923 militari
1658 5871 2087 5925 adversariorum

2197 5116 2269 5183 τῇ
2320 5116 2481 5182 ὕϐρει
2520 5114 3041 5181 συντριϐήσονται,
3079 5114 3176 5167 καί
3202 5116 3770 5183 ταπεινωθήσοντιιι,

2196 5207 2295 5261 καὶ
2336 5206 2663 5259 πεσοῦνται
2692 5208 2745 5258 οἱ
2777 5205 3004 5272 ὑψηλοὶ
3031 5206 3310 5274 μαχαιζοᾳ,
3354 5210 3386 5259 ό
3421 5206 3489 5259 δὲ
3515 5210 3772 5273 Λίϐανος

2196 5300 2317 5352 σὺν
2341 5300 2461 5363 τοῖς
2488 5297 2750 5366 ὑψηλοῖς
2783 5297 3071 5350 πεσεῖται.

2278 5413 2365 5464 Ἐν
2393 5412 2489 5481 μὲν
2516 5409 2591 5481 τῷ
2638 5411 3006 5481 τετελεσμένῳ
3048 5410 3237 5481 βιϐλίῳ
3274 5412 3402 5481 περὶ
3430 5412 3537 5463 τῶν
3566 5429 3623 5463 τε
3665 5412 3773 5463 τῶν

2210 5502 2509 5573 ’Λσσυρίων
2538 5504 2567 5554 ὁ
2600 5502 2755 5569 λόγος
2790 5498 2877 5572 ἦν,
2911 5503 3005 5555 καὶ
3033 5502 3126 5554 τοῦ
3155 5502 3224 5555 τὰ
3257 5504 3479 5574 Περσῶν
3507 5503 3774 5555 διοικοῦν-

2199 5612 2289 5657 τος
2318 5595 2515 5665 κράτη,
2548 5595 3076 5663 καταστρατεύοντος
3114 5596 3211 5662 μὲν
3239 5595 3338 5663 τῆς
3386 5595 3641 5655 Ἰουδαίας
3679 5595 3773 5647 καὶ

2197 5686 2305 5737 τῶν
2348 5684 2608 5754 Ἰεροσολύ
2618 5702 2751 5753 μων,
2786 5683 3045 5748 παθόντος
3073 5685 3128 5737 δὲ
3152 5686 3426 5755 ἀδοκήτως
3448 5687 3515 5739 τὰ
3541 5689 3604 5739 ἐκ
3626 5686 3775 5750 θείας

2198 5780 2387 5849 ὀργῆς.
2424 5779 2697 5831 Σέσωσται
2732 5778 2839 5849 γὰρ
2865 5780 3179 5849 παραδόξως
3206 5784 3234 5833 ό
3265 5782 3500 5851 Ἰσραὴλ,
3529 5784 3589 5835 οὐ
3621 5782 3774 5847 τόξον

2196 5871 2454 5933 ἐντείνας.
2491 5872 2549 5923 οὐ
2575 5870 2764 5939 θυρεὸν
2798 5871 3070 5943 ἁρπάσας,
3098 5872 3194 5940 οὐχ
3237 5874 3493 5943 ἱππότην,
3522 5873 3581 5925 οὐ
3610 5873 3775 5945 τέχνῃ
