4152 6366
396 381 502 437 505

1523 377 1589 432 IN
1631 377 1861 433 ISAIAM
1902 375 2026 431 LIB.
2071 377 2133 431 ll.
2178 376 2413 434 TOMUS
2452 377 2488 433 1.
2558 380 2571 396 ⁸

3536 351 3661 406 500

396 500 520 559 ταῖς
547 495 754 549 ἐκείνου
789 495 1055 566 φάλαγξιν
1086 493 1413 564 ἀντεξάγων,
1454 495 1515 549 οὑ
1546 496 1782 567 πολέμου
1824 497 1974 567 νόμῳ
2003 545 2009 555 ,

2109 514 2297 554 ianum
2329 496 2629 559 debellans,
2654 492 2747 548 sed
2784 487 3022 561 potentia
3049 482 3142 539 Dei
3185 487 3240 535 et
3291 472 3465 544 gratia
3520 486 3620 524 con

400 590 506 659 τῆς.
528 588 635 641 τῶν
673 588 930 641 ἐναντίων
960 590 1385 661 κατακρατήσας
1429 588 1629 658 χειρὸς,
1659 588 1774 641 ἀλλ’
1805 589 1861 641 ἐν
1889 586 1980 640 δυ-

368 766 375 771 .
404 683 562 751 νάμει
585 680 719 735 Θεοῦ
759 682 851 734 καὶ
872 682 1076 753 χάριτι.
1118 681 1338 750 Ἐξῆλθε
1363 681 1469 753 γὰρ
1491 682 1718 750 ἄγγελος
1746 679 1977 752 Κυρίου,

408 774 560 844 φησὶ,
590 776 683 826 καὶ
714 774 926 826 ἀνεῖλεν
969 774 1026 825 ἐν
1060 775 1159 844 μιᾷ
1202 775 1354 827 νυκτὶ
1386 776 1449 827 ἐκ
1483 775 1583 844 τῆς
1626 772 1979 845 παρεμϐολῆς

406 864 515 918 τῶν
560 865 864 936 ’Δσσυρίων
909 865 1103 918 ἑκατὸν
1145 865 1470 937 ὀγδοήκοντα
1516 867 1676 921 πέντε
1716 866 1975 936 χιλιάδας.

408 950 483 1011 Οὑ
507 958 571 1028 δὴ
608 958 891 1026 γεγονότος
930 956 1215 1030 ἐναργοῦς,
1247 959 1297 1010 οἱ
1336 958 1434 1029 μὲν
1463 958 1777 1011 ἀπολεῖσθαι
1811 974 1981 1029 προσ-

405 1050 670 1114 δοκῶντες
720 1051 994 1121 ἐχόρευον,
1050 1049 1373 1120 ἀνεκόμιζόν
1423 1068 1483 1103 τε
1531 1051 1609 1121 τῷ
1656 1049 1983 1105 διασώσαντι

408 1144 526 1214 Θεῷ
556 1143 655 1207 τὰς
681 1144 1068 1214 χαριστηρίους
1090 1144 1231 1214 ᾠδὰς
1259 1143 1510 1211 λέγοντες
1531 1143 1592 1195 τό
1613 1160 1624 1172 ·
1656 1161 1675 1195 ‹
1716 1142 1984 1214 Ἐσπέρας

407 1234 797 1306 αὑλισθήσεται
814 1235 1111 1305 κλαυθμὸς,
1132 1235 1225 1288 καὶ
1252 1237 1331 1297 είς
1352 1235 1413 1287 τὸ
1435 1235 1580 1307 πρωϊ
1605 1234 1979 1302 ἀγαλλίασις.»

410 1326 519 1379 Καὶ
550 1330 689 1398 πρός
720 1344 785 1395 γε
817 1327 882 1398 δὴ
920 1327 1161 1391 τούτοις·
1203 1347 1222 1379 ι
1264 1327 1571 1399 Ἐστρεψας
1614 1330 1704 1381 τὸν
1756 1328 1987 1381 κοπετόν

414 1434 515 1487 μου
543 1419 625 1479 εἰς
668 1419 845 1490 χαρὰν
877 1421 1021 1490 ἐμοὶ,
1054 1420 1346 1492 διέρῤηξας
1380 1421 1469 1473 τὸν
1495 1421 1695 1475 σάκκον
1739 1439 1861 1492 μου,
1895 1421 1989 1474 καὶ

412 1509 755 1580 περιέζωσάς
809 1528 877 1581 με
924 1512 1282 1583 εὐφροσύνην.
1338 1530 1357 1565 ι
1403 1513 1461 1566 ‘0
1508 1513 1567 1566 δὲ
1619 1512 1847 1585 θρασὺς,
1895 1513 1991 1566 καὶ

414 1601 738 1672 ὑπέροπτος,
773 1603 865 1656 καὶ
900 1603 962 1656 τὸ
1014 1604 1154 1674 μέγα
1198 1604 1292 1657 καὶ
1322 1603 1563 1674 ἐξίτηλον
1613 1607 1787 1658 ἐκεῖνο
1829 1602 1989 1673 βοῶν,

414 1693 526 1762 Τὴν
551 1694 879 1766 οἰκουμένην
908 1694 1037 1765 ὃλην
1070 1696 1451 1766 καταλήψομαι
1488 1699 1554 1767 τῇ
1580 1696 1743 1766 χειρὶ,
1772 1696 1846 1758 ὡς
1868 1712 1991 1748 νοσ-

417 1784 560 1849 σιάν,
588 1785 679 1838 καὶ
707 1786 783 1849 ὡς
812 1786 1281 1858 καταλελειμμένα
1304 1788 1386 1841 ὠά
1412 1788 1551 1858 ἀρῶ,
1575 1789 1668 1840 καὶ
1696 1789 1793 1841 οὐκ
1824 1788 1989 1849 ἐστιν,

414 1876 474 1939 ὃς
503 1877 847 1945 διαφεύξεταί
880 1896 970 1949 με,
1010 1880 1043 1949 ἢ
1077 1880 1303 1950 ἀντείπῃ
1340 1897 1450 1949 μοι,
1496 1879 1669 1949 μάτην
1697 1877 1786 1949 ἐφ’
1816 1877 1996 1949 ἐαυτῷ

420 1967 567 2037 μέγα
596 1971 869 2041 φρονήσας
894 1970 1172 2042 ἠλέγχετο.
1208 1971 1401 2041 Διέδρα
1433 1971 1541 2042 γὰρ
1575 1971 1744 2042 μόλις,
1775 1972 1867 2024 καὶ
1897 1988 1997 2039 φυ-

416 2059 521 2125 γὰς
542 2060 681 2114 οἴκοι
714 2062 1007 2131 μεθίστατο
1047 2063 1146 2134 τὴν
1193 2063 1446 2116 Ἰουδαίαν
1484 2063 1671 2131 ἀφείς.
1710 2063 1997 2134 Τοιγάρτοι

418 2153 513 2204 καὶ
543 2152 781 2219 ἔφασκεν
807 2157 834 2208 6
861 2155 970 2207 τῶν
995 2156 1132 2208 ὅλων
1153 2154 1301 2219 Θεός·
1335 2155 1426 2226 Μὴ
1457 2156 1647 2223 φοϐοῦ,
1673 2158 1700 2209 ό
1719 2155 1844 2218 λαός
1870 2171 1997 2225 μου,

417 2244 471 2295 οἱ
517 2247 898 2310 κατοικοῦντες
929 2249 986 2300 ἐν
1015 2247 1175 2311 Σιὼν,
1215 2247 1321 2300 ἀπὸ
1364 2248 1681 2317 Ἀσσυρίων.
1714 2247 2003 2316 Κατεγρά-

420 2353 552 2403 φετο
577 2337 634 2389 δὲ
664 2338 758 2390 καὶ
784 2340 811 2391 6
842 2340 939 2409 τῆς
969 2340 1148 2408 φυγῆς
1177 2341 1396 2411 τρόπος,
1428 2340 1707 2409 μονονουχὶ
1737 2339 1919 2401 πόλεις
1942 2355 2001 2390 τε

419 2427 516 2527 καὶ
548 2424 742 2495 κώμας
780 2428 1158 2493 κατασείοντος
1193 2430 1357 2483 αὑτοῦ
1386 2433 1450 2499 τῇ
1479 2431 1718 2501 παρόδῳ.
1760 2431 1870 2483 Καὶ
1898 2429 2003 2483 πά-

421 2518 505 2568 λιν
530 2534 541 2545 ·
568 2518 735 2581 Φόϐος
762 2518 989 2588 λήψεται
1018 2519 1195 2590 Ῥαμὰ
1222 2520 1377 2574 πόλιν
1403 2521 1593 2574 Σαούλ.
1616 2522 2001 2592 Διερμηνεύον-

421 2624 513 2668 τες
554 2607 611 2659 δὲ
644 2609 712 2661 τὰ
750 2609 948 2673 τοιάδε,
985 2610 1329 2680 πεποιήμεθα
1363 2612 1462 2682 τὴν
1497 2613 1773 2684 ἀφήγησιν
1801 2614 2004 2683 ἱστορι-

424 2702 673 2773 ωτέραν
722 2705 841 2772 μὲν,
892 2704 1029 2776 πλὴν
1063 2706 1162 2758 οὐκ
1220 2704 1326 2768 ἔξω
1368 2706 1467 2774 τῆς
1511 2702 1789 2774 ἀληθείας.
1850 2703 2007 2755 Πᾶσα

429 2794 537 2864 γάρ
574 2812 691 2858 πως
735 2796 971 2865 ἀνάγκη,
1002 2799 1069 2866 τῇ
1095 2796 1203 2849 τῶν
1238 2796 1613 2868 προκειμένων
1638 2795 1884 2865 ποιότητι
1915 2794 2009 2846 καὶ

425 2884 654 2956 δυνάμει
699 2886 1030 2957 κατάλληλον
1086 2888 1176 2941 τὸν
1219 2889 1319 2958 τῆς
1370 2886 1664 2960 ἑρμηνείας
1704 2885 2012 2956 ἐφαρμόζε-

428 2977 554 3030 σθαι
620 2978 796 3045 λόγον.
843 2978 1058 3049 Ἐπειδὴ
1111 2980 1167 3032 δέ
1206 2981 1354 3032 ἐστιν
1392 2978 1513 3041 ἕθος
1552 2980 1617 3049 τῇ
1673 2977 2014 3044 θεοπνεύστῳ

427 3068 643 3139 Γραφῇ,
679 3070 769 3122 διὰ
806 3070 912 3123 τῶν
938 3072 996 3123 ὲν
1025 3072 1179 3140 τάχει
1208 3071 1306 3140 (1),
1337 3072 1431 3123 καὶ
1470 3068 1758 3140 ἱστορικῶς
1796 3068 2012 3139 δρωμέ-

2079 602 2326 646 servatus
2352 600 2437 645 est
2466 587 2802 643 mirabiliter.
2860 581 3036 636 Exivit
3077 576 3245 637 enim,
3290 567 3484 637 inquit,
3543 578 3644 616 an-

2080 682 2232 752 gelus
2262 680 2496 744 Domini,
2521 688 2575 732 et
2617 675 2814 732 occidit
2850 687 2954 725 una
2983 680 3138 722 nocte
3166 681 3196 718 e
3252 659 3442 715 castris
3483 656 3647 722 Assy-

2083 774 2307 833 ri0rum,
2338 779 2551 825 centum
2574 767 2842 837 octoginta
2873 763 3107 831 quinque
3133 754 3327 809 millim
3362 750 3478 815 QUO
3522 762 3645 814 Pro‘

2081 864 2256 934 palam
2281 863 2441 923 facto,
2478 860 2549 914 illi
2573 860 2796 928 periisse
2830 854 2992 924 188
3014 837 3645 919 sperantes,.tripudiare,

2083 957 2323 1025 odasquc
2363 951 2744 1022 gratulatrices
2775 947 2885 1001 Deo
2915 936 3282 999 conservatori
3316 933 3558 993 reddere,
3587 942 3651 982 ac

2084 1049 2291 1103 dicere:
2313 1064 2329 1097 ι
2355 1021 2577 1112 Ῠεερθτί
2607 1037 3025 1095 commorabitur
3042 1032 3217 1093 ﬂetus,
3236 1035 3289 1082 et
3331 1037 3488 1085 mane
3515 1021 3652 1074 laati-

2087 1133 2159 1187 tia
2185 1132 2285 1184 ’τη
2319 1130 2385 1185 Ει
2408 1110 2478 1183 ad
2504 1128 2616 1181 haec
2649 1140 2663 1178 :
2692 1142 2712 1175 t
2740 1122 2954 1178 Vertisti
2981 1120 3181 1171 luctum
3200 1125 3373 1166 meum
3411 1110 3475 1162 in:
3518 1120 3650 1176 gau-

2087 1224 2230 1278 dtum
2247 1220 2397 1277 mihi.
2417 1216 2679 1272 discidisti
2701 1226 2914 1268 saccum
2936 1221 3134 1270 meum,
3155 1194 3652 1257 etcircumcinxisti

2088 1330 2174 1371 me
2203 1314 2386 1369 latitia
2416 1312 2589 1361 ""9.)
2623 1308 2691 1361 At
2719 1308 2819 1360 iste
2848 1301 3122 1357 conﬁdens
3153 1304 3206 1349 et
3229 1290 3654 1361 superbus,ma-

2089 1405 2491 1478 gnumetinane
2510 1401 2639 1454 illud
2657 1409 2907 1465 crepans,
2932 1391 3128 1445 Orbem
3152 1396 3307 1440 terra:
3343 1380 3657 1435 universum

2090 1497 2296 1566 capiam
2315 1495 2465 1563 quasi
2489 1493 2701 1556 nidum,
2723 1497 2776 1543 et
2812 1484 2962 1556 quasi
2990 1481 3168 1536 relicta
3190 1492 3287 1530 ova
3320 1473 3522 1534 tollam,
3559 1481 3661 1522 nec

2089 1599 2170 1643 est
2185 1587 2274 1656 qui
2288 1584 2505 1653 eﬂ‘ugiet
2524 1598 2630 1645 mc,
2650 1579 2728 1634 vel
2750 1577 2840 1647 qui
2863 1573 3080 1629 resistat
3104 1567 3231 1622 mihi
3255 1584 3269 1620 :
3297 1564 3498 1617 frustra
3520 1558 3659 1627 apud

2091 1696 2151 1736 se
2174 1680 2353 1734 animo
2375 1680 2538 1731 altum
2552 1673 2767 1743 sapiens
2790 1665 3231 1736 redarguebatur,
3248 1659 3404 1714 etvix
3427 1654 3662 1722 elapsus,

2097 1773 2349 1842 fugitivus
2370 1770 2606 1830 donmtn,
2643 1762 2823 1819 Judaea
2880 1759 3085 1819 relicta,
3118 1768 3181 1809 se
3223 1748 3446 1818 recepit.
3481 1745 3670 1812 Itaque

2027 1835 2069 1889 Β
2099 1866 2234 1920 dixit
2266 1863 2426 1917 etiam
2462 1855 2830 1914 universitatis
2878 1850 3051 1906 Deus:
3087 1846 3165 1900 Ne
3213 1851 3433 1903 metue,-
3476 1836 3681 1908 popnle

2098 1958 2192 2021 mi,
2218 1955 2307 2025 qui
2327 1953 2539 2007 habitas
2566 1951 2618 2003 in
2655 1948 2809 2011 Sion,
2829 1942 3098 2012 Assyrios.
3121 1936 3376 2006 Depictus
3403 1941 3485 1986 est
3501 1931 3681 1985 etiam

2098 2049 2288 2105 modus
2318 2045 2473 2114 fugat,
2499 2058 2620 2097 cum
2656 2039 2744 2095 ille
2773 2034 2934 2091 urbes
2960 2042 3014 2087 et
3045 2031 3192 2085 vicos
3219 2028 3271 2080 in
3291 2023 3523 2079 transitu
3551 2029 3685 2073 tan-

2101 2152 2211 2196 tum
2245 2156 2349 2194 non
2382 2141 2716 2192 concuteret.
2794 2129 2861 2183 Et
2910 2137 3136 2181 rursus:
3196 2118 3255 2173 In
3309 2117 3506 2171 timore
3564 2109 3672 2165 erit

2103 2233 2307 2287 Rhama
2343 2228 2532 2283 civitas
2579 2221 2727 2278 Saul.
2770 2219 2895 2274 Haec
2936 2215 3367 2280 interpretantes,
3404 2200 3673 2259 narratio-

2105 2339 2226 2379 nem
2255 2322 2468 2391 quidem
2498 2317 2669 2387 magis
2698 2312 3010 2368 historicam
3053 2301 3399 2360 instituimus.
3433 2294 3527 2351 sed
3562 2305 3670 2344 non

2104 2431 2136 2469 a
2182 2414 2408 2469 veritate
2458 2409 2711 2462 alienam.
2772 2401 2983 2457 Etenim
3045 2392 3438 2467 propositarum
3490 2396 3670 2438 rerum

2106 2503 2351 2576 qualitati
2407 2511 2462 2556 et
2499 2499 2551 2553 vi
2584 2493 3085 2565 interpretationem
3118 2502 3183 2541 ex
3211 2483 3377 2537 altera
3404 2485 3557 2547 parte
3589 2488 3675 2527 re-

2107 2600 2456 2670 spondentem
2496 2589 2910 2648 accommodare
2932 2583 3251 2639 omninoest
3268 2584 3507 2629 necesse.
3534 2567 3670 2623 Cum

2106 2706 2236 2747 vero
2266 2686 2556 2757 Scriptura:
2581 2682 2837 2736 divinitus
2867 2676 3144 2743 inspirata:
3178 2665 3443 2723 familiare
3467 2660 3678 2724 sit,.re-

2109 2783 2209 2837 bus
2241 2793 2423 2835 crasse
2454 2785 2509 2831 et
2563 2775 2821 2830 historice
2852 2768 3018 2839 gestis
3045 2762 3365 2835 quandoque
3390 2753 3691 2811 ostendere

2110 2872 2474 2943 mysteria,et
2500 2864 2835 2921 occultorum
2887 2869 3141 2913 sensuum
3171 2849 3432 2919 imagines
3487 2844 3680 2897 adum-

2110 2968 2272 3022 brare
2309 2982 2325 3019 :
2352 2962 2582 3016 dicimus
2610 2958 2943 3011 inventorem
2972 2945 3177 3017 peccati
3208 2944 3273 2997 in
3288 2953 3384 2994 nos
3407 2930 3685 2991 exercuis-

2114 3074 2172 3115 se
2200 3054 2562 3129 tyrannidem,
2608 3057 2663 3103 et
2706 3044 2910 3116 popqu
2967 3034 3275 3094 Servatoris
3315 3024 3689 3085 sanctiﬁcato,

430 3113 452 3119 ⁵
476 3113 643 3139 1⁷⁷⁷721⁷
682 3113 769 3122 ’““”
816 3113 908 3123 'w’
938 3113 993 3123 ’⁷
1036 3113 1179 3140 “’“Α“’
1208 3113 1306 3140 \'I’
1339 3113 1431 3123 """
1470 3113 1756 3140 ""'r""‘"
1800 3113 1905 3139 'l'w
1957 3113 1981 3121 '

430 3178 535 3214 νων
562 3161 898 3233 καταδηλοῦν
932 3161 1044 3214 ἔσθ’
1082 3162 1171 3214 ὅτε
1208 3161 1274 3214 τὰ
1309 3162 1603 3232 μυστήρια,
1636 3160 1731 3213 καὶ
1762 3113 2008 3230 κεκριῗμ-

2120 3113 2366 3207 videlicet
2387 3162 2482 3218 per
2507 3113 2792 3213 spiritu—ni,
2833 3146 2889 3192 et
2916 3149 3011 3205 per
3041 3130 3199 3186 ﬁdem
3225 3133 3472 3195 purgato,
3507 3113 3684 3188 gravi-

435 3252 612 3321 μένων
636 3254 857 3307 ἐννοιῶν
885 3252 1245 3311 ἀναπλάττειν
1274 3254 1513 3316 εἰκόνας,
1538 3253 1719 3323 φαμὲν
1758 3254 1839 3305 ὅτι
1866 3270 2017 3306 τετυ-

439 3344 673 3416 ράννηκε
710 3346 809 3415 μὲν
837 3344 957 3399 καθ’
992 3344 1148 3416 ἡμῶν
1175 3347 1202 3398 ό
1225 3345 1322 3415 τῆς
1352 3345 1623 3415 ἁμαρτίας
1651 3342 1898 3415 εὑρετὴς,
1925 3342 2018 3396 καὶ

436 3436 547 3497 τοῖς
574 3433 670 3487 τοῦ
713 3436 964 3507 Σωτῆρος
1004 3435 1153 3498 λαοῖς
1203 3438 1315 3498 τοῖς
1360 3434 1732 3505 ἡγιασμένοις,
1775 3432 2020 3503 δηλονότι

434 3527 526 3581 διὰ
558 3528 897 3598 Πνεύματος,
934 3529 1026 3581 καὶ
1054 3528 1487 3599 κεκαθαρμένοις
1517 3527 1604 3581 διὰ
1634 3527 1732 3598 τῆς
1761 3527 2019 3592 πίστεως,

437 3619 628 3683 δεινῶς
657 3620 899 3691 ἐπεπήδα
924 3621 1017 3673 καὶ
1050 3620 1282 3690 πικρῶς,
1313 3619 1407 3674 καὶ
1438 3619 1535 3689 τῆς
1568 3618 1894 3689 Ἐκκλησίας
1923 3617 2021 3671 τοῦ

440 3711 575 3765 Θεοῦ
601 3713 1084 3784 κατεστρατεύετο,
1111 3714 1220 3766 τῶν
1249 3713 1352 3767 ὑπὸ
1376 3715 1532 3783 χεῖρα
1558 3711 1885 3779 πνευμάτων
1910 3711 2025 3764 ἐπι-

444 3803 603 3856 σείων
624 3805 763 3874 αὑτῇ
791 3805 889 3874 τὴν
919 3802 1285 3873 ἀνοσιωτάτην
1315 3800 1595 3870 φάλαγγα*
1627 3801 1721 3851 καὶ
1749 3798 1889 3868 τάχα
1920 3814 2023 3850 που

443 3896 537 3948 καὶ
562 3895 924 3967 ἀναστρέψειν
949 3895 1115 3966 αὑτὴν
1142 3894 1296 3965 ᾠήθη
1322 3892 1599 3955 δύνασθαι,
1629 3891 1723 3944 καὶ
1750 3890 1869 3943 λίαν
1896 3891 2027 3959 ἀμο-

440 3986 590 4055 γητὶ,
612 3985 711 4056 τὴν
751 3987 955 4055 σεπτὴν
982 3984 1195 4055 ἀληθῶς
1231 3984 1324 4037 καὶ
1361 3983 1521 4051 ἁγίαν
1549 3982 1703 4034 πόλιν
1730 3979 1825 4032 τοῦ
1854 3978 2014 4043 Θεοῦ,

441 4075 542 4146 τὴν
571 4077 764 4148 νοητὴν
798 4077 1171 4147 Ἰερουσαλὴμ,
1212 4074 1325 4128 ἀλλ’
1354 4074 1468 4145 ἥλω
1509 4070 1871 4144 πεφρονηκὼς
1917 4069 2027 4123 τῶν

444 4168 810 4238 ἐνδεχομένων
856 4168 1029 4222 οὐδέν.
1060 4169 1133 4222 Οὑ
1180 4167 1288 4238 γὰρ
1330 4163 1398 4237 ἦν
1447 4166 1685 4236 ἰσχύσαι,
1725 4166 1822 4232 τὴν
1868 4162 2030 4231 ἁγίαν

443 4259 609 4312 αὑτὸν
674 4260 1100 4331 ἐκπολιορκῆσαι
1144 4258 1317 4321 πόλιν,
1347 4259 1441 4311 καὶ
1487 4254 1905 4327 κατακρατῆσαι
1944 4252 2030 4305 δε-

446 4353 564 4416 ξιάς
602 4354 703 4424 τῆς
734 4352 876 4405 οὑτω
910 4350 1357 4421 εὐσθενεστάτης.
1383 4349 1478 4413 Τίς
1507 4348 1616 4420 γάρ
1650 4348 2031 4417 ἀντιστήσεται

445 4443 517 4496 τά
547 4445 727 4497 πάντα
774 4443 1008 4514 ἰσχύοντι
1037 4442 1187 4513 Θεῷ;
1233 4441 1500 4494 Ἀπόλωλε
1528 4440 1708 4494 τοίνυν
1740 4437 1877 4509 ὁμοῦ
1919 4439 2032 4499 τοῖς

2121 3254 2202 3299 ter
2223 3212 2512 3296 insultasse
2541 3212 2596 3290 et
2625 3234 3032 3297 acriter,atque
3062 3218 3357 3277 Ecclesiam
3386 3212 3485 3267 Dei
3507 3212 3678 3279 impu-

2120 3346 2335 3405 gnasse,
2370 3326 2655 3398 spirituum
2700 3320 2817 3391 ejus
2872 3312 3100 3383 imperio
3124 3304 3426 3379 parentium
3451 3297 3686 3356 scelera-

2123 3426 2385 3480 tissimam
2430 3416 2751 3489 phalangem
2786 3419 2975 3465 contra
3023 3419 3142 3459 eam
3196 3396 3564 3454 concitando:
3623 3403 3689 3442 ac

2122 3518 2392 3587 cogitasse
2440 3511 2628 3566 forsan
2681 3518 2841 3576 posse
2870 3498 3149 3566 seabsque
3185 3490 3331 3546 omni
3397 3486 3598 3542 sudore
3637 3490 3693 3536 et

2124 3611 2308 3666 labore
2332 3614 2595 3665 evertere,
2626 3593 2991 3654 venerandam
3036 3601 3167 3644 sane
3193 3593 3248 3639 et
3284 3584 3705 3638 sacrosanctam.

2052 3709 2059 3717 ’
2125 3704 2217 3759 Dei
2244 3700 2543 3761 civitatem,
2601 3686 2952 3758 intelligentia
3007 3685 3314 3752 perceptam
3366 3669 3690 3727 Jerusalem.

2126 3796 2232 3850 Sed
2260 3789 2622 3862 deprehensus
2666 3794 2769 3844 est,
2811 3793 2876 3833 ea
2910 3790 3031 3847 qua:
3052 3772 3171 3827 ﬁeri
3214 3767 3358 3823 nullo
3384 3763 3541 3819 modo
3600 3774 3697 3829 po-

2126 3892 2309 3941 terant
2329 3855 2475 3950 apud
2511 3891 2571 3933 se
2596 3874 2883 3944 cogitasse.
2926 3865 3045 3921 Non
3081 3860 3224 3916 enim
3257 3855 3398 3927 potis
3426 3859 3547 3907 erat
3570 3864 3697 3903 san-

2130 3988 2277 4035 ctam
2308 3973 2559 4030 obsidere
2585 3970 2801 4029 urbem,
2857 3975 2958 4017 nec
3004 3958 3281 4012 dexteram
3344 3944 3698 4001 fortissimam

2128 4083 2455 4143 expugnare.
2490 4065 2625 4132 Quis
2643 4061 2784 4116 enim
2824 4058 3003 4126 potest
3050 4042 3404 4116 omnipotenti
3462 4037 3573 4091 Deo
3615 4049 3699 4087 rev

2130 4129 2355 4220 sistere?
2381 4129 2548 4212 Periit
2574 4154 2758 4221 itaque
2789 4144 2954 4202 simul
2984 4155 3106 4197 cum
3136 4134 3463 4193 satellitibus
3486 4129 3617 4189 suis,
3645 4130 3699 4176 et

2130 4266 2161 4308 e
2193 4264 2355 4322 grege
2383 4248 2592 4318 piorum
2617 4219 2860 4298 seclusus
2879 4242 2987 4298 est,
3047 4226 3322 4286 indomita:
3358 4222 3487 4276 ferae
3530 4219 3703 4273 instar

2132 4310 2399 4402 insiliens,
2432 4343 2486 4388 et
2514 4334 2581 4388 de
2613 4346 2707 4387 sua
2732 4323 3025 4399 tyrannide
3045 4326 3233 4376 contra
3255 4328 3351 4370 nos
3381 4310 3701 4366 deturbatus

2132 4442 2235 4489 est.
2268 4397 2420 4498 Quod
2452 4440 2550 4481 nos
2584 4397 2842 4478 Servator
2871 4414 3057 4472 docuit
3084 4408 3363 4479 inquiens:
3394 4422 3413 4453 ι
3433 4399 3588 4455 Nunc
3611 4397 3702 4467 ille

447 4535 672 4599 οἰκείοις
709 4536 1098 4597 ὑπασπισταῖς,
1124 4532 1219 4587 καὶ
1243 4533 1341 4602 τῆς
1368 4532 1476 4584 τῶν
1514 4527 1879 4584 εὐσεϐούντων
1902 4525 2009 4594 ἀγέ

2135 4494 2334 4581 αἰεὶιιῖη
2373 4529 2460 4576 est
2484 4515 2667 4575 saeculi
2704 4510 2886 4580 hujus,
2921 4518 3065 4561 nunc
3094 4504 3344 4573 princeps
3375 4494 3535 4564 hujus
3585 4504 3692 4545 sae-

449 4627 549 4698 λης
582 4627 968 4690 ἀπελέλακται,
998 4624 1162 4698 θηρὸς
1202 4623 1476 4695 ἀνημέρου
1507 4622 1664 4693 δίκην
1706 4617 1987 4689 ἐπιπηδῶν
2010 4633 2025 4646 θ

450 4720 781 4792 ἐκδέδληται
810 4719 866 4771 δὲ
890 4719 992 4787 τῆς
1024 4718 1146 4770 καθ’
1174 4720 1205 4788 ἠ
1216 4717 1329 4787 μῶν
1368 4715 1702 4787 τυραννίδος.
1738 4713 1848 4766 Καὶ
1875 4711 2033 4765 τοῦτο

451 4815 601 4886 ἡμᾶς
637 4816 667 4867 6
691 4811 883 4883 Σωτὴρ
904 4808 1142 4875 ἐδίδαξεν
1173 4809 1367 4863 εἰπών·
1399 4825 1417 4857 ι
1451 4806 1564 4859 Νῦν
1588 4806 1768 4876 κρίσις
1800 4804 1919 4856 ἐστὶ
1937 4803 2033 4856 τοῦ

453 4905 651 4968 αἰῶνος
689 4903 901 4966 τούτου,
940 4901 1036 4956 νῦν
1064 4903 1246 4972 ἄρχων
1271 4900 1363 4953 τοῦ
1394 4899 1586 4961 αἰῶνος
1620 4897 1809 4952 τούτου
1837 4895 2036 4965 ἐκϐλη-

454 4996 680 5067 θήσεται
714 4992 840 5058 ἐξω.
874 4991 1043 5061 Κάγὼ
1070 4992 1164 5045 ἐὰν
1202 4990 1397 5060 ὑψωθῶ
1422 4989 1514 5042 ἐπὶ
1541 4990 1640 5059 τῆς
1664 4988 1791 5057 γῆς,
1827 4987 2035 5048 πάντας

455 5086 669 5139 ἑλκύσω
695 5085 832 5155 πρὸς
863 5083 1117 5155 ἐμαυτόν.
1151 5102 1170 5135 ι
1190 5082 1495 5153 Ἀνατροπὴ
1518 5082 1628 5151 γὰρ
1658 5080 1912 5141 θανάτου,
1937 5078 2033 5131 καὶ

455 5176 704 5230 διαϐόλου
742 5174 1083 5246 καθαίρεσις,
1114 5175 1207 5228 καὶ
1240 5172 1510 5243 ἁμαρτίας
1550 5172 1828 5243 ἀναίρεσις
1852 5170 1914 5223 τὸ
1940 5168 2034 5222 τοῦ

456 5267 696 5340 Χριστοῦ
723 5267 916 5337 γέγονε
944 5266 1134 5331 πάθος,
1166 5266 1468 5335 ὑψουμένου
1500 5265 1596 5334 μὲν
1628 5264 1721 5316 ἐπὶ
1750 5262 1842 5315 τοῦ
1869 5279 2034 5314 σταυ-

461 5362 581 5433 ροῦ,
620 5360 1080 5430 κατακομίζοντος
1105 5358 1162 5410 δέ
1180 5357 1277 5411 καὶ
1305 5356 1800 5426 καταρριπτοῦντος
1832 5356 1911 5416 είς
1936 5353 2039 5422 γῆν

458 5453 554 5508 τοῦ
587 5451 834 5507 διαϐόλου
860 5452 921 5505 τὸ
962 5449 1246 5521 καύχημα.
1289 5448 1413 5501 Ἐπὶ
1458 5447 1651 5518 καιροῦ
1692 5447 1872 5500 τοίνυν
1921 5448 2037 5515 μετ’

2134 4616 2238 4673 culi
2259 4612 2505 4686 ejicietur
2538 4609 2713 4664 foras.
2782 4602 2851 4657 Et
2889 4614 2989 4671 ego
3010 4597 3057 4653 si
3116 4593 3384 4650 exaltatus
3435 4585 3590 4639 fuero
3636 4581 3715 4635 de

2134 4719 2299 4770 terra,
2330 4717 2521 4759 omnes
2542 4700 2753 4754 traham
2783 4695 2849 4750 ad
2879 4692 3142 4761 meipsum
3173 4685 3241 4738 “.
3271 4701 3290 4735 ι
3315 4677 3537 4737 Eversio
3558 4674 3703 4729 enim

2134 4798 2347 4859 mortis,
2374 4806 2429 4849 et
2464 4790 2660 4849 diaboli
2690 4785 2991 4851 subversio,
3025 4779 3189 4851 189
3208 4786 3263 4832 et
3288 4772 3491 4845 peccati
3513 4767 3702 4823 demo-

2134 4894 2270 4957 litio,
2300 4888 2501 4945 Christi
2535 4885 2636 4940 fuit
2687 4881 2888 4952 passio,
2939 4874 3113 4932 evecti
3167 4872 3222 4926 in
3286 4878 3470 4929 cruce,
3526 4858 3707 4929 depri-

2138 4948 2333 5038 men'tis
2361 4990 2415 5034 et
2446 4948 2747 5048 dejicientis
2776 4974 2829 5027 in
2856 4980 3057 5025 terram
3087 4960 3285 5021 diaboli
3317 4948 3707 5029 gloriam..0p-

2140 5089 2368 5147 portuue
2405 5076 2569 5145 igitur
2616 5069 2868 5137 deinceps
2911 5064 3075 5119 etiam
3137 5070 3280 5113 nunc
3341 5048 3708 5107 universitatis

2140 5172 2282 5226 Deus
2332 5164 2633 5222 nativitatis
2666 5158 2935 5230 Unigeniti
2967 5157 3021 5211 in
3056 5165 3221 5209 carne
3263 5157 3568 5203 sermonem
3619 5139 3706 5191 in-

2141 5260 2308 5325 ducit,
2341 5268 2397 5313 et
2418 5272 2548 5312 voce
2588 5251 2903 5324 prophetica
2929 5244 3250 5318 mysterium
3281 5246 3409 5293 ante
3427 5230 3704 5304 patefacit,

2142 5360 2201 5404 ut
2239 5324 2397 5404 rebus
2426 5348 2492 5401 ad
2541 5345 2745 5400 exitum
2821 5334 3285 5410 pervenientibus,
3352 5324 3709 5383 indubitatam

2145 5443 2305 5499 tidem
2361 5440 2523 5496 faciat
2549 5437 2820 5496 omnibus.
2848 5431 2988 5488 Hinc
3016 5428 3136 5485 ait:
3170 5443 3190 5478 ι
3228 5423 3368 5482 Ecce
3402 5417 3714 5476 Dominatur

462 5626 510 5661 ⁸⁷
606 5626 750 5683 Psal.
786 5642 936 5693 χιιι,
967 5625 1020 5682 6.
1096 5627 1211 5658 "-”
1240 5624 1373 5680 Ibid.
1397 5665 1412 5690 ,
1448 5625 1533 5679 l9...
1609 5624 1652 5656 ³⁸
1693 5623 1847 5680 Joan.
1882 5638 1983 5692 xu,
2010 5622 2101 5690 5|,
2138 5622 2231 5677 52.

544 5782 625 5845 (ll
659 5782 849 5839 llunl‘r.
882 5782 1077 5851 legisse
1110 5782 1316 5838 videtur
1347 5781 1529 5851 πάχει.
