4124 6372
444 332 569 414 '30":

1442 359 1500 414 S.
1542 359 1810 416 CYRILLl
1850 359 2316 415 ALEXANDRINI
2361 360 2672 418 ARClllEP.

3594 360 3698 414 508

464 472 724 528 Dominus
754 473 1013 538 Sabaoth,
1054 475 1400 530 conturbabit
1435 479 1699 546 gloriosos
1722 494 1843 534 cum
1878 479 2023 533 furti-

2131 478 2308 530 ἐκεῖνα
2339 478 2428 531 καὶ
2464 478 2558 531 νῦν
2591 480 2619 531 6
2650 478 2757 529 τῶν
2797 476 2930 529 ὅλων
2963 476 3117 545 Θεὸς,
3142 474 3239 532 τὸν
3260 477 3386 547 περὶ
3428 475 3527 547 τῆς
3557 477 3698 529 κατά

465 564 673 618 tudine.
709 585 725 617 ι
762 566 840 618 Λᾶ
880 567 1171 622 novitatem
1206 570 1327 623 vita:
1357 571 1701 639 evangelicae,
1728 586 1790 624 ac
1819 572 2021 625 Christi

464 656 806 725 mysterium,
833 669 1118 713 revocatet
1144 660 1403 715 reformat
1428 671 1584 715 terra:
1620 661 1843 727 incolas,
1872 677 2027 717 ever-

460 749 536 802 sis
563 750 814 802 nimirum
838 751 1073 819 antiquis
1092 752 1307 815 ritibns,
1344 752 1689 821 moribuSque
1708 753 2026 808 umbraticis

462 848 515 892 et
546 841 740 908 typicis
760 842 1002 896 obtinere
1042 843 1146 895 vim
1174 858 1324 896 suam
1376 843 1606 912 amplius
1647 860 1749 897 non
1802 844 2027 898 valenti-

463 935 580 986 bus.
634 932 738 987 Sed
771 935 1032 988 adventus
1069 935 1150 989 sui
1189 935 1238 988 in
1282 936 1425 990 hunc
1474 937 1728 990 mundum
1774 937 1862 992 hic
1905 953 2027 992 sco-

461 1039 560 1089 pus
596 1023 714 1089 fuit,
742 1026 995 1094 venitque
1027 1025 1434 1093 przedicaturus,
1474 1037 1526 1080 et
1563 1038 1691 1083 ante
1720 1029 1853 1084 alios
1886 1029 2028 1082 lsra-

459 1113 622 1177 elitis,
648 1115 789 1181 quod
830 1132 951 1184 quae
1003 1131 1171 1186 usque
1220 1116 1288 1170 ad
1353 1120 1760 1175 restauratiouis
1816 1130 2026 1193 tempus

461 1205 701 1259 instituta
733 1216 919 1274 erant,
961 1207 1011 1260 id
1044 1216 1147 1268 est,
1186 1208 1267 1261 lex
1304 1209 1356 1262 in
1400 1210 1573 1263 littera
1612 1213 1806 1281 posita,
1857 1231 1920 1268 ea
1960 1217 2026 1271 de

458 1306 655 1350 caetero
680 1297 835 1363 tollit,
869 1314 1051 1358 animo
1075 1299 1330 1364 ﬁdelium,
1358 1301 1433 1354 uti
1494 1302 1756 1368 dixeram,
1788 1305 1854 1357 ad
1906 1321 2023 1360 me-

460 1386 644 1440 liorem
685 1398 736 1441 et
767 1388 1061 1456 Spiritalem
1093 1390 1214 1443 vitae
1246 1389 1634 1445 institutionem
1665 1394 2021 1449 transforma-

462 1480 533 1523 to.
569 1471 712 1524 Nova
741 1473 881 1525 enim
914 1474 964 1525 in
992 1472 1208 1527 Christo
1256 1477 1456 1529 omnia.
1491 1477 1555 1530 Et
1604 1479 1648 1532 si
1683 1495 1808 1534 vero
1866 1482 2024 1537 dece-

458 1565 549 1615 bat
576 1564 625 1616 ei
649 1564 1018 1633 obtemperare
1058 1582 1165 1633 prae
1208 1569 1418 1623 czeteris
1466 1567 1701 1626 Judaicze
1742 1587 2024 1643 synagogas

459 1655 743 1719 primores,
781 1664 835 1708 et
870 1656 959 1723 qui
985 1658 1273 1712 sacerdotii
1304 1659 1601 1715 honoribus
1647 1661 1788 1715 haud
1816 1664 2022 1717 medio-

458 1744 624 1797 criter
663 1746 1091 1802 insolescebant:
1129 1749 1183 1802 hi
1236 1758 1410 1804 tamen
1439 1766 1470 1806 e
1527 1754 1799 1808 contrario
1850 1769 2022 1824 repu-

2129 567 2306 636 σάρκα
2334 569 2638 636 γεννήσεως
2673 566 2765 618 τοῦ
2797 566 3133 633 Μονογενοῦς
3171 565 3471 635 εἰσκομίζει
3518 566 3696 635 λόγον,

2127 660 2221 711 καὶ
2248 659 2639 729 προαναφαίνει
2664 658 2725 711 τὸ
2748 659 3040 728 μυστήριον
3059 657 3148 710 διὰ
3175 660 3355 729 φωνῆς
3382 658 3697 729 προφητῶν,

2127 749 2214 803 ἵνα
2240 749 2349 802 τῶν
2377 750 2718 820 πραγμάτων
2758 750 2837 811 είς
2867 748 3039 818 πέρας
3083 748 3479 817 ἐκϐεϐηκότων,
3520 749 3697 818 ἀναμ-

2127 842 2345 911 φίλογον
2375 843 2581 913 δέχοιτο
2626 843 2777 914 παρὰ
2805 844 3021 896 πάντων
3043 840 3142 912 τὴν
3184 842 3382 895 πίστιν.
3416 841 3481 895 Τί
3524 842 3701 894 τοίνυν

2128 933 2291 1002 φησίν
2312 951 2325 964 ο
2365 951 2384 984 ι
2431 934 2561 986 Ἰδοὺ
2590 934 2653 1002 δὴ
2686 935 2713 986 ὁ
2751 932 3028 1002 Δεσπότης
3052 932 3255 1002 Κύριος
3284 932 3532 994 Σαϐαὼθ,
3573 950 3698 984 συν-

2124 1025 2493 1096 ταράξειτοὺς
2528 1025 2768 1089 ἐνδόξους
2794 1025 2929 1095 μετά
2967 1024 3184 1094 ἱσχύος;
3226 1042 3249 1075 θ
3289 1025 3380 1086 Εἰς
3407 1024 3699 1090 καινότητα

2128 1117 2274 1187 ζωῆς
2305 1116 2665 1187 εύαγγελικῆς
2711 1116 2773 1168 τὸ
2806 1115 2899 1168 τοῦ
2940 1116 3176 1187 Χριστοῦ
3228 1116 3525 1187 μυστήριον
3570 1116 3701 1168 ἀνα-

2131 1211 2330 1281 μορφοῖ
2358 1210 2482 1271 τοὺς
2514 1208 2604 1260 ἐπὶ
2636 1210 2734 1278 τῆς
2762 1209 2886 1277 γῆς,
2932 1206 3423 1278 ἀνατετραμμένων
3459 1206 3699 1277 δηλονότι

2128 1302 2235 1354 τῶν
2262 1301 2628 1372 ἀρχαιοτέρων
2657 1300 2815 1362 ἐθῶν,
2850 1301 2944 1352 καὶ
2979 1300 3087 1353 τῶν
3131 1302 3188 1354 ἐν
3236 1302 3415 1363 σκιαῖς
3469 1300 3563 1351 καὶ
3603 1299 3699 1351 τύ-

2131 1411 2273 1457 ποις,
2307 1394 2407 1445 ούκ
2440 1393 2670 1462 ἐχόντων
2702 1394 2781 1444 ἔτι
2822 1391 2883 1443 τὸ
2918 1390 3179 1444 δύνασθαι
3219 1394 3456 1461 κρατεῖν.
3501 1391 3638 1443 Ἀλλ’
3672 1392 3702 1441 ὁ

2132 1485 2230 1556 μὲν
2255 1487 2353 1556 τῆς
2379 1486 2613 1553 ἀφίξεως
2633 1485 2732 1554 τῆς
2755 1486 2832 1549 είς
2861 1486 3009 1538 τόνδε
3036 1485 3126 1537 τὸν
3158 1485 3360 1555 κόσμον
3386 1484 3535 1553 αὐτῴ
3584 1502 3702 1535 σκο-

2129 1576 2229 1639 πὸς
2258 1576 2480 1644 γέγονεν
2529 1577 2732 1639 οὑτοσὶ,
2790 1577 2883 1629 καὶ
2919 1575 3261 1646 διακηρύξων
3317 1577 3559 1643 ἀφῖκται,
3610 1575 3701 1627 καί

2128 1667 2233 1738 πρό
2259 1684 2322 1735 γε
2354 1667 2462 1719 τῶν
2489 1666 2664 1720 ἄλλων
2685 1670 2797 1730 τοῖς
2818 1665 2877 1731 ἐξ
2912 1667 3150 1736 Ἰσραὴλ,
3181 1667 3263 1719 ὃτι
3290 1666 3357 1718 τὰ
3396 1666 3557 1735 μέχρι
3581 1682 3701 1717 και-

2133 1756 2226 1827 ροῦ
2260 1756 2599 1827 διορθώσεως
2638 1757 2978 1826 ἐπικείμενα,
3020 1758 3316 1819 τουτέστιν,
3357 1759 3385 1809 ὁ
3417 1757 3474 1807 ἐν
3520 1755 3703 1826 γράμ-

459 1840 692 1905 gnabant
712 1837 1024 1907 juveniliter
1042 1855 1105 1895 ac
1128 1842 1449 1910 petulanter,
1488 1846 1807 1900 resistebant
1838 1847 2021 1919 impie,

2131 1864 2262 1916 μασι
2285 1846 2467 1916 νόμος,
2510 1846 2762 1917 καταίρει
2792 1845 2975 1897 λοιπὸν
3009 1846 3089 1906 είς
3126 1845 3297 1908 τέλος,
3335 1844 3701 1914 μεταπλαττο-

459 1938 513 1981 et
542 1932 710 1999 legem
760 1946 791 1983 a
838 1930 983 1986 Mose
1017 1934 1413 2003 sapientissimo
1451 1937 1839 2007 promulgatam
1877 1956 2024 1995 scm-

460 2037 556 2089 per
575 2022 624 2074 in
662 2037 755 2076 ore
773 2023 1034 2078 habentes
1054 2064 1067 2089 ,
1107 2028 1424 2097 mysterium
1452 2029 1868 2097 dispensationis
1898 2031 2026 2088 Uni-

459 2114 623 2180 geniti
660 2115 711 2167 in
738 2132 924 2180 carne,
951 2129 1209 2188 quantum
1260 2121 1313 2175 in
1337 2136 1397 2177 se
1422 2130 1540 2177 erat
1578 2123 1789 2178 irritum
1845 2125 2026 2182 facere

462 2206 747 2263 volebant:
781 2210 872 2264 sed
910 2227 1072 2280 penes
1100 2228 1193 2267 eos
1216 2229 1322 2267 non
1358 2225 1475 2268 erat
1504 2216 1607 2270 hoc
1642 2224 1918 2286 praestare,
1971 2229 2026 2273 at

460 2299 697 2353 «nudum
733 2298 1003 2355 Servatori
1033 2312 1087 2356 et
1114 2302 1224 2359 Deo
1259 2319 1417 2359 snum
1462 2307 1811 2375 supercilium
1854 2323 2023 2378 Oppo-

461 2402 671 2455 nentt-s,
704 2393 826 2447 mali
864 2394 1000 2448 male
1030 2396 1325 2465 perierunt,
1357 2398 1553 2465 partim
1590 2398 1730 2454 alter
1789 2401 1839 2454 in
1898 2402 2029 2455 alte-

461 2484 941 2554 rnmassultantes,
975 2496 1028 2541 et
1060 2488 1178 2558 lege
1223 2487 1348 2543 belli
1410 2491 1726 2546 insidiantes
1752 2531 1767 2557 ,
1825 2493 2020 2562 partim

462 2574 511 2627 in
550 2573 911 2629 [lonnanorum
962 2593 1154 2632 manus
1185 2578 1501 2646 incidentes,
1535 2582 1628 2651 qui
1658 2582 1831 2651 ipsum
1889 2584 2022 2639 adeo

461 2668 716 2737 templum
743 2670 1113 2725 incenderunt.
1144 2672 1283 2728 Ecce
1332 2674 1493 2744 igitur
1546 2676 1860 2730 Dominator
1918 2678 2023 2730 Do-

460 2759 637 2814 minus
666 2760 900 2816 Sabaoth
937 2765 1278 2819 conturbabit
1331 2766 1595 2837 gloriosos
1626 2782 1747 2821 cum
1806 2766 2025 2821 fortitu-

458 2850 603 2905 dine.
655 2852 933 2908 Dominum
1000 2853 1235 2911 Sabaoth
1284 2862 1692 2913 conturbantem
1743 2860 2020 2925 nominat;

460 2944 798 2999 auditoribus
840 2954 1101 3001 terrorem
1140 2948 1440 3015 ineutiens’;
1477 2965 1543 3004 ne
1588 2949 1711 3020 quis
1740 2949 1877 3004 forte
1910 2950 2026 3003 exi-

460 3033 645 3087 stimet
670 3035 981 3090 debiliorem
1006 3036 1122 3093 fore
1153 3038 1345 3106 ipsum,
1379 3041 1462 3093 vel
1488 3042 1651 3095 etiam
1680 3042 1854 3097 minas
1876 3043 2029 3095 adhi-

458 3124 644 3181 buisse
673 3125 998 3195 inellicaees,
1027 3139 1079 3184 et
1110 3146 1229 3199 qua:
1257 3132 1475 3185 omnino
1506 3133 1571 3186 ad
1604 3133 1765 3188 tinem
1802 3148 1906 3189 non
1938 3149 2027 3190 es—
2053 3170 2096 3228 ρ

462 3225 582 3271 sent
610 3228 964 3287 perventura}.
1002 3221 1137 3288 Quid
1181 3223 1325 3277 enim
1379 3222 1619 3279 ineﬂicax
1662 3240 1756 3281 seu
1823 3226 2028 3295 imper-

463 3308 662 3365 fectum
694 3313 797 3367 erit
826 3328 1014 3368 eorum
1060 3330 1181 3384 qua:
1208 3332 1235 3368 a
1266 3316 1492 3371 Domino
1524 3318 1784 3383 Sabaoth,
1812 3320 1915 3375 hoc
1948 3328 2032 3375 est

462 3403 823 3468 exercituum,
854 3405 1222 3473 suscipiuntur
1246 3406 1269 3458 ?
1296 3406 1789 3478 Conquassaturum
1819 3424 1876 3465 se
1901 3409 2031 3466 dicit

462 3493 632 3551 elatos
656 3497 927 3564 superbia.
956 3494 1099 3552 Celsi
1146 3499 1289 3553 enim
1326 3508 1382 3553 et
1444 3498 1568 3553 elati
1612 3513 1739 3554 vere
1780 3500 2030 3570 superbia

462 3599 636 3651 erant,
659 3588 751 3658 qui
789 3605 893 3644 non
919 3593 1078 3646 modo
1105 3586 1396 3661 pr0plietas
1425 3600 1642 3647 sanctos
1664 3592 2021 3657 trucidarunt,

464 3690 518 3736 et
575 3683 736 3753 190
780 3684 1079 3739 rectissime
1126 3684 1532 3741 consulentibus
1581 3685 1917 3757 impudenter
1948 3686 2034 3740 di-

464 3784 626 3830 eunt:
666 3793 686 3827 ι
722 3776 842 3829 Alia
878 3777 1034 3831 nobis
1080 3777 1384 3846 loquimini,
1420 3788 1476 3833 et
1513 3779 1830 3834 annuntiate
1880 3778 2033 3833 nobis

465 3866 628 3921 alium
675 3870 1160 3933 errorem";»sed
1194 3869 1357 3924 etiam
1428 3868 1481 3922 in
1531 3869 1703 3938 ipsum
1752 3868 2033 3924 Christum

467 3960 699 4031 linguam
733 3971 1021 4029 exacuunt,
1063 3971 1117 4017 et
1142 3977 1345 4017 cornua
1375 3963 1427 4016 in
1451 3962 1681 4017 sublime
1709 3962 1919 4027 tollunt,
1955 3974 2032 4028 et,

469 4062 527 4107 ut
555 4055 818 4123 scriptum
865 4063 968 4120 est,
1023 4062 1208 4109 contra
1261 4052 1427 4108 Deum
1477 4054 1767 4124 loquuntur
1818 4054 2033 4123 injusti-

468 4147 597 4203 tiam
632 4148 697 4203 “.
732 4151 799 4201 At
828 4149 907 4210 hi,
941 4148 1137 4217 inquit,
1167 4149 1457 4203 reddentur
1487 4148 1737 4213 humiles,
1765 4157 1817 4203 et
1842 4149 2035 4203 cadent

466 4238 663 4307 gladio.
725 4240 1048 4295 lnterierunt
1104 4241 1327 4305 etenim,
1384 4248 1443 4293 ut
1476 4239 1740 4301 dicebam,
1785 4240 1869 4295 vel
1909 4255 2030 4294 cum

468 4332 608 4388 Deus
676 4332 1145 4387 vehementissima
1233 4332 1311 4385 ira
1386 4330 1609 4397 inﬂicta,
1671 4333 1815 4386 velut
1873 4345 2034 4388 acuto

466 4423 648 4493 gladio
678 4437 770 4478 eos
796 4433 1159 4487 consumeret,
1200 4422 1465 4476 sacerdoti
1504 4423 1733 4494 insignia
1763 4422 2027 4490 auferret,

2136 1938 2324 2010 μένης,
2380 1939 2455 2001 ὠς
2503 1938 2660 2009 ἔφην,
2705 1940 2784 2001 είς
2824 1938 2890 1990 τά
2936 1937 3143 2006 ἀμείνω
3186 1938 3281 1989 καὶ
3327 1936 3700 2007 πνευματικὴν

2126 2033 2400 2088 πολιτείαν
2432 2033 2531 2102 τῆς
2562 2031 2670 2086 τῶν
2708 2030 3071 2083 πιστευόντων
3107 2030 3363 2093 διανοίας.
3392 2030 3566 2083 Καινὰ
3590 2030 3701 2100 γὰρ

2125 2126 2302 2179 πάντα
2341 2125 2409 2179 τά
2454 2126 2512 2177 ἐν
2555 2123 2796 2194 Χριστῷ.
2854 2122 3015 2175 Ἀλλὰ
3054 2122 3232 2175 καίτοι
3276 2122 3700 2175 καταπείθεσθαι

2124 2214 2241 2269 δέον
2262 2213 2426 2283 αὐτῷ,
2463 2213 2557 2266 καὶ
2583 2213 2687 2281 πρό
2727 2229 2790 2280 γε
2820 2212 2924 2264 τῶν
2962 2211 3136 2265 ἄλλων
3166 2213 3543 2281 τῆςΊουδαίων
3576 2231 3699 2265 συν⁴

2127 2307 2348 2375 ἀγωγῆς
2379 2306 2505 2368 τοὺς
2541 2304 2966 2376 προεστηκότας.
3000 2304 3095 2356 καὶ
3126 2307 3236 2365 τοῖς
3276 2304 3374 2373 τῆς
3407 2303 3701 2375 ἱερωσύνης

2128 2400 2437 2468 αὐχήμασιν
2473 2398 2533 2449 ού
2570 2396 2807 2467 μετρίως
2857 2395 3272 2465 κομπάζοντας,
3306 2397 3371 2448 ἐκ
3398 2396 3506 2448 τῶν
3544 2398 3698 2449 ἐναν-

2126 2489 2257 2542 τίων
2295 2488 2654 2558 ἀντεφέροντο
2705 2486 2988 2550 νεανικῶς,
3038 2486 3402 2555 ἀντέπραττον
3442 2486 3699 2553 ἀφοσίως,

2128 2578 2224 2632 καὶ
2250 2579 2341 2631 τὸν
2368 2578 2455 2631 διὰ
2486 2577 2579 2630 τοῦ
2616 2578 2893 2645 πανσόφου
2928 2578 3169 2641 Μωσέως
3191 2578 3277 2630 ἀεὶ
3303 2578 3584 2640 λαλοῦντες
3617 2580 3703 2630 νό-

2130 2694 2250 2747 μον,
2278 2677 2557 2748 ᾶπρακτον
2592 2676 2912 2744 ἀποφαίνειν
2944 2674 3135 2746 ἤθελον
3163 2676 3223 2729 τό
3252 2693 3315 2744 γε
3340 2672 3474 2747 ἧκον
3502 2678 3579 2739 εἰς
3602 2676 3701 2728 αύ-

2125 2771 2251 2833 τοὺς
2279 2770 2377 2839 τῆς
2416 2769 2551 2839 μετά
2576 2768 2776 2839 σαρκὸς
2803 2768 3113 2839 οἰκονομίας
3148 2768 3238 2821 τοῦ
3271 2768 3602 2836 Μονογενοῦς
3642 2769 3703 2819 τὸ

2131 2862 2447 2932 μυστήριον.
2466 2860 2606 2912 Ἀλλ’
2622 2856 2689 2930 ἦν
2710 2860 2999 2929 ἀνέφικτον
3019 2861 3200 2923 αὐτοῖς
3220 2859 3378 2912 τοῦτο
3400 2860 3551 2930 δρᾷν,
3576 2863 3699 2913 ἀντ-

2127 2954 2410 3021 εξάγοντες
2434 2952 2487 3005 δὲ
2532 2952 2609 3023 τῷ
2662 2952 2877 3004 πάντων
2912 2952 3123 3024 Σωτῆρι
3158 2953 3249 3004 καὶ
3281 2951 3399 3021 Θεῷ
3420 2953 3479 3003 τὸ
3506 2954 3705 3003 οἰκεῖον

2130 3045 2361 3115 θέλημα,
2393 3045 2550 3097 κακοὶ
2584 3044 2771 3107 κακῶς
2803 3042 3105 3109 διολώλασι,
3140 3044 3296 3097 τοῦτο
3330 3045 3424 3114 μὲν
3457 3045 3703 3116 ἀλλήλοις

2129 3140 2501 3209 ἐπιφυόμενοι,
2529 3138 2624 3192 καὶ
2649 3138 2741 3191 τὸν
2780 3138 3016 3211 πολέμου
3049 3138 3211 3208 νόμον
3242 3136 3698 3200 ἐπιϐουλεύοντες,

2130 3230 2287 3284 τοῦτο
2312 3230 2369 3283 δὲ
2398 3233 2518 3293 ταῖς
2555 3228 2841 3299 Ῥωμαίων
2888 3228 3273 3298 περιπεσόντες
3302 3227 3506 3298 χερσὶν,
3532 3226 3581 3278 οἳ
3611 3227 3709 3279 καὶ

2131 3323 2291 3377 αὐτὸν
2332 3322 2636 3393 ἐνέπρησαν
2674 3322 2765 3374 τὸν
2808 3323 2951 3375 ναόν.
2991 3320 3121 3373 Ἰδοὺ
3149 3320 3327 3373 τοίνυν
3364 3321 3393 3372 6
3428 3319 3703 3387 Δεσπότης

2132 3414 2336 3485 Κύριος
2400 3413 2625 3466 Σαϐαὼθ
2693 3409 3015 3483 συνταράξει
3083 3412 3209 3474 τοὺς
3260 3411 3504 3477 ἐνδόξους
3567 3412 3704 3481 μετὰ

2136 3506 2334 3576 ἰσχύος.
2377 3505 2580 3575 Κύριον
2605 3504 2828 3557 Σαϐαὼθ
2859 3503 3108 3573 ὀνομάζει
3132 3502 3222 3555 τὸν
3248 3503 3701 3574 συνταράσσοντα,

2133 3596 2456 3649 καταπτοῶν
2500 3597 2613 3659 τοῖς
2636 3596 2853 3667 δείμασι
2895 3596 3022 3658 τοὺς
3070 3594 3473 3665 ἀκροωμένους,
3510 3596 3595 3648 ἵνα
3627 3597 3700 3665 μή

2131 3705 2216 3751 τις
2246 3687 2425 3757 οἴηται
2469 3688 2609 3757 τάχα
2654 3704 2779 3753 που,
2826 3688 2919 3742 καὶ
2950 3687 3267 3758 ἀσθενήσειν
3317 3688 3560 3759 αὑτὸν,ἦ
3610 3691 3706 3741 καὶ

2133 3779 2416 3849 ἀνηνύτοις
2451 3780 2707 3843 ἀπειλαῖς
2751 3780 3052 3851 κεχρῆσθαι
3096 3780 3313 3851 μᾶλλον,
3348 3781 3441 3833 καὶ
3490 3780 3608 3850 οὐχὶ
3640 3781 3703 3850 δὴ

2134 3870 2351 3934 πάντως
2397 3870 2797 3941 ἐκϐησομέναις
2839 3871 2919 3935 είς
2952 3871 3147 3943 πέρας.
3187 3872 3251 3924 Τί
3291 3870 3401 3942 γὰρ
3445 3872 3710 3941 ἀνήνυτον

2134 3962 2288 4018 ἔσται
2334 3964 2442 4016 τῶν
2496 3964 2931 4035 ἐγχειρουμένων
2982 3964 3135 4035 παρά
3186 3965 3393 4035 Κυρίου
3443 3965 3702 4028 Σαϐαώθ;

2134 4055 2601 4127 Συντριϐήσεσθαι
2652 4056 2708 4109 δέ
2742 4074 2874 4128 φησι
2930 4056 3057 4119 τοὺς
3113 4056 3351 4127 ὑψηλοὺς
3399 4060 3465 4127 τῇ
3526 4057 3703 4128 ὕϐρει.

2146 4148 2370 4218 ’Υψηλοὶ
2387 4147 2496 4219 γὰρ
2527 4148 2695 4212 ὅντως
2722 4152 2786 4221 τῇ
2812 4148 2966 4219 ὕϐρει
2995 4149 3298 4216 γεγόνασιν,
3328 4150 3386 4202 οὐ
3424 4151 3709 4221 προφήτας

2136 4236 2323 4306 ἁγίους
2346 4238 2765 4301 ἀποκτείναντες
2799 4240 2979 4309 μόνον,
3010 4242 3102 4293 καὶ
3126 4244 3239 4303 τοῖς
3277 4239 3539 4294 κάλλιστα
3567 4258 3706 4310 συμ-

2135 4329 2478 4382 ϐουλεύουσιν
2506 4330 2700 4401 ἀνέδην
2724 4330 2973 4398 λέγοντες
2992 4348 3006 4361 °
3043 4352 3060 4383 ι
3110 4332 3278 4385 Ἀλλα
3314 4334 3446 4404 ἡμῖν
3475 4332 3705 4401 λαλεῖτε,

2136 4422 2230 4475 καὶ
2262 4422 2620 4491 ἀναγγέλλετε
2652 4423 2781 4492 ἡμῖν
2806 4424 2999 4494 ἑτέραν
3030 4424 3316 4495 πλάνησιν,
3358 4442 3379 4475 ›
3426 4423 3563 4477 ἀλλά
3599 4424 3708 4493 γὰρ

463 4515 644 4573 olIit-io
683 4517 1012 4587 gubernandi
1074 4516 1330 4585 populum
1388 4515 1686 4580 abdicaret,
1734 4517 1816 4570 vel
1868 4518 2029 4571 etiam

2134 4516 2224 4567 καὶ
2252 4514 2399 4584 αύτῷ
2429 4514 2529 4585 τὴν
2561 4514 2806 4583 γλῶτταν
2830 4516 3197 4588 «ἐπιθήγοντες
3226 4517 3304 4586 τῷ
3340 4517 3580 4587 Χριστῷ,
3616 4519 3707 4569 καὶ

463 4610 571 4665 alio
600 4611 758 4666 modo
786 4609 903 4664 illos
928 4624 1154 4663 casuros
1170 4609 1345 4677 gladio
1368 4610 1464 4673 ait,
1484 4608 1737 4662 nimirum
1772 4610 2028 4674 hostium,

463 4706 914 4775 quemadmodum
950 4704 1109 4759 modo
1130 4703 1260 4758 dixi.
1288 4702 1423 4776 .Sed
1454 4712 1507 4757 et
1543 4701 1801 4767 Libanus,
1835 4702 2029 4772 inquit,

463 4812 587 4851 cum
637 4797 868 4852 excelsis
896 4804 1133 4851 corruet.
1173 4795 1435 4850 Libanum
1497 4794 1549 4847 in
1597 4795 1704 4858 his,
1762 4794 1921 4849 sicuti
1952 4802 2033 4848 est

466 4886 765 4955 probabile,
800 4886 1036 4956 appellat
1072 4886 1350 4955 templum,
1385 4886 1526 4954 quod
1561 4886 1881 4940 subversum
1948 4894 2032 4939 est

464 4986 518 5031 et
547 4977 847 5041 incensum,
873 4977 1174 5049 ceciditque
1201 4977 1360 5031 simul
1388 4992 1509 5032 cum
1535 4977 1618 5032 his
1642 4977 1732 5046 qui
1766 4978 1872 5031 alto
1905 4986 2034 5033 sunt

465 5072 773 5141 supercilio.
802 5070 1064 5127 Fastuosa
1104 5070 1248 5125 enim
1303 5079 1459 5125 erant
1503 5084 1631 5124 vere
1691 5070 2033 5125 sacerdotum

467 5164 743 5227 examina,
783 5174 838 5219 et
869 5164 983 5234 ipse
1013 5179 1135 5219 cum
1174 5161 1280 5217 illis
1312 5160 1496 5227 Israel,
1536 5162 1626 5231 qui
1653 5162 2033 5217 universorum

466 5257 809 5312 Servatorem
842 5265 897 5310 et
920 5255 1329 5325 Redemptorem
1353 5255 1615 5310 dedecore
1634 5254 2033 5323 conspurcavit.

468 5348 809 5403 Inveniemus
839 5347 1001 5403 etiam
1035 5346 1207 5416 ipsam
1255 5344 1553 5401 Jerusalem
1586 5344 1838 5414 appellari
1870 5344 2034 5400 Liba-

467 5454 614 5494 num.
646 5438 858 5494 Etenim
894 5438 1150 5508 prOpheta
1200 5437 1493 5492 Zacharias
1546 5435 2034 5492 alicubidixitei”:

471 5552 488 5583 σ
516 5531 700 5601 Aperi,
729 5530 952 5597 Libane,
980 5540 1163 5599 portas
1192 5539 1331 5595 tuas,
1351 5538 1406 5585 et
1436 5531 1655 5584 devoret
1688 5529 1826 5599 ignis
1849 5529 2039 5584 cedros

467 5641 603 5690 tuaS-
658 5628 841 5684 Ploret
887 5626 1071 5696 pinus,
1123 5622 1321 5691 quippe
1346 5618 2040 5689 eeciditcedrus;plorate,

469 5765 509 5813 ³¹
548 5782 649 5837 lsa.
688 5796 813 5849 xxx,
840 5779 925 5836 lO.
1005 5778 1047 5810 ³²
1076 5776 1217 5833 Psal.
1255 5794 1433 5843 Lxxw,
1464 5778 1517 5830 6.
1598 5777 1639 5807 ³³
1673 5776 1898 5831 Zachar.
1937 5792 2009 5843 xt,
2039 5776 2085 5829 l.

2131 4606 2192 4659 τὸ
2219 4605 2386 4677 κέρας
2421 4606 2519 4677 μὲν
2566 4608 2646 4669 είς
2696 4605 2829 4675 ὕψος
2868 4608 3209 4676 ἐπαίροντες,
3245 4608 3459 4662 ἀδικίαν
3505 4609 3562 4662 δὲ
3615 4609 3709 4661 λα-

2132 4696 2351 4761 λοῦντες
2382 4696 2522 4751 κατά
2554 4698 2648 4750 τοῦ
2679 4697 2836 4763 Θεοῦ,
2863 4698 3005 4752 κατὰ
3038 4700 3097 4752 τὸ
3121 4700 3525 4770 γεγραμμένον.
3567 4699 3711 4752 Ἀλλ’

2131 4782 2276 4842 οὗτοι
2296 4787 2810 4859 ταπεινωθήσονται,
2836 4789 2992 4859 φησὶ,
3013 4790 3109 4843 καὶ
3130 4790 3419 4843 πεσοῦνται
3442 4790 3702 4861 μαχαίρᾳ.

2132 4882 2424 4935 Διολώλασι
2450 4880 2580 4952 γάρ,
2616 4881 2690 4945 ὡς
2722 4880 2878 4951 ἔφην,
2922 4880 3078 4934 τοῦτο
3117 4881 3214 4951 μὲν
3240 4882 3558 4954 τομωτάτην
3591 4884 3709 4934 ἐπι-

2133 4974 2388 5045 φέροντος
2434 4974 2619 5037 αὺτοῖς
2641 4973 2747 5045 τὴν
2781 4973 2971 5045 ὀργὴν,
3005 4976 3099 5026 καὶ
3135 4968 3246 5027 οἷον
3286 4974 3433 5045 ὀξείᾳ.
3466 4975 3710 5047 μαχαίρᾳ

2131 5065 2473 5129 δαπανῶντος
2506 5066 2702 5129 αὐτοὺς
2735 5065 2830 5119 τοῦ
2857 5065 3014 5130 Θεοῦ,
3051 5066 3147 5119 καὶ⁸
3172 5066 3279 5119 τῶν
3306 5066 3407 5136 τῆς
3438 5067 3710 5120 δικαιοσύ-

2132 5176 2231 5230 νης
2270 5158 2658 5230 ἀποκείροντος
2683 5158 3036 5230 αὐχημάτων,
3080 5159 3175 5211 καὶ
3220 5157 3316 5211 τοῦ
3350 5158 3709 5229 καθηγεῖσθαι

2133 5250 2277 5303 λαῶν
2310 5251 2749 5322 ἀποπέμποντος,
2789 5251 2956 5321 ἤγουν
2989 5252 3083 5304 καὶ
3119 5252 3242 5304 καθ’
3271 5250 3457 5322 ἕτερον
3485 5251 3707 5321 τρόπον,

2145 5344 2387 5415 μαχαίρᾳ
2421 5343 2701 5395 πεσεῖσθαί
2734 5361 2899 5414 φησιν
2929 5344 3147 5407 αὐτοὺς,
3183 5345 3247 5413 τῇ
3286 5342 3396 5395 τῶν
3440 5342 3711 5413 πολεμίων

2140 5436 2402 5508 δηλονότι,
2434 5435 2684 5506 καθάπερ
2718 5434 2852 5505 ἔφην
2897 5435 3121 5506 ἀρτίως.
3165 5434 3323 5487 Ἀλλά
3356 5434 3451 5488 καὶ
3486 5436 3516 5487 ὀ
3551 5434 3712 5488 Λίϐα-

2143 5547 2269 5594 νος,
2323 5529 2498 5599 φησὶ,
2559 5529 2656 5581 σὺν
2714 5529 2826 5590 τοῖς
2880 5527 3103 5597 ὑψηλοῖς
3151 5529 3421 5580 πεσεῖται.
3478 5527 3710 5581 Λίϐανον

2145 5623 2204 5675 ἐν
2246 5620 2459 5685 τούτοις
2507 5619 2653 5675 κατά
2697 5636 2761 5689 γε
2813 5619 2873 5673 τὸ
2918 5618 3064 5683 είκός
3115 5617 3371 5690 ὀνομάζει
3408 5618 3503 5674 τὸν
3548 5618 3715 5685 νεὼν,
