4124 6372
312 338 435 397 509'

1439 326 1506 382 IN
1544 325 1780 381 lSAl‘AM
1818 324 1947 382 LIB.
1991 323 2058 382 ll.
2101 319 2341 377 TOMUS
2379 318 2423 375 Ι.

3451 294 3554 349 510

311 458 369 520 ὃς
403 453 732 526 καθῄρηται,
770 450 862 504 καί
907 448 1314 521 ἐμπέπρησται,
1348 446 1605 500 πέπτωκέ
1644 464 1704 499 τε
1752 443 1887 515 ὀμοῦ
1917 449 1962 505 Α

2068 457 2227 497 ercus
2265 440 2461 500 Basan,
2492 434 2692 505 quippe
2731 426 2972 484 succisus
2991 418 3562 480 cstsaltusconsitus.»

312 552 427 612 τοῖς
453 547 662 618 ὑψηλὴν
693 545 875 616 ἔχουσι
899 543 996 614 τὴν
1035 541 1229 613 ὀφρύν.
1264 540 1601 611 ’Υπὲροπτος
1626 538 1734 609 γὰρ
1764 538 1894 607 ἀλη-

290 645 426 729 θῶς
456 644 485 696 ὅ
513 659 571 695 τε
606 639 716 693 τῶν
744 639 932 709 ἱερέων
962 637 1148 707 ἐσμὸς,
1181 635 1276 687 καὶ
1308 634 1469 696 αὐτὸς
1506 632 1562 686 δέ
1594 633 1689 685 σὺν
1714 632 1895 694 αὐτοῖς

289 724 293 773 δ
320 740 350 790 6
384 733 622 807 Ἰσραὴλ,
669 730 764 784 τὸν
791 730 899 783 τῶν
922 729 1057 781 ὅλων
1102 727 1328 797 Σωτῆρα
1354 724 1448 777 καὶ
1469 722 1748 792 λυτρωτὴν
1779 721 1895 774 ἀτι-

310 830 527 900 μάσας.
568 825 887 894 Εὑρήσομεν
919 822 977 874 δέ
1033 820 1125 873 καὶ
1163 819 1333 887 αὐτὴν
1390 816 1487 887 τὴν
1536 813 1899 885 Ἰερουσαλὴμ

326 919 559 974 Λίϐανον
600 912 1016 984 ὠνομασμένην.
1042 910 1153 963 Καὶ
1192 906 1323 977 γοῦν
1351 909 1379 960 6
1408 908 1692 977 προφήτης
1727 906 1901 973 Ζαχα-

331 1012 451 1083 ρίας
480 1010 582 1079 ἔφη
622 1024 723 1060 που
758 1005 891 1079 πρὸς
935 1001 1137 1073 αὑτήν⁹
1176 1018 1195 1051 ι
1224 998 1516 1064 Διάνοιξον,
1567 997 1595 1049 6
1645 995 1899 1059 Λίϐανος,

328 1105 429 1165 τὰς
462 1100 629 1172 θύρας
681 1115 797 1163 σου,
839 1096 934 1149 καὶ
980 1091 1345 1163 καταφαγέτω
1388 1089 1499 1158 πῦρ
1537 1088 1635 1150 τὰς
1683 1086 1905 1155 κέδρους

334 1212 450 1247 σου.
507 1210 524 1241 ι
570 1189 901 1255 Ὀλολυξάτω
946 1186 1123 1249 πίτυς,
1181 1184 1316 1237 διότι
1366 1182 1619 1234 πέπτωκε
1676 1178 1902 1247 κέδρος’

334 1284 644 1349 ὀλολύξατε,
670 1280 832 1353 δρῦες
866 1282 965 1348 τῆς
998 1276 1369 1338 Βασανίτιδος,
1389 1275 1471 1326 ὅτι
1503 1268 1855 1335 κατεσπάσθη
1879 1268 1908 1319 6

336 1375 539 1448 δρυμός
566 1391 661 1426 σου
696 1375 723 1425 6
757 1371 1053 1442 σύμφυτος.
1104 1367 1322 1438 Ἐπειδὴ
1346 1366 1453 1437 γὰρ
1492 1365 1607 1435 ὄρει
1644 1361 1721 1433 τῷ
1744 1360 1912 1415 Λιϐά-

338 1484 431 1520 νου
462 1465 812 1536 παρεικάζων
856 1464 954 1534 τὴν
1002 1460 1377 1533 Ἰερουσαλὴμ,
1418 1456 1586 1519 οὕτως
1630 1453 1911 1524 ὠνόμαζεν

1994 535 2285 602 Postquam
2310 529 2453 585 enim
2490 525 2659 581 monti
2694 518 2883 575 Libani
2917 512 3214 572 Jerusalem
3241 518 3564 575 comparans

1994 630 2069 683 ita
2097 624 2427 680 nominasset
2456 635 2599 681 eam,
2652 612 2960 670 necessario
2991 610 3044 664 in
3096 602 3362 661 sermonis
3414 608 3568 665 tropo

1997 720 2199 772 diserte
2228 715 2546 772 immorans,
2596 707 2878 761 cedrornm
2905 699 3159 767 silvaque
3188 691 3411 749 consitae
3479 702 3570 755 ap-

2000 807 2285 879 pellatione
2327 801 2550 873 populos
2600 801 2650 852 in
2695 813 2755 851 ea
2791 805 2845 849 et
2875 793 3143 863 principes
3210 792 3363 840 vocat
3420 796 3573 835 com-

2002 872 2179 961 inode,
2209 872 2346 966 quas
2387 893 2567 962 lugere
2594 888 2768 958 jubet,
2803 893 3084 955 propterea
3113 878 3254 949 quod
3312 872 3578 927 insultent

2002 990 2110 1046 illis
2148 960 2401 1055 tan-quam
2431 960 2601 1046 silvis,
2638 980 2688 1034 hi
2717 978 2805 1047 qui
2842 970 3306 1043 disperdiderunt.
3367 964 3423 1017 Si
3458 960 3582 1029 quis

2005 1089 2183 1134 autem
2216 1077 2349 1130 velit
2375 1083 2572 1128 tectam
2602 1081 2655 1125 et
2698 1064 3031 1122 reconditam
3069 1056 3388 1115 sententiam
3418 1050 3581 1105 attin-

2007 1185 2152 1240 gere,
2184 1177 2237 1222 et
2269 1180 2486 1221 sensum
2512 1163 2737 1229 vimque
2786 1157 2978 1210 horum
3032 1149 3317 1203 verborum
3369 1141 3584 1196 Satana:

2008 1260 2343 1329 subditisque
2371 1257 2469 1326 ipsi
2501 1251 2853 1325 potestatibus
2910 1244 3131 1301 nefariis
3157 1235 3581 1294 accommodare,

2010 1352 2099 1406 hic
2130 1366 2159 1404 a
2200 1364 2361 1418 scopo
2420 1346 2618 1401 decoro
2682 1350 3021 1409 nequaquam
3087 1328 3390 1386 recesserit.
3441 1324 3584 1377 Con-

2014 1445 2141 1499 trita
2175 1449 2265 1497 est
2290 1440 2454 1503 enim,
2485 1445 2539 1490 et
2574 1434 2753 1503 periit,
2785 1430 2852 1485 ad
2905 1441 3119 1482 omnem
3185 1418 3442 1474 malitiam
3464 1428 3587 1483 pro-

349 1512 428 1520 "'
470 1512 803 1536 ""r"""v"'
868 1512 945 1534 "l'
1020 1512 1159 1533 "t"’
1300 1512 1332 1531 μ
1365 1512 1377 1524 ι
1568 1512 1578 1519 -
1741 1512 1753 1524 ι
1830 1512 1845 1517 -

340 1558 535 1626 αὐτὴν,
583 1555 896 1623 ἀναγκαίως
950 1554 1049 1623 τῆς
1083 1551 1176 1604 τοῦ
1215 1550 1372 1617 λόγου
1420 1547 1627 1620 τροπῆς
1672 1542 1916 1605 πιθανῶς

2067 1546 2151 1591 cta
2182 1544 2236 1589 et
2261 1530 2543 1603 proﬂigata
2590 1528 2893 1581 daemonum
2942 1519 3158 1579 cohors,
3196 1522 3249 1567 et
3310 1512 3425 1578 ipse
3469 1521 3591 1558 cum

2679 1616 2692 1626 ·
2882 1623 2890 1626 Α
3033 1624 3042 1626 ς
3072 1606 3302 1626 ητις-η-.-
3354 1610 3397 1626 ..ι
3424 1597 3583 1626 "Arni:

342 1647 861 1719 ἐχόμενος,,κέδροις
909 1644 1002 1697 καὶ
1038 1641 1226 1714 δρυμῷ
1283 1640 1565 1709 συμφύτῳ,
1595 1636 1719 1699 τούς
1751 1653 1811 1687 τε
1858 1636 1915 1686 ἐν

345 1741 485 1809 αὐτῇ
508 1738 689 1801 λαοὺς,
736 1736 830 1787 καὶ
864 1734 962 1803 μέν
1006 1750 1088 1785 τοι
1121 1730 1246 1792 τοὺς
1287 1729 1620 1799 ἡγουμένους
1662 1724 1917 1795 ὀνομάζει

347 1830 653 1901 χρησίμως,
689 1821 769 1889 οἷς
796 1826 889 1878 καὶ
913 1822 1186 1885 ὀλολύζειν
1239 1818 1625 1882 διακελεύεται,
1659 1816 1831 1871 διάτοι
1860 1815 1922 1868 τὸ

349 1922 567 1995 δρυμῶν
598 1921 753 1991 δίκην
786 1916 1056 1987 ἐπιπηδᾷν
1090 1915 1274 1977 αὐτοῖς
1324 1914 1451 1975 τοὺς
1495 1910 1923 1981 ὠλοθρευκότας.

354 2017 417 2070 Εἰ
444 2015 501 2067 δὲ
537 2013 599 2083 δή
632 2028 716 2075 τις
747 2011 918 2063 ἐλοιτο
961 2006 1348 2079 κεκρυμμένης
1390 2002 1629 2072 ἅψασθαι
1672 2001 1921 2072 θεωρίας,

355 2107 453 2160 καὶ
478 2106 578 2176 τὴν
619 2104 727 2157 τῶν
761 2100 1135 2173 προκειμένων
1176 2097 1481 2167 ἐφαρμόσαι
1532 2094 1762 2162 δύναμιν
1815 2088 1963 2158 αὑτῷ
1992 2105 2053 2140 τε
2092 2086 2171 2157 τῷ
2219 2082 2469 2151 Σατανᾷ,
2518 2076 2615 2130 καὶ
2660 2076 2783 2135 ταῖς
2816 2072 2906 2123 ὑπ’

2018 1630 2122 1684 illis
2151 1630 2313 1681 draco
2352 1597 2622 1692 apostata,
2647 1616 2822 1671 elatus
2845 1623 2897 1668 et
2921 1606 3327 1679 superciliosus,
3351 1610 3404 1654 et
3424 1597 3585 1650 veluti

2020 1720 2224 1775 Libano
2259 1714 2425 1770 monti
2483 1708 2760 1765 assimilis.
2802 1705 2935 1759 Nam
2963 1711 3088 1755 ante
3150 1690 3450 1750 Servatoris
3504 1701 3595 1739 uo-

1953 1790 1994 1843 Β
2026 1813 2124 1869 stri
2172 1810 2459 1864 adventum
2500 1801 2721 1857 illustris
2751 1805 2873 1853 erat
2930 1792 3200 1855 omnibus,
3249 1796 3303 1839 et
3340 1780 3599 1837 insolens,

2029 1905 2227 1974 ubique
2250 1900 2491 1956 locormn
2524 1896 2807 1955 adoratus,
2854 1896 2908 1941 et
2950 1884 3174 1955 gloriam
3209 1876 3427 1933 deitatis
3450 1870 3515 1924 ad
3545 1883 3605 1922 se

2034 1997 2233 2063 rapuit.

2962 2065 3123 2121 αὐτὸν
3177 2059 3438 2127 δυνάμεσι
3489 2054 3608 2109 ταῖς

358 2144 453 2160 ⁸⁵⁸⁵⁸
488 2144 574 2176 "t'
630 2144 725 2157 ’ψ’
768 2144 1130 2173 "l'""'t'"""'
1178 2144 1481 2167 'T"S’I"""'
1542 2144 1585 2146 *ί
1671 2144 1683 2162 ι
1936 2144 1946 2158 ι
2142 2144 2154 2157 .
2409 2144 2420 2151 .

358 2202 681 2270 ἁλιτηρίαις,
710 2198 829 2252 οὐδὲ
866 2190 1018 2259 οὗτος
1046 2195 1150 2260 ἔξω
1176 2193 1269 2246 τοῦ
1296 2192 1503 2253 εἰκότος
1535 2188 1791 2259 βαδιεῖται
1831 2182 2058 2237 σκοποῦ.
2087 2178 2380 2249 Συνετρίϐη
2407 2176 2463 2228 δὲ
2507 2172 2602 2225 καὶ
2631 2165 2877 2222 ἀπόλωλε
2918 2160 3027 2216 τῶν
3057 2153 3355 2226 δαιμονίων
3372 2148 3431 2200 τὸ
3459 2144 3609 2215 φιλο-

2567 2267 2614 2270 .-
2670 2265 2713 2270 _-
2910 2262 2920 2270 .
2990 2259 3002 2270 .
3072 2256 3083 2270 ι
3213 2267 3296 2270 ρ-
3359 2245 3447 2270 -..Α
3502 2235 3609 2270 λη..

2990 2259 3002 2275 1

360 2235 681 2270 Μιθιινὶψὶξ,
711 2235 829 2252 υνυς.
866 2235 924 2251 νυ
940 2235 1016 2259 ’νδ
1046 2235 1149 2260 "w
1187 2235 1268 2246 ’ν’
1297 2235 1501 2253 ν”⁹”““ῗ
1535 2235 1790 2259 Γ““⁷“⁷““”⁷⁷
1839 2235 1921 2237 ⁷-⁷*
1941 2235 1992 2237 "’
2014 2235 2026 2237 '
2049 2235 2054 2236 ’
2260 2235 2271 2249 ι
2369 2235 2380 2247 ι

360 2296 666 2367 κακοῦργον
706 2298 912 2364 στῖφος,
960 2293 1054 2346 καὶ
1110 2289 1271 2352 αὐτὸς
1304 2288 1359 2341 δὲ
1398 2288 1495 2339 σὺν
1548 2286 1730 2345 αὐτοῖς
1758 2284 1787 2335 6
1817 2280 2032 2352 δράκων
2065 2281 2093 2331 6
2130 2274 2465 2343 ἀποστάτης,
2498 2271 2526 2322 6
2557 2265 2797 2336 ὑψηλὸς,
2836 2262 2933 2314 καὶ
2983 2256 3319 2325 ὺπέροφρυς,
3359 2245 3453 2299 καὶ
3501 2235 3613 2294 οἷον

2579 2364 2590 2367 _
2693 2363 2703 2367 _
3068 2352 3079 2367 ν
3179 2364 3256 2367 _,-
3297 2340 3363 2367 Ξ..
3416 2340 3581 2367 1—..."

362 2394 479 2462 ὄρει
515 2363 593 2462 τῷ
625 2388 842 2459 Λιϐάνῳ
896 2383 1354 2457 παρεικασμένος.
1395 2383 1507 2451 Πρὸ
1542 2381 1650 2450 γὰρ
1682 2378 1779 2447 τῆς
1816 2375 1911 2429 τοῦ
1976 2375 2224 2443 Σωτῆρος
2280 2369 2439 2440 ἡμῶν
2479 2363 2771 2433 ἐπιδημίας

2815 2352 3122 2428 περιφανής
3172 2364 3256 2409 τις
3296 2340 3364 2413 ἦν
3413 2340 3609 2398 ἅπασι,

365 2485 461 2539 καὶ
498 2482 697 2545 ἄτοπος
722 2481 969 2550 πανταχῆ
1014 2447 1504 2550 προσκυνούμενος,
1546 2447 1639 2526 καί
1690 2471 1789 2541 τὴν
1816 2471 1914 2540 τῆς
1954 2469 2205 2539 θεότητος
2235 2460 2671 2530 δόξαννόιρπάσας
2700 2454 2785 2522 ἐφ’
2820 2447 3020 2516 ἐαυτῷ.

438 2578 553 2633 Καὶ
585 2577 969 2642 ἐξελεύσεται
1002 2573 1226 2644 ῥάϐδος
1254 2574 1322 2625 ἐκ
1350 2568 1457 2639 τῆς
1481 2568 1646 2638 ῥίζης
1687 2565 1938 2629 Ἰεσσαὶ,

372 2672 471 2727 καὶ
496 2669 678 2739 ἄνθος
704 2670 772 2722 ἐκ
796 2666 907 2737 τῆς
931 2667 1099 2736 ῥίζης
1145 2664 1531 2731 ἀναϐήσεται,
1556 2661 1655 2715 καὶ
1670 2658 1941 2714 ἀναπαύ-

374 2780 547 2820 σεται
590 2762 682 2816 ἐπ’
727 2760 913 2814 αὑτὸν
949 2759 1185 2829 πνεῦμα
1210 2756 1318 2811 τοῦ
1350 2755 1517 2817 Θεοῦ,
1560 2752 1797 2821 πνεῦμα
1838 2766 1945 2803 σο·-

377 2860 520 2928 φίας
543 2857 640 2910 καὶ
668 2853 1000 2919 συνέσεως,
1024 2850 1260 2920 πνεῦμα
1289 2846 1531 2915 ,βουλῆς
1568 2844 1666 2898 καὶ
1709 2843 1949 2911 ἰσχύος,

381 2950 616 3020 πνεῦμα
639 2947 914 3019 γνώσεως
958 2944 1058 2999 καὶ
1086 2942 1409 3009 εὐσεϐείας,
1425 2938 1721 3011 ἐμπλήσει
1740 2935 1928 2990 αὑτὸν

383 3042 619 3112 πνεῦμα
644 3041 833 3111 φόϐου
857 3038 1030 3093 Θεοῦι

455 3131 826 3204 Προεγνωκὼς
865 3133 899 3185 ὁ
928 3130 1212 3200 προφήτης
1258 3126 1349 3180 διὰ
1385 3124 1488 3195 τῆς

390 3226 515 3298 χίας
547 3225 616 3279 τὰ
648 3225 893 3294 ἐσόμενα
918 3223 1064 3292 σαφῆ
1104 3222 1339 3273 ποιεῖται
1390 3219 1510 3287 τὴνη
1536 3213 1955 3287 προαγόρευσιν.

393 3321 622 3391 Εἴρηται
656 3316 763 3388 γὰρ
808 3316 905 3386 μὲν
935 3316 994 3367 ἐν
1023 3312 1269 3383 ὑστέροις
1309 3310 1521 3379 καιροῖς
1566 3306 1702 3376 πρὸς
1733 3304 1823 3355 τὸν
1867 3319 1965 3370 μα-

395 3413 588 3483 κάριον
636 3408 802 3463 Δαϐὶδ
844 3404 1000 3476 παρὰ
1032 3403 1127 3457 τοῦ
1175 3401 1392 3457 πάντων
1435 3397 1763 3470 κρατοῦντος
1792 3392 1961 3446 Θεοῦ·

404 3526 425 3560 ‹
471 3506 568 3558 Ἐκ
591 3501 806 3573 καρποῦ
834 3501 934 3570 τῆς
967 3496 1166 3567 ὀσφύος
1206 3512 1300 3548 σου
1327 3493 1565 3565 θήσομαι
1595 3491 1688 3542 ἐπὶ
1723 3487 1810 3540 τὸν
1842 3484 1969 3556 θρό-

401 3614 492 3653 νον
520 3614 638 3651 σου.
675 3614 696 3648 ι
737 3592 957 3663 Ἐπειδὴ
1000 3589 1061 3643 δέ
1098 3585 1167 3660 ἦν
1193 3588 1222 3641 ὀ
1260 3587 1439 3641 πάντα
1470 3582 1624 3644 εἰδὼς
1651 3582 1765 3643 τοῖς
1799 3579 1972 3647 ἁγίοις

402 3690 711 3761 προφήταις
743 3686 846 3758 τὴν
891 3684 1000 3738 τῶν
1045 3680 1320 3751 ἐσομένων
1363 3677 1674 3749 πρόγνωσιν
1718 3669 1971 3734 ἐντιθεὶς,

407 3777 883 3853 προαναϐεϐόηται
924 3774 1021 3828 καὶ
1048 3772 1207 3826 τοῦτο
1246 3769 1375 3841 παρ’
1406 3765 1610 3829 αὐτῶν,
1643 3764 1730 3817 ἵνα
1768 3776 1977 3813 παντα-

411 3851 570 3943 χόθεν
626 3868 973 3941 μαρτυρῆται
1022 3864 1086 3917 τὸ
1134 3862 1453 3934 μυστήριον,
1516 3858 1610 3910 καὶ
1658 3851 1984 3921 πιστεύηται

411 3940 654 4032 ἧττονός.
683 3958 907 4013 Ῥάϐδον
932 3955 1112 4009 τοίνυν
1138 3954 1201 4005 ἐκ
1229 3953 1327 4021 τῆς
1358 3949 1513 4019 ῥίζης
1542 3946 1745 3999 Ἰεσσαὶ
1769 3940 1987 4007 ἐξελεύ-

423 4053 614 4108 σεσθαι
643 4068 832 4122 φησιν,
874 4043 1243 4117 ἀναϐήσεσθαι
1291 4042 1348 4095 δέ
1396 4039 1493 4093 καὶ
1541 4038 1732 4100 ἄνθος,
1790 4034 1885 4088 καὶ
1926 4033 1988 4085 οὐ

422 4147 563 4221 μετά
594 4162 662 4214 γε
704 4143 767 4196 τὺ
795 4140 1135 4212 ταραχθῆναι
1160 4138 1284 4199 τοὺς
1317 4132 1560 4196 ἐνδόξους
1601 4128 1739 4201 μετὰ
1782 4124 1988 4196 ἰσχύος,

424 4236 829 4307 ταπεινωθῆναι
875 4234 934 4287 δέ
963 4234 1057 4286 καὶ
1086 4231 1213 4294 τοὺς
1246 4226 1505 4298 ὑψηλοὺς,
1549 4224 1642 4278 καὶ
1671 4223 1767 4275 σὺν
1813 4218 1998 4279 αὐτοῖς

424 4331 712 4388 πεσεῖσθαι
760 4329 853 4382 τὸν
883 4326 1141 4389 Λίϐανον,
1198 4323 1324 4375 τότε
1376 4319 1477 4388 τὴν
1530 4315 1724 4387 ῥάϐδον
1788 4312 1853 4365 ἐκ
1899 4309 2002 4379 τῆς

440 4425 640 4481 Ἰεσσαὶ
685 4424 842 4494 ῥίζης
888 4414 1194 4489 ἀναφυῆναι
1239 4428 1426 4483 φησιν.
1464 4408 1603 4461 Ἀλλ’
1652 4407 1711 4457 ἐν
1762 4402 1860 4473 μέν
1890 4400 2005 4462 τοῖς

431 4587 685 4681 ἐδηλοῦτο
711 4606 963 4675 δύναμις.
989 4601 1124 4655 Τίνα
1144 4598 1250 4670 γὰρ
1270 4595 1464 4667 ἐμελλε
1497 4587 2009 4663 συμϐήσεσθαι-τοῖς

434 4679 742 4772 ἐξλῐσραὴλ
783 4693 1238 4767 πεπαρῳνηκόσιν
1282 4688 1514 4751 ἀνοσίως
1560 4686 1642 4749 είς
1672 4684 1763 4737 τὸν
1804 4679 2013 4751 Κύριον

436 4791 840 4867 ἡμῶνἾησοῦν
883 4789 973 4843 τὸν
1002 4784 1257 4857 Χριστὸν,
1288 4785 1344 4835 ἐν
1372 4781 1562 4853 βραχεί
1592 4777 1735 4847 λόγῳ
1766 4771 2016 4845 μεμαθή-

441 4865 637 4959 καμεν·
682 4883 952 4952 ἁναφοιτᾷ
973 4880 1031 4933 δέ
1061 4877 1156 4931 νῦν
1180 4878 1213 4947 ἡ
1239 4876 1489 4945 διήγησις
1516 4872 1602 4924 ἐπ’
1627 4867 1799 4938 αὐτὴν
1831 4865 2018 4933 ὥσπερ

591 4977 852 5033 ἀνωτάτω
891 4972 985 5027 τοῦ
1030 4968 1353 5041 πράγματος
1392 4962 1590 5036 ἀρχὴν,
1639 4959 1783 5030 φημὶ
1819 4956 1882 5025 δὴ
1918 4953 2018 5023 τὴν

445 5044 858 5141 ἐνανθρὼπησιν
885 5063 982 5118 τοῦ
1015 5058 1383 5126 Μονογενοῦς,
1408 5055 1504 5109 καὶ
1525 5053 1626 5125 τὴν
1654 5044 2019 5119 οἰκονομικῶς

450 5139 715 5235 ἐσομένην
747 5161 813 5214 ἐκ
839 5154 1097 5228 γυναικὸς
1126 5152 1271 5208 κατὰ
1301 5150 1480 5221 σάρκα
1511 5139 2024 5215 γέννησιν.⁹Ράϐδον

451 5255 520 5326 δὴ
548 5228 947 5320 *οὖννώνόμαζε
987 5245 1081 5299 τὸν
1120 5245 1185 5296 ἐκ
1231 5239 1385 5311 ῥίζης
1424 5234 1624 5289 Ἰεσσαὶ
1674 5229 1815 5285 κατὰ
1846 5228 2028 5299 σάρκα

453 5317 722 5417 Χριστόνο
768 5317 865 5393 καὶ
915 5336 1021 5408 μὴν
1064 5334 1203 5405 πρὸς
1232 5328 1406 5399 τούτῳ
1456 5325 1553 5380 καὶ
1579 5323 1759 5387 ἄνθος,
1799 5320 1893 5374 καὶ
1938 5317 2028 5371 διὰ

463 5412 563 5509 μὲν
581 5436 679 5506 τῆς
706 5433 927 5505 ῥάϐδου,
958 5428 1100 5482 κατά
1126 5442 1191 5495 γε
1211 5423 1273 5477 τὸ
1303 5419 1471 5483 εἰκὸς,
1497 5418 1558 5470 τὸ
1586 5414 1863 5486 βασιλικὸν
1878 5412 2017 5482 ἔχων

460 5503 676 5598 ἀξίωμα
706 5503 981 5592 -πλαγίως
1027 5514 1483 5585 ὑποσημαίνεται.
1515 5508 1771 5579 Σύνθημα
1797 5506 1909 5575 γὰρ
1935 5503 2033 5573 βα-

463 5592 669 5680 σιλείας
693 5616 730 5687 ἡ
762 5611 978 5685 ῥάϐδος.
1008 5607 1122 5663 Καὶ
1158 5603 1288 5675 γοῦν
1309 5604 1338 5655 6
1367 5598 1652 5661 θεσπέσιος
1695 5594 1858 5648 Δαϐ¹ιδ
1901 5592 2034 5661 πρὸς

543 5774 585 5805 ³⁸
612 5771 754 5831 Psal.
782 5783 967 5834 cxxxr,
995 5765 1080 5821 il.
1158 5764 1202 5795 ³⁵
1236 5759 1380 5815 Psal.
1410 5771 1553 5820 μιν,
1585 5754 1635 5805 7.

2119 2522 2248 2615 Cir.
2418 2522 2711 2611 VunusJ-I’).
2755 2546 2911 2617 191
2951 2540 3016 2594 Et
3052 2533 3347 2607 egredietur
3380 2540 3527 2594 uirga
3559 2522 3620 2574 de

2049 2655 2225 2705 radice
2272 2649 2457 2711 Jessre,
2491 2656 2538 2699 et
2577 2645 2673 2713 flos
2717 2640 2777 2693 de
2820 2636 2995 2689 radice
3038 2626 3303 2683 ascendet.
3345 2620 3411 2673 Et
3453 2617 3626 2683 requi-

2049 2752 2187 2797 escet
2212 2756 2363 2808 super
2385 2755 2501 2791 eum
2532 2734 2748 2802 spiritus
2777 2728 2890 2791 Dei,
2922 2723 3135 2792 spiritus
3168 2712 3437 2784 sapientia:
3464 2718 3511 2763 et
3541 2707 3626 2759 in-

2053 2834 2316 2896 tellectus,
2372 2829 2586 2897 spiritus
2638 2821 2845 2877 consilii
2893 2827 2938 2870 et
2996 2808 3360 2881 fortitudinis,
3414 2801 3629 2869 spiritus

2056 2923 2284 2978 scientia?
2317 2930 2364 2974 et
2396 2910 2906 2987 pietatis,complebit
2936 2908 3105 2976 ipsum
3168 2898 3382 2969 spiritus
3430 2890 3630 2946 timoris

2062 3016 2180 3069 Dei.

1538 3122 1742 3176 ἄνωθεν
1781 3118 1960 3188 δᾳδου-

2140 3106 2403 3161 Pratscrus
2462 3116 2641 3157 rerum
2702 3097 3001 3151 futurarum
3070 3086 3365 3158 prOpheta,
3429 3078 3544 3131 face
3605 3090 3636 3129 e

2978 3182 3013 3188 --
3077 3181 3088 3188 -
3286 3174 3307 3188 ρ
3374 3174 3407 3188 -.
3462 3169 3524 3188 n-
3568 3179 3611 3188 .-

2060 3198 2306 3266 supernis
2330 3208 2579 3259 accensa,
2616 3191 2818 3246 claram
2848 3181 3251 3256 pradictionem
3284 3174 3434 3228 facit.
3462 3169 3640 3222 Poste-

2064 3262 2299 3342 rioribus
2349 3285 2494 3340 enim
2556 3277 2887 3348 temporibus
2929 3271 3130 3325 dictum
3174 3274 3258 3320 est
3316 3263 3380 3316 ad
3429 3262 3642 3313 beatum

2068 3378 2320 3433 Davitlcm
2360 3393 2388 3428 a
2429 3379 2757 3443 praepotente
2810 3369 2917 3421 Deo
2953 3382 2967 3417 :
3003 3382 3020 3413 ι
3045 3362 3117 3415 De
3138 3359 3313 3412 fructu
3349 3351 3514 3406 lumbi
3570 3350 3644 3401 tui

2070 3488 2267 3544 ponam
2320 3483 2483 3536 super
2531 3465 2714 3520 sedem
2767 3469 2913 3513 tuam
2941 3456 3007 3509 ³⁵.
3048 3473 3065 3505 ι
3104 3452 3238 3506 Cum
3286 3462 3415 3504 vero
3467 3444 3650 3498 omnia

2075 3566 2260 3627 sciret,
2314 3560 2614 3614 futurorum
2659 3546 3096 3621 perspicientiam
3141 3534 3657 3605 sanctispmphctis

2077 3651 2342 3710 inseruit:
2374 3657 2429 3704 et
2471 3647 2577 3701 hoc
2618 3642 2687 3697 ab
2718 3641 2825 3694 illis
2853 3650 3067 3706 quoque
3099 3641 3227 3685 ante
3267 3628 3655 3697 proclamatum

2082 3753 2196 3809 est,
2227 3750 2286 3796 ut
2332 3738 2689 3803 undecunque
2722 3736 2977 3785 testatum
3025 3723 3175 3777 lieret
3224 3715 3575 3789 mysterium,
3605 3720 3660 3765 et

2084 3852 2208 3893 cum
2264 3834 2466 3888 factum
2520 3835 2666 3883 esset
2717 3821 3053 3878 crederetur.
3101 3815 3290 3882 Itaque
3338 3809 3557 3875 virgam.
3596 3804 3663 3855 de

2087 3930 2270 3986 radice
2294 3925 2459 3982 Jessa:
2484 3930 2822 3988 egressuram
2851 3913 2946 3977 ait,
2972 3910 3266 3973 ﬂoremque
3291 3909 3665 3956 ascensurum.

2091 4020 2207 4076 Non
2240 4028 2417 4072 autem
2446 4010 2698 4084 gloriosis
2734 4008 2788 4062 in
2815 4000 3130 4060 fortitudine
3160 3988 3519 4053 conturbatis,
3550 3984 3668 4039 ela-

2097 4116 2165 4171 tis
2208 4110 2465 4181 dejectis,
2512 4104 2825 4172 Libanoque
2885 4111 3007 4152 cum
3070 4091 3177 4146 illis
3233 4084 3523 4153 collapso,
3558 4086 3669 4131 tum

2098 4209 2305 4277 virgam
2337 4202 2471 4258 dicit
2499 4202 2565 4254 de
2590 4168 2757 4265 stirpe
2776 4192 2947 4249 Jessm
2983 4184 3402 4260 germinaturam
3434 4192 3447 4227 :
3477 4172 3569 4227 sed
3618 4168 3673 4222 in

2103 4295 2472 4370 superioribus
2493 4291 2662 4347 totius
2688 4285 2884 4357 negotii
2915 4294 3124 4337 summa
3157 4276 3210 4329 in
3241 4282 3436 4340 genere
3460 4266 3676 4318 demon:

2107 4394 2403 4449 strabatur.
2435 4388 2564 4454 Quae
2611 4394 2846 4449 namque
2886 4380 3141 4430 eventura
3169 4373 3350 4421 essent
3398 4353 3675 4415 lsraelitis,

2030 4468 2082 4528 Β
2110 4486 2272 4554 impie
2296 4482 2350 4536 in
2384 4477 2669 4535 Dominum
2696 4446 2940 4527 nostrum
2974 4463 3153 4519 Iesum
3181 4455 3457 4512 Christum
3484 4446 3679 4502 debac-

2109 4576 2304 4638 chatis,
2339 4570 2487 4626 brevi
2516 4577 2766 4622 sermone
2804 4556 3127 4614 didicimus;
3158 4562 3298 4602 nunc
3329 4551 3509 4598 autem
3554 4549 3682 4590 nar-

2112 4668 2251 4723 ratio
2284 4665 2348 4716 ad
2380 4671 2647 4716 summum
2690 4649 2855 4705 veluti
2895 4645 2973 4700 rei
3006 4638 3326 4714 principium
3358 4626 3682 4700 regreditur,

2119 4758 2184 4811 ad
2214 4752 2605 4810 humanitatem
2633 4747 2859 4813 inquam
2880 4736 3161 4805 Unigenaz,
3181 4738 3235 4784 et
3260 4728 3324 4781 ad
3355 4719 3686 4778 nativitatem

2118 4846 2412 4904 secundum
2431 4852 2671 4900 carnem,
2697 4849 2762 4889 ex
2788 4828 3015 4886 muliere
3040 4823 3248 4878 ratione
3275 4806 3691 4883 dispensationis

2119 4941 2378 4995 futuram.
2424 4930 2657 4988 Proinde
2705 4926 2913 4993 virgam
2960 4912 3258 4973 nominavit
3305 4906 3581 4962 Christum
3629 4899 3695 4952 de

2122 5027 2482 5088 radichessae
2499 5022 2652 5092 juxta
2674 5029 2890 5074 carnem
2905 5055 2920 5079 ,
2938 5018 2992 5067 et
3014 5016 3275 5078 praeterea
3298 4993 3695 5053 etiamﬂorem:

2124 5133 2181 5180 et
2236 5138 2330 5193 per
2380 5119 2619 5187 virgam,
2676 5124 2799 5166 eum
2852 5104 3055 5175 regiam
3102 5094 3418 5166 dignitatem
3465 5084 3698 5140 habere.

2127 5175 2345 5285 oblique
2370 5175 2702 5265 subindicaii
2732 5200 2964 5253 videtur.
2997 5190 3132 5246 Nam
3166 5196 3377 5241 tessera
3402 5185 3458 5233 et
3491 5175 3703 5244 signum

2137 5266 2505 5381 ‘virga.
2548 5300 2685 5354 Hinc
2730 5294 2940 5349 divinus
2989 5282 3158 5340 David
3202 5277 3301 5349 ipsi
3348 5273 3485 5381 Filio
3534 5266 3707 5368 dicit:

2147 5356 2290 5381 "’0'"
2351 5356 2450 5373 "'0

2147 5423 2165 5454 ι
2204 5400 2457 5454 Thronus
2490 5403 2636 5453 tuus,
2688 5388 2851 5445 Deus,
2888 5380 2940 5433 iu
2996 5372 3247 5431 saeculum
3296 5360 3533 5428 smculi,
3561 5356 3708 5424 virga

2144 5488 2487 5549 rectitudinis
2514 5484 2665 5551 virga
2697 5475 2848 5548 regni
2884 5471 2957 5525 tui
2982 5468 3049 5521 ³⁸.
3078 5486 3096 5519 ι
3119 5462 3273 5531 Quin
3297 5469 3351 5514 et
3377 5455 3532 5510 aliter
3564 5449 3711 5516 virga

2146 5588 2250 5647 dici
2283 5590 2481 5656 potest,
2508 5576 2766 5649 quoniam
2800 5570 2963 5628 habet
2993 5560 3201 5623 omnia,
3222 5564 3277 5611 et
3303 5554 3355 5607 iu
3392 5553 3543 5605 recto
3573 5548 3713 5596 statu
