4124 6372
467 273 570 330 3H
1389 227 1396 231 -
1453 269 1511 328 S.
1555 270 1827 326 CYRILLI
1867 266 2338 324 ALEXANDRINI
2373 268 2694 325 ARCIIIEP.
3622 268 3728 323 312

465 396 714 451 continet
749 410 812 450 ac
849 403 1159 460 conservat,
1201 402 1255 447 et
1294 393 1434 462 quod
1467 393 1739 448 inﬁrmum
1774 403 1878 455 est,
1909 391 2041 446 facit

2145 389 2306 443 αὐτόν
2334 389 2434 442 πού
2474 408 2605 459 φησι
2635 391 2724 442 τὸν
2751 389 2901 442 Υίόν·
2943 407 2962 438 σ
3006 387 3065 441 Ὀ
3091 386 3279 459 θρόνος
3309 404 3403 440 σου
3427 389 3455 441 6
3478 387 3612 452 Θεδς
3646 389 3728 451 εἰς

466 488 808 543 consistere:
848 488 962 542 sive
1010 488 1294 541 humanam
1348 493 1632 548 naturam,
1678 500 1796 553 quae
1847 492 2041 537 tanturr

2155 480 2245 534 τὸν
2277 481 2467 545 αἰῶνα,
2505 482 2698 552 ῥάϐδος
2727 481 3018 551 εὐθύτητος
3043 481 3076 551 ἡ
3107 479 3300 550 ῥάϐδος
3327 483 3426 551 τῆς
3451 481 3728 550 βασιλείας

468 594 579 635 non
625 587 987 648 conquassata
1029 587 1136 646 est,
1178 586 1232 632 et
1292 578 1548 632 aerumnis
1590 585 1645 631 et
1678 575 2041 631 aﬂlictiouibut

2157 588 2270 626 σου.
2313 591 2330 623 ›
2350 572 2571 635 Ῥάϐδος
2603 573 2658 624 δὲ
2689 572 2783 624 καὶ
2811 571 3035 641 ἑτέρως,
3075 571 3151 633 ὠς
3175 569 3240 622 ἂν
3271 568 3406 638 ἔχων
3435 569 3503 621 τὰ
3527 571 3722 631 πάντα,

468 672 694 735 obruta,
745 679 802 725 et
851 668 1248 740 quodammodo
1299 667 1584 723 inebriata.
1644 667 1839 722 Cantat
1894 667 2041 736 igituI

2154 664 2246 718 καὶ
2277 666 2358 728 είς
2389 663 2450 717 τὸ
2477 659 2534 716 εὖ
2564 657 2702 716 εἶναι
2737 662 2998 732 συνέχων,
3031 661 3351 714 συνεστάναι
3380 678 3438 713 τε
3468 659 3637 714 ποιῶν
3666 661 3729 714 τὸ

469 763 658 818 beatus
693 763 881 826 David,
910 761 1180 816 communi
1212 761 1453 815 omnium
1487 774 1717 830 persona
1745 760 1848 814 sibi
1881 760 2041 829 impo-

2159 754 2480 826 ἠσθενηκὺς,
2523 756 2641 825 ἦτοι
2695 753 2793 824 τὴν
2851 753 3139 824 ἀνθρώπου
3197 753 3376 821 φύσιν,
3440 755 3726 823 μονονουχὶ

448 857 570 914 .sita
603 871 616 907 :
647 873 665 905 ι
701 854 861 924 Virga
883 863 993 919 tua,
1019 862 1074 909 et
1101 853 1323 907 baculus
1343 862 1488 915 tuus,
1515 853 1626 919 ipsa
1656 867 1742 906 Ine
1775 850 2041 907 consolata

2152 849 2607 919 κατασειομένην,
2655 849 2747 900 καὶ
2782 847 3086 917 μεθύουσαν
3129 847 3233 900 ὑπὸ
3279 846 3485 902 παθῶν.
3517 847 3726 901 Ψάλλει

471 955 595 1000 sunt
619 945 684 999 “.
727 965 745 996 ι
780 944 1079 1000 Conﬁrmat
1107 945 1251 999 enim
1292 943 1469 1014 justos
1499 943 1659 1005 Deus,
1695 943 2050 1012 quemadmo-

470 1036 595 1088 dum
623 1035 883 1104 scriptum
913 1045 996 1089 est
1019 1045 1107 1091 :et
1136 1045 1360 1090 vocatus
1381 1042 1466 1088 est
1493 1048 1624 1088 voce
1643 1022 2046 1103 prophetarum,

471 1128 702 1183 baculus
759 1128 1072 1198 gloriosus,
1123 1129 1274 1198 virga
1327 1127 1482 1199 192
1537 1126 1948 1197 magniﬁcentiae
1981 1127 2046 1181 ³⁷.

469 1216 632 1287 Virga
661 1221 826 1272 etiam
856 1219 1035 1284 aliter,
1063 1218 1188 1287 quia
1236 1218 1407 1272 bonus
1445 1227 1629 1287 pastor
1656 1228 1769 1282 est,
1810 1217 2043 1271 animam

467 1323 621 1360 suam
653 1322 861 1376 ponens
901 1322 1000 1378 pro
1023 1307 1214 1362 ovibus
1239 1305 1306 1360 ³⁸.
1337 1305 1548 1360 Dictum
1589 1317 1674 1362 est
1709 1307 1874 1376 igitur
1919 1307 1967 1361 ei
2018 1323 2047 1360 a

467 1396 719 1465 quopiam
771 1411 1086 1452 sanctorum
1133 1397 1516 1465 prophetarum
1552 1415 1566 1452 :
1610 1415 1628 1448 ι
1664 1394 1833 1452 Pasce
1881 1412 2049 1466 popu-

467 1487 578 1541 lum
617 1498 766 1541 tuum
808 1488 861 1542 in
896 1489 1077 1558 virga,
1114 1489 1312 1542 tribum
1343 1495 1511 1553 tuam,
1539 1502 1671 1544 oves
1717 1489 2049 1544 haereditatis

467 1581 650 1636 tum”.
671 1598 688 1631 ι
707 1576 801 1632 Sin
818 1589 995 1634 autem
1023 1579 1276 1650 cuiquam
1311 1579 1543 1646 videtur,
1571 1581 1698 1650 quia
1736 1581 1902 1651 judex
1944 1589 2046 1646 est,

467 1679 521 1722 et
575 1669 752 1724 reddit
799 1669 1025 1740 singulis
1079 1685 1177 1740 pro
1234 1671 1443 1724 ratione
1497 1684 1720 1739 operum
1782 1685 2038 1734 suorum,

2149 939 2279 1009 γοῦν
2309 942 2338 994 6
2365 940 2636 1011 μακάριος
2673 939 2870 1004 Δαϐὶδ,
2916 939 2976 992 τὸ
3016 939 3194 992 κοινὸν
3249 939 3509 993 ἁπάντων
3553 937 3726 1008 πρόσ-

2148 1050 2296 1086 ωπον
2314 1031 2494 1103 ἐαυτῷ
2510 1032 2774 1104 περιθεὶς,
2799 1053 2816 1083 ι
2840 1033 2903 1086 Ἦ
2922 1032 3112 1102 ῥάϐδος
3139 1049 3252 1097 σου,
3277 1033 3371 1085 καὶ
3393 1033 3426 1102 ἡ
3452 1030 3724 1101 βακτηρία

2150 1143 2267 1192 σου,
2288 1119 2445 1180 αῦταί
2477 1142 2543 1195 με
2571 1125 2972 1196 παρεκάλεσαν.
3009 1143 3028 1175 ›
3048 1123 3434 1194 ’Υποστηρίξει
3457 1122 3569 1192 γάρ
3595 1124 3724 1186 τοὺς

2147 1217 2392 1280 δικαίους
2411 1217 2440 1269 6
2469 1217 2674 1288 Κύριος
2705 1217 2846 1270 κατὰ
2873 1216 2933 1270 τὸ
2957 1216 3341 1288 γεγραμμένον
3361 1233 3373 1246 ·
3408 1215 3723 1286 ὠνόμασται

2147 1311 2205 1365 δὲ
2243 1310 2329 1364 διὰ
2368 1310 2551 1380 φωνῆς
2580 1308 2874 1380 προφητῶν
2920 1309 3192 1378 βακτηρία
3246 1306 3495 1377 εὐκλεὴς,
3527 1306 3724 1378 ῥάϐδος

2152 1402 2546 1474 μεγαλοσύνηςο
2597 1401 2790 1473 ῥάϐδος
2833 1399 2889 1454 δὲ
2929 1401 3022 1454 καὶ
3066 1401 3291 1470 ἑτέρως,
3335 1400 3563 1470 ἐπείπερ
3604 1397 3722 1451 ἐστὶ

2149 1494 2356 1566 ποιμὴν
2395 1493 2617 1562 ἀγαθὸς,
2646 1494 2746 1562 τὴν
2784 1493 2961 1563 ψυχὴν
2994 1491 3190 1546 ἑαυτοῦ
3223 1491 3393 1554 τιθεὶς
3433 1490 3574 1559 ὑπὲρ
3604 1489 3714 1542 τῶν

2150 1585 2460 1655 προϐάτων.
2506 1582 2734 1655 Εἴρηται
2764 1583 2896 1652 γοῦν
2947 1584 3083 1653 πρὸς
3129 1582 3291 1636 αὐτὸν
3331 1583 3398 1636 δι’
3449 1582 3568 1645 ἐνὸς
3611 1581 3724 1634 τῶν

2150 1675 2321 1743 ἁγίων
2370 1673 2696 1746 προφητῶν·
2739 1693 2757 1725 ι
2791 1673 3052 1743 Ποίμαινε
3083 1673 3210 1725 λαόν
3259 1690 3354 1725 σου
3398 1673 3456 1725 ἐν
3513 1672 3716 1743 ῥάϐδῳ,

469 1759 668 1814 idcirco
706 1774 827 1814 eum
871 1770 925 1813 et
973 1760 1322 1815 meritissimo
1351 1760 1614 1814 nominari
1659 1761 1898 1831 virgam,
1938 1761 2040 1816 rite

2147 1736 2319 1838 φυλήν
2372 1736 2502 1833 σὸυξ
2541 1736 2787 1837 πρόϐατα
2833 1736 3200 1836 κληρονομίας
3246 1781 3361 1817 σου.
3397 1783 3416 1815 ι
3455 1736 3524 1818 Ei
3558 1763 3615 1817 δέ
3643 1736 3722 1832 τῳ

466 1851 748 1922 intelliget.
778 1852 913 1906 Nam
942 1854 1142 1908 dictum
1173 1861 1254 1907 est
1280 1852 1351 1918 ei,
1380 1850 1579 1907 lsraele
1613 1853 1664 1906 iIt
1696 1853 1843 1906 illum
1878 1855 2040 1909 deba-

465 1944 687 2008 I-hante,
725 1952 779 1998 et
820 1943 1144 2012 impotenter
1183 1943 1248 1996 ad
1293 1942 1708 1998 inobedientiam
1744 1946 2036 2016 prolapso:

472 2055 489 2086 ι
525 2035 722 2091 Pasces
743 2051 836 2091 eos
868 2038 918 2089 in
959 2036 1108 2106 virga
1147 2037 1346 2100 ferrea,
1375 2045 1429 2090 et
1462 2047 1668 2092 utvasa
1709 2037 1854 2107 ﬁguli
1891 2055 2041 2093 com-

467 2129 675 2182 Iztinues
699 2141 793 2182 eos
816 2127 882 2182 “.
916 2147 934 2178 ι
960 2126 1050 2182 Sic
1079 2127 1236 2181 nobis
1261 2127 1405 2180 illum
1427 2127 1810 2194 sapientissimi
1841 2127 2041 2200 Moysis

467 2223 546 2274 lex
606 2219 874 2288 designat.
934 2219 1244 2274 Assumitur
1303 2220 1446 2274 enim
1504 2221 1556 2274 in
1608 2231 1790 2290 typum
1838 2221 2041 2276 Christi

463 2312 628 2364 etiam
655 2312 802 2380 virga
827 2312 1055 2366 Aaronis
1077 2327 1195 2380 quae
1217 2310 1417 2375 ﬂoruit,
1441 2321 1494 2366 et
1524 2312 1576 2366 in
1603 2311 1800 2367 Sancta
1825 2321 2043 2368 sancto-

465 2420 582 2457 rum
624 2404 767 2458 illata
805 2412 906 2460 est.
946 2403 1305 2459 Elﬂorueruut
1351 2405 1493 2458 enim
1539 2405 1860 2472 juglandes:
1912 2405 2041 2474 quid

461 2507 641 2549 autem
709 2510 889 2550 causa:
912 2498 1013 2559 sit,
1072 2505 1126 2548 et
1180 2510 1301 2564 quae
1357 2497 1669 2549 umbrarum
1733 2497 2038 2561 sententia,

459 2588 745 2643 dicendum
765 2589 1107 2653 est.Quidatn
1131 2589 1272 2643 enim
1290 2587 1677 2657 physiologiam
1699 2590 2042 2659 rationesque

462 2682 742 2738 naturales
774 2683 1074 2750 attingunt,
1107 2693 1160 2736 et
1191 2680 1459 2734 alIirInant
1487 2680 1688 2749 virgam
1721 2695 1786 2735 ex
1821 2680 2039 2751 juglan-

461 2776 656 2839 dibus,
713 2775 760 2829 si
810 2775 969 2842 capiti
1027 2774 1253 2843 alicujus
1319 2783 1650 2842 apponatur,
1708 2775 2039 2844 vigilantiam

461 2865 782 2920 naturaliter
802 2865 1029 2920 eﬂicere.
1071 2865 1252 2934 Itaque
1273 2881 1394 2920 cum
1419 2864 1688 2931 Christus,
1718 2867 1876 2921 sicuti
1913 2867 2042 2922 dicit

462 2958 521 3010 lt.
553 2956 752 3011 Paulus
778 2957 846 3021 δι,
877 2959 1048 3025 gratia
1083 2957 1175 3010 Dei
1205 2972 1300 3025 pro
1329 2958 1584 3012 omnibus
1608 2968 1836 3012 mortem
1858 2968 2043 3027 gusta-

461 3059 614 3102 turus
643 3055 806 3111 essct,
833 3056 887 3100 et
919 3048 1193 3116 paulisper
1229 3047 1394 3102 veluti
1431 3049 1640 3104 uictans
1675 3058 1932 3119 tanquam
1969 3063 2031 3104 ex
2061 3079 2102 3136 ρ

460 3154 650 3192 somno
682 3137 946 3192 excitatus
980 3147 1124 3192 esset
1150 3138 1364 3205 iterum,
1409 3148 1464 3192 et
1497 3148 1672 3195 morte
1719 3140 2033 3196 conculcata

460 3229 714 3283 divinitus
749 3229 1049 3296 revixisset,
1086 3231 1210 3285 hinc
1252 3231 1418 3297 virgae
1457 3230 1788 3301 juglandium
1821 3249 2035 3302 compa-

461 3330 635 3373 ratur.
669 3318 778 3374 llac
805 3319 986 3373 divina
1020 3329 1074 3374 et
1118 3319 1439 3389 intelligihili
1481 3323 1624 3392 virga
1659 3322 1868 3393 Moyses
1909 3339 2030 3392 ope-

461 3422 611 3466 ratus
637 3420 720 3466 cst
754 3411 1012 3466 miracula
1040 3455 1054 3477 ,
1103 3413 1225 3467 dIn
1265 3411 1518 3468 lsraelem
1567 3415 1829 3468 servitute
1872 3413 2038 3486 Egy—

458 3505 630 3572 ptiaca
655 3504 864 3568 eximit,
899 3505 1126 3572 ideoque
1169 3519 1288 3559 eam
1336 3505 1539 3571 virgam
1574 3507 1668 3560 Dei
1717 3509 2033 3561 nominavit.

460 3597 587 3650 Erat
611 3596 810 3666 quippe
851 3597 899 3650 ei
931 3598 1075 3666 virga
1103 3597 1340 3663 virtutis,
1386 3600 1526 3653 sicut
1567 3599 1828 3668 scriptum
1860 3612 1941 3654 est
1967 3600 2034 3655 δ’.

458 3691 592 3744 Cum
631 3690 796 3760 igitur
823 3691 1082 3759 prOpheta
1125 3691 1464 3761 aenigmatice
1521 3701 1572 3746 et
1608 3693 1803 3746 tectius
1834 3705 2037 3763 myste-

460 3783 594 3834 rium
619 3779 820 3834 Christi
848 3781 1198 3845 suhinuuens,
1220 3794 1251 3836 ο
1276 3781 1443 3848 stirpe
1466 3780 1635 3836 Jessac
1652 3783 1855 3852 virgam
1881 3783 2037 3839 nobis

459 3872 662 3927 exoriri
697 3872 848 3936 dicit,
899 3881 1024 3926 tunc
1054 3872 1292 3942 quidem,
1327 3882 1452 3927 tunc
1489 3875 1652 3927 animi
1685 3875 1854 3929 oculis
1889 3875 2035 3929 illum

461 3964 794 4033 unigenitum
821 3964 912 4018 Dei
937 3963 1274 4028 Sermonem,
1294 3965 1440 4018 illum
1465 3982 1560 4035 per
1581 3982 1736 4034 quem
1759 3968 1958 4033 omnia,
1981 3975 2037 4022 et

460 4059 634 4127 inquo
651 4067 778 4112 sunt
795 4059 998 4121 omnia,
1014 4066 1067 4111 et
1086 4057 1438 4124 incarnatum,
1455 4068 1508 4112 et
1525 4059 1792 4112 hominem
1811 4058 2034 4125 laetum,

457 4159 512 4204 et
555 4151 618 4202 ad
655 4149 1014 4204 voluntariam
1047 4149 1465 4203 exinanitionem
1513 4165 1572 4204 se
1622 4149 1994 4206 demitteutem
2020 4192 2035 4217 ,

458 4251 512 4296 et
538 4251 754 4310 propter
779 4256 877 4295 nos
908 4241 1244 4295 nativitatem
1277 4242 1694 4309 dispensationis
1738 4257 1848 4297 suae
1873 4257 2035 4298 causa

459 4336 808 4400 subeuntem,
855 4333 1010 4399 juxta
1045 4348 1285 4397 carnem,
1319 4333 1574 4403 inquam,
1609 4345 1664 4388 et
1694 4349 1761 4388 ex
1809 4336 2037 4390 muliere

2139 1859 2318 1923 δοκεῖ,
2371 1858 2466 1910 καὶ
2529 1857 2760 1928 ἐπείπερ
2823 1856 2940 1909 ἐστὶ
2993 1856 3218 1927 κριτὴς,
3277 1855 3372 1908 καὶ
3435 1855 3721 1918 ἀποδιδοὺς

2140 1949 2354 2020 ἑκάστῳ
2391 1947 2530 2002 κατά
2558 1948 2624 2002 τά
2672 1947 2805 2018 ἔργα
2849 1946 3035 2008 αὐτοῦ,
3062 1946 3234 2017 ταύτῃ
3281 1963 3385 2010 τοι,
3439 1946 3532 1998 καὶ
3573 1945 3720 2016 μάλα

2144 2041 2372 2104 εἰκότως
2413 2038 2771 2110 ὀνομάζεσθαι
2799 2039 3013 2110 ῥάϐδον,
3039 2039 3221 2109 νοήσει
3256 2037 3458 2101 καλῶς.
3488 2037 3717 2108 Εἴρηται

2142 2131 2252 2203 γὰρ
2307 2130 2443 2200 πρὸς
2499 2131 2698 2196 αὑτὸν,
2752 2129 3257 2200 ὲμπαροινήσαντός
3305 2145 3363 2180 τε
3422 2127 3570 2198 αὐτῷ
3624 2125 3717 2180 τοῦ

2161 2222 2398 2294 Ἰσραὴλ,
2427 2223 2521 2276 καὶ
2552 2222 2806 2292 ἀκρατῶς
2836 2221 3258 2284 ἀπονενευκότος
3285 2221 3365 2283 εἰς
3391 2217 3676 2272 ἀπείθειαν
3697 2234 3713 2247 ·

2149 2335 2167 2365 ‹
2204 2317 2496 2386 Ποιμανεῖς
2525 2315 2720 2378 αὐτοὺς
2747 2315 2805 2366 ἐν
2842 2313 3022 2384 ῥάϐδῳ
3057 2312 3252 2383 σιδηρᾷ
3271 2353 3285 2376 ,
3315 2312 3410 2364 καὶ
3436 2311 3512 2374 ὡς
3547 2311 3722 2380 σκεύη

2141 2407 2428 2477 κεραμέως
2478 2405 2790 2477 συντρίψεις
2840 2405 3060 2469 αὐτούς.
3099 2423 3123 2454 ι-
3155 2404 3342 2467 Οὕτως
3379 2405 3511 2474 ἡμῖν
3551 2401 3716 2456 αὑτὸν

2142 2499 2237 2551 καὶ
2285 2501 2312 2551 6
2357 2496 2451 2550 τοῦ
2501 2497 2780 2566 πανσόφου
2824 2497 3068 2559 Μωσέως
3095 2493 3497 2565 κατασημαίνει
3531 2495 3714 2563 νόμοςο

2142 2589 2629 2662 παραλαμϐάνεται
2683 2589 2789 2661 γὰρ
2853 2591 2936 2652 εἰς
2993 2589 3165 2642 τύπον
3236 2586 3472 2658 Χριστοῦ
3522 2586 3616 2640 καὶ
3680 2587 3718 2657 ἡ

2142 2686 2336 2757 ῥάϐδος
2377 2684 2585 2755 Ἀαρὼν
2614 2684 2646 2754 ή
2680 2683 3058 2754 βλαστήσασα,
3094 2684 3187 2737 καὶ
3217 2686 3296 2746 είς
3320 2683 3389 2736 τά
3414 2683 3585 2751 Ἀγια
3607 2677 3726 2736 τῶν

2145 2777 2312 2845 ἁγίων
2346 2774 2829 2845 είσκεκομισμένη.
2873 2773 3167 2844 Ἑξήνθησε
3216 2774 3324 2845 γάρ
3373 2774 3576 2845 κάρυα,
3625 2773 3721 2826 καὶ

2142 2869 2194 2922 τί
2227 2868 2288 2939 δὴ
2315 2867 2377 2920 τὸ
2406 2869 2595 2940 χρῆμα
2623 2866 2730 2920 τῶν
2759 2868 2815 2919 ὲν
2829 2867 3029 2928 ’σκιαῖς
3059 2866 3301 2927 ἐννοιῶν,
3329 2868 3506 2918 εἰπεῖν
3545 2866 3717 2932 ἀναγ-

2144 2961 2314 3012 καῖον.
2346 2958 2643 3010 Ἀπτονται
2678 2955 2776 3026 μὲν
2800 2954 2909 3026 γὰρ
2959 2953 3308 3023 φυσιολογίας
3336 2955 3499 3018 τινὲς,
3527 2954 3622 3007 καὶ
3653 2953 3722 3024 δὴ

2142 3049 2235 3104 καί
2280 3065 2411 3118 φησι
2443 3047 2542 3117 τὴν
2587 3046 2850 3117 καρυῒνην
2880 3046 3094 3116 ῥάϐδον,
3141 3047 3192 3097 εἰ
3239 3047 3375 3116 πρὸς
3408 3047 3476 3116 τῇ
3507 3043 3724 3115 κεφαλῇ

2140 3140 2317 3195 κέοιτό
2342 3156 2522 3197 τινων.
2558 3138 2826 3201 ἀνυπνίας
2862 3132 3000 3192 εἶναι
3047 3136 3292 3206 φυσικῶς
3322 3136 3715 3207 ὲμποιητικήν.

2135 3228 2344 3283 υὺκοῦν
2387 3228 2684 3299 ἐπειδήπερ
2729 3227 2953 3297 ἔμελλεν
2997 3229 3028 3282 6
3069 3227 3342 3297 Χριστὸς,
3380 3227 3564 3298 χάριτι
3618 3225 3724 3297 μὲν

2134 3320 2290 3384 Θεοῦ,
2329 3319 2471 3372 καθά
2500 3335 2666 3388 φησιν
2711 3319 2739 3370 6
2790 3319 3060 3389 μακάριος
3090 3318 3328 3382 Παῦλος,
3352 3319 3493 3390 ὑπὲρ
3517 3318 3721 3382 παντὸς

2135 3411 2432 3482 γεύσασθαι
2466 3412 2717 3476 θανάτου,
2753 3411 2928 3483 βραχὺ
2975 3411 3031 3464 δὲ
3078 3412 3271 3483 ῶσπερ
3316 3411 3717 3478 ἀπονυστάξας,

2135 3504 2388 3575 καθάπερ
2419 3502 2478 3568 ἐξ
2507 3503 2676 3556 ὕπνου
2722 3503 3068 3575 διεγερθῆναι
3104 3493 3288 3567 πάλιν,
3331 3503 3627 3558 ἀναϐιῶναί
3658 3520 3727 3557 τε.

2135 3597 2473 3669 θεοπρεπῶς,
2506 3598 2891 3669 πεπατημένου
2919 3597 3172 3652 θανάτου.
3207 3595 3394 3670 Ταύτῃ
3426 3615 3506 3651 τοι
3536 3595 3724 3668 ῥάϐδῳ

2136 3693 2368 3762 καρυῖνῃ
2400 3691 2816 3762 παρεικάζεται.
2860 3690 2959 3744 Διά
2987 3689 3194 3762 ταύτης
3231 3706 3289 3744 τε
3332 3691 3430 3760 τῆς
3466 3689 3614 3751 θείας
3655 3704 3718 3742 τε

2135 3787 2230 3838 καὶ
2249 3784 2448 3856 νοητῆς
2481 3782 2676 3854 ῥάϐδου
2734 3780 3292 3853 τεθαυματούργηκεν
3321 3783 3349 3834 ὁ
3375 3781 3600 3850 Μωσῆς,
3619 3780 3719 3849 τῆς

2136 3880 2192 3930 ἐν
2257 3875 2518 3947 Αἰγύπτῳ
2574 3875 2820 3938 δουλείας
2890 3874 3249 3928 ἀπαλλάττων
3321 3873 3414 3928 τὸν
3475 3871 3721 3942 Ἰσραήλ.

2147 3967 2368 4022 Ῥάϐδον
2390 3967 2518 4036 γοῦν
2542 3967 2712 4036 αὐτὴν
2735 3966 2987 4036 ὠνόμαζε
3014 3965 3172 4020 Θεοῦ.
3203 3962 3396 4033 Γέγονε
3427 3965 3534 4032 γὰρ
3565 3961 3722 4032 αὑτῷ

2140 4057 2336 4129 ῥάϐδος
2367 4058 2667 4129 δυνάμεως,
2695 4057 2837 4111 κατά
2868 4057 2928 4110 τὸ
2953 4056 3362 4126 γεγραμμένον.
3400 4052 3574 4108 Ὅταν
3608 4054 3720 4108 τοί-

2136 4167 2231 4201 νυν
2259 4152 2286 4203 6
2313 4150 2599 4220 προφήτης
2621 4148 3037 4218 αἰνιγματωδῶς
3064 4147 3124 4202 τὸ
3141 4146 3380 4218 Χριστοῦ
3411 4147 3712 4216 μυστήριον

2136 4241 2470 4310 ὑποφαίνων,
2513 4242 2577 4294 ἐκ
2618 4241 2719 4310 τῆς
2761 4240 2956 4294 Ἰεσσαὶ
3005 4240 3162 4312 ῥίζης
3203 4240 3302 4310 τὴν
3346 4239 3539 4310 ῥάϐδον
3586 4241 3717 4308 ἡμῖν

2136 4334 2476 4403 ἀναφανῆναι
2519 4333 2675 4404 λέγῃ,
2723 4332 2845 4385 τότε
2890 4333 2975 4401 δὴ,
3027 4333 3147 4384 τότε
3182 4335 3293 4395 τοῖς
3337 4335 3434 4402 τῆς
3481 4330 3717 4394 διανοίας

457 4427 847 4496 contemplans,
893 4427 1020 4481 dicit
1053 4440 1173 4480 cum
1200 4426 1456 4494 propheta
1489 4444 1501 4478 :
1531 4444 1549 4477 ι
1586 4426 1827 4494 Domine,
1854 4428 2029 4482 audivi

2140 4425 2378 4496 ὗμμασιν
2437 4424 2601 4478 αὐτὸν
2638 4425 2900 4494 μονογενῆ
2927 4424 3020 4477 τοῦ
3046 4423 3180 4477 Θεοῦ
3215 4424 3415 4492 Λόγου,
3443 4423 3533 4476 τὸν
3563 4422 3631 4476 δι’
3651 4416 3720 4476 οἱ

458 4533 642 4573 vocem
692 4528 872 4581 tuam,
915 4527 970 4571 et
1017 4517 1302 4584 pertimui,
1356 4517 1579 4585 cognovi
1626 4532 1790 4586 opera
1837 4528 1949 4582 tua,
1983 4528 2036 4572 et

457 4609 730 4678 obstupui.
767 4627 784 4660 ι
825 4605 979 4677 Virga
1012 4607 1190 4676 itaque
1220 4613 1438 4676 pr0pter
1474 4621 1667 4661 causas
1697 4621 1833 4674 quas
1875 4609 2033 4661 modo

455 4701 1026 4764 commemoravimus,
1073 4709 1296 4754 vocatus
1321 4707 1422 4752 est.
1455 4697 1584 4752 Flos
1631 4713 1759 4753 vero
1794 4714 2030 4765 rursum,

456 4795 712 4866 quoniam
743 4793 978 4848 hominis
1017 4802 1207 4845 natura
1250 4791 1302 4844 in
1353 4791 1443 4844 illo
1471 4791 1536 4844 ad
1570 4791 2029 4858 incorruptionem

456 4901 512 4940 et
537 4887 602 4940 ad
631 4886 922 4939 novitatem
955 4882 1383 4939 conversationis
1413 4883 1734 4953 evangelicm
1764 4881 2027 4937 reﬂoruit.

456 4978 627 5033 Aliter
652 4979 816 5032 etiam
856 4976 957 5033 llos
995 4987 1210 5048 propter
1256 4991 1478 5031 suavem
1533 4975 1879 5046 ﬂagrantiam
1931 4977 2032 5032 sub

459 5068 866 5139 intelligentiam
918 5050 1225 5122 cadentem
1263 5065 1584 5136 appellatur.
1642 5083 1662 5118 ι
1698 5065 1808 5134 Ego
1849 5067 2028 5132 enim,

457 5161 660 5229 inquit,
704 5159 802 5213 flos
849 5159 1061 5228 campi,
1117 5157 1274 5228 193
1318 5158 1486 5211 lilium
1532 5157 1854 5211 convallium
1896 5157 1964 5210 ".
2007 5177 2025 5210 ι

458 5255 584 5306 Erat
610 5267 742 5306 sane
776 5261 829 5308 et
873 5253 1030 5306 nobis
1067 5252 1229 5306 veluti
1275 5251 1411 5305 odor
1444 5249 1660 5318 quidam
1704 5250 2030 5321 cognitionis

459 5339 550 5392 Dei
592 5347 648 5394 et
695 5339 896 5395 Patris.
945 5338 1212 5394 Nimirum
1243 5339 1458 5394 divinus
1488 5337 1685 5394 Paulus
1719 5341 1768 5393 in
1797 5340 2025 5409 epistola

456 5431 626 5485 dii-it:
662 5448 681 5482 ι
718 5431 826 5486 Deo
878 5441 1057 5485 autem
1097 5431 1268 5502 gratia
1294 5472 1309 5496 ,
1357 5431 1450 5501 qui
1487 5447 1698 5502 semper
1737 5432 2029 5504 triumphat

527 5611 571 5642 ³⁸⁸
602 5610 740 5665 Psal.
772 5625 908 5674 χιιι,
934 5609 1011 5681 4.,
1061 5611 1105 5681 ξτ
1140 5609 1339 5665 Jeretn.
1376 5627 1560 5679 XLVIII,
1597 5612 1683 5669 Π.
1758 5617 1799 5648 ³⁸
1825 5615 2059 5681 JoaIt.-x,
2091 5616 2173 5671 l5.

459 5688 500 5717 δ’
537 5683 676 5740 Psal.
701 5697 813 5748 CIx,
843 5681 899 5734 ‘2.
974 5680 1021 5713 ⁸³
1046 5680 1200 5739 Cant.
1236 5698 1295 5747 II,
1330 5684 1376 5736 l.

2131 4517 2198 4571 τά
2226 4517 2426 4579 πάντα,
2455 4517 2548 4570 καὶ
2579 4517 2636 4569 ὲν
2665 4509 2711 4584 ᾧ
2739 4517 2808 4570 τὰ
2837 4517 3037 4582 πάντα,
3085 4515 3502 4586 σεσαρκωμένον
3530 4531 3591 4567 τε
3623 4514 3717 4567 καὶ

2131 4610 2630 4681 ἐνανθρωπήσαντα
2664 4607 2907 4679 θεωρῶν,
2965 4609 3059 4661 καὶ
3111 4609 3191 4671 εἰς
3241 4607 3486 4660 ἑκούσιον
3523 4606 3715 4660 ἑαυτὸν

2131 4703 2368 4756 καθέντα
2438 4702 2690 4765 κένωσιν,
2739 4702 2836 4755 καὶ
2891 4702 2990 4774 τὴν
3043 4701 3112 4754 δι’
3159 4703 3306 4772 ἡμᾶς
3363 4698 3715 4771 οἰκονομικὴν

2137 4795 2442 4850 ἀνατλάντα
2493 4794 2768 4866 γέννησιν,
2806 4795 2949 4864 φημι
2979 4792 3044 4864 δὴ
3076 4792 3175 4863 τὴν
3206 4792 3348 4846 κατά
3384 4793 3566 4862 σάρκα
3617 4791 3719 4844 καὶ

2134 4888 2198 4940 ἐκ
2225 4887 2502 4956 γυναικὸς,
2532 4887 2668 4957 ὁμοῦ
2698 4885 2776 4957 τῷ
2804 4887 3059 4958 προφήτῃ
3095 4886 3272 4954 λέγει·
3315 4903 3335 4935 ι
3380 4885 3574 4956 Κύριε,
3609 4885 3710 4937 εἰσ-

2136 4978 2351 5048 ἀκήκοα
2371 4979 2471 5050 τὴν
2496 4980 2665 5049 ἀκοήν
2694 4995 2809 5040 σου,
2845 4978 2938 5030 καὶ
2964 4976 3264 5048 ἐφοϐήθην·
3303 4977 3606 5046 κατενόησα
3643 4974 3714 5028 τὰ

2133 5068 2289 5139 ἔργα,
2317 5070 2410 5123 καὶ
2437 5069 2679 5139 ἐξέστην.
2717 5085 2734 5119 ι
2776 5067 2998 5131 Ῥάϐδος
3029 5066 3099 5138 δὴ
3139 5062 3232 5120 οὖν
3261 5065 3572 5136 ὠνόμασται
3599 5063 3713 5117 διά-

2135 5179 2217 5214 τοι
2265 5163 2363 5224 τὰς
2403 5160 2605 5232 ἀρτίως
2656 5163 2787 5231 ἡμῖν
2830 5158 3127 5230 εἰρημένας
3167 5158 3366 5220 αἰτίας.
3418 5155 3612 5218 Ἀνθος
3656 5154 3712 5208 δὲ

2135 5251 2299 5305 πάλιν
2319 5266 2332 5280 ·
2364 5251 2591 5304 ἀνέθαλε
2612 5253 2721 5322 γάρ
2745 5252 2778 5322 ἡ
2799 5249 3088 5321 ἀνθρώπου
3119 5249 3280 5317 φύσις
3307 5249 3364 5302 ὲν
3399 5245 3550 5316 αὐτῷ
3576 5244 3712 5316 πρὸς

2134 5344 2464 5414 ἀφθαρσίαν,
2515 5346 2610 5397 καὶ
2642 5346 2723 5406 εἰς
2758 5343 2925 5413 ζωὴν,
2970 5343 3065 5396 καλ⁹
3097 5343 3177 5403 είς
3206 5339 3503 5410 καινότητα
3557 5337 3709 5390 πολι-

2133 5436 2284 5499 τείας
2320 5434 2682 5506 εὺαγγελικῆς
2708 5451 2721 5465 ·
2773 5433 2934 5496 ἄνθος
2974 5432 3031 5486 δὲ
3071 5432 3167 5486 καὶ
3212 5430 3433 5500 ἑτέρως,
3477 5428 3566 5482 διὰ
3611 5428 3709 5498 τὴν

2252 5618 2296 5650 ³³
2326 5617 2486 5672 Mich.
2515 5631 2610 5681 vn,
2643 5618 2728 5670 li.
2793 5615 2836 5647 ’⁸ο
2868 5615 3010 5672 Psal.
3038 5631 3096 5679 It,
3131 5615 3182 5669 9.
3249 5614 3287 5646 δι
3328 5612 3494 5667 Hebr.
3521 5626 3582 5677 II,
3617 5608 3708 5664 ιιι.
3739 5611 3751 5621 ’
