4124 6372
416 345 519 403 515

1534 359 1602 413 1N
1643 360 1879 415 ISAIAM
1919 361 2050 416 LIB.
2096 364 2160 419 ll.
2206 363 2445 420 TOMUS
2486 365 2526 420 Ι.

3556 364 3662 420 5M

413 466 610 537 νοητὴν
640 468 918 540 εὐοσμίαν.
969 492 988 523 ι
1025 475 1164 542 Ἐγὼ
1192 478 1320 549 γὰρ,
1357 498 1376 530 ι
1415 481 1599 552 φησὶν,
1636 501 1654 533 ι
1684 483 1842 546 ἄνθος
1873 482 1948 536 τοί

2078 502 2173 539 nos
2211 487 2264 541 in
2297 486 2534 551 Christo,
2576 497 2629 541 et
2661 487 2881 542 odorem
2934 486 3140 542 notitiae
3191 501 3302 540 sua:
3351 486 3664 541 manifestat

414 559 618 622 πεδίου,
655 563 839 632 κρίνον
865 565 974 617 τῶν
1001 569 1280 625 κοιλάδων.
1323 592 1340 622 ι
1390 573 1584 641 Γέγονε
1617 575 1672 627 δὲ
1715 577 1808 629 καὶ
1841 579 1975 646 ἡμῖν

411 651 552 722 ὀσμή
584 671 666 715 τις
690 654 875 727 ὥσπερ
903 658 1002 727 τῆς
1034 661 1283 726 γνώσεως
1307 663 1401 716 τοῦ
1435 664 1567 717 Θεοῦ
1599 666 1696 718 καὶ
1733 668 1971 738 Πατρός.

413 743 521 794 Καὶ
556 744 684 811 γοῦν
723 749 751 798 ὁ
780 745 1066 813 θεσπέσιος
1093 751 1301 816 Παῦλος
1337 753 1659 818 ἐπιστέλλει,
1691 757 1782 809 καί
1811 775 1974 827 φησι·

417 854 435 883 ε
471 835 559 904 Τῷ
593 836 712 906 Θεῷ
740 839 916 908 χάρις,
953 842 1029 911 τῷ
1062 843 1286 896 πάντοτε
1327 845 1711 916 θριαμϐεύοντι
1744 851 1893 919 ἡμᾶς
1919 851 1976 903 ὲν

399 926 486 994 ,τῷ
513 928 752 997 Χριστῷ,
786 932 880 982 καὶ
928 935 1028 1003 τὴν
1061 935 1233 1006 ὀσμὴν
1273 937 1372 1006 τῆς
1402 939 1654 1006 γνώσεως
1682 942 1842 994 αὐτοῦ
1873 961 1976 1010 φα-

410 1018 652 1085 νεροῦντι
692 1021 756 1074 δι’
788 1025 942 1092 ἡμῶν
976 1027 1034 1078 ἐν
1077 1030 1238 1081 παντὶ
1267 1031 1436 1099 τόπῳ,
1461 1033 1540 1086 ὅτι
1571 1034 1809 1103 Χριστοῦ
1840 1036 1973 1088 εὐω-

409 1109 496 1161 δία
523 1113 710 1180 ἐσμὲν,
752 1114 828 1184 τῷ
867 1115 986 1187 Θεῷ
1026 1120 1084 1171 ὲν
1125 1124 1236 1183 τοῖς
1263 1122 1609 1193 σωζομένοις,
1641 1127 1736 1178 καὶ
1766 1129 1824 1179 ὲν
1860 1129 1973 1190 τοῖς

407 1202 830 1273 ἀπολλυμένοις·
869 1203 951 1270 οἷς
997 1211 1096 1279 μὲν
1138 1212 1280 1284 ὀσμὴ
1323 1213 1553 1268 Θανάτου
1592 1218 1671 1280 εἰς
1716 1217 1968 1283 θάνατον,

403 1285 482 1353 οἷς
516 1293 570 1344 δὲ
602 1296 742 1364 ὀσμὴ
771 1299 915 1367 ζωῆς
964 1303 1042 1364 εἰς
1075 1301 1238 1373 ζωήν.
1276 1323 1294 1355 ι
1332 1305 1513 1379 Ταύτῃ
1547 1310 1612 1376 τῇ
1656 1309 1836 1380 ῥάδδῳ
1867 1328 1971 1381 φη-

403 1383 506 1444 σὶν,
533 1385 648 1452 ἤτοι
686 1387 764 1456 τῷ
787 1389 934 1443 ἄνθει
963 1393 1040 1462 τῷ
1065 1397 1128 1447 ὲκ
1156 1396 1255 1466 τῆς
1281 1399 1437 1469 ῥίζης
1474 1401 1669 1454 Ἰεσσαὶ
1705 1405 1970 1474 τεχθησο-

403 1475 568 1542 μένῳ,
609 1480 746 1530 κατὰ
783 1484 1004 1551 καιροὺς
1035 1487 1513 1544 ὲπαναπαύσεσθαι
1546 1493 1773 1564 Πνεῦμα
1822 1496 1958 1548 Θεοῦ

401 1565 598 1629 πολλὰς
627 1567 746 1638 ἔχον
771 1571 866 1634 τὰς
893 1575 1190 1644 ἐνεργείας.
1216 1580 1437 1650 Πνεῦμα
1461 1583 1566 1653 γὰρ
1599 1586 1729 1638 αὐτὸ
1772 1586 1966 1657 βουλῆς

398 1659 490 1709 καὶ
523 1662 790 1726 συνέσεως
822 1667 1095 1736 ὀνομάζει,
1124 1670 1378 1738 γνώσεώς
1409 1693 1465 1729 τε
1510 1679 1601 1730 καὶ
1634 1680 1846 1747 σοφίας,
1879 1682 1965 1733 εῦ-

399 1751 612 1812 σεϐείας
644 1755 735 1806 καὶ
774 1758 938 1825 φόϐου
966 1761 1121 1815 Θεοῦ.
1155 1765 1337 1835 Φαμὲν
1364 1767 1439 1829 δὲ,
1468 1769 1548 1822 ὄτι
1575 1772 1674 1842 τῆς
1699 1790 1965 1842 προφητι-

2084 593 2178 644 per
2210 594 2306 631 nos
2332 579 2384 631 in
2407 596 2550 632 οιιιιιι
2577 580 2712 643 loco,
2738 581 2864 648 quia
2892 580 3092 635 Christi
3117 579 3292 633 bonus
3318 577 3451 632 odor
3474 594 3664 632 sumus

2078 670 2189 722 Deo
2219 671 2270 724 in
2301 671 2368 724 iis
2391 673 2480 740 qui
2516 673 2647 726 salvi
2683 673 2837 735 liunt,
2873 681 2924 725 et
2959 672 3012 725 in
3039 672 3106 726 iis
3127 671 3218 740 qui
3241 680 3502 740 pereunt;
3542 670 3662 724 aliis

2079 763 2477 831 quidem_odor
2525 765 2710 818 mortis
2736 765 2790 818 in
2839 774 3112 827 mortem,
3169 763 3294 816 aliis
3341 777 3472 815 vero
3526 761 3662 816 odor

2080 855 2201 908 vitae
2228 855 2279 908 in
2309 855 2475 908 vitam
2502 855 2566 908 “.
2600 875 2618 906 ι
2660 855 2866 908 Idcirco
2897 853 2950 907 in
2976 852 3079 908 hac
3113 853 3289 922 virga,
3330 868 3422 906 seu
3467 853 3520 906 in
3555 853 3659 907 hoc

2079 947 2324 1014 germine
2358 962 2420 1000 ex
2455 948 2620 1014 stirpe
2647 945 2835 1011 les-sie,
2867 948 2980 1000 suis
3015 946 3346 1014 temporibus
3375 947 3656 1011 acquietu-

2077 1053 2192 1089 rum
2219 1037 2294 1090 ait
2325 1038 2584 1105 Spiritum
2623 1039 2736 1102 Dei,
2776 1039 2957 1092 multis
2993 1039 3282 1092 virtutibus
3339 1047 3394 1091 et
3451 1039 3657 1091 viribus

2077 1129 2388 1198 pollentem.
2427 1129 2688 1198 Spiritum
2731 1131 2872 1185 enim
2913 1133 3089 1198 ipsum
3139 1131 3384 1184 nominat
3416 1129 3652 1193 consilii,

2074 1231 2128 1275 et
2179 1222 2576 1290 intelligentiae,
2630 1233 2684 1276 et
2735 1222 3088 1291 cognitionis,
3141 1233 3195 1277 et
3249 1222 3559 1290 sapientiae,
3602 1231 3656 1275 et

2077 1312 2426 1375 fortitudinis,
2451 1323 2504 1365 et
2537 1313 2829 1382 religionis,
2859 1323 2913 1367 et
2946 1313 3155 1366 timoris
3182 1313 3274 1367 Dei
3307 1314 3376 1362 ⁸⁵.
3415 1312 3652 1366 Dicimus

2072 1411 2248 1454 autem
2286 1403 2602 1471 prophetam
2652 1403 2702 1455 in
2755 1403 2857 1456 hoc
2902 1404 3173 1470 praeconio
3213 1418 3312 1456 suo
3362 1401 3650 1456 artiﬁcium

2071 1494 2148 1547 sic
2203 1502 2570 1560 temperasse,
2619 1504 2676 1546 ut
2733 1511 2836 1549 non
2901 1494 3176 1548 hominem
3233 1509 3441 1547 merum
3497 1491 3652 1546 nobis

2076 1587 2296 1640 inducat
2325 1586 2533 1646 Jesum,
2564 1587 2685 1640 dein
2715 1585 2916 1656 Spiritu
2941 1586 3201 1648 alllattuu,
3228 1597 3282 1640 et
3302 1587 3452 1656 quasi
3483 1583 3649 1638 nostri

2069 1676 2273 1730 ordinis
2317 1691 2380 1729 ac
2425 1676 2757 1731 conditionis
2801 1682 2978 1739 esset,
3025 1673 3410 1728 charismatum
3441 1673 3651 1726 divino-

2069 1783 2185 1820 rum
2238 1767 2554 1837 partieipem
2602 1766 2837 1832 factum,
2883 1765 2979 1822 sed
3031 1766 3209 1835 potius
3266 1763 3358 1818 Dei
3409 1761 3647 1818 Verbum

397 1842 498 1908 κῆς
525 1845 806 1915 εὐτεχνίας
843 1849 904 1900 τὸ
931 1853 1193 1924 κήρυγμα
1215 1857 1312 1910 οὐκ
1341 1835 1786 1934 ἄνθρωπονήμίν
1809 1835 1948 1933 ᾦινλὸπ

2069 1867 2358 1915 humanam
2406 1871 2652 1913 naturam
2691 1859 3048 1928 asmunpsisse
3096 1858 3358 1922 declarat,
3400 1857 3648 1912 cumula-

396 1935 691 2002 εἰσκομίζει
736 1939 824 1990 τὸν
885 1942 1130 2008 Ἰησοῦν,
1182 1945 1297 2000 εἶτα
1346 1953 1607 2018 γεγονότα
1655 1973 1964 2027 πνευματο-

396 2022 576 2089 φόρον,
624 2025 716 2077 καὶ
753 2026 827 2088 ὡς
880 2031 935 2081 ἐν
986 2031 1136 2096 τάξει
1166 2037 1232 2106 τῇ
1265 2037 1387 2090 καθ’
1427 2040 1570 2109 ἡμᾶς
1604 2022 1962 2113 χαρισμάτων

393 2111 497 2162 τῶν
525 2116 673 2183 παρὰ
705 2116 838 2170 Θεοῦ
868 2123 1126 2188 γεγονότα
1175 2127 1420 2198 μέτοχον,
1464 2111 1960 2206 ὲνανθρώπησαντα

388 2203 444 2298 δὲ
473 2205 668 2272 μᾶλλον
713 2209 801 2262 τὸν
827 2213 920 2264 τοῦ
947 2215 1082 2268 Θεοῦ
1109 2218 1281 2286 Λόγον
1305 2223 1610 2293 καταδηλοί,
1633 2203 1824 2298 πλήρη
1862 2231 1958 2298 μὲν

390 2293 516 2347 ὄντα
543 2299 743 2362 παντὸς
765 2303 994 2369 ἀγαθοῦ,
1015 2307 1076 2358 τό
1101 2325 1163 2376 γε
1193 2305 1327 2380 ἧκον
1348 2315 1427 2376 εἰς
1455 2314 1553 2386 τὴν
1577 2316 1742 2370 αὑτοῦ
1775 2319 1956 2386 φύσιν,

389 2388 757 2458 υίκειουμένου
795 2396 851 2448 δὲ
879 2397 1018 2465 μετά
1046 2400 1144 2470 τῆς
1173 2403 1592 2476 ἀνθρωπότητος
1642 2411 1735 2461 καὶ
1763 2411 1830 2464 τὰ
1859 2414 1958 2465 αῦ-

387 2482 506 2550 τῆς.
541 2483 696 2538 Ἱδιον
727 2487 834 2558 γάρ
863 2489 1298 2563 ἀνθρωπότητος,
1331 2498 1390 2549 τὸ
1421 2499 1628 2554 οἴκοθεν
1655 2502 1753 2570 μὲν
1787 2503 1952 2573 ἔχειν,

387 2576 480 2628 καὶ
525 2576 600 2638 ὡς
652 2577 712 2642 ἐξ
762 2580 897 2644 ἰδίας
948 2584 1161 2649 φύσεως
1196 2586 1306 2639 τῶν
1346 2587 1550 2643 ἄνωθεν
1601 2594 1954 2663 χαρισμάτων

383 2667 556 2720 οὐδέν·
587 2688 604 2719 ι
640 2670 703 2721 Τί
737 2670 845 2742 γὰρ
878 2672 1043 2742 ἔχεις,
1079 2674 1106 2726 ὃ
1133 2677 1232 2729 οὐκ
1257 2678 1483 2746 ἓλαϐες;
1520 2703 1537 2732 ι
1565 2683 1780 2754 εἴρηται
1817 2686 1954 2756 πρὸς

384 2759 572 2829 αὐτην,
614 2763 1008 2818 καταπλουτείν
1050 2766 1106 2818 δὲ
1134 2769 1334 2836 μᾶλλον
1365 2771 1564 2837 ἔξωθέν
1611 2793 1670 2828 τε
1713 2779 1807 2831 καὶ
1845 2780 1954 2830 ,έπ-

382 2848 581 2913 ακτῶς,
628 2851 778 2921 παρά
809 2852 943 2906 Θεοῦ
982 2855 1254 2927 δηλονότι,
1297 2860 1366 2913 τὰ
1406 2862 1544 2933 ὑπὲρ
1579 2864 1740 2934 φύσιν
1790 2867 1950 2922 ἰδίαν.

382 2939 529 2992 Ἔδει
586 2942 764 2995 τοίνυν
825 2946 1058 3001 καθέντα
1120 2950 1255 3021 πρὸς
1319 2954 1547 3007 κένωσιν
1613 2958 1804 3012 ἑαυτὸν
1859 2960 1950 3014 τὸν

380 3033 640 3104 μονογενῆ
678 3035 773 3088 τοῦ
812 3037 945 3091 Θεοῦ
982 3041 1174 3110 Λόγον,
1221 3044 1280 3097 τὸ
1312 3046 1376 3098 ἐκ
1408 3047 1507 3116 τῆς
1553 3049 1838 3114 κενώσεως
1873 3053 1948 3123 μὴ

379 3126 757 3192 παραιτεῖσθαι
793 3134 1222 3203 σμικροπρεπὲς,
1257 3137 1350 3190 καὶ
1396 3138 1575 3210 πλήρη
1608 3141 1749 3195 κατά
1785 3143 1947 3210 φύσιν

373 3215 500 3268 ὄντα
532 3217 782 3287 δέχεσθαι
806 3223 894 3276 διά
919 3224 978 3276 τὸ
1005 3225 1366 3297 ἀνθρώπινον,
1387 3230 1484 3299 οὐχ
1513 3233 1689 3304 ἑαυτῷ
1719 3235 1937 3304 μᾶλλον,

372 3307 487 3361 ἀλλ’
514 3311 648 3378 ημῖν
685 3315 796 3374 τοῖς
833 3315 893 3366 ὲν
927 3315 1102 3388 ἐνδείᾳ
1147 3321 1348 3383 παντὸς
1375 3322 1602 3388 ἀγαθοῦ.
1645 3325 1806 3378 Ὥστε
1838 3328 1942 3382 κᾶν

373 3400 422 3450 εἰ
445 3399 657 3468 λέγοιτό
682 3420 808 3455 ποτε
835 3406 895 3458 τὸ
919 3407 1144 3477 Πνεῦμα
1173 3410 1376 3474 λαϐεῖν,
1409 3413 1582 3466 καίτοι
1608 3417 1837 3486 χορηγὸς
1865 3416 1940 3471 ὣν

371 3491 532 3554 αὐτὸς
568 3495 662 3548 τοῦ
696 3496 850 3564 ἁγίου
884 3496 1219 3570 Πνεῦματος,
1252 3505 1344 3558 καὶ
1387 3505 1487 3559 οὐκ
1535 3509 1598 3560 ἐκ
1632 3509 1832 3579 μέτρου
1861 3511 1940 3564 δι-

371 3582 514 3648 δοὺς,
555 3586 669 3638 ἀλλ’
699 3589 774 3652 ώς
801 3588 860 3653 ἐξ
911 3591 1040 3646 ἰδίου
1081 3594 1447 3666 πληρώματος
1487 3599 1760 3669 διανέμων
1809 3603 1940 3656 αὐτὸ

369 3678 483 3738 τοῖς
527 3677 716 3744 ἀξίοις,
767 3681 876 3733 τῶν
919 3683 1018 3753 τῆς
1051 3686 1333 3750 κενώσεως
1381 3690 1594 3760 μέτρων
1632 3693 1856 3747 νοείσθω
1879 3695 1938 3748 τὸ

374 3763 577 3856 λαϐεῖν,
602 3770 834 3823 κατευθὺ
861 3773 969 3843 γὰρ
997 3774 1138 3827 οὕτω
1155 3779 1250 3846 τῆς
1271 3778 1527 3849 ἀληθείας
1548 3781 1771 3851 ἥξομεν.
1793 3783 1939 3856 Πλὴν

373 3855 548 3909 έκεῖνο
595 3859 788 3930 ἄθρει·
827 3881 845 3912 ι
887 3863 1282 3920 Ἀναπαῦσεται
1311 3867 1421 3940 γὰρ
1444 3870 1529 3924 ἐπ’
1552 3871 1713 3926 αὑτὸν
1733 3915 1748 3939 ,
1780 3855 1934 3944 φησί,

371 3947 597 4018 Πνεῦμα
622 3951 716 4004 τοῦ
751 3952 907 4009 Θεοῦ.
953 3973 972 4005 ι
1013 3957 1230 4010 Δέδοται
1263 3959 1372 4030 γὰρ
1428 3962 1484 4013 ἐν
1519 3963 1712 4034 ἀρχαῖς
1743 3970 1811 4037 τῇ
1846 3968 1938 4021 τοῦ

371 4040 566 4106 γένους
600 4043 757 4112 ἡμῶν
785 4046 1034 4118 ἀπαρχῇ,
1063 4050 1330 4116 τουτέστι,
1349 4051 1426 4123 τῷ
1459 4053 1648 4124 ’Λδάμ,
1681 4056 1816 4110 ἀλλὰ
1847 4058 1939 4126 γέ-

367 4148 495 4199 γονε
541 4135 780 4204 ῥάθυμος
827 4140 954 4208 περὶ
979 4142 1076 4210 τὴν
1115 4143 1348 4214 τήρησιν
1371 4144 1472 4214 τῆς
1501 4145 1746 4218 δοθείσης
1788 4149 1938 4221 αὐτῷ

368 4226 607 4297 ἐντολῆς,
623 4247 692 4281 κα
702 4247 759 4299 τη
769 4231 970 4303 μέλησε
991 4235 1098 4286 τῶν
1116 4239 1622 4305 προστεταγμένων,
1644 4242 1936 4298 κατεϐιϐά-

369 4319 473 4388 σθη
489 4323 624 4390 πρὸς
643 4322 936 4393 ἁμαρτίαν,
952 4327 1048 4396 οὐχ
1064 4322 1219 4396 εὗρεν
1236 4329 1540 4383 ἀνάπαυσιν
1555 4333 1612 4384 ὲν
1628 4331 1936 4404 ἀνθρώποις

367 4412 428 4464 τὸ
468 4413 701 4484 πνεῦμα.
737 4436 754 4466 ι
789 4417 993 4482 Πάντες
1023 4419 1130 4490 γάρ
1161 4419 1456 4485 ἐξέκλιναν,
1491 4424 1605 4493 ἅμα
1636 4425 1937 4498 ἠχρειώθη-

369 4518 489 4565 σαν,
522 4502 620 4556 οὐκ
643 4501 710 4574 ἦν
737 4506 764 4556 ὁ
800 4506 968 4559 ποιῶν
995 4509 1353 4579 χρηστότητα,
1390 4511 1488 4564 οὐκ
1516 4508 1584 4582 ἦν
1603 4512 1707 4576 ἕως
1742 4514 1880 4578 ἑνός.
1909 4537 1928 4568 ι

366 4591 501 4648 Εἶτα
527 4598 746 4664 γέγονεν
769 4598 1054 4670 ἅνθρωπος
1081 4601 1110 4652 ὁ
1138 4604 1432 4672 μονογενὴς
1454 4603 1545 4656 τοῦ
1577 4605 1711 4657 Θεοῦ
1739 4607 1930 4674 Λόγος,

366 4689 543 4740 καίτοι
592 4688 654 4741 τὸ
685 4685 821 4743 εἶναι
867 4691 1000 4755 Θεὸς
1039 4693 1100 4745 οὐ
1149 4693 1350 4763 μεθείς.
1393 4696 1609 4766 Ἐπειδὴ
1653 4697 1710 4750 δὲ
1754 4700 1933 4753 καίτοι

364 4777 604 4845 γεγονὼς
641 4779 763 4832 καθ’
804 4782 980 4850 ἡμᾶς,
1011 4782 1282 4845 ἀνάλωτος
1312 4778 1381 4854 ἦν
1415 4784 1728 4854 ἁμαρτίαις,
1767 4787 1934 4839 ἐπαν-

363 4867 639 4922 επαύσατο
661 4871 725 4941 τῇ
750 4871 1035 4942 ἀνθρώπου
1066 4871 1222 4940 φύσει
1249 4874 1309 4925 τὸ
1334 4874 1555 4942 Πνεῦμα
1583 4876 1642 4928 τὸ
1667 4878 1838 4943 ἂγιον,
1862 4877 1936 4942 ὡς

363 4960 423 5010 ὲν
452 4959 600 5030 αὐτῷ
641 4965 734 5013 καὶ
779 4960 1001 5032 πρώτῳ,
1049 4964 1140 5016 καὶ
1166 4963 1241 5028 ὡς
1273 4966 1331 5017 έν
1361 4967 1580 5038 ἀπαρχῇ
1620 4967 1712 5019 τοῦ
1743 4969 1932 5036 γένους

361 5053 608 5124 δευτέρᾳ,
644 5055 729 5107 ἵνα
761 5055 854 5107 καὶ
881 5058 1011 5126 ἡμῖν
1050 5057 1490 5129 ὲπαναπαύηται,
1523 5061 1616 5112 καὶ
1656 5061 1792 5131 μένῃ
1819 5060 1930 5114 λοι-

364 5143 468 5196 πὸν
513 5147 635 5200 ταῖς
675 5145 783 5198 τῶν
823 5149 1186 5202 πιστευόντων
1210 5150 1471 5214 διανοίαις
1498 5151 1926 5224 ἐμφιλοχωροῦν.

363 5232 520 5287 Οὕτω
561 5235 669 5306 γάρ
706 5253 809 5289 που
841 5238 937 5291 καὶ
973 5239 1002 5290 ὁ
1048 5239 1330 5303 θεσπέσιος
1368 5240 1616 5312 Ἰωάννης
1643 5244 1930 5300 τεθεᾶσθαί

363 5343 528 5395 φησιν
573 5328 631 5393 ἐξ
688 5329 917 5399 οὐρανοῦ
977 5335 1386 5404 καταφοιτῆσαν
1444 5335 1503 5387 τὸ
1563 5336 1786 5407 Πνεῦμα
1836 5340 1928 5392 ἐπὶ

363 5417 617 5485 Χριστόν.
682 5421 893 5493 Ὥσπερ
961 5424 1391 5495 συγκληρονόμοι
1453 5427 1756 5497 γεγόναμεν
1822 5430 1932 5482 τῶν

365 5504 786 5575 συμϐεϐηκότων
821 5510 898 5578 τῷ
930 5512 1336 5583 πρωτοπλάστῳ
1374 5516 1578 5577 κακῶν,
1611 5517 1782 5581 οὕτως
1813 5521 1932 5572 ἐσό-

365 5595 506 5665 μεθα
576 5599 790 5672 μέτοχοι
843 5602 953 5656 τῶν
1013 5605 1398 5676 ῦπαρχθέντων
1457 5611 1811 5679 οἰκονομικῶς
1862 5617 1928 5683 τῇ

444 5754 488 5783 ⁴⁵⁴
512 5752 552 5811 ΙΙ
593 5758 920 5823 Cor.u,14,
957 5761 1038 5814 16.

2075 1961 2185 2004 tum
2241 1951 2396 2004 bouis
2442 1951 2692 2005 omnibus
2733 1951 3038 2020 (quatenus
3081 1951 3147 2004 ad
3184 1951 3350 2020 ipsius
3398 1959 3646 2002 naturam

2061 2043 2362 2113 pertinent)
2382 2060 2444 2097 ac
2465 2044 2628 2096 etiam
2648 2059 2752 2096 una
2776 2059 2896 2097 cum
2920 2043 3256 2097 humanitate
3282 2059 3402 2111 quae
3434 2041 3499 2094 ad
3525 2055 3645 2094 eam

2061 2145 2329 2206 spectant,
2367 2135 2629 2188 velutsua
2653 2149 2716 2187 ac
2741 2135 2958 2203 pr0pria
3007 2135 3110 2188 sibi
3163 2135 3466 2188 vindicans.
3502 2132 3643 2186 Pro-

2060 2228 2234 2295 prium
2271 2242 2503 2295 namque
2529 2226 2876 2281 lnunanitatis
2910 2236 3011 2287 est,
3047 2241 3113 2282 ex
3152 2241 3210 2280 se
3247 2236 3302 2280 et
3329 2241 3394 2279 ex
3422 2227 3642 2295 propria

2057 2317 2208 2385 quasi
2257 2326 2445 2370 natura
2501 2316 2638 2370 nihil
2689 2331 3049 2386 supernorum
3109 2319 3374 2372 donorum
3434 2315 3636 2370 habere

2058 2408 2301 2477 (dictum
2333 2409 2474 2462 enim
2509 2419 2591 2462 est
2628 2409 2674 2462 ei
2711 2425 2726 2463 :
2757 2425 2778 2461 α
2809 2407 2946 2475 Quid
2975 2410 3118 2462 enim
3163 2408 3328 2463 habes
3357 2408 3497 2477 quod
3533 2421 3639 2461 non

2055 2499 2355 2567 accepisti?
2395 2497 2478 2567 ι),
2509 2510 2561 2552 at
2599 2499 2840 2553 exterius
2873 2501 3044 2568 magis
3071 2509 3125 2554 et
3151 2499 3366 2553 aliunde
3409 2497 3638 2552 adsciti-

2059 2591 2172 2655 tiis,
2200 2591 2449 2644 nimirum
2470 2606 2498 2643 a
2525 2590 2653 2652 Deo,
2682 2589 2998 2659 locupletari
3023 2591 3199 2654 donis,
3223 2605 3341 2658 qua!
3365 2591 3634 2658 propriam

2054 2693 2303 2738 naturam
2335 2695 2612 2751 superant.
2639 2684 2936 2752 Oportebat
2979 2684 3146 2751 igitur
3172 2684 3505 2751 unigenitum
3542 2683 3632 2739 Dei

2056 2775 2370 2830 Sermonem
2402 2775 2491 2844 qui
2535 2791 2594 2829 se
2629 2775 2929 2830 exinanivit
2968 2784 3024 2829 et
3065 2773 3303 2836 demisit,
3356 2774 3497 2828 illius
3535 2789 3635 2828 ex-

2057 2868 2378 2922 iuanitionis
2414 2869 2772 2922 humilitatem
2817 2883 2924 2922 non
2963 2881 3250 2931 recusare,
3284 2867 3377 2921 sed
3418 2876 3638 2936 propter

2053 2957 2442 3010 lnunanitatem
2483 2957 2759 3026 suscipere
2780 2995 2796 3021 ,
2835 2973 2940 3011 non
2972 2972 3069 3011 sua
3101 2971 3288 3023 causa,
3325 2957 3418 3011 sed
3452 2967 3633 3012 nostra

2051 3049 2249 3115 potius,
2283 3049 2373 3117 qui
2404 3049 2643 3102 omnium
2673 3050 2936 3104 bonorum
2965 3049 3274 3104 laboramus
3308 3049 3628 3116 indigentia.

2053 3139 2236 3208 Itaque
2283 3139 2412 3194 licet
2461 3141 2728 3196 interdum
2784 3143 2995 3196 dicatur
3044 3140 3302 3211 Spiritum
3360 3141 3632 3210 accipere,

2049 3245 2169 3284 cum
2201 3231 2268 3287 sit
2313 3242 2486 3284 tamen
2525 3233 2640 3302 ipse
2689 3233 3128 3287 subministrator
3171 3232 3346 3287 sancti
3379 3233 3631 3302 Spiritus,

2045 3331 2100 3376 et
2131 3338 2234 3376 non
2271 3339 2338 3379 ex
2388 3326 2641 3378 mensura
2683 3323 2792 3389 det,
2826 3326 2919 3377 sed
2965 3323 3131 3378 veluti
3170 3324 3237 3378 de
3271 3323 3487 3392 propria
3519 3323 3635 3393 ple-

2048 3414 2290 3467 nitudine
2320 3413 2448 3466 illud
2492 3413 2666 3482 dignis
2699 3413 3010 3481 impertiat,
3071 3413 3174 3467 hoc
3222 3427 3322 3481 pro
3367 3427 3621 3466 mensura

2045 3516 2100 3558 et
2135 3505 2351 3560 modulo
2409 3505 2795 3560 exinanitionis
2837 3504 3178 3573 intelligatur
3221 3503 3466 3572 accipere
3499 3520 3515 3558 :
3551 3504 3631 3558 sic

2045 3595 2188 3650 enim
2243 3602 2389 3648 recta
2443 3594 2508 3648 ad
2566 3609 2752 3649 verum
2802 3594 3205 3664 perveniemus.
3259 3592 3456 3648 Verum
3499 3593 3629 3648 illud

2045 3687 2177 3740 mihi
2207 3697 2388 3754 specta
2413 3703 2428 3739 :
2462 3702 2480 3736 ι
2507 3686 2829 3755 Requiescet
2861 3687 3005 3742 enim
3027 3701 3188 3756 super
3212 3685 3410 3756 ipsum,
3431 3685 3626 3754 inquit,

2046 3777 2282 3846 Spiritus
2336 3777 2450 3831 Dei.
2487 3795 2506 3829 ι
2535 3777 2577 3830 Α
2605 3777 2869 3847 principio
2917 3777 3062 3831 enim
3113 3777 3296 3830 datum
3340 3785 3425 3830 est
3453 3777 3627 3832 nostri

2045 3869 2258 3937 generis
2292 3869 2570 3938 primitiis,
2593 3869 2643 3922 id
2665 3878 2766 3930 est,
2796 3868 3027 3932 Adamo,
3062 3882 3251 3922 verum
3287 3868 3338 3921 in
3369 3868 3628 3922 observa.

2047 3961 2190 4015 tione
2218 3961 2477 4024 mandati,
2505 3961 2648 4030 quod
2679 3961 2934 4014 traditum
2958 3969 3076 4014 erat
3126 3961 3278 4028 piger
3329 3969 3386 4012 ct
3427 3958 3632 4012 remis-

2043 4069 2156 4120 sus,
2181 4053 2330 4122 jussa
2359 4053 2695 4122 posthabuit,
2716 4067 2780 4106 ac
2813 4053 3091 4108 demersus
3111 4060 3195 4106 est
3218 4051 3270 4104 in
3298 4061 3580 4121 peccatum
3603 4089 3626 4116 ,

2044 4160 2143 4200 nec
2169 4145 2375 4198 invenit
2404 4144 2458 4198 in
2493 4143 2800 4198 hominibus
2828 4143 3130 4212 requietem
3163 4141 3402 4212 spiritus.
3441 4159 3459 4192 ι
3495 4140 3630 4196 Om-

2045 4253 2186 4290 nesn
2219 4237 2417 4290 etenim
2462 4253 2481 4287 ι
2531 4235 2956 4302 declinaverunt,
3007 4231 3170 4290 simul
3223 4233 3438 4287 inutiles
3493 4232 3625 4286 lacti

2043 4344 2191 4396 sunt,
2225 4348 2329 4386 non
2365 4342 2484 4386 erat
2529 4333 2619 4400 qui
2658 4329 2819 4401 194
2852 4329 3057 4384 faceret
3098 4329 3318 4392 bonum,
3354 4344 3457 4381 non
3504 4337 3625 4382 erat

2044 4441 2214 4495 usque
2240 4426 2305 4480 ad
2328 4441 2490 4480 unum
2513 4425 2579 4478 “.
2607 4443 2626 4477 ι
2661 4425 2786 4479 Post
2812 4423 2985 4478 factus
3004 4431 3087 4478 est
3103 4423 3262 4476 homo
3287 4420 3623 4490 unigenitum

1967 4553 2008 4606 ο
2043 4519 2133 4573 Ι)έί
2161 4516 2419 4584 Verbum,
2453 4518 2578 4588 licet
2623 4515 2768 4572 Deus
2794 4530 2916 4570 esse
2965 4531 3071 4570 non
3118 4516 3432 4570 desineret:
3461 4529 3618 4566 cum-

2036 4626 2142 4681 que
2180 4609 2372 4664 similis
2420 4609 2576 4664 nobis
2631 4617 2811 4675 esset,
2854 4608 3098 4664 irretitus
3151 4616 3326 4662 tamen
3386 4606 3622 4676 peccatis

2034 4718 2142 4756 non
2189 4709 2302 4766 eSt,
2363 4701 2707 4770 Spiritusque
2756 4712 2977 4755 sanctus
3027 4701 3079 4753 in
3139 4699 3370 4754 hominis
3427 4709 3619 4752 natura

2035 4794 2256 4860 insedit,
2287 4795 2433 4849 velut
2467 4795 2518 4848 in
2569 4796 2684 4864 ipso
2737 4795 2913 4863 primo
2960 4803 3018 4848 et
3061 4793 3217 4862 quasi
3268 4792 3320 4846 in
3365 4791 3619 4847 secundis

2044 4886 2299 4953 primitiis
2349 4886 2586 4957 generis,
2619 4895 2676 4939 ut
2704 4894 2757 4940 et
2785 4885 2837 4939 in
2881 4884 3039 4939 nobis
3071 4884 3325 4952 deinceps
3354 4882 3614 4952 conquie-

2038 4986 2214 5032 sceret
2244 4993 2307 5032 ae
2335 4987 2600 5045 maneret,
2635 4988 2688 5031 ct
2725 4977 2778 5031 in
2829 4977 3166 5032 credentium
3196 4975 3461 5029 mentibus
3492 4989 3615 5029 eum

2039 5066 2309 5136 voluptate
2355 5069 2643 5123 habitaret.
2693 5066 2782 5122 Sic
2830 5065 2972 5120 enim
3019 5074 3075 5120 et
3123 5065 3339 5119 divinus
3380 5062 3615 5118 Joannes

2039 5160 2234 5214 vidisse
2271 5162 2347 5214 ait
2394 5176 2455 5215 se
2499 5161 2910 5215 descendentem
2970 5160 3036 5214 de
3080 5157 3216 5213 coelo
3264 5155 3526 5226 Spiritum
3559 5154 3610 5208 iu

2034 5249 2330 5305 Christum.
2383 5251 2453 5306 Ut
2491 5253 2634 5306 enim
2679 5259 2959 5306 consortes
2995 5262 3236 5312 eramus,
3267 5257 3324 5301 et
3369 5245 3612 5300 baeredes

2033 5340 2294 5395 malorum
2325 5359 2445 5412 qua:
2504 5343 2838 5413 protoplasto
2879 5342 3221 5411 primuinque
3255 5339 3471 5395 condito
3511 5337 3610 5392 bo-

2032 5432 2161 5484 mini
2201 5433 2554 5488 acciderunt:
2587 5436 2668 5488 sic
2699 5435 2861 5489 etiam
2901 5447 3091 5488 eorum
3115 5445 3236 5500 quin
3262 5445 3358 5500 per
3389 5431 3608 5499 dispen-

2029 5525 2291 5578 sationem
2320 5527 2648 5580 exstiterunt
2707 5525 2957 5580 secundis
2989 5523 3158 5580 nostri
3186 5522 3398 5593 generis
3426 5520 3605 5592 primi-

2032 5615 2141 5681 tiis,
2179 5617 2232 5672 id
2266 5628 2368 5686 est,
2395 5617 2636 5684 Christo,
2667 5619 2870 5674 erimus
2899 5617 3210 5688 participes.
3243 5615 3396 5684 Quod
3422 5623 3602 5672 autem

1116 5762 1158 5792 ⁸⁵
1199 5760 1298 5817 lsa.
1333 5781 1408 5831 xi,
1435 5766 1488 5817 2.
1564 5767 1608 5799 ³⁸
1638 5767 1792 5822 ltom.
1832 5785 1912 5836 ιιι,
1951 5772 2029 5824 l2.
