4152 6366
494 390 603 446 515

1488 391 1546 449 5.
1586 391 1865 450 CYRILLI
1902 391 2367 447 ALEXANDRINI
2411 391 2729 449 ARCHIEP.

3644 385 3747 443 3l6

490 523 605 561 non
662 507 1042 579 particulam
1091 508 1327 579 aliquam
1382 508 1432 564 ei
1491 509 1720 580 gratiam
1779 510 2073 574 addiderit,

2195 509 2405 580 Ξευτέρᾳ
2434 508 2527 561 τοῦ
2558 509 2747 577 γένους
2771 509 2802 579 ἡ
2814 508 2929 578 μῶν
2964 506 3208 576 ἀπαρχῇ,
3232 503 3473 557 τουτέστι
3503 502 3748 573 Χριστῷ.

497 603 955 667 quemadmodum
994 602 1046 655 in
1077 601 1279 655 sanctis
1311 601 1696 670 conquiescere
1725 602 1921 655 dicitur
1955 600 2077 669 Spi-

504 696 664 757 ritus,
725 693 818 747 sed
861 693 1001 761 quod
1042 690 1317 761 plenitudo
1353 692 1571 746 deitatis
1626 694 1681 746 in
1728 701 2079 747 sacrosancta

504 798 670 838 carne
701 784 848 837 velut
878 783 929 836 in
958 798 1055 837 suo
1085 783 1285 851 templo
1313 792 1645 837 commorata
1685 782 1868 846 fuerit,
1894 794 1947 838 et
1974 801 2077 839 non

505 875 562 928 in
596 884 817 944 experte
844 873 1029 937 animi,
1070 873 1164 928 sed
1197 873 1372 941 potius
1406 875 1643 929 animato
1669 875 1850 928 anima
1888 877 2081 931 intelli-

507 968 674 1035 genti,
710 964 926 1034 planum
954 964 1117 1018 faciet
1148 966 1431 1033 propheta,
1456 965 1642 1019 dicens
1675 982 1690 1016 :
1730 984 1749 1017 ι
1779 966 2081 1035 Complebit

504 1069 627 1108 cum
671 1055 892 1123 spiritus
938 1055 1147 1109 timoris
1179 1053 1414 1109 Domini.
1449 1074 1468 1106 ι
1510 1055 1613 1111 Uni
1644 1066 1821 1111 autem
1857 1056 2079 1126 Spiritui

511 1146 860 1215 multiplicem
908 1146 1096 1201 tribuit
1148 1145 1520 1201 ellicacitatcm
1560 1167 1574 1201 :
1617 1163 1715 1202 nec
1766 1149 1909 1203 enim
1944 1149 2080 1203 alius

511 1247 595 1291 est
660 1238 893 1304 Spiritus
957 1238 1273 1303 sapientia,
1338 1235 1474 1291 alius
1539 1236 1934 1307 intelligentiaa,
1997 1237 2083 1291 vel

511 1329 746 1393 consilii,
772 1339 826 1383 et
856 1328 1211 1393 fortitudinis,
1249 1343 1312 1382 ac
1342 1330 1669 1397 reliquorum
1702 1345 1716 1381 :
1752 1340 1803 1383 at
1827 1332 2083 1398 quemad-

511 1422 726 1476 modum
760 1436 898 1475 unus
936 1431 1017 1476 est
1045 1436 1108 1476 ex
1143 1421 1253 1476 Deo
1299 1422 1459 1475 Patre
1488 1421 1703 1486 Sermo,
1734 1424 1950 1492 cnergia
1982 1438 2080 1477 au-

512 1519 619 1565 tem
686 1522 741 1566 et
790 1512 1077 1566 ellicientia
1161 1513 1471 1567 nominatur
1533 1514 1880 1568 multifariam
1929 1515 2082 1583 (vita

512 1617 742 1671 namque
767 1612 868 1667 est,
894 1614 948 1658 et
975 1604 1086 1671 lux,
1111 1614 1165 1658 et
1198 1605 1366 1660 virtus
1390 1606 1407 1672 )
1435 1623 1447 1657 :
1481 1607 1559 1662 sic
1592 1608 1753 1661 etiam
1800 1608 1853 1661 in
1896 1618 2084 1663 sancto

514 1696 716 1764 Spiritu
771 1695 1082 1765 intelliges:
1120 1713 1257 1751 unus
1306 1699 1558 1751 nimirum
1587 1714 1708 1752 cum
1736 1700 1837 1764 sit,
1880 1700 2082 1753 intelli-

514 1789 656 1855 gitur
713 1788 1114 1857 multipliciter,
1156 1799 1211 1843 et
1253 1789 1331 1843 sic
1362 1790 1522 1843 etiam
1558 1803 1834 1858 operatur.
1875 1791 2083 1860 Quippe

513 1878 712 1933 Paulus
744 1879 1175 1949 sapientissimus
1202 1879 1289 1932 ubi
1332 1880 1665 1935 diversorqu
1697 1881 2082 1937 charismatum
2118 1860 2157 1915 Β

512 1971 720 2039 species
760 1969 916 2025 nobis
961 1972 1339 2025 enumeravit:
1380 1989 1400 2019 σ
1444 1971 1569 2026 Haec
1614 1975 1795 2028 omnia
1823 2014 1836 2039 ,
1873 1974 2082 2044 inquit,

511 2070 767 2129 operatur
811 2077 947 2117 unus
992 2071 1049 2117 et
1099 2061 1237 2116 idem
1300 2062 1564 2132 Spiritus,
1607 2064 1795 2119 dividit
1859 2065 2087 2136 singulis

513 2161 674 2221 prout
701 2152 812 2206 vult
836 2152 902 2204 ⁸⁷.
932 2167 952 2200 ι

592 2243 752 2298 Vsus.
788 2245 843 2309 4,
876 2242 929 2298 5.
975 2243 1095 2298 Non
1118 2245 1402 2299 secundum
1431 2246 1654 2315 gloriam
1669 2248 1954 2317 judicabit,
1992 2266 2085 2303 ne-

512 2352 612 2406 que
656 2340 815 2404 juxta
856 2353 1145 2390 sermonem
1187 2350 1399 2407 arguet,
1450 2340 1541 2392 sed
1584 2341 1847 2408 judicabit
1901 2341 2086 2395 humili

506 2429 794 2497 judicium,
838 2440 884 2483 et
915 2439 1100 2499 arguet
1130 2430 1357 2485 humiles
1390 2442 1563 2496 ιρι-ναξ,
1600 2442 1647 2484 et
1688 2434 1940 2501 percutiet
1985 2443 2089 2487 ter-

516 2536 629 2572 ram
662 2522 807 2573 verbo
840 2521 946 2574 oris
979 2523 1093 2585 sui,
1132 2530 1183 2576 et
1209 2522 1399 2591 spiritu
1426 2538 1519 2590 per
1549 2524 1690 2576 labia
1739 2510 1939 2577 n‘ecabit
1987 2525 2087 2577 im-

514 2611 676 2678 pium.
717 2611 787 2664 Et
820 2613 918 2666 erit
939 2614 1151 2682 justitia
1179 2614 1381 2668 cinctus
1412 2614 1645 2668 lumbum
1673 2631 1849 2681 suum,
1876 2626 1926 2671 et
1959 2617 2090 2670 veri-

515 2710 621 2755 tate
649 2703 909 2758 involutus
936 2712 1131 2758 costas.

589 2879 994 2934 Emmanuelem
1059 2895 1158 2935 suo
1237 2888 1476 2949 tempore
1555 2881 1890 2936 nasciturum
1965 2896 2087 2936 cum

516 2973 719 3041 optime
751 2973 1106 3042 praedixisset,
1151 2971 1367 3027 adducit
1394 2987 1556 3042 porro
1598 2984 1996 3044 peropportune
2020 2989 2089 3029 ex

519 3064 714 3133 quibus
756 3064 921 3119 rebus
952 3074 1135 3133 posset
1166 3062 1561 3129 inclarescere,
1596 3080 1625 3117 a
1655 3065 1852 3119 virtute
1880 3065 2090 3120 scilicet

520 3172 638 3225 quae
661 3156 759 3224 ipsi
783 3156 924 3211 inest
943 3156 1143 3221 divina,
1171 3171 1505 3227 operumque
1544 3157 1847 3227 splendore.
1865 3160 2090 3226 Oporte—

520 3250 610 3303 bat
632 3246 798 3312 enim,
828 3249 1134 3319 oportebat,
1169 3248 1413 3318 inquam,
1438 3265 1553 3316 eos,
1580 3250 1672 3318 qui
1710 3250 2088 3319 praedictiones

521 3342 860 3410 propheticus
891 3340 1091 3395 habent
1111 3377 1128 3405 ,
1159 3339 1443 3409 diligenter
1475 3350 1602 3396 ante
1637 3344 1968 3411 persuadere
2006 3345 2090 3399 his

520 3433 613 3502 qui
660 3434 819 3487 tidem
860 3433 915 3486 in
972 3446 1094 3487 eum
1128 3431 1430 3501 amplexuri
1460 3442 1649 3497 erant,
1689 3433 1848 3504 195
1888 3437 2011 3502 quis
2038 3444 2092 3489 et

521 3523 697 3593 qualis
719 3524 810 3591 sit,
834 3533 888 3580 et
914 3524 967 3578 in
994 3524 1189 3595 quibus
1213 3524 1468 3594 praeclare
1491 3524 1565 3579 sit
1584 3536 1858 3580 venturus.
1886 3526 2090 3593 Quem-

524 3616 812 3672 admodum
854 3617 1003 3672 enim
1039 3616 1086 3671 si
1133 3616 1255 3688 quis
1300 3626 1545 3673 nostrum
1588 3618 1821 3687 aliquem
1857 3619 2093 3673 homini-

523 3712 649 3774 bus.
669 3711 758 3780 qui
790 3726 911 3766 eum
946 3726 1051 3765 non
1087 3720 1286 3765 norunt
1320 3718 1738 3776 monstraturus,
1771 3726 1839 3766 ex
1861 3711 1946 3766 his
1975 3728 2096 3782 quae

525 3805 675 3859 novit
713 3805 893 3860 verbis
939 3806 1201 3875 depingit,
1246 3813 1299 3858 et
1326 3804 1393 3859 de
1421 3819 1488 3860 eo
1524 3806 1801 3873 prazdicat,
1835 3821 1941 3859 non
1974 3821 2095 3861 esse

525 3895 783 3965 Capillitio
836 3894 1025 3958 denso,
1084 3896 1178 3951 sed
1225 3894 1571 3949 mediocriter
1605 3897 1748 3950 tenui
1780 3905 1833 3950 et
1862 3912 2005 3963 raro,
2041 3904 2096 3951 et

527 3986 765 4055 gratioso
796 4000 915 4041 esse
944 3986 1121 4052 oculo,
1154 3994 1211 4040 et
1259 3985 1559 4040 subridenti
1610 3990 1797 4040 obtutu
1817 4027 1833 4054 ,
1877 3998 1933 4042 et
1959 3989 2097 4043 mire

526 4079 713 4148 gracili
733 4094 795 4133 ac
810 4078 994 4135 subtili
1014 4086 1499 4147 naso,ctcterasque
1516 4081 1759 4149 corporis
1778 4090 1957 4148 partes
1973 4095 2098 4148 per-

528 4171 772 4241 sequitur
804 4190 818 4224 :
852 4170 965 4240 pari
994 4210 1010 4236 ,
1056 4170 1241 4236 credo,
1283 4169 1492 4223 ratione
1544 4170 1709 4224 etiam
1742 4172 1932 4226 beatus
1965 4186 2098 4240 pro-

528 4266 724 4334 pheta,
750 4263 1004 4331 quoniam
1028 4262 1077 4317 ei
1110 4264 1176 4317 de
1222 4258 1401 4317 Verbo
1441 4262 1832 4316 humanitatem
1874 4274 2097 4333 propter

529 4371 628 4411 nos
645 4364 953 4410 assumente
966 4369 1145 4411 sermo
1159 4364 1259 4422 est,
1281 4356 1399 4410 ideo
1433 4356 1586 4425 signa
1620 4355 1811 4409 divin-te
1834 4364 2092 4425 praestan-

531 4450 618 4503 tizr
648 4459 704 4502 et
735 4446 1067 4503 excellentiae
1113 4458 1415 4511 enumerat,
1452 4448 1624 4516 deque
1651 4461 1716 4501 eo
1740 4447 1868 4501 dicit
1897 4463 1941 4498 ε(
1984 4446 2097 4499 Νοιι

2181 602 2301 654 Ὅτι
2331 601 2387 653 δὲ
2413 602 2473 654 οὐ
2504 602 2735 672 μερικὴν
2757 600 2904 670 αὐτῷ
2931 599 3029 669 τὴν
3068 600 3227 669 χάριν
3249 595 3551 668 εἰργάζετο,
3582 593 3752 647 καθά-

2180 708 2285 761 περ
2343 693 2401 744 ἐν
2454 695 2567 753 τοῖς
2616 691 2790 759 ἁγίοις
2843 691 2904 743 τὸ
2954 687 3402 743 έπαναπαύεσθαι
3460 685 3751 755 λεγόμενον

2181 780 2430 851 Πνεῦμα,
2464 781 2577 834 ἀλλ’
2622 777 2690 852 ἦν
2737 782 3010 851 πλήρωμα
3040 781 3140 849 τῆς
3170 778 3441 849 θεότητος,
3474 776 3535 829 τὸ
3576 776 3653 837 ὡς
3693 776 3751 827 ἐν

2185 873 2300 943 ἰδίῳ
2330 874 2443 943 ναῷ
2487 876 2554 945 τῇ
2607 874 2713 944 ἰδίᾳ.
2756 873 2923 943 σαρκὶ
2958 869 3245 933 καταλύον,
3280 868 3372 921 καὶ
3415 868 3516 920 οὐκ
3558 864 3751 934 ἀψύχῳ

2180 965 2364 1032 ποθὲν,
2396 966 2750 1036 ὲψυχωμένην
2780 965 2835 1018 δὲ
2875 963 3074 1034 μᾶλλον
3102 961 3246 1031 ψυχῇ
3274 961 3453 1031 νοερᾷ,
3503 959 3752 1028 σαφηνιεῖ

2180 1056 2353 1126 λέγων
2389 1059 2417 1110 6
2462 1058 2777 1128 προφήτης·
2822 1075 2841 1107 ι
2888 1054 3191 1125 Ἐμπλήσει
3220 1052 3378 1106 αὑτὸν
3409 1049 3625 1119 πνεῦμα
3657 1049 3750 1118 φό-

2182 1150 2277 1201 ϐου
2315 1147 2470 1201 Θεοῦ.
2508 1166 2524 1198 ›
2575 1148 2685 1200 Ἑνὶ
2721 1146 2882 1214 δὲτῷ
2929 1145 3206 1214 Πνεύματι
3250 1140 3498 1210 πολυειδῆ
3552 1138 3750 1192 δέδωκε

2181 1240 2278 1311 τὴν
2320 1241 2620 1312 ἐνέργειαν.
2670 1241 2745 1293 Οὐ
2792 1240 2900 1311 γάρ
2949 1256 3032 1291 τοι
3071 1234 3293 1304 Πνεῦμα
3347 1234 3444 1304 μὲν
3480 1232 3608 1287 ἄλλο
3652 1230 3751 1300 τῆς

2186 1334 2395 1400 σοφίας,
2432 1334 2615 1402 ἕτερον
2648 1332 2703 1385 δὲ
2753 1332 2813 1384 τὸ
2862 1331 3151 1391 συνέσεως,
3198 1328 3316 1398 ἦτοι
3381 1324 3607 1395 βουλῆς,
3658 1322 3751 1375 καὶ

2187 1424 2385 1495 ἰσχύος,
2427 1424 2522 1477 καὶ
2551 1424 2657 1477 τῶν
2682 1424 2903 1488 λοιπῶν,
2935 1424 3047 1476 ἀλλ’
3080 1423 3269 1489 ὥσπερ
3300 1415 3379 1481 εἷς
3424 1417 3521 1488 μέν
3551 1418 3696 1468 ἐστιν
3722 1414 3753 1467 6

2186 1520 2250 1570 ἐκ
2286 1516 2380 1569 τοῦ
2424 1516 2557 1569 Θεοῦ
2608 1516 2821 1587 Πατρὸς
2873 1516 3065 1584 Λόγος,
3100 1512 3423 1583 ὀνομάζεται
3451 1509 3508 1561 δὲ
3539 1507 3632 1560 καὶ
3664 1507 3752 1558 έν-

2185 1610 2375 1681 έργεια
2407 1608 2781 1678 πολυτρόπως
2830 1606 2945 1677 ζωὴ
2990 1606 3098 1676 γάρ
3144 1607 3283 1665 ἐστι,
3331 1602 3425 1654 καὶ
3471 1599 3609 1667 φῶς,
3659 1596 3753 1649 καὶ

2184 1702 2439 1771 δύναμιςο
2472 1700 2613 1753 οὕτω
2645 1700 2739 1757 καὶ
2765 1700 2856 1751 ἐπὶ
2889 1698 2981 1751 τοῦ
3024 1697 3178 1767 ἁγίου
3225 1697 3477 1764 συνήσεις
3507 1689 3754 1758 Πνεῦμα-

2186 1811 2296 1856 τος’
2331 1794 2389 1846 ἓν
2413 1794 2521 1864 γὰρ
2551 1794 2810 1864 ὑπάρχων
2854 1794 3053 1846 νοεῖται
3097 1786 3409 1851 πολυειδῶς,
3458 1784 3671 1856 ἐνεργεῖ
3698 1779 3755 1832 δὲ

2192 1888 2285 1940 καὶ
2325 1886 2515 1949 οὕτως.
2549 1887 2658 1938 Καὶ
2684 1884 2813 1954 γοῦν
2840 1887 2867 1939 ὁ
2898 1884 3206 1953 σοφώτατος
3235 1880 3444 1941 Παῦλος
3487 1874 3757 1944 διαφόρων

2190 1980 2322 2048 ἡμῖν
2368 1977 2724 2048 χαρισμάτων
2778 1976 2919 2039 ἰδέας
2970 1972 3476 2043 ἀπαριθμοὺμενος’
3519 1985 3537 2018 ‹
3574 1963 3757 2017 Ταῦτα

2192 2069 2388 2132 πάντα,
2420 2088 2437 2119 ι
2476 2069 2661 2139 φησὶν,
2690 2087 2708 2119 t
2732 2068 2944 2137 ἐνεργεῖ
2972 2064 3031 2117 τὸ
3060 2064 3118 2116 ἓν
3145 2064 3239 2115 καὶ
3262 2062 3322 2113 τὸ
3357 2058 3485 2113 αὐτὸ
3512 2053 3757 2122 Πνεῦμα,

2191 2162 2389 2231 διαιρεῖ
2417 2161 2631 2229 ἑκάστῳ
2660 2159 2784 2229 ἰδίᾳ,
2818 2156 3001 2220 καθὼς
3033 2155 3302 2225 βούλεται.
3338 2171 3357 2204 ι

2266 2254 2348 2306 Οὐ
2392 2253 2541 2305 κατὰ
2582 2250 2696 2318 τὴν
2749 2249 2939 2313 δόξαν
2988 2248 3202 2315 κρινεῖ,
3255 2244 3397 2298 οὐδὲ
3448 2240 3597 2295 κατά
3648 2235 3763 2303 τὴν

2190 2345 2413 2399 λαλιὰν·
2449 2340 2773 2410 ἐξελέγξει,
2822 2339 2981 2393 ἀλλὰ
3019 2336 3213 2406 κρινεῖ
3248 2330 3506 2396 ταπεινῷ
3537 2328 3760 2397 κρίσιν,

2193 2436 2291 2490 καὶ
2321 2434 2550 2505 ἐλέγξει
2583 2434 2723 2498 τοὺς
2750 2430 3066 2495 ταπεινοὺς
3093 2429 3204 2497 τῆς
3223 2426 3355 2497 γῆς,
3386 2424 3481 2477 καί
3511 2418 3763 2481 πατάξει

2194 2529 2312 2599 γῆν
2333 2527 2415 2592 τῷ
2440 2528 2597 2595 λόγῳ
2632 2524 2736 2577 τοῦ
2771 2524 3066 2590 στόματος
3094 2518 3301 2581 αὐτοῦ,
3334 2514 3433 2569 καὶ
3468 2514 3539 2566 ἐν
3579 2510 3762 2564 πνεύ-

2191 2638 2330 2691 ματι
2356 2619 2455 2672 διὰ
2482 2617 2730 2688 χειλέων
2751 2613 2957 2670 ἀνελεῖ
2978 2610 3188 2678 ἀσεϐῆ.
3216 2608 3321 2664 Καὶ
3350 2602 3767 2660 ἑσταιδικαιο-

2194 2714 2355 2780 σύνῃ
2400 2708 2730 2778 ἐζωσμένος
2758 2706 2872 2774 τὴν
2900 2703 3103 2772 ὀσφὺν
3130 2700 3338 2764 αὑτοῦ,
3373 2697 3471 2751 καὶ
3515 2695 3767 2763 ἀληθείᾳ

2193 2803 2510 2873 εἱλημένος
2542 2800 2651 2867 τὰς
2675 2797 2963 2866 πλευράς.

2267 2871 2390 2946 ’Ὁτι
2424 2892 2744 2962 τεχθήσεται
2791 2887 2932 2941 κατὰ
2975 2886 3200 2956 καιροὺς
3243 2883 3273 2936 6
3306 2876 3652 2953 Ἐμμανουὴλ
3701 2871 3762 2929 εὖ

2198 2985 2344 3055 μάλα
2376 2980 2758 3055 προειρηκὼς,
2807 2978 3147 3050 προσεπάγει
3195 2973 3512 3045 χρησίμως,
3556 2969 3653 3024 καὶ
3696 2969 3769 3020 τὰ

2194 3079 2259 3133 δι’
2307 3070 2382 3131 ὧν
2441 3078 2505 3128 ἂν
2567 3074 2652 3145 εἴη
2713 3070 2987 3143 γνώριμος
3031 3069 3108 3131 ὡς
3160 3066 3266 3121 ἀπό
3330 3082 3397 3133 γε
3453 3064 3555 3133 τῆς
3616 3060 3769 3116 Evod-

2199 3187 2297 3240 σης
2346 3167 2494 3238 αὐτῷ
2542 3163 2875 3235 θεοπρεποῦς
2927 3162 3163 3231 ἀρετῆς,
3208 3159 3301 3211 καὶ
3352 3156 3453 3226 τῆς
3489 3156 3546 3207 ὲν
3588 3153 3781 3225 ἔργοις⁴

2192 3259 2599 3330 λαμπρότητος.
2645 3256 2793 3309 Ἔδει
2825 3254 2955 3324 γὰρ,
2984 3252 3088 3304 ἔδει
3135 3247 3555 3321 προαναπείθειν
3607 3246 3773 3315 ἀκρι-

2191 3350 2302 3413 ϐῶς
2350 3347 2694 3418 προφητικὴν
2762 3345 2987 3415 ἔχοντας
3050 3341 3481 3413 προαγόρευσιν,
3534 3337 3663 3400 τοὺς
3721 3335 3775 3388 oi

2191 3460 2256 3511 γε
2313 3442 2411 3511 τὴν
2469 3441 2556 3492 ἐπ’
2608 3438 2771 3493 αὑτὸν
2824 3436 3045 3507 ἔμελλον
3102 3432 3501 3505 παραδέχεσθαι
3566 3431 3773 3490 πίστιν,

2190 3537 2273 3596 τις
2305 3532 2363 3585 δέ
2391 3547 2475 3598 γε,
2503 3530 2597 3582 καὶ
2624 3531 2793 3591 ποῖος,
2820 3528 2915 3580 καὶ
2937 3526 3024 3579 διὰ
3052 3524 3221 3577 ποίων
3253 3523 3374 3593 ἥξει
3413 3518 3775 3591 κατορθωμά⁹

2192 3642 2320 3678 των.
2348 3624 2559 3692 Ὥσπερ
2582 3620 2691 3692 γὰρ
2717 3619 2875 3682 εἴτις
2897 3618 2993 3673 ἕνα
3026 3617 3137 3669 τῶν
3181 3615 3305 3669 καθ’
3339 3614 3510 3684 ἡμᾶς,
3539 3612 3654 3673 τοῖς
3675 3610 3778 3662 οὐκ

2195 3714 2388 3767 εἰδόσιν
2442 3712 2605 3766 αὑτὸν
2650 3709 3079 3779 κατασημαίνειν
3126 3704 3541 3777 βεϐουλημένος,
3590 3702 3649 3766 ἐξ
3700 3692 3777 3753 ὧν

2194 3800 2332 3858 οἶδεν
2352 3804 2479 3857 ὄντα
2512 3803 2654 3873 λόγῳ
2684 3801 2983 3871 ζωγραφεῖ,
3026 3798 3173 3867 λέγει
3199 3797 3253 3849 δὲ
3302 3796 3429 3866 περὶ
3476 3792 3664 3855 αὑτοῦ,
3702 3792 3781 3854 ὡς

2196 3897 2281 3967 εἴη
2314 3897 2411 3967 μὲν
2431 3896 2529 3967 τὴν
2572 3895 2749 3965 κόμην
2780 3894 2839 3946 οὐ
2881 3891 3068 3963 βαθὺς,
3120 3889 3448 3960 συμμέτρως
3494 3886 3551 3940 δὲ
3599 3885 3777 3955 ψιλὸς,

2198 3991 2290 4044 καὶ
2313 3988 2551 4060 χαροπὸν
2577 3987 2676 4056 μὲν
2713 3984 2873 4038 ὅτιτὸ
2906 3984 3058 4054 ὄμμα
3100 3981 3268 4051 αὐτῷ,
3298 3979 3392 4032 καὶ
3428 3975 3781 4045 ὑπογελῶσαν

2198 4084 2319 4154 ἔχον
2347 4081 2444 4152 τὴν
2467 4081 2644 4151 βολὴν,
2680 4078 2857 4149 ἰσχνὸς
2884 4076 2942 4130 δὲ
2964 4076 3064 4145 τὴν
3098 4077 3239 4146 ῥῖνα,
3284 4071 3379 4125 καὶ
3421 4069 3491 4122 τὰ
3532 4068 3696 4138 ἕτερα
3725 4064 3783 4116 δὲ

2197 4175 2291 4229 τοῦ
2318 4174 2570 4245 σώματος
2593 4170 2776 4236 διεξίοι
2812 4168 2980 4239 μέρη,
3025 4166 3117 4219 τὸν
3145 4163 3329 4229 αὐτὸν,
3370 4156 3420 4214 οἷ
3432 4178 3550 4230 μαι,
3582 4158 3782 4229 τρόπον

2200 4269 2293 4322 καὶ
2336 4270 2365 4320 6
2411 4266 2676 4335 μακάριος
2728 4262 3053 4330 προφήτης,
3100 4255 3330 4324 ἐπείπερ
3379 4251 3525 4303 ἐστὶν
3561 4251 3589 4302 6
3630 4248 3783 4316 λόγος

2200 4355 2365 4409 αὐτοῦ
2410 4354 2539 4423 περὶ
2593 4351 2686 4405 τοῦ
2734 4351 2800 4403 δι’
2842 4350 2991 4420 ἡμᾶς
3037 4344 3552 4415 ἐνανθρωπήσαντος
3579 4339 3781 4406 Λόγου,

2200 4430 2371 4517 ταύτῃ
2417 4463 2497 4497 τοι
2541 4443 2611 4495 τὰ
2635 4442 2732 4511 τῆς
2767 4435 3101 4508 θεοπρεποῦς
3146 4433 3418 4505 ὑπεροχῆς
3463 4431 3559 4484 καὶ
3605 4428 3788 4499 μέντοι

531 4541 825 4597 secundum
885 4540 1110 4609 gloriam
1166 4539 1466 4609 judicabit,
1505 4553 1682 4608 neque
1727 4554 1795 4593 ex
1849 4552 2093 4593 sermone

2208 4538 2457 4603 ἐξουσίας
2522 4533 2913 4604 ἀπαριθμεῖται
2980 4531 3202 4600 σημεῖα,
3250 4525 3345 4579 καὶ
3395 4522 3458 4593 δὴ
3515 4521 3607 4574 καί
3654 4536 3787 4589 φησι

534 4642 740 4703 arguet.
778 4651 796 4684 ι
829 4632 999 4702 Digna
1033 4646 1122 4687 res
1151 4632 1261 4686 Deo
1283 4646 1617 4701 summaeque
1644 4639 1851 4684 natura:
1871 4644 2105 4684 consen-

535 4735 712 4779 tanea.
769 4724 982 4779 Etenim
1030 4740 1137 4778 non
1183 4724 1237 4778 in
1286 4723 1511 4793 gloriam
1544 4723 1822 4776 hominum
1862 4722 2101 4787 intueri,

535 4819 629 4872 sed
658 4826 889 4882 rectum,
924 4823 979 4870 ct
1007 4816 1290 4870 immotum
1316 4815 1368 4868 in
1403 4831 1460 4868 re
1489 4830 1723 4883 quaque,
1776 4822 1832 4867 et
1882 4815 2104 4869 omnino

535 4909 1008 4979 irreprebensibile
1043 4907 1614 4977 exercerejudicium,
1652 4921 1830 4962 nonne
1857 4907 2098 4961 omnium

537 5015 720 5054 rerum
754 5000 998 5069 reginam
1041 5010 1288 5054 naturam
1338 4999 1538 5055 decet?
1592 4999 1709 5052 Non
1762 4998 1905 5052 enim
1956 4998 2107 5051 novit

538 5104 822 5160 personam
854 5092 1126 5160 respicere
1149 5128 1165 5155 ,
1197 5104 1297 5144 nec
1345 5088 1549 5143 divitiis
1575 5088 1658 5142 vel
1690 5088 1955 5157 elegantia
1989 5087 2105 5141 cul-

540 5191 666 5249 tus,
708 5181 791 5235 vel
843 5181 1169 5236 auctoritate
1226 5180 1536 5234 decoratum
1586 5194 1858 5247 quemque
1905 5178 2112 5231 honore

538 5284 634 5329 aut
658 5274 1015 5328 aestimatione
1042 5273 1129 5327 ille
1157 5273 1433 5342 dignatur,
1477 5272 1613 5326 alios
1656 5271 1888 5339 spoliare
1922 5269 2111 5325 volen-

542 5376 674 5429 tem,
706 5364 803 5419 sed
851 5364 1155 5434 operarium
1190 5365 1493 5433 iniquitatis
1526 5363 1856 5417 condemnat
1882 5376 2110 5431 prorsus

541 5467 597 5510 et
613 5455 984 5510 detestandum
1004 5456 1199 5511 reddit.
1220 5455 1333 5510 Non
1356 5464 1539 5525 arguet
1559 5465 1735 5509 autem
1758 5470 1821 5508 ex
1843 5470 2111 5519 sermone,

544 5547 997 5617 quemadmodum
1026 5549 1219 5604 debeat
1272 5548 1519 5618 intelligi,
1561 5548 1831 5603 disserere
1886 5560 2108 5601 necesse

546 5652 651 5696 cst.
710 5638 961 5710 Plerique
1002 5643 1148 5697 enim
1205 5651 1443 5697 nostrum
1485 5639 1576 5710 qui
1633 5640 1853 5696 laudare
1884 5640 2113 5705 volunt,

627 5798 669 5829 ‘7
710 5796 727 5849 l
767 5797 889 5853 Cor.
927 5812 1023 5861 χιι,
1063 5798 1147 5850 ll.

2208 4631 2335 4702 περὶ
2360 4627 2523 4682 αὑτοῦ
2545 4644 2558 4658 ·
2598 4646 2616 4676 ι
2656 4626 2730 4679 Οὐ
2775 4623 2916 4677 κατὰ
2945 4623 3043 4690 τὴν
3072 4620 3231 4684 δόξαν
3265 4618 3460 4689 κρινεῖ,
3500 4613 3620 4667 οὐδὲ
3651 4612 3791 4665 κατὰ

2206 4724 2305 4795 τὴν
2359 4720 2549 4774 λαλιὰν
2592 4718 2823 4785 ἐλέγξει.
2859 4736 2875 4767 ι
2911 4712 3222 4784 Θεοπρεπὲς
3264 4710 3325 4762 τὸ
3373 4709 3579 4779 χρῆμα,
3614 4704 3791 4766 ἐοικός

2205 4834 2265 4869 τε
2297 4814 2455 4884 φύσει
2485 4815 2551 4884 τῇ
2572 4810 2849 4864 ἀνωτάτω.
2875 4806 2948 4859 Τὸ
2977 4806 3086 4876 γὰρ
3126 4805 3263 4874 μήτε
3292 4804 3370 4864 εἰς
3395 4800 3550 4865 δόξαν
3592 4797 3693 4865 τὴν
3732 4798 3799 4848 ὲν

2207 4905 2518 4977 ἀνθρώποις
2541 4904 2696 4974 ὁρᾷν,
2732 4901 2898 4971 ὀρθήν
2927 4916 2988 4952 τε
3045 4897 3141 4951 καὶ
3192 4895 3550 4963 ἁδιάστροφον
3578 4888 3677 4959 τὴν
3706 4889 3791 4955 ἐφ’

2205 4999 2421 5066 ἑκάστῳ
2454 4994 2723 5049 ποιεῖσθαι
2772 4993 2954 5064 κρίσιν
3006 4991 3099 5043 καὶ
3145 4986 3447 5057 ἀμώμητον
3491 4978 3792 5043 παντελῶς,

2206 5088 2325 5151 πῶς
2355 5087 2454 5138 οὐκ
2501 5083 2567 5136 ἂν
2617 5082 2818 5153 πρέποι
2856 5081 2921 5149 τῇ
2974 5078 3086 5130 τῶν
3134 5075 3269 5129 ὅλων
3325 5071 3554 5142 βασιλίδι
3593 5067 3803 5137 φύσεις,

2210 5180 2284 5232 Οὐ
2307 5179 2416 5249 γὰρ
2446 5172 2588 5229 οἶδεν
2624 5177 2757 5246 όρᾷν
2795 5174 2874 5235 εἰς
2914 5169 3226 5242 πρόσωπον,
3250 5165 3374 5219 οὔτε
3409 5165 3516 5235 μὴν
3552 5161 3643 5214 τὸν
3676 5162 3797 5222 ταῖς

2211 5271 2277 5323 ὲκ
2301 5268 2546 5322 πλούτων
2580 5264 2914 5337 περιϐολαῖς,
2945 5260 3069 5315 οὔτε
3101 5260 3207 5330 μὴν
3236 5255 3539 5324 ἀξιώμασιν
3565 5252 3796 5321 ὲξωραῖ-

2222 5362 2415 5430 σμένον
2460 5359 2599 5423 ἀξιοῖ
2634 5357 2798 5427 τιμῆς
2841 5354 2874 5424 ἢ
2913 5352 3097 5420 λόγου,
3150 5348 3492 5402 πλεονεκτεῖν
3546 5340 3801 5396 ἐθέλοντά.

2218 5470 2391 5517 τινας,
2419 5449 2738 5521 κατακρίνει
2768 5447 2826 5500 δὲ
2861 5446 3097 5509 πάντως,
3130 5443 3225 5496 καὶ
3262 5440 3533 5509 ἐπάρατον
3563 5434 3801 5502 ἀποφαί-

2220 5564 2299 5600 νει
2320 5546 2411 5599 τὸν
2442 5546 2541 5615 τῆς
2589 5542 2816 5612 ἀνομίας
2846 5539 3105 5611 ἐργάτην.
3146 5537 3260 5590 Οὐκ
3293 5532 3502 5601 ἐλέγξει
3551 5529 3607 5583 δὲ
3656 5527 3801 5582 κατὰ

2221 5640 2321 5710 τὴν
2366 5637 2574 5692 λαλιὰνο
2636 5636 2731 5689 καὶ
2774 5633 2898 5687 τίνα
2943 5630 3141 5702 τρόπον
3191 5626 3297 5699 χρὴ
3348 5621 3668 5685 ἐννοεῖσθαι,
3703 5617 3804 5674 καὶ
