4152 6366
378 384 485 439 517

1505 387 1569 441 ΙΝ
1612 388 1843 443 ISAIAM
1884 388 2011 444 LIB.
2056 388 2119 446 ll.
2163 392 2402 449 TOMUS
2442 394 2481 448 l.

3541 393 3643 451 3l8

378 502 538 556 τοῦτο
566 502 794 557 διειπεῖν
819 504 1134 573 αναγκαῖον.
1165 504 1414 557 Πλεῖστοι
1442 506 1541 574 μὲν
1570 505 1677 577 γὰρ
1716 508 1830 559 ὅσοι
1861 507 1952 559 τῶε

2079 508 2337 563 honorem
2396 510 2714 579 itnpertiunt
2768 511 2892 568 licet
2944 526 3123 567 minus
3187 510 3347 565 bonis
3400 512 3643 565 morilms

381 598 503 652 καθ’
535 598 685 669 ἡμᾶς
706 598 831 659 τοὺς
861 598 1102 650 ἐπαινεῖν
1127 598 1409 659 ἐθέλοντας
1429 598 1638 665 ἀξιοῦσι
1663 600 1847 670 τιμῆς,
1873 602 1967 653 καὶ

382 690 429 741 εί
476 690 551 760 μή
609 704 757 751 τινες
801 682 911 740 εἷεν
959 685 1153 755 ἀγαθοὶ
1195 688 1321 749 τοὺς
1362 687 1616 759 τρόπους,
1676 689 1864 759 μισθὸν
1907 690 1965 742 δὲ

381 780 571 851 ὥσπερ
603 780 703 850 τῆς
748 779 1033 837 κολακείας
1060 779 1242 841 αὐτοῖς
1272 779 1606 849 ἀπονέμουσι
1654 780 1716 832 :0
1758 782 1849 833 καὶ
1879 782 1965 833 θε-

387 871 647 940 ραπεύειν
688 870 801 923 ἐσθ’
830 872 938 934 ὅτε,
980 870 1077 923 καὶ
1127 868 1256 933 τοὺς
1307 872 1398 923 ὑπ’
1446 872 1644 935 αὑτοὺς
1708 872 1965 941 ἐλέγχους

386 965 786 1018 συστέλλουσιν.
849 962 990 1015 Ἀλλ’
1014 962 1075 1015 οὑ
1097 961 1255 1015 τοῦτο
1286 962 1583 1031 δεδρακότα
1636 964 1840 1017 κατίδοι
1882 981 1964 1027 τις

386 1058 454 1111 ἂν
503 1058 597 1111 τὸν
640 1055 846 1127 Κύριον
901 1056 994 1108 καὶ
1040 1053 1173 1107 Θεὸν
1225 1054 1383 1125 ἡμῶν
1440 1054 1647 1125 Ἰησοῦν
1707 1056 1959 1126 Χριστόν.

383 1150 671 1222 Τοιγάρτοι
714 1148 807 1201 καὶ
835 1149 960 1211 τοὺς
994 1151 1352 1218 χρηστοεπεῖν
1404 1149 1733 1218 ᾑρημένους,
1762 1149 1820 1202 οὑ
1856 1150 1962 1219 μὴν

381 1243 581 1296 έτικαὶ
618 1242 858 1311 ἀγαθοὺς
911 1241 1073 1303 ὄντας
1120 1239 1264 1294 κατά
1329 1240 1606 1311 ἀλήθειαν,
1668 1241 1962 1312 ἀποτόμοις

379 1337 625 1406 ἐλέγχοις
646 1334 873 1405 μεθίστη
919 1331 1179 1396 πολλάκις
1223 1333 1317 1385 ἐπί
1357 1348 1421 1400 γε
1473 1334 1533 1385 :0
1565 1333 1713 1403 βίοῦν
1747 1334 1960 1387 ἑλέσθαι

381 1427 842 1498 σωφρονέστερον.
876 1424 1193 1496 Προσῄεσαν
1229 1424 1328 1495 μὲν
1348 1425 1458 1494 γάρ
1484 1442 1613 1477 ποτε
1647 1424 1746 1477 τῶν
1774 1426 1961 1478 καλου-

380 1518 559 1589 μένων
620 1516 963 1588 Ἦρωδιανῶν
1013 1533 1178 1580 τινες,
1222 1515 1531 1586 πράκτορες
1566 1516 1623 1569 δὲ
1669 1510 1813 1569 οὗτοι
1868 1535 1958 1569 τε-

376 1610 585 1674 λωνῶν,
625 1604 746 1663 εἶτα
767 1609 918 1662 δόλον
943 1607 1091 1678 αὑτῷ
1125 1607 1322 1678 πικρὸν
1353 1607 1651 1675 ἀρτίοντες,
1680 1608 1915 1676 ἔφασκον
1940 1624 1953 1637 ⁶

381 1720 402 1752 ι
466 1700 785 1762 Διδάσκαλε,
845 1695 1068 1769 οῖδαμεν
1113 1700 1196 1752 ὅτι
1242 1699 1339 1770 τὴν
1385 1699 1503 1752 ὁδὸν
1554 1700 1649 1753 τοῦ
1709 1700 1843 1753 Θεοῦ
1899 1703 1958 1753 ἐν

374 1793 605 1864 ἀληθείᾳ
633 1792 925 1857 διδάσκεις,
958 1792 1051 1845 καὶ⁵
1078 1792 1138 1844 οὑ
1167 1791 1318 1862 μέλει
1345 1808 1428 1844 σοι
1456 1793 1583 1863 περὶ
1611 1792 1842 1857 οὐδενός.
1881 1794 1955 1846 Οὑ

1896 1886 1921 1907 γ
1988 1854 2029 1907 Β

376 1885 485 1955 γὰρ
536 1884 752 1955 βλέπεις
780 1887 860 1949 εἰς
894 1884 1183 1954 πρόσωπον
1213 1882 1533 1953 ἀνθρώπων.
1584 1883 1798 1950 Ἔξεστι
1830 1886 1954 1939 δοῦ-

374 1995 465 2030 ναι
512 1977 712 2047 φόρους
746 1976 1009 2045 Καίσαρι,
1039 1976 1074 2046 ἢ
1100 1972 1192 2039 οὑ;
1231 1975 1406 2039 Λὺτὸς
1465 1976 1523 2029 δὲ
1576 1977 1712 2049 πρὸς
1756 1979 1952 2045 ταῦτα,

382 2069 441 2122 Γί
478 2085 544 2139 με
570 2067 881 2141 πειράζετε,
903 2067 1195 2136 ὑποκριταί
1223 2084 1238 2133 ;
1271 2068 1571 2132 ἐπιδείξατέ
1603 2087 1692 2140 μοι
1725 2070 1784 2123 :0
1803 2071 1956 2141 νόμι-

375 2178 490 2230 σμα
526 2158 623 2213 τοῦ
668 2160 890 2230 κήνσου.
932 2177 953 2211 ι
1006 2158 1197 2229 Ἀθρει
1244 2159 1309 2230 δὴ
1353 2159 1447 2214 οὖν
1484 2162 1633 2226 ὅπως
1692 2163 1955 2233 διελέγχει

374 2250 793 2313 κολακεύοντας,
838 2250 932 2303 καὶ
956 2250 1453 2320 χρηστολογοῢντας
1485 2253 1819 2307 ἀποσείεται.
1866 2257 1955 2307 Δι-

372 2343 569 2414 ήλεγξε
595 2343 675 2406 δὲ,
704 2342 797 2395 καὶ
820 2342 881 2394 οὑ
908 2342 1049 2395 κατά
1077 2359 1140 2411 γε
1164 2343 1261 2413 τὴν
1291 2342 1480 2396 λαλιὰν
1510 2344 1688 2397 αὑτῶν
1710 2361 1724 2374 '
1762 2346 1813 2397 οἱ
1854 2346 1954 2416 μὲν

371 2437 483 2508 γὰρ
527 2436 874 2504 προσεδόκων
913 2433 1401 2504 ἐπαινεθήσεσθαι,
1434 2435 1574 2506 τάχα
1621 2453 1723 2489 που
1772 2454 1955 2491 κατει-

374 2530 733 2600 ρωνευόμενοι
767 2528 887 2599 μὲν,
937 2526 1077 2598 πλὴν
1126 2527 1303 2595 εὑφυᾶ
1343 2527 1436 2579 καὶ
1495 2528 1953 2600 στωμυλεστάτην

370 2617 783 2688 ἐπιτηδεύοντες
833 2616 932 2688 τὴν
991 2616 1395 2687 κομψολογίαν,
1461 2619 1491 2670 ὁ
1547 2618 1605 2671 δὲ
1673 2619 1953 2691 ἀδοκήτως

371 2709 735 2781 πειράζοντας
792 2709 885 2761 καὶ
920 2707 1220 2779 ὑποκριτὰς
1252 2707 1454 2762 ἐκάλει.
1493 2709 1702 2763 Οὐκοῦν
1727 2711 1787 2763 οὑ
1813 2711 1955 2764 κατὰ

368 2803 467 2875 τὴν
496 2803 655 2867 δόξαν
678 2804 871 2872 κρινεῖ,
893 2801 1192 2864 τουτέστιν,
1213 2801 1273 2854 οὑ
1304 2801 1775 2872 προσωπολήπτης
1802 2802 1953 2855 ἔσται

364 2896 648 2966 δικαστὴς,
683 2893 808 2947 οὔτε
833 2892 938 2964 μὴν
967 2891 1178 2960 ἐλέγξει
1204 2892 1346 2945 κατὰ
1376 2892 1474 2963 τὴν
1497 2893 1707 2947 λαλιάν.
1739 2896 1813 2947 Οὺ
1846 2895 1952 2965 γὰρ

367 2987 640 3054 ἀνέξεται,
669 2986 823 3056 φησὶ,
859 2985 969 3038 τῶν
1014 2985 1205 3037 ἀνόσια
1253 2985 1352 3055 μὲν
1387 2988 1601 3055 φρονεῖν
1638 2986 1950 3057 ᾑρημένων,

369 3082 714 3152 προσωπεῖον
741 3079 798 3132 δὲ
828 3074 1038 3148 ὥσπερ
1072 3078 1285 3148 ἀπάτης
1334 3078 1428 3130 καὶ
1460 3077 1611 3130 δόλου
1646 3079 1953 3145 περιτιθέν-

2068 600 2338 667 praeditis.
2384 602 2571 670 eisque
2631 605 2934 658 mercedem
2993 602 3139 657 velut
3181 601 3509 655 adulationis
3548 604 3644 655 tri-

2068 690 2257 755 buunt,
2291 701 2347 744 ut
2388 692 2653 746 interdum
2688 694 2851 748 etiam
2886 694 3067 748 colant
3123 709 3218 748 eos
3244 703 3298 746 et
3327 693 3637 757 observent,

2067 795 2130 834 ac
2161 784 2607 852 reprehensiones
2630 787 2991 855 supprimunt.
3022 784 3222 840 Verum
3256 786 3539 839 Dominum
3580 802 3642 838 ac

2067 871 2232 927 Deum
2258 888 2497 929 nOSll‘llIIl
2528 876 2710 931 Jesum
2752 877 3024 933 Christum
3058 879 3159 932 hoc
3207 877 3457 932 factitare
3482 890 3641 931 nemo

2065 966 2278 1021 viderit.
2303 967 2401 1033 Qui
2429 970 2571 1021 enim
2615 970 2808 1024 blande
2854 971 3040 1025 volunt
3088 971 3271 1041 loqui,
3305 986 3481 1039 neque
3513 987 3639 1023 vere

2064 1055 2187 1110 boni
2216 1070 2363 1121 sunt,
2415 1061 2513 1115 bos
2541 1062 2910 1117 acerbissimis
2940 1063 3455 1131 reprehensionibus
3500 1077 3631 1116 eon-

2064 1150 2418 1219 vertitsaape,
2458 1161 2517 1206 ιιι
2543 1152 2705 1206 vitam
2740 1154 2908 1208 velint
2957 1155 3241 1209 instituere
3275 1153 3630 1207 moderatius.

2060 1242 2423 1296 Accesserant
2467 1242 2609 1295 enim
2643 1242 2939 1311 aliquando
2965 1244 3182 1312 quidam
3229 1242 3539 1309 Herodiaui,
3577 1252 3634 1295 ut

2063 1342 2323 1387 vocantur
2355 1347 2370 1384 :
2397 1342 2551 1388 erant
2575 1346 2752 1388 autem
2777 1336 2828 1388 hi
2866 1337 3274 1403 publicanorum
3304 1347 3586 1390 exactores
3615 1354 3628 1389 :

2061 1439 2125 1479 ac
2149 1425 2268 1479 dolo
2292 1426 2342 1478 in
2380 1426 2524 1478 illum
2555 1426 2767 1496 egregie
2816 1428 3088 1481 instructo
3121 1428 3376 1482 dicebant
3408 1445 3421 1480 :
3461 1448 3479 1479 ι
3518 1427 3633 1481 Ma-

2060 1518 2246 1587 gister,
2274 1518 2473 1573 scimus
2505 1528 2555 1571 te
2585 1519 2722 1571 viam
2759 1520 2849 1572 Dei
2893 1520 2943 1573 in
2971 1519 3196 1573 veritate
3236 1521 3429 1574 docere
3452 1530 3628 1574 etnon

2058 1624 2180 1663 esse
2213 1607 2307 1662 tibi
2352 1623 2537 1662 curam
2579 1609 2644 1662 de
2675 1608 2885 1676 aliquo;
2927 1625 3030 1662 non
3064 1609 3209 1661 enim
3248 1609 3472 1678 respicis
3517 1624 3632 1676 per-

2060 1716 2245 1755 sonam
2298 1700 2628 1754 hominum:
2675 1701 2870 1754 licetne
2920 1716 3143 1755 censum
3196 1702 3324 1755 dare
3387 1701 3584 1755 Caesari
3613 1743 3627 1767 ,

2058 1792 2277 1846 annon?
2307 1791 2512 1858 Quibus
2542 1791 2670 1847 ille:
2709 1791 2849 1858 Quid
2888 1807 2972 1846 tne
3018 1793 3254 1857 tentatis,
3293 1794 3631 1862 hypocritae?

2056 1884 2327 1939 ostendite.
2355 1884 2481 1937 mihi
2507 1885 2771 1939 numisma
2805 1898 2999 1939 census
3024 1885 3093 1938 ⁸⁸.
3136 1904 3155 1936 ι
3191 1884 3433 1939 Observa
3463 1888 3630 1955 igitur

2056 1995 2162 2049 quo
2193 1990 2349 2049 pacto
2381 1980 2670 2049 redarguat
2709 1979 2988 2049 palpantes
3011 2021 3025 2043 ,
3076 1990 3130 2033 et
3160 1980 3502 2035 blandientes
3544 1998 3631 2035 re~

2056 2072 2237 2135 pellat.
2292 2073 2550 2140 Coarguit
2613 2083 2793 2127 autem
2825 2112 2839 2133 ,
2905 2073 3067 2141 idque
3098 2089 3203 2127 non
3251 2090 3316 2128 ex
3378 2090 3629 2130 sermone

2056 2163 2290 2232 ipsorum
2325 2180 2341 2217 :
2382 2164 2542 2234 196
2568 2179 2693 2217 nam
2731 2165 2780 2218 hi
2816 2166 3103 2232 sperabant
3136 2181 3195 2219 se
3228 2167 3499 2220 laudatum
3540 2168 3625 2231 iri,

2055 2270 2175 2309 cum
2219 2256 2605 2311 cavillarentur
2651 2257 2890 2325 quidem,
2929 2257 3020 2311 sed
3059 2258 3348 2333 ingenuum
3383 2271 3437 2312 ct
3473 2260 3627 2312 blan-

2054 2350 2178 2403 dum
2214 2349 2476 2403 orationis
2529 2350 2765 2419 leporem
2800 2350 3116 2404 adhibentes
3141 2389 3156 2413 ,
3190 2350 3276 2404 hic
3321 2360 3498 2405 autem
3530 2367 3624 2405 eos

2059 2450 2355 2496 teutatores
2399 2452 2453 2497 et
2487 2444 2799 2514 hypocritas
2857 2443 2923 2496 de
2970 2442 3263 2511 improviso
3307 2444 3620 2496 nominavit.

2050 2533 2234 2602 Itaque
2262 2550 2364 2588 non
2404 2534 2668 2603 judicabit
2706 2550 2772 2589 ex
2792 2534 3064 2604 opinione,
3104 2535 3157 2587 id
3189 2544 3292 2600 est,
3329 2550 3434 2589 non
3467 2550 3626 2589 acce-

2053 2637 2231 2695 ptator
2262 2628 2365 2682 erit
2398 2641 2755 2696 personarum
2782 2625 2971 2695 judex,
3008 2642 3182 2694 neque
3222 2627 3510 2695 redarguet
3558 2642 3623 2679 ex

2052 2733 2299 2772 sermone
2340 2735 2353 2771 :
2394 2717 2507 2771 Non
2546 2716 2712 2780 enim,
2768 2717 2943 2784 inquit
2971 2756 2986 2780 ,
3046 2715 3346 2771 adhmrebit
3396 2717 3481 2770 his
3534 2716 3624 2785 qui

2056 2809 2218 2877 impie
2273 2807 2450 2862 allecti
2495 2818 2640 2872 sunt,
2676 2809 2877 2879 quique
2912 2809 3150 2877 leporem
3201 2808 3466 2862 orationis
3509 2818 3627 2861 tan-

2052 2915 2214 2969 quam
2259 2897 2635 2953 fraudulentite
2681 2915 2742 2952 ac
2791 2899 3041 2953 versutia:
3073 2914 3356 2969 personam
3392 2898 3494 2953 sibi
3536 2914 3626 2951 as-

2052 2999 2289 3043 sumunt.
2323 2988 2475 3055 Quod
2507 2988 2706 3043 diserte
2736 2989 2863 3042 dicit
2895 3008 2907 3042 :
2946 3008 2964 3039 (
3011 2988 3123 3041 Non
3150 2989 3329 3043 omnis
3369 2988 3459 3056 qui
3497 2988 3630 3042 dicit

2054 3078 2208 3138 mihi,
2240 3076 2483 3138 Domine,
2540 3077 2760 3129 Domine
2791 3116 2806 3138 ,
2859 3076 3083 3129 iutrahit
3120 3077 3169 3129 iu
3206 3092 3428 3145 regnum
3462 3078 3628 3131 caelo-

367 3191 475 3227 των
499 3174 712 3235 ἑαυτοῖς
740 3172 840 3241 τὴν
868 3169 1252 3240 κομψολογίαν.
1286 3168 1456 3222 Τοῦτό
1481 3169 1564 3221 τοί
1601 3186 1764 3239 φησιν
1794 3172 1950 3241 ἐναρ-

2056 3184 2197 3229 rum,
2225 3168 2316 3222 sed
2348 3171 2436 3237 qui
2475 3168 2602 3222 facit
2627 3169 2954 3222 voluntatem
2990 3168 3166 3223 Patris
3201 3169 3302 3221 mei
3339 3167 3428 3235 qui
3466 3177 3545 3221 est
3574 3169 3625 3221 in

365 3266 511 3334 γῶς·
551 3284 570 3316 ι
606 3265 680 3317 Οὐ
717 3265 823 3326 πΞς
848 3266 875 3316 ό
906 3261 1081 3329 λέγων
1113 3278 1230 3330 μοι,
1268 3260 1459 3330 Κύριε,
1491 3258 1686 3331 Κύριε,
1712 3261 1951 3314 εἰσελεύ-

2053 3260 2203 3313 caelis
2234 3258 2333 3311 ιθ.»
2364 3259 2430 3311 Ει
2456 3274 2643 3311 rursus
2676 3277 2688 3312 :
2731 3277 2748 3308 (
2788 3259 2937 3312 Multi
2968 3259 3147 3312 dicent
3177 3257 3304 3310 mihi
3339 3257 3428 3310 illo
3456 3258 3563 3320 die,
3602 3277 3623 3309 9

368 3376 521 3411 σεται
550 3357 631 3419 είς
659 3356 755 3427 τὴν
779 3352 1055 3425 βασιλείαν
1096 3351 1207 3405 τῶν
1254 3351 1520 3421 οὐρανῶν,
1572 3352 1685 3405 ἀλλ’
1720 3354 1749 3405 ὁ
1777 3351 1949 3406 ποιῶν

2053 3350 2231 3420 iudicii
2282 3350 2561 3413 nimirum,
2598 3369 2617 3401 ‹
2665 3349 2913 3414 Domine,
2943 3350 3187 3412 Domine,
3227 3365 3405 3403 nonne
3440 3350 3493 3403 itt
3534 3366 3630 3403 no-

364 3451 427 3505 :0
452 3449 663 3520 θέλημα
690 3447 785 3500 :06
817 3446 1032 3516 Πατρός
1080 3463 1180 3516 μου
1221 3442 1314 3497 τοῦ
1364 3445 1421 3496 ἐν
1450 3445 1564 3505 τοῖς
1608 3444 1875 3514 οὐρανοῖς.
1924 3464 1943 3496 ι

367 3545 479 3599 Καὶ
511 3542 708 3597 πάλιν·
747 3561 765 3594 ι
796 3540 988 3594 Πολλοὶ
1020 3536 1200 3609 ὲροῦσί
1229 3555 1319 3608 μοι
1343 3538 1401 3590 ἐν
1434 3536 1614 3608 ἐκείνη
1643 3539 1948 3610 τῇ.ημέρᾳ,

365 3638 433 3706 τῇ
461 3635 561 3702 τῆς
598 3632 830 3704 κρίσεως
850 3629 1095 3702 δηλονότι
1119 3644 1135 3658 ·
1167 3627 1359 3699 Κύριε,
1384 3627 1579 3698 Κύριε,
1633 3628 1693 3680 οὑ
1739 3627 1816 3699 τῷ
1872 3627 1950 3699 σῷ

365 3728 595 3798 ὀνόματι
660 3721 1171 3796 προεφηςτεύσαμεν,
1250 3721 1345 3773 καὶ
1424 3720 1687 3787 δυνάμεις
1749 3720 1951 3785 πολλάς

365 3821 740 3891 ἐποιήσαμενς
788 3816 948 3870 Ἀλλά
972 3816 1115 3881 τότε,
1140 3817 1325 3885 φησιν,
1358 3813 1470 3885 ἐρῶ
1494 3815 1676 3877 αὑτοῖς
1694 3831 1708 3845 ·
1753 3812 1947 3884 Ἀμὴν,

365 3914 512 3983 λέγω
537 3914 689 3981 ὑμῖν,
741 3910 997 3964 οὐδέποτε
1054 3908 1225 3976 ἔγνων
1268 3908 1431 3978 ὑμᾶς.
1468 3925 1487 3959 ι
1525 3906 1590 3959 Τί
1631 3906 1688 3959 δὲ
1732 3906 1796 3975 δὴ
1840 3906 1950 3977 ἄρα

365 4002 503 4073 πρὸς
520 4000 729 4064 τούτοις
754 4001 782 4052 ὁ
810 3995 1309 4067 ἀπροσωπόληπτος
1335 3995 1625 4065 ἐργάζεται
1653 3994 1947 4065 δικαστής

366 4094 563 4163 Κρινεῖ
592 4088 833 4159 ταπεινῷ
860 4088 1062 4158 κρίσιν,
1085 4087 1381 4149 τουτέστιν,
1406 4086 1467 4138 οὑ
1492 4084 1807 4156 περιόψεταί
1828 4102 1949 4137 τινα

362 4186 472 4239 τῶν
487 4182 779 4247 ταπεινῶν,
798 4180 913 4235 ἀλλ’
947 4179 1114 4251 ὀρθὴν
1144 4178 1238 4233 καὶ
1258 4177 1559 4249 ἀμώμητον
1577 4178 1661 4230 ἐπ’
1678 4176 1826 4247 αὐτῷ
1849 4176 1949 4247 τὴν

365 4277 550 4350 κρίσιν
576 4275 789 4341 ἐξοίσει.
844 4270 1151 4341 Ἐξελέγξει
1177 4271 1234 4324 δὲ
1267 4270 1471 4341 ὁμοίως
1499 4272 1626 4332 τοὺς
1659 4269 1948 4332 ταπεινοὺς

362 4369 463 4439 τῆς
490 4368 594 4438 γῆς
614 4385 627 4397 ο
655 4366 845 4437 ὥσπερ
871 4364 980 4435 γὰρ
1012 4364 1072 4416 οὑ
1105 4363 1167 4415 :0
1195 4360 1290 4414 :06
1321 4360 1576 4413 πλουσίου
1607 4359 1949 4413 πλεονεκτεῖν

364 4460 641 4523 ἐθέλοντος
693 4455 1010 4530 ἐρυθριάσει
1056 4453 1368 4526 πρόσωπον,
1414 4452 1552 4507 ἀλλά
1595 4451 1808 4506 δικαίαν
1854 4453 1948 4505 ἐπὶ

2051 3444 2195 3497 mine
2252 3453 2343 3495 tuo
2401 3442 2866 3511 pr0phetavituus,
2903 3450 2958 3495 et
2991 3441 3217 3494 virtutes
3256 3440 3453 3494 multas
3488 3456 3629 3509 prte-

2050 3534 2454 3589 stitimus?Sed
2514 3543 2640 3587 tunc
2670 3574 2683 3594 ,
2743 3531 2962 3601 inquit,
3013 3530 3189 3583 dicam
3240 3531 3395 3584 illis:
3455 3532 3626 3585 Amen

2050 3629 2170 3682 dico
2216 3627 2419 3680 vehis:
2459 3641 2729 3693 nunquam
2781 3624 2903 3678 novi
2949 3639 3045 3677 vos
3069 3622 3137 3678 ⁸ο.
3194 3642 3214 3675 ι
3277 3623 3417 3689 Quid
3463 3638 3628 3692 porro

2051 3720 2162 3788 agit
2191 3718 2354 3787 judex
2390 3718 2476 3772 hic
2524 3732 2553 3769 a
2592 3730 2942 3786 personarum
2976 3714 3344 3784 acceptatione
3370 3714 3630 3769 alienus?

2049 3808 2325 3865 Jndicahit
2389 3809 2576 3864 humili
2626 3808 2927 3879 judicium,
2975 3808 3029 3862 id
3060 3817 3172 3871 est,
3214 3824 3318 3861 non
3358 3808 3625 3876 despiciet

2051 3917 2377 3972 quemquam
2434 3901 2722 3966 humilem,
2754 3909 2811 3955 at
2840 3909 3048 3956 rectum
3090 3906 3146 3954 et
3197 3900 3527 3968 inculpatum
3562 3901 3629 3955 de

2048 4011 2114 4051 eo
2144 3993 2405 4064 judicium
2458 3995 2719 4063 proferet.
2763 3992 3029 4047 Similiter
3079 3993 3244 4048 etiam
3285 4001 3476 4063 arguet
3523 3993 3628 4046 hu-

2051 4088 2206 4144 miles
2223 4097 2382 4142 terra:
2406 4104 2420 4140 :
2457 4085 2913 4156 quemadmodum
2929 4085 3075 4141 enim
3105 4100 3393 4156 personam
3412 4084 3621 4150 divitis,

2049 4193 2242 4251 rapere
2287 4195 2351 4234 ac
2403 4179 2643 4250 spoliare
2700 4178 2927 4234 volentis
2956 4219 2973 4244 ,
3023 4194 3128 4234 non
3178 4180 3479 4244 verebitur,
3534 4181 3627 4234 sed

2047 4272 2251 4343 justum
2286 4272 2353 4328 de
2383 4272 2570 4327 humili
2612 4272 2889 4326 exercebit
2932 4271 3195 4340 judicium
3228 4289 3242 4325 :
3275 4271 3371 4336 ita,
3415 4272 3625 4339 inquit,

2048 4366 2095 4421 si
2125 4366 2248 4434 quis
2306 4379 2495 4419 eorum
2569 4364 2657 4432 qui
2710 4365 2763 4417 iu
2811 4364 2957 4418 tenui
3010 4362 3229 4416 fortuna
3274 4372 3328 4417 et
3366 4364 3629 4432 anguStiis

2052 4472 2231 4512 rerum
2266 4455 2334 4509 ad
2363 4454 2528 4508 vitam
2561 4453 2993 4509 necessariarum
3031 4452 3359 4507 constitutus
3387 4464 3491 4516 est,
3522 4468 3623 4506 ex-

363 4552 441 4622 τῷ
490 4550 736 4619 ταπεινῷ
773 4550 1060 4618 ποιήσεται
1109 4546 1294 4617 κρίσιν
1326 4560 1339 4574 ·
1377 4542 1523 4597 οὑτω
1576 4543 1677 4597 κᾶν
1719 4544 1772 4596 εί
1812 4560 1897 4606 τις
1924 4584 1940 4610 ,

2053 4554 2132 4599 lra
2181 4545 2326 4614 leges
2364 4543 2577 4597 divinas
2627 4548 2908 4613 evagetur,
2944 4550 2999 4596 et
3050 4541 3329 4609 injustitire
3394 4541 3628 4597 crimine

365 4644 518 4715 φησὶ,
548 4642 658 4695 τῶν
686 4643 743 4694 ἐν
769 4640 957 4709 ὑφέσει
989 4638 1082 4692 καὶ
1106 4637 1548 4710 σμικροπρεπείᾳ
1576 4641 1643 4709 τῇ
1671 4636 1813 4692 κατὰ
1847 4637 1939 4690 τὸν

2053 4637 2313 4693 :ouvictus
2355 4651 2418 4691 ac
2468 4636 2794 4691 constrictus
2837 4643 3108 4699 teneatur,
3148 4635 3316 4689 etiam
3377 4635 3422 4688 is
3463 4648 3624 4689 coar-

366 4736 497 4806 βίον,
538 4734 645 4801 ἔξω
690 4732 799 4787 τῶν
850 4732 1009 4785 θείων
1052 4730 1269 4801 φέροιτο
1313 4730 1511 4800 νόμων,
1565 4731 1659 4783 καὶ
1702 4732 1812 4792 τοῖς
1840 4728 1941 4798 τῆς

364 4829 579 4890 ἀδικίας
622 4826 964 4896 ἐγκλήμασιν
989 4823 1180 4876 ἐαυτὸν
1209 4822 1379 4885 ἀνιεὶς
1408 4822 1707 4887 ἁλίσκοιτο,
1754 4820 1941 4891 φησὶν,

363 4920 749 4990 ἐλεγχθήσεται
832 4917 927 4969 καὶ¹
1002 4907 1178 4977 οὗτος.
1244 4914 1561 4985 Γέγραπται
1628 4913 1782 4984 γὰρ,
1863 4912 1947 4965 ὅτι

374 5032 393 5063 ι
422 5014 638 5083 Πένητα
660 5011 761 5064 οὑκ
785 5009 1027 5079 ἐλεήσεις
1060 5010 1117 5060 ἐν
1143 5006 1342 5077 κρίσει.
1370 5026 1387 5057 ι
1412 5006 1623 5077 Ὥσπερ
1642 5007 1750 5075 γὰρ
1770 5005 1861 5057 τὸν
1886 5005 1944 5057 ἐν

364 5106 599 5173 πλούτῳ,
654 5103 748 5156 καὶ
783 5103 1048 5171 ὑπεροχῇ,
1078 5099 1174 5153 καὶ
1225 5099 1410 5169 μέντοι
1461 5099 1555 5151 καὶ
1605 5096 1942 5159 δυναστείαις

363 5200 461 5252 οὑκ
489 5196 792 5262 ἀπαλλάξει
820 5195 930 5248 τῶν
973 5192 1315 5265 αἱτιαμάτων
1332 5192 1393 5245 :0
1420 5191 1741 5263 περιφανὲς,
1771 5192 1820 5243 εί
1853 5190 1944 5243 ἐπί

362 5308 473 5344 τισι
497 5289 607 5343 τῶν
640 5288 884 5341 ἐκτόπων
922 5284 1385 5354 καταγινώσκοιτο
1404 5324 1419 5349 ,
1464 5282 1637 5346 οὑτως
1663 5283 1764 5336 οὑκ
1793 5283 1946 5335 ἐλευ-

366 5382 597 5454 θερώσει
633 5380 729 5434 :06
758 5375 900 5432 εἶναι
938 5377 1172 5449 πονηρὸν
1199 5377 1262 5430 τὸ
1291 5380 1350 5430 ἐν
1395 5376 1584 5445 ὑφέσει
1612 5376 1707 5429 καὶ
1747 5391 1944 5428 ταπει-

364 5477 545 5545 νότητι
570 5470 1006 5544 σμικροπρεπὲς,
1030 5469 1154 5521 οὑτε
1184 5467 1290 5540 μὴν
1320 5466 1620 5532 ἀπαλλάξει
1653 5464 1747 5519 :06
1780 5464 1940 5518 κολά-

365 5566 549 5633 ζεσθαι
592 5566 701 5617 δεῖν
752 5562 843 5615 τὸν
868 5564 935 5631 τῇ
967 5561 1207 5631 πτωχείᾳ
1244 5558 1698 5629 κατηχθισμένον,
1729 5558 1824 5610 καὶ
1851 5557 1944 5609 τὸν

367 5657 641 5713 ἀπευκτὸν
682 5655 783 5709 καὶ
812 5652 1122 5724 τρισάθλιον
1180 5652 1480 5722 ἀμείϐοντα
1523 5649 1658 5721 βίον.
1698 5650 1945 5702 Ποοσεπ-

437 5818 483 5847 ⁸⁸
514 5813 708 5869 Matth.
738 5828 871 5878 χχιι,
906 5810 1093 5866 16α21.
1174 5809 1215 5843 ⁸9
1258 5807 1447 5865 Matth.
1477 5824 1571 5875 vtt,
1610 5808 1700 5863 Et.

1779 5808 1824 5839 ⁵³
1858 5804 1989 5861 Ibid.
2018 5823 2153 5870 xm,
2187 5807 2273 5861 Ξῖ).

2038 4741 2252 4802 guetur.
2287 4729 2561 4799 Scriptum
2595 4727 2737 4782 enim
2766 4735 2847 4781 est
2883 4743 2896 4779 :
2944 4743 2964 4777 ι
3007 4724 3307 4795 Pauperem
3341 4740 3447 4779 non
3511 4725 3617 4778 nti-

2040 4822 2305 4884 sereberis
2360 4823 2413 4875 in
2459 4819 2662 4889 judicio
2690 4818 2757 4870 δι.
2819 4836 2839 4869 ι
2903 4817 3371 4884 Quemadmodum
3421 4817 3625 4870 eleuim

2044 4915 2283 4979 divitiis,
2313 4924 2368 4969 et
2416 4912 2700 4982 dignitate,
2745 4920 2802 4967 et
2862 4911 3170 4981 principatu
3205 4920 3422 4965 auctum
3462 4924 3624 4963 orna--

2049 5016 2270 5077 tumque
2346 5004 2565 5061 claritas
2636 5011 2691 5058 et
2761 5001 3059 5071 amplitudo
3127 5001 3444 5056 criminibus
3514 5015 3623 5053 non

2047 5097 2290 5153 absolvet
2309 5138 2325 5163 ,
2379 5097 2425 5150 si
2455 5110 2578 5151 reus
2606 5105 2860 5165 peractus
2895 5095 2967 5150 sit
3011 5092 3280 5148 foedorum
3309 5092 3577 5146 scelerum
3607 5110 3619 5144 :

2046 5191 2126 5245 sic
2157 5189 2383 5259 abjectre
2416 5189 2647 5243 fortuna:
2680 5196 2734 5243 et
2789 5187 3009 5242 humilis
3054 5184 3326 5240 hominem
3384 5184 3628 5253 parvitas

2046 5281 2164 5337 haec
2194 5297 2222 5335 a
2254 5280 2396 5335 malo
2422 5294 2531 5335 non
2575 5279 2894 5345 vindicabit,
2930 5293 3034 5334 nec
3067 5294 3095 5331 a
3127 5276 3392 5346 supplicio
3442 5278 3629 5345 prohi-

2048 5371 2197 5427 bebit
2244 5371 2564 5426 defendetve
2592 5388 2715 5426 eum
2742 5372 2833 5442 qui
2870 5370 3221 5426 mendicitate
3252 5376 3516 5439 gravatur
3568 5377 3621 5424 et

2050 5463 2394 5533 opprimitur,
2429 5471 2484 5517 et
2511 5463 2898 5532 quisordidam
2954 5478 3019 5518 ac
3050 5473 3131 5516 ter
3162 5461 3419 5515 miseram
3455 5460 3624 5515 vitam

2053 5556 2390 5611 transmittit.
2426 5556 2681 5627 Adjungit
2710 5564 2971 5626 prmterea
3023 5555 3105 5609 his
3137 5562 3194 5609 et
3227 5552 3333 5608 alia
3374 5552 3622 5621 qumdam

2052 5648 2246 5703 divina:
2292 5648 2626 5705 excellentiae
2657 5664 2891 5720 genera,
2934 5664 3053 5719 qua:
3093 5647 3223 5704 dicit
3282 5647 3334 5701 in
3378 5642 3620 5701 omnium

2357 5806 2396 5835 ’⁵¹
2429 5804 2597 5861 Exod.
2629 5820 2785 5871 xxnt,
2814 5804 2868 5860 '5.
