4152 6366
567 369 673 426 319

1561 377 1620 431 S.
1662 375 1929 431 CYlllLLl
1970 371 2436 427 ALEXANDRINI
2480 372 2794 428 ARCIIIEP.

3724 369 3823 425 320

571 484 859 539 Servatore
893 486 1108 540 Christo
1137 503 1276 553 esse,
1315 488 1439 557 quia
1478 506 1581 542 non
1621 493 1795 545 nudus
1827 504 1878 545 et
1909 492 2130 559 simplex

2244 508 2365 558 αγει
2404 491 2459 542 δὲ
2518 490 2727 552 τούτοις
2786 489 2881 541 καὶ
2926 487 3092 559 ’ἐτερά
3124 504 3246 540 τινα
3295 488 3404 540 τῶν
3459 487 3541 541 ὅτι
3595 487 3823 559 μάλιστα

570 576 733 627 Ιιοιιιο
771 585 969 629 nostrm
998 578 1322 631 conditionis
1357 578 1537 639 fuerit,
1588 582 1702 644 sed,
1736 583 1809 634 uti
1837 583 1971 645 dixi,
2018 583 2141 637 Ver-

571 665 692 717 bum
730 665 1169 736 Deiunigenitutn
1195 670 1555 736 incarnatum,
1582 683 1634 726 ct
1659 674 1909 727 humana:
1933 683 2140 729 natura:

570 758 858 824 particeps.
879 760 1016 824 Quid
1049 776 1178 830 ergo
1208 760 1444 817 elIiciet?
1478 764 1671 831 inquit.
1730 764 2002 820 Percntiet
2031 777 2139 820 ter-

567 862 681 900 ram
714 854 879 902 verho
906 852 1017 903 oris
1041 853 1143 905 sui.
1172 851 1415 921 thnam
1452 854 1608 924 197
1639 858 1881 910 terram?
1910 857 2138 913 Maxime

567 952 729 1005 quam
760 952 1074 996 exsecratus
1104 952 1205 997 est.
1242 944 1336 997 Est
1385 948 1598 1013 quidem
1641 948 1740 1003 hoc
1777 964 1991 1011 verum,
2028 951 2138 1004 imo

566 1028 633 1081 de
654 1030 798 1082 omni
828 1032 1351 1086 terraverissimum.
1391 1034 1666 1090 Maledixit
1697 1038 1840 1093 enim
1866 1039 2136 1093 universae

566 1128 744 1183 terrae,
778 1137 871 1174 seu
932 1123 1165 1179 hominis
1213 1135 1421 1179 natura!
1469 1127 1523 1181 in
1573 1128 1812 1193 Adamo,
1846 1130 2130 1201 inquiens:

569 1230 588 1262 σ
632 1208 795 1267 Terra
821 1228 879 1268 es
902 1257 916 1281 ,
949 1224 1004 1269 et
1034 1216 1085 1269 in
1128 1224 1326 1269 terram
1352 1218 1454 1272 ibis
1477 1219 1544 1272 ⁵².
1570 1239 1590 1271 ι
1627 1219 1905 1275 Maledixit
1937 1223 2134 1278 nihilo-

563 1308 740 1359 minus
783 1308 948 1377 impio
984 1311 1184 1364 mundo
1212 1353 1227 1378 ,
1270 1326 1429 1380 quem
1482 1329 1622 1383 aqua
1677 1317 1967 1383 Oppressit.
2018 1317 2131 1370 Ma-

560 1397 748 1452 ledixit
791 1403 953 1455 etiam
997 1403 1180 1457 adluec
1232 1402 1442 1465 ludzeze,
1505 1398 1629 1460 cum
1678 1408 1867 1462 incola:
1896 1409 2012 1478 ejus
2051 1419 2132 1463 te-

558 1489 797 1544 mulente
825 1493 876 1545 in
911 1492 1058 1546 illum
1088 1496 1502 1551 dehlaterarent.
1542 1500 1850 1555 Dixitenim
1878 1520 1893 1557 :
1925 1520 1942 1553 ι
1970 1500 2129 1557 Jeru-

557 1579 747 1643 salem,
785 1580 1105 1647 Jerusalem,
1136 1602 1253 1653 quae
1275 1589 1478 1643 occidis
1517 1593 1838 1659 prophetas,
1887 1604 1945 1647 et
1985 1596 2052 1648 ad
2081 1604 2132 1649 te

557 1672 756 1729 missos
796 1676 1020 1745 lapidas,
1050 1681 1261 1745 quoties
1291 1682 1432 1735 volui
1466 1698 1798 1753 congregare
1822 1684 1961 1739 lilios
1988 1695 2127 1753 tuos,

555 1766 1009 1830 quemadmodum
1058 1769 1253 1837 gallina
1295 1780 1594 1840 congregat
1647 1772 1820 1839 pullos
1858 1789 1984 1828 suos
2031 1777 2130 1830 sub

554 1858 696 1922 alas,
752 1869 806 1912 et
854 1860 1154 1915 noluistis?
1189 1861 1332 1916 Ecce
1390 1862 1716 1931 relinquitur
1757 1864 1910 1918 vobis
1936 1866 2130 1921 domus
2161 1850 2204 1906 Β

552 1961 731 2003 vestra
762 1950 883 1992 ⁸³-δδ
931 1971 949 2004 ι
974 1950 1028 2006 ln
1049 1953 1140 2007 illo
1162 1955 1330 2021 enim,
1369 1954 1693 2024 relinquitur
1715 1957 1906 2012 domus
1928 1967 2129 2022 vestra,

552 2043 917 2100 derelictionis
966 2046 1017 2099 in
1061 2062 1123 2101 ea
1161 2045 1317 2102 facta:
1348 2049 1629 2104 calamitas
1669 2049 1992 2118 explicatur.
2026 2049 2128 2104 De-

553 2136 738 2190 relicta
770 2152 901 2191 vero
949 2140 1017 2192 ab
1049 2154 1148 2203 eo,
1186 2139 1325 2193 bello
1350 2179 1365 2204 ,
1429 2140 1550 2209 igne
1598 2150 1652 2194 et
1692 2142 2128 2196 adversariorum

554 2230 803 2284 manibus
824 2240 1140 2300 consumpta
1164 2239 1268 2286 est.
1293 2232 1390 2286 Est
1414 2232 1540 2287 item
1574 2233 1702 2287 illud
1726 2232 1872 2287 aliud
1919 2234 2129 2305 signum

552 2329 607 2373 et
658 2320 1109 2391 complementum
1159 2340 1383 2379 summae
1433 2326 1717 2393 potestatis
1752 2344 1767 2379 :
1799 2326 2005 2395 Spiritu
2055 2328 2132 2380 Ia-

550 2414 762 2466 biornm
794 2412 1007 2469 auferet
1036 2415 1278 2484 impium.
1311 2415 1619 2484 lncrepavit
1646 2418 1789 2472 enim
1819 2417 2130 2475 immundos

550 2506 771 2573 spiritus
798 2547 812 2570 ,
864 2516 919 2561 et
967 2518 1229 2576 quantum
1264 2509 1554 2562 humanam
1589 2519 1839 2563 naturam
1873 2511 2126 2581 attingit,

549 2614 654 2651 vox
704 2600 984 2668 personuit
1031 2614 1097 2653 ex
1158 2616 1255 2654 ore
1310 2609 1365 2654 et
1416 2600 1616 2661 labiis,
1688 2603 1849 2671 vique
1904 2604 2129 2672 spiritus

550 2694 914 2762 inexplicabili
966 2695 1354 2751 daemoniorum
1420 2695 1708 2749 multitudo
1779 2695 1949 2749 fracta
2021 2705 2126 2751 est.

549 2787 719 2840 Erunt
760 2796 959 2847 autem,
1004 2788 1100 2850 ait,
1139 2797 1192 2841 et
1234 2785 1441 2855 iustitia
1462 2788 1633 2842 cincti
1676 2788 1841 2842 lumbi
1881 2788 2035 2856 ejus,
2076 2798 2131 2844 et

549 2877 781 2930 veritate
822 2877 1061 2931 involuta
1117 2878 1307 2933 latera.
1356 2878 1590 2933 Perinde
1628 2880 1773 2934 enim
1832 2888 1916 2934 est
1948 2920 1963 2939 .
1995 2896 2060 2935 ac
2085 2881 2130 2936 si

547 2969 672 3036 quis
711 2969 894 3031 dicat,
957 2967 1283 3024 Potestatem
1336 2981 1391 3025 et
1450 2972 1825 3026 auctoritatem
1869 2972 1922 3027 in
1967 2974 2129 3028 rebus

546 3061 835 3115 mundanis
867 3061 1025 3115 habet
1056 3063 1279 3115 omnino
1319 3063 1546 3126 nullam,
1579 3080 1642 3118 ac
1686 3066 1914 3133 gloriam
1948 3066 2129 3121 verius

546 3151 808 3214 divinam,
830 3162 884 3205 et
912 3153 1067 3221 quasi
1114 3153 1424 3209 succinctus
1448 3166 1530 3210 est
1554 3156 1766 3221 justitia
1795 3167 1850 3211 et
1878 3158 2122 3213 veritate.
2153 3186 2196 3246 ο

547 3242 693 3295 Zona
722 3253 901 3297 autem
937 3244 1149 3314 signum
1180 3255 1263 3300 est
1294 3248 1666 3315 principatus,
1697 3260 1752 3303 et
1798 3264 1921 3304 cum
1952 3252 2123 3319 dicat,

545 3335 595 3389 ei
631 3333 869 3387 involuta
894 3334 1088 3401 latera,
1128 3336 1261 3390 nihil
1290 3337 1432 3391 aliud
1465 3349 1547 3391 cst
1571 3353 1733 3407 quam
1764 3341 1807 3393 si
1844 3342 2122 3408 declaret,

545 3438 804 3494 tanquam
836 3427 1071 3482 balteum
1100 3432 1408 3498 quempiam
1459 3432 1981 3500 circumpositurnm
2021 3436 2123 3501 sibi

538 3519 845 3587 justitiam,
908 3528 961 3574 et
1009 3532 1272 3590 prmterea
1324 3523 1630 3577 veritatem.
1685 3523 1995 3582 Verisimile
2041 3536 2128 3584 est

545 3626 746 3677 autem,
770 3627 892 3667 eum
929 3613 1195 3681 justitiam
1222 3625 1275 3668 et
1302 3616 1588 3670 veritatem
1623 3618 1896 3687 appellare
1926 3636 2124 3675 novam

543 3718 598 3764 et
627 3709 990 3779 evangelicam
1019 3709 1481 3778 praedicationem,
1520 3712 1977 3777 quemadmodum
2040 3714 2123 3768 di-

542 3811 687 3854 ctum
716 3809 799 3853 est
846 3799 895 3853 ei
933 3799 1218 3869 psallentis
1247 3815 1379 3854 voce
1413 3819 1426 3853 :
1465 3818 1485 3852 ι
1513 3800 1729 3856 Justitia
1763 3813 1850 3857 tua
1870 3845 1885 3869 ,
1912 3803 2123 3870 justitia

543 3891 596 3944 in
628 3907 843 3944 omnem
879 3892 1261 3955 aeternitatem,
1298 3900 1354 3946 et
1394 3893 1479 3946 lex
1530 3902 1616 3946 tua
1656 3896 1856 3949 veritas
1879 3897 1945 3949 ⁸⁸.
1977 3916 1996 3949 ι
2025 3897 2123 3952 Ju--

543 3984 705 4037 stitia:
734 3984 877 4037 enim
910 3984 1169 4052 magistra
1196 3992 1314 4038 erat
1350 3995 1403 4037 et
1433 3985 1538 4048 lex,
1568 3987 1664 4040 sed
1702 4002 1809 4041 non
1844 3989 2043 4043 mansit
2070 3989 2122 4044 in

542 4087 826 4139 aeternum,
861 4074 1084 4128 meliore
1117 4084 1171 4128 et
1196 4074 1521 4144 porrectiore
1550 4076 1881 4143 introducta,
1915 4080 2125 4135 scilicet

542 4184 663 4235 qua:
697 4182 792 4235 per
835 4166 1111 4221 Christum
1154 4168 1257 4221 lata
1307 4178 1409 4223 est.
1473 4169 1683 4224 Rursus
1730 4170 1816 4225 lex
1849 4186 1956 4226 non
2005 4182 2125 4227 erat

541 4258 763 4325 veritas,
797 4260 889 4313 sed
923 4270 1079 4331 typus
1110 4260 1289 4329 potius
1324 4270 1377 4313 ct
1405 4262 1616 4313 umbra.
1661 4261 1909 4316 Christus
1936 4272 2119 4318 autem

541 4361 595 4405 et
631 4350 748 4421 ejus
783 4350 926 4422 leges
975 4365 1108 4422 pure
1165 4360 1219 4406 et
1250 4350 1568 4420 simpliciter
1587 4364 1746 4407 erant
1776 4355 2001 4411 veritas.
2037 4356 2124 4412 Si-

541 4446 758 4513 quidem
788 4444 925 4498 dixit
955 4462 969 4499 :
1000 4463 1018 4496 ι
1058 4445 1164 4515 Ego
1189 4460 1308 4500 sum
1348 4447 1548 4500 veritas
1579 4445 1645 4499 ⁸⁸.
1674 4464 1692 4497 ι

2244 581 2727 650 Θεοπρεπεστάτων
2771 577 3120 649 ἀξιωμάτων,
3149 579 3185 632 ἆ
3213 580 3306 631 καὶ
3358 581 3641 648 προσεῖναί
3691 596 3821 651 φησι

2239 671 2317 741 τῷ
2358 674 2572 727 πάντων
2602 673 2814 745 Σωτῆρι
2842 671 3082 743 Χριστῷ,
3105 671 3187 723 ὅτι
3219 669 3293 740 μὴ
3336 670 3491 739 ψιλὸς
3540 671 3823 742 ἄνθρωπος

2240 763 2363 815 καθ’
2407 766 2583 835 ἡμᾶς,
2639 764 2753 817 ἀλλ’
2810 758 2914 834 ἦν,
2979 763 3055 826 ὡς
3123 762 3280 831 ἔφην,
3359 763 3666 832 σαρκωθεὶς
3734 763 3823 817 καὶ

2239 857 2664 929 ὲνανθρωπήσας
2684 860 2712 911 ὁ
2741 857 3035 928 μονογενὴς
3063 855 3158 910 τοῦ
3186 854 3322 909 Θεοῦ
3340 856 3533 924 Λόγος.
3562 856 3627 909 Τί
3649 855 3815 911 τοίνυι

2238 949 2563 1019 ὲργάσεται;
2594 968 2778 1022 φησιν.
2813 948 3050 1014 Πατάξει
3075 950 3181 1020 γῆν
3207 948 3284 1019 τῷ
3313 948 3458 1019 λόγῳ
3483 949 3578 1003 τοῦ
3625 950 3815 1021 στόμασ

2242 1056 2333 1103 τος
2374 1040 2558 1095 αὐτοῦ.
2592 1042 2703 1095 Καὶ
2737 1042 2898 1094 ποίαν
2927 1041 3036 1111 ἄρα
3056 1040 3198 1110 γῆν;
3229 1041 3480 1094 Μάλιστα
3537 1040 3637 1110 μὲν
3661 1040 3729 1111 ἢν
3762 1041 3822 1094 ἂν

2237 1131 2630 1202 καταράσαιτο.
2694 1132 2917 1203 amet;
2949 1133 2993 1186 δ’
3022 1130 3089 1185 ἂν
3121 1131 3207 1202 εἴη
3255 1132 3349 1185 καὶ
3394 1132 3487 1185 ἐπὶ
3528 1132 3711 1202 πάσης
3765 1133 3822 1184 τὶ

2235 1224 2542 1295 εἰρημένον.
2604 1227 2970 1296 Κατηράσατο
3016 1224 3123 1295 γὰρ
3177 1223 3475 1294 σύμπασαν
3536 1225 3662 1294 γῆν,
3707 1224 3820 1294 ἦτοι

2233 1313 2332 1386 τὴν
2359 1316 2647 1387 ἀνθρώπου
2676 1316 2858 1385 φύσιν,
2890 1314 3146 1369 εἰπὼννὲν
3194 1314 3399 1384 Ἀδάμ·
3460 1333 3480 1365 ι
3524 1315 3598 1385 Γῆ
3628 1310 3696 1377 εί,
3729 1314 3824 1366 καὶ

2234 1410 2316 1471 εἰς
2344 1409 2447 1479 γῆν
2484 1409 2782 1479 ἀπελεύσῃ.
2827 1428 2844 1461 ι
2894 1408 3262 1479 Κατηράσατο
3321 1406 3430 1478 γὰρ
3471 1406 3623 1460 οὐδὲν
3661 1401 3824 1477 ἧττον

2233 1510 2439 1572 κὺσμον
2480 1501 2695 1555 ἀσεϐῶν
2723 1500 2877 1555 ὕδατι
2937 1500 3297 1566 καταπνίξας.
3354 1499 3723 1571 Κατηράσατο
3766 1498 3823 1551 δὲ

2232 1594 2371 1665 πρὸς
2419 1592 2633 1655 τούτοις
2673 1591 2778 1663 τὴν
2840 1592 3123 1657 Ἰουδαίαν,
3155 1590 3676 1662 ὲμπαροινησάντων
3728 1590 3823 1642 αὺ-

2230 1687 2309 1758 τῷ
2330 1686 2439 1740 τῶν
2480 1685 2771 1738 οἰκούντων
2808 1686 2998 1756 αὑτήν.
3067 1685 3211 1753 Ἔφη
3256 1683 3367 1756 γάρ
3398 1700 3413 1713 ο
3466 1701 3485 1734 ι
3556 1682 3825 1755 Ἰερουσα-

2232 1779 2364 1850 λὴμ,
2392 1780 2426 1849 ὴ
2452 1778 2854 1832 ἀποκτείνουσα
2882 1779 3010 1841 τοὺς
3034 1780 3341 1849 προφήτας,
3363 1776 3458 1830 καὶ
3474 1774 3826 1830 λιθοϐολοῦσα

2230 1872 2360 1936 τοὺς
2390 1871 2839 1942 ἀπεσταλμένους
2874 1870 3011 1939 πρὸς
3040 1872 3211 1939 αὑτήν
3239 1883 3253 1898 ·
3295 1867 3530 1931 ποσάκις
3580 1866 3822 1937 ἠθέλησα

2231 1967 2655 2033 ἐπισυναγαγεῖν
2691 1963 2759 2016 τά
2797 1963 2963 2016 τέκνα
3016 1978 3136 2025 σου,
3198 1961 3259 2014 ὃν
3297 1960 3499 2031 τρόπον
3523 1959 3673 2031 ὅρνις
3703 1960 3823 2012 ἑπι-

2232 2057 2549 2126 συνάγειτά
2590 2056 2777 2109 νοσσία
2822 2055 3022 2125 ἑαυτῆς
3070 2054 3176 2107 ὐπὸ
3228 2054 3329 2117 τὰς
3383 2052 3683 2123 πτέρυγας,
3729 2052 3820 2105 καὶ

2230 2149 2331 2201 οὐκ
2366 2147 2704 2219 ἡθελήσατε;
2767 2146 2876 2198 ἰδοὺ
2908 2146 3129 2213 ἀφίεται
3168 2146 3298 2215 ὑμῖν
3338 2146 3366 2198 ὁ
3395 2141 3545 2207 οἶκος
3571 2143 3747 2213 ὑμῶν,
3792 2163 3826 2193 »υ

2246 2241 2332 2294 Ἐν
2363 2240 2471 2310 γάρ
2521 2239 2619 2310 τῷ,
2653 2238 2873 2307 ἀφίεται
2893 2238 3020 2308 ὑμῖν
3056 2237 3084 2289 ὁ
3124 2232 3270 2300 οἶκος
3299 2234 3473 2306 ὑμῶν,
3504 2234 3565 2287 τὸ
3596 2235 3696 2304 τῆς
3729 2235 3821 2303 ἐγ-

2230 2333 2603 2401 καταλείψεως
2649 2332 2750 2401 τῆς
2801 2333 2889 2384 ἐπ’
2946 2331 3082 2402 αὐτῇ
3123 2329 3426 2400 γενομένης
3479 2327 3831 2396 διαφαίνεται

2232 2425 2422 2487 πάθος.
2479 2422 2998 2492 Ἐγκαταλειφθεῖσα
3038 2423 3097 2475 δὲ
3147 2423 3277 2492 παρ’
3322 2419 3487 2473 αὐτοῦ
3517 2418 3819 2489 δεδαπάνη-

2230 2533 2321 2569 ται
2349 2516 2442 2569 καὶ
2475 2515 2697 2585 πολέμῳ
2729 2514 2824 2567 καὶ
2871 2514 3024 2585 πυρὶ,
3056 2513 3152 2566 καὶ
3169 2515 3290 2576 ταῖς
3316 2511 3422 2565 τῶν
3460 2510 3833 2584 ἀνῃρηκότων-

2231 2611 2450 2681 χερσίν.
2489 2610 2719 2680 Ἕτερον
2758 2607 2817 2660 δὲ
2869 2606 3003 2677 πρὸς
3048 2606 3224 2676 τούτῳ
3274 2606 3525 2676 σημεῖον,
3584 2604 3680 2657 καὶ¹
3720 2603 3833 2672 τῆς

2231 2701 2493 2755 ἀνωτάτω
2538 2700 2819 2769 δυνάμεως
2848 2697 3222 2768 ἀποτέλεσμα,
3253 2696 3314 2749 τὸ
3336 2698 3393 2750 ὲν
3427 2694 3698 2765 πνεύματι
3734 2692 3823 2747 διὰ

2231 2792 2453 2863 χειλέων
2486 2791 2697 2844 ἀνελεῖν
2720 2790 2914 2860 ἀσεϐῆ.
2962 2788 3232 2858 Ἐπετίμα
3265 2786 3375 2858 γάρ
3406 2790 3521 2850 τοῖς
3572 2784 3819 2856 ἀκαθάρ-

2230 2902 2345 2949 τοις
2373 2884 2672 2955 πνεύμασι,
2726 2883 2821 2937 καὶ
2854 2883 2978 2936 ὅσον
3016 2882 3115 2953 μὲν
3145 2874 3280 2952 ἦκεν
3312 2879 3393 2943 εἴς
3430 2896 3495 2948 γε
3524 2878 3584 2931 τὸ
3612 2876 3823 2948 ἀνθρώ-

2232 2994 2403 3041 πινον,
2460 2978 2493 3047 ή
2537 2976 2625 3029 διά
2683 2976 2949 3045 στόματος
3006 2974 3103 3027 καὶ
3164 2972 3389 3043 χειλέων
3444 2971 3834 3025 ἀπεκτυπεῖτο.

2231 3068 2404 3139 φωνὴ,
2457 3070 2524 3139 τῇ
2562 3067 2621 3120 δὲ
2650 3068 2875 3138 ἀρρήτῳ
2902 3064 3131 3135 δυνάμει
3177 3062 3274 3116 τοῦ
3307 3062 3675 3132 πνεύματοςή
3712 3060 3823 3114 τῶν

2230 3161 2525 3231 δαιμονίων
2548 3159 2759 3230 πληθὺς
2798 3156 3175 3228 συνεθραύετο.
3210 3156 3407 3209 Ἔσται
3436 3155 3514 3219 δὲ,
3538 3152 3693 3225 φησὶ,
3727 3154 3821 3207 καὶ

2226 3252 2539 3323 δικαιοσύνῃ
2568 3250 2879 3321 ὲξωσμένος
2907 3250 3006 3321 τὴν
3046 3248 3218 3318 ὀσφὺν
3244 3247 3431 3315 αὑτοῦ,
3464 3247 3557 3301 καὶ
3592 3245 3822 3316 ἀληθείᾳ

2228 3344 2515 3414 είλημένος
2565 3342 2664 3403 τὰς
2716 3339 2981 3411 πλευράς.
3033 3340 3260 3410 Ὅμοιον
3302 3339 3412 3410 γάρ
3463 3339 3538 3401 ὡς
3568 3340 3617 3391 εἰ
3648 3337 3835 3406 λέγοι,

2232 3436 2475 3506 Δύναμις
2503 3433 2675 3504 αὐτῷ,
2706 3433 2800 3485 καὶ
2826 3430 3045 3502 ἀξίωμα
3097 3430 3207 3484 τῶν
3265 3431 3364 3501 μὲν
3420 3432 3478 3483 ὲν
3522 3429 3713 3500 κόσμῳ
3758 3428 3822 3481 τὸ

2227 3528 2449 3597 σύμπαν
2482 3524 2651 3589 οὐδὲν,
2676 3524 2803 3588 δόξα
2824 3525 2878 3578 δὲ
2909 3524 3109 3595 μᾶλλον
3137 3526 3170 3594 ή
3199 3522 3529 3593 θεοπρεπὴς,
3554 3523 3651 3575 καὶ
3702 3517 3818 3575 οἷον

2227 3616 2462 3683 ὲςῶσθαι
2514 3613 2833 3688 δικαιοσύνῃ
2866 3614 2961 3669 καὶ
2999 3613 3247 3685 ἀληθείᾳ.
3298 3612 3452 3684 Ζώνη
3498 3613 3557 3666 δὲ
3596 3615 3822 3683 σημεῖον

2225 3709 2424 3780 ἀρχῆς,
2459 3708 2553 3762 καὶ
2593 3707 2654 3760 τὸ
2699 3706 2947 3777 είλῆσθαι
3000 3704 3181 3775 λέγειν
3225 3703 3389 3759 αὐτὸν
3414 3702 3513 3767 τὰς
3555 3703 3831 3775 πλευρὰς,

2226 3800 2413 3873 ἕτερον
2444 3799 2597 3852 οὺδὲν
2626 3797 2711 3867 εἴη
2737 3797 2803 3850 ἂν
2834 3796 2867 3867 ἢ
2915 3795 3049 3849 αὐτὸ
3085 3795 3149 3864 δὴ
3189 3792 3347 3848 τοῦτο
3384 3793 3823 3864 κατασημαίνον-

2225 3910 2340 3956 τος,
2382 3894 2464 3946 ὅτι
2496 3891 2748 3961 καθάπερ
2792 3888 2915 3942 τινά
2978 3888 3239 3959 ζωστῆρα
3299 3886 3671 3957 περικείσεται
3721 3884 3835 3955 τὴν

2224 3984 2596 4054 δικαιοσύνην,
2629 3983 2724 4035 καὶ
2755 3980 2893 4052 πρὸς
2925 3980 3061 4052 αὐτῇ
3099 3979 3199 4051 τὴν
3232 3979 3509 4051 ἀλήθειαν.
3551 3978 3713 4042 Εἰκὸς
3764 3979 3824 4033 δὲ

2225 4078 2289 4148 δὴ
2320 4079 2402 4130 ὅτι
2438 4076 2532 4129 καὶ
2558 4072 2906 4143 δικαιοσύνην
2936 4072 3031 4126 καὶ
3062 4070 3327 4143 ἀλήθειαν
3387 4071 3449 4123 τὸ
3482 4069 3603 4124 νέον
3630 4087 3692 4125 τε
3730 4070 3837 4125 καὶ

2225 4168 2584 4240 εύαγγελικδν
2626 4166 2935 4220 ἀπεκάλεσε
2992 4166 3279 4236 κήρυγμα,
3335 4164 3478 4218 κατά
3502 4182 3563 4218 τε
3621 4165 3684 4217 τὸ
3735 4163 3825 4217 διὰ

2223 4261 2325 4330 τῆς
2382 4257 2477 4311 τοῦ
2520 4255 2813 4326 ψάλλοντος
2853 4256 3038 4323 φωνῆς
3090 4252 3227 4323 πρὸς
3270 4252 3435 4306 αὐτὸν
3487 4252 3821 4325 εἰρημένον*

2232 4375 2251 4409 ι
2286 4356 2353 4408 Ἥ
2388 4349 2703 4420 δικαιοσύνη
2739 4364 2832 4401 σου
2861 4347 3175 4416 δικαιοσύνη
3205 4348 3287 4409 είς
3315 4345 3407 4400 τὸν
3436 4346 3608 4399 αἰῶνα
3629 4362 3642 4374 ·
3674 4345 3770 4398 καὶ
3796 4346 3826 4397 ὁ

2225 4449 2391 4519 νόμος
2438 4462 2531 4498 σου
2564 4441 2810 4513 ἀλήθεια.
2863 4458 2882 4491 ι
2922 4439 3284 4510 Δικαιοσύνης
3316 4439 3415 4509 μὲν
3441 4437 3550 4510 γὰρ
3575 4438 3832 4492 διδάσκα-

539 4540 631 4604 λος
656 4542 796 4595 καὶό
825 4542 986 4612 νόμος
1010 4537 1099 4613 ἦν,
1129 4541 1243 4595 ἀλλ’
1272 4542 1332 4595 οὐ
1364 4541 1670 4612 μεμένηκεν
1703 4543 1783 4607 είς
1847 4543 1940 4598 τὸν
1987 4546 2183 4615 αἰῶνα,
2257 4546 2357 4615 τῆς
2416 4539 2724 4611 κρείττονος
2782 4535 2876 4588 καὶ
2922 4533 3255 4605 τελεωτέρας
3307 4532 3835 4604 εἰσκεκομισμένηςμ

539 4634 697 4705 δῆλον
728 4635 784 4688 δὲ
817 4635 899 4688 ὅτι
924 4633 1025 4705 τῆς
1057 4634 1143 4687 διὰ
1185 4632 1441 4705 Χριστοῦ.
1505 4629 1614 4686 ἿΙν
1666 4635 1723 4688 δὲ
1774 4638 1869 4691 καὶ
1926 4641 1953 4693 ι
1994 4640 2162 4693 πάλαι
2195 4639 2359 4708 νιμος
2420 4633 2520 4685 οἰκ
2566 4628 2793 4700 ἀλήθεια
2848 4626 3068 4697 μᾶλλον.
3112 4626 3248 4679 ἀλλὰ
3315 4624 3484 4689 τύπος
3528 4625 3622 4678 καὶ
3671 4622 3820 4678 σκιάο

539 4731 773 4802 Χριστὸς
810 4731 865 4783 δὲ
897 4731 1084 4784 καὶτὰ
1113 4729 1275 4783 αὑτοῦ
1316 4730 1572 4801 καθαρῶς
1606 4733 1637 4802 ἡ
1688 4731 1935 4804 ἀλήθεια.
1993 4738 2281 4807 Τοιγάρτοι
2316 4730 2411 4784 καὶ
2442 4729 2711 4797 ἔτρασκενσ
2752 4743 2771 4774 ι
2815 4722 2956 4791 Ἐγώ
2986 4724 3103 4794 εἰμι
3139 4721 3437 4794 ήάλήθεια.
3486 4741 3505 4773 ι

614 4826 776 4896 198
823 4825 982 4879 Vens.
1027 4824 1147 4878 6-9.
1202 4822 1269 4876 Et
1320 4826 1475 4876 simul
1520 4836 1760 4891 pascatur
1803 4827 1955 4891 lupus
2002 4848 2117 4883 cum

2296 4823 2405 4879 Καὶ
2448 4816 3018 4888 συμόοσκηθήσεται
3064 4816 3252 4877 λύκος
3297 4814 3447 4882 μετὰ
3481 4813 3685 4881 ἀρνὸς,
3722 4811 3823 4865 καί

538 4936 694 4987 agno,
721 4929 767 4971 et
794 4918 989 4985 pardus
1018 4917 1290 4971 accubabit
1317 4917 1487 4978 laudo,
1515 4927 1561 4967 et
1594 4918 1803 4979 vitulus,
1835 4930 1882 4971 et
1914 4927 2121 4984 taurus,

537 5021 587 5063 et
615 5010 691 5064 leo
726 5009 886 5063 simul
917 5020 1213 5079 pascentur,
1238 5020 1283 5062 et
1312 5025 1443 5077 puer
1490 5009 1736 5076 parvulus
1763 5019 1879 5078 aget
1906 5027 1991 5064 eos
2027 5029 2045 5064 :
2076 5023 2123 5065 et

540 5102 659 5167 bos,
697 5113 742 5155 et
791 5118 945 5156 ursus
990 5111 1403 5171 compascenlur,
1440 5111 1489 5154 et
1533 5100 1690 5154 simul
1734 5104 1895 5155 catuli
1943 5120 2122 5158 eorum

539 5204 720 5257 erunt;
750 5203 796 5246 et
829 5194 935 5257 leo,
966 5203 1012 5247 et
1045 5195 1132 5247 bos
1163 5192 1322 5247 simul
1382 5201 1651 5245 vescantur
1683 5193 1866 5259 paleis.
1898 5191 1962 5247 Et
1996 5211 2124 5263 puer

537 5283 788 5353 parvulus
826 5284 880 5336 in
924 5282 1161 5352 foramen
1204 5283 1478 5351 aspidum,
1510 5292 1555 5335 et
1596 5284 1651 5334 in
1694 5282 1863 5336 cubile
1905 5283 2123 5350 [mtuum

539 5373 782 5441 aspidum
807 5390 1020 5433 manum
1044 5375 1310 5438 immittet,
1338 5390 1429 5427 nec
1456 5375 1668 5438 lanient,
1696 5390 1856 5444 neque
1882 5382 2122 5442 poterunt

2229 4914 2524 4983 πάρδαλις
2546 4911 3086 4965 συναναπαύσεται
3118 4907 3317 4975 ἐρίφῳ,
3342 4905 3441 4959 καὶ
3461 4903 3819 4973 μοσχάριον,

2229 5009 2326 5063 καὶ
2356 5006 2592 5072 ταῦρος,
2634 5002 2731 5055 καὶ
2769 5000 2926 5055 λέων
2976 5000 3096 5069 ἅμα
3141 4996 3656 5065 βοσκηθήσονται,
3718 4994 3821 5046 καί

2228 5100 2471 5154 παιδίον
2494 5096 2711 5168 μικρὸν
2741 5095 2872 5159 ἄξει
2909 5093 3150 5157 αὐτούς.
3188 5089 3297 5145 Kal
3326 5087 3484 5154 ¹βοῦς
3512 5087 3606 5141 καὶ
3638 5086 3831 5154 ἄρκος¹

2229 5193 2350 5262 ἅμα
2376 5188 2893 5255 βοσκηθηήσονται,
2943 5183 3043 5238 καί
3085 5183 3205 5252 ἅμα
3254 5180 3328 5235 τὰ
3380 5179 3596 5233 παιδία·
3622 5174 3841 5230 αὐτῶν

2229 5286 2475 5340 ἔσονται
2495 5292 2508 5309 ⁶
2544 5280 2641 5335 καί
2662 5280 2820 5334 λέων
2842 5281 2938 5331 καὶ
2964 5277 3120 5342 βοῦς
3145 5276 3266 5344 ἅμα
3294 5273 3582 5344 φάγονται
3601 5270 3835 5338 ἄχυρα,

2232 5377 2339 5429 παὶ
2384 5374 2626 5427 παιδίον
2669 5372 2889 5437 νήπιον
2942 5371 3041 5423 ἐπὶ
3086 5369 3356 5439 τρώγλην
3402 5364 3678 5421 ἀσπίδων
3720 5360 3821 5415 καὶ

538 5479 850 5533 quemquam
875 5465 1087 5531 perdere
1110 5466 1163 5517 in
1190 5476 1362 5518 monte
1391 5475 1574 5518 sancto
1599 5480 1732 5527 meo,
1758 5466 1887 5529 quia
1912 5465 2127 5533 impleta

2231 5467 2329 5520 ἐπὶ
2366 5466 2575 5531 κοίτην
2605 5464 2867 5533 ἐγγόνων
2897 5461 3171 5516 ἀσπίδων
3201 5461 3315 5528 τὴν
3338 5462 3501 5527 χεῖρα
3515 5453 3819 5510 ἐπιϐαλεῖσ

539 5566 614 5610 est
636 5556 876 5608 universa
899 5564 1041 5610 terra
1061 5558 1352 5627 cognitione
1377 5557 1611 5622 Domini,
1631 5558 1781 5627 quasi
1805 5573 1943 5623 aqua
1966 5556 2125 5609 multa

540 5649 803 5716 cooperiat
826 5665 989 5704 mare.

2232 5560 2329 5612 καί
2364 5561 2434 5611 οὺ
2459 5556 2544 5626 μὴ
2578 5554 3090 5620 κακοποιήσωσιν,
3126 5553 3252 5607 οὐδ’
3290 5554 3362 5606 οὐ
3403 5551 3488 5621 μὴ
3524 5549 3820 5603 δύνωνται

2233 5650 2533 5705 ἀπολέσαι
2563 5650 2782 5702 οὐδένα
2820 5648 2918 5701 ἐπὶ
2948 5647 3015 5700 τὸ
3047 5648 3182 5714 ὅρος
3212 5647 3280 5699 τὸ
3304 5645 3475 5715 ἅγιόν
3502 5659 3636 5715 μου,
3656 5659 3672 5674 ·
3714 5640 3825 5695 ὅτι

539 5741 888 5810 ἐνεπλήσθη
922 5744 960 5811 ἡ
990 5745 1285 5813 σύμπασα
1329 5746 1435 5799 τοῦ
1478 5745 1695 5815 γνῶναι
1728 5748 1831 5800 τὸν
1866 5747 2104 5813 Κηύριοικ
2133 5746 2212 5811 ὡς
2246 5745 2401 5813 ὕδωρ
2431 5744 2587 5798 πολὺ
2616 5744 2885 5811 καλύψαι
2926 5742 3266 5797 θάλασσαν.

615 5860 658 5891 ⁸²
683 5859 818 5918 Gen.
853 5877 932 5927 ιιι,
969 5862 1053 5917 ll).
1133 5863 1255 5902 δί’-’⁵⁵
1284 5862 1467 5918 Matth.
1504 5880 1653 5927 nm,
1680 5864 1769 5931 57,
1800 5864 1886 5918 38.
1963 5863 2130 5918 "1‘51:

2231 5879 2393 5925 :xvut,
2434 5862 2555 5916 142.

2631 5860 2675 5891 ⁸⁸
2698 5858 2854 5918 Joan.
2892 5875 3003 5925 xw,
3033 5860 3089 5913 6.
