4152 6366
497 447 605 503 525

1486 442 1544 497 S.
1586 440 1857 497 ΟΥΒΙΙΑᾸ
1898 438 2367 495 ALEXANDRINI
2404 438 2721 494 ARCHIEP.

3629 412 3734 489 εει

499 562 814 633 praepingui.
860 561 969 617 Sed
1022 561 1252 626 vitulus,
1292 559 1495 628 inquit,
1536 567 1591 612 et
1637 567 1853 622 taurus,
1887 565 1941 611 et
1989 556 2073 610 leo

2193 556 2397 627 τροφὴν,
2433 556 2493 607 τὸ
2513 553 2864 623 εύαγγελικόν
2893 569 2956 606 τε
3002 552 3097 606 καὶ
3126 550 3476 606 ἀποστολικὸν
3498 550 3736 620 δηλονότι

498 656 660 710 simul
706 663 1011 725 pascentur.
1050 654 1272 707 Videtur
1314 662 1492 704 autem
1534 652 1759 703 vitulum
1801 648 2069 716 appellare

500 745 760 799 novitium
816 754 869 796 et
933 750 1201 797 recentem
1266 741 1603 795 credentium
1669 740 1943 810 populum,
2014 739 2071 793 in

500 838 717 890 Christo
756 836 961 889 scilicet
993 843 1402 903 puerascentem
1450 850 1463 887 :
1503 842 1714 885 taurum
1752 840 1928 886 autem
1963 832 2072 885 l’or-

505 927 663 981 tassis
698 924 980 990 lsraelem,
1008 925 1151 978 velut
1182 934 1526 979 veteranum.
1556 923 1689 976 Cum
1732 923 1875 976 enim
1916 930 2073 975 tener

503 1016 573 1066 sit
615 1014 846 1076 vitulus,
879 1023 1066 1069 taurus
1111 1015 1257 1083 prior
1301 1023 1385 1068 est
1422 1024 1473 1066 et
1514 1014 1776 1066 maturior
1813 1022 2070 1082 tempore.

504 1105 599 1159 Vel
649 1120 744 1173 per
792 1106 1013 1159 vitulum
1065 1106 1309 1175 designat
1351 1121 1472 1160 eum
1525 1107 1614 1175 qui
1663 1106 1967 1174 cognitione
2018 1113 2074 1156 et

503 1197 700 1249 virtute
746 1199 965 1250 eminet.
1000 1194 1166 1260 Quale
1214 1204 1297 1249 est
1344 1197 1485 1264 quod
1536 1195 1732 1249 dicitur
1785 1213 1798 1249 :
1846 1193 2073 1248 Pusillos

503 1305 624 1343 cum
662 1290 896 1359 magnis,
925 1299 977 1342 et
1008 1289 1248 1342 seniores
1284 1304 1404 1343 cum
1433 1288 1722 1356 juvenibus
1756 1287 2076 1342 benedicen-

504 1382 634 1444 dos,
661 1380 813 1448 juxta
848 1395 1037 1434 vocem
1075 1379 1373 1448 psallentis.
1408 1380 1565 1434 Novit
1601 1395 1727 1433 vero
1763 1389 1819 1433 et
1853 1380 2075 1449 sapien-

507 1472 751 1525 tissimus
805 1468 1041 1524 Joannes
1091 1470 1285 1524 meutis
1322 1483 1376 1525 et
1411 1470 1573 1523 animi
1614 1480 1827 1524 aetatem
1891 1469 2074 1523 talem.

507 1564 709 1618 Scribit
748 1564 911 1632 igitur
946 1572 1001 1615 et
1033 1562 1303 1630 patribus,
1334 1572 1389 1616 et
1422 1561 1687 1631 parvulis,
1720 1571 1774 1615 et
1810 1570 2072 1630 praeterea

506 1655 667 1723 200
721 1653 1173 1716 adolescentibus,
1226 1668 1569 1718 comparans,
1618 1653 1873 1717 arbitror,
1927 1668 2077 1706 men-

506 1760 685 1797 suram
718 1743 978 1812 cujusque
1013 1743 1240 1808 mentis,
1269 1751 1322 1796 et
1351 1742 1555 1796 uetitia:
1587 1754 1642 1797 et
1672 1743 1863 1797 divina:
1894 1743 2078 1813 cogni-

508 1836 669 1889 tionis
701 1850 987 1904 corporum
1021 1834 1290 1887 aatatibus.
1319 1832 1619 1887 Pascentur
1648 1834 1848 1902 itaque,
1877 1834 2073 1902 inquit,

507 1928 663 1979 simul
710 1935 763 1979 et
792 1941 896 1979 uno
928 1927 981 1978 in
1012 1925 1151 1989 loco,
1176 1926 1392 1988 vitulus,
1414 1938 1469 1979 et
1499 1933 1708 1990 taurus,
1729 1936 1786 1979 ct
1812 1924 1913 1980 leo.
1941 1925 2077 1979 Tum

506 2017 784 2071 commode
818 2015 979 2071 vitulo
1016 2026 1068 2070 et
1132 2025 1284 2071 tauro
1319 2017 1525 2071 leonem
1560 2017 1830 2088 adjungit,
1867 2028 1925 2072 ut
1963 2034 2082 2072 rur-

508 2126 601 2162 sus
634 2107 970 2177 aeuigmatice
995 2116 1049 2161 et
1078 2108 1306 2161 obscure
1340 2108 1707 2177 subintelligas
1741 2110 1842 2162 ﬁde
1874 2108 2077 2177 justiﬁ-

508 2209 678 2263 catos,
699 2206 752 2250 et
784 2210 997 2266 sceptro
1021 2196 1220 2252 Christi
1245 2200 1483 2251 omnium
1510 2210 1749 2253 nostrum
1778 2200 2081 2254 Servatnris

508 2291 811 2359 subjectos,
886 2306 990 2342 non
1043 2304 1109 2342 ex
1159 2290 1288 2343 solis
1338 2305 1460 2343 esse
1504 2290 1715 2343 mundis
1754 2300 1806 2344 et
1850 2291 2079 2356 sanctis,

510 2394 697 2447 nempe
713 2394 779 2433 ex
803 2379 1023 2447 placidis
1048 2390 1102 2434 et
1134 2380 1372 2441 mitibus,
1401 2380 1452 2432 id
1477 2388 1578 2443 est,
1603 2393 1666 2432 ex
1688 2381 1801 2448 lege
1827 2395 2080 2435 mansue-

512 2470 696 2535 factis,
732 2472 825 2525 sed
860 2471 1022 2525 etiam
1057 2486 1123 2525 ex
1162 2472 1498 2541 agrestibus,
1532 2471 1780 2526 videlicet
1811 2488 1874 2527 ex
1908 2474 2081 2541 genti-

510 2562 638 2630 bus,
680 2563 1081 2633 conglutinante
1136 2573 1189 2617 et
1265 2563 1335 2618 ad
1385 2565 1728 2618 concordiam
1782 2565 2081 2618 animorum

507 2666 863 2724 cemponente
886 2670 981 2710 eos
1005 2667 1246 2709 nostrum
1268 2654 1507 2708 onmium
1536 2655 1824 2709 Servatore
1846 2655 2081 2719 Christo,

507 2760 561 2801 et
599 2753 796 2801 bonum
848 2747 971 2800 inde
1012 2747 1175 2800 etiam
1224 2747 1276 2800 in
1322 2746 1460 2799 lilios
1506 2746 1758 2810 filiorum,
1796 2747 1847 2800 id
1884 2756 1987 2811 est,
2018 2761 2084 2800 ex

515 2841 646 2909 ipsis
704 2849 858 2893 natos
922 2839 1337 2892 transmittente.
1385 2836 1518 2891 Nam
1552 2839 1655 2893 huc
1704 2839 1864 2892 etiam
1893 2854 2087 2909 propa-

509 2941 663 2997 gatur
686 2947 715 2983 a
742 2932 896 2984 nobis
918 2946 1021 2999 pax
1047 2930 1268 2997 Christi,
1287 2939 1341 2985 et
1364 2932 1739 2985 consensionis
1763 2932 2083 2997 animorum,

508 3033 563 3076 ct
592 3023 711 3077 ﬁdei
744 3024 962 3076 bonum.
996 3021 1137 3075 Istuc
1167 3025 1334 3086 enini,
1364 3031 1511 3091 puto,
1539 3022 1773 3077 ostendit
1802 3037 1925 3076 cum
1953 3022 2087 3088 adji-

510 3116 583 3169 cit
615 3133 628 3168 :
668 3112 839 3168 Simul
869 3114 1032 3167 catuli
1065 3128 1251 3167 eorum
1284 3124 1465 3177 erunt,
1497 3124 1551 3169 et
1581 3114 1685 3177 leo,
1714 3124 1767 3169 et
1799 3116 1896 3169 bos
1928 3113 2087 3168 simul

2169 649 2452 717 κήρυγμα,
2477 647 2571 700 καὶ
2602 646 2691 715 ὑφ’
2720 646 2801 699 ἑνὶ
2828 645 3111 713 γεγονότες
3134 643 3212 713 τῷ
3243 645 3460 695 πάντων
3489 644 3739 713 ἀρχιποι-

2172 738 2345 808 μένει,
2364 738 2440 807 τῷ
2462 738 2789 807 κατανέμειν
2817 736 2997 802 εἰδότι,
3023 734 3167 789 καθά
3193 752 3355 805 φησιν
3378 738 3406 787 ὁ
3434 735 3735 804 προφήτης,

2170 832 2227 881 ὲν
2256 832 2393 901 νομῇ
2424 829 2624 899 ἀγαθῇ,
2658 829 2750 881 καὶ
2770 831 2827 881 ὲν
2860 828 3011 898 τόπῳ
3036 827 3199 879 πίονι.
3225 826 3384 879 Ἀλλά
3412 827 3504 878 καὶ
3536 827 3739 895 μοσχά-

2173 938 2307 992 ριον,
2337 924 2490 992 φησὶ,
2529 922 2623 975 καὶ
2654 920 2852 992 ταῦρος
2872 920 2967 973 καὶ
2989 919 3123 972 λέων
3150 920 3265 988 ἅμα
3294 918 3737 988 βοσκηθίγςονται.

2176 1017 2359 1068 Ἔοικε
2378 1014 2434 1068 δὲ
2458 1015 2753 1085 μοσχάριον
2783 1012 3095 1077 ἀποκαλεῖν,
3125 1010 3216 1063 τὸν
3242 1010 3479 1079 άρτιφυᾶ
3502 1009 3594 1060 καὶ
3624 1008 3741 1060 νέον

2172 1110 2281 1165 τῶν
2311 1110 2717 1162 πιστευσάντων
2741 1106 2886 1171 λαὸν,
2922 1104 3066 1159 τοῦτ’
3118 1104 3253 1167 ἔστι,
3299 1104 3390 1156 τὸν
3439 1105 3496 1155 ὲν
3524 1100 3741 1172 Χριστῷ

2172 1204 2520 1273 νηπιάζονταο
2578 1199 2779 1270 ταῦρον
2827 1199 2884 1253 δὲ
2928 1198 3069 1269 τάχα
3123 1215 3225 1250 που
3275 1195 3367 1248 τὸν
3410 1193 3623 1265 Ἰσραὴλ
3667 1196 3743 1248 ὡς

2174 1294 2540 1367 πρεσϐυγενῆ.
2576 1291 2813 1359 Νεογνοῦ
2863 1291 2972 1361 γὰρ
3021 1291 3218 1360 μόσχου
3249 1286 3580 1357 πρωτερεύει
3605 1282 3739 1337 ταῦ-

2177 1404 2269 1457 ρος
2294 1386 2434 1438 κατά
2477 1385 2569 1437 τὸν
2589 1384 2799 1454 χρόνον.
2835 1382 3039 1450 ’Ἡγουν
3080 1378 3166 1431 διὰ
3219 1379 3417 1447 μόσχου
3455 1374 3744 1445 καταδηλοῖ

2173 1478 2266 1530 τὸν
2296 1478 2372 1539 ὼς
2396 1478 2451 1528 ὲν
2472 1474 2670 1543 γνώσει
2698 1491 2756 1527 τε
2792 1473 2883 1526 καὶ
2906 1475 3046 1525 κατὰ
3101 1468 3299 1540 ἀρετὴν
3331 1466 3741 1537 ὑπερκείμενον.

2186 1568 2396 1622 Ὀποῖόν
2424 1569 2539 1620 ἐστι
2572 1566 2632 1619 τὸ
2654 1562 3112 1635 εὐλογηθήσεσθαι
3145 1561 3323 1629 λέγειν
3353 1557 3503 1628 παρά
3541 1556 3744 1627 Κυρίου

2175 1665 2301 1725 τοὺς
2332 1660 2595 1731 σμικροὺς
2628 1657 2766 1729 μετά
2821 1657 2929 1710 τῶν
2965 1654 3234 1727 μεγάλων,
3290 1652 3385 1705 καὶ
3437 1648 3748 1722 πρεσϐύτας

2181 1752 2320 1824 μετά
2350 1752 2459 1804 τῶν
2490 1750 2789 1821 νεωτέρων,
2830 1746 2969 1801 κατά
3015 1746 3113 1817 τὴν
3145 1744 3240 1797 τοῦ
3290 1741 3586 1812 ψάλλοντος
3632 1757 3746 1807 φω-

2176 1846 2296 1913 νήν.
2321 1840 2475 1896 Οἶδεν
2512 1843 2569 1896 δὲ
2594 1844 2688 1896 καὶ
2710 1842 2739 1893 ὁ
2775 1839 3079 1909 σοφώτατος
3112 1836 3364 1906 Ἰωάννης
3419 1832 3508 1886 νοῦ
3532 1833 3624 1883 καὶ
3650 1831 3750 1899 ψυ-

2180 1933 2279 2004 χῆς
2307 1933 2523 2003 ἡλικίαν
2552 1931 2825 2000 τοιαύτην.
2859 1928 3065 1999 Γράφει
3114 1923 3242 1993 γοῦν
3267 1923 3360 1975 καὶ
3386 1921 3623 1991 πατράσι
3656 1917 3751 1970 καὶ

2180 2024 2541 2087 παιδίοις,κα“ι
2566 2023 2701 2093 πρός
2714 2039 2777 2090 γε
2803 2019 2979 2090 τούτῳ
3001 2019 3095 2070 κα)⁸
3118 2014 3449 2076 νεανίσκοις,
3468 2012 3550 2075 τὸ,
3574 2007 3749 2079 οἶμαι,

2179 2120 2278 2187 τῆς
2309 2115 2537 2169 ἑκάστου
2567 2114 2804 2175 διανοίας
2853 2111 2914 2163 τὸ
2964 2110 3181 2179 μέτρον,
3205 2107 3323 2176 ἢτοι
3366 2103 3627 2165 συνέσεως
3660 2102 3753 2154 καὶ

2182 2208 2529 2277 θεογνωσίας,
2572 2209 2688 2269 ταῖς
2719 2205 2826 2257 τῶν
2862 2204 3128 2272 σωμάτων
3177 2199 3413 2270 ἡλικίαις
3454 2196 3748 2266 ἀφομοιῶν.

2182 2300 2625 2371 Βοσκηθήσονται
2651 2297 2849 2356 τοίνυν,
2885 2301 3072 2365 φησιν,
3093 2294 3207 2363 ἅμα
3236 2292 3331 2344 καὶ
3361 2289 3501 2342 κατὰ
3531 2287 3751 2348 ταύτὸν,

2187 2391 2480 2461 μοσχάριον
2509 2389 2603 2442 καὶ
2619 2386 2838 2456 ταῦρος,
2867 2386 2959 2439 καὶ
2982 2385 3139 2438 λέων.
3171 2380 3486 2436 Ἀναπλέκει
3516 2380 3571 2431 δὲ
3594 2378 3754 2431 πάλιν

2184 2483 2469 2554 χρησίμως
2523 2478 2801 2550 μοσχαρίῳ
2854 2496 2912 2530 τε
2965 2478 3061 2530 καὶ
3094 2474 3279 2546 ταύρῳ
3304 2474 3393 2528 τὸν
3427 2471 3633 2535 λέοντα,
3669 2470 3757 2522 ἵνα

2186 2573 2345 2626 πάλιν
2404 2570 2815 2641 αἰνιγματωδῶς
2866 2571 3053 2639 ὲννοῇς
3102 2566 3225 2629 τοὺς
3280 2565 3338 2617 ὲν
3392 2562 3573 2616 πίστει
3621 2560 3757 2613 δεδι-

2186 2663 2542 2731 καιωμένους,
2576 2664 2668 2714 καὶ
2699 2661 2803 2715 ὑπὸ
2853 2661 3106 2731 σκῆπτρα
3155 2656 3447 2727 γεγονότας
3492 2652 3586 2706 τοῦ
3621 2653 3757 2706 πάν-

2186 2772 2293 2808 των
2323 2755 2478 2825 ἡμῶν
2510 2754 2759 2824 Σωτῆρος
2788 2750 3023 2822 Χριστοῦ
3067 2750 3168 2803 οὐκ
3199 2752 3263 2802 ὲκ
3305 2748 3481 2819 μόνων
3506 2744 3639 2799 εἶναι
3660 2761 3759 2797 κα-

2189 2846 2365 2916 θαρῶν
2392 2863 2449 2897 τε
2476 2846 2569 2899 καὶ
2601 2844 2781 2914 ἱερῶν,
2809 2843 2975 2912 ῆγουν
3008 2841 3067 2906 ἐξ
3090 2841 3309 2911 ἡμέρων
3340 2855 3398 2890 τε
3432 2836 3525 2888 καὶ
3547 2834 3757 2906 πράων,

2187 2936 2330 2988 τοῦτ’
2366 2935 2501 2997 ἔστι,
2557 2933 2665 2986 τῶν
2716 2932 2802 2985 διὰ.
2857 2931 2950 2985 τοῦ
3009 2931 3173 3001 νόμου
3225 2925 3758 2997 τετιθασσευμένων,

2188 3028 2322 3081 ἀλλὰ
2347 3027 2451 3097 γὰρ
2480 3025 2573 3079 καὶ
2599 3028 2661 3077 ὲκ
2688 3023 2795 3077 τῶν
2819 3023 3044 3094 ἀγρίων,
3066 3022 3222 3092 δῆλον
3242 3022 3298 3075 δὲ
3324 3022 3404 3074 ὅτι
3431 3020 3539 3073 τῶν
3568 3017 3759 3081 ἐθνῶν,

2192 3118 2531 3188 συνείροντος
2566 3120 2645 3179 είς
2675 3116 2976 3187 ὁμοψυχίαν
3003 3116 3199 3176 αὐτοὺς
3230 3113 3324 3166 τοῦ
3363 3112 3581 3165 πάντων
3604 3108 3761 3180 ἡμῶν

511 3214 801 3257 vescentur
849 3202 1045 3271 paleis,
1091 3203 1288 3271 inquit.
1332 3202 1571 3259 Observa
1622 3206 1762 3273 quod
1807 3205 1938 3259 dicit
1980 3222 2084 3258 non

2193 3211 2441 3281 Σωτῆρος
2470 3208 2731 3279 Χριστοῦ,
2782 3206 3245 3278 παραπέμποντος
3292 3221 3352 3257 τε
3397 3204 3460 3257 τὸ
3513 3200 3761 3257 ἐντεῦθεν

514 3298 643 3349 mite
674 3298 724 3348 in
753 3294 1065 3348 alimentum
1088 3295 1219 3349 feris
1247 3296 1524 3359 usitatum,
1545 3299 1637 3350 sed
1666 3299 1718 3350 in
1748 3299 1894 3352 mitis
1920 3299 2088 3352 nutri-

514 3390 709 3441 tionem
759 3388 930 3440 ferum
979 3387 1304 3454 demigrare.
1349 3387 1653 3442 Carnivora
1693 3390 1887 3458 quippe
1933 3392 2090 3460 plane

514 3489 642 3533 sunt
676 3494 836 3532 ursus
870 3488 923 3532 ct
956 3478 1037 3532 leo
1073 3496 1087 3532 :
1122 3478 1218 3534 bos
1253 3489 1430 3533 autem
1469 3491 1524 3535 et
1556 3481 1794 3546 vitulus,
1825 3492 1879 3535 et
1911 3483 2093 3537 hzedus

518 3588 618 3625 non
664 3572 768 3636 ita,
804 3573 896 3625 sed
946 3570 1144 3625 herbas
1193 3584 1421 3642 carpunt
1461 3574 1727 3641 ejusmodi
1775 3575 2089 3629 animantia.

516 3663 676 3730 Atqui
718 3678 746 3715 a
781 3662 1053 3716 consuetis
1084 3677 1147 3716 ac
1176 3662 1348 3717 solitis
1368 3702 1383 3728 ,
1412 3663 1612 3733 inquit,
1641 3664 1909 3719 silvestria
1942 3681 2092 3720 rece-

517 3755 665 3818 dent,
691 3764 745 3807 et
777 3753 955 3823 potius
986 3753 1053 3807 ad
1083 3753 1288 3807 cibaria
1323 3765 1725 3811 mansuetorum
1763 3758 2091 3822 transibunt,

518 3856 573 3901 et
603 3847 688 3899 illa
723 3860 1010 3900 vescentur
1044 3849 1220 3914 palea.
1253 3845 1435 3915 Typus
1466 3857 1646 3901 autem
1681 3848 1940 3903 doctrinae
1973 3866 2094 3919 pos-

522 3940 594 3992 sit
644 3952 763 3992 esse
802 3938 917 3992 ham
962 3937 1155 4007 pastio.
1184 3936 1280 3993 Est
1313 3930 1485 4007 igitur.
1509 3939 1943 4010 intelligendum,
1973 3951 2099 3996 ante

523 4032 677 4084 tidem
710 4030 763 4083 in
800 4030 1070 4083 Christum
1117 4040 1302 4100 gentes
1368 4030 1641 4100 improbos
1675 4033 1929 4087 habuisse
1963 4050 2098 4101 pra:-

521 4132 804 4190 ceptorcs,
849 4122 1130 4191 pecuinam
1188 4120 1293 4175 illis
1348 4123 1625 4177 tradentes
1673 4126 2001 4187 doctrinam,
2047 4133 2101 4180 et

524 4230 684 4284 porro
748 4216 1073 4275 suadentes,
1142 4213 1548 4281 corruptissima
1616 4224 1670 4269 et
1740 4218 2099 4284 perditissima

523 4305 847 4360 consectari.
879 4306 949 4358 At
979 4302 1068 4356 ubi
1100 4301 1165 4354 ad
1193 4301 1518 4371 agnitionem
1552 4303 1663 4369 Dei,
1692 4305 1783 4372 qui
1815 4321 1938 4359 vere
1966 4307 2104 4360 Deus

525 4406 626 4461 est,
677 4394 852 4448 vocati
905 4404 1058 4459 sunt,
1107 4404 1215 4447 tum
1269 4393 1427 4446 simul
1475 4408 1503 4446 a
1554 4395 1780 4463 pristino
1823 4411 2009 4450 errore
2051 4406 2107 4451 et

526 4487 785 4543 doctrinis
816 4488 867 4539 in
895 4487 1090 4555 quibus
1119 4486 1339 4540 enutriti
1372 4495 1426 4539 et
1469 4485 1678 4539 educati
1701 4496 1846 4552 sunt,
1869 4489 2109 4543 descive-

2192 3302 2395 3369 ἀγαθὸν
2429 3300 2523 3354 καὶ
2547 3300 2626 3363 εἰς
2680 3299 2888 3352 παίδων
2918 3298 3135 3360 παῖδας,
3176 3298 3294 3367 ῆτοι
3323 3296 3448 3358 τοὺς
3476 3293 3533 3358 ἐξ
3565 3293 3759 3347 αὐτῶν.

2204 3392 2535 3445 Ἐκτείνεται
2575 3391 2684 3460 γὰρ
2714 3392 2793 3454 είς
2824 3390 2984 3461 δεῦρο
3029 3389 3123 3443 καὶ
3176 3390 3305 3460 παρ’
3336 3390 3464 3458 ἡμῖν
3507 3389 3540 3458 ἡ
3575 3388 3764 3458 είρήνη

2194 3483 2453 3554 Χριστοῦ,
2486 3486 2579 3536 καὶ
2608 3483 2670 3535 τὸ
2698 3485 2762 3534 ἐκ
2778 3482 2878 3552 τῆς
2898 3480 3198 3551 όμοψυχίας
3227 3497 3287 3531 τε
3311 3478 3445 3548 ὁμοῦ
3490 3478 3584 3531 καὶ
3634 3478 3767 3546 ὁμο·
3828 3542 3843 3559 ο

2196 3577 2411 3639 πιστίας
2438 3577 2661 3645 ἀγαθόν.
2686 3576 2854 3628 Τοῦτο
2878 3574 2986 3645 γὰρ
3007 3614 3021 3638 ,
3057 3570 3231 3643 οἶμαι,
3259 3571 3407 3642 δηλοῖ
3437 3568 3767 3641 προστιθεὶς.

2194 3671 2277 3723 ὅτι
2331 3669 2446 3739 ἆμα
2499 3669 2566 3722 τὰ
2608 3668 2795 3721 παιδία
2845 3666 3025 3719 αὐτῶν
3069 3664 3303 3727 ἔσονται,
3353 3664 3447 3716 καὶ
3493 3662 3629 3715 λέων
3674 3660 3769 3712 καὶ

2200 3761 2327 3830 βοῦς
2357 3760 2473 3830 ἅμα
2506 3759 2770 3827 φάγονται
2805 3758 2999 3828 ἄχυρα,
3031 3756 3217 3825 φησίν.
3282 3754 3641 3825 Ἐπιτήρησον
3686 3752 3770 3804 ὅτι

2198 3852 2259 3904 οὐ
2284 3850 2345 3904 τὸ
2370 3852 2576 3921 ἥμερον
2614 3852 2693 3912 εἰς
2714 3849 2811 3918 τὴν
2838 3850 2949 3911 τοῖς
2987 3848 3200 3918 ἀγρίοις
3233 3844 3648 3914 κατειθισμένην
3677 3860 3772 3913 με-

2198 3943 2514 4012 ταφοίτησιν
2548 3941 2649 4011 ἔφη
2678 3939 2885 4011 τροφὴν
2910 3981 2925 4003 ,
2972 3939 3084 3991 ἀλλ’
3114 3940 3193 4001 εἰς
3216 3938 3314 4008 τὴν
3355 3936 3449 3989 τοῦ
3479 3936 3685 4008 ἡμέρου
3711 3935 3773 3987 τὸ

2200 4032 2390 4100 ἄγριον
2421 4049 2434 4061 ·
2471 4030 2777 4101 σαρκοϐόρα
2827 4029 2925 4097 μὲν
2962 4030 3068 4099 γὰρ
3101 4026 3541 4097 ὁμολογουμένως
3572 4026 3774 4094 ἄρκτος

2202 4125 2297 4177 καὶ
2322 4124 2476 4187 λέων,
2513 4122 2637 4192 βοῦς
2658 4122 2714 4174 δὲ
2736 4122 2828 4175 καὶ
2862 4122 3081 4191 μόσχος,
3117 4121 3282 4189 ἤγουν
3330 4119 3515 4190 ἔριφος
3543 4115 3731 4169 οὐκέτι
3756 4132 3770 4146 ⁸

2208 4216 2469 4286 ποηφαγῆ
2492 4215 2548 4267 δὲ
2583 4214 2782 4285 μᾶλλον
2812 4213 2877 4266 τὰ
2902 4212 3077 4265 τοιάδε
3103 4212 3210 4265 τῶν
3236 4210 3409 4276 ζώων.
3454 4208 3615 4261 Ἀλλὰ
3666 4206 3775 4260 τῶν

2205 4308 2262 4361 ὲν
2293 4307 2428 4371 ἔθει,
2460 4307 2641 4377 φησιν,
2672 4305 2734 4357 τὸ
2755 4305 2943 4376 ἄγριον
2963 4304 3348 4373 ἀποστήσεται.
3382 4299 3776 4370 Μεταχωρήσει

2206 4401 2262 4455 δὲ
2290 4400 2487 4469 μᾶλλον
2512 4400 2603 4451 ἐπὶ
2641 4398 2738 4469 τὴν
2764 4397 2872 4451 τῶν
2910 4396 3131 4467 ἡμέρων
3167 4393 3389 4464 τροφὴν.
3432 4390 3780 4462 ἀχυροφαγή-

2211 4508 2296 4544 σει
2324 4491 2432 4561 γὰρ
2466 4492 2559 4543 καὶ
2592 4489 2747 4542 αὐτά.
2804 4488 2912 4540 Καὶ
2950 4487 3117 4548 τύπος
3150 4485 3214 4539 ἂν
3245 4486 3328 4554 εἴη
3369 4484 3711 4551 διδαγμάτων
3742 4482 3776 4550 ὴ

528 4592 679 4645 runt,
705 4579 949 4632 ﬂoridum
981 4588 1035 4633 et
1062 4580 1267 4633 deliciis
1295 4577 1598 4633 abluentem
1627 4591 1839 4647 pastum
1873 4596 2089 4649 evange

2211 4592 2403 4655 τροφὴ.
2433 4585 2586 4635 Ἔστι
2619 4582 2795 4634 τοίνυν
2822 4582 3041 4643 ἐννοεῖν,
3059 4579 3139 4631 ὅτι
3168 4577 3273 4647 πρὸ
3301 4578 3398 4648 μὲν
3424 4576 3523 4645 τῆς
3547 4574 3779 4634 πίστεως

531 4670 755 4721 licarum
784 4669 1190 4721 institutionum
1216 4669 1375 4722 simul
1399 4682 1520 4721 cum
1542 4667 1796 4724 lsraelitis
1815 4681 2101 4727 sectantes.

528 4760 814 4822 Cmterum,
846 4758 1040 4826 inquit,
1074 4758 1235 4811 etiam
1272 4773 1404 4826 puer
1432 4760 1689 4824 parvulus
1716 4761 1877 4815 ducet
1905 4777 2021 4829 eos,
2051 4762 2105 4817 id

530 4860 645 4914 est,
677 4852 949 4919 magistris
996 4849 1350 4919 subjicientur
1392 4864 1679 4919 puerorum
1722 4850 2105 4909 formatoribus

534 4960 637 4998 non
688 4945 881 4998 acerba
939 4951 1120 4996 mente
1170 4941 1425 5009 vitiisque
1474 4942 1650 4997 dedita
1696 4945 1965 5012 praeditis,
2010 4945 2105 5000 sed

534 5035 710 5103 potius
740 5033 1106 5103 simplicibus,
1139 5040 1193 5085 et
1223 5032 1272 5084 iu
1311 5033 1515 5086 malitia
1548 5033 1871 5100 infantibus,
1898 5036 2109 5088 animo-

539 5140 643 5193 que
691 5125 1054 5190 sapientibus,
1090 5124 1278 5193 quales
1330 5124 1554 5178 omniuo
1605 5133 1729 5178 sunt
1776 5125 2103 5191 Christiani,

541 5218 774 5269 divinum
837 5217 1095 5269 habentes
1159 5218 1472 5270 thesaurum
1529 5217 1687 5287 201
1746 5219 1797 5271 in
1864 5222 2112 5274 testaceis

542 5306 797 5371 vasculis,
826 5314 877 5358 et
904 5308 1064 5360 corde
1095 5308 1449 5375 perversitate
1477 5322 1539 5363 ac
1572 5310 1917 5378 improbitate
1943 5311 2111 5365 libero

544 5396 781 5465 praediti,
809 5412 871 5450 ac
905 5413 1073 5465 nuper
1103 5398 1240 5452 natis
1268 5399 1510 5467 puerulis
1544 5401 1683 5454 nulla
1717 5402 1768 5455 in
1800 5418 1858 5457 re
1890 5403 2113 5459 inferio-

543 5505 648 5542 res.
678 5486 835 5541 Tales
871 5488 1011 5541 enim
1043 5489 1158 5557 ipse
1188 5490 1446 5545 Scrvator
1472 5492 1662 5561 dignos
1692 5509 1812 5549 esse
1842 5496 1918 5549 ait
1949 5512 2114 5568 regno

497 5627 501 5635 .
542 5578 800 5632 caelorum
838 5597 851 5631 :
892 5598 910 5629 ι
945 5577 1118 5633 Sinite
1148 5580 1315 5646 enim,
1345 5583 1536 5651 inquit,
1566 5600 1783 5654 pueros,
1815 5597 1868 5641 et
1898 5604 1963 5641 ne
1991 5604 2116 5658 pro-

543 5670 728 5725 hibete
762 5670 880 5725 illos
910 5670 1097 5724 venire
1135 5672 1203 5725 ad
1239 5687 1356 5738 me,
1390 5674 1572 5729 talium
1603 5687 1686 5731 est
1709 5678 1852 5732 enim
1888 5695 2109 5750 regnum

546 5764 803 5818 malorum
848 5764 915 5820 ‘9.
967 5781 985 5814 ι
1036 5762 1189 5828 Quod
1241 5776 1451 5834 autem,
1503 5769 1632 5824 licet
1683 5771 2109 5829 innocentissimi

517 5868 524 5892 ⁵
618 5885 663 5915 δυ
697 5883 880 5941 Matth.
921 5900 1033 5951 ω,
1067 5885 1149 5941 ιι.

2211 4679 2308 4747 τῆς
2342 4678 2419 4739 εἰς
2446 4674 2678 4745 Χριστὸν
2732 4673 2800 4726 τὰ
2829 4672 2959 4741 ἔθνη
2990 4670 3259 4740 πονηροὺς
3285 4669 3382 4739 μὲν
3408 4668 3671 4737 ἐσχήκασι
3698 4665 3779 4717 δι-

2210 4767 2549 4829 δασκάλους,
2602 4764 2969 4837 θηριοπρεπὲς
3041 4763 3224 4823 αὐτοῖς
3275 4758 3671 4829 παρατιθέντας
3721 4756 3783 4809 τὸ

2214 4861 2463 4930 μάθημα,
2496 4858 2589 4910 xa‘t
2619 4858 2686 4909 τά
2720 4856 2925 4925 φθορᾶς
2949 4871 3008 4906 τε
3039 4853 3134 4906 καὶ
3165 4851 3438 4912 ἀπωλείας
3460 4849 3595 4920 ἔργα
3616 4850 3782 4918 τιμᾷν

2211 4949 2620 5010 ἀναπείθοντας.
2663 4946 2876 5016 Ἐπειδὴ
2910 4946 2967 4998 δὲ
2994 4943 3285 5013 κέκληνται
3319 4942 3452 5012 πρὸς
3488 4940 3783 5007 ἐπίγνωσιν

2211 5042 2306 5094 τοῦ
2339 5042 2458 5093 κατ’
2487 5039 2743 5110 ἀλήθειαν
2772 5038 2921 5101 ὄντος
2944 5036 3100 5099 Θεοῦ,
3131 5034 3265 5105 ὁμοῦ
3286 5036 3352 5103 τῇ
3383 5032 3585 5105 ἀρχαίᾳ
3609 5031 3783 5102 πλάνῃ

2214 5134 2309 5186 καὶ
2328 5133 2437 5186 τῶν
2462 5131 2774 5201 συντρόφων
2798 5131 2977 5192 αὐτοῖς
2998 5126 3401 5198 ἀπηλλάττοντο
3428 5124 3784 5193 μαθημάτων,

2216 5226 2313 5295 τὴν
2333 5223 2532 5293 εὐανθῆ
2590 5240 2650 5275 τε
2710 5223 2801 5273 καὶ
2859 5220 3248 5289 εύδιάθρυπτον
3280 5217 3389 5269 τῶν
3419 5212 3788 5283 εύαγγελικῶν
3828 5268 3829 5273 η

2214 5315 2599 5387 παιδευμάτων
2624 5312 2760 5384 ὁμοῦ
2782 5316 2893 5376 τοῖς
2924 5312 2984 5377 ἐξ
3026 5311 3243 5383 Ἰσραὴλ
3272 5309 3538 5379 τιμῶντες
3561 5307 3787 5377 τροφήν.

2229 5408 2390 5461 Ἀλλά
2425 5408 2518 5460 καὶ
2546 5406 2777 5466 παιδίον,
2816 5403 2971 5473 φησὶ,
3006 5401 3202 5472 μικρὸν
3226 5401 3344 5465 ἄξει
3376 5401 3594 5463 αὐτοὺς,
3642 5396 3788 5450 τοῦτ’

2214 5499 2380 5561 ἔστιν,
2407 5499 2510 5551 ὑπὸ
2557 5495 2896 5557 διδασκάλοις
2941 5493 3154 5545 ἔσονται
3195 5491 3562 5559 παιδαγωγοῖς
3609 5489 3667 5540 ού
3699 5505 3790 5540 πι-

2214 5592 2346 5663 κρόν
2375 5609 2435 5644 τε
2466 5592 2557 5644 καὶ
2581 5587 3005 5658 φιλοκάλουργον
3061 5584 3242 5654 ἔχουσι
3292 5582 3439 5647 νοῦν,
3499 5580 3687 5642 ἁπλοῖς
3735 5579 3794 5631 δὲ

2220 5683 2417 5755 μᾶλλον
2443 5683 2537 5735 καὶ
2557 5679 2881 5751 νηπιάζουσι
2910 5679 3005 5748 μὲν
3044 5679 3103 5729 ἐν
3156 5676 3347 5746 κακίᾳ,
3381 5676 3561 5742 σοφοῖς
3609 5672 3665 5724 δὲ
3694 5672 3793 5733 τὰς

2222 5775 2445 5847 φρένας.
2485 5773 2729 5826 Τοιοῦτοι
2764 5770 2822 5824 δὲ
2855 5770 3054 5832 πάντες
3091 5769 3140 5820 οἱ
3176 5770 3233 5820 ἐν
3262 5764 3480 5837 Χριστῷ
3528 5764 3617 5816 τὸν
3652 5764 3792 5815 θεῖον
