4152 6366
408 442 514 525 .325

1538 438 1601 491 ΙΝ
1645 435 1875 492 ISAIAM
1914 437 2042 496 LIB.
2084 438 2145 494 ll.
2188 438 2423 496 TOMUS
2459 442 2501 496 l.

3540 443 3649 498 526

407 554 621 625 ἔχοντες
664 550 935 622 θησαυρὸν
966 552 1024 603 ἐν
1067 549 1407 622 ὀστρακίνοις
1448 549 1717 617 σκεύεσιν,
1742 551 1982 603 καὶδυσ-

2098 553 2264 607 lorent
2292 563 2347 609 et
2373 554 2772 625 simplicissima
2801 563 3002 621 meme,
3023 554 3482 627 inexpugnabiles,
3503 557 3655 615 inde-

406 644 632 716 τροπίας
664 644 761 714 μὲν
784 642 877 695 καὶ
911 641 1251 713 φαυλότητος
1282 641 1569 712 ἐλευθέραν
1616 641 1832 712 ἔχοντες
1881 641 1979 712 τὴν

407 737 654 807 καρδίαν,
691 734 991 806 ἀρτιγενῶν
1023 752 1083 786 τε
1124 734 1352 788 παιδίων
1396 734 1513 787 κατ’
1542 733 1695 788 οὐδὲν
1720 734 1980 787 ἀποδέον-

407 848 516 892 τες.
575 830 714 893 Τούς
760 828 867 898 γὰρ
896 827 1171 891 τοιούτους
1204 829 1300 881 καὶ
1344 827 1503 892 αὐτὸς
1529 829 1557 880 6
1582 828 1772 900 Σωτὴρ
1798 827 1980 893 ἀξίους

409 913 547 970 εἷναί
583 934 715 986 φησι
749 916 849 985 τῆς
898 916 1173 985 βασιλείας
1219 917 1327 970 τῶν
1366 916 1625 988 οὐρανῶψ
1659 936 1678 969 ‹
1717 918 1929 986 Ἀφίετε
1954 937 1974 970 ι

408 1010 537 1079 γὰρ,
574 1008 728 1079 φησὶ,
764 1026 783 1060 ι
808 1009 875 1062 τὰ
896 1008 1101 1074 παιδία,
1144 1010 1239 1061 καὶ
1275 1008 1352 1081 μὴ
1390 1007 1626 1063 κωλύετε
1654 1009 1792 1064 αὐτά
1829 1010 1982 1082 ἔρχε-

411 1101 537 1154 σθαι
559 1100 698 1171 πρὸς
725 1100 814 1171 μέν
845 1100 953 1153 τῶν
980 1100 1089 1171 γάρ
1111 1100 1315 1154 τούτων
1358 1101 1562 1174 ἐστὶνὴ
1596 1102 1842 1172 βασιλεία
1874 1103 1982 1157 τῶν

409 1192 718 1264 οὐρανῶν.»
774 1191 985 1245 Ὅτιδέ
1027 1194 1120 1245 καὶ
1172 1192 1264 1245 ἐπὶ
1325 1192 1585 1262 πλείστην
1648 1192 1822 1263 ἔχοιεν
1881 1193 1983 1262 τὴν

410 1284 646 1337 ἀκακίαν
689 1284 767 1346 εἰς
814 1280 980 1346 νοῦν,
1030 1283 1319 1353 ἀχείρωτοί
1357 1301 1413 1337 τε
1462 1284 1558 1338 καὶ
1608 1283 1858 1353 ἄληπτοι,
1890 1285 1984 1338 καὶ

412 1376 667 1430 ἁπάντων
694 1374 903 1430 ἔσονται
936 1375 1206 1445 δειμάτων
1235 1376 1512 1446 ἀμείνους,
1546 1376 1876 1446 ὐπεμφαίνει
1898 1376 1985 1429 λέ-

409 1485 543 1539 γων’
573 1486 597 1520 ε
628 1468 739 1521 Καὶ
765 1466 978 1520 παιδίον
1003 1468 1192 1539 νήπιον
1221 1468 1313 1521 ἐπὶ
1342 1467 1588 1539 τρώγλην
1610 1468 1870 1533 ἀσπίδων,
1890 1469 1985 1522 καί¹

410 1563 504 1615 ἐπὶ
534 1561 722 1631 κοίτην
750 1561 990 1629 ἐγγόνων
1018 1560 1258 1614 ἀσπίδων
1286 1562 1383 1631 τὴν
1415 1564 1569 1631 χεῖρα
1595 1561 1860 1624 ἐπιδαλεῖ,
1892 1561 1986 1614 καὶ

410 1654 471 1706 οὐ
499 1653 573 1724 μὴ
603 1653 1062 1723 κακοποιήσωσιν,
1088 1652 1197 1705 οὐδ’
1223 1653 1284 1704 οὐ
1328 1651 1401 1723 μὴ
1430 1652 1690 1706 δύνωνται
1722 1651 1986 1706 ἀπολέσαι

411 1747 601 1799 οὐδένα
628 1747 719 1799 ἐπὶ
742 1745 803 1798 τὺ
831 1745 954 1815 ὅρος
988 1746 1049 1798 τὸ
1072 1746 1226 1814 ἅγιόν
1258 1764 1382 1817 μου.
1406 1766 1423 1797 ι
1452 1745 1712 1815 Τρωγλας
1742 1746 1799 1799 δὲ
1832 1740 1986 1814 οἶμαι

412 1841 502 1892 καὶ
537 1840 721 1901 κοίτας
780 1839 1042 1903 ἀσπίδων,
1096 1839 1129 1910 ἢ
1188 1840 1255 1893 τὰ
1303 1840 1514 1909 πονηρά
1562 1840 1669 1893 τῶν
1694 1839 1987 1911 δαιμονίων

2078 642 2506 711 prehensibiles,
2565 643 2924 713 omnibusque
2984 645 3285 702 terroribus
3344 647 3653 717 superiores

2079 734 2249 788 futuri
2281 745 2425 800 sunt,
2460 735 2765 791 subindicat
2816 736 3003 793 dicens
3037 754 3053 791 :
3091 756 3111 791 ι
3149 737 3216 793 Et
3238 754 3370 809 puer
3399 742 3656 811 parvulus

2081 828 2134 882 in
2163 826 2429 881 foramina
2466 827 2734 897 aspidum,
2763 836 2816 882 et
2850 829 2901 882 in
2939 828 3115 884 cubile
3142 828 3369 884 laetuum
3406 831 3655 901 aspidum

2082 933 2300 971 manum
2332 918 2607 982 immittet,
2639 934 2738 973 nec
2769 918 2984 984 laedent,
3013 935 3188 991 neque
3203 931 3656 992 poteruntqnem-

2080 1024 2240 1078 quam
2282 1012 2512 1078 perdere
2557 1009 2609 1063 in
2657 1020 2839 1065 monte
2879 1021 3070 1066 sancto
3119 1028 3259 1067 meo.
3298 1033 3319 1066 ι
3368 1014 3652 1070 Foramina

2082 1110 2261 1153 autem
2291 1111 2344 1153 et
2376 1100 2571 1154 cubilia
2603 1102 2871 1171 aspidum,
2895 1103 3079 1169 credo,
3102 1106 3231 1159 dicit
3258 1106 3426 1161 malas
3458 1108 3657 1161 daamu-

2083 1192 2293 1245 niorum
2339 1201 2574 1259 turmas,
2612 1193 2699 1247 vel
2741 1194 3026 1264 impiorum
3068 1195 3441 1252 haereticorum
3490 1200 3658 1253 lustra

2084 1297 2148 1335 ac
2176 1281 2418 1347 latibula,
2452 1283 2709 1338 ecclesias
2733 1286 2873 1338 enim
2903 1285 3086 1339 dicere
3115 1301 3220 1340 non
3252 1287 3416 1356 lubet,
3445 1289 3496 1343 in
3523 1306 3657 1361 quas

2082 1390 2453 1443 smpcnumero
2508 1390 2697 1429 manus
2748 1376 3131 1443 immittentes,
3183 1380 3273 1448 qui
3327 1380 3381 1434 in
3439 1381 3658 1437 Christo

2086 1464 2319 1520 infantes
2363 1475 2518 1529 sunt,
2558 1466 2715 1522 facile
2762 1477 3024 1537 superant
3072 1470 3205 1524 nihil
3251 1487 3473 1539 prorsus
3521 1474 3656 1529 husi.

2084 1557 2328 1611 Christus
2359 1558 2621 1626 siquidem
2650 1574 2742 1613 eos
2778 1561 3044 1629 vindicat,
3074 1572 3129 1617 et
3162 1564 3395 1620 sinistrae
3442 1566 3659 1621 illorum

2086 1650 2462 1717 perversitatis
2514 1664 2727 1705 morsus
2783 1653 3059 1721 reprimit,
3101 1654 3358 1725 virusque
3414 1657 3662 1714 inriIicax

2086 1743 2269 1796 eﬂicit.
2305 1741 2413 1797 Nec
2456 1747 2600 1796 enim
2645 1754 2932 1814 poterunt,
2969 1746 3175 1816 inquit,
3208 1750 3432 1817 perdere
3475 1766 3662 1820 quem-

2089 1850 2246 1903 quam
2281 1834 2332 1889 in
2366 1845 2547 1890 monte
2578 1846 2764 1891 sancto
2798 1853 2936 1891 meo.
2971 1837 3227 1893 Sanctum
3265 1848 3499 1895 montem
3533 1842 3663 1896 dicit

411 1932 666 2001 ὀνομάζει
704 1931 892 2002 στίφη,
933 1932 1103 2002 ἧγουν
1142 1930 1241 1993 τάς
1283 1931 1389 1983 τῶν
1424 1932 1651 1985 ἀνοσίων
1694 1930 1985 2003 αἰρετικῶν

2098 1926 2417 1989 Ecclesiam,
2451 1936 2733 1997 propterea
2780 1931 2920 1999 quod
2969 1930 3022 1985 in
3070 1931 3180 1985 alto
3223 1932 3406 2001 gloriae
3449 1933 3667 2005 fastigio

410 2022 522 2076 οἷον
553 2021 731 2085 οἰκίας
759 2040 817 2074 τε
848 2022 944 2076 καὶ
976 2022 1313 2086 καταδύσεις·
1357 2023 1443 2077 ἵνα
1493 2024 1567 2095 μὴ
1612 2024 1860 2096 λέγωμεν
1897 2027 1989 2078 ἐκ·

415 2117 663 2186 κλησίας·
713 2111 803 2178 αἷς
838 2116 939 2185 τὴν
988 2118 1145 2185 χεῖρα
1194 2116 1511 2180 πλειστάκις
1551 2118 1903 2189 ἐπιφέροντες
1938 2123 1989 2173 οἱ

416 2213 472 2263 ἐν
491 2209 713 2281 Χριστῷ
753 2208 1111 2278 νηπιάζοντες
1166 2208 1549 2279 περιγίνονται
1601 2211 1820 2281 ῥᾳδίως,
1868 2215 1987 2267 κατ’

416 2303 607 2354 οὐδένα
662 2301 863 2371 τρόπον
924 2299 1266 2369 ἀδικούμενοι
1295 2315 1310 2330 ·
1340 2301 1573 2371 Χριστὸς
1619 2302 1727 2373 γάρ
1782 2305 1926 2356 ἐστιν
1962 2306 1990 2357 6

416 2393 714 2463 ἐπαμύνων
747 2393 949 2455 αὐτοῖς,
972 2391 1184 2461 καὶτῆς
1216 2391 1439 2444 ἐκείνων
1469 2393 1787 2464 σκαιότητος
1807 2394 1992 2462 ἀφανί-

419 2486 526 2549 ζων
574 2484 645 2537 τὰ
674 2484 964 2555 δήγματα,
1013 2482 1293 2554 ἄπρακτόν
1315 2499 1375 2535 τε
1412 2483 1502 2536 τὸν
1548 2484 1621 2537 ἰὸν
1654 2486 1985 2556 ἀποφαίνων.

420 2578 494 2630 Οὐ
526 2577 633 2646 γάρ
659 2576 733 2647 μὴ
755 2576 1038 2638 δύνωνται,
1098 2576 1284 2646 φησὶν,
1342 2576 1604 2630 ἀπολέσαι
1646 2578 1765 2631 τινὰ
1810 2581 1902 2631 ἐπὶ
1933 2580 1993 2631 τὸ

419 2666 543 2737 ὅρος
577 2666 637 2718 τὺ
665 2665 817 2734 ἅγιόν
851 2682 973 2735 μου.
1003 2665 1191 2733 Ἂγιον
1219 2665 1275 2717 δέ
1316 2665 1441 2735 ὅρος
1466 2667 1599 2737 φησὶ
1622 2667 1718 2735 τὴν
1762 2668 1985 2740 Ἐκκληο

424 2763 565 2826 σίαν,
595 2760 684 2812 διὰ
712 2760 773 2813 τὸ
800 2757 935 2828 ὑψοῦ
965 2757 1238 2810 τεθεῖσθαι
1263 2756 1323 2809 τό
1355 2775 1416 2827 γε
1440 2752 1575 2828 ἧκον
1604 2761 1685 2822 είς
1704 2760 1880 2826 δόξαν,
1898 2760 1993 2814 καὶ

422 2851 528 2904 τῶν
557 2852 613 2903 ἐν
644 2850 778 2919 αὐτῇ
809 2847 1095 2917 δογμάτων
1124 2848 1183 2899 τὸ
1206 2847 1535 2918 ἐπῃρμένον.
1578 2849 1867 2918 Χθαμαλδν
1886 2850 1994 2920 γάρ

421 2942 574 2996 οὐδὲν
602 2945 657 2994 ἐν
687 2944 839 3012 ἡμῖν.
872 2941 946 2993 Οὐ
978 2940 1085 3010 γὰρ
1138 2940 1266 3002 ἴσως
1303 2940 1369 3010 τῇ
1401 2940 1574 2993 κτίσει
1600 2940 1677 3010 τῷ
1706 2940 1907 3011 Κτίστῃ
1935 2941 1997 2994 τὸ

426 3035 591 3097 σέϐας
650 3034 908 3087 ἀνάπτειν
954 3032 1227 3103 ὴθίσμεθα
1272 3031 1424 3103 παρά
1462 3032 1555 3085 τὸν
1608 3032 1847 3102 Κτίστην
1903 3034 1996 3085 καὶ

426 3127 684 3196 Ποιητην·
712 3125 834 3177 οὐτε
867 3125 971 3197 μὴν
1014 3126 1104 3177 τὸν
1147 3125 1255 3176 τῶν
1307 3125 1443 3177 ὅλων
1485 3124 1817 3194 δημιουργὸν
1866 3124 1995 3177 Θεὸν

422 3220 593 3288 Λόγον
623 3219 723 3288 τῆς
766 3217 914 3288 αὐτῷ
969 3216 1285 3287 πρεπούσης
1336 3215 1774 3286 καταϐιϐἀζομεν
1816 3216 1992 3285 δόξης,

2094 2017 2352 2073 collocata
2386 2019 2488 2081 sit,
2514 2030 2568 2073 et
2596 2028 2815 2090 pmpter
2845 2021 3151 2092 dogmatum
3187 2024 3237 2077 in
3271 2040 3332 2079 ea
3364 2026 3664 2080 sublimita-

2096 2117 2223 2164 tem.
2257 2109 2465 2164 Humile
2508 2111 2651 2165 enim
2699 2113 2828 2166 nihil
2872 2122 2955 2169 est
2998 2115 3051 2169 in
3100 2117 3274 2170 nobis.
3302 2115 3417 2170 Non
3466 2119 3668 2172 etenim

2094 2210 2357 2255 creatura:
2404 2216 2564 2269 supra
2616 2202 2929 2257 Creatorem
2995 2204 3391 2258 venerationem
3453 2205 3665 2260 deferre

2095 2293 2358 2356 solemus,
2388 2309 2485 2348 nec
2528 2295 2768 2348 omnium
2813 2296 3060 2363 opiﬁcem
3104 2295 3270 2351 Deum
3326 2295 3554 2350 Verbum
3601 2299 3667 2351 de

2096 2385 2263 2456 gloria
2298 2386 2478 2440 debita
2511 2387 2885 2453 deturbamus,
2918 2402 3015 2442 nec
3043 2403 3166 2440 cum
3200 2389 3466 2443 creaturis
3494 2405 3667 2443 annu-

2098 2492 2390 2533 meramus.
2446 2478 2722 2547 Repletam
2784 2480 2905 2533 dein
2968 2479 3045 2533 ait
3100 2480 3400 2535 universam
3464 2491 3664 2536 terram

2096 2570 2403 2639 cngnitione
2424 2571 2654 2633 Domini,
2676 2581 2822 2624 tanta
2852 2570 3108 2641 religione
3131 2586 3257 2641 erga
3282 2588 3401 2627 eum
3428 2572 3666 2642 plenam,

2098 2663 2314 2730 quantis
2360 2663 2573 2717 scilicet
2626 2665 2777 2732 aquis
2837 2664 3135 2733 spatiosum
3184 2674 3238 2719 et
3286 2665 3466 2719 laxum
3516 2682 3668 2721 mare

2099 2758 2359 2825 operitur.
2388 2756 2540 2822 Quod
2571 2772 2755 2811 verum
2788 2773 2908 2813 esse
2943 2773 2972 2811 a
3008 2758 3198 2827 quovis
3232 2759 3458 2827 perspici
3494 2770 3670 2829 potest

2099 2861 2153 2903 et
2190 2849 2433 2917 intelligi.
2487 2849 2587 2904 Ubi
2625 2851 2769 2905 enim
2810 2860 2865 2905 et
2913 2851 3051 2917 apud
3096 2864 3232 2919 quos
3272 2850 3524 2906 Christus
3562 2866 3667 2906 non

2105 2942 2449 2995 nominatur?
2476 2942 2541 2995 Et
2571 2942 2711 3010 quod
2742 2956 2911 3011 genus
2941 2941 3215 2995 hominum
3246 2941 3317 2995 illi
3349 2958 3453 2995 non
3487 2944 3674 3011 paret?

2100 3032 2307 3086 FIeCtet
2338 3034 2535 3087 etenim
2572 3049 2631 3087 se
2668 3033 2741 3086 illi
2778 3048 2938 3087 omne
2974 3047 3145 3102 genu,
3179 3044 3233 3087 et
3276 3036 3455 3089 omnis
3490 3035 3669 3105 lingua

2102 3126 2176 3179 illi
2204 3124 2577 3186 conﬁtebitur,
2607 3126 3058 3194 quemadmodum
3090 3127 3347 3196 scriptum
3377 3138 3460 3183 est
3488 3147 3501 3183 :
3536 3129 3672 3196 Quia

2104 3216 2363 3272 Dominus
2392 3215 2548 3271 Jesns
2572 3217 2819 3271 Christus
2845 3218 2897 3271 in
2929 3217 3100 3287 gloria
3131 3217 3225 3273 Dei
3259 3220 3434 3275 Patris
3457 3220 3526 3275 ⁸ο.

426 3310 883 3382 συναριθμοῦντες
907 3308 1067 3362 αὐτὸν
1097 3311 1208 3372 τοῖς
1237 3308 1550 3379 κτίσμασιν.
1616 3307 2030 3379 Ἐμπεπλῆσθαί
2068 3310 2126 3362 τέ
2152 3328 2284 3379 φησι
2343 3309 2442 3380 τὴν
2475 3309 2766 3379 σύμπασαν
2806 3313 2900 3363 τοῦ
2927 3310 3130 3379 γνῶναι
3163 3312 3253 3365 τὸν
3280 3313 3505 3385 Κύριον,
3531 3313 3675 3368 οὕτω

426 3427 483 3462 τε
506 3404 643 3461 εἶναι
673 3406 857 3476 πλήρη
895 3405 995 3476 τῆς
1052 3406 1133 3468 είς
1192 3405 1355 3459 αὐτὸν
1415 3406 1720 3470 εὐσεϐείας,
1786 3406 2036 3478 καθάπερ
2104 3407 2297 3474 ἀμέλει
2346 3406 2440 3458 καὶ
2483 3408 2515 3475 η
2564 3406 2793 3460 πλατεῖά
2835 3424 2894 3459 τε
2939 3407 3034 3460 καὶ
3067 3406 3378 3479 εὐρύχωρος
3428 3409 3674 3465 θάλασσα

428 3501 599 3570 μεστὴ
632 3499 740 3553 τῶν
787 3498 931 3552 ἰδίων
978 3496 1186 3551 ὐδάτων
1239 3496 1407 3552 ἐστίν.
1466 3497 1594 3549 ’Ὶδοι
1638 3499 1681 3549 δ’
1704 3496 1769 3550 ἄν
1790 3515 1872 3560 τις
1898 3500 1992 3551 κα).
2028 3497 2185 3551 τοῦτο
2209 3498 2428 3568 ἀληθές.
2487 3497 2597 3551 Ποῦ
2623 3498 2730 3569 γὰρ
2759 3499 2898 3561 ὅλως
2942 3500 2973 3570 ἢ
3016 3500 3167 3572 παρά
3190 3501 3329 3554 τίσιν
3347 3503 3446 3556 οὐκ
3474 3504 3676 3575 ὀνομάο

426 3597 577 3661 ζεται
607 3596 842 3667 Χριστός
869 3611 884 3659 ;
923 3593 956 3663 ἢ
983 3596 1133 3646 ποῖον
1160 3592 1460 3663 ἀνθρώπων
1491 3593 1647 3660 γένος
1674 3594 1773 3663 οὐχ
1792 3594 2185 3647 ὐποπέπτωκεν
2207 3613 2221 3661 ;
2240 3595 2463 3664 Κάμψει
2501 3595 2608 3665 γάρ
2628 3595 2775 3665 αὐτῷ
2812 3597 2921 3648 πᾶν
2956 3596 3109 3665 γόνυ,
3144 3599 3237 3651 καὶ
3280 3600 3430 3653 πᾶσα
3453 3599 3675 3669 γλῶσσα

427 3689 883 3759 ἐξομολογήσεται
944 3685 1091 3755 αὐτῷ
1142 3684 1283 3738 κατὰ
1344 3685 1406 3737 τὸ
1447 3685 1853 3755 γεγραμμένον,
1908 3687 1995 3739 ὅτι
2030 3686 2231 3757 Κύριος
2279 3686 2482 3756 Ἰησοῦς
2507 3685 2737 3757 Χριστὸς
2762 3688 2842 3749 εἰς
2877 3686 3032 3752 δόξαν
3065 3686 3199 3740 Θεοῦ
3231 3689 3462 3761 Πατρός.

499 3783 609 3837 Καὶ
657 3782 829 3835 ἔσται
889 3780 958 3833 ἐν
1012 3778 1090 3848 τῇ
1144 3778 1332 3847 ἡμέρᾳ
1387 3780 1591 3848 ἐκείνῃ
1641 3780 1680 3847 ἡ
1733 3780 1864 3848 ῥίζα
1898 3780 1996 3835 τοί

2178 3781 2340 3836 Vsus.
2381 3782 2467 3835 10.
2499 3781 2565 3835 Et
2592 3784 2690 3835 erit
2718 3786 2773 3835 in
2803 3783 2887 3835 die
2924 3783 3018 3835 illa
3074 3783 3233 3836 radix
3259 3783 3444 3856 Jessw,
3481 3796 3531 3840 et
3582 3789 3674 3858 qui

442 3873 671 3930 Ἰεσσαὶ
712 3871 813 3925 καὶ
862 3874 896 3924 ό
957 3871 1353 3938 ἀνιστάμενος
1398 3869 1603 3938 ἄρχειν
1650 3870 1870 3935 ἐθνῶν,
1910 3871 2001 3924 ἐπ’

429 3964 592 4027 αὐτῷ
616 3960 959 4027 ἐλπιοῦσιν,
995 3961 1095 4014 καί
1136 3960 1309 4013 ἔσται
1355 3960 1394 4028 ἠ
1430 3960 1776 4028 ἀνάπαυσις
1819 3962 2003 4017 αὑτοῦ

433 4056 592 4127 τιμή.

518 4147 851 4217 Ἀναλάμπει
883 4145 1022 4198 κατὰ
1052 4144 1224 4217 βραχύ
1260 4145 1369 4198 τῶν
1416 4145 1672 4217 ἀμυδρῶς
1705 4147 2009 4217 εἰρημένων

432 4245 468 4312 ἡ
499 4242 720 4313 θεωρία,
750 4242 845 4293 καὶ
900 4240 1042 4309 ἆπερ
1071 4238 1175 4309 ἔφη
1200 4239 1268 4291 δι’
1299 4238 1657 4307 αίνιγμάτων,
1691 4239 1864 4292 ταῦτα
1894 4241 2008 4301 τοῖς

436 4333 868 4404 φιλακροάμοσιν
893 4328 952 4384 εῦ
979 4330 1123 4401 μάλα
1165 4331 1458 4401 διατρανοῖ.
1490 4330 1624 4383 Τίνα
1670 4328 1779 4401 γάρ
1809 4330 2009 4400 τρόπον

440 4426 839 4496 βοσκηθήσεται
879 4424 977 4493 μέν
1010 4425 1037 4475 6
1072 4422 1232 4485 λύκος
1276 4422 1411 4492 μετὰ
1444 4421 1624 4492 ἀρνὸς,
1666 4421 2010 4474 συναναπαύ-

440 4518 667 4571 σεταιδέ
703 4516 876 4585 ἐρίφῳ
908 4513 1190 4584 πάρδαλις,
1234 4515 1329 4565 καὶ
1379 4513 1702 4583 μοσχάριον,
1734 4514 1827 4566 καὶ
1862 4513 2006 4583 βοῦς,

439 4613 531 4665 καὶ
568 4610 706 4663 λέων
760 4608 878 4677 ἅμα
908 4607 1170 4677 φάγονται
1207 4606 1406 4677 ἄχυρα,
1437 4607 1569 4659 πότε
1592 4606 1648 4660 δὲ
1688 4606 1823 4668 ὅλως
1856 4605 2009 4658 ἕσται

438 4703 614 4766 ταυτὶ,
645 4702 739 4754 καὶ
767 4701 911 4763 τίνες
938 4701 985 4753 οἱ
1012 4699 1149 4753 ποτὲ
1183 4699 1282 4769 μὲν
1318 4699 1458 4768 ὠμοὶ
1484 4699 1577 4751 καὶ
1620 4699 1869 4767 ἀπηνεῖς,
1899 4696 2013 4750 ἐσό-

442 4812 591 4863 μενοι
624 4793 680 4846 δέ
721 4791 856 4861 μετά
886 4791 1048 4845 τοῦτο
1075 4789 1319 4844 τιθασσοί
1364 4806 1424 4841 τε
1454 4789 1548 4842 καὶ
1576 4791 1760 4862 πρᾶοι,
1801 4789 2011 4841 ἔσονται

438 4884 492 4936 δὲ
516 4884 663 4945 ὅπως
686 4881 889 4950 ἀναμὶξ
924 4882 1038 4943 τοῖς
1058 4879 1285 4951 ἡμέροις
1311 4896 1371 4931 τε
1397 4878 1489 4933 καὶ
1521 4879 1687 4948 ἱεροῖς
1716 4878 1805 4947 ὐφ’
1829 4878 1908 4930 ἐνὶ
1935 4877 2013 4948 τῷ

441 4974 655 5026 πάντων
710 4970 1062 5042 ἀρχιποιμένι
1114 4968 1563 5040 νεμηθησόμενοι,
1602 4968 2014 5022 καταλευκαίνει

439 5066 633 5132 λέγων·
669 5064 780 5115 Καὶ
817 5061 969 5115 ἔσται
1009 5064 1043 5132 ὴ
1082 5060 1206 5132 ῥίζα
1234 5062 1330 5113 τοῦ
1365 5061 1589 5114 Ἰεσσαί.
1640 5062 1831 5116 Ἔσται
1860 5061 1919 5114 δὲ
1961 5061 2013 5115 τί

2104 3874 2414 3944 consurgit,
2468 3884 2525 3926 ut
2557 3874 2627 3926 sit
2668 3876 2905 3941 princeps
2943 3875 3213 3943 gentium,
3259 3874 3313 3929 in
3344 3876 3457 3944 ipso
3496 3889 3674 3947 gentes

2103 3969 2409 4035 sperabunt,
2440 3968 2535 4021 erit
2561 3969 2759 4033 requies
2782 3967 2893 4037 ejus
2919 3968 3107 4022 honor.

2181 4148 2370 4202 Elucet
2397 4147 2659 4217 paulatim
2717 4162 2905 4203 eorum
2960 4164 3079 4218 qua:
3100 4150 3334 4205 obscure
3363 4150 3506 4206 dicta
3546 4163 3674 4207 sunt

2109 4221 2478 4308 intelligentia,
2512 4249 2568 4293 et
2590 4254 2712 4309 qua:
2734 4254 2831 4309 per
2859 4240 3149 4310 aenigmata
3183 4242 3343 4307 dixit,
3376 4244 3466 4298 hic
3492 4254 3673 4299 attenv

2111 4328 2179 4383 tis
2236 4329 2577 4384 auditoribus
2632 4330 2835 4397 optime
2894 4331 3168 4399 explanat.
3214 4330 3346 4385 Nam
3405 4336 3676 4403 quomodo

2108 4428 2420 4489 compascet
2453 4420 2609 4488 lupus
2637 4436 2759 4475 cum
2800 4436 2960 4489 agno,
2990 4422 3152 4491 202
3184 4431 3240 4477 et
3276 4427 3474 4491 pardus
3520 4426 3676 4479 haedo

2110 4509 2416 4574 aecubabit,
2451 4519 2504 4563 et
2530 4510 2727 4564 vitulus
2753 4551 2768 4575 ,
2798 4521 2856 4564 et
2891 4511 3009 4577 bos,
3042 4521 3097 4565 et
3134 4514 3219 4567 leo
3246 4513 3407 4567 simul
3445 4529 3675 4569 vescen-

2114 4612 2201 4656 tur
2234 4601 2423 4671 paleis,
2460 4604 2675 4670 quando
2710 4618 2836 4656 vere
2865 4604 2979 4657 hree
3009 4603 3233 4658 omnino
3269 4605 3418 4671 lient,
3469 4616 3524 4660 et
3550 4608 3677 4674 qui-

2111 4707 2236 4747 nam
2284 4693 2411 4746 olim
2448 4693 2715 4756 crudeles,
2773 4695 3027 4764 deinceps
3081 4694 3312 4750 evadent
3365 4696 3580 4751 cicures
3622 4705 3679 4752 et

2114 4786 2295 4852 mites,
2330 4794 2385 4840 et
2417 4800 2523 4855 quo
2551 4794 2708 4855 pacto
2739 4786 2962 4852 placidis
3008 4795 3065 4839 et
3120 4787 3325 4841 sanctis
3381 4786 3679 4855 permisce-

2113 4879 2332 4945 buutur,
2370 4880 2471 4932 sub
2488 4892 2595 4931 uno
2620 4893 2832 4932 summo
2865 4879 3103 4932 omnium
3130 4889 3346 4946 pastore
3374 4892 3677 4949 pascentes,

2113 4970 2345 5024 candide
2377 4980 2428 5023 et
2456 4980 2641 5038 aperte
2669 4969 2925 5033 declarat,
2952 4985 3072 5023 cum
3106 4970 3184 5023 ait
3215 4985 3230 5021 :
3272 4970 3338 5024 Et
3364 4973 3472 5025 erit
3526 4972 3680 5027 radix

2113 5058 2305 5114 Jessae.
2358 5061 2425 5114 At
2459 5061 2588 5130 quid
2621 5062 2724 5115 erit
2756 5073 2808 5116 et
2840 5063 2891 5115 in
2930 5062 3171 5130 quibus?
3215 5061 3560 5132 Utprinceps
3585 5066 3680 5129 sit,

439 5158 532 5209 καὶ
563 5156 654 5209 ἐπὶ
681 5154 851 5218 τίσιν;
884 5155 1047 5206 Ὥστε
1076 5152 1364 5223 κατάρξαι,
1397 5152 1555 5224 φησὶ,
1577 5151 1684 5205 τῶν
1704 5153 1892 5218 ἐθνῶν,
1926 5169 1989 5221 γε

2122 5152 2315 5221 inquit,
2345 5155 2680 5220 gentium,et
2708 5162 2764 5207 ut
2784 5170 2908 5222 spes
2934 5155 3003 5209 sit
3029 5170 3177 5224 spem
3200 5170 3305 5209 non
3332 5156 3678 5223 habentibus,

439 5246 625 5300 νέσθαι
661 5246 718 5299 δὲ
749 5253 843 5298 καὶ
872 5246 951 5306 είς
983 5244 1173 5297 ἐλπίδα
1216 5246 1329 5307 τοῖς
1383 5245 1484 5296 οὐκ
1533 5242 1745 5314 ἔχουσιν
1794 5242 2009 5306 ἐλπίδα,

438 5341 622 5401 αὐτοῖς
647 5338 703 5390 δὲ
731 5337 972 5408 δηλονότι
992 5338 1106 5399 τοῖς
1132 5335 1360 5401 ἔθνεσιν,
1399 5331 1481 5399 οἷς
1510 5337 1603 5389 καὶ
1631 5338 1661 5389 ὁ
1702 5336 2011 5405 σοφώτατος

438 5429 650 5492 Παῦλος
684 5427 989 5481 ἐπιστέλλει
1016 5427 1211 5495 λέγων·
1273 5445 1292 5479 ι
1324 5427 1417 5480 Διὸ
1468 5427 1834 5499 μνημονεύετε
1855 5429 2014 5499 ὑμεῖς

435 5520 503 5573 τέι
530 5519 678 5588 ἔθνη,
708 5520 759 5571 oi.
782 5518 1064 5589 λεγόμενοι
1088 5516 1421 5588 ἀκροϐυστία
1452 5516 1557 5571 ὑπὸ
1588 5518 1689 5587 τῆς
1716 5517 2013 5588 λεγομένης

436 5612 495 5663 ἐν
544 5612 709 5682 σαρκί¹
764 5612 1069 5681 περιτομῆς
1115 5610 1527 5681 χειροποιήτου,
1577 5610 1659 5662 ὅτι
1693 5603 1790 5679 ἦτε
1834 5611 1893 5662 ἐν
1932 5610 2015 5679 τῷ

436 5700 616 5769 καιρῴ
648 5700 840 5770 ἐκείνῳ
867 5699 1035 5770 χωρὶς
1076 5698 1333 5770 Χριστοῦ,
1366 5698 1868 5771 ἀπηλλοτριωμένοι
1916 5700 2011 5753 τοῦ

510 5855 555 5886 ⁶⁰
586 5852 816 5925 Philipp.
846 5871 905 5920 tt,
931 5854 1019 5923 10,
1046 5854 1128 5909 Η.

2116 5243 2247 5311 ipsis
2299 5244 2550 5298 videlicet
2621 5245 2913 5314 gentibus,
2988 5247 3187 5315 quibus
3245 5247 3682 5316 sapientissimus

2116 5333 2315 5387 Paulus
2363 5334 2555 5389 scribit
2603 5336 2835 5390 dicens:
2880 5355 2898 5388 ι
2950 5336 3177 5406 Propter
3222 5339 3363 5407 quod
3412 5354 3684 5395 memores

2115 5434 2292 5482 estote
2333 5442 2431 5483 vos
2470 5438 2679 5498 gentes,
2735 5430 2825 5500 qui
2857 5431 3181 5485 dicebamini
3239 5432 3561 5501 praeputium
3614 5433 3683 5486 ab

2115 5533 2177 5573 ea
2218 5534 2337 5587 qua:
2396 5520 2591 5575 dicitur
2634 5521 2978 5576 circumcisio
3012 5522 3064 5576 in
3100 5537 3281 5589 carne,
3320 5521 3629 5577 manufacta
3664 5538 3680 5574 :

2113 5609 2254 5677 quod
2285 5610 2453 5664 eratis
2482 5610 2534 5665 in
2565 5618 2806 5680 tempore
2836 5612 2930 5665 illo
2989 5613 3106 5666 sine
3148 5612 3400 5679 Christo,
3456 5610 3683 5666 alienati

2116 5702 2182 5756 ab
2204 5700 2390 5769 Israel,
2426 5715 2476 5758 et
2509 5705 2748 5776 hospites
2779 5714 3246 5771 testamentorum,
3295 5701 3685 5774 promissionis
