4152 6366
487 447 594 506 527

1491 450 1548 505 S.
1589 449 1866 506 CYRILLI
1907 449 2383 508 ALEXANDRINI
2421 452 2744 510 AllCHIEP.

3642 454 3747 511 59.8

489 589 638 642 spem
694 588 800 629 non
869 574 1154 641 habentes,
1181 584 1237 630 et
1269 574 1391 630 sine
1449 573 1558 629 Deo
1585 575 1639 628 in
1691 573 1795 628 hoc
1839 560 2054 630 mundo.

2168 575 2408 647 Ἰσραὴλ,
2449 577 2543 629 καὶ
2590 576 2728 640 ξένοι
2762 576 2870 628 τῶν
2916 573 3210 645 διαθηκῶν,
3270 574 3370 646 τῆς
3415 573 3748 643 ἐπαγγελίας

491 664 640 720 Nunc
667 677 847 722 autem
882 669 935 721 in
965 667 1185 723 Christo
1211 666 1338 721 Jesu
1356 683 1449 722 vos
1473 670 1562 738 qui
1590 669 1877 736 aliquando
1903 673 2069 726 eratis

494 758 668 828 Iunge,
711 760 838 814 facti
872 761 1006 815 estis
1059 776 1227 829 prope
1267 762 1318 814 in
1363 764 1626 830 sanguine
1672 763 1873 818 Christi
1919 766 1986 820 σί.
2042 783 2061 817 ι

496 851 691 904 Verum
722 854 824 908 etsi
853 862 1010 908 erant
1057 855 1174 922 spei
1211 866 1484 924 expertes,
1517 866 1569 908 et
1627 855 1790 909 Denm
1826 873 1932 911 non
1964 858 2065 912 ha-

492 944 681 998 bentes
744 945 794 997 in
861 946 1062 1000 mundo
1122 947 1550 1012 (procubuerunt
1605 950 1746 1001 enim
1809 949 2066 1017 Operihus

489 1051 710 1090 suarum
745 1039 1050 1105 manuum),
1081 1047 1258 1091 tamen
1306 1041 1482 1092 vocati
1515 1049 1640 1093 sunt
1673 1056 1770 1110 per
1808 1042 1963 1095 ﬁdem
1997 1043 2063 1096 ad

488 1128 816 1196 agnitionem
847 1129 1071 1194 Christi,
1125 1132 1258 1185 etei
1317 1133 1546 1201 subjecti
1584 1145 1729 1199 sunt,
1786 1146 1840 1188 et
1892 1134 2060 1188 Deum

488 1219 790 1273 habuerunt
836 1221 1136 1274 naturalem
1161 1232 1216 1276 et
1248 1237 1456 1288 verum,
1506 1233 1559 1277 et
1595 1227 1707 1292 spei
1739 1237 2058 1281 sanctorum

485 1321 645 1364 erant
671 1323 973 1367 consortes.
1006 1313 1120 1366 Erit
1165 1324 1379 1378 autem,
1441 1315 1638 1384 inquit,
1687 1319 1901 1384 requies
1948 1318 2064 1386 ejus

487 1401 678 1457 honor.
718 1402 1014 1470 Dupliciter
1062 1405 1332 1474 intelliges
1387 1409 1528 1476 quod
1578 1409 1793 1462 dicitur.
1849 1408 1905 1464 Si
1940 1411 2064 1480 quis

481 1499 624 1550 enim
659 1497 844 1550 mallet
876 1499 1170 1566 requietem
1204 1499 1292 1552 hic
1311 1497 1514 1554 Christi
1545 1509 1772 1554 mortem
1811 1502 1863 1554 in
1893 1516 2062 1556 carne

482 1587 813 1656 signiﬁcare.
875 1604 1036 1656 quam
1086 1602 1307 1658 prepter
1359 1606 1457 1644 nos
1513 1592 1774 1644 sustinuit
1831 1592 2058 1656 volens,

483 1693 588 1730 non
632 1687 888 1748 tanquam
946 1691 1174 1734 mortem
1231 1681 1508 1734 sustinens
1571 1680 1702 1751 (vita
1747 1685 1892 1735 enim
1943 1691 2060 1735 erat

481 1772 734 1835 natura).
779 1763 873 1824 sed
923 1771 1070 1824 velut
1119 1770 1409 1839 quiescere
1465 1787 1685 1825 carnem
1738 1773 1942 1827 faciens
1991 1775 2056 1828 ad

481 1871 729 1928 tempus:
777 1861 879 1914 hoc
935 1861 1010 1913 illi
1048 1859 1195 1913 aliud
1256 1861 1387 1913 nihil
1443 1871 1563 1914 erat
1631 1878 1792 1930 qnam
1854 1864 2052 1918 honor.

2169 667 2359 720 ἐλπίδα
2412 669 2486 738 μὴ
2525 668 2746 738 ἔχοντες
2790 668 2881 722 καὶ
2909 667 3058 721 ἄθεοι
3089 670 3146 720 ἐν
3175 666 3252 738 τῷ
3282 668 3492 738 κόσμῳ.
3521 667 3658 719 Νυνὶ
3689 667 3748 720 δέ

2168 762 2216 812 οἱ
2241 760 2369 813 ποτέ
2399 760 2550 823 ὄντες
2576 761 2813 832 μακράν,
2844 759 3140 830 ἐγενήθητε
3170 759 3335 827 ἐγγὺς
3367 760 3424 810 ἐν
3449 757 3526 828 τῷ
3554 759 3744 828 αἵματι

2168 851 2260 904 τοῦ
2294 852 2552 920 Χριστοῦ.
2581 871 2600 902 ι
2637 852 2779 904 Ἀλλ’
2826 854 2874 905 εί
2912 854 3004 906 καὶ
3046 849 3184 922 ἦσαν
3235 851 3444 914 ἐλπίδος
3476 850 3619 919 δίχα,
3653 850 3746 902 καὶ

2166 942 2300 995 Θεὸν
2334 944 2433 995 οὑκ
2454 944 2644 1013 ἔχοντα
2676 947 2814 997 κατά
2864 945 2954 997 τὸν
3008 946 3230 1015 κόσμον·
3268 945 3742 1015 προσκεκυνήκασι

2166 1035 2274 1104 γὰρ
2307 1038 2416 1098 τοῖς
2448 1035 2630 1106 ἔργοις
2659 1036 2766 1090 τῶν
2813 1037 2957 1089 ἰδίων
3002 1037 3220 1106 χειρῶν·
3263 1034 3377 1088 ἀλλ’
3407 1030 3498 1087 οὖν
3541 1031 3741 1101 κεκλη-

2169 1127 2305 1196 μένα
2345 1127 2432 1180 διά
2487 1128 2586 1198 τῆς
2618 1128 2852 1191 πίστεως
2885 1131 2962 1191 είς
3006 1128 3300 1194 ἐπίγνωσιν
3345 1125 3436 1179 τοῦ
3481 1122 3738 1195 Χριστοῦ,

2166 1219 2258 1270 καὶ
2278 1217 2368 1271 ὑπ’
2398 1218 2543 1288 αὑτῷ
2571 1219 2857 1281 τέθεινται,
2889 1219 2981 1270 καὶ
3023 1218 3155 1269 Θεὸν
3186 1217 3450 1286 ἐσχήκασι
3472 1213 3560 1266 τὸν
3582 1211 3738 1279 φύσει

2165 1311 2260 1362 καὶ
2306 1309 2549 1378 ἀληθῶς,
2607 1311 2700 1362 καὶ
2739 1308 2840 1379 τῆς
2865 1308 2972 1361 τῶν
3021 1308 3191 1376 ἀγίων
3230 1307 3442 1368 ἐλπίδος
3484 1303 3738 1372 γεγόνασι

2164 1401 2430 1455 κοινωνοί.
2459 1403 2654 1455 Ἔσται
2685 1401 2762 1462 δὲ.
2789 1401 2974 1471 φησὶν,
3004 1403 3036 1471 ἡ
3064 1402 3369 1460 ἀνάπαυσις
3396 1396 3559 1451 αὑτοῦ
3583 1396 3735 1464 τιμή.

2163 1495 2296 1564 Διχῆ
2334 1495 2546 1563 νοήσεις
2601 1492 2662 1546 τὸ
2716 1493 3021 1564 εἰρημένον.
3056 1491 3119 1545 Εἰ
3155 1491 3254 1562 μὲν
3299 1490 3407 1560 γάρ
3432 1506 3516 1552 τις
3565 1486 3738 1540 ἕλοιτο

2161 1587 2262 1656 τὴν
2292 1587 2600 1640 ἀνάπαυσιν
2631 1587 2687 1638 ὲν
2713 1585 2922 1648 τούτοις
2965 1584 3267 1656 ὑποδηλοῦν
3323 1584 3414 1636 τὸν
3462 1584 3520 1635 ἐν
3574 1579 3738 1650 σαρκὶ

2163 1675 2390 1730 θάνατον
2420 1675 2513 1728 τοῦ
2561 1675 2819 1746 Χριστοῦ,
2854 1675 2912 1728 ὂν
2961 1675 3026 1727 δι’
3059 1675 3203 1745 ἡμᾶς
3255 1673 3544 1743 ὑπέμεινεν
3575 1669 3736 1733 ἑκὼν,

2160 1769 2256 1838 οὑχ
2278 1768 2352 1830 ὡς
2388 1769 2612 1822 θάνατον
2648 1768 2954 1837 ὑπομένων,
3003 1767 3114 1836 ζωὴ
3150 1765 3256 1836 γὰρ
3286 1761 3354 1836 ἦν
3378 1764 3516 1818 κατὰ
3551 1761 3732 1830 φύσιν,

2161 1861 2273 1914 ἀλλ’
2294 1856 2403 1913 οἷον
2433 1861 2714 1934 ἠρεμῆσαι.
2737 1860 2908 1932 βραχὺ
2931 1860 3032 1930 τὴν
3060 1859 3236 1930 σάρκα
3261 1856 3448 1910 ποιῶνο
3494 1855 3629 1924 τιμὴ
3667 1853 3728 1904 τὸ

476 1948 823 2005 Glm-ilieatus
879 1961 962 2005 est
999 1951 1143 2005 enim
1176 1950 1417 2003 omnium
1458 1950 1707 2006 Salvator
1761 1963 1816 2005 et
1873 1953 2054 2007 Domi-

2159 1952 2366 2022 χρῆμα,
2397 1953 2491 2006 καὶ
2539 1931 2725 2022 ἕτερον
2747 1931 2918 2006 οὑδέν.
2939 1950 3260 2016 Δεδόξασται
3283 1948 3389 2019 γὰρ
3415 1950 3443 2000 ό
3460 1946 3567 1999 τῶν
3592 1946 3729 1999 ὅλων

479 2056 582 2095 nus
612 2042 977 2097 nosterJesns
1013 2043 1281 2110 Christus,
1319 2060 1442 2099 cum
1485 2059 1671 2099 necem
1723 2060 1821 2114 pro
1855 2048 2053 2103 mundo

477 2135 753 2198 snbiisset,
779 2147 834 2188 et
869 2151 966 2203 pro
998 2137 1235 2189 omnium
1272 2138 1378 2190 vita
1414 2137 1786 2191 voluntariam
1821 2149 2051 2194 mortem

474 2233 621 2277 esset
661 2239 972 2293 perpessus.
1003 2224 1214 2281 All'atns
1253 2225 1510 2280 nimirum
1560 2234 1643 2281 est
1696 2228 1908 2282 Patrem
1940 2245 2053 2284 coa-

476 2317 669 2370 lestetn
740 2318 805 2370 ad
870 2319 1313 2386 pretiosissimam
1371 2335 1587 2374 crucem
1654 2321 2050 2389 profecturus:

480 2427 498 2460 ι
539 2409 721 2478 Pater,
755 2411 999 2479 gloritica
1050 2421 1200 2466 tuum
1261 2412 1482 2477 Filium,
1537 2423 1595 2467 nt
1637 2425 1693 2468 et
1730 2415 1900 2470 Filius
1930 2425 2053 2470 tuus

474 2503 741 2568 gloriﬁcet
771 2513 820 2558 te
854 2504 898 2535 ⁸³
935 2522 949 2568 ;
985 2523 1003 2556 ι
1034 2515 1088 2559 et
1117 2521 1307 2560 rursus
1342 2525 1354 2559 :
1380 2524 1400 2556 ι
1428 2505 1581 2561 Nunc
1612 2507 1943 2578 glorilicatus
1969 2519 2054 2565 est

473 2589 647 2650 Filius
677 2595 932 2660 hominis,
964 2607 1018 2652 et
1042 2596 1183 2651 Dens
1233 2597 1566 2667 gloriﬁcatus
1600 2609 1683 2652 est
1731 2601 1784 2654 in
1828 2615 1894 2654 eo
1919 2601 1984 2654 ⁸³.
2025 2621 2044 2652 ι

475 2684 756 2749 Quatenus
805 2687 949 2739 enim
1017 2688 1082 2740 ad
1131 2688 1564 2756 crucitigentinm
1612 2690 1940 2746 dementiam
1999 2703 2053 2747 et

474 2778 670 2846 impios
697 2786 753 2832 et
775 2778 1024 2833 crudeles‘
1053 2791 1280 2834 conatus
1315 2781 1580 2837 attinebat
1615 2822 1630 2846 ,
1670 2783 1846 2838 labem
1884 2785 1959 2839 illi
1997 2795 2052 2840 et

478 2865 838 2934 ignominiam
877 2869 1112 2932 aspersit
1142 2869 1362 2936 passio;
1419 2871 1680 2938 putabant
1733 2873 1877 2927 enim
1914 2873 2052 2929 forte

474 2957 708 3011 invitum
731 2973 855 3011 eum
883 2972 1004 3013 esse
1039 2976 1283 3029 passum.
1319 2965 1389 3015 At
1421 2965 1509 3016 ubi
1545 2965 1765 3029 revixit,
1812 2966 2048 3034 spoliato

474 3045 714 3109 inferno,
747 3055 804 3100 et
837 3056 1010 3102 morte
1038 3063 1097 3102 se
1134 3051 1472 3116 superiorem
1503 3054 1602 3107 hac
1633 3069 1691 3106 re
1725 3057 2048 3124 ostendens,

476 3137 667 3190 honori
696 3137 745 3191 ei
785 3145 840 3192 et
874 3139 1059 3207 gloria:
1087 3139 1245 3209 hujus
1282 3143 1358 3195 rei
1383 3153 1634 3198 eventum
1673 3144 1842 3202 fuisse
1887 3163 2045 3203 com-

473 3229 768 3326 peri-emus.
814 3229 932 3326 [Erit
961 3231 1167 3301 itaque,
1213 3234 1419 3326 inquit,
1469 3236 1573 3290 hoc
1629 3239 1790 3294 modo
1833 3242 2119 3326 requiesc

474 3314 544 3379 ei,
589 3315 782 3368 honor.
824 3316 880 3370 Si
916 3332 1046 3371 vero
1079 3321 1200 3386 quis
1225 3320 1386 3391 203
1430 3323 1590 3378 aliter
1637 3326 1720 3381 his
1766 3342 2051 3384 commen-

476 3409 770 3462 tationibus
800 3409 1036 3477 adjicere
1067 3410 1228 3474 velit,
1280 3415 1358 3468 sic
1387 3413 1652 3470 dictorum
1699 3433 1920 3473 sensum
1954 3435 2045 3476 ac-

478 3501 640 3568 t-ipiet
673 3519 686 3552 :
719 3500 829 3555 Non
861 3506 1006 3556 enim
1031 3505 1084 3557 in
1113 3505 1282 3559 solam
1322 3522 1470 3578 spem
1495 3511 1600 3564 erit
1627 3514 1878 3581 gentibus
1905 3514 2037 3569 Ser-

479 3599 658 3655 vator,
713 3593 806 3646 sed
857 3594 1296 3652 manifestabitnr
1343 3601 1510 3656 etiam
1557 3612 1701 3658 stato
1748 3614 2049 3676 temporum

478 3680 773 3748 curriculo,
829 3683 947 3738 sive
994 3699 1263 3758 resurget,
1327 3706 1434 3745 non
1494 3704 1553 3747 ut
1592 3693 1824 3763 imperet
1874 3699 2048 3753 solum

480 3773 608 3837 illis,
665 3774 761 3830 sed
827 3777 990 3831 etiam
1049 3781 1344 3848 requietem
1407 3799 1525 3854 quae
1580 3785 1768 3856 gloriae.
1814 3790 1946 3858 ipsis
1996 3800 2051 3846 et

479 3864 674 3920 honori
718 3867 813 3934 sit,
859 3868 1105 3924 donabit.
1159 3871 1466 3943 llospitinm
1511 3877 1655 3930 enim
1707 3889 1922 3948 gratum
1974 3883 2048 3936 illi

475 3964 563 4009 est
600 3966 913 4012 sanctorum
939 3974 1114 4025 mens,
1173 3973 1230 4016 et
1278 3976 1653 4019 commoratur
1683 3983 1806 4021 cum
1844 3969 2045 4038 dignis,

475 4055 530 4099 et
560 4050 1038 4116 conquiescitcum
1085 4053 1370 4110 animabus
1418 4057 1593 4112 sacris
1642 4057 1821 4127 ipsum
1857 4063 2046 4116 colen-

477 4138 635 4192 tium.
693 4139 847 4208 Quod
875 4144 966 4212 qui
1015 4146 1299 4200 consecuti
1331 4157 1479 4214 sunt,
1517 4149 1601 4204 his
1629 4150 1823 4206 honori
1869 4164 1954 4208 est
1995 4163 2050 4209 et

475 4231 680 4302 gloriae.
732 4234 873 4301 Quid
923 4239 1066 4292 enim
1110 4255 1230 4295 cum
1287 4243 1391 4297 hac
1444 4244 1724 4302 nobilitate
1769 4256 1825 4302 et
1876 4249 2048 4319 gloria

473 4327 863 4383 conferendum
915 4342 1020 4395 est,
1085 4331 1253 4388 Deum
1312 4337 1518 4394 habere
1561 4340 1930 4396 diversantem
1995 4351 2050 4398 et

474 4416 529 4470 in
566 4419 731 4473 corde
772 4419 1158 4479 habitantem?
1191 4427 1307 4481 Erit
1339 4429 1543 4498 itaque,
1594 4434 1752 4488 modo
1793 4435 2046 4499 velimus.

473 4511 638 4565 etiam
697 4513 800 4567 hac
850 4515 1062 4572 ratione
1112 4519 1164 4572 in
1219 4521 1375 4576 nobis
1423 4524 1640 4592 requies
1678 4526 1795 4593 ejus
1825 4528 2044 4584 honor:

481 4617 501 4651 ι
542 4602 596 4656 Si
626 4606 769 4659 enim
797 4608 943 4674 quis,
986 4608 1188 4678 inquit,
1249 4614 1430 4668 audiet
1479 4630 1785 4671 sermonem
1835 4635 2035 4684 meum,
2073 4611 2115 4664 Ῑ)

474 4692 661 4764 diliget
684 4711 806 4750 eum
838 4695 1002 4752 Pater
1035 4715 1213 4768 mens,
1243 4713 1302 4758 et
1361 4705 1427 4760 ad
1459 4719 1580 4760 eum
1631 4709 1940 4775 veniemus,
1989 4719 2046 4764 et

475 4779 529 4834 in
557 4796 622 4836 eo
656 4786 1000 4842 manebimus
1037 4789 1107 4844 “.
1139 4809 1160 4842 ι

545 5041 710 5099 Vens.
753 5045 840 5099 Η.
877 5046 945 5100 Et
971 5051 1070 5105 erit
1104 5052 1188 5106 die
1209 5053 1326 5121 illa,
1364 5065 1541 5125 perget
1576 5057 1828 5112 Dominus
1865 5073 2040 5114 osten-

473 5130 594 5185 dere
625 5151 835 5190 manum
856 5156 1030 5207 suam,
1056 5145 1125 5197 ad
1149 5149 1506 5202 aemulandum
1535 5153 1803 5204 residuum
1832 5158 2034 5220 populi,

473 5225 611 5316 quod
639 5226 876 5316 relictum
909 5233 1070 5299 fuerit
1099 5241 1165 5288 ab
1221 5236 1476 5308 Assyriis,
1513 5251 1561 5294 et
1597 5242 1660 5294 ab
1702 5243 1956 5316 JEgyplo,
1991 5255 2041 5300 et

474 5313 793 5385 Babylonia,
851 5333 897 5376 et
923 5323 1245 5397 tv/Ethiopia,
1293 5342 1340 5383 et
1391 5333 1456 5384 ab
1516 5344 1638 5386 ortu
1675 5313 1830 5401 solis,
1882 5349 1928 5390 et
1977 5341 2041 5391 ab

473 5407 690 5460 Arabia.

548 5581 699 5639 Diem
729 5588 913 5658 itaque
944 5595 1184 5650 nominat
1229 5601 1489 5668 propheta
1542 5604 1630 5657 hic
1675 5614 1888 5674 tempus
1934 5623 2040 5674 quo

474 5673 674 5731 Christi
706 5681 969 5737 adventus
1007 5685 1129 5750 fuit,
1159 5699 1216 5743 et
1245 5691 1654 5761 dispensatione
1707 5673 1828 5751 cunt
1875 5673 2039 5754 carne

2158 2046 2347 2115 Σωτὴρ
2396 2046 2488 2098 καὶ
2551 2045 2754 2115 Κύριος
2800 2045 2954 2115 ἡμῶν
2990 2041 3201 2113 Ἰησοῦς
3257 2042 3285 2093 ὁ
3329 2039 3580 2110 Χριστὸς,
3629 2036 3728 2105 τὴν

2156 2139 2295 2209 ὑπέρ
2319 2155 2382 2207 γε
2416 2137 2506 2191 τοῦ
2541 2139 2748 2209 κόσμου
2777 2139 2985 2208 σφαγὴν
3007 2137 3322 2206 ὑπομείνας,
3352 2133 3443 2187 καὶ
3473 2131 3611 2201 ὑπὲρ
3629 2129 3728 2198 τῆς

2155 2230 2409 2282 ἁπάντων
2441 2229 2586 2299 ζωῆς
2617 2227 2901 2298 ἐθελοντὴς
2950 2227 3184 2289 ἀνατλὰς
3215 2225 3306 2278 τὸν
3340 2223 3590 2277 θάνατον.
3625 2218 3735 2272 Καὶ

2153 2321 2283 2390 γοῦν
2304 2320 2504 2389 ἔφασκε
2539 2321 2675 2391 πρὸς
2717 2322 2808 2374 τὸν
2855 2323 2911 2372 ἐν
2955 2319 3201 2389 οὐρανοῖς
3252 2317 3490 2386 Πατέρα,
3531 2313 3736 2384 μέλλων

2154 2415 2246 2466 ἐπὶ
2274 2413 2364 2465 τὸν
2397 2413 2578 2482 τίμιον
2613 2413 2747 2465 ἱέναι
2816 2413 3067 2483 σταυρόν·
3107 2429 3124 2461 ι
3160 2412 3359 2481 Πάτερ,
3387 2406 3608 2474 δόξασόν
3641 2421 3734 2456 σου

2153 2505 2245 2558 τὸν
2278 2505 2427 2571 Υἱὸν,
2457 2506 2546 2558 ἵνα
2567 2504 2660 2558 καὶ
2689 2508 2718 2558 ό
2741 2505 2867 2569 Υἱός
2904 2523 2996 2558 σου
3029 2503 3226 2577 δοξάσῃ
3258 2519 3370 2556 σε.»
3411 2501 3520 2554 Καὶ
3549 2497 3729 2552 πάλιν·

2159 2614 2177 2647 ι
2205 2597 2321 2649 Νῦν
2355 2596 2616 2668 ἐδοξάσθη
2638 2599 2666 2649 ὁ
2685 2597 2813 2661 Υἱὸς
2842 2598 2935 2650 τοῦ
2961 2595 3270 2667 ἀνθρώπου,
3297 2593 3386 2648 καὶ
3408 2595 3436 2646 ὁ
3460 2591 3591 2655 Θεὸς
3621 2590 3735 2642 ἐδοσ

2153 2689 2322 2759 ξάσθη
2349 2691 2406 2741 ἐν
2435 2689 2604 2759 αὐτῷ.
2636 2707 2654 2739 ι
2687 2690 2851 2742 Ὅσον
2900 2690 2998 2759 μὲν
3030 2689 3138 2758 γάρ
3187 2683 3320 2758 ἧκεν
3368 2687 3448 2749 εἰς
3483 2684 3579 2754 τὴν
3625 2682 3734 2735 τῶν

2155 2781 2585 2851 παυρωσάντων
2623 2780 2903 2843 ἀπόνοιαν,
2953 2781 3047 2833 καὶ
3072 2779 3133 2832 τὸ
3166 2779 3376 2832 ἀνόσιόν
3405 2793 3464 2828 τε
3498 2775 3593 2828 καὶ
3625 2776 3733 2827 ἀπ-

2153 2872 2317 2943 αχθές
2345 2873 2673 2944 ἐγχείρημα,
2713 2873 2901 2943 μῶμος
2930 2869 2996 2942 ἦν
3030 2872 3175 2943 αὑτῷ
3209 2873 3302 2924 καὶ
3326 2869 3510 2933 ἀδοξία
3542 2867 3603 2920 τὸ
3630 2866 3734 2919 πά-

2154 2963 2267 3027 θος.
2305 2966 2493 3035 ᾬοντο
2519 2967 2626 3035 γάρ
2655 2963 2786 3026 ἴσως
2818 2965 2910 3017 καὶ
2938 2965 3037 3035 οὑχ
3059 2964 3251 3017 ἑκόντα
3276 2963 3487 3015 παθεῖν.
3515 2957 3731 3027 Ἐπειδὴ

2151 3057 2207 3108 δὲ
2238 3057 2439 3111 ἀνεϐίω
2466 3057 2762 3120 σκυλεύσας
2782 3057 2873 3110 τὸν
2897 3058 3048 3128 ᾅδην,
3072 3058 3165 3110 καὶ
3185 3058 3267 3110 ὅτι
3293 3057 3522 3109 θανάτου
3550 3054 3732 3124 κρείτ-

2151 3165 2259 3200 των
2293 3148 2439 3201 ἐστὶν
2479 3148 2546 3200 δι’
2594 3148 2760 3200 αὑτοῦ
2792 3149 2884 3200 τοῦ
2917 3152 3243 3219 πράγματος
3295 3150 3602 3218 ἀποφήνας,
3653 3149 3732 3209 είς

2151 3241 2317 3311 τιμὴν
2347 3239 2496 3309 αὑτῷ
2523 3240 2618 3292 καὶ
2651 3239 2808 3303 δόξαν
2841 3241 3244 3293 ἐκτελευτῶσαν
3299 3242 3603 3311 εὑρήσομεν
3634 3242 3732 3307 τὴν

2152 3329 2246 3382 τοῦ
2278 3329 2603 3400 πράγματος
2637 3330 2882 3384 ἔκϐασιν.
2915 3333 3110 3386 Ἔσται
3144 3331 3346 3395 τοίνυν,
3382 3333 3534 3401 φησι,
3593 3331 3733 3384 κατά

2152 3418 2343 3472 τοῦτον
2385 3420 2476 3472 τὸν
2503 3419 2705 3490 τρόπον
2731 3422 2764 3490 ἡ
2802 3421 3110 3484 ἀνάπαυσις
3155 3422 3320 3475 αὑτοῦ
3386 3423 3543 3491 τιμή.
3576 3422 3638 3474 El
3676 3421 3734 3472 δὲ

2152 3513 2215 3584 δὴ
2255 3513 2350 3566 καὶ
2377 3512 2577 3584 ἑτέρως
2607 3514 2718 3575 τοῖς
2749 3511 3071 3582 θεωρήμασι
3116 3512 3442 3585 προσϐαλεῖν
3493 3511 3732 3581 βούλοιτό

2151 3623 2258 3669 τις,
2302 3605 2577 3669 ἐκδέξεται
2606 3605 2828 3658 τοιῶσδε
2857 3604 2966 3661 τῶν
3019 3605 3326 3676 εἰρημένων
3358 3606 3455 3674 τὴν
3481 3604 3728 3672 δύναμιν·

2153 3698 2226 3750 Ού
2249 3697 2358 3769 γὰρ
2389 3698 2471 3759 εἰς
2506 3697 2694 3750 ἐλπίδα
2751 3696 2918 3768 μόνην
2973 3697 3123 3751 ἐσται
3151 3700 3265 3761 τοῖς
3307 3697 3566 3751 ἐθνεσινό
3596 3697 3731 3767 Χρι-

2154 3789 2768 3859 στὸς,ἀναδειχθήσεται
2819 3787 2877 3842 δὲ
2928 3789 3072 3842 κατὰ
3125 3789 3370 3860 καιροὺς,
3405 3789 3571 3858 ἤγουν
3601 3789 3732 3840 ἀνα-

2154 3882 2412 3951 στήσεται
2449 3880 2509 3932 οὐ
2545 3880 2682 3951 πρὸς
2709 3880 2771 3931 τὸ
2829 3881 3098 3953 κατάρξαι
3132 3881 3293 3950 μόνον
3340 3880 3540 3944 αὐτῶν,
3595 3879 3731 3934 ἀλλά

2150 3973 2257 4042 γὰρ
2290 3973 2368 4034 είς
2397 3971 2563 4042 τιμὴν
2589 3971 2683 4024 καὶ
2711 3970 2869 4035 δόξαν
2907 3972 3089 4035 αὑτοῖς
3125 3975 3397 4042 χαριεῖται
3425 3972 3524 4041 τὴν
3545 3974 3602 4025 ἐν
3632 3972 3735 4025 αὐ·-

2150 4068 2262 4129 τοῖς
2300 4066 2628 4120 ἀνάπαυσιν.
2683 4067 3040 4136 Ἐνδιαίτημα
3096 4067 3193 4137 μὲν
3227 4066 3337 4138 γάρ
3385 4066 3534 4137 αὑτῷ
3574 4067 3728 4135 φίλον

2148 4155 2256 4208 τῶν
2287 4156 2458 4224 ἁγίων
2501 4157 2530 4208 ὁ
2576 4157 2721 4218 νοῦς,
2757 4156 3100 4220 ἐναυλίζεται
3143 4157 3199 4210 δὲ
3255 4161 3368 4220 τοῖς
3411 4156 3603 4222 ἀξίοις,
3635 4156 3732 4211 καὶ

2148 4243 2487 4297 ἀναπαύεται
2519 4244 2718 4314 ψυχαῖς
2752 4247 2926 4316 ἱεραῖς
2955 4246 3064 4300 τῶν
3100 4247 3408 4318 σεϐομένων
3434 4248 3616 4310 αὑτὸν,
3634 4253 3730 4300 καὶ

2148 4337 2260 4398 τοῖς
2289 4335 2514 4389 λαϐοῦσι
2573 4336 2635 4389 τὸ
2673 4338 2863 4408 χρῆμα
2895 4342 3027 4410 τιμή
3069 4340 3129 4415 ,τέ
3171 4340 3287 4392 ἐστι
3339 4341 3432 4392 καὶ
3485 4340 3634 4405 δόξα.
3662 4339 3729 4392 Τί

2147 4428 2254 4498 γὰρ
2281 4427 2346 4481 ἂν
2403 4427 2616 4497 γένοιτο
2664 4431 2976 4484 ίσοστατοῦν
3025 4433 3104 4495 είς
3151 4432 3400 4496 εὐκλείας
3443 4433 3599 4500 λόγον
3630 4431 3727 4484 τοῦ

2148 4519 2280 4572 Θεὸν
2335 4518 2479 4589 ἔχειν
2527 4521 2912 4591 ἐνηύλισμένον
2960 4523 3055 4575 καὶ
3106 4525 3416 4578 ἐνοικοῦντα
3443 4525 3725 4595 καρδίαις;

2149 4611 2340 4664 Ἔσται
2373 4611 2552 4664 τοίνυν
2587 4613 2680 4665 καὶ
2729 4614 2872 4666 κατὰ
2909 4615 3095 4668 τοῦτον
3116 4615 3207 4668 τὸν
3235 4616 3435 4687 τρόπον
3458 4619 3490 4687 ἡ
3516 4620 3574 4670 ὲν
3595 4620 3727 4687 ἡμῖν

2146 4703 2450 4766 ἀνάπαυσις
2470 4704 2634 4757 αὑτοῦ
2657 4708 2766 4768 τοῖς
2790 4706 2934 4770 ἀπαξ
2957 4706 3197 4760 ἐθέλουσι
3226 4710 3383 4780 τιμήο
3421 4727 3438 4759 ι
3463 4709 3588 4762 Ἐὰν
3616 4710 3724 4781 γάρ

2145 4810 2226 4855 τις
2256 4794 2518 4866 diatonon,»
2567 4799 2721 4866 φησὶ,
2780 4815 2798 4847 ι
2827 4797 2934 4850 τῶν
2975 4799 3147 4866 λόγων
3175 4817 3300 4870 μου,
3324 4802 3599 4870 ἀγαπήσει
3627 4804 3724 4855 αὑ-

2145 4885 2236 4937 τὸν
2274 4888 2301 4937 ὁ
2330 4888 2521 4958 Πατήρ
2557 4905 2679 4958 μου,
2717 4890 2811 4942 καὶ
2843 4891 2980 4961 πρὸς
3027 4891 3190 4946 αὑτὸν
3224 4892 3575 4964 ἐλευσόμεθα,
3630 4897 3725 4948 καὶ

2146 4975 2203 5025 ἐν
2231 4975 2380 5044 αὑτῷ
2405 4977 2798 5048 καταλύσομεν.
2829 4998 2849 5030 ›

2215 5066 2326 5120 Καὶ
2355 5068 2524 5120 ἔσται
2550 5069 2618 5120 ἐν
2651 5071 2841 5138 ἡμέρᾳ
2881 5073 3108 5141 ἐκείνῃ,
3147 5077 3483 5144 προσθήσει
3514 5079 3728 5146 Κύριος

2147 5158 2254 5211 τοῦ
2301 5158 2488 5224 δεῖξαι
2542 5161 2656 5229 τὴν
2708 5164 2876 5232 χεῖρα
2924 5167 3146 5231 αὑτοῦ,
3199 5168 3304 5222 τοῦ
3353 5167 3616 5235 ζηλῶσαι
3659 5171 3725 5224 τὸ

2149 5253 2546 5320 καταλειφθὲν
2576 5257 2915 5311 ὑπόλοιπον
2942 5259 3048 5312 τοῦ
3069 5261 3243 5324 λαοῦ,
3277 5261 3306 5314 ὃ
3331 5263 3439 5316 ἐὰν
3457 5267 3730 5318 καταλει-

2146 5339 2271 5410 φθῇ
2305 5343 2424 5395 ἀπὸ
2464 5344 2582 5396 τῶν
2609 5345 2953 5416 Ἀσσυρίων,
2985 5349 3084 5401 καὶ
3124 5351 3242 5405 ἀπὸ
3284 5354 3603 5422 Αἰγύπτου,
3629 5356 3727 5408 καὶ

2151 5433 2535 5498 Βαϐυλωνίας
2578 5437 2676 5488 καὶ
2719 5439 3052 5504 Αἰθιοπίας,
3096 5443 3194 5495 καὶ
3229 5443 3346 5497 ἀπὸ
3381 5446 3726 5513 Ἐλσμιτῶν,

2148 5522 2243 5572 καὶ
2275 5521 2394 5575 ἀπὸ
2422 5523 2600 5589 ἡλίου
2631 5526 2964 5591 ἀνατολῶν,
2993 5531 3091 5583 καὶ
3120 5532 3187 5595 ἐξ
3224 5534 3502 5600 Ἀραϐίας.

2229 5610 2470 5683 Ἦμέραν
2501 5615 2597 5683 μὲν
2619 5611 2713 5668 οὖν
2741 5620 2772 5667 ὁ
2797 5622 3082 5690 προφήτης
3107 5623 3164 5674 ἐν
3185 5623 3392 5686 τούτοις
3423 5626 3513 5678 τὸν
3536 5627 3725 5697 καιρὸν

2111 5761 2114 5764 ,
2144 5702 2419 5772 ὀνομάζει,
2455 5707 2573 5758 καθ’
2613 5707 2672 5760 ὃν
2723 5711 2754 5779 ή
2807 5712 3042 5781 Χριστοῦ
3074 5713 3261 5783 γέγονε
3306 5718 3605 5786 παρουσία,
3635 5722 3725 5772 καὶ

553 5827 591 5860 ⁸³
630 5833 820 5906 Ephes.
854 5856 912 5904 Il,
949 5840 1034 5907 ll,
1084 5845 1164 5896 12.
1244 5845 1470 5902 ⁸².1‹›;ηι.
1505 5867 1632 5914 xvn,
1680 5855 1723 5905 Ι.
1803 5855 1845 5885 ⁸³
1874 5853 2027 5911 Jnalt.

2154 5878 2181 5924 δ,
2217 5860 2304 5914 El.
2375 5865 2417 5892 θ*
2453 5861 2604 5918 Joan.
2644 5881 2754 5931 xiv,
2796 5868 2882 5923 ‘25.
