  <div class='ocr_page' id='page_1' title='image "/cluster/home/n/w/nwhite01/storage/ocr_20150623/70/nnc1.0046980253/182.png"; bbox 0 0 4152 6366; ppageno 0'>
   <div class='ocr_carea' id='block_1_1' title="bbox 353 411 456 466">
    <p class='ocr_par' dir='ltr' id='par_1_1' title="bbox 353 411 456 466">
     <span class='ocr_line' id='line_1_1' title="bbox 353 411 456 466; baseline 0 0"><span class='ocrx_word' id='word_1_1' title='bbox 353 411 456 466; x_wconf 64' lang='lat'><strong>3‘29</strong></span> 
     </span>
    </p>
   </div>
   <div class='ocr_carea' id='block_1_2' title="bbox 1464 409 2433 468">
    <p class='ocr_par' dir='ltr' id='par_1_2' title="bbox 1464 409 2433 468">
     <span class='ocr_line' id='line_1_2' title="bbox 1464 409 2433 468; baseline 0.003 -4"><span class='ocrx_word' id='word_1_2' title='bbox 1464 409 1531 464; x_wconf 82' lang='grc' dir='ltr'><strong>ΙΝ</strong></span> <span class='ocrx_word' id='word_1_3' title='bbox 1571 409 1803 465; x_wconf 83' lang='lat' dir='ltr'><strong>ISAIAM</strong></span> <span class='ocrx_word' id='word_1_4' title='bbox 1845 410 1971 466; x_wconf 87' lang='lat' dir='ltr'><strong>LIB.</strong></span> <span class='ocrx_word' id='word_1_5' title='bbox 2017 412 2081 467; x_wconf 94' lang='lat' dir='ltr'><strong>ll.</strong></span> <span class='ocrx_word' id='word_1_6' title='bbox 2124 410 2358 468; x_wconf 81' lang='lat' dir='ltr'><strong>TOMUS</strong></span> <span class='ocrx_word' id='word_1_7' title='bbox 2395 411 2433 467; x_wconf 90' lang='grc'>1.</span> 
     </span>
    </p>
   </div>
   <div class='ocr_carea' id='block_1_3' title="bbox 3494 412 3602 468">
    <p class='ocr_par' dir='ltr' id='par_1_3' title="bbox 3494 412 3602 468">
     <span class='ocr_line' id='line_1_3' title="bbox 3494 412 3602 468; baseline 0 0"><span class='ocrx_word' id='word_1_8' title='bbox 3494 412 3602 468; x_wconf 77' lang='grc'><strong>530</strong></span> 
     </span>
    </p>
   </div>
   <div class='ocr_carea' id='block_1_4' title="bbox 350 531 1924 608">
    <p class='ocr_par' dir='ltr' id='par_1_4' title="bbox 350 531 1924 606">
     <span class='ocr_line' id='line_1_4' title="bbox 350 531 1924 606; baseline 0.003 -21"><span class='ocrx_word' id='word_1_9' title='bbox 350 533 450 601; x_wconf 91' lang='grc' dir='ltr'><strong>τῆς</strong></span> <span class='ocrx_word' id='word_1_10' title='bbox 474 532 611 603; x_wconf 83' lang='grc' dir='ltr'><strong>μετά</strong></span> <span class='ocrx_word' id='word_1_11' title='bbox 634 532 836 602; x_wconf 86' lang='grc' dir='ltr'>σαρκὸς</span> <span class='ocrx_word' id='word_1_12' title='bbox 855 532 1164 603; x_wconf 79' lang='grc' dir='ltr'><strong>οἰκονομίας</strong></span> <span class='ocrx_word' id='word_1_13' title='bbox 1185 531 1277 586; x_wconf 88' lang='grc' dir='ltr'><strong>τοῦ</strong></span> <span class='ocrx_word' id='word_1_14' title='bbox 1294 533 1632 603; x_wconf 85' lang='grc' dir='ltr'>Μονογενοῦς</span> <span class='ocrx_word' id='word_1_15' title='bbox 1649 536 1924 606; x_wconf 82' lang='grc' dir='ltr'><strong>ἀνεδείχθη</strong></span> 
     </span>
    </p>
   </div>
   <div class='ocr_carea' id='block_1_5' title="bbox 2026 531 3597 608">
    <p class='ocr_par' dir='ltr' id='par_1_5' title="bbox 2036 533 3597 608">
     <span class='ocr_line' id='line_1_5' title="bbox 2036 533 3597 608; baseline 0.002 -19"><span class='ocrx_word' id='word_1_16' title='bbox 2036 533 2310 605; x_wconf 78' lang='lat' dir='ltr'><strong>Unigeniti</strong></span> <span class='ocrx_word' id='word_1_17' title='bbox 2352 535 2665 608; x_wconf 80' lang='lat' dir='ltr'><strong>mysterium</strong></span> <span class='ocrx_word' id='word_1_18' title='bbox 2697 533 3025 606; x_wconf 79' lang='lat' dir='ltr'><strong>patefactum</strong></span> <span class='ocrx_word' id='word_1_19' title='bbox 3051 542 3154 590; x_wconf 88' lang='lat' dir='ltr'><strong>est.</strong></span> <span class='ocrx_word' id='word_1_20' title='bbox 3195 533 3370 602; x_wconf 89' lang='lat' dir='ltr'><strong>Tunc,</strong></span> <span class='ocrx_word' id='word_1_21' title='bbox 3399 533 3597 608; x_wconf 94' lang='lat' dir='ltr'><strong>inquit,</strong></span> 
     </span>
    </p>
   </div>
   <div class='ocr_carea' id='block_1_6' title="bbox 350 619 1924 698">
    <p class='ocr_par' dir='ltr' id='par_1_6' title="bbox 350 619 1924 696">
     <span class='ocr_line' id='line_1_6' title="bbox 350 619 1924 696; baseline 0.001 -18"><span class='ocrx_word' id='word_1_22' title='bbox 350 626 413 678; x_wconf 80' lang='grc' dir='ltr'><strong>τὸ</strong></span> <span class='ocrx_word' id='word_1_23' title='bbox 447 627 764 694; x_wconf 85' lang='grc' dir='ltr'>μυστήριον.</span> <span class='ocrx_word' id='word_1_24' title='bbox 804 624 936 676; x_wconf 84' lang='grc' dir='ltr'><strong>Τότε</strong></span> <span class='ocrx_word' id='word_1_25' title='bbox 973 623 1036 695; x_wconf 83' lang='grc' dir='ltr'>δὴ</span> <span class='ocrx_word' id='word_1_26' title='bbox 1079 619 1195 689; x_wconf 81' lang='grc' dir='ltr'>οῦν,</span> <span class='ocrx_word' id='word_1_27' title='bbox 1239 626 1383 686; x_wconf 89' lang='grc' dir='ltr'>τότε,</span> <span class='ocrx_word' id='word_1_28' title='bbox 1426 627 1580 696; x_wconf 75' lang='grc' dir='ltr'>φησὶ,</span> <span class='ocrx_word' id='word_1_29' title='bbox 1629 628 1924 691; x_wconf 82' lang='grc' dir='ltr'>καταδείξει</span> 
     </span>
    </p>
   </div>
   <div class='ocr_carea' id='block_1_7' title="bbox 2026 619 3596 698">
    <p class='ocr_par' dir='ltr' id='par_1_7' title="bbox 2034 626 3596 698">
     <span class='ocr_line' id='line_1_7' title="bbox 2034 626 3596 698; baseline 0.001 -17"><span class='ocrx_word' id='word_1_30' title='bbox 2034 638 2163 681; x_wconf 90' lang='lat' dir='ltr'><strong>tunc</strong></span> <span class='ocrx_word' id='word_1_31' title='bbox 2201 628 2449 682; x_wconf 76' lang='lat' dir='ltr'><strong>ostendet</strong></span> <span class='ocrx_word' id='word_1_32' title='bbox 2482 626 2740 681; x_wconf 81' lang='lat' dir='ltr'><strong>Dominus</strong></span> <span class='ocrx_word' id='word_1_33' title='bbox 2771 641 2925 681; x_wconf 85' lang='lat' dir='ltr'><strong>suam</strong></span> <span class='ocrx_word' id='word_1_34' title='bbox 2953 641 3196 693; x_wconf 88' lang='lat' dir='ltr'><strong>manum,</strong></span> <span class='ocrx_word' id='word_1_35' title='bbox 3251 626 3302 681; x_wconf 89' lang='lat' dir='ltr'><strong>id</strong></span> <span class='ocrx_word' id='word_1_36' title='bbox 3339 635 3469 694; x_wconf 88' lang='lat' dir='ltr'><strong>est,</strong></span> <span class='ocrx_word' id='word_1_37' title='bbox 3501 643 3596 698; x_wconf 89' lang='lat' dir='ltr'><strong>po-</strong></span> 
     </span>
    </p>
   </div>
   <div class='ocr_carea' id='block_1_8' title="bbox 351 713 1929 786">
    <p class='ocr_par' dir='ltr' id='par_1_8' title="bbox 351 713 1929 786">
     <span class='ocr_line' id='line_1_8' title="bbox 351 713 1929 786; baseline 0.001 -17"><span class='ocrx_word' id='word_1_38' title='bbox 351 715 554 786; x_wconf 84' lang='grc' dir='ltr'>Κύριος</span> <span class='ocrx_word' id='word_1_39' title='bbox 600 714 699 785; x_wconf 83' lang='grc' dir='ltr'>τὴν</span> <span class='ocrx_word' id='word_1_40' title='bbox 747 713 942 767; x_wconf 84' lang='grc' dir='ltr'>ἑαυτοῦ</span> <span class='ocrx_word' id='word_1_41' title='bbox 991 717 1189 785; x_wconf 82' lang='grc' dir='ltr'>χεῖρα,</span> <span class='ocrx_word' id='word_1_42' title='bbox 1239 714 1384 769; x_wconf 88' lang='grc' dir='ltr'>τοῦτ’</span> <span class='ocrx_word' id='word_1_43' title='bbox 1417 716 1554 782; x_wconf 82' lang='grc' dir='ltr'>ἐστι,</span> <span class='ocrx_word' id='word_1_44' title='bbox 1608 717 1929 782; x_wconf 82' lang='grc' dir='ltr'><strong>δυναστείας</strong></span> 
     </span>
    </p>
   </div>
   <div class='ocr_carea' id='block_1_9' title="bbox 351 806 1929 880">
    <p class='ocr_par' dir='ltr' id='par_1_9' title="bbox 351 806 1929 880">
     <span class='ocr_line' id='line_1_9' title="bbox 351 806 1929 880; baseline 0.002 -20"><span class='ocrx_word' id='word_1_45' title='bbox 351 806 608 872; x_wconf 80' lang='grc' dir='ltr'>ἐπίδειξις</span> <span class='ocrx_word' id='word_1_46' title='bbox 631 807 783 861; x_wconf 77' lang='grc' dir='ltr'>ἔσται</span> <span class='ocrx_word' id='word_1_47' title='bbox 809 807 978 878; x_wconf 86' lang='grc' dir='ltr'>πολλή</span> <span class='ocrx_word' id='word_1_48' title='bbox 1000 824 1012 836; x_wconf 88' lang='grc'><strong>·</strong></span> <span class='ocrx_word' id='word_1_49' title='bbox 1039 808 1134 860; x_wconf 75' lang='grc' dir='ltr'>καὶ</span> <span class='ocrx_word' id='word_1_50' title='bbox 1156 806 1311 860; x_wconf 90' lang='grc' dir='ltr'>τοῦτο</span> <span class='ocrx_word' id='word_1_51' title='bbox 1336 808 1396 861; x_wconf 84' lang='grc' dir='ltr'><strong>ού</strong></span> <span class='ocrx_word' id='word_1_52' title='bbox 1425 809 1621 879; x_wconf 82' lang='grc' dir='ltr'><strong>μάτην,</strong></span> <span class='ocrx_word' id='word_1_53' title='bbox 1651 810 1765 864; x_wconf 85' lang='grc' dir='ltr'>ἀλλ’</span> <span class='ocrx_word' id='word_1_54' title='bbox 1790 811 1929 880; x_wconf 87' lang='grc' dir='ltr'>ὑπὲρ</span> 
     </span>
    </p>
   </div>
   <div class='ocr_carea' id='block_1_10' title="bbox 355 899 1928 971">
    <p class='ocr_par' dir='ltr' id='par_1_10' title="bbox 355 899 1928 971">
     <span class='ocr_line' id='line_1_10' title="bbox 355 899 1928 971; baseline -0.001 -17"><span class='ocrx_word' id='word_1_55' title='bbox 355 921 375 953; x_wconf 75' lang='lat' dir='ltr'><strong>t</strong></span> <span class='ocrx_word' id='word_1_56' title='bbox 404 901 496 954; x_wconf 87' lang='grc' dir='ltr'><strong>τοῦ</strong></span> <span class='ocrx_word' id='word_1_57' title='bbox 528 900 770 971; x_wconf 78' lang='grc' dir='ltr'>ζηλῶσαι</span> <span class='ocrx_word' id='word_1_58' title='bbox 798 901 860 953; x_wconf 85' lang='grc' dir='ltr'><strong>τὸ</strong></span> <span class='ocrx_word' id='word_1_59' title='bbox 892 899 1252 968; x_wconf 85' lang='grc' dir='ltr'>καταλειφθὲν</span> <span class='ocrx_word' id='word_1_60' title='bbox 1280 900 1570 954; x_wconf 84' lang='grc' dir='ltr'>ὑπόλοιπον</span> <span class='ocrx_word' id='word_1_61' title='bbox 1597 900 1690 954; x_wconf 91' lang='grc' dir='ltr'><strong>τοῦ</strong></span> <span class='ocrx_word' id='word_1_62' title='bbox 1721 902 1873 966; x_wconf 88' lang='grc' dir='ltr'>λαοῦ,</span> <span class='ocrx_word' id='word_1_63' title='bbox 1900 901 1928 953; x_wconf 85' lang='grc' dir='ltr'><strong>ὂ</strong></span> 
     </span>
    </p>
   </div>
   <div class='ocr_carea' id='block_1_11' title="bbox 349 993 1928 1064">
    <p class='ocr_par' dir='ltr' id='par_1_11' title="bbox 349 993 1928 1064">
     <span class='ocr_line' id='line_1_11' title="bbox 349 993 1928 1064; baseline 0.001 -18"><span class='ocrx_word' id='word_1_64' title='bbox 349 993 444 1046; x_wconf 89' lang='grc' dir='ltr'><strong>ἐάν</strong></span> <span class='ocrx_word' id='word_1_65' title='bbox 469 993 803 1064; x_wconf 82' lang='grc' dir='ltr'><strong>καταλειφθῇ</strong></span> <span class='ocrx_word' id='word_1_66' title='bbox 833 993 940 1046; x_wconf 84' lang='grc' dir='ltr'><strong>ἀπὸ</strong></span> <span class='ocrx_word' id='word_1_67' title='bbox 972 993 1079 1047; x_wconf 90' lang='grc' dir='ltr'><strong>τῶν</strong></span> <span class='ocrx_word' id='word_1_68' title='bbox 1115 993 1440 1064; x_wconf 83' lang='grc' dir='ltr'><strong>Ἀσσυρίων,</strong></span> <span class='ocrx_word' id='word_1_69' title='bbox 1469 1013 1487 1043; x_wconf 74' lang='grc' dir='ltr'><strong>ι</strong></span> <span class='ocrx_word' id='word_1_70' title='bbox 1516 993 1671 1064; x_wconf 72' lang='grc' dir='ltr'>φησί,</span> <span class='ocrx_word' id='word_1_71' title='bbox 1703 995 1796 1047; x_wconf 82' lang='grc' dir='ltr'><strong>καὶ</strong></span> <span class='ocrx_word' id='word_1_72' title='bbox 1819 995 1928 1047; x_wconf 81' lang='grc' dir='ltr'><strong>ἀπὸ</strong></span> 
     </span>
    </p>
   </div>
   <div class='ocr_carea' id='block_1_12' title="bbox 353 1077 1929 1154">
    <p class='ocr_par' dir='ltr' id='par_1_12' title="bbox 353 1077 1929 1154">
     <span class='ocr_line' id='line_1_12' title="bbox 353 1077 1929 1154; baseline 0.001 -19"><span class='ocrx_word' id='word_1_73' title='bbox 353 1082 458 1135; x_wconf 90' lang='grc' dir='ltr'><strong>τῶν</strong></span> <span class='ocrx_word' id='word_1_74' title='bbox 484 1082 657 1135; x_wconf 80' lang='grc' dir='ltr'>ἄλλων</span> <span class='ocrx_word' id='word_1_75' title='bbox 685 1081 875 1135; x_wconf 86' lang='grc' dir='ltr'>ἐθνῶν.</span> <span class='ocrx_word' id='word_1_76' title='bbox 910 1083 1003 1134; x_wconf 89' lang='grc' dir='ltr'><strong>Δεῖ</strong></span> <span class='ocrx_word' id='word_1_77' title='bbox 1027 1081 1106 1147; x_wconf 82' lang='grc' dir='ltr'>δὲ,</span> <span class='ocrx_word' id='word_1_78' title='bbox 1152 1077 1326 1152; x_wconf 73' lang='grc' dir='ltr'>οἶμαι,</span> <span class='ocrx_word' id='word_1_79' title='bbox 1359 1082 1458 1153; x_wconf 81' lang='grc' dir='ltr'>τὴν</span> <span class='ocrx_word' id='word_1_80' title='bbox 1486 1081 1596 1136; x_wconf 91' lang='grc' dir='ltr'><strong>τῶν</strong></span> <span class='ocrx_word' id='word_1_81' title='bbox 1623 1083 1929 1154; x_wconf 71' lang='grc' dir='ltr'>εἰρημένων</span> 
     </span>
    </p>
   </div>
   <div class='ocr_carea' id='block_1_13' title="bbox 350 1173 1926 1247">
    <p class='ocr_par' dir='ltr' id='par_1_13' title="bbox 350 1173 1926 1247">
     <span class='ocr_line' id='line_1_13' title="bbox 350 1173 1926 1247; baseline -0.001 -19"><span class='ocrx_word' id='word_1_82' title='bbox 350 1176 581 1246; x_wconf 84' lang='grc' dir='ltr'>δύναμιν</span> <span class='ocrx_word' id='word_1_83' title='bbox 607 1192 767 1229; x_wconf 88' lang='grc' dir='ltr'>κατευ</span> <span class='ocrx_word' id='word_1_84' title='bbox 777 1173 1034 1246; x_wconf 88' lang='grc' dir='ltr'>ρύνοντας</span> <span class='ocrx_word' id='word_1_85' title='bbox 1054 1174 1470 1246; x_wconf 84' lang='grc' dir='ltr'>ἀπεργάσασθαι</span> <span class='ocrx_word' id='word_1_86' title='bbox 1483 1175 1926 1247; x_wconf 82' lang='grc' dir='ltr'>διαφανεστέραν.</span> 
     </span>
    </p>
   </div>
   <div class='ocr_carea' id='block_1_14' title="bbox 350 1265 1927 1338">
    <p class='ocr_par' dir='ltr' id='par_1_14' title="bbox 350 1265 1927 1338">
     <span class='ocr_line' id='line_1_14' title="bbox 350 1265 1927 1338; baseline 0.001 -19"><span class='ocrx_word' id='word_1_87' title='bbox 350 1266 510 1319; x_wconf 83' lang='grc' dir='ltr'>Κατὰ</span> <span class='ocrx_word' id='word_1_88' title='bbox 560 1267 658 1336; x_wconf 84' lang='grc' dir='ltr'><strong>μὲν</strong></span> <span class='ocrx_word' id='word_1_89' title='bbox 693 1267 800 1337; x_wconf 85' lang='grc' dir='ltr'>γὰρ</span> <span class='ocrx_word' id='word_1_90' title='bbox 833 1267 958 1330; x_wconf 83' lang='grc' dir='ltr'>τοὺς</span> <span class='ocrx_word' id='word_1_91' title='bbox 996 1265 1202 1319; x_wconf 78' lang='grc' dir='ltr'>ἀνωθεν</span> <span class='ocrx_word' id='word_1_92' title='bbox 1243 1266 1324 1319; x_wconf 75' lang='grc' dir='ltr'>ἔτι</span> <span class='ocrx_word' id='word_1_93' title='bbox 1373 1268 1595 1337; x_wconf 80' lang='grc' dir='ltr'>καιροὺς</span> <span class='ocrx_word' id='word_1_94' title='bbox 1649 1268 1927 1338; x_wconf 78' lang='grc' dir='ltr'>κέκμηκεν</span> 
     </span>
    </p>
   </div>
   <div class='ocr_carea' id='block_1_15' title="bbox 349 1355 1928 1428">
    <p class='ocr_par' dir='ltr' id='par_1_15' title="bbox 349 1355 1928 1428">
     <span class='ocr_line' id='line_1_15' title="bbox 349 1355 1928 1428; baseline 0 -19"><span class='ocrx_word' id='word_1_95' title='bbox 349 1356 412 1410; x_wconf 83' lang='grc' dir='ltr'>ού</span> <span class='ocrx_word' id='word_1_96' title='bbox 450 1357 684 1427; x_wconf 82' lang='grc' dir='ltr'><strong>μετρίως</strong></span> <span class='ocrx_word' id='word_1_97' title='bbox 731 1356 792 1409; x_wconf 81' lang='grc' dir='ltr'>τὸ</span> <span class='ocrx_word' id='word_1_98' title='bbox 827 1355 935 1408; x_wconf 92' lang='grc' dir='ltr'><strong>τῶν</strong></span> <span class='ocrx_word' id='word_1_99' title='bbox 977 1355 1246 1409; x_wconf 80' lang='grc' dir='ltr'>Ἰουδαίων</span> <span class='ocrx_word' id='word_1_100' title='bbox 1296 1355 1467 1421; x_wconf 80' lang='grc' dir='ltr'><strong>ἔθνος,</strong></span> <span class='ocrx_word' id='word_1_101' title='bbox 1515 1357 1928 1428; x_wconf 83' lang='grc' dir='ltr'>καταδῃούντων</span> 
     </span>
    </p>
   </div>
   <div class='ocr_carea' id='block_1_16' title="bbox 349 1447 1927 1518">
    <p class='ocr_par' dir='ltr' id='par_1_16' title="bbox 349 1447 1927 1518">
     <span class='ocr_line' id='line_1_16' title="bbox 349 1447 1927 1518; baseline 0 -16"><span class='ocrx_word' id='word_1_102' title='bbox 349 1449 502 1515; x_wconf 78' lang='grc' dir='ltr'>αὐτὸ,</span> <span class='ocrx_word' id='word_1_103' title='bbox 532 1447 691 1502; x_wconf 88' lang='grc' dir='ltr'>τοῦτο</span> <span class='ocrx_word' id='word_1_104' title='bbox 725 1447 823 1518; x_wconf 85' lang='grc' dir='ltr'>μὲν</span> <span class='ocrx_word' id='word_1_105' title='bbox 857 1447 1158 1518; x_wconf 85' lang='grc' dir='ltr'>Ἀσσυρίων</span> <span class='ocrx_word' id='word_1_106' title='bbox 1213 1448 1304 1501; x_wconf 72' lang='grc' dir='ltr'><strong>καὶ</strong></span> <span class='ocrx_word' id='word_1_107' title='bbox 1341 1447 1664 1518; x_wconf 88' lang='grc' dir='ltr'>Ἐλαμιτῶν,</span> <span class='ocrx_word' id='word_1_108' title='bbox 1681 1449 1838 1501; x_wconf 90' lang='grc' dir='ltr'>τοῦτο</span> <span class='ocrx_word' id='word_1_109' title='bbox 1870 1449 1927 1502; x_wconf 89' lang='grc' dir='ltr'><strong>δέ</strong></span> 
     </span>
    </p>
   </div>
   <div class='ocr_carea' id='block_1_17' title="bbox 349 1540 1923 1611">
    <p class='ocr_par' dir='ltr' id='par_1_17' title="bbox 349 1540 1923 1611">
     <span class='ocr_line' id='line_1_17' title="bbox 349 1540 1923 1611; baseline -0.002 -15"><span class='ocrx_word' id='word_1_110' title='bbox 349 1543 456 1596; x_wconf 92' lang='grc' dir='ltr'><strong>τῶν</strong></span> <span class='ocrx_word' id='word_1_111' title='bbox 499 1543 608 1596; x_wconf 80' lang='grc' dir='ltr'><strong>ἀπὸ</strong></span> <span class='ocrx_word' id='word_1_112' title='bbox 654 1541 930 1610; x_wconf 75' lang='grc' dir='ltr'><strong>Αἰγύπτου</strong></span> <span class='ocrx_word' id='word_1_113' title='bbox 958 1541 1054 1594; x_wconf 79' lang='grc' dir='ltr'>καὶ</span> <span class='ocrx_word' id='word_1_114' title='bbox 1085 1540 1455 1605; x_wconf 80' lang='grc' dir='ltr'>Βαϐυλωνίας,</span> <span class='ocrx_word' id='word_1_115' title='bbox 1484 1541 1577 1594; x_wconf 76' lang='grc' dir='ltr'><strong>καὶ</strong></span> <span class='ocrx_word' id='word_1_116' title='bbox 1617 1541 1725 1595; x_wconf 89' lang='grc' dir='ltr'><strong>ἀπὸ</strong></span> <span class='ocrx_word' id='word_1_117' title='bbox 1771 1541 1923 1611; x_wconf 85' lang='grc' dir='ltr'>ήλίου</span> 
     </span>
    </p>
   </div>
   <div class='ocr_carea' id='block_1_18' title="bbox 349 1633 1927 1705">
    <p class='ocr_par' dir='ltr' id='par_1_18' title="bbox 349 1633 1927 1705">
     <span class='ocr_line' id='line_1_18' title="bbox 349 1633 1927 1705; baseline -0.001 -16"><span class='ocrx_word' id='word_1_118' title='bbox 349 1635 645 1697; x_wconf 85' lang='grc' dir='ltr'>ἀνατολῶν,</span> <span class='ocrx_word' id='word_1_119' title='bbox 671 1634 767 1688; x_wconf 74' lang='grc' dir='ltr'><strong>καὶ</strong></span> <span class='ocrx_word' id='word_1_120' title='bbox 786 1633 846 1699; x_wconf 83' lang='grc' dir='ltr'><strong>ἐξ</strong></span> <span class='ocrx_word' id='word_1_121' title='bbox 873 1633 1147 1705; x_wconf 75' lang='grc' dir='ltr'>Ἀραϐίας.</span> <span class='ocrx_word' id='word_1_122' title='bbox 1166 1633 1510 1703; x_wconf 77' lang='grc' dir='ltr'>Ἐπιλάμψας</span> <span class='ocrx_word' id='word_1_123' title='bbox 1532 1633 1589 1687; x_wconf 82' lang='grc' dir='ltr'><strong>δὲ</strong></span> <span class='ocrx_word' id='word_1_124' title='bbox 1615 1634 1753 1705; x_wconf 86' lang='grc' dir='ltr'><strong>μετά</strong></span> <span class='ocrx_word' id='word_1_125' title='bbox 1770 1633 1927 1688; x_wconf 88' lang='grc' dir='ltr'>τοῦτο</span> 
     </span>
    </p>
   </div>
   <div class='ocr_carea' id='block_1_19' title="bbox 350 1725 1927 1799">
    <p class='ocr_par' dir='ltr' id='par_1_19' title="bbox 350 1725 1927 1799">
     <span class='ocr_line' id='line_1_19' title="bbox 350 1725 1927 1799; baseline -0.001 -17"><span class='ocrx_word' id='word_1_126' title='bbox 350 1728 581 1799; x_wconf 84' lang='grc' dir='ltr'>Χριστὸς</span> <span class='ocrx_word' id='word_1_127' title='bbox 612 1728 646 1797; x_wconf 84' lang='grc' dir='ltr'>ἡ</span> <span class='ocrx_word' id='word_1_128' title='bbox 679 1726 1114 1797; x_wconf 87' lang='grc' dir='ltr'>πανσθενεστάτη</span> <span class='ocrx_word' id='word_1_129' title='bbox 1145 1725 1267 1798; x_wconf 75' lang='grc' dir='ltr'>χεὶρ</span> <span class='ocrx_word' id='word_1_130' title='bbox 1294 1727 1388 1779; x_wconf 82' lang='grc' dir='ltr'><strong>καὶ</strong></span> <span class='ocrx_word' id='word_1_131' title='bbox 1416 1726 1754 1797; x_wconf 87' lang='grc' dir='ltr'>παντουργὺς</span> <span class='ocrx_word' id='word_1_132' title='bbox 1778 1726 1927 1792; x_wconf 83' lang='grc' dir='ltr'>δεξιά</span> 
     </span>
    </p>
   </div>
   <div class='ocr_carea' id='block_1_20' title="bbox 347 1818 1927 1891">
    <p class='ocr_par' dir='ltr' id='par_1_20' title="bbox 347 1818 1927 1891">
     <span class='ocr_line' id='line_1_20' title="bbox 347 1818 1927 1891; baseline -0.001 -16"><span class='ocrx_word' id='word_1_133' title='bbox 347 1821 444 1875; x_wconf 90' lang='grc' dir='ltr'><strong>τοῦ</strong></span> <span class='ocrx_word' id='word_1_134' title='bbox 476 1820 611 1873; x_wconf 90' lang='grc' dir='ltr'>Θεοῦ</span> <span class='ocrx_word' id='word_1_135' title='bbox 657 1821 752 1873; x_wconf 71' lang='grc' dir='ltr'>καὶ</span> <span class='ocrx_word' id='word_1_136' title='bbox 801 1819 1013 1891; x_wconf 82' lang='grc' dir='ltr'>Πατρὸς</span> <span class='ocrx_word' id='word_1_137' title='bbox 1059 1819 1258 1890; x_wconf 81' lang='grc' dir='ltr'>ἑαυτὴν</span> <span class='ocrx_word' id='word_1_138' title='bbox 1298 1818 1513 1890; x_wconf 80' lang='grc' dir='ltr'>ἐμφανῆ</span> <span class='ocrx_word' id='word_1_139' title='bbox 1559 1819 1789 1890; x_wconf 85' lang='grc' dir='ltr'>καθίστη</span> <span class='ocrx_word' id='word_1_140' title='bbox 1841 1819 1927 1874; x_wconf 82' lang='grc' dir='ltr'>διὰ</span> 
     </span>
    </p>
   </div>
   <div class='ocr_carea' id='block_1_21' title="bbox 2031 716 3596 787">
    <p class='ocr_par' dir='ltr' id='par_1_21' title="bbox 2031 716 3596 787">
     <span class='ocr_line' id='line_1_21' title="bbox 2031 716 3596 787; baseline 0.001 -17"><span class='ocrx_word' id='word_1_141' title='bbox 2031 717 2214 772; x_wconf 68' lang='lat' dir='ltr'><strong>tentias</strong></span> <span class='ocrx_word' id='word_1_142' title='bbox 2241 733 2431 787; x_wconf 89' lang='lat' dir='ltr'><strong>magna</strong></span> <span class='ocrx_word' id='word_1_143' title='bbox 2476 717 2582 772; x_wconf 91' lang='lat' dir='ltr'><strong>erit</strong></span> <span class='ocrx_word' id='word_1_144' title='bbox 2627 716 2940 784; x_wconf 89' lang='lat' dir='ltr'><strong>declaratio,</strong></span> <span class='ocrx_word' id='word_1_145' title='bbox 2992 718 3156 786; x_wconf 85' lang='lat' dir='ltr'><strong>idque</strong></span> <span class='ocrx_word' id='word_1_146' title='bbox 3209 732 3317 772; x_wconf 92' lang='lat' dir='ltr'><strong>non</strong></span> <span class='ocrx_word' id='word_1_147' title='bbox 3363 716 3596 780; x_wconf 78' lang='lat' dir='ltr'><strong>frustra.</strong></span> 
     </span>
    </p>
   </div>
   <div class='ocr_carea' id='block_1_22' title="bbox 2030 809 3599 881">
    <p class='ocr_par' dir='ltr' id='par_1_22' title="bbox 2030 809 3599 881">
     <span class='ocr_line' id='line_1_22' title="bbox 2030 809 3599 881; baseline 0.001 -17"><span class='ocrx_word' id='word_1_148' title='bbox 2030 811 2128 866; x_wconf 90' lang='lat' dir='ltr'><strong>sed</strong></span> <span class='ocrx_word' id='word_1_149' title='bbox 2153 810 2221 865; x_wconf 90' lang='lat' dir='ltr'><strong>ad</strong></span> <span class='ocrx_word' id='word_1_150' title='bbox 2251 809 2608 865; x_wconf 67' lang='lat' dir='ltr'><strong>aemulandum</strong></span> <span class='ocrx_word' id='word_1_151' title='bbox 2644 810 2896 865; x_wconf 88' lang='lat' dir='ltr'><strong>relictum</strong></span> <span class='ocrx_word' id='word_1_152' title='bbox 2931 810 3202 865; x_wconf 89' lang='lat' dir='ltr'><strong>residuum</strong></span> <span class='ocrx_word' id='word_1_153' title='bbox 3242 809 3423 881; x_wconf 87' lang='lat' dir='ltr'><strong>populi</strong></span> <span class='ocrx_word' id='word_1_154' title='bbox 3455 811 3599 881; x_wconf 83' lang='lat' dir='ltr'><strong>quod</strong></span> 
     </span>
    </p>
   </div>
   <div class='ocr_carea' id='block_1_23' title="bbox 2033 902 3598 975">
    <p class='ocr_par' dir='ltr' id='par_1_23' title="bbox 2033 902 3598 975">
     <span class='ocr_line' id='line_1_23' title="bbox 2033 902 3598 975; baseline 0 -19"><span class='ocrx_word' id='word_1_155' title='bbox 2033 902 2287 957; x_wconf 90' lang='lat' dir='ltr'><strong>relictum</strong></span> <span class='ocrx_word' id='word_1_156' title='bbox 2345 902 2510 957; x_wconf 79' lang='lat' dir='ltr'><strong>fuerit</strong></span> <span class='ocrx_word' id='word_1_157' title='bbox 2542 903 2611 957; x_wconf 82' lang='lat' dir='ltr'><strong>ab</strong></span> <span class='ocrx_word' id='word_1_158' title='bbox 2639 902 2899 974; x_wconf 85' lang='lat' dir='ltr'><strong>Assyriis,</strong></span> <span class='ocrx_word' id='word_1_159' title='bbox 2943 913 2997 958; x_wconf 90' lang='lat' dir='ltr'><strong>et</strong></span> <span class='ocrx_word' id='word_1_160' title='bbox 3040 905 3108 959; x_wconf 86' lang='lat' dir='ltr'><strong>ab</strong></span> <span class='ocrx_word' id='word_1_161' title='bbox 3150 903 3276 960; x_wconf 87' lang='lat' dir='ltr'><strong>aliis</strong></span> <span class='ocrx_word' id='word_1_162' title='bbox 3322 903 3598 975; x_wconf 73' lang='lat' dir='ltr'><strong>gentibus.</strong></span> 
     </span>
    </p>
   </div>
   <div class='ocr_carea' id='block_1_24' title="bbox 2034 995 3599 1066">
    <p class='ocr_par' dir='ltr' id='par_1_24' title="bbox 2034 995 3599 1066">
     <span class='ocr_line' id='line_1_24' title="bbox 2034 995 3599 1066; baseline -0.001 -15"><span class='ocrx_word' id='word_1_163' title='bbox 2034 995 2303 1051; x_wconf 72' lang='lat' dir='ltr'><strong>Caeterum</strong></span> <span class='ocrx_word' id='word_1_164' title='bbox 2337 1010 2560 1051; x_wconf 88' lang='lat' dir='ltr'><strong>sensum</strong></span> <span class='ocrx_word' id='word_1_165' title='bbox 2586 1009 2771 1050; x_wconf 90' lang='lat' dir='ltr'><strong>eorum</strong></span> <span class='ocrx_word' id='word_1_166' title='bbox 2819 1011 2937 1065; x_wconf 72' lang='lat' dir='ltr'><strong>quae</strong></span> <span class='ocrx_word' id='word_1_167' title='bbox 2976 995 3119 1050; x_wconf 87' lang='lat' dir='ltr'><strong>dicta</strong></span> <span class='ocrx_word' id='word_1_168' title='bbox 3148 1003 3275 1050; x_wconf 89' lang='lat' dir='ltr'><strong>sunt</strong></span> <span class='ocrx_word' id='word_1_169' title='bbox 3321 995 3599 1066; x_wconf 86' lang='lat' dir='ltr'><strong>explicare</strong></span> 
     </span>
    </p>
   </div>
   <div class='ocr_carea' id='block_1_25' title="bbox 2033 1085 3599 1158">
    <p class='ocr_par' dir='ltr' id='par_1_25' title="bbox 2033 1085 3599 1158">
     <span class='ocr_line' id='line_1_25' title="bbox 2033 1085 3599 1158; baseline 0 -16"><span class='ocrx_word' id='word_1_170' title='bbox 2033 1085 2284 1158; x_wconf 84' lang='lat' dir='ltr'><strong>opoi&#39;tere</strong></span> <span class='ocrx_word' id='word_1_171' title='bbox 2317 1103 2403 1142; x_wconf 90' lang='lat' dir='ltr'><strong>me</strong></span> <span class='ocrx_word' id='word_1_172' title='bbox 2451 1086 2706 1152; x_wconf 91' lang='lat' dir='ltr'><strong>arbitror,</strong></span> <span class='ocrx_word' id='word_1_173' title='bbox 2743 1095 2798 1142; x_wconf 88' lang='lat' dir='ltr'><strong>et</strong></span> <span class='ocrx_word' id='word_1_174' title='bbox 2841 1085 3051 1142; x_wconf 77' lang='lat' dir='ltr'><strong>efﬁcere</strong></span> <span class='ocrx_word' id='word_1_175' title='bbox 3097 1086 3464 1142; x_wconf 73' lang='lat' dir='ltr'><strong>illustriorem.</strong></span> <span class='ocrx_word' id='word_1_176' title='bbox 3503 1087 3599 1143; x_wconf 86' lang='lat' dir='ltr'><strong>Su-</strong></span> 
     </span>
    </p>
   </div>
   <div class='ocr_carea' id='block_1_26' title="bbox 2033 1180 3598 1251">
    <p class='ocr_par' dir='ltr' id='par_1_26' title="bbox 2033 1180 3598 1251">
     <span class='ocr_line' id='line_1_26' title="bbox 2033 1180 3598 1251; baseline 0 -15"><span class='ocrx_word' id='word_1_177' title='bbox 2033 1181 2337 1251; x_wconf 88' lang='lat' dir='ltr'><strong>perioribus</strong></span> <span class='ocrx_word' id='word_1_178' title='bbox 2375 1180 2519 1234; x_wconf 89' lang='lat' dir='ltr'><strong>enim</strong></span> <span class='ocrx_word' id='word_1_179' title='bbox 2563 1181 2893 1250; x_wconf 87' lang='lat' dir='ltr'><strong>temporibus</strong></span> <span class='ocrx_word' id='word_1_180' title='bbox 2943 1181 3084 1236; x_wconf 87' lang='lat' dir='ltr'><strong>haud</strong></span> <span class='ocrx_word' id='word_1_181' title='bbox 3135 1180 3480 1236; x_wconf 86' lang='lat' dir='ltr'><strong>mediocriter</strong></span> <span class='ocrx_word' id='word_1_182' title='bbox 3515 1181 3598 1237; x_wconf 86' lang='lat' dir='ltr'><strong>di-</strong></span> 
     </span>
    </p>
   </div>
   <div class='ocr_carea' id='block_1_27' title="bbox 2033 1269 3598 1340">
    <p class='ocr_par' dir='ltr' id='par_1_27' title="bbox 2033 1269 3598 1340">
     <span class='ocr_line' id='line_1_27' title="bbox 2033 1269 3598 1340; baseline 0.004 -18"><span class='ocrx_word' id='word_1_183' title='bbox 2033 1281 2226 1325; x_wconf 85' lang='lat' dir='ltr'><strong>vexata</strong></span> <span class='ocrx_word' id='word_1_184' title='bbox 2263 1281 2346 1325; x_wconf 79' lang='lat' dir='ltr'><strong>est</strong></span> <span class='ocrx_word' id='word_1_185' title='bbox 2366 1286 2499 1338; x_wconf 86' lang='lat' dir='ltr'><strong>gens</strong></span> <span class='ocrx_word' id='word_1_186' title='bbox 2528 1269 2776 1334; x_wconf 66' lang='lat' dir='ltr'><strong>Iudaica,</strong></span> <span class='ocrx_word' id='word_1_187' title='bbox 2812 1271 3005 1339; x_wconf 84' lang='lat' dir='ltr'><strong>partim</strong></span> <span class='ocrx_word' id='word_1_188' title='bbox 3046 1284 3166 1324; x_wconf 89' lang='lat' dir='ltr'><strong>eam</strong></span> <span class='ocrx_word' id='word_1_189' title='bbox 3225 1269 3488 1340; x_wconf 76' lang='lat' dir='ltr'><strong>Assyriis,</strong></span> <span class='ocrx_word' id='word_1_190' title='bbox 3542 1281 3598 1328; x_wconf 86' lang='lat' dir='ltr'><strong>et</strong></span> 
     </span>
    </p>
   </div>
   <div class='ocr_carea' id='block_1_28' title="bbox 2032 1361 3593 1434">
    <p class='ocr_par' dir='ltr' id='par_1_28' title="bbox 2032 1361 3593 1434">
     <span class='ocr_line' id='line_1_28' title="bbox 2032 1361 3593 1434; baseline 0.001 -19"><span class='ocrx_word' id='word_1_191' title='bbox 2032 1361 2295 1426; x_wconf 83' lang='lat' dir='ltr'><strong>Elamitis,</strong></span> <span class='ocrx_word' id='word_1_192' title='bbox 2318 1363 2510 1431; x_wconf 80' lang='lat' dir='ltr'><strong>partim</strong></span> <span class='ocrx_word' id='word_1_193' title='bbox 2547 1363 2613 1416; x_wconf 92' lang='lat' dir='ltr'><strong>iis</strong></span> <span class='ocrx_word' id='word_1_194' title='bbox 2637 1362 2728 1432; x_wconf 90' lang='lat' dir='ltr'><strong>qui</strong></span> <span class='ocrx_word' id='word_1_195' title='bbox 2767 1367 2835 1417; x_wconf 88' lang='lat' dir='ltr'><strong>ab</strong></span> <span class='ocrx_word' id='word_1_196' title='bbox 2863 1361 3099 1433; x_wconf 63' lang='lat' dir='ltr'><strong>Egypto</strong></span> <span class='ocrx_word' id='word_1_197' title='bbox 3123 1401 3139 1427; x_wconf 95' lang='lat'><strong>,</strong></span> <span class='ocrx_word' id='word_1_198' title='bbox 3191 1372 3249 1418; x_wconf 93' lang='lat' dir='ltr'><strong>et</strong></span> <span class='ocrx_word' id='word_1_199' title='bbox 3277 1362 3593 1434; x_wconf 85' lang='lat' dir='ltr'><strong>Babylonia,</strong></span> 
     </span>
    </p>
   </div>
   <div class='ocr_carea' id='block_1_29' title="bbox 2029 1455 3596 1526">
    <p class='ocr_par' dir='ltr' id='par_1_29' title="bbox 2029 1455 3596 1526">
     <span class='ocr_line' id='line_1_29' title="bbox 2029 1455 3596 1526; baseline 0.002 -17"><span class='ocrx_word' id='word_1_200' title='bbox 2029 1456 2175 1509; x_wconf 90' lang='lat' dir='ltr'><strong>etab</strong></span> <span class='ocrx_word' id='word_1_201' title='bbox 2202 1465 2324 1508; x_wconf 88' lang='lat' dir='ltr'><strong>ortu</strong></span> <span class='ocrx_word' id='word_1_202' title='bbox 2356 1455 2510 1519; x_wconf 89' lang='lat' dir='ltr'><strong>solis,</strong></span> <span class='ocrx_word' id='word_1_203' title='bbox 2554 1466 2610 1509; x_wconf 89' lang='lat' dir='ltr'><strong>et</strong></span> <span class='ocrx_word' id='word_1_204' title='bbox 2636 1470 2704 1508; x_wconf 84' lang='lat' dir='ltr'><strong>ex</strong></span> <span class='ocrx_word' id='word_1_205' title='bbox 2730 1455 2931 1509; x_wconf 88' lang='lat' dir='ltr'><strong>Arabia</strong></span> <span class='ocrx_word' id='word_1_206' title='bbox 2969 1455 3199 1524; x_wconf 80' lang='lat' dir='ltr'><strong>profecti</strong></span> <span class='ocrx_word' id='word_1_207' title='bbox 3233 1465 3386 1520; x_wconf 87' lang='lat' dir='ltr'><strong>sunt,</strong></span> <span class='ocrx_word' id='word_1_208' title='bbox 3427 1459 3596 1526; x_wconf 87' lang='lat' dir='ltr'><strong>depo-</strong></span> 
     </span>
    </p>
   </div>
   <div class='ocr_carea' id='block_1_30' title="bbox 2031 1545 3596 1616">
    <p class='ocr_par' dir='ltr' id='par_1_30' title="bbox 2031 1545 3596 1616">
     <span class='ocr_line' id='line_1_30' title="bbox 2031 1545 3596 1616; baseline 0.001 -16"><span class='ocrx_word' id='word_1_209' title='bbox 2031 1547 2362 1616; x_wconf 87' lang='lat' dir='ltr'><strong>pulantibus.</strong></span> <span class='ocrx_word' id='word_1_210' title='bbox 2383 1545 2510 1601; x_wconf 92' lang='lat' dir='ltr'><strong>Post</strong></span> <span class='ocrx_word' id='word_1_211' title='bbox 2529 1546 2643 1601; x_wconf 61' lang='lat' dir='ltr'><strong>haec</strong></span> <span class='ocrx_word' id='word_1_212' title='bbox 2662 1555 2842 1601; x_wconf 85' lang='lat' dir='ltr'><strong>autem</strong></span> <span class='ocrx_word' id='word_1_213' title='bbox 2868 1561 2993 1600; x_wconf 92' lang='lat' dir='ltr'><strong>cum</strong></span> <span class='ocrx_word' id='word_1_214' title='bbox 3015 1545 3596 1613; x_wconf 75' lang='lat' dir='ltr'><strong>Christnsaﬂ‘ulsisset,</strong></span> 
     </span>
    </p>
   </div>
   <div class='ocr_carea' id='block_1_31' title="bbox 2031 1635 3593 1707">
    <p class='ocr_par' dir='ltr' id='par_1_31' title="bbox 2031 1635 3593 1707">
     <span class='ocr_line' id='line_1_31' title="bbox 2031 1635 3593 1707; baseline 0.002 -17"><span class='ocrx_word' id='word_1_215' title='bbox 2031 1636 2564 1706; x_wconf 87' lang='lat' dir='ltr'><strong>omnipotentissima</strong></span> <span class='ocrx_word' id='word_1_216' title='bbox 2597 1651 2791 1691; x_wconf 91' lang='lat' dir='ltr'><strong>manus</strong></span> <span class='ocrx_word' id='word_1_217' title='bbox 2835 1635 3187 1707; x_wconf 89' lang='lat' dir='ltr'><strong>omniumque</strong></span> <span class='ocrx_word' id='word_1_218' title='bbox 3210 1635 3454 1694; x_wconf 75' lang='lat' dir='ltr'><strong>ellectrix</strong></span> <span class='ocrx_word' id='word_1_219' title='bbox 3503 1639 3593 1694; x_wconf 84' lang='lat' dir='ltr'><strong>illa</strong></span> 
     </span>
    </p>
   </div>
   <div class='ocr_carea' id='block_1_32' title="bbox 2030 1727 3594 1793">
    <p class='ocr_par' dir='ltr' id='par_1_32' title="bbox 2030 1727 3594 1793">
     <span class='ocr_line' id='line_1_32' title="bbox 2030 1727 3594 1793; baseline 0.001 -10"><span class='ocrx_word' id='word_1_220' title='bbox 2030 1727 2252 1783; x_wconf 87' lang='lat' dir='ltr'><strong>dextera</strong></span> <span class='ocrx_word' id='word_1_221' title='bbox 2277 1728 2371 1782; x_wconf 85' lang='lat' dir='ltr'><strong>Dei</strong></span> <span class='ocrx_word' id='word_1_222' title='bbox 2395 1735 2450 1783; x_wconf 88' lang='lat' dir='ltr'><strong>et</strong></span> <span class='ocrx_word' id='word_1_223' title='bbox 2475 1727 2652 1781; x_wconf 86' lang='lat' dir='ltr'><strong>Patris</strong></span> <span class='ocrx_word' id='word_1_224' title='bbox 2679 1743 2738 1782; x_wconf 88' lang='lat' dir='ltr'><strong>se</strong></span> <span class='ocrx_word' id='word_1_225' title='bbox 2764 1728 2916 1784; x_wconf 88' lang='lat' dir='ltr'><strong>clare</strong></span> <span class='ocrx_word' id='word_1_226' title='bbox 2946 1728 3215 1793; x_wconf 78' lang='lat' dir='ltr'><strong>exhibuit,</strong></span> <span class='ocrx_word' id='word_1_227' title='bbox 3252 1741 3307 1784; x_wconf 90' lang='lat' dir='ltr'><strong>et</strong></span> <span class='ocrx_word' id='word_1_228' title='bbox 3333 1729 3594 1786; x_wconf 85' lang='lat' dir='ltr'><strong>Israelitis</strong></span> 
     </span>
    </p>
   </div>
   <div class='ocr_carea' id='block_1_33' title="bbox 2028 1818 3593 1887">
    <p class='ocr_par' dir='ltr' id='par_1_33' title="bbox 2028 1818 3593 1887">
     <span class='ocr_line' id='line_1_33' title="bbox 2028 1818 3593 1887; baseline 0.002 -15"><span class='ocrx_word' id='word_1_229' title='bbox 2028 1818 2358 1887; x_wconf 87' lang='lat' dir='ltr'><strong>persuadere</strong></span> <span class='ocrx_word' id='word_1_230' title='bbox 2383 1827 2613 1874; x_wconf 86' lang='lat' dir='ltr'><strong>conatus</strong></span> <span class='ocrx_word' id='word_1_231' title='bbox 2641 1826 2726 1872; x_wconf 90' lang='lat' dir='ltr'><strong>est</strong></span> <span class='ocrx_word' id='word_1_232' title='bbox 2761 1832 2820 1872; x_wconf 92' lang='lat' dir='ltr'><strong>se</strong></span> <span class='ocrx_word' id='word_1_233' title='bbox 2865 1832 2989 1874; x_wconf 88' lang='lat' dir='ltr'><strong>esse</strong></span> <span class='ocrx_word' id='word_1_234' title='bbox 3020 1833 3146 1874; x_wconf 90' lang='lat' dir='ltr'><strong>vere</strong></span> <span class='ocrx_word' id='word_1_235' title='bbox 3193 1820 3382 1885; x_wconf 90' lang='lat' dir='ltr'><strong>Deum,</strong></span> <span class='ocrx_word' id='word_1_236' title='bbox 3419 1829 3473 1875; x_wconf 92' lang='lat' dir='ltr'><strong>et</strong></span> <span class='ocrx_word' id='word_1_237' title='bbox 3501 1820 3593 1876; x_wconf 91' lang='lat' dir='ltr'><strong>Dei</strong></span> 
     </span>
    </p>
   </div>
   <div class='ocr_carea' id='block_1_34' title="bbox 350 1899 1924 1983">
    <p class='ocr_par' dir='ltr' id='par_1_34' title="bbox 350 1909 1924 1983">
     <span class='ocr_line' id='line_1_34' title="bbox 350 1909 1924 1983; baseline 0.001 -21"><span class='ocrx_word' id='word_1_238' title='bbox 350 1910 666 1981; x_wconf 83' lang='grc' dir='ltr'>θαυμάτων,</span> <span class='ocrx_word' id='word_1_239' title='bbox 685 1910 778 1963; x_wconf 75' lang='grc' dir='ltr'>καὶ</span> <span class='ocrx_word' id='word_1_240' title='bbox 797 1910 903 1981; x_wconf 87' lang='grc' dir='ltr'>πλη</span> <span class='ocrx_word' id='word_1_241' title='bbox 913 1913 1162 1982; x_wconf 85' lang='grc' dir='ltr'>ροφορείν</span> <span class='ocrx_word' id='word_1_242' title='bbox 1181 1910 1443 1980; x_wconf 75' lang='grc' dir='ltr'>ἠπείγετο</span> <span class='ocrx_word' id='word_1_243' title='bbox 1460 1911 1588 1974; x_wconf 81' lang='grc' dir='ltr'>τοὺς</span> <span class='ocrx_word' id='word_1_244' title='bbox 1602 1909 1662 1976; x_wconf 80' lang='grc' dir='ltr'>ἐξ</span> <span class='ocrx_word' id='word_1_245' title='bbox 1689 1911 1924 1983; x_wconf 81' lang='grc' dir='ltr'>Ἰσραὴλ,</span> 
     </span>
    </p>
   </div>
   <div class='ocr_carea' id='block_1_35' title="bbox 2026 1899 3593 1983">
    <p class='ocr_par' dir='ltr' id='par_1_35' title="bbox 2030 1909 3593 1983">
     <span class='ocr_line' id='line_1_35' title="bbox 2030 1909 3593 1983; baseline 0.003 -20"><span class='ocrx_word' id='word_1_246' title='bbox 2030 1925 2156 1964; x_wconf 88' lang='lat' dir='ltr'><strong>vere</strong></span> <span class='ocrx_word' id='word_1_247' title='bbox 2178 1909 2396 1967; x_wconf 86' lang='lat' dir='ltr'><strong>Filium.</strong></span> <span class='ocrx_word' id='word_1_248' title='bbox 2463 1910 2606 1978; x_wconf 81' lang='lat' dir='ltr'><strong>Quid</strong></span> <span class='ocrx_word' id='word_1_249' title='bbox 2638 1911 2780 1964; x_wconf 89' lang='lat' dir='ltr'><strong>enim</strong></span> <span class='ocrx_word' id='word_1_250' title='bbox 2827 1920 3037 1982; x_wconf 89' lang='lat' dir='ltr'><strong>gestum</strong></span> <span class='ocrx_word' id='word_1_251' title='bbox 3076 1921 3162 1967; x_wconf 91' lang='lat' dir='ltr'><strong>est</strong></span> <span class='ocrx_word' id='word_1_252' title='bbox 3191 1913 3331 1983; x_wconf 85' lang='lat' dir='ltr'><strong>apud</strong></span> <span class='ocrx_word' id='word_1_253' title='bbox 3356 1928 3454 1969; x_wconf 90' lang='lat' dir='ltr'><strong>eos</strong></span> <span class='ocrx_word' id='word_1_254' title='bbox 3484 1928 3593 1968; x_wconf 91' lang='lat' dir='ltr'><strong>non</strong></span> 
     </span>
    </p>
   </div>
   <div class='ocr_carea' id='block_1_36' title="bbox 348 2001 1928 2075">
    <p class='ocr_par' dir='ltr' id='par_1_36' title="bbox 348 2001 1928 2075">
     <span class='ocr_line' id='line_1_36' title="bbox 348 2001 1928 2075; baseline 0.001 -18"><span class='ocrx_word' id='word_1_255' title='bbox 348 2004 430 2057; x_wconf 82' lang='grc' dir='ltr'>ὅτι</span> <span class='ocrx_word' id='word_1_256' title='bbox 475 2019 534 2054; x_wconf 92' lang='grc' dir='ltr'><strong>τε</strong></span> <span class='ocrx_word' id='word_1_257' title='bbox 587 2004 670 2073; x_wconf 85' lang='grc' dir='ltr'><strong>εῐη</strong></span> <span class='ocrx_word' id='word_1_258' title='bbox 720 2004 859 2056; x_wconf 86' lang='grc' dir='ltr'><strong>κατά</strong></span> <span class='ocrx_word' id='word_1_259' title='bbox 893 2002 1152 2075; x_wconf 85' lang='grc' dir='ltr'>ἀλήθειαν</span> <span class='ocrx_word' id='word_1_260' title='bbox 1178 2003 1328 2067; x_wconf 85' lang='grc' dir='ltr'>Θεὸς,</span> <span class='ocrx_word' id='word_1_261' title='bbox 1361 2003 1456 2057; x_wconf 75' lang='grc' dir='ltr'><strong>καὶ</strong></span> <span class='ocrx_word' id='word_1_262' title='bbox 1497 2001 1632 2057; x_wconf 87' lang='grc' dir='ltr'>Θεοῦ</span> <span class='ocrx_word' id='word_1_263' title='bbox 1666 2002 1759 2057; x_wconf 88' lang='grc' dir='ltr'><strong>τοῦ</strong></span> <span class='ocrx_word' id='word_1_264' title='bbox 1786 2004 1928 2059; x_wconf 88' lang='grc' dir='ltr'><strong>κατά</strong></span> 
     </span>
    </p>
   </div>
   <div class='ocr_carea' id='block_1_37' title="bbox 349 2095 1926 2167">
    <p class='ocr_par' dir='ltr' id='par_1_37' title="bbox 349 2095 1926 2167">
     <span class='ocr_line' id='line_1_37' title="bbox 349 2095 1926 2167; baseline 0.001 -18"><span class='ocrx_word' id='word_1_265' title='bbox 349 2095 609 2167; x_wconf 87' lang='grc' dir='ltr'>ἀλήθειαν</span> <span class='ocrx_word' id='word_1_266' title='bbox 643 2095 791 2158; x_wconf 89' lang='grc' dir='ltr'>Υἰός.</span> <span class='ocrx_word' id='word_1_267' title='bbox 819 2095 886 2148; x_wconf 87' lang='grc' dir='ltr'><strong>Τί</strong></span> <span class='ocrx_word' id='word_1_268' title='bbox 919 2096 1028 2166; x_wconf 83' lang='grc' dir='ltr'>γὰρ</span> <span class='ocrx_word' id='word_1_269' title='bbox 1060 2095 1168 2148; x_wconf 90' lang='grc' dir='ltr'><strong>τῶν</strong></span> <span class='ocrx_word' id='word_1_270' title='bbox 1209 2097 1348 2164; x_wconf 79' lang='grc' dir='ltr'>ἄγαν</span> <span class='ocrx_word' id='word_1_271' title='bbox 1377 2096 1838 2167; x_wconf 83' lang='grc' dir='ltr'>τεθαυμασμένων</span> <span class='ocrx_word' id='word_1_272' title='bbox 1865 2097 1926 2150; x_wconf 83' lang='grc' dir='ltr'>οὐ</span> 
     </span>
    </p>
   </div>
   <div class='ocr_carea' id='block_1_38' title="bbox 349 2183 1927 2260">
    <p class='ocr_par' dir='ltr' id='par_1_38' title="bbox 349 2183 1927 2260">
     <span class='ocr_line' id='line_1_38' title="bbox 349 2183 1927 2260; baseline 0 -18"><span class='ocrx_word' id='word_1_273' title='bbox 349 2188 660 2243; x_wconf 78' lang='grc' dir='ltr'>τετέλεσται</span> <span class='ocrx_word' id='word_1_274' title='bbox 696 2188 826 2259; x_wconf 82' lang='grc' dir='ltr'>παρ’</span> <span class='ocrx_word' id='word_1_275' title='bbox 861 2189 1072 2251; x_wconf 63' lang='grc' dir='ltr'>αὐτοῖς</span> <span class='ocrx_word' id='word_1_276' title='bbox 1105 2187 1281 2242; x_wconf 90' lang='grc' dir='ltr'>πάντα</span> <span class='ocrx_word' id='word_1_277' title='bbox 1312 2187 1421 2259; x_wconf 82' lang='grc' dir='ltr'>γὰρ</span> <span class='ocrx_word' id='word_1_278' title='bbox 1441 2183 1509 2260; x_wconf 84' lang='grc' dir='ltr'><strong>ῆν</strong></span> <span class='ocrx_word' id='word_1_279' title='bbox 1536 2188 1812 2260; x_wconf 82' lang='grc' dir='ltr'>θεοπρεπῆ</span> <span class='ocrx_word' id='word_1_280' title='bbox 1833 2190 1927 2242; x_wconf 79' lang='grc' dir='ltr'>καὶ</span> 
     </span>
    </p>
   </div>
   <div class='ocr_carea' id='block_1_39' title="bbox 348 2279 1926 2352">
    <p class='ocr_par' dir='ltr' id='par_1_39' title="bbox 348 2279 1926 2352">
     <span class='ocr_line' id='line_1_39' title="bbox 348 2279 1926 2352; baseline 0 -18"><span class='ocrx_word' id='word_1_281' title='bbox 348 2280 648 2352; x_wconf 78' lang='grc' dir='ltr'>παράδοξα,</span> <span class='ocrx_word' id='word_1_282' title='bbox 686 2282 782 2333; x_wconf 62' lang='grc' dir='ltr'><strong>καὶ¹</strong></span> <span class='ocrx_word' id='word_1_283' title='bbox 817 2281 914 2350; x_wconf 88' lang='grc' dir='ltr'><strong>τῆς</strong></span> <span class='ocrx_word' id='word_1_284' title='bbox 947 2280 1208 2334; x_wconf 82' lang='grc' dir='ltr'>ἀνωτάτω</span> <span class='ocrx_word' id='word_1_285' title='bbox 1247 2279 1527 2351; x_wconf 87' lang='grc' dir='ltr'>δυνάμεως</span> <span class='ocrx_word' id='word_1_286' title='bbox 1571 2280 1716 2351; x_wconf 87' lang='grc' dir='ltr'>σαφῆ</span> <span class='ocrx_word' id='word_1_287' title='bbox 1744 2297 1804 2334; x_wconf 83' lang='grc' dir='ltr'><strong>τε</strong></span> <span class='ocrx_word' id='word_1_288' title='bbox 1833 2281 1926 2335; x_wconf 81' lang='grc' dir='ltr'><strong>καὶ</strong></span> 
     </span>
    </p>
   </div>
   <div class='ocr_carea' id='block_1_40' title="bbox 347 2371 1922 2444">
    <p class='ocr_par' dir='ltr' id='par_1_40' title="bbox 347 2371 1922 2444">
     <span class='ocr_line' id='line_1_40' title="bbox 347 2371 1922 2444; baseline -0.001 -18"><span class='ocrx_word' id='word_1_289' title='bbox 347 2372 750 2444; x_wconf 81' lang='grc' dir='ltr'>ἐναργεστάτην</span> <span class='ocrx_word' id='word_1_290' title='bbox 775 2372 964 2443; x_wconf 81' lang='grc' dir='ltr'>ἔχοντα</span> <span class='ocrx_word' id='word_1_291' title='bbox 984 2372 1084 2443; x_wconf 84' lang='grc' dir='ltr'>τὴν</span> <span class='ocrx_word' id='word_1_292' title='bbox 1106 2371 1381 2438; x_wconf 82' lang='grc' dir='ltr'>ἐπίδειξιν.</span> <span class='ocrx_word' id='word_1_293' title='bbox 1403 2373 1538 2426; x_wconf 82' lang='grc' dir='ltr'>Κατ’</span> <span class='ocrx_word' id='word_1_294' title='bbox 1555 2374 1749 2436; x_wconf 80' lang='grc' dir='ltr'>ἐκεῖνο,</span> <span class='ocrx_word' id='word_1_295' title='bbox 1768 2373 1922 2444; x_wconf 78' lang='grc' dir='ltr'>φησὶ,</span> 
     </span>
    </p>
   </div>
   <div class='ocr_carea' id='block_1_41' title="bbox 344 2463 1923 2535">
    <p class='ocr_par' dir='ltr' id='par_1_41' title="bbox 344 2463 1923 2535">
     <span class='ocr_line' id='line_1_41' title="bbox 344 2463 1923 2535; baseline -0.002 -16"><span class='ocrx_word' id='word_1_296' title='bbox 344 2467 526 2520; x_wconf 86' lang='grc' dir='ltr'>τοίνυν</span> <span class='ocrx_word' id='word_1_297' title='bbox 551 2464 642 2518; x_wconf 89' lang='grc' dir='ltr'><strong>τοῦ</strong></span> <span class='ocrx_word' id='word_1_298' title='bbox 685 2465 879 2534; x_wconf 78' lang='grc' dir='ltr'>καιροῦ</span> <span class='ocrx_word' id='word_1_299' title='bbox 921 2463 1219 2535; x_wconf 83' lang='grc' dir='ltr'>προσθήσει</span> <span class='ocrx_word' id='word_1_300' title='bbox 1255 2463 1459 2535; x_wconf 86' lang='grc' dir='ltr'>Κύριος</span> <span class='ocrx_word' id='word_1_301' title='bbox 1489 2463 1582 2517; x_wconf 88' lang='grc' dir='ltr'><strong>τοῦ</strong></span> <span class='ocrx_word' id='word_1_302' title='bbox 1631 2463 1801 2529; x_wconf 76' lang='grc' dir='ltr'>δεῖξαι</span> <span class='ocrx_word' id='word_1_303' title='bbox 1824 2464 1923 2534; x_wconf 80' lang='grc' dir='ltr'>τὴν</span> 
     </span>
    </p>
   </div>
   <div class='ocr_carea' id='block_1_42' title="bbox 345 2553 1924 2630">
    <p class='ocr_par' dir='ltr' id='par_1_42' title="bbox 345 2553 1924 2630">
     <span class='ocr_line' id='line_1_42' title="bbox 345 2553 1924 2630; baseline -0.001 -20"><span class='ocrx_word' id='word_1_304' title='bbox 345 2561 505 2630; x_wconf 85' lang='grc' dir='ltr'>χεῖρα</span> <span class='ocrx_word' id='word_1_305' title='bbox 556 2555 746 2620; x_wconf 84' lang='grc' dir='ltr'>αὐτοῦ,</span> <span class='ocrx_word' id='word_1_306' title='bbox 784 2557 923 2625; x_wconf 81' lang='grc' dir='ltr'>ὑπὲρ</span> <span class='ocrx_word' id='word_1_307' title='bbox 981 2555 1075 2608; x_wconf 87' lang='grc' dir='ltr'><strong>τοῦ</strong></span> <span class='ocrx_word' id='word_1_308' title='bbox 1123 2553 1365 2625; x_wconf 79' lang='grc' dir='ltr'>ζηλῶσαι</span> <span class='ocrx_word' id='word_1_309' title='bbox 1409 2555 1502 2609; x_wconf 81' lang='grc' dir='ltr'>τὸν</span> <span class='ocrx_word' id='word_1_310' title='bbox 1543 2555 1779 2629; x_wconf 82' lang='grc' dir='ltr'>Ἰσραὴλ,</span> <span class='ocrx_word' id='word_1_311' title='bbox 1831 2557 1924 2609; x_wconf 71' lang='grc' dir='ltr'><strong>καὶ</strong></span> 
     </span>
    </p>
   </div>
   <div class='ocr_carea' id='block_1_43' title="bbox 345 2643 1922 2718">
    <p class='ocr_par' dir='ltr' id='par_1_43' title="bbox 345 2643 1922 2718">
     <span class='ocr_line' id='line_1_43' title="bbox 345 2643 1922 2718; baseline -0.002 -17"><span class='ocrx_word' id='word_1_312' title='bbox 345 2643 457 2702; x_wconf 75' lang='grc' dir='ltr'>οἷον</span> <span class='ocrx_word' id='word_1_313' title='bbox 511 2646 586 2718; x_wconf 81' lang='grc' dir='ltr'>μὴ</span> <span class='ocrx_word' id='word_1_314' title='bbox 634 2646 815 2716; x_wconf 89' lang='grc' dir='ltr'>μόνοις</span> <span class='ocrx_word' id='word_1_315' title='bbox 857 2649 968 2708; x_wconf 87' lang='grc' dir='ltr'>τοῖς</span> <span class='ocrx_word' id='word_1_316' title='bbox 1014 2646 1189 2699; x_wconf 83' lang='grc' dir='ltr'>ἔθνεσι</span> <span class='ocrx_word' id='word_1_317' title='bbox 1237 2646 1635 2717; x_wconf 82' lang='grc' dir='ltr'>παραχωρῆσαι</span> <span class='ocrx_word' id='word_1_318' title='bbox 1669 2647 1922 2717; x_wconf 85' lang='grc' dir='ltr'>Χριστὸν,</span> 
     </span>
    </p>
   </div>
   <div class='ocr_carea' id='block_1_44' title="bbox 347 2737 1920 2809">
    <p class='ocr_par' dir='ltr' id='par_1_44' title="bbox 347 2737 1920 2809">
     <span class='ocr_line' id='line_1_44' title="bbox 347 2737 1920 2809; baseline -0.002 -16"><span class='ocrx_word' id='word_1_319' title='bbox 347 2740 562 2794; x_wconf 76' lang='grc' dir='ltr'>ἑλέσθαι</span> <span class='ocrx_word' id='word_1_320' title='bbox 605 2739 663 2792; x_wconf 88' lang='grc' dir='ltr'><strong>δέ</strong></span> <span class='ocrx_word' id='word_1_321' title='bbox 709 2739 802 2792; x_wconf 75' lang='grc' dir='ltr'><strong>καὶ</strong></span> <span class='ocrx_word' id='word_1_322' title='bbox 852 2739 1048 2802; x_wconf 78' lang='grc' dir='ltr'>αὐτοὺς</span> <span class='ocrx_word' id='word_1_323' title='bbox 1079 2737 1271 2791; x_wconf 85' lang='grc' dir='ltr'>ἐλπίδα</span> <span class='ocrx_word' id='word_1_324' title='bbox 1316 2737 1459 2807; x_wconf 76' lang='grc' dir='ltr'>ἔχειν</span> <span class='ocrx_word' id='word_1_325' title='bbox 1489 2737 1585 2809; x_wconf 79' lang='grc' dir='ltr'>τὴν</span> <span class='ocrx_word' id='word_1_326' title='bbox 1633 2739 1718 2792; x_wconf 86' lang='grc' dir='ltr'>ἐπ’</span> <span class='ocrx_word' id='word_1_327' title='bbox 1753 2739 1920 2809; x_wconf 80' lang='grc' dir='ltr'>αὐτῷ,</span> 
     </span>
    </p>
   </div>
   <div class='ocr_carea' id='block_1_45' title="bbox 347 2827 1923 2900">
    <p class='ocr_par' dir='ltr' id='par_1_45' title="bbox 347 2827 1923 2900">
     <span class='ocr_line' id='line_1_45' title="bbox 347 2827 1923 2900; baseline 0 -17"><span class='ocrx_word' id='word_1_328' title='bbox 347 2831 442 2884; x_wconf 79' lang='grc' dir='ltr'><strong>καὶ</strong></span> <span class='ocrx_word' id='word_1_329' title='bbox 487 2830 595 2900; x_wconf 83' lang='grc' dir='ltr'>μὴν</span> <span class='ocrx_word' id='word_1_330' title='bbox 638 2829 733 2882; x_wconf 79' lang='grc' dir='ltr'><strong>καὶ</strong></span> <span class='ocrx_word' id='word_1_331' title='bbox 779 2829 869 2881; x_wconf 83' lang='grc' dir='ltr'>ὑπ’</span> <span class='ocrx_word' id='word_1_332' title='bbox 902 2827 1052 2898; x_wconf 87' lang='grc' dir='ltr'>αὐτῷ</span> <span class='ocrx_word' id='word_1_333' title='bbox 1081 2827 1337 2897; x_wconf 89' lang='grc' dir='ltr'>γενέσθαι</span> <span class='ocrx_word' id='word_1_334' title='bbox 1375 2828 1575 2897; x_wconf 80' lang='grc' dir='ltr'>ζητεῖν,</span> <span class='ocrx_word' id='word_1_335' title='bbox 1602 2829 1839 2900; x_wconf 75' lang='grc' dir='ltr'>ἄρχοντά</span> <span class='ocrx_word' id='word_1_336' title='bbox 1864 2849 1923 2883; x_wconf 88' lang='grc' dir='ltr'><strong>τε</strong></span> 
     </span>
    </p>
   </div>
   <div class='ocr_carea' id='block_1_46' title="bbox 347 2919 1924 2992">
    <p class='ocr_par' dir='ltr' id='par_1_46' title="bbox 347 2919 1924 2992">
     <span class='ocr_line' id='line_1_46' title="bbox 347 2919 1924 2992; baseline -0.001 -17"><span class='ocrx_word' id='word_1_337' title='bbox 347 2920 642 2982; x_wconf 80' lang='grc' dir='ltr'>ποιεῖσθαι,</span> <span class='ocrx_word' id='word_1_338' title='bbox 692 2919 1007 2992; x_wconf 81' lang='grc' dir='ltr'>καθηγητὴν</span> <span class='ocrx_word' id='word_1_339' title='bbox 1057 2920 1150 2974; x_wconf 75' lang='grc' dir='ltr'><strong>καὶ</strong></span> <span class='ocrx_word' id='word_1_340' title='bbox 1196 2919 1537 2982; x_wconf 85' lang='grc' dir='ltr'>διδάσκαλον,</span> <span class='ocrx_word' id='word_1_341' title='bbox 1583 2920 1674 2973; x_wconf 83' lang='grc' dir='ltr'><strong>τὸν</strong></span> <span class='ocrx_word' id='word_1_342' title='bbox 1719 2922 1924 2992; x_wconf 81' lang='grc' dir='ltr'>ταύτης</span> 
     </span>
    </p>
   </div>
   <div class='ocr_carea' id='block_1_47' title="bbox 347 3011 1922 3084">
    <p class='ocr_par' dir='ltr' id='par_1_47' title="bbox 347 3011 1922 3084">
     <span class='ocr_line' id='line_1_47' title="bbox 347 3011 1922 3084; baseline 0 -18"><span class='ocrx_word' id='word_1_343' title='bbox 347 3014 510 3066; x_wconf 72' lang='grc' dir='ltr'>ἕνεκα</span> <span class='ocrx_word' id='word_1_344' title='bbox 563 3014 664 3084; x_wconf 86' lang='grc' dir='ltr'><strong>τῆς</strong></span> <span class='ocrx_word' id='word_1_345' title='bbox 712 3013 890 3076; x_wconf 89' lang='grc' dir='ltr'>αἰτίας</span> <span class='ocrx_word' id='word_1_346' title='bbox 937 3013 1228 3083; x_wconf 88' lang='grc' dir='ltr'>γενόμενον</span> <span class='ocrx_word' id='word_1_347' title='bbox 1272 3011 1581 3082; x_wconf 78' lang='grc' dir='ltr'>ἄνθρωπον.</span> <span class='ocrx_word' id='word_1_348' title='bbox 1627 3013 1736 3065; x_wconf 74' lang='grc' dir='ltr'><strong>Καὶ</strong></span> <span class='ocrx_word' id='word_1_349' title='bbox 1793 3013 1922 3081; x_wconf 88' lang='grc' dir='ltr'>γοῦν</span> 
     </span>
    </p>
   </div>
   <div class='ocr_carea' id='block_1_48' title="bbox 346 3103 1923 3174">
    <p class='ocr_par' dir='ltr' id='par_1_48' title="bbox 346 3103 1923 3174">
     <span class='ocr_line' id='line_1_48' title="bbox 346 3103 1923 3174; baseline 0.002 -16"><span class='ocrx_word' id='word_1_350' title='bbox 346 3105 553 3174; x_wconf 75' lang='grc' dir='ltr'>ἔφασκε</span> <span class='ocrx_word' id='word_1_351' title='bbox 585 3105 674 3158; x_wconf 76' lang='grc' dir='ltr'>διὰ</span> <span class='ocrx_word' id='word_1_352' title='bbox 702 3105 886 3174; x_wconf 82' lang='grc' dir='ltr'>φωνῆς</span> <span class='ocrx_word' id='word_1_353' title='bbox 914 3104 1006 3157; x_wconf 88' lang='grc' dir='ltr'><strong>τοῦ</strong></span> <span class='ocrx_word' id='word_1_354' title='bbox 1039 3105 1202 3158; x_wconf 81' lang='grc' dir='ltr'>Δαὸίδ</span> <span class='ocrx_word' id='word_1_355' title='bbox 1224 3121 1237 3135; x_wconf 91' lang='grc'><strong>·</strong></span> <span class='ocrx_word' id='word_1_356' title='bbox 1274 3122 1292 3154; x_wconf 83' lang='grc'>‹</span> <span class='ocrx_word' id='word_1_357' title='bbox 1317 3103 1462 3171; x_wconf 88' lang='grc' dir='ltr'><strong>Ἐγὼ</strong></span> <span class='ocrx_word' id='word_1_358' title='bbox 1490 3103 1548 3156; x_wconf 83' lang='grc' dir='ltr'><strong>δέ</strong></span> <span class='ocrx_word' id='word_1_359' title='bbox 1581 3105 1923 3173; x_wconf 83' lang='grc' dir='ltr'>κατεστάθην</span> 
     </span>
    </p>
   </div>
   <div class='ocr_carea' id='block_1_49' title="bbox 349 3195 1920 3266">
    <p class='ocr_par' dir='ltr' id='par_1_49' title="bbox 349 3195 1920 3266">
     <span class='ocr_line' id='line_1_49' title="bbox 349 3195 1920 3266; baseline -0.001 -17"><span class='ocrx_word' id='word_1_360' title='bbox 349 3196 603 3264; x_wconf 79' lang='grc' dir='ltr'>βασιλεὺς</span> <span class='ocrx_word' id='word_1_361' title='bbox 629 3197 720 3250; x_wconf 80' lang='grc' dir='ltr'>ὑπ’</span> <span class='ocrx_word' id='word_1_362' title='bbox 748 3197 914 3250; x_wconf 78' lang='grc' dir='ltr'>αὑτοῦ</span> <span class='ocrx_word' id='word_1_363' title='bbox 949 3198 1039 3248; x_wconf 73' lang='grc' dir='ltr'><strong>ἐπὶ</strong></span> <span class='ocrx_word' id='word_1_364' title='bbox 1083 3195 1222 3248; x_wconf 85' lang='grc' dir='ltr'>Σιὼν</span> <span class='ocrx_word' id='word_1_365' title='bbox 1266 3196 1390 3266; x_wconf 72' lang='grc' dir='ltr'>ὅρος</span> <span class='ocrx_word' id='word_1_366' title='bbox 1435 3195 1498 3248; x_wconf 86' lang='grc' dir='ltr'><strong>τὸ</strong></span> <span class='ocrx_word' id='word_1_367' title='bbox 1546 3196 1701 3264; x_wconf 81' lang='grc' dir='ltr'>ἆγιον</span> <span class='ocrx_word' id='word_1_368' title='bbox 1733 3196 1920 3259; x_wconf 84' lang='grc' dir='ltr'>αὐτοῦ,</span> 
     </span>
    </p>
   </div>
   <div class='ocr_carea' id='block_1_50' title="bbox 347 3283 1926 3359">
    <p class='ocr_par' dir='ltr' id='par_1_50' title="bbox 347 3283 1926 3359">
     <span class='ocr_line' id='line_1_50' title="bbox 347 3283 1926 3359; baseline -0.001 -18"><span class='ocrx_word' id='word_1_369' title='bbox 347 3289 675 3358; x_wconf 83' lang='grc' dir='ltr'>διαγγέλλων</span> <span class='ocrx_word' id='word_1_370' title='bbox 717 3289 777 3341; x_wconf 82' lang='grc' dir='ltr'>τὸ</span> <span class='ocrx_word' id='word_1_371' title='bbox 811 3288 1140 3358; x_wconf 79' lang='grc' dir='ltr'>πρόσταγμα</span> <span class='ocrx_word' id='word_1_372' title='bbox 1168 3288 1393 3358; x_wconf 88' lang='grc' dir='ltr'>Κυρίου.</span> <span class='ocrx_word' id='word_1_373' title='bbox 1427 3308 1445 3340; x_wconf 74' lang='grc' dir='ltr'><strong>ι</strong></span> <span class='ocrx_word' id='word_1_374' title='bbox 1480 3283 1654 3340; x_wconf 70' lang='grc' dir='ltr'>τΗκεν</span> <span class='ocrx_word' id='word_1_375' title='bbox 1691 3287 1792 3358; x_wconf 86' lang='grc' dir='ltr'>μὲν</span> <span class='ocrx_word' id='word_1_376' title='bbox 1819 3288 1926 3359; x_wconf 89' lang='grc' dir='ltr'><strong>γάρ</strong></span> 
     </span>
    </p>
   </div>
   <div class='ocr_carea' id='block_1_51' title="bbox 346 3377 1922 3451">
    <p class='ocr_par' dir='ltr' id='par_1_51' title="bbox 346 3377 1922 3451">
     <span class='ocr_line' id='line_1_51' title="bbox 346 3377 1922 3451; baseline -0.002 -17"><span class='ocrx_word' id='word_1_377' title='bbox 346 3380 377 3434; x_wconf 88' lang='lat' dir='ltr'><strong>o&#39;</strong></span> <span class='ocrx_word' id='word_1_378' title='bbox 405 3381 663 3451; x_wconf 83' lang='grc' dir='ltr'>Χριστὸς,</span> <span class='ocrx_word' id='word_1_379' title='bbox 695 3379 794 3432; x_wconf 79' lang='grc' dir='ltr'>οὐκ</span> <span class='ocrx_word' id='word_1_380' title='bbox 827 3377 1160 3432; x_wconf 79' lang='grc' dir='ltr'>ἀπεστάλθαι</span> <span class='ocrx_word' id='word_1_381' title='bbox 1193 3378 1366 3446; x_wconf 87' lang='grc' dir='ltr'>λέγων</span> <span class='ocrx_word' id='word_1_382' title='bbox 1394 3381 1442 3430; x_wconf 88' lang='grc' dir='ltr'><strong>εἰ</strong></span> <span class='ocrx_word' id='word_1_383' title='bbox 1478 3378 1551 3449; x_wconf 83' lang='grc' dir='ltr'>μὴ</span> <span class='ocrx_word' id='word_1_384' title='bbox 1583 3380 1662 3443; x_wconf 86' lang='grc' dir='ltr'><strong>εἰς</strong></span> <span class='ocrx_word' id='word_1_385' title='bbox 1705 3379 1774 3433; x_wconf 88' lang='grc' dir='ltr'>τὰ</span> <span class='ocrx_word' id='word_1_386' title='bbox 1814 3381 1922 3433; x_wconf 85' lang='grc' dir='ltr'>ἀπ-</span> 
     </span>
    </p>
   </div>
   <div class='ocr_carea' id='block_1_52' title="bbox 346 3469 1928 3540">
    <p class='ocr_par' dir='ltr' id='par_1_52' title="bbox 346 3469 1928 3540">
     <span class='ocr_line' id='line_1_52' title="bbox 346 3469 1928 3540; baseline 0.001 -17"><span class='ocrx_word' id='word_1_387' title='bbox 346 3471 582 3524; x_wconf 87' lang='grc' dir='ltr'>ολωλότα</span> <span class='ocrx_word' id='word_1_388' title='bbox 603 3469 848 3540; x_wconf 74' lang='grc' dir='ltr'>πρόϐατα</span> <span class='ocrx_word' id='word_1_389' title='bbox 865 3469 1013 3522; x_wconf 81' lang='grc' dir='ltr'>οἴκου</span> <span class='ocrx_word' id='word_1_390' title='bbox 1047 3470 1283 3540; x_wconf 85' lang='grc' dir='ltr'>Ἰσραήλ.</span> <span class='ocrx_word' id='word_1_391' title='bbox 1308 3471 1417 3523; x_wconf 84' lang='grc' dir='ltr'><strong>Καὶ</strong></span> <span class='ocrx_word' id='word_1_392' title='bbox 1442 3470 1570 3538; x_wconf 87' lang='grc' dir='ltr'>γοῦν</span> <span class='ocrx_word' id='word_1_393' title='bbox 1594 3473 1722 3540; x_wconf 84' lang='grc' dir='ltr'>παρ’</span> <span class='ocrx_word' id='word_1_394' title='bbox 1746 3473 1928 3535; x_wconf 82' lang='grc' dir='ltr'>αὐτοῖς</span> 
     </span>
    </p>
   </div>
   <div class='ocr_carea' id='block_1_53' title="bbox 347 3559 1926 3631">
    <p class='ocr_par' dir='ltr' id='par_1_53' title="bbox 347 3559 1926 3631">
     <span class='ocr_line' id='line_1_53' title="bbox 347 3559 1926 3631; baseline 0.003 -19"><span class='ocrx_word' id='word_1_395' title='bbox 347 3560 632 3631; x_wconf 81' lang='grc' dir='ltr'>διεκήρυξε</span> <span class='ocrx_word' id='word_1_396' title='bbox 661 3559 918 3630; x_wconf 84' lang='grc' dir='ltr'>πρώτοις,</span> <span class='ocrx_word' id='word_1_397' title='bbox 936 3560 1241 3613; x_wconf 83' lang='grc' dir='ltr'>ἐνετέλλετο</span> <span class='ocrx_word' id='word_1_398' title='bbox 1262 3559 1319 3612; x_wconf 88' lang='grc' dir='ltr'>δὲ</span> <span class='ocrx_word' id='word_1_399' title='bbox 1340 3561 1435 3614; x_wconf 79' lang='grc' dir='ltr'><strong>καὶ</strong></span> <span class='ocrx_word' id='word_1_400' title='bbox 1459 3563 1572 3624; x_wconf 81' lang='grc' dir='ltr'>τοῖς</span> <span class='ocrx_word' id='word_1_401' title='bbox 1599 3562 1772 3629; x_wconf 86' lang='grc' dir='ltr'>ἁγίοις</span> <span class='ocrx_word' id='word_1_402' title='bbox 1792 3563 1926 3617; x_wconf 84' lang='grc' dir='ltr'>ἀπο-</span> 
     </span>
    </p>
   </div>
   <div class='ocr_carea' id='block_1_54' title="bbox 349 3650 1927 3724">
    <p class='ocr_par' dir='ltr' id='par_1_54' title="bbox 349 3650 1927 3724">
     <span class='ocr_line' id='line_1_54' title="bbox 349 3650 1927 3724; baseline 0.001 -18"><span class='ocrx_word' id='word_1_403' title='bbox 349 3652 586 3714; x_wconf 86' lang='grc' dir='ltr'>στόλοις·</span> <span class='ocrx_word' id='word_1_404' title='bbox 620 3669 639 3703; x_wconf 73' lang='grc'><strong>(</strong></span> <span class='ocrx_word' id='word_1_405' title='bbox 669 3653 762 3716; x_wconf 85' lang='grc' dir='ltr'>Εἰς</span> <span class='ocrx_word' id='word_1_406' title='bbox 783 3651 897 3705; x_wconf 80' lang='grc' dir='ltr'>ὁδὸν</span> <span class='ocrx_word' id='word_1_407' title='bbox 921 3650 1089 3705; x_wconf 87' lang='grc' dir='ltr'>ἐθνῶν</span> <span class='ocrx_word' id='word_1_408' title='bbox 1117 3655 1190 3722; x_wconf 81' lang='grc' dir='ltr'>μὴ</span> <span class='ocrx_word' id='word_1_409' title='bbox 1219 3652 1511 3724; x_wconf 83' lang='grc' dir='ltr'>ἀπέλθητε,</span> <span class='ocrx_word' id='word_1_410' title='bbox 1545 3656 1638 3707; x_wconf 75' lang='grc' dir='ltr'><strong>καὶ</strong></span> <span class='ocrx_word' id='word_1_411' title='bbox 1661 3656 1742 3716; x_wconf 83' lang='grc' dir='ltr'><strong>είς</strong></span> <span class='ocrx_word' id='word_1_412' title='bbox 1772 3654 1927 3707; x_wconf 85' lang='grc' dir='ltr'>πόλιν·</span> 
     </span>
    </p>
   </div>
   <div class='ocr_carea' id='block_1_55' title="bbox 346 3737 1922 3812">
    <p class='ocr_par' dir='ltr' id='par_1_55' title="bbox 346 3737 1922 3812">
     <span class='ocr_line' id='line_1_55' title="bbox 346 3737 1922 3812; baseline 0.003 -22"><span class='ocrx_word' id='word_1_413' title='bbox 346 3737 704 3808; x_wconf 84' lang='grc' dir='ltr'>Σαμαρειτῶν</span> <span class='ocrx_word' id='word_1_414' title='bbox 729 3739 805 3809; x_wconf 83' lang='grc' dir='ltr'>μὴ</span> <span class='ocrx_word' id='word_1_415' title='bbox 825 3738 1100 3810; x_wconf 88' lang='grc' dir='ltr'>εἰσέλθητε</span> <span class='ocrx_word' id='word_1_416' title='bbox 1124 3756 1136 3768; x_wconf 94' lang='grc'><strong>·</strong></span> <span class='ocrx_word' id='word_1_417' title='bbox 1161 3740 1460 3811; x_wconf 67' lang='grc' dir='ltr'>πορεύεσθε</span> <span class='ocrx_word' id='word_1_418' title='bbox 1482 3741 1538 3793; x_wconf 81' lang='grc' dir='ltr'><strong>δὲ</strong></span> <span class='ocrx_word' id='word_1_419' title='bbox 1565 3741 1762 3812; x_wconf 81' lang='grc' dir='ltr'>μᾶλλον</span> <span class='ocrx_word' id='word_1_420' title='bbox 1787 3743 1922 3812; x_wconf 86' lang='grc' dir='ltr'>πρὸς</span> 
     </span>
    </p>
   </div>
   <div class='ocr_carea' id='block_1_56' title="bbox 345 3828 1920 3908">
    <p class='ocr_par' dir='ltr' id='par_1_56' title="bbox 345 3828 1920 3908">
     <span class='ocr_line' id='line_1_56' title="bbox 345 3828 1920 3908; baseline 0.004 -26"><span class='ocrx_word' id='word_1_421' title='bbox 345 3829 413 3882; x_wconf 77' lang='grc' dir='ltr'>τὰ</span> <span class='ocrx_word' id='word_1_422' title='bbox 450 3828 766 3883; x_wconf 88' lang='grc' dir='ltr'>ἀπολωλότα</span> <span class='ocrx_word' id='word_1_423' title='bbox 819 3831 1066 3901; x_wconf 73' lang='grc' dir='ltr'>πρόϐατα</span> <span class='ocrx_word' id='word_1_424' title='bbox 1109 3833 1258 3886; x_wconf 78' lang='grc' dir='ltr'>οἴκου</span> <span class='ocrx_word' id='word_1_425' title='bbox 1292 3833 1524 3905; x_wconf 87' lang='grc' dir='ltr'>Ἰσραήλ.</span> <span class='ocrx_word' id='word_1_426' title='bbox 1555 3854 1573 3886; x_wconf 75' lang='grc' dir='ltr'><strong>ι</strong></span> <span class='ocrx_word' id='word_1_427' title='bbox 1614 3833 1827 3908; x_wconf 81' lang='grc' dir='ltr'>Ἐπειδὴ</span> <span class='ocrx_word' id='word_1_428' title='bbox 1863 3836 1920 3888; x_wconf 83' lang='grc' dir='ltr'>δὲ</span> 
     </span>
    </p>
   </div>
   <div class='ocr_carea' id='block_1_57' title="bbox 344 3920 1921 3993">
    <p class='ocr_par' dir='ltr' id='par_1_57' title="bbox 344 3920 1921 3993">
     <span class='ocr_line' id='line_1_57' title="bbox 344 3920 1921 3993; baseline 0.004 -19"><span class='ocrx_word' id='word_1_429' title='bbox 344 3920 778 3974; x_wconf 87' lang='grc' dir='ltr'>διατετελέκασιν</span> <span class='ocrx_word' id='word_1_430' title='bbox 809 3922 873 3974; x_wconf 89' lang='grc' dir='ltr'><strong>ἐκ</strong></span> <span class='ocrx_word' id='word_1_431' title='bbox 902 3921 1101 3993; x_wconf 86' lang='grc' dir='ltr'>πολλῆς</span> <span class='ocrx_word' id='word_1_432' title='bbox 1130 3923 1271 3991; x_wconf 89' lang='grc' dir='ltr'>ἀγαν</span> <span class='ocrx_word' id='word_1_433' title='bbox 1306 3925 1564 3989; x_wconf 88' lang='grc' dir='ltr'>ἀπονοίας</span> <span class='ocrx_word' id='word_1_434' title='bbox 1606 3927 1654 3978; x_wconf 87' lang='grc' dir='ltr'><strong>οἰ</strong></span> <span class='ocrx_word' id='word_1_435' title='bbox 1700 3926 1921 3980; x_wconf 85' lang='grc' dir='ltr'>δείλαιοι</span> 
     </span>
    </p>
   </div>
   <div class='ocr_carea' id='block_1_58' title="bbox 345 4012 1924 4089">
    <p class='ocr_par' dir='ltr' id='par_1_58' title="bbox 345 4012 1924 4089">
     <span class='ocr_line' id='line_1_58' title="bbox 345 4012 1924 4089; baseline 0.003 -24"><span class='ocrx_word' id='word_1_436' title='bbox 345 4012 437 4066; x_wconf 82' lang='grc' dir='ltr'><strong>τὸν</strong></span> <span class='ocrx_word' id='word_1_437' title='bbox 479 4013 780 4081; x_wconf 83' lang='grc' dir='ltr'>ἀφιγμένον</span> <span class='ocrx_word' id='word_1_438' title='bbox 815 4015 896 4075; x_wconf 90' lang='grc' dir='ltr'><strong>εἰς</strong></span> <span class='ocrx_word' id='word_1_439' title='bbox 939 4013 1096 4067; x_wconf 87' lang='grc' dir='ltr'>τοῦτο</span> <span class='ocrx_word' id='word_1_440' title='bbox 1137 4017 1258 4078; x_wconf 78' lang='grc' dir='ltr'>ταῖς</span> <span class='ocrx_word' id='word_1_441' title='bbox 1291 4016 1596 4080; x_wconf 87' lang='grc' dir='ltr'>ἀπειθείαις</span> <span class='ocrx_word' id='word_1_442' title='bbox 1641 4018 1924 4089; x_wconf 77' lang='grc' dir='ltr'>περιυϐρί-</span> 
     </span>
    </p>
   </div>
   <div class='ocr_carea' id='block_1_59' title="bbox 346 4105 1924 4180">
    <p class='ocr_par' dir='ltr' id='par_1_59' title="bbox 346 4105 1924 4180">
     <span class='ocr_line' id='line_1_59' title="bbox 346 4105 1924 4180; baseline 0.005 -25"><span class='ocrx_word' id='word_1_443' title='bbox 346 4121 553 4167; x_wconf 64' lang='grc' dir='ltr'>ςοντες,</span> <span class='ocrx_word' id='word_1_444' title='bbox 588 4105 1053 4175; x_wconf 88' lang='grc' dir='ltr'>μεταπεφοίτηκεν</span> <span class='ocrx_word' id='word_1_445' title='bbox 1078 4108 1170 4160; x_wconf 81' lang='grc' dir='ltr'><strong>ἐπὶ</strong></span> <span class='ocrx_word' id='word_1_446' title='bbox 1207 4108 1274 4162; x_wconf 78' lang='grc' dir='ltr'>τὰ</span> <span class='ocrx_word' id='word_1_447' title='bbox 1311 4107 1436 4180; x_wconf 87' lang='grc' dir='ltr'>ἐθνη</span> <span class='ocrx_word' id='word_1_448' title='bbox 1477 4108 1682 4170; x_wconf 86' lang='grc' dir='ltr'>λοιπὸν,</span> <span class='ocrx_word' id='word_1_449' title='bbox 1711 4110 1804 4163; x_wconf 74' lang='grc' dir='ltr'>καὶ</span> <span class='ocrx_word' id='word_1_450' title='bbox 1834 4127 1924 4178; x_wconf 82' lang='grc' dir='ltr'>γεο</span> 
     </span>
    </p>
   </div>
   <div class='ocr_carea' id='block_1_60' title="bbox 345 4196 1921 4271">
    <p class='ocr_par' dir='ltr' id='par_1_60' title="bbox 345 4196 1921 4271">
     <span class='ocr_line' id='line_1_60' title="bbox 345 4196 1921 4271; baseline 0.003 -22"><span class='ocrx_word' id='word_1_451' title='bbox 345 4197 569 4264; x_wconf 83' lang='grc' dir='ltr'>γόνασιν</span> <span class='ocrx_word' id='word_1_452' title='bbox 593 4197 643 4249; x_wconf 88' lang='grc' dir='ltr'>οί</span> <span class='ocrx_word' id='word_1_453' title='bbox 674 4196 892 4267; x_wconf 78' lang='grc' dir='ltr'>ἔσχατοι</span> <span class='ocrx_word' id='word_1_454' title='bbox 924 4197 1152 4268; x_wconf 88' lang='grc' dir='ltr'>πρῶτοι,</span> <span class='ocrx_word' id='word_1_455' title='bbox 1191 4199 1284 4252; x_wconf 75' lang='grc' dir='ltr'><strong>καὶ</strong></span> <span class='ocrx_word' id='word_1_456' title='bbox 1331 4200 1381 4252; x_wconf 87' lang='grc' dir='ltr'><strong>οἰ</strong></span> <span class='ocrx_word' id='word_1_457' title='bbox 1430 4199 1638 4271; x_wconf 88' lang='grc' dir='ltr'>πρῶτοι</span> <span class='ocrx_word' id='word_1_458' title='bbox 1684 4199 1921 4269; x_wconf 76' lang='grc' dir='ltr'>ἔσχατοι.</span> 
     </span>
    </p>
   </div>
   <div class='ocr_carea' id='block_1_61' title="bbox 345 4287 1923 4360">
    <p class='ocr_par' dir='ltr' id='par_1_61' title="bbox 345 4287 1923 4360">
     <span class='ocr_line' id='line_1_61' title="bbox 345 4287 1923 4360; baseline 0 -18"><span class='ocrx_word' id='word_1_459' title='bbox 345 4288 534 4359; x_wconf 80' lang='grc' dir='ltr'>Ταύτῃ</span> <span class='ocrx_word' id='word_1_460' title='bbox 565 4305 650 4341; x_wconf 89' lang='grc' dir='ltr'><strong>τοι</strong></span> <span class='ocrx_word' id='word_1_461' title='bbox 679 4289 775 4342; x_wconf 78' lang='grc' dir='ltr'><strong>καὶ</strong></span> <span class='ocrx_word' id='word_1_462' title='bbox 805 4287 898 4340; x_wconf 85' lang='grc' dir='ltr'><strong>νῦν</strong></span> <span class='ocrx_word' id='word_1_463' title='bbox 925 4290 952 4341; x_wconf 87' lang='grc' dir='ltr'><strong>ό</strong></span> <span class='ocrx_word' id='word_1_464' title='bbox 979 4289 1282 4360; x_wconf 82' lang='grc' dir='ltr'>προφήτης,</span> <span class='ocrx_word' id='word_1_465' title='bbox 1316 4289 1410 4342; x_wconf 79' lang='grc' dir='ltr'>ἆτε</span> <span class='ocrx_word' id='word_1_466' title='bbox 1445 4289 1508 4360; x_wconf 82' lang='grc' dir='ltr'>δὴ</span> <span class='ocrx_word' id='word_1_467' title='bbox 1538 4290 1633 4342; x_wconf 82' lang='grc' dir='ltr'><strong>καὶ</strong></span> <span class='ocrx_word' id='word_1_468' title='bbox 1661 4290 1923 4360; x_wconf 81' lang='grc' dir='ltr'>ὑπάρχων</span> 
     </span>
    </p>
   </div>
   <div class='ocr_carea' id='block_1_62' title="bbox 346 4379 1924 4451">
    <p class='ocr_par' dir='ltr' id='par_1_62' title="bbox 346 4379 1924 4451">
     <span class='ocr_line' id='line_1_62' title="bbox 346 4379 1924 4451; baseline 0.003 -20"><span class='ocrx_word' id='word_1_469' title='bbox 346 4379 803 4449; x_wconf 84' lang='grc' dir='ltr'>Πνευματοφόρος</span> <span class='ocrx_word' id='word_1_470' title='bbox 831 4379 990 4450; x_wconf 81' lang='grc' dir='ltr'>ἀνὴρ,</span> <span class='ocrx_word' id='word_1_471' title='bbox 1019 4379 1114 4432; x_wconf 71' lang='grc' dir='ltr'><strong>καὶ</strong></span> <span class='ocrx_word' id='word_1_472' title='bbox 1138 4380 1245 4433; x_wconf 89' lang='grc' dir='ltr'><strong>τῶν</strong></span> <span class='ocrx_word' id='word_1_473' title='bbox 1275 4381 1546 4450; x_wconf 78' lang='grc' dir='ltr'>ἐσομένων</span> <span class='ocrx_word' id='word_1_474' title='bbox 1588 4380 1684 4451; x_wconf 83' lang='grc' dir='ltr'><strong>τὴν</strong></span> <span class='ocrx_word' id='word_1_475' title='bbox 1722 4382 1924 4448; x_wconf 88' lang='grc' dir='ltr'>γνῶσιν</span> 
     </span>
    </p>
   </div>
   <div class='ocr_carea' id='block_1_63' title="bbox 346 4471 1921 4542">
    <p class='ocr_par' dir='ltr' id='par_1_63' title="bbox 346 4471 1921 4542">
     <span class='ocr_line' id='line_1_63' title="bbox 346 4471 1921 4542; baseline 0.003 -18"><span class='ocrx_word' id='word_1_476' title='bbox 346 4471 433 4524; x_wconf 83' lang='grc' dir='ltr'><strong>διά</strong></span> <span class='ocrx_word' id='word_1_477' title='bbox 458 4472 556 4542; x_wconf 86' lang='grc' dir='ltr'><strong>τῆς</strong></span> <span class='ocrx_word' id='word_1_478' title='bbox 582 4471 787 4526; x_wconf 80' lang='grc' dir='ltr'>ἄνωθεν</span> <span class='ocrx_word' id='word_1_479' title='bbox 819 4472 1102 4542; x_wconf 68' lang='grc' dir='ltr'>δᾳδουχίας</span> <span class='ocrx_word' id='word_1_480' title='bbox 1132 4471 1544 4540; x_wconf 83' lang='grc' dir='ltr'>πεπλουτηκὼς,</span> <span class='ocrx_word' id='word_1_481' title='bbox 1569 4473 1784 4542; x_wconf 90' lang='grc' dir='ltr'>πρῶτον</span> <span class='ocrx_word' id='word_1_482' title='bbox 1807 4475 1921 4528; x_wconf 78' lang='grc' dir='ltr'>διασ</span> 
     </span>
    </p>
   </div>
   <div class='ocr_carea' id='block_1_64' title="bbox 2026 2000 3595 2072">
    <p class='ocr_par' dir='ltr' id='par_1_64' title="bbox 2026 2000 3595 2072">
     <span class='ocr_line' id='line_1_64' title="bbox 2026 2000 3595 2072; baseline 0.004 -18"><span class='ocrx_word' id='word_1_483' title='bbox 2026 2003 2182 2055; x_wconf 85' lang='lat' dir='ltr'><strong>valde</strong></span> <span class='ocrx_word' id='word_1_484' title='bbox 2242 2002 2612 2072; x_wconf 89' lang='lat' dir='ltr'><strong>stupendum?</strong></span> <span class='ocrx_word' id='word_1_485' title='bbox 2665 2000 2858 2057; x_wconf 89' lang='lat' dir='ltr'><strong>Omnia</strong></span> <span class='ocrx_word' id='word_1_486' title='bbox 2901 2003 3045 2057; x_wconf 91' lang='lat' dir='ltr'><strong>enim</strong></span> <span class='ocrx_word' id='word_1_487' title='bbox 3096 2014 3254 2058; x_wconf 87' lang='lat' dir='ltr'><strong>erant</strong></span> <span class='ocrx_word' id='word_1_488' title='bbox 3300 2005 3481 2060; x_wconf 88' lang='lat' dir='ltr'><strong>divina</strong></span> <span class='ocrx_word' id='word_1_489' title='bbox 3539 2015 3595 2060; x_wconf 87' lang='lat' dir='ltr'><strong>et</strong></span> 
     </span>
    </p>
   </div>
   <div class='ocr_carea' id='block_1_65' title="bbox 2025 2093 3690 2166">
    <p class='ocr_par' dir='ltr' id='par_1_65' title="bbox 2025 2093 3690 2166">
     <span class='ocr_line' id='line_1_65' title="bbox 2025 2093 3690 2166; baseline 0.002 -18"><span class='ocrx_word' id='word_1_490' title='bbox 2025 2107 2369 2150; x_wconf 88' lang='lat' dir='ltr'><strong>communem</strong></span> <span class='ocrx_word' id='word_1_491' title='bbox 2400 2093 2710 2164; x_wconf 89' lang='lat' dir='ltr'><strong>opinionem</strong></span> <span class='ocrx_word' id='word_1_492' title='bbox 2745 2095 3086 2161; x_wconf 80' lang='lat' dir='ltr'><strong>excedentia,</strong></span> <span class='ocrx_word' id='word_1_493' title='bbox 3132 2105 3189 2151; x_wconf 89' lang='lat' dir='ltr'><strong>et</strong></span> <span class='ocrx_word' id='word_1_494' title='bbox 3229 2111 3456 2151; x_wconf 75' lang='lat' dir='ltr'><strong>summae</strong></span> <span class='ocrx_word' id='word_1_495' title='bbox 3495 2113 3594 2166; x_wconf 54' lang='lat' dir='ltr'><strong>po.</strong></span> <span class='ocrx_word' id='word_1_496' title='bbox 3680 2109 3690 2118; x_wconf 82' lang='lat'>&#39;</span> 
     </span>
    </p>
   </div>
   <div class='ocr_carea' id='block_1_66' title="bbox 2027 2185 3585 2244">
    <p class='ocr_par' dir='ltr' id='par_1_66' title="bbox 2027 2185 3585 2244">
     <span class='ocr_line' id='line_1_66' title="bbox 2027 2185 3585 2244; baseline 0.003 -5"><span class='ocrx_word' id='word_1_497' title='bbox 2027 2186 2208 2240; x_wconf 70' lang='lat' dir='ltr'><strong>tentias</strong></span> <span class='ocrx_word' id='word_1_498' title='bbox 2236 2185 2442 2241; x_wconf 90' lang='lat' dir='ltr'><strong>claram</strong></span> <span class='ocrx_word' id='word_1_499' title='bbox 2489 2194 2543 2240; x_wconf 92' lang='lat' dir='ltr'><strong>et</strong></span> <span class='ocrx_word' id='word_1_500' title='bbox 2582 2185 3002 2241; x_wconf 88' lang='lat' dir='ltr'><strong>illustrissimam</strong></span> <span class='ocrx_word' id='word_1_501' title='bbox 3060 2187 3316 2242; x_wconf 82' lang='lat' dir='ltr'><strong>habentia</strong></span> <span class='ocrx_word' id='word_1_502' title='bbox 3351 2187 3585 2244; x_wconf 85' lang='lat' dir='ltr'><strong>demon-</strong></span> 
     </span>
    </p>
   </div>
   <div class='ocr_carea' id='block_1_67' title="bbox 2023 2275 3591 2350">
    <p class='ocr_par' dir='ltr' id='par_1_67' title="bbox 2023 2275 3591 2350">
     <span class='ocr_line' id='line_1_67' title="bbox 2023 2275 3591 2350; baseline 0.001 -18"><span class='ocrx_word' id='word_1_503' title='bbox 2023 2276 2362 2332; x_wconf 87' lang='lat' dir='ltr'><strong>strationem.</strong></span> <span class='ocrx_word' id='word_1_504' title='bbox 2388 2275 2501 2332; x_wconf 88' lang='lat' dir='ltr'><strong>Hoc</strong></span> <span class='ocrx_word' id='word_1_505' title='bbox 2532 2277 2694 2346; x_wconf 80' lang='lat' dir='ltr'><strong>igitur</strong></span> <span class='ocrx_word' id='word_1_506' title='bbox 2721 2285 2983 2348; x_wconf 91' lang='lat' dir='ltr'><strong>tempore,</strong></span> <span class='ocrx_word' id='word_1_507' title='bbox 3005 2277 3167 2350; x_wconf 65' lang='grc'><strong>204</strong></span> <span class='ocrx_word' id='word_1_508' title='bbox 3185 2280 3378 2348; x_wconf 89' lang='lat' dir='ltr'><strong>inquit.</strong></span> <span class='ocrx_word' id='word_1_509' title='bbox 3402 2290 3591 2350; x_wconf 78' lang='lat' dir='ltr'><strong>perget</strong></span> 
     </span>
    </p>
   </div>
   <div class='ocr_carea' id='block_1_68' title="bbox 2025 2367 3587 2436">
    <p class='ocr_par' dir='ltr' id='par_1_68' title="bbox 2025 2367 3587 2436">
     <span class='ocr_line' id='line_1_68' title="bbox 2025 2367 3587 2436; baseline 0.003 -14"><span class='ocrx_word' id='word_1_510' title='bbox 2025 2367 2282 2424; x_wconf 86' lang='lat' dir='ltr'><strong>Dominus</strong></span> <span class='ocrx_word' id='word_1_511' title='bbox 2312 2369 2600 2424; x_wconf 88' lang='lat' dir='ltr'><strong>ostendere</strong></span> <span class='ocrx_word' id='word_1_512' title='bbox 2636 2383 2856 2425; x_wconf 88' lang='lat' dir='ltr'><strong>manum</strong></span> <span class='ocrx_word' id='word_1_513' title='bbox 2915 2383 3092 2436; x_wconf 86' lang='lat' dir='ltr'><strong>suam,</strong></span> <span class='ocrx_word' id='word_1_514' title='bbox 3126 2372 3193 2426; x_wconf 88' lang='lat' dir='ltr'><strong>ad</strong></span> <span class='ocrx_word' id='word_1_515' title='bbox 3226 2370 3587 2427; x_wconf 69' lang='lat' dir='ltr'><strong>aemulandum</strong></span> 
     </span>
    </p>
   </div>
   <div class='ocr_carea' id='block_1_69' title="bbox 2022 2458 3589 2532">
    <p class='ocr_par' dir='ltr' id='par_1_69' title="bbox 2022 2458 3589 2532">
     <span class='ocr_line' id='line_1_69' title="bbox 2022 2458 3589 2532; baseline 0.003 -20"><span class='ocrx_word' id='word_1_516' title='bbox 2022 2458 2273 2513; x_wconf 87' lang='lat' dir='ltr'><strong>lsraelem</strong></span> <span class='ocrx_word' id='word_1_517' title='bbox 2303 2475 2316 2512; x_wconf 91' lang='lat'><strong>:</strong></span> <span class='ocrx_word' id='word_1_518' title='bbox 2343 2459 2594 2514; x_wconf 86' lang='lat' dir='ltr'><strong>videlicet</strong></span> <span class='ocrx_word' id='word_1_519' title='bbox 2614 2473 2720 2515; x_wconf 87' lang='lat' dir='ltr'><strong>non</strong></span> <span class='ocrx_word' id='word_1_520' title='bbox 2751 2467 2809 2513; x_wconf 90' lang='lat' dir='ltr'><strong>ut</strong></span> <span class='ocrx_word' id='word_1_521' title='bbox 2829 2461 2898 2515; x_wconf 87' lang='lat' dir='ltr'><strong>ad</strong></span> <span class='ocrx_word' id='word_1_522' title='bbox 2913 2460 3055 2516; x_wconf 89' lang='lat' dir='ltr'><strong>solas</strong></span> <span class='ocrx_word' id='word_1_523' title='bbox 3085 2471 3272 2532; x_wconf 84' lang='lat' dir='ltr'><strong>gentes</strong></span> <span class='ocrx_word' id='word_1_524' title='bbox 3302 2461 3589 2518; x_wconf 85' lang='lat' dir='ltr'><strong>accederet</strong></span> 
     </span>
    </p>
   </div>
   <div class='ocr_carea' id='block_1_70' title="bbox 2021 2549 3586 2620">
    <p class='ocr_par' dir='ltr' id='par_1_70' title="bbox 2021 2549 3586 2620">
     <span class='ocr_line' id='line_1_70' title="bbox 2021 2549 3586 2620; baseline 0.002 -15"><span class='ocrx_word' id='word_1_525' title='bbox 2021 2549 2292 2613; x_wconf 88' lang='lat' dir='ltr'><strong>Christus,</strong></span> <span class='ocrx_word' id='word_1_526' title='bbox 2317 2552 2409 2605; x_wconf 86' lang='lat' dir='ltr'><strong>sed</strong></span> <span class='ocrx_word' id='word_1_527' title='bbox 2433 2559 2490 2604; x_wconf 92' lang='lat' dir='ltr'><strong>ut</strong></span> <span class='ocrx_word' id='word_1_528' title='bbox 2513 2550 2562 2604; x_wconf 91' lang='lat' dir='ltr'><strong>hi</strong></span> <span class='ocrx_word' id='word_1_529' title='bbox 2589 2565 2806 2620; x_wconf 87' lang='lat' dir='ltr'><strong>quoque</strong></span> <span class='ocrx_word' id='word_1_530' title='bbox 2833 2551 2887 2606; x_wconf 95' lang='lat' dir='ltr'><strong>in</strong></span> <span class='ocrx_word' id='word_1_531' title='bbox 2909 2549 3001 2606; x_wconf 92' lang='lat' dir='ltr'><strong>illo</strong></span> <span class='ocrx_word' id='word_1_532' title='bbox 3032 2565 3180 2618; x_wconf 78' lang='lat' dir='ltr'><strong>Spem</strong></span> <span class='ocrx_word' id='word_1_533' title='bbox 3203 2551 3488 2619; x_wconf 90' lang='lat' dir='ltr'><strong>haberent,</strong></span> <span class='ocrx_word' id='word_1_534' title='bbox 3509 2553 3586 2608; x_wconf 91' lang='lat' dir='ltr'><strong>illi</strong></span> 
     </span>
    </p>
   </div>
   <div class='ocr_carea' id='block_1_71' title="bbox 2021 2639 3589 2712">
    <p class='ocr_par' dir='ltr' id='par_1_71' title="bbox 2021 2639 3589 2712">
     <span class='ocr_line' id='line_1_71' title="bbox 2021 2639 3589 2712; baseline 0.001 -16"><span class='ocrx_word' id='word_1_535' title='bbox 2021 2640 2325 2704; x_wconf 88' lang='lat' dir='ltr'><strong>subessent,</strong></span> <span class='ocrx_word' id='word_1_536' title='bbox 2353 2640 2500 2695; x_wconf 88' lang='lat' dir='ltr'><strong>illum</strong></span> <span class='ocrx_word' id='word_1_537' title='bbox 2531 2641 2830 2711; x_wconf 87' lang='lat' dir='ltr'><strong>principem</strong></span> <span class='ocrx_word' id='word_1_538' title='bbox 2869 2639 3107 2696; x_wconf 82' lang='lat' dir='ltr'><strong>facerent</strong></span> <span class='ocrx_word' id='word_1_539' title='bbox 3129 2650 3182 2696; x_wconf 89' lang='lat' dir='ltr'><strong>et</strong></span> <span class='ocrx_word' id='word_1_540' title='bbox 3203 2642 3412 2707; x_wconf 92' lang='lat' dir='ltr'><strong>ducem,</strong></span> <span class='ocrx_word' id='word_1_541' title='bbox 3441 2645 3589 2712; x_wconf 91' lang='lat' dir='ltr'><strong>prin-</strong></span> 
     </span>
    </p>
   </div>
   <div class='ocr_carea' id='block_1_72' title="bbox 2022 2734 3587 2804">
    <p class='ocr_par' dir='ltr' id='par_1_72' title="bbox 2022 2734 3587 2804">
     <span class='ocr_line' id='line_1_72' title="bbox 2022 2734 3587 2804; baseline 0.001 -14"><span class='ocrx_word' id='word_1_542' title='bbox 2022 2736 2194 2804; x_wconf 91' lang='lat' dir='ltr'><strong>cipem</strong></span> <span class='ocrx_word' id='word_1_543' title='bbox 2216 2744 2272 2790; x_wconf 92' lang='lat' dir='ltr'><strong>et</strong></span> <span class='ocrx_word' id='word_1_544' title='bbox 2293 2734 2570 2790; x_wconf 89' lang='lat' dir='ltr'><strong>doctorem</strong></span> <span class='ocrx_word' id='word_1_545' title='bbox 2590 2734 2680 2804; x_wconf 90' lang='lat' dir='ltr'><strong>qui</strong></span> <span class='ocrx_word' id='word_1_546' title='bbox 2706 2736 2804 2789; x_wconf 84' lang='lat' dir='ltr'><strong>hac</strong></span> <span class='ocrx_word' id='word_1_547' title='bbox 2833 2734 2898 2788; x_wconf 90' lang='lat' dir='ltr'><strong>de</strong></span> <span class='ocrx_word' id='word_1_548' title='bbox 2917 2749 3078 2790; x_wconf 82' lang='lat' dir='ltr'><strong>causa</strong></span> <span class='ocrx_word' id='word_1_549' title='bbox 3104 2734 3267 2790; x_wconf 88' lang='lat' dir='ltr'><strong>homo</strong></span> <span class='ocrx_word' id='word_1_550' title='bbox 3289 2737 3460 2791; x_wconf 81' lang='lat' dir='ltr'><strong>lactus</strong></span> <span class='ocrx_word' id='word_1_551' title='bbox 3480 2747 3587 2792; x_wconf 89' lang='lat' dir='ltr'><strong>est.</strong></span> 
     </span>
    </p>
   </div>
   <div class='ocr_carea' id='block_1_73' title="bbox 2022 2824 3587 2897">
    <p class='ocr_par' dir='ltr' id='par_1_73' title="bbox 2022 2824 3587 2897">
     <span class='ocr_line' id='line_1_73' title="bbox 2022 2824 3587 2897; baseline 0.002 -17"><span class='ocrx_word' id='word_1_552' title='bbox 2022 2826 2168 2880; x_wconf 90' lang='lat' dir='ltr'><strong>Dixit</strong></span> <span class='ocrx_word' id='word_1_553' title='bbox 2186 2836 2367 2882; x_wconf 89' lang='lat' dir='ltr'><strong>autem</strong></span> <span class='ocrx_word' id='word_1_554' title='bbox 2394 2841 2526 2880; x_wconf 89' lang='lat' dir='ltr'><strong>voce</strong></span> <span class='ocrx_word' id='word_1_555' title='bbox 2553 2824 2804 2881; x_wconf 90' lang='lat' dir='ltr'><strong>Davidis:</strong></span> <span class='ocrx_word' id='word_1_556' title='bbox 2827 2843 2846 2878; x_wconf 75' lang='grc' dir='ltr'><strong>ι</strong></span> <span class='ocrx_word' id='word_1_557' title='bbox 2878 2826 2990 2897; x_wconf 80' lang='lat' dir='ltr'><strong>Ego</strong></span> <span class='ocrx_word' id='word_1_558' title='bbox 3015 2829 3471 2883; x_wconf 86' lang='lat' dir='ltr'><strong>constitutussunt</strong></span> <span class='ocrx_word' id='word_1_559' title='bbox 3493 2844 3587 2885; x_wconf 84' lang='lat' dir='ltr'><strong>rex</strong></span> 
     </span>
    </p>
   </div>
   <div class='ocr_carea' id='block_1_74' title="bbox 2023 2916 3588 2989">
    <p class='ocr_par' dir='ltr' id='par_1_74' title="bbox 2023 2916 3588 2989">
     <span class='ocr_line' id='line_1_74' title="bbox 2023 2916 3588 2989; baseline 0.003 -18"><span class='ocrx_word' id='word_1_560' title='bbox 2023 2919 2090 2973; x_wconf 89' lang='lat' dir='ltr'><strong>ab</strong></span> <span class='ocrx_word' id='word_1_561' title='bbox 2117 2934 2182 2973; x_wconf 90' lang='lat' dir='ltr'><strong>eo</strong></span> <span class='ocrx_word' id='word_1_562' title='bbox 2208 2932 2371 2988; x_wconf 86' lang='lat' dir='ltr'><strong>super</strong></span> <span class='ocrx_word' id='word_1_563' title='bbox 2397 2927 2635 2973; x_wconf 88' lang='lat' dir='ltr'><strong>montem</strong></span> <span class='ocrx_word' id='word_1_564' title='bbox 2676 2916 2808 2973; x_wconf 90' lang='lat' dir='ltr'><strong>Sion</strong></span> <span class='ocrx_word' id='word_1_565' title='bbox 2842 2929 3086 2973; x_wconf 86' lang='lat' dir='ltr'><strong>sanctum</strong></span> <span class='ocrx_word' id='word_1_566' title='bbox 3115 2917 3253 2988; x_wconf 86' lang='lat' dir='ltr'><strong>ejus,</strong></span> <span class='ocrx_word' id='word_1_567' title='bbox 3286 2920 3588 2989; x_wconf 65' lang='lat' dir='ltr'><strong>praedicans</strong></span> 
     </span>
    </p>
   </div>
   <div class='ocr_carea' id='block_1_75' title="bbox 2023 3009 3588 3080">
    <p class='ocr_par' dir='ltr' id='par_1_75' title="bbox 2023 3009 3588 3080">
     <span class='ocr_line' id='line_1_75' title="bbox 2023 3009 3588 3080; baseline 0.003 -16"><span class='ocrx_word' id='word_1_568' title='bbox 2023 3020 2346 3080; x_wconf 64' lang='lat' dir='ltr'><strong>praeceptum</strong></span> <span class='ocrx_word' id='word_1_569' title='bbox 2401 3011 2613 3067; x_wconf 87' lang='lat' dir='ltr'><strong>Domini</strong></span> <span class='ocrx_word' id='word_1_570' title='bbox 2663 3011 2730 3066; x_wconf 81' lang='lat'><strong>“.</strong></span> <span class='ocrx_word' id='word_1_571' title='bbox 2791 3028 2810 3064; x_wconf 72' lang='grc' dir='ltr'><strong>ι</strong></span> <span class='ocrx_word' id='word_1_572' title='bbox 2875 3009 3038 3066; x_wconf 82' lang='lat' dir='ltr'><strong>Venit</strong></span> <span class='ocrx_word' id='word_1_573' title='bbox 3082 3012 3226 3067; x_wconf 86' lang='lat' dir='ltr'><strong>enim</strong></span> <span class='ocrx_word' id='word_1_574' title='bbox 3287 3012 3588 3078; x_wconf 83' lang='lat' dir='ltr'><strong>Christus,</strong></span> 
     </span>
    </p>
   </div>
   <div class='ocr_carea' id='block_1_76' title="bbox 2023 3100 3591 3171">
    <p class='ocr_par' dir='ltr' id='par_1_76' title="bbox 2023 3100 3591 3171">
     <span class='ocr_line' id='line_1_76' title="bbox 2023 3100 3591 3171; baseline 0.003 -16"><span class='ocrx_word' id='word_1_575' title='bbox 2023 3102 2209 3156; x_wconf 88' lang='lat' dir='ltr'><strong>dicens</strong></span> <span class='ocrx_word' id='word_1_576' title='bbox 2235 3117 2292 3157; x_wconf 88' lang='lat' dir='ltr'><strong>se</strong></span> <span class='ocrx_word' id='word_1_577' title='bbox 2324 3116 2432 3158; x_wconf 85' lang='lat' dir='ltr'><strong>non</strong></span> <span class='ocrx_word' id='word_1_578' title='bbox 2472 3101 2698 3157; x_wconf 90' lang='lat' dir='ltr'><strong>missum</strong></span> <span class='ocrx_word' id='word_1_579' title='bbox 2739 3100 2845 3156; x_wconf 89' lang='lat' dir='ltr'><strong>nisi</strong></span> <span class='ocrx_word' id='word_1_580' title='bbox 2872 3101 2940 3156; x_wconf 88' lang='lat' dir='ltr'><strong>ad</strong></span> <span class='ocrx_word' id='word_1_581' title='bbox 2966 3115 3097 3156; x_wconf 87' lang='lat' dir='ltr'><strong>oves</strong></span> <span class='ocrx_word' id='word_1_582' title='bbox 3132 3102 3372 3171; x_wconf 89' lang='lat' dir='ltr'><strong>perditas</strong></span> <span class='ocrx_word' id='word_1_583' title='bbox 3399 3105 3591 3160; x_wconf 84' lang='lat' dir='ltr'><strong>domus</strong></span> 
     </span>
    </p>
   </div>
   <div class='ocr_carea' id='block_1_77' title="bbox 2027 3191 3587 3262">
    <p class='ocr_par' dir='ltr' id='par_1_77' title="bbox 2027 3191 3587 3262">
     <span class='ocr_line' id='line_1_77' title="bbox 2027 3191 3587 3262; baseline 0 -16"><span class='ocrx_word' id='word_1_584' title='bbox 2027 3192 2263 3248; x_wconf 87' lang='lat' dir='ltr'><strong>lsraelis.</strong></span> <span class='ocrx_word' id='word_1_585' title='bbox 2315 3191 2384 3247; x_wconf 86' lang='lat' dir='ltr'><strong>Et</strong></span> <span class='ocrx_word' id='word_1_586' title='bbox 2440 3207 2574 3248; x_wconf 87' lang='lat' dir='ltr'><strong>sane</strong></span> <span class='ocrx_word' id='word_1_587' title='bbox 2614 3192 2757 3262; x_wconf 86' lang='lat' dir='ltr'><strong>apud</strong></span> <span class='ocrx_word' id='word_1_588' title='bbox 2801 3206 2896 3246; x_wconf 90' lang='lat' dir='ltr'><strong>eos</strong></span> <span class='ocrx_word' id='word_1_589' title='bbox 2950 3193 3181 3261; x_wconf 89' lang='lat' dir='ltr'><strong>primum</strong></span> <span class='ocrx_word' id='word_1_590' title='bbox 3228 3193 3587 3261; x_wconf 67' lang='lat' dir='ltr'><strong>praedicavit,</strong></span> 
     </span>
    </p>
   </div>
   <div class='ocr_carea' id='block_1_78' title="bbox 2029 3280 3588 3354">
    <p class='ocr_par' dir='ltr' id='par_1_78' title="bbox 2029 3280 3588 3354">
     <span class='ocr_line' id='line_1_78' title="bbox 2029 3280 3588 3354; baseline -0.001 -15"><span class='ocrx_word' id='word_1_591' title='bbox 2029 3283 2390 3353; x_wconf 83' lang='lat' dir='ltr'><strong>praecepitque</strong></span> <span class='ocrx_word' id='word_1_592' title='bbox 2420 3284 2632 3339; x_wconf 90' lang='lat' dir='ltr'><strong>sanctis</strong></span> <span class='ocrx_word' id='word_1_593' title='bbox 2658 3282 2914 3354; x_wconf 90' lang='lat' dir='ltr'><strong>apostolis</strong></span> <span class='ocrx_word' id='word_1_594' title='bbox 2953 3299 2966 3335; x_wconf 91' lang='lat'><strong>:</strong></span> <span class='ocrx_word' id='word_1_595' title='bbox 3016 3301 3036 3333; x_wconf 72' lang='grc' dir='ltr'><strong>ι</strong></span> <span class='ocrx_word' id='word_1_596' title='bbox 3079 3280 3136 3336; x_wconf 85' lang='lat' dir='ltr'><strong>In</strong></span> <span class='ocrx_word' id='word_1_597' title='bbox 3169 3287 3308 3337; x_wconf 88' lang='lat' dir='ltr'><strong>viam</strong></span> <span class='ocrx_word' id='word_1_598' title='bbox 3347 3283 3588 3352; x_wconf 84' lang='lat' dir='ltr'><strong>gentium</strong></span> 
     </span>
    </p>
   </div>
   <div class='ocr_carea' id='block_1_79' title="bbox 2029 3373 3591 3440">
    <p class='ocr_par' dir='ltr' id='par_1_79' title="bbox 2029 3373 3591 3440">
     <span class='ocr_line' id='line_1_79' title="bbox 2029 3373 3591 3440; baseline 0 -10"><span class='ocrx_word' id='word_1_599' title='bbox 2029 3391 2097 3430; x_wconf 87' lang='lat' dir='ltr'><strong>ne</strong></span> <span class='ocrx_word' id='word_1_600' title='bbox 2126 3376 2374 3431; x_wconf 85' lang='lat' dir='ltr'><strong>abieritis</strong></span> <span class='ocrx_word' id='word_1_601' title='bbox 2404 3415 2420 3440; x_wconf 96' lang='lat'><strong>,</strong></span> <span class='ocrx_word' id='word_1_602' title='bbox 2475 3386 2531 3431; x_wconf 84' lang='lat' dir='ltr'><strong>et</strong></span> <span class='ocrx_word' id='word_1_603' title='bbox 2578 3376 2632 3430; x_wconf 94' lang='lat' dir='ltr'><strong>in</strong></span> <span class='ocrx_word' id='word_1_604' title='bbox 2689 3376 2964 3431; x_wconf 86' lang='lat' dir='ltr'><strong>civitatem</strong></span> <span class='ocrx_word' id='word_1_605' title='bbox 3017 3373 3481 3430; x_wconf 84' lang='lat' dir='ltr'><strong>Samaritanorum</strong></span> <span class='ocrx_word' id='word_1_606' title='bbox 3523 3390 3591 3430; x_wconf 90' lang='lat' dir='ltr'><strong>ne</strong></span> 
     </span>
    </p>
   </div>
   <div class='ocr_carea' id='block_1_80' title="bbox 2027 3466 3590 3537">
    <p class='ocr_par' dir='ltr' id='par_1_80' title="bbox 2027 3466 3590 3537">
     <span class='ocr_line' id='line_1_80' title="bbox 2027 3466 3590 3537; baseline 0.001 -16"><span class='ocrx_word' id='word_1_607' title='bbox 2027 3468 2266 3531; x_wconf 82' lang='lat' dir='ltr'><strong>intretis,</strong></span> <span class='ocrx_word' id='word_1_608' title='bbox 2311 3469 2406 3522; x_wconf 88' lang='lat' dir='ltr'><strong>sed</strong></span> <span class='ocrx_word' id='word_1_609' title='bbox 2455 3469 2527 3523; x_wconf 89' lang='lat' dir='ltr'><strong>ite</strong></span> <span class='ocrx_word' id='word_1_610' title='bbox 2555 3466 2736 3537; x_wconf 90' lang='lat' dir='ltr'><strong>potius</strong></span> <span class='ocrx_word' id='word_1_611' title='bbox 2793 3466 2861 3522; x_wconf 86' lang='lat' dir='ltr'><strong>ad</strong></span> <span class='ocrx_word' id='word_1_612' title='bbox 2916 3481 3047 3521; x_wconf 90' lang='lat' dir='ltr'><strong>oves</strong></span> <span class='ocrx_word' id='word_1_613' title='bbox 3104 3467 3344 3535; x_wconf 83' lang='lat' dir='ltr'><strong>perditas</strong></span> <span class='ocrx_word' id='word_1_614' title='bbox 3393 3468 3590 3522; x_wconf 89' lang='lat' dir='ltr'><strong>domus</strong></span> 
     </span>
    </p>
   </div>
   <div class='ocr_carea' id='block_1_81' title="bbox 2023 3558 3588 3629">
    <p class='ocr_par' dir='ltr' id='par_1_81' title="bbox 2023 3558 3588 3629">
     <span class='ocr_line' id='line_1_81' title="bbox 2023 3558 3588 3629; baseline 0 -15"><span class='ocrx_word' id='word_1_615' title='bbox 2023 3558 2278 3614; x_wconf 79' lang='lat' dir='ltr'><strong>lsrael“.</strong></span> <span class='ocrx_word' id='word_1_616' title='bbox 2322 3578 2341 3612; x_wconf 75' lang='grc' dir='ltr'><strong>ι</strong></span> <span class='ocrx_word' id='word_1_617' title='bbox 2385 3559 2518 3614; x_wconf 90' lang='lat' dir='ltr'><strong>Cum</strong></span> <span class='ocrx_word' id='word_1_618' title='bbox 2557 3567 2737 3614; x_wconf 91' lang='lat' dir='ltr'><strong>autem</strong></span> <span class='ocrx_word' id='word_1_619' title='bbox 2766 3575 2835 3614; x_wconf 78' lang='lat' dir='ltr'><strong>ex</strong></span> <span class='ocrx_word' id='word_1_620' title='bbox 2879 3558 3136 3629; x_wconf 79' lang='lat' dir='ltr'><strong>singulari</strong></span> <span class='ocrx_word' id='word_1_621' title='bbox 3178 3560 3434 3626; x_wconf 87' lang='lat' dir='ltr'><strong>amentia,</strong></span> <span class='ocrx_word' id='word_1_622' title='bbox 3464 3574 3588 3614; x_wconf 89' lang='lat' dir='ltr'><strong>eum</strong></span> 
     </span>
    </p>
   </div>
   <div class='ocr_carea' id='block_1_82' title="bbox 2024 3648 3592 3719">
    <p class='ocr_par' dir='ltr' id='par_1_82' title="bbox 2024 3648 3592 3719">
     <span class='ocr_line' id='line_1_82' title="bbox 2024 3648 3592 3719; baseline 0.001 -17"><span class='ocrx_word' id='word_1_623' title='bbox 2024 3650 2115 3719; x_wconf 90' lang='lat' dir='ltr'><strong>qui</strong></span> <span class='ocrx_word' id='word_1_624' title='bbox 2147 3651 2212 3702; x_wconf 89' lang='lat' dir='ltr'><strong>ad</strong></span> <span class='ocrx_word' id='word_1_625' title='bbox 2246 3650 2346 3703; x_wconf 89' lang='lat' dir='ltr'><strong>hoc</strong></span> <span class='ocrx_word' id='word_1_626' title='bbox 2379 3649 2547 3715; x_wconf 80' lang='lat' dir='ltr'><strong>venit,</strong></span> <span class='ocrx_word' id='word_1_627' title='bbox 2577 3664 2674 3704; x_wconf 88' lang='lat' dir='ltr'><strong>sua</strong></span> <span class='ocrx_word' id='word_1_628' title='bbox 2706 3648 3090 3716; x_wconf 82' lang='lat' dir='ltr'><strong>inobedientia,</strong></span> <span class='ocrx_word' id='word_1_629' title='bbox 3123 3648 3307 3704; x_wconf 88' lang='lat' dir='ltr'><strong>miseri</strong></span> <span class='ocrx_word' id='word_1_630' title='bbox 3344 3649 3592 3704; x_wconf 86' lang='lat' dir='ltr'><strong>homines</strong></span> 
     </span>
    </p>
   </div>
   <div class='ocr_carea' id='block_1_83' title="bbox 2026 3736 3592 3808">
    <p class='ocr_par' dir='ltr' id='par_1_83' title="bbox 2026 3736 3592 3808">
     <span class='ocr_line' id='line_1_83' title="bbox 2026 3736 3592 3808; baseline 0.001 -16"><span class='ocrx_word' id='word_1_631' title='bbox 2026 3738 2337 3794; x_wconf 72' lang='lat' dir='ltr'><strong>allecissent</strong></span> <span class='ocrx_word' id='word_1_632' title='bbox 2368 3738 2565 3808; x_wconf 76' lang='lat' dir='ltr'><strong>insigni</strong></span> <span class='ocrx_word' id='word_1_633' title='bbox 2599 3738 2947 3802; x_wconf 86' lang='lat' dir='ltr'><strong>contumelia,</strong></span> <span class='ocrx_word' id='word_1_634' title='bbox 2987 3736 3395 3808; x_wconf 79' lang='lat' dir='ltr'><strong>transtnigravit</strong></span> <span class='ocrx_word' id='word_1_635' title='bbox 3437 3739 3592 3793; x_wconf 83' lang='lat' dir='ltr'><strong>dein-</strong></span> 
     </span>
    </p>
   </div>
   <div class='ocr_carea' id='block_1_84' title="bbox 2026 3830 3589 3903">
    <p class='ocr_par' dir='ltr' id='par_1_84' title="bbox 2026 3830 3589 3903">
     <span class='ocr_line' id='line_1_84' title="bbox 2026 3830 3589 3903; baseline 0 -17"><span class='ocrx_word' id='word_1_636' title='bbox 2026 3847 2152 3903; x_wconf 84' lang='lat' dir='ltr'><strong>reps</strong></span> <span class='ocrx_word' id='word_1_637' title='bbox 2180 3831 2247 3887; x_wconf 87' lang='lat' dir='ltr'><strong>ad</strong></span> <span class='ocrx_word' id='word_1_638' title='bbox 2285 3840 2496 3900; x_wconf 89' lang='lat' dir='ltr'><strong>gentes,</strong></span> <span class='ocrx_word' id='word_1_639' title='bbox 2530 3841 2586 3885; x_wconf 90' lang='lat' dir='ltr'><strong>et</strong></span> <span class='ocrx_word' id='word_1_640' title='bbox 2626 3830 2755 3885; x_wconf 78' lang='lat' dir='ltr'><strong>facti</strong></span> <span class='ocrx_word' id='word_1_641' title='bbox 2788 3841 2914 3886; x_wconf 87' lang='lat' dir='ltr'><strong>sunt</strong></span> <span class='ocrx_word' id='word_1_642' title='bbox 2936 3831 3108 3886; x_wconf 91' lang='lat' dir='ltr'><strong>ultimi</strong></span> <span class='ocrx_word' id='word_1_643' title='bbox 3147 3831 3327 3901; x_wconf 88' lang='lat' dir='ltr'><strong>primi,</strong></span> <span class='ocrx_word' id='word_1_644' title='bbox 3359 3840 3412 3887; x_wconf 92' lang='lat' dir='ltr'><strong>et</strong></span> <span class='ocrx_word' id='word_1_645' title='bbox 3430 3831 3589 3901; x_wconf 88' lang='lat' dir='ltr'><strong>primi</strong></span> 
     </span>
    </p>
   </div>
   <div class='ocr_carea' id='block_1_85' title="bbox 2029 3926 3588 3998">
    <p class='ocr_par' dir='ltr' id='par_1_85' title="bbox 2029 3926 3588 3998">
     <span class='ocr_line' id='line_1_85' title="bbox 2029 3926 3588 3998; baseline 0.001 -16"><span class='ocrx_word' id='word_1_646' title='bbox 2029 3927 2226 3982; x_wconf 86' lang='lat' dir='ltr'><strong>ultimi.</strong></span> <span class='ocrx_word' id='word_1_647' title='bbox 2260 3926 2396 3982; x_wconf 89' lang='lat' dir='ltr'><strong>Hinc</strong></span> <span class='ocrx_word' id='word_1_648' title='bbox 2419 3936 2474 3982; x_wconf 88' lang='lat' dir='ltr'><strong>et</strong></span> <span class='ocrx_word' id='word_1_649' title='bbox 2521 3927 2784 3996; x_wconf 89' lang='lat' dir='ltr'><strong>propheta</strong></span> <span class='ocrx_word' id='word_1_650' title='bbox 2824 3943 2986 3991; x_wconf 86' lang='lat' dir='ltr'><strong>nunc,</strong></span> <span class='ocrx_word' id='word_1_651' title='bbox 3020 3927 3216 3998; x_wconf 89' lang='lat' dir='ltr'><strong>quippe</strong></span> <span class='ocrx_word' id='word_1_652' title='bbox 3261 3929 3344 3983; x_wconf 90' lang='lat' dir='ltr'><strong>vir</strong></span> <span class='ocrx_word' id='word_1_653' title='bbox 3383 3927 3588 3998; x_wconf 86' lang='lat' dir='ltr'><strong>Spiritu</strong></span> 
     </span>
    </p>
   </div>
   <div class='ocr_carea' id='block_1_86' title="bbox 2029 4018 3591 4090">
    <p class='ocr_par' dir='ltr' id='par_1_86' title="bbox 2029 4018 3591 4090">
     <span class='ocr_line' id='line_1_86' title="bbox 2029 4018 3591 4090; baseline 0.003 -19"><span class='ocrx_word' id='word_1_654' title='bbox 2029 4018 2266 4084; x_wconf 81' lang='lat' dir='ltr'><strong>amatus,</strong></span> <span class='ocrx_word' id='word_1_655' title='bbox 2297 4029 2352 4074; x_wconf 92' lang='lat' dir='ltr'><strong>et</strong></span> <span class='ocrx_word' id='word_1_656' title='bbox 2399 4020 2699 4073; x_wconf 79' lang='lat' dir='ltr'><strong>futurorum</strong></span> <span class='ocrx_word' id='word_1_657' title='bbox 2739 4019 2967 4074; x_wconf 88' lang='lat' dir='ltr'><strong>scientia</strong></span> <span class='ocrx_word' id='word_1_658' title='bbox 2989 4060 3005 4086; x_wconf 93' lang='lat'><strong>,</strong></span> <span class='ocrx_word' id='word_1_659' title='bbox 3059 4019 3176 4075; x_wconf 79' lang='lat' dir='ltr'><strong>face</strong></span> <span class='ocrx_word' id='word_1_660' title='bbox 3205 4021 3530 4090; x_wconf 67' lang='lat' dir='ltr'><strong>praelucente</strong></span> <span class='ocrx_word' id='word_1_661' title='bbox 3558 4035 3591 4076; x_wconf 78' lang='grc' dir='ltr'><strong>θ</strong></span> 
     </span>
    </p>
   </div>
   <div class='ocr_carea' id='block_1_87' title="bbox 2025 4111 3591 4184">
    <p class='ocr_par' dir='ltr' id='par_1_87' title="bbox 2025 4111 3591 4184">
     <span class='ocr_line' id='line_1_87' title="bbox 2025 4111 3591 4184; baseline 0.001 -19"><span class='ocrx_word' id='word_1_662' title='bbox 2025 4112 2293 4179; x_wconf 82' lang='lat' dir='ltr'><strong>supernis,</strong></span> <span class='ocrx_word' id='word_1_663' title='bbox 2339 4111 2560 4176; x_wconf 87' lang='lat' dir='ltr'><strong>ditatus,</strong></span> <span class='ocrx_word' id='word_1_664' title='bbox 2635 4112 2869 4181; x_wconf 89' lang='lat' dir='ltr'><strong>primum</strong></span> <span class='ocrx_word' id='word_1_665' title='bbox 2928 4113 3254 4168; x_wconf 88' lang='lat' dir='ltr'><strong>mentionem</strong></span> <span class='ocrx_word' id='word_1_666' title='bbox 3299 4111 3432 4168; x_wconf 75' lang='lat' dir='ltr'><strong>facit</strong></span> <span class='ocrx_word' id='word_1_667' title='bbox 3463 4129 3591 4184; x_wconf 86' lang='lat' dir='ltr'><strong>gen-</strong></span> 
     </span>
    </p>
   </div>
   <div class='ocr_carea' id='block_1_88' title="bbox 2027 4203 3586 4276">
    <p class='ocr_par' dir='ltr' id='par_1_88' title="bbox 2027 4203 3586 4276">
     <span class='ocr_line' id='line_1_88' title="bbox 2027 4203 3586 4276; baseline 0.004 -22"><span class='ocrx_word' id='word_1_668' title='bbox 2027 4203 2181 4268; x_wconf 90' lang='lat' dir='ltr'><strong>tium,</strong></span> <span class='ocrx_word' id='word_1_669' title='bbox 2210 4204 2332 4257; x_wconf 88' lang='lat' dir='ltr'><strong>dein</strong></span> <span class='ocrx_word' id='word_1_670' title='bbox 2364 4214 2483 4274; x_wconf 88' lang='lat' dir='ltr'><strong>post</strong></span> <span class='ocrx_word' id='word_1_671' title='bbox 2515 4205 2657 4268; x_wconf 87' lang='lat' dir='ltr'><strong>illas,</strong></span> <span class='ocrx_word' id='word_1_672' title='bbox 2694 4203 2921 4266; x_wconf 89' lang='lat' dir='ltr'><strong>lsraelis,</strong></span> <span class='ocrx_word' id='word_1_673' title='bbox 2976 4213 3160 4274; x_wconf 91' lang='lat' dir='ltr'><strong>utpote</strong></span> <span class='ocrx_word' id='word_1_674' title='bbox 3185 4207 3274 4274; x_wconf 89' lang='lat' dir='ltr'><strong>qui</strong></span> <span class='ocrx_word' id='word_1_675' title='bbox 3311 4206 3586 4276; x_wconf 86' lang='lat' dir='ltr'><strong>projectus</strong></span> 
     </span>
    </p>
   </div>
   <div class='ocr_carea' id='block_1_89' title="bbox 2023 4295 3586 4366">
    <p class='ocr_par' dir='ltr' id='par_1_89' title="bbox 2023 4295 3586 4366">
     <span class='ocr_line' id='line_1_89' title="bbox 2023 4295 3586 4366; baseline 0.004 -20"><span class='ocrx_word' id='word_1_676' title='bbox 2023 4305 2107 4347; x_wconf 90' lang='lat' dir='ltr'><strong>est</strong></span> <span class='ocrx_word' id='word_1_677' title='bbox 2131 4310 2160 4348; x_wconf 86' lang='lat' dir='ltr'><strong>a</strong></span> <span class='ocrx_word' id='word_1_678' title='bbox 2190 4305 2341 4366; x_wconf 85' lang='lat' dir='ltr'><strong>tergo</strong></span> <span class='ocrx_word' id='word_1_679' title='bbox 2381 4311 2590 4360; x_wconf 89' lang='lat' dir='ltr'><strong>eorum,</strong></span> <span class='ocrx_word' id='word_1_680' title='bbox 2621 4296 2716 4364; x_wconf 92' lang='lat' dir='ltr'><strong>qui</strong></span> <span class='ocrx_word' id='word_1_681' title='bbox 2760 4310 2855 4366; x_wconf 85' lang='lat' dir='ltr'><strong>per</strong></span> <span class='ocrx_word' id='word_1_682' title='bbox 2891 4295 3046 4350; x_wconf 83' lang='lat' dir='ltr'><strong>iidem</strong></span> <span class='ocrx_word' id='word_1_683' title='bbox 3084 4296 3410 4352; x_wconf 79' lang='lat' dir='ltr'><strong>sanctiﬁcati</strong></span> <span class='ocrx_word' id='word_1_684' title='bbox 3440 4307 3586 4363; x_wconf 85' lang='lat' dir='ltr'><strong>sunt,</strong></span> 
     </span>
    </p>
   </div>
   <div class='ocr_carea' id='block_1_90' title="bbox 2024 4388 3592 4462">
    <p class='ocr_par' dir='ltr' id='par_1_90' title="bbox 2024 4388 3592 4462">
     <span class='ocr_line' id='line_1_90' title="bbox 2024 4388 3592 4462; baseline 0.004 -22"><span class='ocrx_word' id='word_1_685' title='bbox 2024 4397 2076 4441; x_wconf 91' lang='lat' dir='ltr'><strong>et</strong></span> <span class='ocrx_word' id='word_1_686' title='bbox 2123 4388 2175 4441; x_wconf 92' lang='lat' dir='ltr'><strong>in</strong></span> <span class='ocrx_word' id='word_1_687' title='bbox 2221 4390 2382 4444; x_wconf 87' lang='lat' dir='ltr'><strong>dorso</strong></span> <span class='ocrx_word' id='word_1_688' title='bbox 2429 4390 2636 4458; x_wconf 90' lang='lat' dir='ltr'><strong>positus</strong></span> <span class='ocrx_word' id='word_1_689' title='bbox 2684 4400 2768 4443; x_wconf 87' lang='lat' dir='ltr'><strong>est</strong></span> <span class='ocrx_word' id='word_1_690' title='bbox 2807 4397 2862 4444; x_wconf 92' lang='lat' dir='ltr'><strong>et</strong></span> <span class='ocrx_word' id='word_1_691' title='bbox 2901 4389 3043 4445; x_wconf 89' lang='lat' dir='ltr'><strong>inter</strong></span> <span class='ocrx_word' id='word_1_692' title='bbox 3082 4389 3358 4460; x_wconf 87' lang='lat' dir='ltr'><strong>reliquias,</strong></span> <span class='ocrx_word' id='word_1_693' title='bbox 3407 4405 3592 4462; x_wconf 82' lang='lat' dir='ltr'><strong>quem-</strong></span> 
     </span>
    </p>
   </div>
   <div class='ocr_carea' id='block_1_91' title="bbox 2025 4482 2730 4551">
    <p class='ocr_par' dir='ltr' id='par_1_91' title="bbox 2025 4482 2730 4551">
     <span class='ocr_line' id='line_1_91' title="bbox 2025 4482 2730 4551; baseline 0.001 -18"><span class='ocrx_word' id='word_1_694' title='bbox 2025 4483 2313 4534; x_wconf 81' lang='lat' dir='ltr'><strong>admodum</strong></span> <span class='ocrx_word' id='word_1_695' title='bbox 2343 4482 2602 4551; x_wconf 88' lang='lat' dir='ltr'><strong>scriptum</strong></span> <span class='ocrx_word' id='word_1_696' title='bbox 2627 4489 2730 4536; x_wconf 88' lang='lat' dir='ltr'><strong>est.</strong></span> 
     </span>
    </p>
   </div>
   <div class='ocr_carea' id='block_1_92' title="bbox 351 4560 3588 4649">
    <p class='ocr_par' dir='ltr' id='par_1_92' title="bbox 351 4560 3588 4649">
     <span class='ocr_line' id='line_1_92' title="bbox 351 4560 3588 4649; baseline 0.006 -36"><span class='ocrx_word' id='word_1_697' title='bbox 351 4565 623 4632; x_wconf 82' lang='grc' dir='ltr'>μέμνηται</span> <span class='ocrx_word' id='word_1_698' title='bbox 651 4563 759 4616; x_wconf 89' lang='grc' dir='ltr'><strong>τῶν</strong></span> <span class='ocrx_word' id='word_1_699' title='bbox 793 4562 979 4630; x_wconf 82' lang='grc' dir='ltr'>ἐθνῶν,</span> <span class='ocrx_word' id='word_1_700' title='bbox 1004 4560 1121 4617; x_wconf 78' lang='grc' dir='ltr'>εἶτα</span> <span class='ocrx_word' id='word_1_701' title='bbox 1149 4565 1265 4644; x_wconf 79' lang='grc' dir='ltr'>μετ’</span> <span class='ocrx_word' id='word_1_702' title='bbox 1288 4565 1530 4628; x_wconf 84' lang='grc' dir='ltr'>ἐκείνους</span> <span class='ocrx_word' id='word_1_703' title='bbox 1551 4565 1644 4618; x_wconf 88' lang='grc' dir='ltr'><strong>τοῦ</strong></span> <span class='ocrx_word' id='word_1_704' title='bbox 1675 4567 1912 4638; x_wconf 85' lang='grc' dir='ltr'>Ἰσραὴλ,</span> <span class='ocrx_word' id='word_1_705' title='bbox 1951 4571 2024 4635; x_wconf 84' lang='grc' dir='ltr'>ὡς</span> <span class='ocrx_word' id='word_1_706' title='bbox 2083 4574 2411 4645; x_wconf 79' lang='grc' dir='ltr'>ἐρριμμένου</span> <span class='ocrx_word' id='word_1_707' title='bbox 2468 4575 2694 4629; x_wconf 88' lang='grc' dir='ltr'>κατόπιν</span> <span class='ocrx_word' id='word_1_708' title='bbox 2716 4576 2823 4629; x_wconf 90' lang='grc' dir='ltr'><strong>τῶν</strong></span> <span class='ocrx_word' id='word_1_709' title='bbox 2849 4575 2937 4630; x_wconf 81' lang='grc' dir='ltr'>διὰ</span> <span class='ocrx_word' id='word_1_710' title='bbox 2963 4576 3198 4640; x_wconf 87' lang='grc' dir='ltr'>πίστεως</span> <span class='ocrx_word' id='word_1_711' title='bbox 3221 4576 3588 4649; x_wconf 82' lang='grc' dir='ltr'>ήγιασμένων,</span> 
     </span>
    </p>
   </div>
   <div class='ocr_carea' id='block_1_93' title="bbox 347 4657 2438 4738">
    <p class='ocr_par' dir='ltr' id='par_1_93' title="bbox 347 4657 2438 4738">
     <span class='ocr_line' id='line_1_93' title="bbox 347 4657 2438 4738; baseline 0.005 -28"><span class='ocrx_word' id='word_1_712' title='bbox 347 4657 658 4728; x_wconf 84' lang='grc' dir='ltr'>τεθειμένου</span> <span class='ocrx_word' id='word_1_713' title='bbox 687 4674 748 4710; x_wconf 89' lang='grc' dir='ltr'><strong>τε</strong></span> <span class='ocrx_word' id='word_1_714' title='bbox 769 4658 848 4722; x_wconf 84' lang='grc' dir='ltr'><strong>εἰς</strong></span> <span class='ocrx_word' id='word_1_715' title='bbox 869 4657 1034 4711; x_wconf 89' lang='grc' dir='ltr'>νῶτον</span> <span class='ocrx_word' id='word_1_716' title='bbox 1065 4658 1158 4710; x_wconf 81' lang='grc' dir='ltr'><strong>καὶ</strong></span> <span class='ocrx_word' id='word_1_717' title='bbox 1180 4659 1238 4711; x_wconf 85' lang='grc' dir='ltr'><strong>ἐν</strong></span> <span class='ocrx_word' id='word_1_718' title='bbox 1259 4661 1368 4720; x_wconf 87' lang='grc' dir='ltr'>τοῖς</span> <span class='ocrx_word' id='word_1_719' title='bbox 1393 4658 1748 4730; x_wconf 86' lang='grc' dir='ltr'>περιλοίποις.</span> <span class='ocrx_word' id='word_1_720' title='bbox 1772 4661 1912 4715; x_wconf 88' lang='grc' dir='ltr'><strong>κατά</strong></span> <span class='ocrx_word' id='word_1_721' title='bbox 1947 4663 2008 4716; x_wconf 85' lang='grc' dir='ltr'><strong>τὸ</strong></span> <span class='ocrx_word' id='word_1_722' title='bbox 2041 4667 2438 4738; x_wconf 84' lang='grc' dir='ltr'>γεγραμμένον.</span> 
     </span>
    </p>
   </div>
   <div class='ocr_carea' id='block_1_94' title="bbox 416 4747 1924 4832">
    <p class='ocr_par' dir='ltr' id='par_1_94' title="bbox 416 4747 1924 4820">
     <span class='ocr_line' id='line_1_94' title="bbox 416 4747 1924 4820; baseline 0.003 -18"><span class='ocrx_word' id='word_1_723' title='bbox 416 4747 524 4803; x_wconf 76' lang='grc' dir='ltr'><strong>Καὶ</strong></span> <span class='ocrx_word' id='word_1_724' title='bbox 556 4747 692 4815; x_wconf 89' lang='grc' dir='ltr'>ἀρεῖ</span> <span class='ocrx_word' id='word_1_725' title='bbox 710 4748 962 4818; x_wconf 78' lang='grc' dir='ltr'>σημεῖον</span> <span class='ocrx_word' id='word_1_726' title='bbox 987 4751 1072 4815; x_wconf 82' lang='grc' dir='ltr'><strong>εἰς</strong></span> <span class='ocrx_word' id='word_1_727' title='bbox 1101 4749 1171 4805; x_wconf 82' lang='grc' dir='ltr'>τὰ</span> <span class='ocrx_word' id='word_1_728' title='bbox 1192 4749 1357 4817; x_wconf 82' lang='grc' dir='ltr'>ἔθνη,</span> <span class='ocrx_word' id='word_1_729' title='bbox 1386 4750 1485 4804; x_wconf 81' lang='grc' dir='ltr'><strong>καί</strong></span> <span class='ocrx_word' id='word_1_730' title='bbox 1513 4750 1765 4815; x_wconf 74' lang='grc' dir='ltr'>συνάξει</span> <span class='ocrx_word' id='word_1_731' title='bbox 1787 4754 1924 4820; x_wconf 84' lang='grc' dir='ltr'>τοὺς</span> 
     </span>
    </p>
   </div>
   <div class='ocr_carea' id='block_1_95' title="bbox 2026 4747 3588 4832">
    <p class='ocr_par' dir='ltr' id='par_1_95' title="bbox 2104 4759 3588 4832">
     <span class='ocr_line' id='line_1_95' title="bbox 2104 4759 3588 4832; baseline 0.001 -19"><span class='ocrx_word' id='word_1_732' title='bbox 2104 4761 2264 4815; x_wconf 71' lang='lat' dir='ltr'><strong>Vens.</strong></span> <span class='ocrx_word' id='word_1_733' title='bbox 2300 4760 2386 4814; x_wconf 72' lang='lat'><strong>12.</strong></span> <span class='ocrx_word' id='word_1_734' title='bbox 2421 4759 2486 4813; x_wconf 83' lang='lat' dir='ltr'><strong>Et</strong></span> <span class='ocrx_word' id='word_1_735' title='bbox 2513 4759 2656 4815; x_wconf 83' lang='lat' dir='ltr'><strong>tollet</strong></span> <span class='ocrx_word' id='word_1_736' title='bbox 2679 4762 2884 4830; x_wconf 77' lang='lat' dir='ltr'><strong>signum</strong></span> <span class='ocrx_word' id='word_1_737' title='bbox 2915 4762 2969 4814; x_wconf 80' lang='lat' dir='ltr'><strong>in</strong></span> <span class='ocrx_word' id='word_1_738' title='bbox 2997 4769 3194 4829; x_wconf 81' lang='lat' dir='ltr'><strong>gentes,</strong></span> <span class='ocrx_word' id='word_1_739' title='bbox 3231 4769 3283 4815; x_wconf 80' lang='lat' dir='ltr'><strong>et</strong></span> <span class='ocrx_word' id='word_1_740' title='bbox 3304 4775 3588 4832; x_wconf 79' lang='lat' dir='ltr'><strong>congrega-</strong></span> 
     </span>
    </p>
   </div>
   <div class='ocr_carea' id='block_1_96' title="bbox 348 4841 1924 4914">
    <p class='ocr_par' dir='ltr' id='par_1_96' title="bbox 348 4841 1924 4914">
     <span class='ocr_line' id='line_1_96' title="bbox 348 4841 1924 4914; baseline 0.003 -19"><span class='ocrx_word' id='word_1_741' title='bbox 348 4841 762 4908; x_wconf 75' lang='grc' dir='ltr'>ἀπολομένους</span> <span class='ocrx_word' id='word_1_742' title='bbox 807 4841 1044 4909; x_wconf 74' lang='grc' dir='ltr'>Ἰσραὴλ</span> <span class='ocrx_word' id='word_1_743' title='bbox 1067 4882 1082 4905; x_wconf 97' lang='grc'><strong>,</strong></span> <span class='ocrx_word' id='word_1_744' title='bbox 1121 4843 1218 4896; x_wconf 79' lang='grc' dir='ltr'><strong>καί</strong></span> <span class='ocrx_word' id='word_1_745' title='bbox 1269 4843 1410 4909; x_wconf 84' lang='grc' dir='ltr'>τοὺς</span> <span class='ocrx_word' id='word_1_746' title='bbox 1447 4844 1924 4914; x_wconf 79' lang='grc' dir='ltr'>διεσπαρμένους</span> 
     </span>
    </p>
   </div>
   <div class='ocr_carea' id='block_1_97' title="bbox 349 4933 1922 5006">
    <p class='ocr_par' dir='ltr' id='par_1_97' title="bbox 349 4933 1922 5006">
     <span class='ocr_line' id='line_1_97' title="bbox 349 4933 1922 5006; baseline 0.001 -20"><span class='ocrx_word' id='word_1_747' title='bbox 349 4934 453 4988; x_wconf 79' lang='grc' dir='ltr'><strong>τοῦ</strong></span> <span class='ocrx_word' id='word_1_748' title='bbox 495 4933 696 4988; x_wconf 83' lang='grc' dir='ltr'>Ἰούδα</span> <span class='ocrx_word' id='word_1_749' title='bbox 724 4933 975 4996; x_wconf 77' lang='grc' dir='ltr'>συνάξει</span> <span class='ocrx_word' id='word_1_750' title='bbox 1018 4935 1087 4986; x_wconf 76' lang='grc' dir='ltr'><strong>ἐκ</strong></span> <span class='ocrx_word' id='word_1_751' title='bbox 1131 4933 1248 4986; x_wconf 82' lang='grc' dir='ltr'><strong>τῶν</strong></span> <span class='ocrx_word' id='word_1_752' title='bbox 1279 4935 1588 5003; x_wconf 81' lang='grc' dir='ltr'>τεσσάρων</span> <span class='ocrx_word' id='word_1_753' title='bbox 1615 4937 1922 5006; x_wconf 74' lang='grc' dir='ltr'>πτερύγων</span> 
     </span>
    </p>
   </div>
   <div class='ocr_carea' id='block_1_98' title="bbox 349 5023 1921 5096">
    <p class='ocr_par' dir='ltr' id='par_1_98' title="bbox 349 5023 1921 5096">
     <span class='ocr_line' id='line_1_98' title="bbox 349 5023 1921 5096; baseline 0.003 -20"><span class='ocrx_word' id='word_1_754' title='bbox 349 5023 457 5092; x_wconf 84' lang='grc' dir='ltr'><strong>τῆς</strong></span> <span class='ocrx_word' id='word_1_755' title='bbox 485 5023 619 5094; x_wconf 74' lang='grc' dir='ltr'>τῆς.</span> <span class='ocrx_word' id='word_1_756' title='bbox 651 5025 757 5080; x_wconf 80' lang='grc' dir='ltr'><strong>Καὶ</strong></span> <span class='ocrx_word' id='word_1_757' title='bbox 785 5025 1242 5094; x_wconf 70' lang='grc' dir='ltr'>ἀφαιρεθήσεται</span> <span class='ocrx_word' id='word_1_758' title='bbox 1265 5029 1298 5080; x_wconf 85' lang='grc' dir='ltr'><strong>ό</strong></span> <span class='ocrx_word' id='word_1_759' title='bbox 1326 5025 1501 5094; x_wconf 75' lang='grc' dir='ltr'>ζῆλος</span> <span class='ocrx_word' id='word_1_760' title='bbox 1535 5029 1803 5096; x_wconf 69' lang='grc' dir='ltr'>Ἐφραῒμ,</span> <span class='ocrx_word' id='word_1_761' title='bbox 1825 5029 1921 5081; x_wconf 79' lang='grc' dir='ltr'>καὶ</span> 
     </span>
    </p>
   </div>
   <div class='ocr_carea' id='block_1_99' title="bbox 349 5115 1923 5189">
    <p class='ocr_par' dir='ltr' id='par_1_99' title="bbox 349 5115 1923 5189">
     <span class='ocr_line' id='line_1_99' title="bbox 349 5115 1923 5189; baseline 0.004 -21"><span class='ocrx_word' id='word_1_762' title='bbox 349 5118 400 5169; x_wconf 88' lang='grc' dir='ltr'><strong>οἰ</strong></span> <span class='ocrx_word' id='word_1_763' title='bbox 428 5116 629 5184; x_wconf 81' lang='grc' dir='ltr'>ἐχθροί</span> <span class='ocrx_word' id='word_1_764' title='bbox 667 5115 854 5170; x_wconf 83' lang='grc' dir='ltr'>Ἰούδα</span> <span class='ocrx_word' id='word_1_765' title='bbox 882 5116 1270 5170; x_wconf 80' lang='grc' dir='ltr'>ἀπολοῦνται.</span> <span class='ocrx_word' id='word_1_766' title='bbox 1291 5118 1540 5188; x_wconf 70' lang='grc' dir='ltr'>Ἐςρραῒμ</span> <span class='ocrx_word' id='word_1_767' title='bbox 1571 5122 1642 5173; x_wconf 90' lang='grc' dir='ltr'>οὺ</span> <span class='ocrx_word' id='word_1_768' title='bbox 1675 5120 1923 5189; x_wconf 76' lang='grc' dir='ltr'>ζηλώσει</span> 
     </span>
    </p>
   </div>
   <div class='ocr_carea' id='block_1_100' title="bbox 361 5205 1629 5277">
    <p class='ocr_par' dir='ltr' id='par_1_100' title="bbox 361 5205 1629 5277">
     <span class='ocr_line' id='line_1_100' title="bbox 361 5205 1629 5277; baseline 0.006 -20"><span class='ocrx_word' id='word_1_769' title='bbox 361 5205 603 5270; x_wconf 81' lang='grc' dir='ltr'>Ἰούδαν,</span> <span class='ocrx_word' id='word_1_770' title='bbox 631 5205 728 5259; x_wconf 81' lang='grc' dir='ltr'>καὶ</span> <span class='ocrx_word' id='word_1_771' title='bbox 772 5206 1001 5272; x_wconf 85' lang='grc' dir='ltr'>Ἰούδας</span> <span class='ocrx_word' id='word_1_772' title='bbox 1029 5207 1099 5258; x_wconf 85' lang='grc' dir='ltr'><strong>οὐ</strong></span> <span class='ocrx_word' id='word_1_773' title='bbox 1126 5207 1326 5274; x_wconf 73' lang='grc' dir='ltr'>θλίψει</span> <span class='ocrx_word' id='word_1_774' title='bbox 1363 5208 1629 5277; x_wconf 66' lang='grc' dir='ltr'>Ἐφραΐμ.</span> 
     </span>
    </p>
   </div>
   <div class='ocr_carea' id='block_1_101' title="bbox 417 5298 1919 5370">
    <p class='ocr_par' dir='ltr' id='par_1_101' title="bbox 417 5298 1919 5370">
     <span class='ocr_line' id='line_1_101' title="bbox 417 5298 1919 5370; baseline 0.004 -20"><span class='ocrx_word' id='word_1_775' title='bbox 417 5298 740 5367; x_wconf 81' lang='grc' dir='ltr'>Παραδόξως</span> <span class='ocrx_word' id='word_1_776' title='bbox 771 5299 901 5368; x_wconf 79' lang='grc' dir='ltr'>ἡμῖν</span> <span class='ocrx_word' id='word_1_777' title='bbox 948 5298 976 5349; x_wconf 86' lang='grc' dir='ltr'><strong>ό</strong></span> <span class='ocrx_word' id='word_1_778' title='bbox 1022 5299 1308 5370; x_wconf 77' lang='grc' dir='ltr'>προφήτης</span> <span class='ocrx_word' id='word_1_779' title='bbox 1362 5301 1454 5353; x_wconf 71' lang='grc' dir='ltr'><strong>τὸν</strong></span> <span class='ocrx_word' id='word_1_780' title='bbox 1500 5301 1556 5352; x_wconf 79' lang='grc' dir='ltr'>ἓν</span> <span class='ocrx_word' id='word_1_781' title='bbox 1601 5319 1664 5369; x_wconf 79' lang='grc' dir='ltr'><strong>γε</strong></span> <span class='ocrx_word' id='word_1_782' title='bbox 1708 5302 1919 5367; x_wconf 84' lang='grc' dir='ltr'>τούτοις</span> 
     </span>
    </p>
   </div>
   <div class='ocr_carea' id='block_1_102' title="bbox 353 5388 1919 5465">
    <p class='ocr_par' dir='ltr' id='par_1_102' title="bbox 353 5388 1919 5465">
     <span class='ocr_line' id='line_1_102' title="bbox 353 5388 1919 5465; baseline 0.004 -24"><span class='ocrx_word' id='word_1_783' title='bbox 353 5388 587 5456; x_wconf 86' lang='grc' dir='ltr'>μάλιστα</span> <span class='ocrx_word' id='word_1_784' title='bbox 603 5389 945 5460; x_wconf 87' lang='grc' dir='ltr'>διαπεραίνει</span> <span class='ocrx_word' id='word_1_785' title='bbox 969 5389 1147 5458; x_wconf 89' lang='grc' dir='ltr'>λόγον.</span> <span class='ocrx_word' id='word_1_786' title='bbox 1172 5392 1394 5461; x_wconf 82' lang='grc' dir='ltr'>Δέχεται</span> <span class='ocrx_word' id='word_1_787' title='bbox 1416 5393 1522 5464; x_wconf 79' lang='grc' dir='ltr'>γὰρ</span> <span class='ocrx_word' id='word_1_788' title='bbox 1550 5393 1611 5445; x_wconf 84' lang='grc' dir='ltr'><strong>τὸ</strong></span> <span class='ocrx_word' id='word_1_789' title='bbox 1634 5394 1919 5465; x_wconf 87' lang='grc' dir='ltr'>ἰστορικῶς</span> 
     </span>
    </p>
   </div>
   <div class='ocr_carea' id='block_1_103' title="bbox 349 5481 1916 5556">
    <p class='ocr_par' dir='ltr' id='par_1_103' title="bbox 349 5481 1916 5556">
     <span class='ocr_line' id='line_1_103' title="bbox 349 5481 1916 5556; baseline 0.004 -24"><span class='ocrx_word' id='word_1_790' title='bbox 349 5481 569 5547; x_wconf 77' lang='grc' dir='ltr'>γεγονὸς</span> <span class='ocrx_word' id='word_1_791' title='bbox 614 5484 691 5544; x_wconf 90' lang='grc' dir='ltr'><strong>εἰς</strong></span> <span class='ocrx_word' id='word_1_792' title='bbox 741 5482 924 5535; x_wconf 79' lang='grc' dir='ltr'>εἰκόνα</span> <span class='ocrx_word' id='word_1_793' title='bbox 972 5483 1297 5553; x_wconf 89' lang='grc' dir='ltr'>πράγματος</span> <span class='ocrx_word' id='word_1_794' title='bbox 1346 5483 1568 5554; x_wconf 85' lang='grc' dir='ltr'>νοητοῦ·</span> <span class='ocrx_word' id='word_1_795' title='bbox 1617 5486 1810 5556; x_wconf 82' lang='grc' dir='ltr'>χρῆναι</span> <span class='ocrx_word' id='word_1_796' title='bbox 1858 5485 1916 5540; x_wconf 83' lang='grc' dir='ltr'><strong>δὲ</strong></span> 
     </span>
    </p>
   </div>
   <div class='ocr_carea' id='block_1_104' title="bbox 347 5568 1918 5647">
    <p class='ocr_par' dir='ltr' id='par_1_104' title="bbox 347 5568 1918 5647">
     <span class='ocr_line' id='line_1_104' title="bbox 347 5568 1918 5647; baseline 0.003 -22"><span class='ocrx_word' id='word_1_797' title='bbox 347 5568 500 5640; x_wconf 81' lang='grc' dir='ltr'>οἶμαι</span> <span class='ocrx_word' id='word_1_798' title='bbox 546 5573 621 5636; x_wconf 83' lang='grc' dir='ltr'>ὡς</span> <span class='ocrx_word' id='word_1_799' title='bbox 668 5573 745 5626; x_wconf 81' lang='grc' dir='ltr'><strong>ἐνι</strong></span> <span class='ocrx_word' id='word_1_800' title='bbox 793 5576 966 5627; x_wconf 81' lang='grc' dir='ltr'>εἰπεῖν</span> <span class='ocrx_word' id='word_1_801' title='bbox 1013 5576 1106 5628; x_wconf 80' lang='grc' dir='ltr'><strong>καὶ</strong></span> <span class='ocrx_word' id='word_1_802' title='bbox 1135 5575 1291 5629; x_wconf 84' lang='grc' dir='ltr'>τοῦτο</span> <span class='ocrx_word' id='word_1_803' title='bbox 1319 5576 1603 5647; x_wconf 85' lang='grc' dir='ltr'>λαμπρῶς.</span> <span class='ocrx_word' id='word_1_804' title='bbox 1640 5577 1918 5642; x_wconf 82' lang='grc' dir='ltr'>Διεδέξατο</span> 
     </span>
    </p>
   </div>
   <div class='ocr_carea' id='block_1_105' title="bbox 349 5663 1920 5739">
    <p class='ocr_par' dir='ltr' id='par_1_105' title="bbox 349 5663 1920 5739">
     <span class='ocr_line' id='line_1_105' title="bbox 349 5663 1920 5739; baseline 0.004 -23"><span class='ocrx_word' id='word_1_805' title='bbox 349 5663 456 5736; x_wconf 85' lang='grc' dir='ltr'>γὰρ</span> <span class='ocrx_word' id='word_1_806' title='bbox 484 5665 582 5736; x_wconf 79' lang='grc' dir='ltr'><strong>τὴν</strong></span> <span class='ocrx_word' id='word_1_807' title='bbox 611 5665 949 5736; x_wconf 82' lang='grc' dir='ltr'>Σολομῶντος</span> <span class='ocrx_word' id='word_1_808' title='bbox 976 5667 1149 5739; x_wconf 79' lang='grc' dir='ltr'>ἀρχὴν</span> <span class='ocrx_word' id='word_1_809' title='bbox 1191 5668 1220 5718; x_wconf 89' lang='grc' dir='ltr'>ὁ</span> <span class='ocrx_word' id='word_1_810' title='bbox 1267 5669 1324 5735; x_wconf 81' lang='grc' dir='ltr'>ἐξ</span> <span class='ocrx_word' id='word_1_811' title='bbox 1348 5668 1511 5722; x_wconf 75' lang='grc' dir='ltr'>αὑτοῦ</span> <span class='ocrx_word' id='word_1_812' title='bbox 1538 5667 1772 5738; x_wconf 81' lang='grc' dir='ltr'>γεγονὼς</span> <span class='ocrx_word' id='word_1_813' title='bbox 1804 5669 1920 5722; x_wconf 76' lang='grc' dir='ltr'><strong>Ῥο-</strong></span> 
     </span>
    </p>
   </div>
   <div class='ocr_carea' id='block_1_106' title="bbox 421 5815 1396 5888">
    <p class='ocr_par' dir='ltr' id='par_1_106' title="bbox 421 5815 1396 5888">
     <span class='ocr_line' id='line_1_106' title="bbox 421 5815 1396 5888; baseline 0.008 -19"><span class='ocrx_word' id='word_1_814' title='bbox 421 5818 466 5848; x_wconf 80' lang='grc'><strong>⁸⁸</strong></span> <span class='ocrx_word' id='word_1_815' title='bbox 493 5815 634 5873; x_wconf 82' lang='lat' dir='ltr'><strong>Psal.</strong></span> <span class='ocrx_word' id='word_1_816' title='bbox 669 5836 726 5882; x_wconf 89' lang='lat' dir='ltr'><strong>ll,</strong></span> <span class='ocrx_word' id='word_1_817' title='bbox 758 5819 808 5874; x_wconf 87' lang='lat'><strong>6.</strong></span> <span class='ocrx_word' id='word_1_818' title='bbox 887 5821 931 5851; x_wconf 79' lang='lat'><strong>“</strong></span> <span class='ocrx_word' id='word_1_819' title='bbox 959 5820 1144 5875; x_wconf 87' lang='lat' dir='ltr'><strong>Matth.</strong></span> <span class='ocrx_word' id='word_1_820' title='bbox 1176 5824 1312 5888; x_wconf 69' lang='lat'><strong>1,5,</strong></span> <span class='ocrx_word' id='word_1_821' title='bbox 1341 5822 1396 5877; x_wconf 84' lang='lat'><strong>6.</strong></span> 
     </span>
    </p>
   </div>
   <div class='ocr_carea' id='block_1_107' title="bbox 670 5911 1396 5974">
    <p class='ocr_par' dir='ltr' id='par_1_107' title="bbox 670 5911 1396 5974">
     <span class='ocr_line' id='line_1_107' title="bbox 670 5911 1396 5974; baseline 0.006 -5"><span class='ocrx_word' id='word_1_822' title='bbox 670 5911 943 5974; x_wconf 74' lang='lat' dir='ltr'><strong>PATJtOL.</strong></span> <span class='ocrx_word' id='word_1_823' title='bbox 994 5914 1038 5973; x_wconf 74' lang='grc' dir='ltr'><strong>(ἰ</strong></span> <span class='ocrx_word' id='word_1_824' title='bbox 1054 5932 1109 5971; x_wconf 72' lang='grc' dir='ltr'><strong>ιι.</strong></span> <span class='ocrx_word' id='word_1_825' title='bbox 1199 5913 1396 5973; x_wconf 75' lang='lat' dir='ltr'><strong>LXX.</strong></span> 
     </span>
    </p>
   </div>
   <div class='ocr_carea' id='block_1_108' title="bbox 2021 4849 3588 4921">
    <p class='ocr_par' dir='ltr' id='par_1_108' title="bbox 2021 4849 3588 4921">
     <span class='ocr_line' id='line_1_108' title="bbox 2021 4849 3588 4921; baseline 0.001 -18"><span class='ocrx_word' id='word_1_826' title='bbox 2021 4850 2089 4903; x_wconf 78' lang='lat' dir='ltr'><strong>bit</strong></span> <span class='ocrx_word' id='word_1_827' title='bbox 2123 4851 2348 4919; x_wconf 82' lang='lat' dir='ltr'><strong>perditos</strong></span> <span class='ocrx_word' id='word_1_828' title='bbox 2374 4849 2614 4912; x_wconf 76' lang='lat' dir='ltr'><strong>lsraelis,</strong></span> <span class='ocrx_word' id='word_1_829' title='bbox 2634 4859 2683 4904; x_wconf 84' lang='lat' dir='ltr'><strong>et</strong></span> <span class='ocrx_word' id='word_1_830' title='bbox 2696 4851 2960 4918; x_wconf 81' lang='lat' dir='ltr'><strong>dispersos</strong></span> <span class='ocrx_word' id='word_1_831' title='bbox 2979 4850 3010 4904; x_wconf 83' lang='lat' dir='ltr'><strong><em>J</em></strong></span> <span class='ocrx_word' id='word_1_832' title='bbox 3019 4851 3126 4904; x_wconf 87' lang='lat' dir='ltr'><strong>uda</strong></span> <span class='ocrx_word' id='word_1_833' title='bbox 3144 4860 3288 4921; x_wconf 80' lang='lat' dir='ltr'><strong>coget</strong></span> <span class='ocrx_word' id='word_1_834' title='bbox 3304 4867 3337 4905; x_wconf 81' lang='grc' dir='ltr'><strong>α</strong></span> <span class='ocrx_word' id='word_1_835' title='bbox 3356 4862 3588 4920; x_wconf 79' lang='lat' dir='ltr'><strong>quatuor</strong></span> 
     </span>
    </p>
   </div>
   <div class='ocr_carea' id='block_1_109' title="bbox 2021 4940 3579 5010">
    <p class='ocr_par' dir='ltr' id='par_1_109' title="bbox 2021 4940 3579 5010">
     <span class='ocr_line' id='line_1_109' title="bbox 2021 4940 3579 5010; baseline 0 -14"><span class='ocrx_word' id='word_1_836' title='bbox 2021 4943 2120 4997; x_wconf 77' lang='lat' dir='ltr'><strong>alis</strong></span> <span class='ocrx_word' id='word_1_837' title='bbox 2159 4953 2354 4996; x_wconf 69' lang='lat' dir='ltr'><strong>terra:</strong></span> <span class='ocrx_word' id='word_1_838' title='bbox 2389 4953 2438 4998; x_wconf 83' lang='lat' dir='ltr'><strong>et</strong></span> <span class='ocrx_word' id='word_1_839' title='bbox 2475 4941 2746 5010; x_wconf 78' lang='lat' dir='ltr'><strong>auferetur</strong></span> <span class='ocrx_word' id='word_1_840' title='bbox 2774 4941 2916 4995; x_wconf 75' lang='lat' dir='ltr'><strong>zelus</strong></span> <span class='ocrx_word' id='word_1_841' title='bbox 2961 4940 3248 5010; x_wconf 80' lang='lat' dir='ltr'><strong>Ephraim,</strong></span> <span class='ocrx_word' id='word_1_842' title='bbox 3294 4950 3344 4996; x_wconf 81' lang='lat' dir='ltr'><strong>et</strong></span> <span class='ocrx_word' id='word_1_843' title='bbox 3373 4943 3579 4996; x_wconf 75' lang='lat' dir='ltr'><strong>inimici</strong></span> 
     </span>
    </p>
   </div>
   <div class='ocr_carea' id='block_1_110' title="bbox 2019 5033 3584 5104">
    <p class='ocr_par' dir='ltr' id='par_1_110' title="bbox 2019 5033 3584 5104">
     <span class='ocr_line' id='line_1_110' title="bbox 2019 5033 3584 5104; baseline 0.001 -17"><span class='ocrx_word' id='word_1_844' title='bbox 2019 5035 2163 5088; x_wconf 83' lang='lat' dir='ltr'><strong>Juda</strong></span> <span class='ocrx_word' id='word_1_845' title='bbox 2179 5035 2436 5103; x_wconf 80' lang='lat' dir='ltr'><strong>peribunt,</strong></span> <span class='ocrx_word' id='word_1_846' title='bbox 2463 5045 2512 5088; x_wconf 81' lang='lat' dir='ltr'><strong>et</strong></span> <span class='ocrx_word' id='word_1_847' title='bbox 2546 5034 2801 5104; x_wconf 83' lang='lat' dir='ltr'><strong>Ephraim</strong></span> <span class='ocrx_word' id='word_1_848' title='bbox 2845 5049 2948 5089; x_wconf 83' lang='lat' dir='ltr'><strong>non</strong></span> <span class='ocrx_word' id='word_1_849' title='bbox 2998 5035 3334 5091; x_wconf 70' lang='lat' dir='ltr'><strong>cmulabitur</strong></span> <span class='ocrx_word' id='word_1_850' title='bbox 3358 5033 3584 5099; x_wconf 70' lang='lat' dir='ltr'><strong>ludam,</strong></span> 
     </span>
    </p>
   </div>
   <div class='ocr_carea' id='block_1_111' title="bbox 2020 5125 2916 5198">
    <p class='ocr_par' dir='ltr' id='par_1_111' title="bbox 2020 5125 2916 5198">
     <span class='ocr_line' id='line_1_111' title="bbox 2020 5125 2916 5198; baseline -0.002 -16"><span class='ocrx_word' id='word_1_851' title='bbox 2020 5139 2066 5182; x_wconf 79' lang='lat' dir='ltr'><strong>et</strong></span> <span class='ocrx_word' id='word_1_852' title='bbox 2095 5125 2128 5179; x_wconf 81' lang='lat' dir='ltr'><em>J</em></span> <span class='ocrx_word' id='word_1_853' title='bbox 2137 5126 2267 5179; x_wconf 87' lang='lat' dir='ltr'><strong>udas</strong></span> <span class='ocrx_word' id='word_1_854' title='bbox 2293 5142 2398 5181; x_wconf 84' lang='lat' dir='ltr'><strong>non</strong></span> <span class='ocrx_word' id='word_1_855' title='bbox 2421 5127 2609 5198; x_wconf 68' lang='lat' dir='ltr'><strong>afﬂiget</strong></span> <span class='ocrx_word' id='word_1_856' title='bbox 2641 5125 2916 5195; x_wconf 77' lang='lat' dir='ltr'><strong>Ephrat&#39;nt.</strong></span> 
     </span>
    </p>
   </div>
   <div class='ocr_carea' id='block_1_112' title="bbox 2097 5299 3583 5370">
    <p class='ocr_par' dir='ltr' id='par_1_112' title="bbox 2097 5299 3583 5370">
     <span class='ocr_line' id='line_1_112' title="bbox 2097 5299 3583 5370; baseline 0.001 -17"><span class='ocrx_word' id='word_1_857' title='bbox 2097 5299 2361 5370; x_wconf 80' lang='lat' dir='ltr'><strong>Pr0plieta</strong></span> <span class='ocrx_word' id='word_1_858' title='bbox 2392 5313 2694 5355; x_wconf 83' lang='lat' dir='ltr'><strong>sermonem</strong></span> <span class='ocrx_word' id='word_1_859' title='bbox 2726 5300 2872 5356; x_wconf 89' lang='lat' dir='ltr'><strong>hunc</strong></span> <span class='ocrx_word' id='word_1_860' title='bbox 2904 5301 3052 5356; x_wconf 91' lang='lat' dir='ltr'><strong>hisce</strong></span> <span class='ocrx_word' id='word_1_861' title='bbox 3093 5301 3275 5357; x_wconf 80' lang='lat' dir='ltr'><strong>verbis</strong></span> <span class='ocrx_word' id='word_1_862' title='bbox 3320 5301 3583 5358; x_wconf 85' lang='lat' dir='ltr'><strong>mirabili-</strong></span> 
     </span>
    </p>
   </div>
   <div class='ocr_carea' id='block_1_113' title="bbox 2025 5391 3584 5463">
    <p class='ocr_par' dir='ltr' id='par_1_113' title="bbox 2025 5391 3584 5463">
     <span class='ocr_line' id='line_1_113' title="bbox 2025 5391 3584 5463; baseline 0.001 -18"><span class='ocrx_word' id='word_1_863' title='bbox 2025 5399 2108 5445; x_wconf 88' lang='lat' dir='ltr'><strong>ter</strong></span> <span class='ocrx_word' id='word_1_864' title='bbox 2140 5392 2392 5459; x_wconf 79' lang='lat' dir='ltr'><strong>pertexit.</strong></span> <span class='ocrx_word' id='word_1_865' title='bbox 2425 5391 2602 5447; x_wconf 89' lang='lat' dir='ltr'><strong>Sumit</strong></span> <span class='ocrx_word' id='word_1_866' title='bbox 2634 5391 2778 5446; x_wconf 89' lang='lat' dir='ltr'><strong>enim</strong></span> <span class='ocrx_word' id='word_1_867' title='bbox 2808 5394 2951 5463; x_wconf 91' lang='lat' dir='ltr'><strong>quod</strong></span> <span class='ocrx_word' id='word_1_868' title='bbox 2988 5393 3242 5449; x_wconf 88' lang='lat' dir='ltr'><strong>historice</strong></span> <span class='ocrx_word' id='word_1_869' title='bbox 3269 5392 3466 5447; x_wconf 83' lang='lat' dir='ltr'><strong>factum</strong></span> <span class='ocrx_word' id='word_1_870' title='bbox 3503 5405 3584 5448; x_wconf 87' lang='lat' dir='ltr'><strong>est</strong></span> 
     </span>
    </p>
   </div>
   <div class='ocr_carea' id='block_1_114' title="bbox 2022 5482 3581 5557">
    <p class='ocr_par' dir='ltr' id='par_1_114' title="bbox 2022 5482 3581 5557">
     <span class='ocr_line' id='line_1_114' title="bbox 2022 5482 3581 5557; baseline 0.003 -21"><span class='ocrx_word' id='word_1_871' title='bbox 2022 5484 2090 5537; x_wconf 85' lang='lat' dir='ltr'><strong>ad</strong></span> <span class='ocrx_word' id='word_1_872' title='bbox 2129 5482 2416 5552; x_wconf 84' lang='lat' dir='ltr'><strong>imaginem</strong></span> <span class='ocrx_word' id='word_1_873' title='bbox 2456 5483 2860 5541; x_wconf 87' lang='lat' dir='ltr'><strong>describendam</strong></span> <span class='ocrx_word' id='word_1_874' title='bbox 2906 5485 2981 5540; x_wconf 89' lang='lat' dir='ltr'><strong>rei</strong></span> <span class='ocrx_word' id='word_1_875' title='bbox 3028 5486 3128 5540; x_wconf 88' lang='lat' dir='ltr'><strong>sub</strong></span> <span class='ocrx_word' id='word_1_876' title='bbox 3177 5486 3581 5557; x_wconf 83' lang='lat' dir='ltr'><strong>intelligentiam</strong></span> 
     </span>
    </p>
   </div>
   <div class='ocr_carea' id='block_1_115' title="bbox 2024 5574 3582 5650">
    <p class='ocr_par' dir='ltr' id='par_1_115' title="bbox 2024 5574 3582 5650">
     <span class='ocr_line' id='line_1_115' title="bbox 2024 5574 3582 5650; baseline 0.002 -21"><span class='ocrx_word' id='word_1_877' title='bbox 2024 5574 2286 5631; x_wconf 82' lang='lat' dir='ltr'><strong>cadentis.</strong></span> <span class='ocrx_word' id='word_1_878' title='bbox 2346 5574 2510 5645; x_wconf 90' lang='lat' dir='ltr'><strong>quue</strong></span> <span class='ocrx_word' id='word_1_879' title='bbox 2539 5577 2821 5632; x_wconf 88' lang='lat' dir='ltr'><strong>dicendum</strong></span> <span class='ocrx_word' id='word_1_880' title='bbox 2848 5591 2967 5632; x_wconf 88' lang='lat' dir='ltr'><strong>esse</strong></span> <span class='ocrx_word' id='word_1_881' title='bbox 3012 5578 3269 5646; x_wconf 86' lang='lat' dir='ltr'><strong>arbitror,</strong></span> <span class='ocrx_word' id='word_1_882' title='bbox 3311 5589 3582 5650; x_wconf 86' lang='lat' dir='ltr'><strong>quatenus</strong></span> 
     </span>
    </p>
   </div>
   <div class='ocr_carea' id='block_1_116' title="bbox 2025 5667 3582 5740">
    <p class='ocr_par' dir='ltr' id='par_1_116' title="bbox 2025 5667 3582 5740">
     <span class='ocr_line' id='line_1_116' title="bbox 2025 5667 3582 5740; baseline 0.001 -17"><span class='ocrx_word' id='word_1_883' title='bbox 2025 5668 2167 5734; x_wconf 85' lang='lat' dir='ltr'><strong>licet,</strong></span> <span class='ocrx_word' id='word_1_884' title='bbox 2204 5667 2456 5724; x_wconf 89' lang='lat' dir='ltr'><strong>dilucide.</strong></span> <span class='ocrx_word' id='word_1_885' title='bbox 2485 5667 2636 5738; x_wconf 88' lang='lat' dir='ltr'><strong>Cepit</strong></span> <span class='ocrx_word' id='word_1_886' title='bbox 2669 5670 2810 5725; x_wconf 90' lang='lat' dir='ltr'><strong>enim</strong></span> <span class='ocrx_word' id='word_1_887' title='bbox 2843 5683 3064 5740; x_wconf 87' lang='lat' dir='ltr'><strong>regnum</strong></span> <span class='ocrx_word' id='word_1_888' title='bbox 3095 5667 3397 5727; x_wconf 87' lang='lat' dir='ltr'><strong>Solomonis</strong></span> <span class='ocrx_word' id='word_1_889' title='bbox 3420 5679 3582 5725; x_wconf 84' lang='lat' dir='ltr'><strong>natus</strong></span> 
     </span>
    </p>
   </div>
   <div class='ocr_carea' id='block_1_117' title="bbox 3155 5910 3221 5971">
    <p class='ocr_par' dir='ltr' id='par_1_117' title="bbox 3155 5910 3221 5971">
     <span class='ocr_line' id='line_1_117' title="bbox 3155 5910 3221 5971; baseline 0.015 -1"><span class='ocrx_word' id='word_1_890' title='bbox 3155 5910 3221 5971; x_wconf 81' lang='grc'><strong>11</strong></span> 
     </span>
    </p>
   </div>
  </div>
