4124 6372
542 391 647 445 ’551

1533 385 1591 438 S.
1633 381 1907 438 CY'RILLI
1949 378 2410 436 ALEXANDRINI
2453 377 2769 435 ARCHIEP.

3686 386 3789 440 35?.

543 509 659 575 ejus
708 505 1035 568 Roboamus,
1085 518 1113 557 a
1157 517 1265 573 quo
1309 502 1539 557 dissecta
1588 511 1671 557 est
1725 503 1778 555 in
1828 501 2098 556 dissidiurr

2215 498 2358 568 δοάμ
2377 514 2390 528 ο
2421 497 2747 568 κατεσχίσθη
2770 497 2827 550 δὲ
2855 496 2991 569 πρὸς
3010 497 3272 568 διχόνοιαν
3295 499 3388 552 ἀπ’
3409 499 3575 554 αὑτοῦ
3606 503 3663 554 τὸ
3685 504 3789 555 τῶν

543 611 673 665 gens
694 593 939 659 Iudaica,
979 601 1033 650 et
1081 593 1267 646 decem
1314 590 1487 644 tribus
1519 605 1642 643 cum
1696 588 1914 642 dimidia
1965 585 2108 641 tribu

544 687 797 756 Ephraim
828 686 1252 753 commigrarunt
1306 681 1608 735 Samariam
1658 699 1672 734 ι
1723 677 2109 750 Hierosolymis

543 792 672 833 vero
719 775 978 831 remansit
1027 774 1202 828 tribus
1235 770 1392 834 Juda,
1423 779 1478 824 et
1516 769 1734 824 dimidia
1777 768 1949 822 tribus
1993 765 2104 820 Ma-

542 869 738 924 nassis.
782 867 1202 937 Regnaruntque
1231 863 1466 918 vicissim
1495 861 1650 915 statis
1682 860 2030 929 temporibus,
2053 866 2109 913 et

543 963 730 1015 borum
763 967 818 1015 et
866 958 1079 1012 illorum
1131 955 1335 1025 aliquot
1387 971 1400 1008 :
1460 952 1864 1023 Hierosolymis,
1900 951 1991 1020 qui
2039 965 2105 1005 ex

543 1053 682 1106 tribu
723 1049 881 1113 Juda,
933 1050 985 1104 in
1031 1049 1270 1104 Samaria
1324 1062 1452 1101 vero
1507 1045 1597 1115 qui
1647 1062 1711 1100 ex
1761 1046 1901 1100 tribu
1950 1053 2108 1100 erant

543 1144 820 1212 Ephraim.
850 1143 916 1198 Et
940 1157 1133 1212 magna
1161 1141 1365 1196 interea
1405 1139 1504 1194 loci
1547 1138 1705 1209 205
1744 1139 1885 1192 inter
1925 1147 2105 1208 partes

543 1235 793 1291 efferbuit
845 1235 1151 1299 aemulatio,
1201 1233 1336 1288 bella
1384 1232 1597 1297 crebra,
1663 1240 1719 1285 et
1767 1229 1993 1286 aliorum
2049 1230 2102 1284 in

539 1327 676 1382 alios
725 1324 982 1381 tumultus
1033 1334 1087 1380 et
1138 1324 1572 1387 incursationes,
1642 1323 1799 1377 sicuti
1857 1323 1907 1376 in
1951 1321 2104 1378 libris

546 1418 855 1489 Regnorum
888 1418 1089 1472 diserte
1129 1416 1434 1487 exponitur.
1481 1414 1580 1470 Ubi
1621 1425 1799 1469 autem
1844 1413 2100 1481 Chaldaei,

537 1519 594 1568 et
621 1511 912 1581 Babylonis
952 1509 1184 1565 Persicae
1228 1522 1402 1577 reges,
1455 1508 1760 1563 universam
1807 1521 1988 1576 prope,
2046 1514 2106 1561 ut

538 1606 612 1660 ita
645 1605 908 1667 dixerim,
956 1601 1193 1658 Judaam
1230 1603 1621 1666 devastassent,
1660 1601 1711 1655 in
1759 1615 1908 1654 suam
1963 1600 2104 1668 ipso-

537 1714 654 1753 rum
715 1707 936 1762 terram,
986 1706 1094 1751 tum
1139 1695 1414 1758 lsraelem,
1471 1705 1582 1749 tum
1631 1692 1821 1747 Judam
1865 1693 2103 1762 captivos

536 1791 900 1855 abduxerunt,
942 1789 993 1845 id
1022 1798 1126 1856 est,
1163 1799 1270 1843 tam
1295 1803 1388 1844 eos
1431 1789 1520 1858 qui
1547 1789 1599 1841 itt
1637 1785 1902 1851 Samaria,
1940 1800 2099 1854 quam

2228 589 2497 642 Ἰουδαίων
2527 588 2679 652 ἔθνος
2698 605 2711 618 ⁸
2742 589 2837 643 καὶ
2866 591 2920 643 αί
2953 590 3050 658 μὲν
3073 591 3203 644 δέκα
3227 591 3388 659 φυλαὶ
3411 595 3505 646 καὶ
3540 594 3598 645 τδ
3620 595 3788 664 ἥμισυ

2217 681 2386 750 φυλῆς
2425 680 2664 754 Ἐφραῒμ
2697 682 3114 752 μετῳκίσθησαν
3147 683 3204 733 ἐν
3237 685 3302 752 τῇ
3327 683 3633 755 Σαμαρείᾳ,
3658 685 3786 736 ὲνδέ

2215 790 2276 840 γε
2305 775 2415 835 τοῖς
2450 773 2838 843 Ἰεροσολύμοις
2867 773 3290 844 ἀπομεμένηκεν
3335 776 3366 844 ἡ
3412 775 3581 828 Ἰούδα
3624 776 3785 846 φυλὴ,

2214 863 2308 915 καὶ
2347 863 2409 915 τὸ
2437 865 2605 934 ἥμισυ
2649 863 2822 935 φυλῆς
2849 865 3500 936 Μανασσῆ.Ἐ6ασίλευόν
3542 883 3600 919 τε
3647 867 3786 920 κατά

2214 956 2438 1026 καιροὺς
2483 954 2687 1008 τούτων
2718 973 2776 1008 τε
2811 956 3079 1008 κάκείνων
3118 959 3285 1020 τινέςο
3321 959 3378 1009 ἐν
3409 959 3505 1027 μέν
3533 961 3647 1022 τοῖς
3688 959 3785 1012 Ἰε-

2214 1046 2550 1117 ροσολύμοις,
2569 1048 2617 1100 οί
2644 1049 2706 1100 ἐκ
2728 1047 2900 1118 φυλῆς
2936 1047 3124 1102 Ἰούδα·
3147 1051 3203 1102 ἐν
3221 1047 3278 1100 δέ
3293 1065 3355 1115 γε
3381 1051 3448 1119 τῇ
3479 1049 3782 1120 Σαμαρείᾳ,

2209 1143 2260 1194 οἱ
2313 1143 2376 1194 ἐκ
2425 1140 2598 1211 φυλῆς
2629 1140 2888 1212 Ἐφραίμ·
2918 1142 3012 1193 καὶ
3044 1140 3209 1204 πολὺς
3239 1141 3267 1192 ὁ
3299 1141 3500 1212 μεταξὺ
3544 1144 3655 1204 τοῖς
3690 1142 3785 1212 μέ-

2215 1248 2360 1302 ρεσιν
2394 1230 2676 1283 ἀνεκαίετο
2722 1229 2904 1298 ζῆλος,
2941 1228 3170 1298 πόλεμοί
3208 1246 3265 1279 τε
3302 1228 3506 1298 συχνοὶ,
3538 1228 3632 1280 καὶ
3661 1230 3782 1280 κατ’

2209 1321 2452 1392 ἀλλήλων
2505 1322 2928 1386 ἐπαναστάσεις,
2964 1320 3108 1384 καθᾲ
3161 1321 3255 1372 καὶ¹
3304 1323 3360 1374 ἐν
3421 1320 3621 1390 βίϐλοις
3675 1320 3783 1372 τῶν

2212 1415 2505 1468 Βασιλειῶν
2556 1414 2901 1486 διηγόρευται
2949 1415 3154 1483 σαφῶς.
3174 1413 3390 1484 Ἐπειδὴ
3436 1413 3492 1466 δὲ
3527 1413 3782 1468 Χαλδαῖοι

2210 1507 2302 1559 καὶ
2350 1508 2399 1559 οί
2449 1506 2764 1570 Βαϐυλῶνος
2818 1507 2919 1576 τῆς
2971 1505 3242 1578 Περσικῆς
3301 1505 3778 1576 βεὸασιλευκότες,

2210 1599 2444 1665 ἃπασαν,
2469 1599 2547 1663 ὡς
2578 1599 2706 1662 ἔπος
2743 1602 2936 1664 εἰπεῖν,
2969 1600 3067 1671 τὴν
3101 1600 3362 1654 Ἰουδαίαν
3397 1599 3781 1670 καταδῃώσαν-

2209 1706 2319 1752 τες,
2354 1689 2696 1760 ἀπεκόμισαν
2733 1691 3073 1761 αἰχμάλωτον
3103 1694 3181 1756 είς
3208 1691 3306 1763 τὴν
3349 1692 3557 1746 ἑαυτῶν
3591 1693 3681 1747 τόν
3717 1709 3776 1745 τε

2222 1782 2436 1854 Ἰσραὴλ
2485 1782 2578 1835 καὶ
2618 1784 2710 1836 τὸν
2752 1784 2980 1848 Ἰούδαν,
3029 1783 3172 1837 τοῦτ’
3202 1784 3338 1848 ἔστι,
3365 1785 3490 1847 τούς
3523 1802 3581 1837 τε
3620 1787 3677 1839 ὲν
3705 1787 3770 1856 τῇ

536 1884 625 1953 qui
667 1882 1055 1954 Hierosolymis
1097 1881 1378 1952 degebant.
1416 1880 1545 1934 Dein
1593 1877 1801 1934 liberati
1832 1892 1898 1931 ex
1930 1878 2098 1947 capti-

2203 1876 2518 1947 Σαμαρείᾳ,
2549 1877 2642 1929 καὶ
2680 1877 2805 1940 τοὺς
2839 1879 2897 1929 ἐν
2938 1879 3051 1939 τοῖς
3086 1877 3494 1947 Ἰεροσολύμοιςο
3529 1873 3644 1931 εἶτα
3674 1877 3771 1946 τῆς

534 1977 722 2039 vitate,
757 1977 934 2031 denuo
982 1973 1185 2030 reversi
1221 1982 1348 2028 sunt
1398 1973 1451 2028 in
1500 1986 1650 2026 suam
1705 1972 1998 2039 regionem,
2049 1981 2103 2024 et

536 2065 847 2120 habitarunt
894 2080 1000 2119 non
1049 2064 1279 2134 sparsim
1331 2069 1385 2116 et
1437 2061 1649 2116 divisim
1703 2061 1950 2130 amplius,
2007 2063 2100 2114 sed

535 2155 923 2226 Hierosolymis
955 2169 1166 2219 omnes,
1186 2162 1582 2221 cessaruntque
1618 2151 1906 2222 separatim
1949 2164 2102 2219 reges

536 2247 639 2302 sibi
666 2261 729 2301 ac
757 2245 1025 2316 principes
1053 2258 1270 2314 ungere,
1313 2253 1369 2298 et
1397 2244 1532 2298 alter
1553 2243 1778 2298 alterum
1821 2241 2101 2308 alilictare,

535 2355 598 2395 ac
621 2337 883 2404 invidere,
915 2339 1056 2392 sicut
1097 2338 1266 2407 prius.
1331 2336 1544 2392 Subditi
1594 2335 1736 2390 enim
1786 2343 1942 2389 erant
1992 2342 2104 2387 tum

536 2431 624 2486 uni
666 2429 984 2485 Zorobabeli
1035 2429 1146 2484 ﬁlio
1199 2428 1526 2493 Salatbielis,
1583 2428 1674 2496 qui
1732 2434 1850 2481 erat
1892 2441 1923 2480 e
1963 2425 2102 2479 tribu

532 2521 688 2588 Juda,
724 2535 833 2576 tum
859 2531 914 2577 et
946 2521 1071 2577 Jesu
1105 2521 1212 2576 ﬁlio
1240 2521 1520 2582 Josedeclt,
1549 2519 1636 2587 qui
1664 2517 1965 2572 sacerdotio
1993 2515 2103 2570 cla-

535 2618 662 2670 ruit.
699 2616 763 2670 Et
817 2615 930 2670 haec
982 2615 1196 2684 quidem
1249 2622 1334 2668 est
1378 2615 1432 2666 in
1473 2612 1558 2666 his
1608 2611 1863 2664 historica
1909 2608 2099 2662 oratio.

533 2708 817 2779 Prophetas
845 2717 1022 2763 autem
1055 2705 1338 2762 consilium
1369 2715 1424 2759 et
1449 2719 1643 2774 scopus
1679 2703 1798 2769 fuit,
1827 2711 1885 2755 ut
1912 2717 1977 2756 ex
2013 2715 2097 2755 re-

533 2799 636 2854 bus
663 2797 1106 2862 evitlentioribus,
1141 2808 1194 2851 et
1232 2813 1296 2851 ex
1333 2797 1439 2851 illis
1482 2811 1600 2865 quae
1628 2794 1754 2849 olim
1785 2802 2098 2860 evenerunt,

535 2889 842 2943 Servatoris
907 2888 1079 2943 nostri
1141 2889 1403 2942 adventus
1461 2885 1746 2957 praeclaras
1799 2901 1886 2940 res
1921 2896 2099 2954 gestas

532 2982 860 3037 ostenderet.
899 2981 1092 3036 Erecto
1137 2981 1337 3035 etenim
1385 2981 1558 3051 signo,
1607 2980 1656 3034 id
1715 2988 1815 3044 est,
1869 2978 2099 3048 pretiosa

531 3087 718 3137 cruce,
758 3081 812 3126 et
845 3087 938 3141 per
969 3071 1282 3128 universum
1318 3072 1501 3125 orbein
1547 3081 1812 3127 terrarum
1859 3068 2103 3140 gentibus

532 3179 595 3220 ac
624 3165 833 3234 populis
855 3165 1116 3231 exhibito,
1143 3164 1284 3220 facta
1321 3173 1404 3219 est
1430 3179 1617 3218 eorum
1647 3164 1737 3234 qui
1765 3163 2096 3232 captivitate,

531 3256 780 3311 videlicet
829 3256 1166 3325 intelligibill,
1201 3256 1598 3322 detinebantur,
1642 3255 1911 3321 remissio,
1954 3271 2097 3310 con-

532 3361 725 3402 cursus
755 3347 819 3401 ad
849 3349 1214 3415 concordiam,
1247 3349 1486 3402 Studium
1517 3348 1583 3401 ad
1612 3348 1912 3402 animorum
1943 3346 2095 3401 ﬁdei-

530 3449 637 3505 que
659 3437 1092 3502 consensionem,
1122 3437 1263 3492 inter
1295 3452 1410 3501 eos,
1446 3437 1536 3506 qui
1564 3436 1689 3490 olim
1717 3436 1870 3490 divisi
1919 3444 2094 3501 erant,

530 3527 619 3595 qui
644 3526 932 3581 multorum
964 3542 1027 3581 ac
1053 3528 1336 3597 impiorum
1365 3537 1710 3598 tyrannorum
1729 3527 1858 3597 jugo
1875 3542 2096 3596 oppres-

530 3619 575 3673 si
623 3617 943 3688 (servierunt
976 3619 1121 3672 enim
1191 3619 1415 3688 impuris
1459 3617 1757 3688 spiritibus)
1791 3633 1976 3673 eorum
2007 3617 2096 3686 ju-

530 3725 653 3779 gum
685 3709 1026 3778 depulerunt,
1053 3719 1108 3764 et
1139 3710 1204 3764 ad
1248 3709 1376 3764 Sion
1430 3710 1820 3780 intelligibilem
1869 3725 1961 3764 seu
2017 3708 2100 3765 Je-

531 3801 780 3866 rusalem,
819 3802 869 3855 id
901 3810 1004 3865 est,
1036 3800 1354 3867 Ecclesiam,
1404 3817 1612 3856 summa
1647 3817 1768 3856 cum
1819 3801 2096 3857 alacritate

537 3893 951 3958 conﬂuxerunt,
1006 3895 1205 3964 unique
1261 3893 1368 3963 regi
1436 3893 1631 3947 subditi
1685 3903 1837 3958 sunt,
1899 3894 1949 3948 id
1990 3904 2093 3956 est,

541 3985 781 4050 Christo,
812 3987 964 4057 cujus
1006 3995 1185 4056 typum
1222 4002 1331 4055 pra:
1356 4000 1415 4040 se
1455 3986 1623 4056 gessit
1656 3985 1971 4050 Zorobabel,
2015 4002 2097 4041 re-

536 4080 740 4132 ducens
768 4095 832 4134 ex
861 4079 1171 4148 captivitate
1210 4078 1480 4144 lsraelem,
1527 4088 1778 4132 versante
1832 4093 1952 4133 cum
2004 4079 2096 4132 illo

529 4171 690 4224 etiam
723 4171 848 4225 Jesu
894 4171 1173 4225 sacerdote
1222 4184 1436 4241 magno,
1469 4179 1529 4223 ut
1568 4171 1622 4224 in
1662 4185 1728 4224 eo
1769 4169 2097 4241 intelligatur

529 4263 801 4326 Christus,
825 4277 917 4317 rex
943 4263 1147 4332 pariter
1171 4270 1226 4317 et
1247 4264 1521 4327 sacerdos,
1553 4272 1792 4326 sanctus,
1817 4263 2090 4329 innocens,

531 4353 861 4422 impollutus,
904 4363 1216 4424 segregatus
1260 4368 1292 4408 a
1329 4352 1721 4422 peccatoribus,
1752 4364 1806 4408 et
1835 4353 2095 4410 excelsior

530 4444 683 4500 caslis
718 4444 912 4509 factus,
945 4443 1103 4499 siculi
1134 4443 1309 4514 inquit
1336 4443 1546 4498 divinus
1587 4443 1786 4499 Paulus
1822 4445 1887 4499 ⁸⁷.
1940 4445 2091 4512 Quod

2204 1965 2577 2036 αἰχμαλωσίας
2621 1965 3051 2037 ἀπηλλαγμένοι,
3088 1965 3250 2018 πάλιν
3295 1967 3664 2037 ὑπενόστησαν
3697 1969 3776 2029 είς

2203 2057 2300 2129 τὴν
2351 2058 2697 2123 ἐαυτῶν,καὶ
2749 2059 3136 2128 κατῳκήκασιν
3187 2057 3369 2111 οὐκέτι
3413 2058 3773 2132 διῃρημένως,

2203 2148 2317 2201 ἀλλ’
2349 2151 2407 2202 ἐν
2460 2151 2571 2212 τοῖς
2611 2147 2996 2220 Ἰεροσολύμοις
3052 2149 3322 2213 ἄπαντες’
3368 2150 3670 2205 ἐπαύσαντο
3718 2152 3774 2204 δὲ

2202 2240 2294 2294 τοῦ
2322 2243 2416 2295 καὶ
2441 2242 2542 2296 ἀνά
2571 2242 2737 2311 μέρος
2770 2242 2944 2312 χρίειν
2977 2242 3060 2311 ἐφ’
3085 2245 3296 2308 ἑαυτοῖς
3327 2243 3579 2314 βασιλέας
3603 2263 3659 2298 τε
3683 2246 3776 2298 καὶ

2203 2335 2488 2404 ἄρχοντας,
2525 2334 2729 2388 θλίὸειν
2759 2353 2816 2388 τε
2841 2336 3124 2407 ἀλλήλους,
3158 2338 3250 2391 καὶ
3283 2337 3480 2408 ζηλοῦν
3508 2339 3608 2402 ἐτι,
3634 2340 3774 2393 καθά

2203 2427 2297 2480 καὶ
2345 2427 2630 2497 πρότερον.
2667 2427 2784 2496 Ὑφ’
2819 2428 2899 2480 ἐνὶ
2955 2428 3061 2500 γάρ
3113 2431 3368 2498 γεγόνασι
3409 2429 3470 2482 τὸ
3523 2433 3774 2502 τηνικάδε

2203 2515 2522 2585 Ζωροϐάϐελ
2549 2516 2626 2586 τῷ
2654 2516 2745 2569 τοῦ
2787 2519 3077 2590 Σαλαθιὴλ,
3106 2521 3164 2582 ὃς
3186 2517 3252 2592 ἦν
3280 2523 3344 2574 ἐκ
3377 2521 3545 2594 φυλῆς
3582 2523 3772 2588 Ἰούδα,

2203 2607 2294 2659 καὶ
2324 2607 2503 2676 μέντοι
2537 2609 2628 2660 καὶ
2675 2609 2848 2679 Ἰησοῦ
2878 2611 2952 2680 τῷ
2977 2610 3070 2663 τοῦ
3107 2612 3348 2666 Ἰωσεδὲκ
3379 2614 3454 2684 τῷ
3484 2614 3770 2686 προῦχοντι

2202 2697 2322 2750 καθ’
2351 2699 2668 2769 ἱερωσύνην.
2695 2701 2804 2753 Καὶ
2846 2702 2875 2753 ὁ
2921 2703 3019 2772 μὲν
3053 2702 3152 2772 τῆς
3185 2704 3424 2775 ἱστορίας
3465 2706 3522 2758 ἐν
3565 2706 3772 2769 τούτοις

2202 2789 2374 2858 λόγος.
2405 2791 2597 2859 Γέγονε
2623 2792 2680 2844 δὲ
2709 2791 2786 2864 τῷ
2809 2796 3062 2867 προφήτῃ
3084 2797 3302 2861 σκοπὸς,
3331 2797 3406 2861 ὡς
3430 2799 3494 2850 ἐκ
3519 2800 3774 2870 πραγμά-

2205 2899 2312 2934 των
2344 2884 2762 2956 ἐμφανεστέρων
2793 2887 2886 2940 καὶ
2919 2888 2980 2939 ἐκ
3015 2888 3119 2942 τῶν
3147 2891 3257 2953 τοῖς
3301 2891 3463 2945 πάλαι
3495 2891 3769 2962 συμϐεϐη-

2203 2972 2374 3026 κότων
2403 2977 2500 3045 τῆς
2532 2974 2624 3027 τοῦ
2660 2976 2909 3046 Σωτῆρος
2940 2978 3095 3048 ήμῶν
3128 2979 3418 3050 ἐπιδημίας
3461 2981 3769 3048 καταδεῖξαι

2200 3066 2267 3118 τὰ
2317 3066 2731 3138 κατορθώματα.
2771 3068 3171 3143 Ἐγηγερμένου
3220 3074 3328 3143 γὰρ
3374 3073 3465 3126 τοῦ
3519 3074 3767 3144 σημείου,

2200 3157 2342 3210 τοῦτ’
2376 3159 2512 3224 ἐστι,
2548 3159 2640 3212 τοῦ
2670 3161 2851 3230 τιμίου
2891 3162 3148 3232 σταυροῦ,
3183 3166 3275 3217 καὶ
3304 3165 3579 3235 ἐμφανοῦς
3621 3183 3769 3234 γεγο·

2199 3250 2348 3313 νότος
2371 3254 2481 3314 τοῖς
2511 3252 2613 3305 ἀνὰ
2657 3255 2835 3306 πᾶσαν
2877 3255 2976 3325 τὴν
3002 3257 3325 3327 οἰκουμένην
3371 3258 3548 3311 ἔθνεσί
3577 3277 3635 3312 τε
3678 3262 3768 3314 καὶ

2196 3339 2361 3402 λαοῖς,
2395 3341 2615 3409 γέγονεν
2663 3344 2856 3413 ἄφεσις
2890 3344 2997 3397 τῶν
3038 3347 3094 3398 ἐν
3127 3348 3474 3420 αἰχμαλωσίᾳ
3504 3349 3682 3420 (δῆλον
3711 3353 3767 3405 δὲ

2195 3431 2274 3484 ὅτι
2303 3434 2368 3503 τῇ
2394 3432 2599 3504 νοητῇ),
2630 3433 2898 3505 συνδρομὴ
2916 3435 3048 3506 πρὸς
3066 3436 3386 3508 ὁμοψυχίαν,
3409 3439 3609 3510 σπουδὴ
3629 3443 3768 3512 πρὸς

2196 3523 2444 3594 ὁμόνοιαν
2483 3527 2575 3578 καὶ
2605 3527 2927 3596 ὁμοπιστίαν
2956 3528 3062 3581 τῶν
3107 3529 3275 3583 πάλαι
3312 3529 3675 3602 διῃρημένωνο
3714 3535 3764 3587 οἳ

2196 3616 2409 3680 πολλοῖς
2452 3634 2512 3670 τε
2568 3620 2663 3672 καὶ
2704 3620 2939 3684 ἀνοσίοις
2999 3623 3285 3693 τυράννοις
3340 3626 3764 3697 κατεζευγμένοι

2198 3707 2591 3777 (δεδουλεύκασι
2608 3710 2715 3780 γάρ
2730 3714 2840 3774 τοῖς
2869 3712 3199 3785 ἀκαθάρτοις
3214 3715 3526 3787 πνεύμασι),
3546 3719 3766 3771 ἀπεσεί-

2198 3815 2358 3851 σαντο
2391 3799 2488 3869 μὲν
2513 3800 2603 3853 τὸν
2631 3802 2851 3854 ἐκείνων
2881 3803 3066 3872 ζυγὸν,
3097 3806 3565 3877 συνδεδραμήκασι
3588 3809 3644 3862 δὲ
3671 3810 3766 3864 καὶ

2200 3890 2344 3960 μάλα
2388 3891 2680 3962 προθύμως
2718 3895 2796 3953 είς
2827 3895 2926 3965 τὴν
2957 3896 3151 3968 νοητὴν
3183 3896 3340 3963 Σιὼν,
3369 3900 3535 3968 ῆγουν
3570 3902 3767 3970 Ἰερου-

2199 3983 2396 4052 σαλὴμ,
2427 3982 2574 4035 τοῦτ’
2603 3984 2737 4043 ἔστι.
2766 3985 2863 4056 τὴν
2901 3987 3243 4060 Ἐκκλησίαν,
3271 3992 3364 4044 καὶ
3390 3992 3477 4061 ὑφ’
3509 3993 3588 4046 ἐνὶ
3609 3993 3766 4061 γεγό-

2195 4090 2316 4125 νασι
2353 4072 2578 4143 βασιλεῖ,
2611 4075 2752 4128 τοῦτ’
2782 4076 2896 4128 ἐστι
2924 4077 3163 4150 Χριστῷ,
3201 4073 3260 4133 οῦ
3295 4081 3387 4133 καὶ¹
3420 4083 3500 4145 εἰς
3531 4082 3701 4136 τύπον
3734 4085 3763 4136 δ

2195 4167 2514 4237 Ζωροσάϐελ
2545 4166 2630 4241 ῆν,
2661 4172 3006 4242 ἀνακομίζων
3035 4175 3100 4227 ἐκ
3131 4175 3230 4246 τῆς
3254 4178 3627 4248 αἰχμαλωσίας
3673 4179 3764 4232 τὸν

2207 4259 2419 4330 Ἰσραὴλ
2467 4261 2716 4326 συνόντος
2763 4264 2912 4334 αύτῷ
2954 4266 3049 4318 καὶ
3087 4266 3262 4338 Ἰησοῦ
3305 4268 3398 4322 τοῦ
3448 4271 3635 4341 ἱερέως
3667 4272 3762 4324 καὶ

2196 4351 2451 4421 μεγάλου,
2484 4353 2549 4406 ἵν’
2579 4355 2635 4406 ἐν
2666 4355 2811 4424 αύτῷ
2839 4357 3027 4427 νοῆται
3059 4359 3293 4430 Χριστὸς
3319 4360 3566 4432 βασιλεύς
3587 4381 3644 4416 τε
3670 4365 3763 4417 καὶ

2194 4443 2481 4514 ἀρχιερεὺς
2505 4483 2519 4507 ,
2553 4446 2727 4509 ὅσιος,
2765 4447 2990 4513 ἄκακος,
3028 4451 3287 4521 ἀμίαντος
3311 4494 3325 4520 ,
3363 4456 3762 4526 κεχωρισμένος

528 4543 706 4589 autem
745 4532 946 4589 Christi
980 4533 1206 4605 lignum,
1239 4535 1289 4588 id
1323 4545 1424 4602 est,
1465 4536 1698 4605 pretiosa
1731 4552 1882 4602 crux,
1936 4540 2090 4607 quasi

2202 4535 2300 4588 ἀπὸ
2348 4537 2455 4590 τῶν
2500 4539 2855 4611 ἁμαρτωλῶν,
2882 4545 2978 4596 καὶ
3019 4545 3348 4618 ὑψηλότερος
3380 4549 3487 4601 τῶν
3518 4550 3760 4622 οὐρανῶν

526 4623 859 4680 conciliatrix
905 4635 961 4680 et
1003 4628 1288 4680 mediatrix
1319 4626 1500 4693 fuerit,
1537 4637 1596 4681 ut
1627 4628 1888 4686 universae
1935 4639 2094 4687 teme

527 4716 717 4772 incola:
762 4717 816 4771 in
873 4715 995 4772 ﬁdei
1025 4718 1480 4786 conspirationem
1501 4718 1884 4784 coalescerent,
1916 4731 1971 4776 et
2001 4738 2096 4792 per

529 4809 676 4862 illum
701 4807 850 4863 Patri
890 4809 1229 4862 sanctissimo
1269 4809 1456 4864 intime
1489 4825 1554 4865 ac
1586 4812 1881 4867 domestice
1909 4816 2094 4868 conci-

529 4898 810 4962 liarentur,
867 4913 931 4952 ex
980 4897 1064 4950 his
1125 4910 1243 4965 quae
1302 4897 1523 4966 scripsit
1583 4897 1800 4953 divinus
1860 4897 2094 4956 Joannes

526 4988 871 5060 evangelista,
914 4987 1118 5043 clarum
1173 5000 1293 5042 esse
1321 4988 1521 5058 poterit
1543 4997 1596 5044 et
1619 4991 1978 5058 perspicuum.
2011 4991 2096 5046 In-

529 5078 766 5133 troduxit
791 5080 934 5133 enim
970 5077 1312 5134 maledictum
1345 5080 1490 5134 illum
1520 5079 1775 5149 Caipham
1815 5085 1869 5136 in
1911 5084 2092 5138 conci-

526 5169 619 5232 lio,
646 5168 911 5224 dicentem
957 5187 970 5224 :
1011 5186 1030 5220 ι
1074 5166 1178 5223 Vos
1205 5170 1426 5225 nescitis
1450 5172 1762 5240 quidquam,
1797 5189 1968 5243 neque
2000 5191 2094 5229 co-

527 5262 709 5330 gitatis
741 5262 992 5330 expedire
1034 5262 1197 5332 206
1228 5256 1402 5328 nobis,
1436 5273 1494 5316 ut
1537 5279 1675 5319 unus
1714 5267 1872 5320 botno
1899 5269 2093 5322 moria-

531 5360 620 5404 tur
643 5365 739 5421 pro
765 5353 980 5421 p0pulo,
1009 5363 1065 5407 et
1100 5367 1206 5406 non
1263 5362 1403 5406 totus
1451 5353 1677 5423 papulus
1713 5366 1895 5424 pereat
1941 5357 2003 5410 ⁸⁸.
2067 5377 2086 5411 ι

527 5441 731 5508 Quibus
752 5443 1024 5511 subjunxit
1057 5460 1069 5496 :
1106 5462 1124 5495 ι
1163 5441 1276 5497 Ηοο
1307 5453 1487 5498 autem
1518 5445 1653 5499 dixit
1679 5460 1782 5500 non
1826 5462 1854 5500 a
1894 5448 2088 5517 seipso,

527 5533 622 5588 sed
670 5532 925 5589 sacerdos
981 5548 1102 5588 cum
1157 5544 1300 5590 esset
1351 5539 1476 5593 anui
1533 5538 1695 5607 illius,
1753 5544 2090 5612 prophetavit

527 5621 846 5678 moriturum
871 5637 990 5679 esse
1009 5621 1189 5680 Jesum
1218 5641 1314 5696 pro
1345 5639 1524 5698 gente,
1556 5641 1610 5687 et
1644 5647 1749 5689 non
1794 5650 1890 5704 pro
1928 5649 2087 5708 gente

605 5781 648 5815 "
671 5778 833 5840 Hebr.
859 5795 955 5850 vtt,
983 5781 1073 5839 26.
1149 5785 1194 5817 ⁸⁸
1217 5783 1368 5843 Joan.
1399 5804 1475 5856 XI,
1505 5788 1593 5845 49.

2192 4627 2450 4696 γεγονὼς,
2485 4631 2627 4684 καθά
2656 4649 2818 4704 φησιν
2849 4635 2876 4686 ὁ
2905 4635 3187 4702 θεσπέσιος
3215 4638 3576 4704 Παῦλος.⁹οτι
3605 4642 3662 4694 δὲ
3700 4644 3759 4696 τὸ

2192 4720 2427 4791 Χριστοῦ
2468 4726 2714 4793 σημεῖον,
2743 4725 2886 4778 τοῦτ’
2916 4726 3083 4795 ἐστιν,
3111 4731 3138 4782 ὁ
3174 4731 3354 4801 τίμιος
3406 4733 3636 4804 σταυρὸς
3665 4734 3759 4803 γέ·

2192 4830 2316 4882 γονε
2359 4815 2615 4885 πρόξενος
2663 4817 2758 4871 τοῦ
2814 4821 3197 4892 συνενεχθῆναι
3250 4824 3388 4896 πρὸς
3438 4827 3759 4895 ὁμοπιστίαν

2192 4909 2318 4971 τοὺς
2351 4908 2454 4962 ἀνά
2489 4912 2668 4964 πᾶσαν
2719 4912 2816 4983 τὴν
2864 4915 2988 4985 γῆν,
3019 4916 3362 4987 οίκειωθῆναί
3406 4934 3466 4970 τε
3513 4918 3656 4972 οὕτω
3693 4920 3761 4973 δι’

2192 4998 2356 5051 αὑτοῦ
2399 4999 2477 5070 τῷ
2525 5003 2774 5074 παναγίῳ
2819 5005 3011 5076 Πατρὶ,
3051 5007 3218 5076 σαφὲς
3257 5006 3322 5060 ἂν
3355 5007 3562 5076 γένοιτο
3587 5009 3655 5062 δι’
3686 5002 3762 5064 ὧν

2193 5091 2466 5163 γέγραφεν
2499 5091 2526 5142 ὁ
2555 5093 2836 5159 θεσπέσιος
2869 5098 3122 5169 Ἰωάννης
3143 5101 3171 5152 δ
3194 5099 3601 5171 εύαγγελιστής.
3637 5102 3762 5155 Εἰσ-

2194 5183 2456 5253 κεκὸμικε
2478 5184 2586 5255 γὰρ
2615 5185 2704 5239 τὸν
2737 5188 3007 5258 ἐπάρατον
3036 5190 3290 5259 Καϊάφαν
3311 5194 3425 5253 τοῖς
3453 5191 3510 5243 ἐν
3539 5190 3615 5261 τῷ
3644 5208 3764 5244 συν-

2194 5269 2356 5342 εδρίῳ
2389 5272 2612 5341 λέγοντα
2633 5294 2646 5306 ·
2691 5295 2708 5326 ι
2734 5277 2919 5347 Ὑμεῖς
2953 5279 3051 5331 ούκ
3076 5279 3251 5332 οἴδατε
3278 5280 3450 5346 οὐδὲν,
3476 5281 3595 5335 οὐδὲ
3618 5280 3765 5349 λογί-

2195 5360 2349 5424 ζεσθε
2377 5363 2456 5416 ὅτι
2492 5367 2756 5439 συμφέρει
2791 5370 2940 5439 ἡμῖν,
2981 5371 3066 5423 ἵνα
3096 5366 3176 5434 εἷς
3201 5373 3484 5443 ἄνθρωπος
3517 5373 3764 5445 ἀποθάνῃ

2198 5459 2339 5532 ὑπὲρ
2378 5460 2472 5514 τοῦ
2517 5463 2666 5531 λαοῦ,
2701 5468 2793 5518 καὶ¹
2837 5468 2911 5538 μὴ
2955 5467 3074 5521 ὅλον
3125 5469 3185 5522 τὸ
3229 5469 3379 5533 ἔθνος
3418 5470 3706 5541 ἀπόληται.
3741 5489 3759 5522 ι

2196 5552 2612 5625 Προσεπήνεγκε
2630 5557 2684 5609 δὲ
2699 5557 2905 5621 τούτοις
2926 5559 3126 5624 αὐτοῖς’
3150 5579 3168 5612 ι
3191 5561 3362 5614 Τοῦτο
3384 5561 3440 5616 δέ
3457 5563 3548 5632 ἀφ’
3569 5561 3763 5615 ἑαυτοῦ

2192 5641 2290 5696 οὐκ
2319 5638 2491 5714 εἷπεν,
2512 5645 2625 5700 ἀλλ’
2651 5647 2937 5718 ἀρχιερεὺς
2977 5648 3052 5705 ὢν
3098 5649 3192 5705 τοῦ
3241 5651 3487 5709 ἐνιαυτοῦ
3532 5651 3763 5717 ἐκείνου,
