4152 6366
360 447 459 501 555

1478 442 1544 496 ΙΝ
1584 440 1810 497 ιελιιιιι
1852 439 1975 494 LIB.
2020 438 2084 494 11.
2125 435 2359 492 TOMUS
2399 436 2437 492 Ι.

3465 433 3571 487 558

360 575 757 630 προεφητευσεν
785 559 864 613 ὅτι
896 557 1117 629 ἔμελλεν
1163 557 1366 629 Ἰησοῦς
1400 560 1758 631 ἀποθνήσκειν
1780 557 1919 628 ὑπὲρ

2038 554 2211 617 tolum,
2226 553 2321 609 sed
2345 564 2401 609 ut
2418 551 2552 608 tilius
2574 552 2665 608 lJet
2684 551 2965 621 dissipatos
2986 551 3037 606 in
3055 563 3216 605 unum
3234 557 3450 619 cogeret
3464 548 3532 599 ".
3546 563 3565 598 ι

361 651 445 705 τοῦ
476 650 681 715 ἔθνους,
721 652 815 705 καὶ
840 652 937 723 ούχ
961 652 1103 722 ὑπὲρ
1128 651 1221 706 τοῦ
1250 652 1434 716 ἔθνους
1469 653 1647 723 μόνον,
1682 651 1794 706 ἀλλ’
1831 649 1919 704 ἵνα

359 742 538 795 καὶτὰ
563 742 729 795 τέκνα
755 741 847 796 τοῦ
872 742 1006 796 Θεοῦ
1043 744 1111 797 τά
1152 743 1608 815 διεσκορπισμένα
1641 742 1920 815 συναγάγῃ

358 835 436 897 εις
479 834 557 888 ἐν.
592 852 610 886 ι
645 835 843 903 Γέγονε
887 836 994 908 γὰρ
1028 838 1056 890 ὁ
1086 837 1317 908 Χριστὸς
1349 838 1537 909 είρήνη
1572 837 1745 908 ήμῶν,
1780 836 1921 891 κατά

359 926 454 989 τὰς
508 925 749 996 Γραφάς,
794 928 824 978 ό
870 927 931 980 τὸ
980 927 1290 999 μεσότοιχον
1322 928 1415 982 τοῦ
1445 928 1694 999 φραγμοῦ
1735 927 1920 992 λύσας,

362 1017 453 1071 καὶ
476 1016 567 1071 τὸν
591 1018 752 1087 νόμον
778 1017 887 1071 τῶν
926 1018 1153 1072 ἐντολῶν
1190 1022 1246 1074 ὲν
1281 1020 1510 1091 δόγμασι
1550 1021 1919 1092 καταργήσας,

364 1108 457 1161 καὶ
486 1110 567 1172 είς
594 1108 689 1161 ἕνα
715 1109 899 1163 καινὸν
928 1109 1210 1182 ἄνθρωπον
1240 1112 1365 1175 τοὺς
1397 1111 1490 1165 δύο
1520 1111 1707 1175 κτίσας
1737 1112 1919 1175 λαούςο

371 1198 536 1268 ἀμφω
556 1215 613 1251 τε
635 1199 702 1251 δι’
722 1198 912 1253 ἑαυτοῦ
947 1200 1325 1255 καταλλάττων
1346 1201 1423 1272 τῷ
1455 1201 1571 1272 Θεῷ
1600 1203 1692 1257 καὶ
1726 1203 1920 1274 Πατρὶ,

369 1289 461 1342 καὶ
507 1288 608 1358 τήν
653 1288 852 1359 μεταξὺ
886 1290 1163 1343 καταλύων
1209 1290 1429 1362 ἔχθραν,
1460 1291 1525 1344 ἵν’
1555 1292 1601 1344 οἱ
1635 1292 1833 1355 πάντες
1865 1294 1923 1346 ἐν

366 1379 443 1433 ἐνί
470 1378 741 1451 πνεύματι
771 1380 864 1433 καὶ
896 1381 955 1433 ἐν
992 1382 1070 1435 ἐνὶ
1100 1380 1331 1451 σώματι,
1369 1381 1638 1453 σύμψυχοί
1667 1402 1724 1437 τε
1759 1383 1923 1453 ἀλλή-

363 1470 472 1533 λοις
521 1472 615 1523 καὶ¹
650 1471 923 1543 σύσσωμοι
966 1473 1265 1542 γεγονότες,
1293 1476 1350 1528 ἐν
1383 1477 1530 1547 αύτῷ
1577 1476 1633 1530 δὲ
1685 1477 1925 1547 δηλονότι

364 1561 442 1632 τῷ
466 1562 707 1634 Χριστῷ,
744 1567 1250 1636 καρποφορήσωμεν
1275 1567 1422 1639 αὐτῷ
1464 1570 1561 1640 τὴν
1593 1569 1730 1640 ὑπὲρ
1763 1571 1925 1639 νόμον

365 1651 729 1724 δικαιοσύνην,
766 1654 861 1707 καὶ
886 1655 987 1724 τῆς
1011 1655 1367 1728 εύαγγελικῆς
1398 1657 1675 1723 πολιτείας
1702 1658 1799 1731 τὴν
1823 1677 1924 1713 καο

370 1743 659 1816 θαρότητα.
691 1745 897 1799 Οὐκοῦν
930 1746 1004 1811 ὠς
1035 1748 1142 1802 ἀπό
1173 1767 1236 1819 γε
1271 1750 1378 1803 τῶν
1406 1752 1689 1822 ἱστορικῶς
1716 1769 1927 1825 πεπρα-

368 1837 586 1907 γμένων
604 1838 684 1901 είς
704 1837 937 1910 Θεωρίαν
955 1840 1246 1911 ἐρχόμενος
1261 1840 1357 1913 τὴν
1374 1842 1767 1915 πνευματικὴν,
1805 1860 1927 1897 συν-

368 1926 518 1995 ήσεις
550 1921 610 1980 εὖ
642 1927 786 1998 μάλα
818 1927 912 1981 τοῦ
941 1929 1176 2000 Χριστοῦ
1207 1930 1269 1984 τὸ
1302 1934 1617 2004 μυστήριον.

439 2020 547 2073 Kal
599 2020 1080 2088 πετασθήσονται
1133 2022 1202 2074 ἐν
1256 2022 1486 2089 πλοίοις
1530 2023 1925 2091 ἀλλοφύλων*

370 2108 689 2167 θάλασσαν
738 2110 857 2181 ἅμα
910 2115 1388 2181 προνομεύσουσι
1413 2155 1428 2179 ,
1483 2114 1581 2167 καὶ
1630 2115 1770 2181 τοὺς
1829 2114 1929 2183 ἀφ’

372 2203 549 2271 ἡλίου
574 2202 903 2269 ἀνατολῶν,
939 2204 1038 2258 καὶ
1085 2204 1439 2273 Ἰδουμαίαν,
1478 2206 1577 2259 καὶ
1624 2205 1724 2259 ἐπὶ
1758 2207 1937 2261 Μωὰϐ

372 2294 606 2364 πρῶτον
635 2296 741 2361 τὰς
768 2295 969 2365 χεῖρας
1006 2296 1432 2351 ἐπιϐαλοῦσιν·
1464 2300 1518 2352 ol
1558 2297 1626 2351 δὲ
1658 2298 1774 2353 υἱοὶ
1807 2299 1932 2369 Ἀμ-

368 2390 501 2459 μὼν
536 2387 751 2456 πρῶτοι
775 2390 1240 2444 ὑπακούσονται.

443 2481 577 2534 Τίνα
608 2479 673 2551 δὴ
703 2481 902 2552 τρόπον
927 2483 974 2534 οί
1005 2482 1070 2536 ἐκ
1094 2481 1203 2534 τῶν
1228 2480 1508 2554 τεσσάρων
1534 2482 1817 2554 πτερύγων
1836 2484 1935 2554 τῆς

376 2571 497 2641 γῆς,
524 2570 670 2625 τοῦτ’
693 2572 828 2636 ἔστι,
856 2572 1032 2626 πάντα
1057 2572 1126 2627 τὰ
1150 2572 1275 2644 ἔθνη
1300 2573 1779 2647 συνενεχθήσεσθαι
1800 2575 1937 2646 πρὸς

376 2664 603 2735 ἑνότητα
623 2665 721 2736 τὴν
748 2667 804 2719 ἐν
822 2665 1039 2737 Χριστῷ
1057 2665 1144 2719 διὰ
1160 2665 1413 2733 πίστεως,
1431 2668 1524 2720 καὶ
1545 2669 1622 2732 είς
1644 2667 1936 2739 σύνδεσμον

377 2756 599 2828 ἀγάπης
649 2754 1039 2828 ἀγιοπρεποῦς,
1073 2756 1349 2829 διατρανοῖ
1388 2757 1550 2812 πάλιν
1600 2759 1657 2812 ἐν
1703 2758 1933 2824 τούτοις.

377 2848 490 2918 Πρὸ
525 2848 622 2917 μὲν
643 2848 751 2918 γὰρ
779 2848 872 2902 τοῦ
901 2849 1081 2920 τιμίου
1115 2849 1346 2921 σταυροῦ
1377 2850 1487 2913 τοῖς
1510 2848 1685 2918 ἁγίοις
1708 2849 1938 2905 ἀποστό-

376 2940 488 3003 λοις
516 2942 750 3008 ἔφασκεν
775 2943 804 2995 ό
828 2942 1059 3012 Χριστός
1078 2955 1093 2969 ·
1147 2960 1165 2993 ι
1197 2942 1293 3005 Εἰς
1323 2941 1439 2996 ὁδὸν
1468 2940 1637 2995 ἐθνῶν
1674 2942 1749 3013 μὴ
1776 2943 1939 2997 ἀπέλ-

378 3030 527 3100 θητε,
558 3033 649 3084 καὶ
694 3033 773 3095 εἰς
812 3033 964 3085 πόλιν
992 3031 1342 3105 Σαμαρειτῶν
1378 3032 1452 3105 μὴ
1493 3034 1770 3107 εἰσέλθητε
1793 3052 1807 3065 ·
1840 3052 1938 3088 πο-

381 3121 603 3192 ρεύεσθε
652 3122 709 3174 δέ
762 3121 963 3194 μᾶλλον
1009 3124 1145 3195 πρὸς
1169 3123 1481 3178 ἀπολωλότα
1511 3125 1760 3196 πρόϐατα
1790 3127 1939 3180 οίκου

388 3210 625 3283 Ἰσραήλ.
653 3230 673 3264 ι
692 3212 779 3277 Ὠς
805 3212 911 3284 γάρ
929 3212 1090 3275 αὐτὸς
1112 3212 1215 3284 ἔφη
1236 3213 1396 3268 πάλιν
1415 3232 1428 3245 ·
1454 3233 1472 3266 ι
1498 3217 1614 3270 Οὐκ
1631 3215 1940 3287 ἀπεστάλην

375 3303 426 3355 si
475 3301 549 3374 μὴ
598 3303 678 3366 είς
721 3302 789 3355 τὰ
837 3301 1150 3356 ἀπολωλότα
1185 3303 1429 3376 πρόϐατα
1455 3304 1604 3359 οῐκου
1647 3306 1880 3378 Ἰσραήλ.
1914 3325 1933 3359 ι

390 3394 605 3465 Ἐπειδὴ
634 3393 691 3448 δὲ
716 3394 1027 3458 δυσσεϐείας
1051 3396 1267 3467 ἀπάσης
1295 3396 1462 3467 ἀκρον
1500 3397 1822 3467 ἐληλακότες
1853 3413 1940 3450 πεο

379 3487 768 3559 παρῳνήκασιν
796 3488 877 3551 είς
904 3487 1158 3559 Χριστὸν,
1191 3488 1285 3541 καὶ
1315 3489 1681 3543 ἀπεκτόνασιν.
1699 3489 1941 3561 ἀρχηγὸν

378 3578 478 3649 τῆς
510 3578 676 3650 ζωῆς,
711 3579 916 3634 καὶτὸν
936 3580 1090 3649 ἀγιον
1111 3580 1206 3633 καὶ
1231 3579 1436 3634 δίκαιον
1463 3581 1767 3655 ἠρνήσαντο
1787 3599 1800 3614 ·
1822 3581 1942 3635 τότε

378 3670 465 3741 δὴ,
514 3670 637 3725 τότε
661 3671 910 3743 πατήσας
935 3671 1027 3726 τὸν
1070 3671 1316 3738 θάνατον,
1353 3673 1448 3726 καὶ
1476 3672 1846 3747 ἐγηγερμένος
1878 3673 1943 3726 ἐκ

381 3761 612 3834 νεκρῶν,
652 3765 763 3828 τοῖς
794 3763 969 3832 ἁγίοις
1003 3763 1306 3819 ἐνετέλλετο
1338 3765 1631 3838 μαθηταῖς·
1685 3785 1704 3818 ι
1736 3767 1943 3837 Πορευ-

380 3854 562 3919 θέντες
618 3855 991 3928 μαθητεύσατε
1033 3857 1212 3912 πάντα
1260 3856 1328 3911 τὰ
1382 3857 1543 3928 ἔθνη,
1594 3856 1944 3929 βαπτίζοντες

378 3948 576 4013 αὐτοὺς
625 3950 705 4015 είς
750 3948 811 4003 τδ
855 3949 1023 4020 ὄνομα
1070 3950 1303 4022 Πατρὸς,
1331 3950 1425 4003 καὶ
1468 3948 1620 4017 Υίοῦ,
1658 3951 1751 4005 καὶ
1786 3950 1940 4019 ἁγίου

380 4040 723 4111 Πνεύματος·
772 4041 1110 4105 διδάσκοντες
1156 4041 1355 4107 αὐτοὺς
1398 4044 1583 4114 τηρεῖν
1624 4043 1799 4097 πάντα
1844 4044 1945 4097 ὃσα

379 4129 733 4201 ἐνετειλάμην
777 4131 925 4201 ὑμῖν.
955 4150 973 4183 ι
1015 4131 1230 4203 Ἐπειδὴ
1272 4132 1331 4186 δέ
1377 4132 1713 4203 ἀναϐέϐηκεν
1747 4134 1825 4197 είς
1853 4132 1944 4188 τὸν

378 4219 629 4291 ούρανδν,
658 4215 774 4273 εἶτα
805 4221 1275 4293 καταπεφοίτηκεν
1312 4224 1391 4287 είς
1428 4223 1681 4295 αὑτοὺςή
1714 4223 1773 4289 ἐξ
1808 4223 1943 4294 ὑψοῦ

379 4311 630 4381 δύναμις,
660 4312 841 4365 οὐκέτι
875 4316 1244 4386 μεμενήκασιν
1284 4314 1427 4369 κατὰ
1471 4317 1640 4388 μόνην
1670 4317 1769 4388 τὴν
1814 4318 1944 4370 Ἰου-

379 4402 537 4457 δαίαν
579 4403 1051 4476 εὐαγγελιζόμενοι
1097 4406 1187 4460 τὸν
1216 4405 1440 4478 Ἰησοῦν,
1492 4408 1609 4462 ἀλλ’
1635 4410 1683 4461 οί
1724 4409 1821 4480 μὲν
1864 4410 1944 4472 είς

395 4492 528 4555 Ἦῶ,
558 4493 653 4547 καὶ
681 4493 779 4557 τὰς
801 4493 927 4565 τῇδε
951 4494 1133 4559 πόλεις
1158 4496 1409 4559 ἀπιόντες
1440 4497 1738 4569 ἐκήρυττον
1758 4513 1773 4527 ο
1799 4498 1848 4550 οἱ
1888 4497 1943 4551 δὲ

2019 645 2217 703 Factus
2245 655 2327 701 est
2360 646 2502 701 enim
2524 644 2774 701 Christus
2796 660 2901 715 pax
2928 652 3133 710 nostra,
3156 641 3309 712 juxta
3331 639 3576 710 Scriptu-

2020 751 2108 791 ras
2133 735 2200 803 '°,
2240 736 2331 807 qui
2362 734 2595 791 medium
2630 734 2886 804 parietem
2927 732 3175 789 maceria:
3202 730 3387 796 solvit,
3419 739 3474 784 et
3501 728 3577 783 le-

2019 843 2138 898 gem
2170 829 2540 883 mandatorum
2570 827 2624 882 in
2646 827 2881 883 decretis
2909 824 3206 889 evacuavit,
3238 832 3294 878 et
3325 822 3378 876 in
3409 835 3574 875 unum

2021 936 2216 976 novum
2247 921 2517 976 hominem
2549 920 2681 975 duos
2716 919 2938 989 populos
2978 915 3237 979 condidit,
3268 914 3454 970 ambos
3483 927 3579 983 per

2020 1011 2256 1082 seipsum
2280 1012 2392 1067 Deo
2415 1020 2470 1065 et
2507 1010 2651 1065 Patri
2681 1008 3067 1075 reconciliavit,
3109 1016 3164 1062 et
3199 1005 3575 1062 intermediam

2022 1101 2359 1157 inimicitiam
2390 1100 2625 1167 diremit,
2653 1109 2710 1156 ut
2740 1115 2928 1156 omnes
2978 1099 3031 1155 in
3076 1112 3184 1154 uno
3234 1110 3478 1167 corpore,
3526 1103 3581 1151 et

2024 1193 2076 1247 in
2109 1207 2214 1248 uno
2240 1192 2453 1263 spiritu,
2493 1192 2759 1247 etanimte
2784 1202 2838 1247 et
2866 1190 3110 1260 corporis
3142 1189 3400 1245 societate
3440 1187 3580 1243 inter

2024 1298 2081 1339 se
2098 1284 2295 1354 juncti,
2332 1284 2385 1338 in
2414 1285 2527 1354 ipso
2551 1283 2793 1339 videlicet
2820 1282 3032 1337 Christo
3064 1280 3297 1335 fructum
3331 1279 3381 1335 ei
3418 1277 3579 1348 justi—

2026 1376 2133 1441 tiae,
2159 1392 2278 1446 qua:
2299 1391 2461 1445 supra
2486 1375 2657 1446 legem
2702 1383 2805 1435 est.
2839 1382 2895 1430 et
2934 1374 3222 1444 puritatem
3263 1369 3584 1443 evangelica:

2025 1468 2149 1523 vita:
2173 1468 2532 1539 proferamus.
2571 1469 2751 1538 Itaque
2801 1468 2848 1523 si
2890 1468 2959 1523 ab
3012 1467 3098 1521 his
3153 1480 3274 1537 quae
3328 1464 3585 1519 historice

2024 1569 2171 1631 gesta
2206 1569 2354 1625 sunt,
2386 1560 2452 1614 ad
2488 1561 2753 1615 tlteoriam
2794 1570 2848 1614 et
2890 1558 3394 1630 contemplationem
3435 1555 3587 1627 spiri-

2028 1653 2225 1710 tualem
2281 1655 2503 1718 venias,
2555 1655 2756 1724 optime
2801 1653 2999 1711 Christi
3051 1652 3371 1724 mysterium
3425 1649 3584 1707 intel—

2027 1746 2179 1818 liges.

2104 2033 2265 2089 Vens.
2292 2032 2379 2088 14.
2411 2032 2476 2087 Et
2518 2033 2763 2089 volabunt
2804 2034 2857 2088 in
2899 2034 3115 2089 navibus
3156 2032 3589 2104 alienigenarum,

2034 2142 2181 2181 mare
2211 2125 2368 2181 simul
2394 2123 2789 2193 praedabantur,
2824 2134 2873 2180 et
2901 2141 2988 2180 eos
3018 2127 3108 2197 qui
3144 2142 3176 2179 a
3213 2125 3339 2180 solis
3365 2132 3506 2187 ortu,
3541 2132 3590 2179 el

2033 2215 2350 2282 Idumaeam,
2405 2225 2456 2272 et
2510 2218 2564 2270 in
2606 2214 2761 2270 Moab
2810 2216 3035 2284 primum
3087 2232 3273 2271 manus
3321 2215 3592 2286 injicient;

2032 2309 2131 2378 ﬁlii
2164 2325 2281 2365 vero
2301 2311 2526 2365 Ammon
2552 2309 2705 2379 primi
2720 2309 2973 2364 obedienl.

2102 2484 2385 2554 Quomodo
2404 2500 2469 2541 ex
2499 2494 2731 2556 quatuor
2773 2486 2876 2544 alis
2918 2495 3094 2550 terrae,
3143 2484 3196 2541 id
3241 2492 3344 2552 est,
3400 2500 3592 2542 omnes

2037 2588 2227 2648 gentes
2254 2578 2319 2632 ad
2354 2576 2477 2633 ﬁdei
2502 2577 2822 2634 Christiana;
2858 2577 3192 2642 societatem,
3226 2586 3283 2633 et
3325 2576 3591 2633 vinculum

2037 2680 2239 2724 sanctre
2279 2668 2580 2726 dilectionis
2614 2670 3003 2741 congreganda
3040 2676 3243 2733 essent,
3275 2666 3452 2723 denuo
3495 2682 3594 2723 ex-

2037 2758 2203 2830 plicat
2250 2759 2397 2816 hisce
2435 2760 2632 2815 verbis.
2665 2760 2807 2816 Ante
2855 2759 3142 2830 pretiosam
3188 2756 3332 2813 enim
3381 2772 3595 2814 crucem

2041 2851 2247 2908 sanctis
2277 2850 2533 2920 apostolis
2558 2850 2693 2906 dixit
2717 2850 2963 2906 Christus
2988 2869 3004 2905 :
3038 2867 3058 2902 ι
3087 2848 3145 2904 In
3174 2849 3316 2905 viam
3356 2848 3595 2920 gentium

2041 2958 2111 2999 ne
2142 2942 2408 3008 abieritis,
2435 2951 2491 2997 et
2528 2941 2579 2997 in
2607 2942 2876 2997 civitatem
2907 2940 3366 2997 Samaritanorum
3408 2954 3474 2995 ne
3516 2939 3597 2994 in-

2041 3033 2323 3105 gredimini
2358 3052 2371 3088 :
2405 3034 2500 3090 sed
2541 3036 2615 3089 ite
2653 3035 2831 3105 potius
2866 3033 2934 3089 ad
2971 3047 3098 3089 oves
3133 3033 3372 3102 perditas
3410 3031 3600 3087 domus

2041 3126 2202 3183 Israel
2234 3128 2305 3186 τί.
2345 3145 2364 3181 ι
2407 3126 2860 3194 Quemadmodum
2888 3126 3032 3182 enim
3054 3125 3168 3197 ipse
3188 3125 3380 3182 iterum
3411 3123 3546 3179 dixit
3580 3140 3596 3177 :

2049 3237 2069 3270 ι
2100 3218 2216 3275 Non
2247 3234 2364 3275 sum
2412 3220 2611 3275 missus
2666 3219 2771 3273 nisi
2824 3218 2891 3273 ad
2940 3232 3068 3274 oves
3124 3217 3363 3289 perditas
3408 3218 3600 3272 domus

2009 3311 2202 3368 'israel
2238 3316 2302 3367 τ’.
2358 3331 2377 3364 ι
2409 3310 2479 3365 At
2506 3326 2626 3367 cum
2658 3310 2726 3365 ad
2749 3324 3018 3365 summum
3061 3323 3126 3364 ac
3153 3308 3364 3365 culmen
3422 3308 3601 3364 omnis

2042 3403 2331 3475 impietatis
2364 3402 2621 3473 provecti,
2653 3400 3079 3458 deblaterassent
3112 3402 3162 3456 in
3196 3399 3491 3467 Christum,
3535 3414 3602 3455 ac

2042 3495 2163 3550 vita:
2183 3494 2479 3565 principem
2515 3492 2935 3557 interemissent,
2958 3499 3014 3547 et
3045 3499 3290 3548 sanctum
3318 3499 3373 3546 et
3394 3491 3598 3561 justum

2044 3594 2351 3656 negassent,
2408 3594 2535 3640 tunc
2579 3583 2816 3653 quidem,
2864 3592 2993 3639 tunc
3055 3594 3230 3639 morte
3285 3583 3512 3648 calcata,
3545 3589 3601 3636 et

2043 3678 2334 3733 suscitatus
2365 3691 2397 3732 e
2436 3678 2684 3741 mortuis,
2719 3675 2921 3732 sanctis
2950 3675 3223 3746 discipulis
3244 3676 3298 3730 in
3321 3675 3590 3731 mandatis

2042 3768 2224 3822 dedit:
2264 3785 2282 3818 ι
2328 3765 2558 3821 Profecti
2595 3767 2782 3821 docete
2816 3778 3006 3821 omnes
3026 3776 3232 3835 gentes,
3264 3764 3601 3836 baptizantes

2047 3872 2140 3913 eos
2161 3857 2212 3911 in
2245 3857 2461 3912 nomine
2485 3854 2660 3910 Patris
2680 3864 2737 3912 et
2774 3854 2893 3911 Filii
2921 3863 2978 3910 et
3019 3853 3251 3924 Spiritus
3280 3855 3473 3921 sancti,
3508 3855 3605 3910 do-

2052 3960 2237 4006 centes
2298 3964 2512 4004 servare
2562 3948 2742 4005 omnia
2799 3965 2920 4020 quae
2973 3949 3200 4020 praecepi
3248 3949 3404 4005 vobis
3447 3948 3514 4003 ".
3577 3968 3598 4002 ι

2043 4039 2331 4109 Postquam
2368 4047 2544 4095 autem
2574 4041 2887 4097 conscendit
2908 4041 2962 4097 in
2995 4041 3211 4108 caelum,
3238 4050 3294 4097 et
3322 4039 3377 4096 in
3414 4055 3509 4098 eos
3535 4056 3603 4095 ex

2045 4132 2153 4188 alto
2181 4134 2353 4188 virtus
2380 4133 2697 4203 demigravit
2734 4150 2748 4187 :
2799 4147 2908 4187 non
2949 4130 3060 4200 jam
3108 4134 3161 4189 in
3190 4133 3303 4188 sola
3334 4134 3606 4189 haeserunt

2042 4222 2222 4279 Judaea
2251 4224 2410 4294 207
2451 4221 2879 4295 evangelizantes
2914 4221 3119 4289 Jesum,
3151 4224 3244 4279 sed
3269 4222 3358 4278 alii
3386 4222 3603 4293 quidem

2045 4316 2110 4369 ad
2143 4312 2415 4369 Orientem
2444 4313 2668 4384 ejusque
2715 4315 2877 4369 urbes
2933 4313 3155 4381 profecti
3200 4313 3600 4384 praedicabant;

2044 4404 2134 4459 alii
2179 4403 2471 4460 Occidente
2498 4413 2791 4474 occupato,
2820 4403 2909 4458 alii
2937 4403 3181 4459 ﬁnitimis
3213 4404 3461 4475 gentibus
3489 4419 3607 4459 ser-

2047 4510 2257 4550 monent
2291 4495 2638 4552 catecheseos
2671 4494 2904 4566 gratuito
2938 4493 3340 4563 impertiebant,
3382 4501 3608 4563 eratque

380 4581 481 4654 τήν
517 4582 787 4654 Ἑσπέραν
833 4584 1360 4656 καταλαμϐάνοντες,
1404 4586 1551 4642 ἄλλοι
1594 4586 1651 4640 δὲ
1689 4588 1801 4649 τοῖς
1840 4587 1937 4656 ὁμ-

2049 4603 2267 4643 necesse
2294 4628 2311 4654 ,
2344 4595 2401 4642 ut
2445 4588 2536 4658 qui
2578 4588 2886 4644 universum
2933 4589 3120 4643 orbem
3168 4596 3433 4641 terrarum
3482 4598 3607 4655 per-

382 4673 529 4745 όροις
547 4673 723 4727 ἔθνεσι
754 4676 877 4738 τοὺς
895 4675 994 4746 τῆς
1020 4678 1373 4748 κατηχήσεως
1400 4676 1713 4749 ἐχαρίζοντο
1734 4677 1943 4745 λόγουςο

382 4760 451 4837 ἦν
497 4764 555 4818 δέ
582 4782 697 4829 πως
732 4765 944 4837 ἀνάγκη
980 4767 1076 4839 τὴν
1106 4768 1194 4836 ὑφ’
1223 4767 1360 4840 ήλίῳ
1390 4770 1570 4823 πᾶσαν
1612 4768 1949 4839 περινοστεῖν

383 4856 666 4920 ἐθέλοντας
694 4857 992 4928 κεχρῆσθαι
1023 4858 1116 4911 καὶ
1138 4857 1274 4929 πλῷ.
1303 4860 1414 4913 Καὶ
1437 4860 1566 4927 γοῦν
1597 4861 1625 4912 ό
1666 4857 1949 4921 θεσπέσιος

386 4948 597 5012 Παῦλος
625 4948 964 5020 νυχθήμερον
996 4949 1053 5002 ἐν
1078 4949 1154 5019 τῷ
1186 4948 1333 5021 βυθῷ
1370 4948 1724 5020 πεποιηκέναι
1746 4949 1949 5018 διισχυ-

385 5040 609 5112 ρίζεται.
636 5042 749 5095 Καὶ
768 5044 797 5095 ό
832 5042 930 5105 τὰς
969 5040 1199 5113 Πράξεις
1225 5041 1282 5095 δὲ
1311 5040 1415 5093 τῶν
1441 5040 1611 5108 άγίων
1638 5040 1947 5094 ἀποστόλων

385 5131 803 5203 συγγεγραφὼς,
831 5132 1085 5203 ἐπιϐῆναι
1131 5148 1294 5204 φησιν
1344 5132 1505 5186 αὑτὸν
1542 5132 1637 5186 καὶ
1678 5133 1803 5197 τοὺς
1850 5132 1947 5185 σὺν

383 5222 532 5293 αύτῷ
582 5222 751 5295 πλοίῳ
793 5223 1174 5295 Ἀλεξανδρίνῳ
1223 5225 1531 5296 παρασήμῳ
1582 5225 1944 5297 Διοσκούροις.

387 5313 548 5377 Ἔθος
574 5314 683 5386 γάρ
720 5331 835 5378 πως
866 5316 924 5368 ἐν
950 5317 1071 5379 ταῖς
1112 5315 1500 5388 Ἀλεξανδρέων
1531 5316 1764 5387 μάλιστα
1789 5317 1946 5370 ναυσὶ

385 5404 522 5476 πρός
558 5423 623 5474 γε
666 5407 731 5476 τῇ
780 5404 975 5477 πρώρῃ
1018 5404 1167 5471 δεξιά
1207 5423 1267 5459 τε
1318 5408 1410 5460 καὶ
1444 5407 1700 5477 εὐώνυμα
1732 5407 1948 5479 γραφὰς

385 5493 523 5549 εἷναι
580 5497 853 5560 τοιαύτας.
889 5497 1104 5569 Ἐπειδὴ
1130 5497 1184 5551 δὲ
1213 5493 1281 5569 ἦν
1313 5500 1475 5565 είκὸς,
1512 5500 1948 5573 είδωλολατρείας

384 5591 692 5661 κρατούσης
719 5593 837 5643 κατ’
872 5592 1047 5643 ἐκεῖνο
1090 5590 1303 5662 καιροῦ,
1353 5592 1722 5663 ἐγγεγράφθαι
1766 5596 1831 5665 τῇ
1862 5592 1952 5662 νηῒ

482 5770 526 5801 ⁸⁹
554 5770 707 5824 Joan.
746 5786 821 5832 xt,
858 5768 1041 5824 50-52.
1137 5770 1185 5801 "
1210 5769 1399 5836 Ephes.
1423 5786 1485 5833 ιι,
1518 5771 1605 5825 Η.

387 5843 433 5873 τ’
454 5841 493 5895 ll
524 5840 649 5897 Cor.
679 5857 756 5907 xt,
781 5840 871 5895 25.
946 5842 993 5874 "
1014 5843 1136 5897 Act.
1168 5856 1350 5906 xxvnt,
1385 5840 1469 5894 ll.

1677 5769 1747 5805 οη
1778 5769 1961 5825 ilattlt.
1990 5786 2044 5839 x,
2075 5771 2125 5839 5,
2163 5771 2216 5827 ϐ.

2052 4678 2287 4749 agraturi
2312 4687 2487 4744 erant,
2514 4678 2676 4733 etiam
2706 4678 2824 4733 navi
2849 4685 3145 4733 uterentur.
3179 4674 3454 4746 Siquidem
3471 4674 3608 4729 divi-

2049 4786 2150 4826 nus
2179 4770 2372 4825 Paulus
2400 4778 2608 4825 noctem
2644 4784 2708 4824 ac
2739 4770 2879 4824 diem
2922 4783 2981 4823 se
3017 4769 3070 4823 in
3131 4766 3394 4837 prolundo
3438 4765 3607 4821 maris

2048 4860 2244 4928 egisse,
2272 4858 2591 4915 allirmat".
2638 4859 2706 4914 Et
2751 4860 2840 4930 qui
2874 4861 3005 4915 Acta
3040 4868 3344 4915 sanctorum
3395 4866 3608 4929 aposto-

2051 4950 2223 5004 lorum
2266 4949 2609 5021 conscripsit.
2652 4950 2745 5019 ait,
2789 4964 2910 5005 eum
2960 4958 3015 5007 et
3045 4950 3269 5006 comites
3315 4948 3431 5020 ejus
3475 4963 3607 5005 con-

2052 5032 2324 5099 scendisse
2359 5058 2547 5099 navem
2571 5042 3010 5110 Alexandrinam,
3039 5057 3159 5113 qua:
3188 5042 3395 5114 insigne
3421 5041 3612 5099 Casto-

2054 5133 2127 5187 ris
2148 5139 2202 5187 et
2231 5132 2459 5187 Pollucis
2489 5132 2720 5188 habebat
2745 5134 2813 5188 ⁷⁸.
2842 5133 3003 5189 ﬂoris
3031 5132 3175 5190 enim
3212 5142 3354 5198 erat,
3405 5141 3464 5187 ut
3512 5147 3612 5188 na-

2053 5240 2172 5289 ves,
2218 5224 2450 5279 maxime
2494 5224 2895 5289 Alexandrinae,
2950 5224 3004 5280 in
3062 5238 3221 5295 prora
3270 5224 3611 5279 dextrorsum

2054 5324 2109 5371 et
2151 5317 2523 5373 sinistrorsum
2579 5317 2883 5388 huiusmodi
2923 5317 3148 5388 picturis
3201 5316 3607 5388 insignirentur.

2054 5408 2191 5465 Cum
2226 5419 2404 5465 autem
2443 5409 2734 5467 verisimile
2758 5411 2849 5475 sit,
2882 5409 3182 5465 idololatria
3212 5423 3308 5480 per
3332 5409 3386 5465 id
3406 5418 3614 5479 tempo-

2056 5502 2131 5555 ris
2160 5501 2391 5573 vigente,
2428 5502 2714 5573 inscriptos
2738 5503 2859 5556 navi
2897 5502 3181 5557 Dioscuros
3202 5539 3219 5567 ,
3267 5500 3395 5557 hinc
3420 5499 3613 5555 alieni-

2056 5607 2272 5664 genam,
2324 5594 2375 5649 id
2418 5603 2520 5661 est,
2557 5592 2891 5650 idololatram
2928 5592 3081 5650 navis
3115 5592 3387 5649 dominum
3423 5592 3610 5656 fuisse,

2314 5772 2359 5804 "
2384 5769 2569 5828 Matth.
2594 5786 2683 5839 xv,
2706 5770 2794 5828 24.
2897 5770 2943 5805 ⁷³
2968 5768 3156 5828 Matth.
3189 5785 3380 5840 xxvtn,
3404 5769 3491 5838 l9,
3521 5767 3612 5830 ΞΟ.
