  <div class='ocr_page' id='page_1' title='image "/cluster/home/n/w/nwhite01/storage/ocr_20150623/70/nnc1.0046980253/185.png"; bbox 0 0 4152 6366; ppageno 0'>
   <div class='ocr_carea' id='block_1_1' title="bbox 542 460 646 519">
    <p class='ocr_par' dir='ltr' id='par_1_1' title="bbox 542 460 646 519">
     <span class='ocr_line' id='line_1_1' title="bbox 542 460 646 519; baseline -0.048 0"><span class='ocrx_word' id='word_1_1' title='bbox 542 460 646 519; x_wconf 77' lang='grc'><strong>555</strong></span> 
     </span>
    </p>
   </div>
   <div class='ocr_carea' id='block_1_2' title="bbox 1526 447 2748 508">
    <p class='ocr_par' dir='ltr' id='par_1_2' title="bbox 1526 447 2748 508">
     <span class='ocr_line' id='line_1_2' title="bbox 1526 447 2748 508; baseline -0.003 0"><span class='ocrx_word' id='word_1_2' title='bbox 1526 454 1584 508; x_wconf 90' lang='lat' dir='ltr'><strong>S.</strong></span> <span class='ocrx_word' id='word_1_3' title='bbox 1625 452 1893 508; x_wconf 82' lang='lat' dir='ltr'><strong>CYPILLI</strong></span> <span class='ocrx_word' id='word_1_4' title='bbox 1932 448 2396 506; x_wconf 76' lang='lat' dir='ltr'><strong>ALEXANDBINI</strong></span> <span class='ocrx_word' id='word_1_5' title='bbox 2435 447 2748 505; x_wconf 77' lang='lat' dir='ltr'><strong>ARCHIEP.</strong></span> 
     </span>
    </p>
   </div>
   <div class='ocr_carea' id='block_1_3' title="bbox 3661 443 3765 498">
    <p class='ocr_par' dir='ltr' id='par_1_3' title="bbox 3661 443 3765 498">
     <span class='ocr_line' id='line_1_3' title="bbox 3661 443 3765 498; baseline -0.019 -1"><span class='ocrx_word' id='word_1_6' title='bbox 3661 443 3765 498; x_wconf 71' lang='lat'><strong>536</strong></span> 
     </span>
    </p>
   </div>
   <div class='ocr_carea' id='block_1_4' title="bbox 542 561 2101 646">
    <p class='ocr_par' dir='ltr' id='par_1_4' title="bbox 542 572 2101 646">
     <span class='ocr_line' id='line_1_4' title="bbox 542 572 2101 646; baseline -0.005 -13"><span class='ocrx_word' id='word_1_7' title='bbox 542 574 941 646; x_wconf 88' lang='lat' dir='ltr'><strong>intelligendum</strong></span> <span class='ocrx_word' id='word_1_8' title='bbox 973 575 1200 631; x_wconf 79' lang='lat' dir='ltr'><strong>videtur.</strong></span> <span class='ocrx_word' id='word_1_9' title='bbox 1236 575 1398 644; x_wconf 89' lang='lat' dir='ltr'><strong>Igitur</strong></span> <span class='ocrx_word' id='word_1_10' title='bbox 1442 574 1493 628; x_wconf 93' lang='lat' dir='ltr'><strong>in</strong></span> <span class='ocrx_word' id='word_1_11' title='bbox 1529 574 1757 643; x_wconf 78' lang='lat' dir='ltr'><strong>navigiis</strong></span> <span class='ocrx_word' id='word_1_12' title='bbox 1785 572 2101 640; x_wconf 84' lang='lat' dir='ltr'><strong>alienigena-</strong></span> 
     </span>
    </p>
   </div>
   <div class='ocr_carea' id='block_1_5' title="bbox 2201 561 3765 646">
    <p class='ocr_par' dir='ltr' id='par_1_5' title="bbox 2207 561 3765 641">
     <span class='ocr_line' id='line_1_5' title="bbox 2207 561 3765 641; baseline -0.006 -16"><span class='ocrx_word' id='word_1_13' title='bbox 2207 572 2334 634; x_wconf 75' lang='grc' dir='ltr'>τοὺς</span> <span class='ocrx_word' id='word_1_14' title='bbox 2362 569 2734 641; x_wconf 79' lang='grc' dir='ltr'><strong>Διοσκούρους,</strong></span> <span class='ocrx_word' id='word_1_15' title='bbox 2759 567 2928 637; x_wconf 86' lang='grc' dir='ltr'>ταύτῃ</span> <span class='ocrx_word' id='word_1_16' title='bbox 2960 566 3136 619; x_wconf 87' lang='grc' dir='ltr'>τοίνυν</span> <span class='ocrx_word' id='word_1_17' title='bbox 3158 561 3447 617; x_wconf 81' lang='grc' dir='ltr'>ἀκόλουθον</span> <span class='ocrx_word' id='word_1_18' title='bbox 3472 562 3765 632; x_wconf 78' lang='grc' dir='ltr'>ἀλλόφυλον</span> 
     </span>
    </p>
   </div>
   <div class='ocr_carea' id='block_1_6' title="bbox 545 659 2102 734">
    <p class='ocr_par' dir='ltr' id='par_1_6' title="bbox 545 659 2102 734">
     <span class='ocr_line' id='line_1_6' title="bbox 545 659 2102 734; baseline -0.006 -12"><span class='ocrx_word' id='word_1_19' title='bbox 545 684 660 725; x_wconf 86' lang='lat' dir='ltr'><strong>rum</strong></span> <span class='ocrx_word' id='word_1_20' title='bbox 684 667 1059 730; x_wconf 81' lang='lat' dir='ltr'><strong>extendentur,</strong></span> <span class='ocrx_word' id='word_1_21' title='bbox 1106 664 1297 734; x_wconf 91' lang='lat' dir='ltr'><strong>inquit,</strong></span> <span class='ocrx_word' id='word_1_22' title='bbox 1342 664 1393 718; x_wconf 91' lang='lat' dir='ltr'><strong>id</strong></span> <span class='ocrx_word' id='word_1_23' title='bbox 1442 673 1546 727; x_wconf 89' lang='lat' dir='ltr'><strong>est,</strong></span> <span class='ocrx_word' id='word_1_24' title='bbox 1597 662 1801 716; x_wconf 83' lang='lat' dir='ltr'><strong>celeres</strong></span> <span class='ocrx_word' id='word_1_25' title='bbox 1852 671 1907 715; x_wconf 92' lang='lat' dir='ltr'><strong>et</strong></span> <span class='ocrx_word' id='word_1_26' title='bbox 1948 659 2102 730; x_wconf 84' lang='lat' dir='ltr'><strong>quasi</strong></span> 
     </span>
    </p>
   </div>
   <div class='ocr_carea' id='block_1_7' title="bbox 542 751 2102 825">
    <p class='ocr_par' dir='ltr' id='par_1_7' title="bbox 542 751 2102 825">
     <span class='ocr_line' id='line_1_7' title="bbox 542 751 2102 825; baseline -0.007 -10"><span class='ocrx_word' id='word_1_27' title='bbox 542 760 788 816; x_wconf 75' lang='lat' dir='ltr'><strong>volucres</strong></span> <span class='ocrx_word' id='word_1_28' title='bbox 812 756 1140 820; x_wconf 88' lang='lat' dir='ltr'><strong>transibunt,</strong></span> <span class='ocrx_word' id='word_1_29' title='bbox 1169 765 1225 809; x_wconf 92' lang='lat' dir='ltr'><strong>et</strong></span> <span class='ocrx_word' id='word_1_30' title='bbox 1267 754 1650 825; x_wconf 58' lang='lat' dir='ltr'><strong>praedabuntur</strong></span> <span class='ocrx_word' id='word_1_31' title='bbox 1689 768 1857 807; x_wconf 91' lang='lat' dir='ltr'><strong>mare.</strong></span> <span class='ocrx_word' id='word_1_32' title='bbox 1888 751 1980 806; x_wconf 88' lang='lat' dir='ltr'><strong>Est</strong></span> <span class='ocrx_word' id='word_1_33' title='bbox 2002 766 2102 805; x_wconf 88' lang='lat' dir='ltr'><strong>an-</strong></span> 
     </span>
    </p>
   </div>
   <div class='ocr_carea' id='block_1_8' title="bbox 544 844 2105 915">
    <p class='ocr_par' dir='ltr' id='par_1_8' title="bbox 544 844 2105 915">
     <span class='ocr_line' id='line_1_8' title="bbox 544 844 2105 915; baseline -0.004 -11"><span class='ocrx_word' id='word_1_34' title='bbox 544 862 645 906; x_wconf 87' lang='lat' dir='ltr'><strong>tem</strong></span> <span class='ocrx_word' id='word_1_35' title='bbox 684 848 950 905; x_wconf 79' lang='lat' dir='ltr'><strong>familiare</strong></span> <span class='ocrx_word' id='word_1_36' title='bbox 999 845 1291 914; x_wconf 71' lang='lat' dir='ltr'><strong>Scriptura:</strong></span> <span class='ocrx_word' id='word_1_37' title='bbox 1326 844 1583 900; x_wconf 89' lang='lat' dir='ltr'><strong>divinitus</strong></span> <span class='ocrx_word' id='word_1_38' title='bbox 1620 844 1907 915; x_wconf 65' lang='lat' dir='ltr'><strong>inspirans,</strong></span> <span class='ocrx_word' id='word_1_39' title='bbox 1956 856 2105 897; x_wconf 85' lang='lat' dir='ltr'><strong>mare</strong></span> 
     </span>
    </p>
   </div>
   <div class='ocr_carea' id='block_1_9' title="bbox 541 936 2101 1016">
    <p class='ocr_par' dir='ltr' id='par_1_9' title="bbox 541 936 2101 1016">
     <span class='ocr_line' id='line_1_9' title="bbox 541 936 2101 1016; baseline -0.008 -16"><span class='ocrx_word' id='word_1_40' title='bbox 541 944 811 1016; x_wconf 82' lang='lat' dir='ltr'><strong>appellare</strong></span> <span class='ocrx_word' id='word_1_41' title='bbox 848 952 1030 1011; x_wconf 84' lang='lat' dir='ltr'><strong>partes</strong></span> <span class='ocrx_word' id='word_1_42' title='bbox 1074 940 1455 1005; x_wconf 74' lang='lat' dir='ltr'><strong>occidentales,</strong></span> <span class='ocrx_word' id='word_1_43' title='bbox 1496 954 1559 994; x_wconf 89' lang='lat' dir='ltr'><strong>eo</strong></span> <span class='ocrx_word' id='word_1_44' title='bbox 1602 939 1745 1008; x_wconf 88' lang='lat' dir='ltr'><strong>quod</strong></span> <span class='ocrx_word' id='word_1_45' title='bbox 1782 937 1853 991; x_wconf 91' lang='lat' dir='ltr'><strong>ibi</strong></span> <span class='ocrx_word' id='word_1_46' title='bbox 1898 936 2101 1006; x_wconf 89' lang='lat' dir='ltr'><strong>spatio-</strong></span> 
     </span>
    </p>
   </div>
   <div class='ocr_carea' id='block_1_10' title="bbox 542 1026 2103 1093">
    <p class='ocr_par' dir='ltr' id='par_1_10' title="bbox 542 1026 2103 1093">
     <span class='ocr_line' id='line_1_10' title="bbox 542 1026 2103 1093; baseline -0.008 0"><span class='ocrx_word' id='word_1_47' title='bbox 542 1054 660 1093; x_wconf 90' lang='lat' dir='ltr'><strong>sum</strong></span> <span class='ocrx_word' id='word_1_48' title='bbox 716 1037 1001 1092; x_wconf 84' lang='lat' dir='ltr'><strong>admodum</strong></span> <span class='ocrx_word' id='word_1_49' title='bbox 1052 1036 1125 1089; x_wconf 89' lang='lat' dir='ltr'><strong>sit</strong></span> <span class='ocrx_word' id='word_1_50' title='bbox 1176 1048 1345 1088; x_wconf 90' lang='lat' dir='ltr'><strong>mare.</strong></span> <span class='ocrx_word' id='word_1_51' title='bbox 1405 1032 1615 1087; x_wconf 89' lang='lat' dir='ltr'><strong>Etenim</strong></span> <span class='ocrx_word' id='word_1_52' title='bbox 1670 1030 1857 1086; x_wconf 84' lang='lat' dir='ltr'><strong>beatus</strong></span> <span class='ocrx_word' id='word_1_53' title='bbox 1910 1026 2103 1092; x_wconf 81' lang='lat' dir='ltr'><strong>David,</strong></span> 
     </span>
    </p>
   </div>
   <div class='ocr_carea' id='block_1_11' title="bbox 543 1117 2105 1185">
    <p class='ocr_par' dir='ltr' id='par_1_11' title="bbox 543 1117 2105 1185">
     <span class='ocr_line' id='line_1_11' title="bbox 543 1117 2105 1185; baseline -0.009 0"><span class='ocrx_word' id='word_1_54' title='bbox 543 1132 707 1185; x_wconf 89' lang='lat' dir='ltr'><strong>totius</strong></span> <span class='ocrx_word' id='word_1_55' title='bbox 759 1127 938 1182; x_wconf 88' lang='lat' dir='ltr'><strong>mundi</strong></span> <span class='ocrx_word' id='word_1_56' title='bbox 986 1124 1337 1180; x_wconf 84' lang='lat' dir='ltr'><strong>architectum</strong></span> <span class='ocrx_word' id='word_1_57' title='bbox 1392 1122 1668 1176; x_wconf 87' lang='lat' dir='ltr'><strong>declarans</strong></span> <span class='ocrx_word' id='word_1_58' title='bbox 1736 1117 2105 1173; x_wconf 84' lang='lat' dir='ltr'><strong>universitatis</strong></span> 
     </span>
    </p>
   </div>
   <div class='ocr_carea' id='block_1_12' title="bbox 478 1209 2102 1289">
    <p class='ocr_par' dir='ltr' id='par_1_12' title="bbox 478 1209 2102 1289">
     <span class='ocr_line' id='line_1_12' title="bbox 478 1209 2102 1289; baseline -0.009 -11"><span class='ocrx_word' id='word_1_59' title='bbox 478 1268 490 1279; x_wconf 94' lang='lat'><strong>.</strong></span> <span class='ocrx_word' id='word_1_60' title='bbox 544 1224 707 1275; x_wconf 87' lang='lat' dir='ltr'><strong>Deum</strong></span> <span class='ocrx_word' id='word_1_61' title='bbox 750 1238 765 1275; x_wconf 89' lang='lat'><strong>:</strong></span> <span class='ocrx_word' id='word_1_62' title='bbox 804 1238 824 1272; x_wconf 75' lang='grc' dir='ltr'><strong>ι</strong></span> <span class='ocrx_word' id='word_1_63' title='bbox 853 1216 1189 1289; x_wconf 83' lang='lat' dir='ltr'><strong>Aquilonem.</strong></span> <span class='ocrx_word' id='word_1_64' title='bbox 1230 1233 1249 1266; x_wconf 74' lang='grc' dir='ltr'><strong>ι</strong></span> <span class='ocrx_word' id='word_1_65' title='bbox 1286 1214 1476 1284; x_wconf 89' lang='lat' dir='ltr'><strong>inquit,</strong></span> <span class='ocrx_word' id='word_1_66' title='bbox 1512 1231 1530 1264; x_wconf 78' lang='grc' dir='ltr'><strong>ι</strong></span> <span class='ocrx_word' id='word_1_67' title='bbox 1564 1221 1619 1267; x_wconf 89' lang='lat' dir='ltr'><strong>et</strong></span> <span class='ocrx_word' id='word_1_68' title='bbox 1649 1226 1797 1267; x_wconf 88' lang='lat' dir='ltr'><strong>mare</strong></span> <span class='ocrx_word' id='word_1_69' title='bbox 1829 1220 1885 1265; x_wconf 92' lang='lat' dir='ltr'><strong>tu</strong></span> <span class='ocrx_word' id='word_1_70' title='bbox 1914 1209 2102 1265; x_wconf 85' lang='lat' dir='ltr'><strong>condi-</strong></span> 
     </span>
    </p>
   </div>
   <div class='ocr_carea' id='block_1_13' title="bbox 542 1302 2104 1377">
    <p class='ocr_par' dir='ltr' id='par_1_13' title="bbox 542 1302 2104 1377">
     <span class='ocr_line' id='line_1_13' title="bbox 542 1302 2104 1377; baseline -0.008 -11"><span class='ocrx_word' id='word_1_71' title='bbox 542 1312 665 1366; x_wconf 88' lang='lat' dir='ltr'><strong>disti</strong></span> <span class='ocrx_word' id='word_1_72' title='bbox 691 1311 761 1366; x_wconf 81' lang='lat'><strong>&quot;.</strong></span> <span class='ocrx_word' id='word_1_73' title='bbox 804 1330 823 1364; x_wconf 74' lang='grc' dir='ltr'><strong>ι</strong></span> <span class='ocrx_word' id='word_1_74' title='bbox 859 1310 1009 1377; x_wconf 86' lang='lat' dir='ltr'><strong>Quod</strong></span> <span class='ocrx_word' id='word_1_75' title='bbox 1036 1319 1214 1362; x_wconf 85' lang='lat' dir='ltr'><strong>autem</strong></span> <span class='ocrx_word' id='word_1_76' title='bbox 1238 1317 1291 1360; x_wconf 89' lang='lat' dir='ltr'><strong>et</strong></span> <span class='ocrx_word' id='word_1_77' title='bbox 1319 1306 1531 1360; x_wconf 89' lang='lat' dir='ltr'><strong>divinus</strong></span> <span class='ocrx_word' id='word_1_78' title='bbox 1560 1305 1771 1370; x_wconf 84' lang='lat' dir='ltr'><strong>Petrus,</strong></span> <span class='ocrx_word' id='word_1_79' title='bbox 1797 1312 1851 1357; x_wconf 88' lang='lat' dir='ltr'><strong>et</strong></span> <span class='ocrx_word' id='word_1_80' title='bbox 1874 1302 2104 1371; x_wconf 87' lang='lat' dir='ltr'><strong>ipsemet</strong></span> 
     </span>
    </p>
   </div>
   <div class='ocr_carea' id='block_1_14' title="bbox 544 1391 2104 1467">
    <p class='ocr_par' dir='ltr' id='par_1_14' title="bbox 544 1391 2104 1467">
     <span class='ocr_line' id='line_1_14' title="bbox 544 1391 2104 1467; baseline -0.006 -15"><span class='ocrx_word' id='word_1_81' title='bbox 544 1397 745 1453; x_wconf 79' lang='lat' dir='ltr'><strong>Paulus</strong></span> <span class='ocrx_word' id='word_1_82' title='bbox 787 1398 1242 1467; x_wconf 87' lang='lat' dir='ltr'><strong>sapientissimus,</strong></span> <span class='ocrx_word' id='word_1_83' title='bbox 1282 1393 1699 1449; x_wconf 87' lang='lat' dir='ltr'><strong>occidentalibus</strong></span> <span class='ocrx_word' id='word_1_84' title='bbox 1737 1391 1977 1462; x_wconf 88' lang='lat' dir='ltr'><strong>partibus</strong></span> <span class='ocrx_word' id='word_1_85' title='bbox 2011 1405 2104 1445; x_wconf 90' lang='lat' dir='ltr'><strong>oc-</strong></span> 
     </span>
    </p>
   </div>
   <div class='ocr_carea' id='block_1_15' title="bbox 542 1479 2103 1559">
    <p class='ocr_par' dir='ltr' id='par_1_15' title="bbox 542 1479 2103 1559">
     <span class='ocr_line' id='line_1_15' title="bbox 542 1479 2103 1559; baseline -0.006 -15"><span class='ocrx_word' id='word_1_86' title='bbox 542 1490 772 1559; x_wconf 88' lang='lat' dir='ltr'><strong>cupatis,</strong></span> <span class='ocrx_word' id='word_1_87' title='bbox 833 1487 1105 1543; x_wconf 86' lang='lat' dir='ltr'><strong>Christum</strong></span> <span class='ocrx_word' id='word_1_88' title='bbox 1167 1484 1623 1551; x_wconf 86' lang='lat' dir='ltr'><strong>annuntlaverint,</strong></span> <span class='ocrx_word' id='word_1_89' title='bbox 1678 1498 1837 1537; x_wconf 91' lang='lat' dir='ltr'><strong>nemo</strong></span> <span class='ocrx_word' id='word_1_90' title='bbox 1883 1492 1966 1535; x_wconf 83' lang='lat' dir='ltr'><strong>est</strong></span> <span class='ocrx_word' id='word_1_91' title='bbox 2010 1479 2103 1552; x_wconf 83' lang='lat' dir='ltr'><strong>qui</strong></span> 
     </span>
    </p>
   </div>
   <div class='ocr_carea' id='block_1_16' title="bbox 544 1575 2103 1652">
    <p class='ocr_par' dir='ltr' id='par_1_16' title="bbox 544 1575 2103 1652">
     <span class='ocr_line' id='line_1_16' title="bbox 544 1575 2103 1652; baseline -0.004 -16"><span class='ocrx_word' id='word_1_92' title='bbox 544 1582 804 1652; x_wconf 75' lang='lat' dir='ltr'><strong>ambigat.</strong></span> <span class='ocrx_word' id='word_1_93' title='bbox 858 1578 1319 1650; x_wconf 72' lang='lat' dir='ltr'><strong>Depraedabuntur</strong></span> <span class='ocrx_word' id='word_1_94' title='bbox 1367 1592 1513 1643; x_wconf 89' lang='lat' dir='ltr'><strong>vero,</strong></span> <span class='ocrx_word' id='word_1_95' title='bbox 1563 1576 1757 1646; x_wconf 87' lang='lat' dir='ltr'><strong>inquit,</strong></span> <span class='ocrx_word' id='word_1_96' title='bbox 1795 1585 1849 1631; x_wconf 92' lang='lat' dir='ltr'><strong>et</strong></span> <span class='ocrx_word' id='word_1_97' title='bbox 1897 1575 1986 1645; x_wconf 88' lang='lat' dir='ltr'><strong>qui</strong></span> <span class='ocrx_word' id='word_1_98' title='bbox 2035 1575 2103 1630; x_wconf 87' lang='lat' dir='ltr'><strong>ab</strong></span> 
     </span>
    </p>
   </div>
   <div class='ocr_carea' id='block_1_17' title="bbox 543 1668 2103 1738">
    <p class='ocr_par' dir='ltr' id='par_1_17' title="bbox 543 1668 2103 1738">
     <span class='ocr_line' id='line_1_17' title="bbox 543 1668 2103 1738; baseline -0.005 -9"><span class='ocrx_word' id='word_1_99' title='bbox 543 1683 664 1729; x_wconf 92' lang='lat' dir='ltr'><strong>ortu</strong></span> <span class='ocrx_word' id='word_1_100' title='bbox 687 1674 817 1729; x_wconf 87' lang='lat' dir='ltr'><strong>solis</strong></span> <span class='ocrx_word' id='word_1_101' title='bbox 846 1682 993 1738; x_wconf 85' lang='lat' dir='ltr'><strong>sunt,</strong></span> <span class='ocrx_word' id='word_1_102' title='bbox 1019 1681 1073 1727; x_wconf 91' lang='lat' dir='ltr'><strong>et</strong></span> <span class='ocrx_word' id='word_1_103' title='bbox 1109 1671 1413 1737; x_wconf 77' lang='lat' dir='ltr'><strong>ldumaeam,</strong></span> <span class='ocrx_word' id='word_1_104' title='bbox 1445 1679 1501 1724; x_wconf 89' lang='lat' dir='ltr'><strong>et</strong></span> <span class='ocrx_word' id='word_1_105' title='bbox 1527 1669 1580 1724; x_wconf 91' lang='lat' dir='ltr'><strong>in</strong></span> <span class='ocrx_word' id='word_1_106' title='bbox 1614 1668 1875 1724; x_wconf 77' lang='lat' dir='ltr'><strong>Moabitas</strong></span> <span class='ocrx_word' id='word_1_107' title='bbox 1913 1681 2103 1721; x_wconf 85' lang='lat' dir='ltr'><strong>manus</strong></span> 
     </span>
    </p>
   </div>
   <div class='ocr_carea' id='block_1_18' title="bbox 544 1756 2101 1837">
    <p class='ocr_par' dir='ltr' id='par_1_18' title="bbox 544 1756 2101 1837">
     <span class='ocr_line' id='line_1_18' title="bbox 544 1756 2101 1837; baseline -0.01 -14"><span class='ocrx_word' id='word_1_108' title='bbox 544 1768 805 1837; x_wconf 88' lang='lat' dir='ltr'><strong>injicient.</strong></span> <span class='ocrx_word' id='word_1_109' title='bbox 838 1763 958 1821; x_wconf 87' lang='lat' dir='ltr'><strong>Filii</strong></span> <span class='ocrx_word' id='word_1_110' title='bbox 998 1773 1177 1819; x_wconf 87' lang='lat' dir='ltr'><strong>autem</strong></span> <span class='ocrx_word' id='word_1_111' title='bbox 1209 1766 1435 1817; x_wconf 84' lang='lat' dir='ltr'><strong>Ammon</strong></span> <span class='ocrx_word' id='word_1_112' title='bbox 1466 1760 1622 1830; x_wconf 90' lang='lat' dir='ltr'><strong>primi</strong></span> <span class='ocrx_word' id='word_1_113' title='bbox 1653 1759 1923 1813; x_wconf 89' lang='lat' dir='ltr'><strong>obedient.</strong></span> <span class='ocrx_word' id='word_1_114' title='bbox 1968 1756 2101 1809; x_wconf 88' lang='lat' dir='ltr'><strong>Nam</strong></span> 
     </span>
    </p>
   </div>
   <div class='ocr_carea' id='block_1_19' title="bbox 544 1849 2103 1929">
    <p class='ocr_par' dir='ltr' id='par_1_19' title="bbox 544 1849 2103 1929">
     <span class='ocr_line' id='line_1_19' title="bbox 544 1849 2103 1929; baseline -0.006 -17"><span class='ocrx_word' id='word_1_115' title='bbox 544 1867 658 1929; x_wconf 87' lang='lat' dir='ltr'><strong>post</strong></span> <span class='ocrx_word' id='word_1_116' title='bbox 697 1851 1004 1914; x_wconf 70' lang='lat' dir='ltr'><strong>Iudaeorum</strong></span> <span class='ocrx_word' id='word_1_117' title='bbox 1051 1854 1358 1925; x_wconf 76' lang='lat' dir='ltr'><strong>regionem,</strong></span> <span class='ocrx_word' id='word_1_118' title='bbox 1415 1866 1601 1906; x_wconf 89' lang='lat' dir='ltr'><strong>omnes</strong></span> <span class='ocrx_word' id='word_1_119' title='bbox 1648 1851 1898 1918; x_wconf 88' lang='lat' dir='ltr'><strong>deinceps</strong></span> <span class='ocrx_word' id='word_1_120' title='bbox 1943 1849 2103 1904; x_wconf 82' lang='lat' dir='ltr'><strong>ﬁniti-</strong></span> 
     </span>
    </p>
   </div>
   <div class='ocr_carea' id='block_1_20' title="bbox 2205 653 3768 727">
    <p class='ocr_par' dir='ltr' id='par_1_20' title="bbox 2205 653 3768 727">
     <span class='ocr_line' id='line_1_20' title="bbox 2205 653 3768 727; baseline -0.006 -12"><span class='ocrx_word' id='word_1_121' title='bbox 2205 658 2364 727; x_wconf 71' lang='grc' dir='ltr'>εἶναι,</span> <span class='ocrx_word' id='word_1_122' title='bbox 2390 661 2533 715; x_wconf 80' lang='grc' dir='ltr'>τοῦτ’</span> <span class='ocrx_word' id='word_1_123' title='bbox 2563 661 2729 725; x_wconf 78' lang='grc' dir='ltr'>ἐστιν,</span> <span class='ocrx_word' id='word_1_124' title='bbox 2757 657 3145 726; x_wconf 86' lang='grc' dir='ltr'>είδωλολάτρην</span> <span class='ocrx_word' id='word_1_125' title='bbox 3174 655 3272 726; x_wconf 86' lang='grc' dir='ltr'>τῆς</span> <span class='ocrx_word' id='word_1_126' title='bbox 3302 654 3437 718; x_wconf 87' lang='grc' dir='ltr'>νεὼς</span> <span class='ocrx_word' id='word_1_127' title='bbox 3462 654 3551 708; x_wconf 83' lang='grc' dir='ltr'><strong>τὸν</strong></span> <span class='ocrx_word' id='word_1_128' title='bbox 3579 653 3768 707; x_wconf 77' lang='grc' dir='ltr'>δεσπό-</span> 
     </span>
    </p>
   </div>
   <div class='ocr_carea' id='block_1_21' title="bbox 2202 745 3765 826">
    <p class='ocr_par' dir='ltr' id='par_1_21' title="bbox 2202 745 3765 826">
     <span class='ocr_line' id='line_1_21' title="bbox 2202 745 3765 826; baseline -0.005 -18"><span class='ocrx_word' id='word_1_129' title='bbox 2202 774 2319 826; x_wconf 89' lang='grc' dir='ltr'>την.</span> <span class='ocrx_word' id='word_1_130' title='bbox 2357 751 2565 808; x_wconf 83' lang='grc' dir='ltr'>Οὐκοῦν</span> <span class='ocrx_word' id='word_1_131' title='bbox 2613 754 2671 805; x_wconf 84' lang='grc' dir='ltr'><strong>έν</strong></span> <span class='ocrx_word' id='word_1_132' title='bbox 2715 750 2918 812; x_wconf 80' lang='grc' dir='ltr'>πλοίοις</span> <span class='ocrx_word' id='word_1_133' title='bbox 2964 747 3271 818; x_wconf 75' lang='grc' dir='ltr'>ἀλλοφύλων</span> <span class='ocrx_word' id='word_1_134' title='bbox 3316 745 3765 818; x_wconf 85' lang='grc' dir='ltr'>πετασθήσονται,</span> 
     </span>
    </p>
   </div>
   <div class='ocr_carea' id='block_1_22' title="bbox 2201 837 3769 917">
    <p class='ocr_par' dir='ltr' id='par_1_22' title="bbox 2201 837 3769 917">
     <span class='ocr_line' id='line_1_22' title="bbox 2201 837 3769 917; baseline -0.005 -18"><span class='ocrx_word' id='word_1_135' title='bbox 2201 846 2357 917; x_wconf 77' lang='grc' dir='ltr'>φησὶ,</span> <span class='ocrx_word' id='word_1_136' title='bbox 2390 844 2534 898; x_wconf 89' lang='grc' dir='ltr'>τοῦτ’</span> <span class='ocrx_word' id='word_1_137' title='bbox 2564 843 2699 908; x_wconf 75' lang='grc' dir='ltr'>ἐστι,</span> <span class='ocrx_word' id='word_1_138' title='bbox 2732 842 2979 914; x_wconf 90' lang='grc' dir='ltr'>δρομαῖοι</span> <span class='ocrx_word' id='word_1_139' title='bbox 3029 841 3119 893; x_wconf 70' lang='grc' dir='ltr'><strong>καὶ</strong></span> <span class='ocrx_word' id='word_1_140' title='bbox 3165 840 3432 911; x_wconf 84' lang='grc' dir='ltr'>πρόθυμοι</span> <span class='ocrx_word' id='word_1_141' title='bbox 3474 840 3569 892; x_wconf 73' lang='grc' dir='ltr'>καὶ</span> <span class='ocrx_word' id='word_1_142' title='bbox 3609 837 3769 892; x_wconf 74' lang='grc' dir='ltr'>οἱονεὶ</span> 
     </span>
    </p>
   </div>
   <div class='ocr_carea' id='block_1_23' title="bbox 2205 929 3769 1005">
    <p class='ocr_par' dir='ltr' id='par_1_23' title="bbox 2205 929 3769 1005">
     <span class='ocr_line' id='line_1_23' title="bbox 2205 929 3769 1005; baseline -0.005 -16"><span class='ocrx_word' id='word_1_143' title='bbox 2205 935 2399 1005; x_wconf 72' lang='grc' dir='ltr'>πτηνοὶ</span> <span class='ocrx_word' id='word_1_144' title='bbox 2441 934 2805 1004; x_wconf 79' lang='grc' dir='ltr'>διαϐήσονται,</span> <span class='ocrx_word' id='word_1_145' title='bbox 2836 931 2930 986; x_wconf 66' lang='grc' dir='ltr'><strong>καλ⁵</strong></span> <span class='ocrx_word' id='word_1_146' title='bbox 2972 930 3399 1003; x_wconf 86' lang='grc' dir='ltr'>προνομεύσουσι</span> <span class='ocrx_word' id='word_1_147' title='bbox 3442 929 3541 1002; x_wconf 78' lang='grc' dir='ltr'>τὴν</span> <span class='ocrx_word' id='word_1_148' title='bbox 3575 929 3769 983; x_wconf 84' lang='grc' dir='ltr'>θάλασ-</span> 
     </span>
    </p>
   </div>
   <div class='ocr_carea' id='block_1_24' title="bbox 2205 1021 3769 1097">
    <p class='ocr_par' dir='ltr' id='par_1_24' title="bbox 2205 1021 3769 1097">
     <span class='ocr_line' id='line_1_24' title="bbox 2205 1021 3769 1097; baseline -0.004 -15"><span class='ocrx_word' id='word_1_149' title='bbox 2205 1027 2496 1091; x_wconf 86' lang='grc' dir='ltr'>σαν.Ἔθος</span> <span class='ocrx_word' id='word_1_150' title='bbox 2533 1026 2589 1080; x_wconf 87' lang='grc' dir='ltr'>δὲ</span> <span class='ocrx_word' id='word_1_151' title='bbox 2619 1028 2685 1097; x_wconf 81' lang='grc' dir='ltr'>τῇ</span> <span class='ocrx_word' id='word_1_152' title='bbox 2725 1024 2845 1095; x_wconf 82' lang='grc' dir='ltr'>θείᾳ</span> <span class='ocrx_word' id='word_1_153' title='bbox 2876 1025 3065 1095; x_wconf 78' lang='grc' dir='ltr'>Γραφῇ</span> <span class='ocrx_word' id='word_1_154' title='bbox 3091 1022 3359 1077; x_wconf 89' lang='grc' dir='ltr'>θάλασσαν</span> <span class='ocrx_word' id='word_1_155' title='bbox 3387 1021 3675 1075; x_wconf 77' lang='grc' dir='ltr'>ἀποκαλεῖν</span> <span class='ocrx_word' id='word_1_156' title='bbox 3702 1022 3769 1075; x_wconf 88' lang='grc' dir='ltr'><strong>τά</strong></span> 
     </span>
    </p>
   </div>
   <div class='ocr_carea' id='block_1_25' title="bbox 2204 1114 3770 1191">
    <p class='ocr_par' dir='ltr' id='par_1_25' title="bbox 2204 1114 3770 1191">
     <span class='ocr_line' id='line_1_25' title="bbox 2204 1114 3770 1191; baseline -0.004 -18"><span class='ocrx_word' id='word_1_157' title='bbox 2204 1118 2343 1191; x_wconf 80' lang='grc' dir='ltr'>πρὸς</span> <span class='ocrx_word' id='word_1_158' title='bbox 2382 1121 2447 1191; x_wconf 73' lang='grc' dir='ltr'>τῇ</span> <span class='ocrx_word' id='word_1_159' title='bbox 2492 1118 2699 1189; x_wconf 80' lang='grc' dir='ltr'>ἑσπέρᾳ</span> <span class='ocrx_word' id='word_1_160' title='bbox 2728 1117 2888 1189; x_wconf 88' lang='grc' dir='ltr'>μέρη,</span> <span class='ocrx_word' id='word_1_161' title='bbox 2918 1116 3088 1170; x_wconf 87' lang='grc' dir='ltr'>διάτοι</span> <span class='ocrx_word' id='word_1_162' title='bbox 3115 1115 3175 1168; x_wconf 83' lang='grc' dir='ltr'><strong>τὸ</strong></span> <span class='ocrx_word' id='word_1_163' title='bbox 3205 1115 3407 1184; x_wconf 85' lang='grc' dir='ltr'>σφόδρα</span> <span class='ocrx_word' id='word_1_164' title='bbox 3436 1114 3633 1186; x_wconf 83' lang='grc' dir='ltr'>πολλὴν</span> <span class='ocrx_word' id='word_1_165' title='bbox 3678 1115 3770 1169; x_wconf 78' lang='grc' dir='ltr'><strong>καῖ</strong></span> 
     </span>
    </p>
   </div>
   <div class='ocr_carea' id='block_1_26' title="bbox 2202 1206 3771 1284">
    <p class='ocr_par' dir='ltr' id='par_1_26' title="bbox 2202 1206 3771 1284">
     <span class='ocr_line' id='line_1_26' title="bbox 2202 1206 3771 1284; baseline -0.004 -18"><span class='ocrx_word' id='word_1_166' title='bbox 2202 1214 2418 1284; x_wconf 83' lang='grc' dir='ltr'><strong>εὐρεῖαν</strong></span> <span class='ocrx_word' id='word_1_167' title='bbox 2456 1207 2593 1265; x_wconf 80' lang='grc' dir='ltr'>εῖναι</span> <span class='ocrx_word' id='word_1_168' title='bbox 2625 1211 2721 1280; x_wconf 76' lang='grc' dir='ltr'><strong>τὴν</strong></span> <span class='ocrx_word' id='word_1_169' title='bbox 2754 1209 2967 1278; x_wconf 79' lang='grc' dir='ltr'><strong>ἐκείνης</strong></span> <span class='ocrx_word' id='word_1_170' title='bbox 2996 1207 3287 1261; x_wconf 87' lang='grc' dir='ltr'>θάλασσαν.</span> <span class='ocrx_word' id='word_1_171' title='bbox 3318 1209 3426 1261; x_wconf 78' lang='grc' dir='ltr'><strong>Κάὶ</strong></span> <span class='ocrx_word' id='word_1_172' title='bbox 3452 1206 3582 1277; x_wconf 83' lang='grc' dir='ltr'>γοῦν</span> <span class='ocrx_word' id='word_1_173' title='bbox 3614 1209 3642 1260; x_wconf 98' lang='lat'><strong>6</strong></span> <span class='ocrx_word' id='word_1_174' title='bbox 3670 1224 3771 1276; x_wconf 89' lang='grc' dir='ltr'>μα-</span> 
     </span>
    </p>
   </div>
   <div class='ocr_carea' id='block_1_27' title="bbox 2202 1298 3770 1378">
    <p class='ocr_par' dir='ltr' id='par_1_27' title="bbox 2202 1298 3770 1378">
     <span class='ocr_line' id='line_1_27' title="bbox 2202 1298 3770 1378; baseline -0.006 -17"><span class='ocrx_word' id='word_1_175' title='bbox 2202 1307 2393 1378; x_wconf 86' lang='grc' dir='ltr'>κάριος</span> <span class='ocrx_word' id='word_1_176' title='bbox 2430 1302 2611 1368; x_wconf 77' lang='grc' dir='ltr'>Δαϐὶδ,</span> <span class='ocrx_word' id='word_1_177' title='bbox 2641 1302 2840 1365; x_wconf 70' lang='grc' dir='ltr'>παντὸς</span> <span class='ocrx_word' id='word_1_178' title='bbox 2872 1300 2965 1354; x_wconf 89' lang='grc' dir='ltr'><strong>τοῦ</strong></span> <span class='ocrx_word' id='word_1_179' title='bbox 3013 1300 3220 1368; x_wconf 86' lang='grc' dir='ltr'>κόσμου</span> <span class='ocrx_word' id='word_1_180' title='bbox 3267 1298 3595 1371; x_wconf 79' lang='grc' dir='ltr'>δημιουργὸν</span> <span class='ocrx_word' id='word_1_181' title='bbox 3637 1302 3770 1353; x_wconf 85' lang='grc' dir='ltr'>ἀπο-</span> 
     </span>
    </p>
   </div>
   <div class='ocr_carea' id='block_1_28' title="bbox 2202 1392 3769 1467">
    <p class='ocr_par' dir='ltr' id='par_1_28' title="bbox 2202 1392 3769 1467">
     <span class='ocr_line' id='line_1_28' title="bbox 2202 1392 3769 1467; baseline -0.004 -16"><span class='ocrx_word' id='word_1_182' title='bbox 2202 1397 2406 1467; x_wconf 84' lang='grc' dir='ltr'>φαίνων</span> <span class='ocrx_word' id='word_1_183' title='bbox 2449 1397 2538 1450; x_wconf 81' lang='grc' dir='ltr'><strong>τὸν</strong></span> <span class='ocrx_word' id='word_1_184' title='bbox 2585 1394 2694 1449; x_wconf 81' lang='grc' dir='ltr'>τῶν</span> <span class='ocrx_word' id='word_1_185' title='bbox 2738 1395 2874 1448; x_wconf 83' lang='grc' dir='ltr'>ὅλων</span> <span class='ocrx_word' id='word_1_186' title='bbox 2907 1394 3066 1459; x_wconf 84' lang='grc' dir='ltr'><strong>Θεὸν,</strong></span> <span class='ocrx_word' id='word_1_187' title='bbox 3107 1410 3125 1444; x_wconf 76' lang='grc' dir='ltr'><strong>ι</strong></span> <span class='ocrx_word' id='word_1_188' title='bbox 3157 1392 3259 1444; x_wconf 82' lang='grc' dir='ltr'>Τὸν</span> <span class='ocrx_word' id='word_1_189' title='bbox 3299 1392 3520 1463; x_wconf 73' lang='grc' dir='ltr'>βορρᾶν,</span> <span class='ocrx_word' id='word_1_190' title='bbox 3551 1412 3569 1443; x_wconf 79' lang='lat' dir='ltr'><strong>s</strong></span> <span class='ocrx_word' id='word_1_191' title='bbox 3614 1394 3769 1463; x_wconf 68' lang='grc' dir='ltr'>φησι,</span> 
     </span>
    </p>
   </div>
   <div class='ocr_carea' id='block_1_29' title="bbox 2207 1484 3771 1549">
    <p class='ocr_par' dir='ltr' id='par_1_29' title="bbox 2207 1484 3771 1549">
     <span class='ocr_line' id='line_1_29' title="bbox 2207 1484 3771 1549; baseline -0.004 -6"><span class='ocrx_word' id='word_1_192' title='bbox 2207 1509 2226 1543; x_wconf 76' lang='grc' dir='ltr'><strong>ι</strong></span> <span class='ocrx_word' id='word_1_193' title='bbox 2256 1490 2349 1543; x_wconf 77' lang='grc' dir='ltr'>καὶ</span> <span class='ocrx_word' id='word_1_194' title='bbox 2400 1488 2674 1543; x_wconf 87' lang='grc' dir='ltr'>θάλασσαν</span> <span class='ocrx_word' id='word_1_195' title='bbox 2713 1488 2777 1540; x_wconf 81' lang='grc' dir='ltr'><strong>σὺ</strong></span> <span class='ocrx_word' id='word_1_196' title='bbox 2810 1486 3048 1549; x_wconf 75' lang='grc' dir='ltr'>ἔκτισας.</span> <span class='ocrx_word' id='word_1_197' title='bbox 3082 1504 3100 1535; x_wconf 73' lang='grc' dir='ltr'><strong>ι</strong></span> <span class='ocrx_word' id='word_1_198' title='bbox 3132 1485 3251 1538; x_wconf 73' lang='grc' dir='ltr'>Ὀτι</span> <span class='ocrx_word' id='word_1_199' title='bbox 3295 1484 3351 1537; x_wconf 84' lang='grc' dir='ltr'>δὲ</span> <span class='ocrx_word' id='word_1_200' title='bbox 3396 1484 3489 1539; x_wconf 75' lang='grc' dir='ltr'><strong>καὶ</strong></span> <span class='ocrx_word' id='word_1_201' title='bbox 3518 1486 3546 1538; x_wconf 90' lang='lat'><strong>6</strong></span> <span class='ocrx_word' id='word_1_202' title='bbox 3575 1484 3771 1538; x_wconf 83' lang='grc' dir='ltr'>θεσπέ-</span> 
     </span>
    </p>
   </div>
   <div class='ocr_carea' id='block_1_30' title="bbox 2204 1577 3767 1652">
    <p class='ocr_par' dir='ltr' id='par_1_30' title="bbox 2204 1577 3767 1652">
     <span class='ocr_line' id='line_1_30' title="bbox 2204 1577 3767 1652; baseline -0.003 -17"><span class='ocrx_word' id='word_1_203' title='bbox 2204 1598 2316 1645; x_wconf 89' lang='grc' dir='ltr'>σιος</span> <span class='ocrx_word' id='word_1_204' title='bbox 2354 1581 2577 1652; x_wconf 80' lang='grc' dir='ltr'><strong>Πέτρος,</strong></span> <span class='ocrx_word' id='word_1_205' title='bbox 2611 1579 2704 1633; x_wconf 77' lang='grc' dir='ltr'>καὶ</span> <span class='ocrx_word' id='word_1_206' title='bbox 2739 1579 2844 1651; x_wconf 81' lang='grc' dir='ltr'><strong>μὴν</strong></span> <span class='ocrx_word' id='word_1_207' title='bbox 2876 1578 2970 1633; x_wconf 78' lang='grc' dir='ltr'><strong>καὶ</strong></span> <span class='ocrx_word' id='word_1_208' title='bbox 3000 1578 3163 1642; x_wconf 83' lang='grc' dir='ltr'>αὐτὸς</span> <span class='ocrx_word' id='word_1_209' title='bbox 3183 1580 3210 1631; x_wconf 88' lang='grc' dir='ltr'>ὁ</span> <span class='ocrx_word' id='word_1_210' title='bbox 3235 1578 3505 1646; x_wconf 83' lang='grc' dir='ltr'>πάνσοφος</span> <span class='ocrx_word' id='word_1_211' title='bbox 3537 1577 3767 1643; x_wconf 82' lang='grc' dir='ltr'>Παῦλος,</span> 
     </span>
    </p>
   </div>
   <div class='ocr_carea' id='block_1_31' title="bbox 2200 1668 3770 1743">
    <p class='ocr_par' dir='ltr' id='par_1_31' title="bbox 2200 1668 3770 1743">
     <span class='ocr_line' id='line_1_31' title="bbox 2200 1668 3770 1743; baseline -0.003 -16"><span class='ocrx_word' id='word_1_212' title='bbox 2200 1672 2269 1727; x_wconf 79' lang='grc' dir='ltr'>τὰ</span> <span class='ocrx_word' id='word_1_213' title='bbox 2313 1672 2414 1743; x_wconf 83' lang='grc' dir='ltr'>τῆς</span> <span class='ocrx_word' id='word_1_214' title='bbox 2461 1670 2699 1742; x_wconf 77' lang='grc' dir='ltr'><strong>ἑσπέρας</strong></span> <span class='ocrx_word' id='word_1_215' title='bbox 2724 1669 3119 1733; x_wconf 86' lang='grc' dir='ltr'>καταλαϐόντες</span> <span class='ocrx_word' id='word_1_216' title='bbox 3168 1668 3329 1741; x_wconf 83' lang='grc' dir='ltr'>μέρη,</span> <span class='ocrx_word' id='word_1_217' title='bbox 3368 1670 3770 1741; x_wconf 82' lang='grc' dir='ltr'>κατηγγέλκασι</span> 
     </span>
    </p>
   </div>
   <div class='ocr_carea' id='block_1_32' title="bbox 2200 1761 3769 1836">
    <p class='ocr_par' dir='ltr' id='par_1_32' title="bbox 2200 1761 3769 1836">
     <span class='ocr_line' id='line_1_32' title="bbox 2200 1761 3769 1836; baseline -0.002 -18"><span class='ocrx_word' id='word_1_218' title='bbox 2200 1765 2291 1818; x_wconf 86' lang='grc' dir='ltr'><strong>τὸν</strong></span> <span class='ocrx_word' id='word_1_219' title='bbox 2325 1763 2554 1836; x_wconf 78' lang='grc' dir='ltr'>Ἰησοῦν,</span> <span class='ocrx_word' id='word_1_220' title='bbox 2574 1763 2894 1817; x_wconf 76' lang='grc' dir='ltr'>ἐνδοιάσειεν</span> <span class='ocrx_word' id='word_1_221' title='bbox 2918 1761 2982 1816; x_wconf 80' lang='grc' dir='ltr'><strong>ἂν</strong></span> <span class='ocrx_word' id='word_1_222' title='bbox 3015 1762 3208 1825; x_wconf 82' lang='grc' dir='ltr'>οὐδείς.</span> <span class='ocrx_word' id='word_1_223' title='bbox 3227 1762 3662 1833; x_wconf 86' lang='grc' dir='ltr'>Προνομεύσουσι</span> <span class='ocrx_word' id='word_1_224' title='bbox 3690 1761 3769 1831; x_wconf 88' lang='grc' dir='ltr'><strong>δὲ,</strong></span> 
     </span>
    </p>
   </div>
   <div class='ocr_carea' id='block_1_33' title="bbox 2204 1853 3767 1935">
    <p class='ocr_par' dir='ltr' id='par_1_33' title="bbox 2204 1853 3767 1935">
     <span class='ocr_line' id='line_1_33' title="bbox 2204 1853 3767 1935; baseline -0.002 -25"><span class='ocrx_word' id='word_1_225' title='bbox 2204 1858 2357 1935; x_wconf 72' lang='grc' dir='ltr'>φησὶ,</span> <span class='ocrx_word' id='word_1_226' title='bbox 2382 1858 2477 1910; x_wconf 75' lang='grc' dir='ltr'>καὶ</span> <span class='ocrx_word' id='word_1_227' title='bbox 2516 1856 2644 1919; x_wconf 82' lang='grc' dir='ltr'>τοὺς</span> <span class='ocrx_word' id='word_1_228' title='bbox 2689 1856 2783 1925; x_wconf 87' lang='grc' dir='ltr'><strong>ἀφ’</strong></span> <span class='ocrx_word' id='word_1_229' title='bbox 2816 1854 2967 1925; x_wconf 78' lang='grc' dir='ltr'>ἡλίου</span> <span class='ocrx_word' id='word_1_230' title='bbox 2998 1853 3291 1917; x_wconf 84' lang='grc' dir='ltr'>ἀνατολῶν,</span> <span class='ocrx_word' id='word_1_231' title='bbox 3317 1854 3409 1907; x_wconf 77' lang='grc' dir='ltr'><strong>καὶ</strong></span> <span class='ocrx_word' id='word_1_232' title='bbox 3446 1854 3767 1924; x_wconf 83' lang='grc' dir='ltr'>Ἰδουμαίαν,</span> 
     </span>
    </p>
   </div>
   <div class='ocr_carea' id='block_1_34' title="bbox 546 1942 2101 2018">
    <p class='ocr_par' dir='ltr' id='par_1_34' title="bbox 546 1942 2101 2013">
     <span class='ocr_line' id='line_1_34' title="bbox 546 1942 2101 2013; baseline -0.005 -9"><span class='ocrx_word' id='word_1_233' title='bbox 546 1966 645 2005; x_wconf 64' lang='lat' dir='ltr'><strong>mae</strong></span> <span class='ocrx_word' id='word_1_234' title='bbox 702 1960 757 2004; x_wconf 90' lang='lat' dir='ltr'><strong>et</strong></span> <span class='ocrx_word' id='word_1_235' title='bbox 804 1948 1014 2012; x_wconf 66' lang='lat' dir='ltr'><strong>vicinae,</strong></span> <span class='ocrx_word' id='word_1_236' title='bbox 1066 1961 1130 2001; x_wconf 91' lang='lat' dir='ltr'><strong>ac</strong></span> <span class='ocrx_word' id='word_1_237' title='bbox 1183 1945 1345 2000; x_wconf 91' lang='lat' dir='ltr'><strong>etiam</strong></span> <span class='ocrx_word' id='word_1_238' title='bbox 1399 1944 1609 2013; x_wconf 79' lang='lat' dir='ltr'><strong>longius</strong></span> <span class='ocrx_word' id='word_1_239' title='bbox 1662 1942 1884 2003; x_wconf 67' lang='lat' dir='ltr'><strong>dissitas.</strong></span> <span class='ocrx_word' id='word_1_240' title='bbox 1936 1942 2101 2009; x_wconf 71' lang='lat' dir='ltr'><strong>plena:</strong></span> 
     </span>
    </p>
   </div>
   <div class='ocr_carea' id='block_1_35' title="bbox 2201 1942 3773 2018">
    <p class='ocr_par' dir='ltr' id='par_1_35' title="bbox 2204 1944 3773 2018">
     <span class='ocr_line' id='line_1_35' title="bbox 2204 1944 3773 2018; baseline -0.001 -15"><span class='ocrx_word' id='word_1_241' title='bbox 2204 1950 2300 2003; x_wconf 78' lang='grc' dir='ltr'>καὶ</span> <span class='ocrx_word' id='word_1_242' title='bbox 2344 1951 2436 2003; x_wconf 73' lang='grc' dir='ltr'>ἐπὶ</span> <span class='ocrx_word' id='word_1_243' title='bbox 2483 1946 2659 2003; x_wconf 88' lang='grc' dir='ltr'>Μωάϐ</span> <span class='ocrx_word' id='word_1_244' title='bbox 2703 1946 2800 2011; x_wconf 78' lang='grc' dir='ltr'>τὰς</span> <span class='ocrx_word' id='word_1_245' title='bbox 2842 1950 3027 2018; x_wconf 84' lang='grc' dir='ltr'>χεῖρας</span> <span class='ocrx_word' id='word_1_246' title='bbox 3073 1944 3440 2001; x_wconf 74' lang='grc' dir='ltr'>ἐπιϐαλοῦσιν.</span> <span class='ocrx_word' id='word_1_247' title='bbox 3474 1948 3539 2001; x_wconf 80' lang='lat' dir='ltr'><strong>Ol</strong></span> <span class='ocrx_word' id='word_1_248' title='bbox 3579 1946 3636 2000; x_wconf 83' lang='grc' dir='ltr'>δὲ</span> <span class='ocrx_word' id='word_1_249' title='bbox 3667 1948 3773 2001; x_wconf 74' lang='grc' dir='ltr'>υίοὶ</span> 
     </span>
    </p>
   </div>
   <div class='ocr_carea' id='block_1_36' title="bbox 543 2033 2100 2104">
    <p class='ocr_par' dir='ltr' id='par_1_36' title="bbox 543 2033 2100 2104">
     <span class='ocr_line' id='line_1_36' title="bbox 543 2033 2100 2104; baseline -0.004 -10"><span class='ocrx_word' id='word_1_250' title='bbox 543 2048 699 2095; x_wconf 86' lang='lat' dir='ltr'><strong>erant</strong></span> <span class='ocrx_word' id='word_1_251' title='bbox 731 2037 1049 2102; x_wconf 76' lang='lat' dir='ltr'><strong>idololatria,</strong></span> <span class='ocrx_word' id='word_1_252' title='bbox 1097 2051 1260 2092; x_wconf 89' lang='lat' dir='ltr'><strong>sensu</strong></span> <span class='ocrx_word' id='word_1_253' title='bbox 1302 2044 1357 2091; x_wconf 91' lang='lat' dir='ltr'><strong>et</strong></span> <span class='ocrx_word' id='word_1_254' title='bbox 1396 2034 1741 2104; x_wconf 83' lang='lat' dir='ltr'><strong>opinionibus</strong></span> <span class='ocrx_word' id='word_1_255' title='bbox 1780 2033 2100 2089; x_wconf 83' lang='lat' dir='ltr'><strong>dissidentes</strong></span> 
     </span>
    </p>
   </div>
   <div class='ocr_carea' id='block_1_37' title="bbox 542 2126 2100 2200">
    <p class='ocr_par' dir='ltr' id='par_1_37' title="bbox 542 2126 2100 2200">
     <span class='ocr_line' id='line_1_37' title="bbox 542 2126 2100 2200; baseline -0.004 -13"><span class='ocrx_word' id='word_1_256' title='bbox 542 2132 611 2187; x_wconf 88' lang='lat' dir='ltr'><strong>ab</strong></span> <span class='ocrx_word' id='word_1_257' title='bbox 642 2130 746 2195; x_wconf 90' lang='lat' dir='ltr'><strong>his,</strong></span> <span class='ocrx_word' id='word_1_258' title='bbox 778 2130 868 2200; x_wconf 89' lang='lat' dir='ltr'><strong>qui</strong></span> <span class='ocrx_word' id='word_1_259' title='bbox 898 2144 1064 2184; x_wconf 91' lang='lat' dir='ltr'><strong>unum</strong></span> <span class='ocrx_word' id='word_1_260' title='bbox 1102 2137 1158 2185; x_wconf 86' lang='lat' dir='ltr'><strong>et</strong></span> <span class='ocrx_word' id='word_1_261' title='bbox 1200 2140 1390 2183; x_wconf 85' lang='lat' dir='ltr'><strong>natura</strong></span> <span class='ocrx_word' id='word_1_262' title='bbox 1427 2136 1481 2183; x_wconf 91' lang='lat' dir='ltr'><strong>et</strong></span> <span class='ocrx_word' id='word_1_263' title='bbox 1523 2141 1649 2182; x_wconf 83' lang='lat' dir='ltr'><strong>vere</strong></span> <span class='ocrx_word' id='word_1_264' title='bbox 1700 2126 1864 2181; x_wconf 90' lang='lat' dir='ltr'><strong>Deum</strong></span> <span class='ocrx_word' id='word_1_265' title='bbox 1903 2142 2100 2196; x_wconf 80' lang='lat' dir='ltr'><strong>cogno-</strong></span> 
     </span>
    </p>
   </div>
   <div class='ocr_carea' id='block_1_38' title="bbox 541 2217 2097 2286">
    <p class='ocr_par' dir='ltr' id='par_1_38' title="bbox 541 2217 2097 2286">
     <span class='ocr_line' id='line_1_38' title="bbox 541 2217 2097 2286; baseline -0.003 -10"><span class='ocrx_word' id='word_1_266' title='bbox 541 2231 717 2277; x_wconf 88' lang='lat' dir='ltr'><strong>scunt.</strong></span> <span class='ocrx_word' id='word_1_267' title='bbox 744 2218 961 2275; x_wconf 70' lang='lat' dir='ltr'><strong>Idumaei</strong></span> <span class='ocrx_word' id='word_1_268' title='bbox 991 2220 1114 2275; x_wconf 89' lang='lat' dir='ltr'><strong>dein</strong></span> <span class='ocrx_word' id='word_1_269' title='bbox 1144 2228 1198 2274; x_wconf 88' lang='lat' dir='ltr'><strong>et</strong></span> <span class='ocrx_word' id='word_1_270' title='bbox 1229 2218 1489 2286; x_wconf 66' lang='lat' dir='ltr'><strong>Moabitae,</strong></span> <span class='ocrx_word' id='word_1_271' title='bbox 1520 2228 1575 2273; x_wconf 92' lang='lat' dir='ltr'><strong>et</strong></span> <span class='ocrx_word' id='word_1_272' title='bbox 1602 2217 1693 2272; x_wconf 80' lang='lat' dir='ltr'><strong>lilii</strong></span> <span class='ocrx_word' id='word_1_273' title='bbox 1742 2218 1989 2284; x_wconf 88' lang='lat' dir='ltr'><strong>Ammon,</strong></span> <span class='ocrx_word' id='word_1_274' title='bbox 2033 2218 2097 2272; x_wconf 80' lang='lat' dir='ltr'><strong>li-</strong></span> 
     </span>
    </p>
   </div>
   <div class='ocr_carea' id='block_1_39' title="bbox 544 2310 2100 2384">
    <p class='ocr_par' dir='ltr' id='par_1_39' title="bbox 544 2310 2100 2384">
     <span class='ocr_line' id='line_1_39' title="bbox 544 2310 2100 2384; baseline -0.003 -15"><span class='ocrx_word' id='word_1_275' title='bbox 544 2315 718 2370; x_wconf 90' lang='lat' dir='ltr'><strong>nitimi</strong></span> <span class='ocrx_word' id='word_1_276' title='bbox 747 2313 963 2384; x_wconf 87' lang='lat' dir='ltr'><strong>quidem</strong></span> <span class='ocrx_word' id='word_1_277' title='bbox 997 2322 1152 2367; x_wconf 87' lang='lat' dir='ltr'><strong>erant</strong></span> <span class='ocrx_word' id='word_1_278' title='bbox 1177 2310 1455 2376; x_wconf 88' lang='lat' dir='ltr'><strong>lsraelitis,</strong></span> <span class='ocrx_word' id='word_1_279' title='bbox 1500 2319 1556 2366; x_wconf 88' lang='lat' dir='ltr'><strong>et</strong></span> <span class='ocrx_word' id='word_1_280' title='bbox 1584 2310 1973 2367; x_wconf 83' lang='lat' dir='ltr'><strong>conterminam</strong></span> <span class='ocrx_word' id='word_1_281' title='bbox 2014 2324 2100 2364; x_wconf 88' lang='lat' dir='ltr'><strong>re-</strong></span> 
     </span>
    </p>
   </div>
   <div class='ocr_carea' id='block_1_40' title="bbox 542 2405 2099 2476">
    <p class='ocr_par' dir='ltr' id='par_1_40' title="bbox 542 2405 2099 2476">
     <span class='ocr_line' id='line_1_40' title="bbox 542 2405 2099 2476; baseline -0.002 -17"><span class='ocrx_word' id='word_1_282' title='bbox 542 2409 754 2476; x_wconf 84' lang='lat' dir='ltr'><strong>gionem</strong></span> <span class='ocrx_word' id='word_1_283' title='bbox 784 2406 1106 2470; x_wconf 86' lang='lat' dir='ltr'><strong>incolebant,</strong></span> <span class='ocrx_word' id='word_1_284' title='bbox 1141 2405 1508 2460; x_wconf 90' lang='lat' dir='ltr'><strong>dissenserunt</strong></span> <span class='ocrx_word' id='word_1_285' title='bbox 1558 2412 1754 2467; x_wconf 86' lang='lat' dir='ltr'><strong>tamen,</strong></span> <span class='ocrx_word' id='word_1_286' title='bbox 1803 2411 1859 2456; x_wconf 88' lang='lat' dir='ltr'><strong>et</strong></span> <span class='ocrx_word' id='word_1_287' title='bbox 1905 2416 2099 2471; x_wconf 80' lang='lat' dir='ltr'><strong>graves</strong></span> 
     </span>
    </p>
   </div>
   <div class='ocr_carea' id='block_1_41' title="bbox 542 2496 2095 2569">
    <p class='ocr_par' dir='ltr' id='par_1_41' title="bbox 542 2496 2095 2569">
     <span class='ocr_line' id='line_1_41' title="bbox 542 2496 2095 2569; baseline -0.003 -15"><span class='ocrx_word' id='word_1_288' title='bbox 542 2509 597 2554; x_wconf 89' lang='lat' dir='ltr'><strong>et</strong></span> <span class='ocrx_word' id='word_1_289' title='bbox 617 2497 993 2569; x_wconf 82' lang='lat' dir='ltr'><strong>pugnacissimi</strong></span> <span class='ocrx_word' id='word_1_290' title='bbox 1023 2498 1205 2553; x_wconf 88' lang='lat' dir='ltr'><strong>hostes</strong></span> <span class='ocrx_word' id='word_1_291' title='bbox 1231 2496 1575 2559; x_wconf 78' lang='lat' dir='ltr'><strong>exstiterunt,</strong></span> <span class='ocrx_word' id='word_1_292' title='bbox 1605 2506 1750 2549; x_wconf 87' lang='lat' dir='ltr'><strong>astra</strong></span> <span class='ocrx_word' id='word_1_293' title='bbox 1781 2496 2095 2561; x_wconf 85' lang='lat' dir='ltr'><strong>adorarunt,</strong></span> 
     </span>
    </p>
   </div>
   <div class='ocr_carea' id='block_1_42' title="bbox 542 2586 2097 2660">
    <p class='ocr_par' dir='ltr' id='par_1_42' title="bbox 542 2586 2097 2660">
     <span class='ocr_line' id='line_1_42' title="bbox 542 2586 2097 2660; baseline -0.004 -15"><span class='ocrx_word' id='word_1_294' title='bbox 542 2590 798 2660; x_wconf 85' lang='lat' dir='ltr'><strong>omnique</strong></span> <span class='ocrx_word' id='word_1_295' title='bbox 836 2590 1090 2658; x_wconf 81' lang='lat' dir='ltr'><strong>religione</strong></span> <span class='ocrx_word' id='word_1_296' title='bbox 1120 2587 1424 2644; x_wconf 80' lang='lat' dir='ltr'><strong>Luciferum</strong></span> <span class='ocrx_word' id='word_1_297' title='bbox 1468 2586 1734 2657; x_wconf 86' lang='lat' dir='ltr'><strong>prosecuti</strong></span> <span class='ocrx_word' id='word_1_298' title='bbox 1782 2597 1927 2653; x_wconf 87' lang='lat' dir='ltr'><strong>sunt,</strong></span> <span class='ocrx_word' id='word_1_299' title='bbox 1968 2586 2097 2640; x_wconf 87' lang='lat' dir='ltr'><strong>alio-</strong></span> 
     </span>
    </p>
   </div>
   <div class='ocr_carea' id='block_1_43' title="bbox 546 2678 2099 2753">
    <p class='ocr_par' dir='ltr' id='par_1_43' title="bbox 546 2678 2099 2753">
     <span class='ocr_line' id='line_1_43' title="bbox 546 2678 2099 2753; baseline -0.003 -16"><span class='ocrx_word' id='word_1_300' title='bbox 546 2697 774 2753; x_wconf 87' lang='lat' dir='ltr'><strong>rumque</strong></span> <span class='ocrx_word' id='word_1_301' title='bbox 805 2681 1021 2736; x_wconf 86' lang='lat' dir='ltr'><strong>deorum</strong></span> <span class='ocrx_word' id='word_1_302' title='bbox 1064 2680 1359 2750; x_wconf 88' lang='lat' dir='ltr'><strong>principem</strong></span> <span class='ocrx_word' id='word_1_303' title='bbox 1407 2689 1463 2734; x_wconf 90' lang='lat' dir='ltr'><strong>et</strong></span> <span class='ocrx_word' id='word_1_304' title='bbox 1512 2678 1806 2733; x_wconf 82' lang='lat' dir='ltr'><strong>antistitem</strong></span> <span class='ocrx_word' id='word_1_305' title='bbox 1857 2681 2099 2733; x_wconf 85' lang='lat' dir='ltr'><strong>nomina-</strong></span> 
     </span>
    </p>
   </div>
   <div class='ocr_carea' id='block_1_44' title="bbox 545 2771 2099 2843">
    <p class='ocr_par' dir='ltr' id='par_1_44' title="bbox 545 2771 2099 2843">
     <span class='ocr_line' id='line_1_44' title="bbox 545 2771 2099 2843; baseline -0.001 -13"><span class='ocrx_word' id='word_1_306' title='bbox 545 2784 691 2831; x_wconf 87' lang='lat' dir='ltr'><strong>runt.</strong></span> <span class='ocrx_word' id='word_1_307' title='bbox 721 2774 957 2841; x_wconf 84' lang='lat' dir='ltr'><strong>Quorum</strong></span> <span class='ocrx_word' id='word_1_308' title='bbox 986 2773 1165 2829; x_wconf 89' lang='lat' dir='ltr'><strong>animo</strong></span> <span class='ocrx_word' id='word_1_309' title='bbox 1193 2787 1256 2828; x_wconf 87' lang='lat' dir='ltr'><strong>ac</strong></span> <span class='ocrx_word' id='word_1_310' title='bbox 1294 2772 1443 2827; x_wconf 90' lang='lat' dir='ltr'><strong>cordi</strong></span> <span class='ocrx_word' id='word_1_311' title='bbox 1472 2772 1735 2843; x_wconf 89' lang='lat' dir='ltr'><strong>imprimis</strong></span> <span class='ocrx_word' id='word_1_312' title='bbox 1767 2771 1941 2826; x_wconf 80' lang='lat' dir='ltr'><strong>illuxit</strong></span> <span class='ocrx_word' id='word_1_313' title='bbox 1973 2786 2099 2829; x_wconf 88' lang='lat' dir='ltr'><strong>vere</strong></span> 
     </span>
    </p>
   </div>
   <div class='ocr_carea' id='block_1_45' title="bbox 544 2865 2101 2936">
    <p class='ocr_par' dir='ltr' id='par_1_45' title="bbox 544 2865 2101 2936">
     <span class='ocr_line' id='line_1_45' title="bbox 544 2865 2101 2936; baseline -0.001 -14"><span class='ocrx_word' id='word_1_314' title='bbox 544 2867 778 2932; x_wconf 82' lang='lat' dir='ltr'><strong>Lucifer,</strong></span> <span class='ocrx_word' id='word_1_315' title='bbox 806 2876 861 2921; x_wconf 89' lang='lat' dir='ltr'><strong>et</strong></span> <span class='ocrx_word' id='word_1_316' title='bbox 896 2867 984 2922; x_wconf 80' lang='lat' dir='ltr'><strong>lux</strong></span> <span class='ocrx_word' id='word_1_317' title='bbox 1022 2865 1127 2920; x_wconf 90' lang='lat' dir='ltr'><strong>diei</strong></span> <span class='ocrx_word' id='word_1_318' title='bbox 1171 2865 1270 2920; x_wconf 89' lang='lat' dir='ltr'><strong>sub</strong></span> <span class='ocrx_word' id='word_1_319' title='bbox 1305 2865 1708 2936; x_wconf 85' lang='lat' dir='ltr'><strong>intelligentiam</strong></span> <span class='ocrx_word' id='word_1_320' title='bbox 1749 2866 1988 2920; x_wconf 85' lang='lat' dir='ltr'><strong>cadentis</strong></span> <span class='ocrx_word' id='word_1_321' title='bbox 2016 2880 2101 2920; x_wconf 79' lang='lat' dir='ltr'><strong>re-</strong></span> 
     </span>
    </p>
   </div>
   <div class='ocr_carea' id='block_1_46' title="bbox 543 2956 2099 3031">
    <p class='ocr_par' dir='ltr' id='par_1_46' title="bbox 543 2956 2099 3031">
     <span class='ocr_line' id='line_1_46' title="bbox 543 2956 2099 3031; baseline -0.003 -14"><span class='ocrx_word' id='word_1_322' title='bbox 543 2960 832 3031; x_wconf 88' lang='lat' dir='ltr'><strong>splenduit.</strong></span> <span class='ocrx_word' id='word_1_323' title='bbox 866 2957 996 3014; x_wconf 82' lang='lat' dir='ltr'><strong>Nam</strong></span> <span class='ocrx_word' id='word_1_324' title='bbox 1043 2956 1269 3027; x_wconf 85' lang='lat' dir='ltr'><strong>pristina</strong></span> <span class='ocrx_word' id='word_1_325' title='bbox 1319 2957 1510 3012; x_wconf 86' lang='lat' dir='ltr'><strong>nebula</strong></span> <span class='ocrx_word' id='word_1_326' title='bbox 1564 2957 1790 3026; x_wconf 64' lang='lat' dir='ltr'><strong>abiecta,</strong></span> <span class='ocrx_word' id='word_1_327' title='bbox 1847 2968 1899 3012; x_wconf 88' lang='lat' dir='ltr'><strong>et</strong></span> <span class='ocrx_word' id='word_1_328' title='bbox 1952 2958 2099 3012; x_wconf 83' lang='lat' dir='ltr'><strong>cultu</strong></span> 
     </span>
    </p>
   </div>
   <div class='ocr_carea' id='block_1_47' title="bbox 543 3047 2101 3119">
    <p class='ocr_par' dir='ltr' id='par_1_47' title="bbox 543 3047 2101 3119">
     <span class='ocr_line' id='line_1_47' title="bbox 543 3047 2101 3119; baseline -0.002 -12"><span class='ocrx_word' id='word_1_329' title='bbox 543 3049 933 3119; x_wconf 65' lang='lat' dir='ltr'><strong>creaturajam</strong></span> <span class='ocrx_word' id='word_1_330' title='bbox 968 3048 1267 3117; x_wconf 85' lang='lat' dir='ltr'><strong>repudiato,</strong></span> <span class='ocrx_word' id='word_1_331' title='bbox 1309 3047 1581 3103; x_wconf 87' lang='lat' dir='ltr'><strong>Christum</strong></span> <span class='ocrx_word' id='word_1_332' title='bbox 1630 3050 2010 3117; x_wconf 83' lang='lat' dir='ltr'><strong>adoraverunt,</strong></span> <span class='ocrx_word' id='word_1_333' title='bbox 2048 3058 2101 3104; x_wconf 92' lang='lat' dir='ltr'><strong>et</strong></span> 
     </span>
    </p>
   </div>
   <div class='ocr_carea' id='block_1_48' title="bbox 542 3142 2097 3217">
    <p class='ocr_par' dir='ltr' id='par_1_48' title="bbox 542 3142 2097 3217">
     <span class='ocr_line' id='line_1_48' title="bbox 542 3142 2097 3217; baseline -0.001 -18"><span class='ocrx_word' id='word_1_334' title='bbox 542 3144 809 3217; x_wconf 86' lang='lat' dir='ltr'><strong>quondam</strong></span> <span class='ocrx_word' id='word_1_335' title='bbox 870 3142 1280 3207; x_wconf 82' lang='lat' dir='ltr'><strong>infensissimos,</strong></span> <span class='ocrx_word' id='word_1_336' title='bbox 1324 3142 1488 3212; x_wconf 77' lang='lat'><strong>208</strong></span> <span class='ocrx_word' id='word_1_337' title='bbox 1528 3142 1815 3207; x_wconf 88' lang='lat' dir='ltr'><strong>lsraelitas,</strong></span> <span class='ocrx_word' id='word_1_338' title='bbox 1861 3144 2097 3213; x_wconf 83' lang='lat' dir='ltr'><strong>inquam,</strong></span> 
     </span>
    </p>
   </div>
   <div class='ocr_carea' id='block_1_49' title="bbox 542 3233 2101 3305">
    <p class='ocr_par' dir='ltr' id='par_1_49' title="bbox 542 3233 2101 3305">
     <span class='ocr_line' id='line_1_49' title="bbox 542 3233 2101 3305; baseline -0.002 -16"><span class='ocrx_word' id='word_1_339' title='bbox 542 3243 911 3305; x_wconf 81' lang='lat' dir='ltr'><strong>mystagogos,</strong></span> <span class='ocrx_word' id='word_1_340' title='bbox 944 3244 1000 3289; x_wconf 91' lang='lat' dir='ltr'><strong>et</strong></span> <span class='ocrx_word' id='word_1_341' title='bbox 1050 3248 1323 3288; x_wconf 90' lang='lat' dir='ltr'><strong>sacrorum</strong></span> <span class='ocrx_word' id='word_1_342' title='bbox 1378 3233 1679 3299; x_wconf 88' lang='lat' dir='ltr'><strong>antistites,</strong></span> <span class='ocrx_word' id='word_1_343' title='bbox 1726 3243 1780 3287; x_wconf 90' lang='lat' dir='ltr'><strong>et</strong></span> <span class='ocrx_word' id='word_1_344' title='bbox 1833 3248 2101 3302; x_wconf 58' lang='lat' dir='ltr'><strong>praemon-</strong></span> 
     </span>
    </p>
   </div>
   <div class='ocr_carea' id='block_1_50' title="bbox 2210 2037 3771 2113">
    <p class='ocr_par' dir='ltr' id='par_1_50' title="bbox 2210 2037 3771 2113">
     <span class='ocr_line' id='line_1_50' title="bbox 2210 2037 3771 2113; baseline 0 -19"><span class='ocrx_word' id='word_1_345' title='bbox 2210 2040 2439 2112; x_wconf 84' lang='grc' dir='ltr'>Ἀμμὼν</span> <span class='ocrx_word' id='word_1_346' title='bbox 2470 2039 2676 2113; x_wconf 86' lang='grc' dir='ltr'>πρῶτοι</span> <span class='ocrx_word' id='word_1_347' title='bbox 2704 2037 3123 2093; x_wconf 83' lang='grc' dir='ltr'>ὑπακούσονται.</span> <span class='ocrx_word' id='word_1_348' title='bbox 3153 2038 3306 2092; x_wconf 85' lang='grc' dir='ltr'>Μετὰ</span> <span class='ocrx_word' id='word_1_349' title='bbox 3319 2037 3427 2110; x_wconf 89' lang='grc' dir='ltr'><strong>γάρ</strong></span> <span class='ocrx_word' id='word_1_350' title='bbox 3447 2055 3527 2092; x_wconf 85' lang='grc' dir='ltr'><strong>τοι</strong></span> <span class='ocrx_word' id='word_1_351' title='bbox 3547 2038 3644 2111; x_wconf 82' lang='grc' dir='ltr'>τὴν</span> <span class='ocrx_word' id='word_1_352' title='bbox 3662 2040 3771 2094; x_wconf 86' lang='grc' dir='ltr'>τῶν</span> 
     </span>
    </p>
   </div>
   <div class='ocr_carea' id='block_1_51' title="bbox 2212 2128 3770 2203">
    <p class='ocr_par' dir='ltr' id='par_1_51' title="bbox 2212 2128 3770 2203">
     <span class='ocr_line' id='line_1_51' title="bbox 2212 2128 3770 2203; baseline -0.002 -16"><span class='ocrx_word' id='word_1_353' title='bbox 2212 2132 2476 2187; x_wconf 89' lang='grc' dir='ltr'>Ἰουδαίων</span> <span class='ocrx_word' id='word_1_354' title='bbox 2522 2131 2724 2203; x_wconf 87' lang='grc' dir='ltr'>χώραν,</span> <span class='ocrx_word' id='word_1_355' title='bbox 2760 2131 2969 2185; x_wconf 82' lang='grc' dir='ltr'>ἅπασαι</span> <span class='ocrx_word' id='word_1_356' title='bbox 3016 2128 3201 2183; x_wconf 80' lang='grc' dir='ltr'>λοιπὸν</span> <span class='ocrx_word' id='word_1_357' title='bbox 3243 2130 3299 2183; x_wconf 83' lang='grc' dir='ltr'><strong>αί</strong></span> <span class='ocrx_word' id='word_1_358' title='bbox 3336 2130 3524 2201; x_wconf 82' lang='grc' dir='ltr'>ὅμοροί</span> <span class='ocrx_word' id='word_1_359' title='bbox 3574 2148 3631 2183; x_wconf 89' lang='grc' dir='ltr'><strong>τε</strong></span> <span class='ocrx_word' id='word_1_360' title='bbox 3676 2132 3770 2184; x_wconf 78' lang='grc' dir='ltr'>καὶ</span> 
     </span>
    </p>
   </div>
   <div class='ocr_carea' id='block_1_52' title="bbox 2198 2216 3769 2294">
    <p class='ocr_par' dir='ltr' id='par_1_52' title="bbox 2198 2216 3769 2294">
     <span class='ocr_line' id='line_1_52' title="bbox 2198 2216 3769 2294; baseline -0.001 -18"><span class='ocrx_word' id='word_1_361' title='bbox 2198 2224 2455 2294; x_wconf 84' lang='grc' dir='ltr'>γείτονες,</span> <span class='ocrx_word' id='word_1_362' title='bbox 2486 2225 2534 2277; x_wconf 87' lang='grc' dir='ltr'><strong>εί</strong></span> <span class='ocrx_word' id='word_1_363' title='bbox 2565 2224 2658 2277; x_wconf 76' lang='grc' dir='ltr'>καὶ</span> <span class='ocrx_word' id='word_1_364' title='bbox 2686 2222 2765 2275; x_wconf 73' lang='grc' dir='ltr'>ἔτι</span> <span class='ocrx_word' id='word_1_365' title='bbox 2792 2222 3143 2294; x_wconf 73' lang='grc' dir='ltr'>πορρωτέρω,</span> <span class='ocrx_word' id='word_1_366' title='bbox 3180 2222 3371 2293; x_wconf 76' lang='grc' dir='ltr'>μεσταὶ</span> <span class='ocrx_word' id='word_1_367' title='bbox 3402 2222 3498 2293; x_wconf 79' lang='grc' dir='ltr'>μὲν</span> <span class='ocrx_word' id='word_1_368' title='bbox 3520 2216 3660 2293; x_wconf 80' lang='grc' dir='ltr'>ἦσαν</span> <span class='ocrx_word' id='word_1_369' title='bbox 3693 2225 3769 2276; x_wconf 76' lang='lat' dir='ltr'><strong>el-</strong></span> 
     </span>
    </p>
   </div>
   <div class='ocr_carea' id='block_1_53' title="bbox 2197 2314 3770 2388">
    <p class='ocr_par' dir='ltr' id='par_1_53' title="bbox 2197 2314 3770 2388">
     <span class='ocr_line' id='line_1_53' title="bbox 2197 2314 3770 2388; baseline -0.001 -20"><span class='ocrx_word' id='word_1_370' title='bbox 2197 2315 2570 2388; x_wconf 82' lang='grc' dir='ltr'>δωλολατρῶν,</span> <span class='ocrx_word' id='word_1_371' title='bbox 2602 2314 2905 2386; x_wconf 89' lang='grc' dir='ltr'>ἀσύμϐατοι</span> <span class='ocrx_word' id='word_1_372' title='bbox 2936 2315 2992 2368; x_wconf 89' lang='grc' dir='ltr'>δὲ</span> <span class='ocrx_word' id='word_1_373' title='bbox 3023 2318 3135 2379; x_wconf 87' lang='grc' dir='ltr'>τοῖς</span> <span class='ocrx_word' id='word_1_374' title='bbox 3174 2317 3480 2387; x_wconf 83' lang='grc' dir='ltr'>φρονήμασι</span> <span class='ocrx_word' id='word_1_375' title='bbox 3527 2320 3640 2379; x_wconf 85' lang='grc' dir='ltr'>τοῖς</span> <span class='ocrx_word' id='word_1_376' title='bbox 3679 2316 3770 2369; x_wconf 82' lang='grc' dir='ltr'><strong>τὸν</strong></span> 
     </span>
    </p>
   </div>
   <div class='ocr_carea' id='block_1_54' title="bbox 2198 2406 3767 2479">
    <p class='ocr_par' dir='ltr' id='par_1_54' title="bbox 2198 2406 3767 2479">
     <span class='ocr_line' id='line_1_54' title="bbox 2198 2406 3767 2479; baseline 0.001 -19"><span class='ocrx_word' id='word_1_377' title='bbox 2198 2408 2296 2462; x_wconf 79' lang='grc' dir='ltr'>ἕνα</span> <span class='ocrx_word' id='word_1_378' title='bbox 2343 2409 2437 2462; x_wconf 78' lang='grc' dir='ltr'><strong>καὶ</strong></span> <span class='ocrx_word' id='word_1_379' title='bbox 2481 2408 2647 2478; x_wconf 69' lang='grc' dir='ltr'>φύσει</span> <span class='ocrx_word' id='word_1_380' title='bbox 2669 2408 2761 2462; x_wconf 77' lang='grc' dir='ltr'>καὶ</span> <span class='ocrx_word' id='word_1_381' title='bbox 2793 2406 3005 2479; x_wconf 86' lang='grc' dir='ltr'>άληθῶς</span> <span class='ocrx_word' id='word_1_382' title='bbox 3033 2407 3196 2461; x_wconf 75' lang='grc' dir='ltr'>εἰδόσι</span> <span class='ocrx_word' id='word_1_383' title='bbox 3223 2406 3374 2461; x_wconf 89' lang='grc' dir='ltr'>Θεόν.</span> <span class='ocrx_word' id='word_1_384' title='bbox 3394 2406 3671 2478; x_wconf 89' lang='grc' dir='ltr'>Ἰδουμαῖοί</span> <span class='ocrx_word' id='word_1_385' title='bbox 3708 2425 3767 2461; x_wconf 84' lang='grc' dir='ltr'><strong>τε</strong></span> 
     </span>
    </p>
   </div>
   <div class='ocr_carea' id='block_1_55' title="bbox 2198 2499 3767 2572">
    <p class='ocr_par' dir='ltr' id='par_1_55' title="bbox 2198 2499 3767 2572">
     <span class='ocr_line' id='line_1_55' title="bbox 2198 2499 3767 2572; baseline -0.001 -17"><span class='ocrx_word' id='word_1_386' title='bbox 2198 2504 2294 2555; x_wconf 79' lang='grc' dir='ltr'><strong>καὶ</strong></span> <span class='ocrx_word' id='word_1_387' title='bbox 2318 2502 2628 2565; x_wconf 84' lang='grc' dir='ltr'>Μωαϐῖται,</span> <span class='ocrx_word' id='word_1_388' title='bbox 2661 2502 2757 2554; x_wconf 78' lang='grc' dir='ltr'>καὶ</span> <span class='ocrx_word' id='word_1_389' title='bbox 2789 2500 2977 2572; x_wconf 87' lang='grc' dir='ltr'>μέντοι</span> <span class='ocrx_word' id='word_1_390' title='bbox 3005 2500 3099 2554; x_wconf 78' lang='grc' dir='ltr'>καὶ</span> <span class='ocrx_word' id='word_1_391' title='bbox 3115 2499 3475 2571; x_wconf 76' lang='grc' dir='ltr'>υίοὶἋμμὼν,</span> <span class='ocrx_word' id='word_1_392' title='bbox 3499 2500 3687 2571; x_wconf 80' lang='grc' dir='ltr'>ὅμοροι</span> <span class='ocrx_word' id='word_1_393' title='bbox 3708 2518 3767 2553; x_wconf 89' lang='grc' dir='ltr'><strong>τε</strong></span> 
     </span>
    </p>
   </div>
   <div class='ocr_carea' id='block_1_56' title="bbox 2196 2587 3773 2663">
    <p class='ocr_par' dir='ltr' id='par_1_56' title="bbox 2196 2587 3773 2663">
     <span class='ocr_line' id='line_1_56' title="bbox 2196 2587 3773 2663; baseline -0.002 -18"><span class='ocrx_word' id='word_1_394' title='bbox 2196 2587 2336 2663; x_wconf 83' lang='grc' dir='ltr'>ἦσαν</span> <span class='ocrx_word' id='word_1_395' title='bbox 2374 2594 2487 2656; x_wconf 86' lang='grc' dir='ltr'>τοῖς</span> <span class='ocrx_word' id='word_1_396' title='bbox 2529 2591 2589 2657; x_wconf 81' lang='grc' dir='ltr'>ἐξ</span> <span class='ocrx_word' id='word_1_397' title='bbox 2625 2590 2858 2662; x_wconf 82' lang='grc' dir='ltr'>Ἰσραὴλ,</span> <span class='ocrx_word' id='word_1_398' title='bbox 2893 2590 2985 2644; x_wconf 75' lang='grc' dir='ltr'><strong>καὶ</strong></span> <span class='ocrx_word' id='word_1_399' title='bbox 3026 2591 3242 2659; x_wconf 84' lang='grc' dir='ltr'>γείτονα</span> <span class='ocrx_word' id='word_1_400' title='bbox 3281 2591 3379 2660; x_wconf 84' lang='grc' dir='ltr'>μὲν</span> <span class='ocrx_word' id='word_1_401' title='bbox 3415 2590 3773 2661; x_wconf 86' lang='grc' dir='ltr'>κατενέμοντο</span> 
     </span>
    </p>
   </div>
   <div class='ocr_carea' id='block_1_57' title="bbox 2199 2681 3766 2756">
    <p class='ocr_par' dir='ltr' id='par_1_57' title="bbox 2199 2681 3766 2756">
     <span class='ocr_line' id='line_1_57' title="bbox 2199 2681 3766 2756; baseline -0.002 -20"><span class='ocrx_word' id='word_1_402' title='bbox 2199 2684 2403 2756; x_wconf 83' lang='grc' dir='ltr'>χώραν,</span> <span class='ocrx_word' id='word_1_403' title='bbox 2429 2683 2674 2754; x_wconf 83' lang='grc' dir='ltr'>διάφοροι</span> <span class='ocrx_word' id='word_1_404' title='bbox 2711 2682 2768 2736; x_wconf 80' lang='grc' dir='ltr'>δὲ</span> <span class='ocrx_word' id='word_1_405' title='bbox 2792 2682 2997 2744; x_wconf 83' lang='grc' dir='ltr'>δεινῶς,</span> <span class='ocrx_word' id='word_1_406' title='bbox 3038 2682 3131 2735; x_wconf 72' lang='grc' dir='ltr'><strong>καὶ</strong></span> <span class='ocrx_word' id='word_1_407' title='bbox 3159 2682 3266 2734; x_wconf 84' lang='grc' dir='ltr'>τῶν</span> <span class='ocrx_word' id='word_1_408' title='bbox 3302 2683 3383 2734; x_wconf 82' lang='grc' dir='ltr'><strong>ὅτι</strong></span> <span class='ocrx_word' id='word_1_409' title='bbox 3409 2681 3644 2752; x_wconf 82' lang='grc' dir='ltr'>μάλιστα</span> <span class='ocrx_word' id='word_1_410' title='bbox 3669 2698 3766 2733; x_wconf 86' lang='grc' dir='ltr'>πο-</span> 
     </span>
    </p>
   </div>
   <div class='ocr_carea' id='block_1_58' title="bbox 2197 2772 3770 2846">
    <p class='ocr_par' dir='ltr' id='par_1_58' title="bbox 2197 2772 3770 2846">
     <span class='ocr_line' id='line_1_58' title="bbox 2197 2772 3770 2846; baseline -0.003 -17"><span class='ocrx_word' id='word_1_411' title='bbox 2197 2776 2563 2845; x_wconf 85' lang='grc' dir='ltr'>λεμιωτάτων.</span> <span class='ocrx_word' id='word_1_412' title='bbox 2594 2775 2968 2846; x_wconf 85' lang='grc' dir='ltr'>Προσεκύνουν</span> <span class='ocrx_word' id='word_1_413' title='bbox 2995 2774 3052 2826; x_wconf 87' lang='grc' dir='ltr'>δὲ</span> <span class='ocrx_word' id='word_1_414' title='bbox 3081 2775 3192 2836; x_wconf 85' lang='grc' dir='ltr'>τοῖς</span> <span class='ocrx_word' id='word_1_415' title='bbox 3212 2772 3449 2844; x_wconf 76' lang='grc' dir='ltr'>ἄστροις,</span> <span class='ocrx_word' id='word_1_416' title='bbox 3483 2773 3577 2827; x_wconf 79' lang='grc' dir='ltr'>καὶ</span> <span class='ocrx_word' id='word_1_417' title='bbox 3603 2773 3670 2827; x_wconf 81' lang='grc' dir='ltr'>δι’</span> <span class='ocrx_word' id='word_1_418' title='bbox 3692 2773 3770 2825; x_wconf 87' lang='grc' dir='ltr'><strong>αἰ-</strong></span> 
     </span>
    </p>
   </div>
   <div class='ocr_carea' id='block_1_59' title="bbox 2197 2866 3768 2939">
    <p class='ocr_par' dir='ltr' id='par_1_59' title="bbox 2197 2866 3768 2939">
     <span class='ocr_line' id='line_1_59' title="bbox 2197 2866 3768 2939; baseline -0.001 -18"><span class='ocrx_word' id='word_1_419' title='bbox 2197 2867 2322 2931; x_wconf 89' lang='grc' dir='ltr'>δοῦς</span> <span class='ocrx_word' id='word_1_420' title='bbox 2351 2868 2567 2939; x_wconf 86' lang='grc' dir='ltr'>ἀπάσης</span> <span class='ocrx_word' id='word_1_421' title='bbox 2599 2866 2878 2921; x_wconf 73' lang='grc' dir='ltr'>ἐποιοῦντο</span> <span class='ocrx_word' id='word_1_422' title='bbox 2905 2866 2996 2920; x_wconf 77' lang='grc' dir='ltr'><strong>τὸν</strong></span> <span class='ocrx_word' id='word_1_423' title='bbox 3028 2866 3354 2938; x_wconf 80' lang='grc' dir='ltr'>Ἑωσφόρον,</span> <span class='ocrx_word' id='word_1_424' title='bbox 3381 2866 3768 2939; x_wconf 78' lang='grc' dir='ltr'>πρού[σ]χοντα</span> 
     </span>
    </p>
   </div>
   <div class='ocr_carea' id='block_1_60' title="bbox 2198 2958 3769 3031">
    <p class='ocr_par' dir='ltr' id='par_1_60' title="bbox 2198 2958 3769 3031">
     <span class='ocr_line' id='line_1_60' title="bbox 2198 2958 3769 3031; baseline 0 -18"><span class='ocrx_word' id='word_1_425' title='bbox 2198 2958 2255 3013; x_wconf 83' lang='grc' dir='ltr'>δὲ</span> <span class='ocrx_word' id='word_1_426' title='bbox 2291 2958 2400 3012; x_wconf 83' lang='grc' dir='ltr'>τῶν</span> <span class='ocrx_word' id='word_1_427' title='bbox 2434 2959 2607 3014; x_wconf 85' lang='grc' dir='ltr'>ἀλλων</span> <span class='ocrx_word' id='word_1_428' title='bbox 2637 2960 2943 3013; x_wconf 83' lang='grc' dir='ltr'>ἀπεκάλουν</span> <span class='ocrx_word' id='word_1_429' title='bbox 2969 2959 3119 3015; x_wconf 84' lang='grc' dir='ltr'>Θεόν.</span> <span class='ocrx_word' id='word_1_430' title='bbox 3140 2960 3278 3014; x_wconf 85' lang='grc' dir='ltr'>Ἀλλ’</span> <span class='ocrx_word' id='word_1_431' title='bbox 3298 2961 3480 3024; x_wconf 77' lang='grc' dir='ltr'>αὐτοῖς</span> <span class='ocrx_word' id='word_1_432' title='bbox 3505 2960 3599 3014; x_wconf 74' lang='grc' dir='ltr'><strong>καὶ</strong></span> <span class='ocrx_word' id='word_1_433' title='bbox 3624 2958 3769 3031; x_wconf 82' lang='grc' dir='ltr'>πρώ-</span> 
     </span>
    </p>
   </div>
   <div class='ocr_carea' id='block_1_61' title="bbox 2198 3048 3766 3123">
    <p class='ocr_par' dir='ltr' id='par_1_61' title="bbox 2198 3048 3766 3123">
     <span class='ocr_line' id='line_1_61' title="bbox 2198 3048 3766 3123; baseline 0.001 -21"><span class='ocrx_word' id='word_1_434' title='bbox 2198 3065 2310 3113; x_wconf 90' lang='grc' dir='ltr'>τοις</span> <span class='ocrx_word' id='word_1_435' title='bbox 2340 3048 2567 3122; x_wconf 62' lang='grc' dir='ltr'>είςῖνοῦν</span> <span class='ocrx_word' id='word_1_436' title='bbox 2599 3050 2694 3104; x_wconf 84' lang='grc' dir='ltr'>καὶ</span> <span class='ocrx_word' id='word_1_437' title='bbox 2718 3050 2944 3122; x_wconf 86' lang='grc' dir='ltr'>καρδίαν</span> <span class='ocrx_word' id='word_1_438' title='bbox 2971 3050 3275 3120; x_wconf 78' lang='grc' dir='ltr'>ἀνέλαμψεν</span> <span class='ocrx_word' id='word_1_439' title='bbox 3299 3053 3327 3105; x_wconf 83' lang='lat'><strong>6</strong></span> <span class='ocrx_word' id='word_1_440' title='bbox 3352 3050 3564 3123; x_wconf 85' lang='grc' dir='ltr'>ἀληθῶς</span> <span class='ocrx_word' id='word_1_441' title='bbox 3600 3051 3766 3104; x_wconf 86' lang='grc' dir='ltr'>Ἑωσ-</span> 
     </span>
    </p>
   </div>
   <div class='ocr_carea' id='block_1_62' title="bbox 2201 3139 3766 3214">
    <p class='ocr_par' dir='ltr' id='par_1_62' title="bbox 2201 3139 3766 3214">
     <span class='ocr_line' id='line_1_62' title="bbox 2201 3139 3766 3214; baseline 0.003 -22"><span class='ocrx_word' id='word_1_442' title='bbox 2201 3139 2399 3211; x_wconf 81' lang='grc' dir='ltr'>φόρος,</span> <span class='ocrx_word' id='word_1_443' title='bbox 2454 3141 2548 3194; x_wconf 75' lang='grc' dir='ltr'><strong>καὶ</strong></span> <span class='ocrx_word' id='word_1_444' title='bbox 2582 3141 2839 3211; x_wconf 89' lang='grc' dir='ltr'>διηύγασε</span> <span class='ocrx_word' id='word_1_445' title='bbox 2890 3142 2987 3213; x_wconf 83' lang='grc' dir='ltr'>τῆς</span> <span class='ocrx_word' id='word_1_446' title='bbox 3032 3143 3225 3213; x_wconf 84' lang='grc' dir='ltr'>νοητῆς</span> <span class='ocrx_word' id='word_1_447' title='bbox 3267 3143 3480 3214; x_wconf 80' lang='grc' dir='ltr'>ἡμέρας</span> <span class='ocrx_word' id='word_1_448' title='bbox 3528 3143 3587 3196; x_wconf 83' lang='grc' dir='ltr'><strong>τὸ</strong></span> <span class='ocrx_word' id='word_1_449' title='bbox 3633 3143 3766 3213; x_wconf 76' lang='grc' dir='ltr'>φῶς.</span> 
     </span>
    </p>
   </div>
   <div class='ocr_carea' id='block_1_63' title="bbox 2214 3231 3771 3305">
    <p class='ocr_par' dir='ltr' id='par_1_63' title="bbox 2214 3231 3771 3305">
     <span class='ocr_line' id='line_1_63' title="bbox 2214 3231 3771 3305; baseline 0.001 -20"><span class='ocrx_word' id='word_1_450' title='bbox 2214 3231 2672 3303; x_wconf 81' lang='grc' dir='ltr'>Ἀποϐεϐληκότες</span> <span class='ocrx_word' id='word_1_451' title='bbox 2715 3232 2771 3286; x_wconf 84' lang='grc' dir='ltr'>δὲ</span> <span class='ocrx_word' id='word_1_452' title='bbox 2814 3232 2913 3303; x_wconf 81' lang='grc' dir='ltr'>τὴν</span> <span class='ocrx_word' id='word_1_453' title='bbox 2954 3233 3187 3305; x_wconf 82' lang='grc' dir='ltr'>ἀρχαίαν</span> <span class='ocrx_word' id='word_1_454' title='bbox 3212 3234 3427 3305; x_wconf 78' lang='grc' dir='ltr'>ἐκείνην</span> <span class='ocrx_word' id='word_1_455' title='bbox 3456 3234 3642 3305; x_wconf 77' lang='grc' dir='ltr'>ἀχλὺν,</span> <span class='ocrx_word' id='word_1_456' title='bbox 3677 3235 3771 3288; x_wconf 79' lang='grc' dir='ltr'>καὶ</span> 
     </span>
    </p>
   </div>
   <div class='ocr_carea' id='block_1_64' title="bbox 540 3307 2101 3398">
    <p class='ocr_par' dir='ltr' id='par_1_64' title="bbox 540 3322 2093 3394">
     <span class='ocr_line' id='line_1_64' title="bbox 540 3322 2093 3394; baseline -0.003 -13"><span class='ocrx_word' id='word_1_457' title='bbox 540 3336 799 3381; x_wconf 87' lang='lat' dir='ltr'><strong>stratores</strong></span> <span class='ocrx_word' id='word_1_458' title='bbox 834 3325 934 3379; x_wconf 62' lang='lat' dir='ltr'><strong>viae</strong></span> <span class='ocrx_word' id='word_1_459' title='bbox 966 3322 1033 3379; x_wconf 86' lang='lat' dir='ltr'><strong>ad</strong></span> <span class='ocrx_word' id='word_1_460' title='bbox 1065 3323 1288 3378; x_wconf 84' lang='lat' dir='ltr'><strong>salutem</strong></span> <span class='ocrx_word' id='word_1_461' title='bbox 1326 3324 1663 3394; x_wconf 89' lang='lat' dir='ltr'><strong>perducentis</strong></span> <span class='ocrx_word' id='word_1_462' title='bbox 1684 3325 2093 3379; x_wconf 84' lang='lat' dir='ltr'><strong>constituerunt.</strong></span> 
     </span>
    </p>
   </div>
   <div class='ocr_carea' id='block_1_65' title="bbox 2201 3307 3771 3398">
    <p class='ocr_par' dir='ltr' id='par_1_65' title="bbox 2201 3322 3771 3398">
     <span class='ocr_line' id='line_1_65' title="bbox 2201 3322 3771 3398; baseline 0.003 -22"><span class='ocrx_word' id='word_1_463' title='bbox 2201 3322 2256 3376; x_wconf 80' lang='grc' dir='ltr'>τὸ</span> <span class='ocrx_word' id='word_1_464' title='bbox 2279 3324 2453 3377; x_wconf 89' lang='grc' dir='ltr'>κτίσει</span> <span class='ocrx_word' id='word_1_465' title='bbox 2468 3322 2841 3395; x_wconf 76' lang='grc' dir='ltr'>λατρεύεινέτι</span> <span class='ocrx_word' id='word_1_466' title='bbox 2862 3326 3265 3396; x_wconf 85' lang='grc' dir='ltr'>παρωσάμενοι,</span> <span class='ocrx_word' id='word_1_467' title='bbox 3296 3328 3771 3398; x_wconf 80' lang='grc' dir='ltr'>προσκεκυνήκασι</span> 
     </span>
    </p>
   </div>
   <div class='ocr_carea' id='block_1_66' title="bbox 539 3413 3771 3488">
    <p class='ocr_par' dir='ltr' id='par_1_66' title="bbox 539 3413 3771 3488">
     <span class='ocr_line' id='line_1_66' title="bbox 539 3413 3771 3488; baseline -0.001 -17"><span class='ocrx_word' id='word_1_468' title='bbox 539 3416 618 3487; x_wconf 81' lang='grc' dir='ltr'>τῷ</span> <span class='ocrx_word' id='word_1_469' title='bbox 645 3413 878 3488; x_wconf 77' lang='grc' dir='ltr'>Χριστῷ,</span> <span class='ocrx_word' id='word_1_470' title='bbox 910 3415 1004 3469; x_wconf 85' lang='grc' dir='ltr'>καὶ</span> <span class='ocrx_word' id='word_1_471' title='bbox 1029 3415 1154 3478; x_wconf 85' lang='grc' dir='ltr'>τοὺς</span> <span class='ocrx_word' id='word_1_472' title='bbox 1186 3413 1353 3468; x_wconf 90' lang='grc' dir='ltr'>πάλαι</span> <span class='ocrx_word' id='word_1_473' title='bbox 1378 3414 1831 3485; x_wconf 84' lang='grc' dir='ltr'>πολεμιωτάτους,</span> <span class='ocrx_word' id='word_1_474' title='bbox 1866 3432 1937 3484; x_wconf 89' lang='grc' dir='ltr'>φη</span> <span class='ocrx_word' id='word_1_475' title='bbox 1947 3414 2007 3485; x_wconf 78' lang='grc' dir='ltr'>μὶ</span> <span class='ocrx_word' id='word_1_476' title='bbox 2030 3414 2094 3484; x_wconf 83' lang='grc' dir='ltr'>δὴ</span> <span class='ocrx_word' id='word_1_477' title='bbox 2118 3415 2243 3478; x_wconf 86' lang='grc' dir='ltr'>τοὺς</span> <span class='ocrx_word' id='word_1_478' title='bbox 2266 3413 2325 3480; x_wconf 78' lang='grc' dir='ltr'>ἐξ</span> <span class='ocrx_word' id='word_1_479' title='bbox 2351 3414 2585 3488; x_wconf 77' lang='grc' dir='ltr'>Ἰσραὴλ,</span> <span class='ocrx_word' id='word_1_480' title='bbox 2611 3416 2885 3470; x_wconf 76' lang='grc' dir='ltr'>ἐποιοῦντο</span> <span class='ocrx_word' id='word_1_481' title='bbox 2912 3419 3300 3487; x_wconf 82' lang='grc' dir='ltr'>μυσταγωγοὺς</span> <span class='ocrx_word' id='word_1_482' title='bbox 3333 3418 3426 3471; x_wconf 77' lang='grc' dir='ltr'><strong>καὶ</strong></span> <span class='ocrx_word' id='word_1_483' title='bbox 3458 3416 3771 3488; x_wconf 77' lang='grc' dir='ltr'>καθηγητὰς</span> 
     </span>
    </p>
   </div>
   <div class='ocr_carea' id='block_1_67' title="bbox 538 3506 1622 3578">
    <p class='ocr_par' dir='ltr' id='par_1_67' title="bbox 538 3506 1622 3578">
     <span class='ocr_line' id='line_1_67' title="bbox 538 3506 1622 3578; baseline -0.002 -16"><span class='ocrx_word' id='word_1_484' title='bbox 538 3507 658 3562; x_wconf 83' lang='grc' dir='ltr'>ὀδοῦ</span> <span class='ocrx_word' id='word_1_485' title='bbox 691 3508 788 3578; x_wconf 83' lang='grc' dir='ltr'>τῆς</span> <span class='ocrx_word' id='word_1_486' title='bbox 815 3506 1195 3577; x_wconf 86' lang='grc' dir='ltr'>ἀποφερούσης</span> <span class='ocrx_word' id='word_1_487' title='bbox 1225 3506 1305 3569; x_wconf 86' lang='grc' dir='ltr'><strong>είς</strong></span> <span class='ocrx_word' id='word_1_488' title='bbox 1330 3506 1622 3577; x_wconf 85' lang='grc' dir='ltr'>σωτηρίαν.</span> 
     </span>
    </p>
   </div>
   <div class='ocr_carea' id='block_1_68' title="bbox 612 3597 2095 3670">
    <p class='ocr_par' dir='ltr' id='par_1_68' title="bbox 612 3597 2095 3670">
     <span class='ocr_line' id='line_1_68' title="bbox 612 3597 2095 3670; baseline -0.004 -13"><span class='ocrx_word' id='word_1_489' title='bbox 612 3599 772 3657; x_wconf 69' lang='lat' dir='ltr'><strong>Vens.</strong></span> <span class='ocrx_word' id='word_1_490' title='bbox 802 3599 892 3665; x_wconf 76' lang='grc'><strong>15,</strong></span> <span class='ocrx_word' id='word_1_491' title='bbox 918 3598 1005 3653; x_wconf 80' lang='grc'><strong>16.</strong></span> <span class='ocrx_word' id='word_1_492' title='bbox 1050 3597 1111 3653; x_wconf 82' lang='lat' dir='ltr'><strong>Et</strong></span> <span class='ocrx_word' id='word_1_493' title='bbox 1142 3600 1361 3655; x_wconf 77' lang='lat' dir='ltr'><strong>vastabit</strong></span> <span class='ocrx_word' id='word_1_494' title='bbox 1391 3600 1646 3655; x_wconf 77' lang='lat' dir='ltr'><strong>Dominus</strong></span> <span class='ocrx_word' id='word_1_495' title='bbox 1683 3617 1826 3655; x_wconf 87' lang='lat' dir='ltr'><strong>mare</strong></span> <span class='ocrx_word' id='word_1_496' title='bbox 1855 3599 2095 3670; x_wconf 75' lang='lat' dir='ltr'><strong>Ai&#39;gypli,</strong></span> 
     </span>
    </p>
   </div>
   <div class='ocr_carea' id='block_1_69' title="bbox 537 3691 2098 3771">
    <p class='ocr_par' dir='ltr' id='par_1_69' title="bbox 537 3691 2098 3771">
     <span class='ocr_line' id='line_1_69' title="bbox 537 3691 2098 3771; baseline -0.002 -25"><span class='ocrx_word' id='word_1_497' title='bbox 537 3704 587 3771; x_wconf 71' lang='grc' dir='ltr'><strong>μ</strong></span> <span class='ocrx_word' id='word_1_498' title='bbox 627 3692 919 3746; x_wconf 74' lang='lat' dir='ltr'><strong>admovebit</strong></span> <span class='ocrx_word' id='word_1_499' title='bbox 956 3706 1170 3746; x_wconf 85' lang='lat' dir='ltr'><strong>manum</strong></span> <span class='ocrx_word' id='word_1_500' title='bbox 1204 3691 1360 3759; x_wconf 80' lang='lat' dir='ltr'><strong>ﬂuvio</strong></span> <span class='ocrx_word' id='word_1_501' title='bbox 1393 3692 1583 3759; x_wconf 76' lang='lat' dir='ltr'><strong>spiritu</strong></span> <span class='ocrx_word' id='word_1_502' title='bbox 1616 3692 1857 3754; x_wconf 80' lang='lat' dir='ltr'><strong>violento,</strong></span> <span class='ocrx_word' id='word_1_503' title='bbox 1889 3704 1936 3745; x_wconf 88' lang='lat' dir='ltr'><strong>et</strong></span> <span class='ocrx_word' id='word_1_504' title='bbox 1978 3708 2098 3761; x_wconf 74' lang='lat' dir='ltr'><strong>per-</strong></span> 
     </span>
    </p>
   </div>
   <div class='ocr_carea' id='block_1_70' title="bbox 540 3781 2091 3852">
    <p class='ocr_par' dir='ltr' id='par_1_70' title="bbox 540 3781 2091 3852">
     <span class='ocr_line' id='line_1_70' title="bbox 540 3781 2091 3852; baseline 0 -15"><span class='ocrx_word' id='word_1_505' title='bbox 540 3784 696 3837; x_wconf 80' lang='lat' dir='ltr'><strong>cutiet</strong></span> <span class='ocrx_word' id='word_1_506' title='bbox 726 3790 917 3851; x_wconf 78' lang='lat' dir='ltr'><strong>septem</strong></span> <span class='ocrx_word' id='word_1_507' title='bbox 946 3781 1128 3848; x_wconf 80' lang='lat' dir='ltr'><strong>ualles,</strong></span> <span class='ocrx_word' id='word_1_508' title='bbox 1157 3793 1211 3834; x_wconf 84' lang='lat' dir='ltr'><strong>ut</strong></span> <span class='ocrx_word' id='word_1_509' title='bbox 1233 3793 1463 3838; x_wconf 77' lang='lat' dir='ltr'><strong>transeat</strong></span> <span class='ocrx_word' id='word_1_510' title='bbox 1495 3786 1601 3852; x_wconf 84' lang='lat' dir='ltr'><strong>ipse</strong></span> <span class='ocrx_word' id='word_1_511' title='bbox 1629 3784 1683 3836; x_wconf 89' lang='lat' dir='ltr'><strong>in</strong></span> <span class='ocrx_word' id='word_1_512' title='bbox 1709 3783 2091 3837; x_wconf 79' lang='lat' dir='ltr'><strong>calceamentis.</strong></span> 
     </span>
    </p>
   </div>
   <div class='ocr_carea' id='block_1_71' title="bbox 543 3871 2095 3945">
    <p class='ocr_par' dir='ltr' id='par_1_71' title="bbox 543 3871 2095 3945">
     <span class='ocr_line' id='line_1_71' title="bbox 543 3871 2095 3945; baseline 0.001 -19"><span class='ocrx_word' id='word_1_513' title='bbox 543 3871 615 3928; x_wconf 82' lang='lat' dir='ltr'><strong>Et</strong></span> <span class='ocrx_word' id='word_1_514' title='bbox 647 3874 746 3927; x_wconf 84' lang='lat' dir='ltr'><strong>erit</strong></span> <span class='ocrx_word' id='word_1_515' title='bbox 790 3874 1043 3927; x_wconf 85' lang='lat' dir='ltr'><strong>transitus</strong></span> <span class='ocrx_word' id='word_1_516' title='bbox 1084 3874 1261 3927; x_wconf 82' lang='lat' dir='ltr'><strong>relicto</strong></span> <span class='ocrx_word' id='word_1_517' title='bbox 1299 3890 1411 3928; x_wconf 81' lang='lat' dir='ltr'><strong>meo</strong></span> <span class='ocrx_word' id='word_1_518' title='bbox 1449 3875 1639 3944; x_wconf 82' lang='lat' dir='ltr'><strong>populo</strong></span> <span class='ocrx_word' id='word_1_519' title='bbox 1672 3878 1724 3928; x_wconf 86' lang='lat' dir='ltr'><strong>in</strong></span> <span class='ocrx_word' id='word_1_520' title='bbox 1752 3874 2005 3945; x_wconf 78' lang='lat' dir='ltr'><strong>/Egypto,</strong></span> <span class='ocrx_word' id='word_1_521' title='bbox 2047 3883 2095 3928; x_wconf 85' lang='lat' dir='ltr'><strong>et</strong></span> 
     </span>
    </p>
   </div>
   <div class='ocr_carea' id='block_1_72' title="bbox 541 3963 2097 4038">
    <p class='ocr_par' dir='ltr' id='par_1_72' title="bbox 541 3963 2097 4038">
     <span class='ocr_line' id='line_1_72' title="bbox 541 3963 2097 4038; baseline 0.001 -19"><span class='ocrx_word' id='word_1_522' title='bbox 541 3966 641 4019; x_wconf 74' lang='lat' dir='ltr'><strong>erit</strong></span> <span class='ocrx_word' id='word_1_523' title='bbox 681 3963 893 4032; x_wconf 78' lang='lat' dir='ltr'><strong>Israeli,</strong></span> <span class='ocrx_word' id='word_1_524' title='bbox 925 3965 1077 4035; x_wconf 84' lang='lat' dir='ltr'><strong>quasi</strong></span> <span class='ocrx_word' id='word_1_525' title='bbox 1114 3966 1224 4020; x_wconf 71' lang='lat' dir='ltr'><strong>dies</strong></span> <span class='ocrx_word' id='word_1_526' title='bbox 1260 3968 1470 4036; x_wconf 84' lang='lat' dir='ltr'><strong>quando</strong></span> <span class='ocrx_word' id='word_1_527' title='bbox 1503 3983 1734 4038; x_wconf 84' lang='lat' dir='ltr'><strong>egressus</strong></span> <span class='ocrx_word' id='word_1_528' title='bbox 1780 3979 1854 4021; x_wconf 86' lang='lat' dir='ltr'><strong>est</strong></span> <span class='ocrx_word' id='word_1_529' title='bbox 1895 3986 1922 4022; x_wconf 78' lang='grc' dir='ltr'><strong>ε</strong></span> <span class='ocrx_word' id='word_1_530' title='bbox 1958 3979 2097 4021; x_wconf 83' lang='lat' dir='ltr'><strong>terra</strong></span> 
     </span>
    </p>
   </div>
   <div class='ocr_carea' id='block_1_73' title="bbox 543 4055 784 4126">
    <p class='ocr_par' dir='ltr' id='par_1_73' title="bbox 543 4055 784 4126">
     <span class='ocr_line' id='line_1_73' title="bbox 543 4055 784 4126; baseline -0.012 -15"><span class='ocrx_word' id='word_1_531' title='bbox 543 4055 784 4126; x_wconf 67' lang='lat' dir='ltr'><strong>Egypti.</strong></span> 
     </span>
    </p>
   </div>
   <div class='ocr_carea' id='block_1_74' title="bbox 610 4228 2097 4299">
    <p class='ocr_par' dir='ltr' id='par_1_74' title="bbox 610 4228 2097 4299">
     <span class='ocr_line' id='line_1_74' title="bbox 610 4228 2097 4299; baseline 0.002 -16"><span class='ocrx_word' id='word_1_532' title='bbox 610 4228 862 4285; x_wconf 85' lang='lat' dir='ltr'><strong>Inventor</strong></span> <span class='ocrx_word' id='word_1_533' title='bbox 895 4238 951 4284; x_wconf 92' lang='lat' dir='ltr'><strong>et</strong></span> <span class='ocrx_word' id='word_1_534' title='bbox 991 4238 1142 4299; x_wconf 87' lang='lat' dir='ltr'><strong>pater</strong></span> <span class='ocrx_word' id='word_1_535' title='bbox 1186 4229 1417 4298; x_wconf 87' lang='lat' dir='ltr'><strong>peccati,</strong></span> <span class='ocrx_word' id='word_1_536' title='bbox 1455 4244 1576 4284; x_wconf 89' lang='lat' dir='ltr'><strong>cum</strong></span> <span class='ocrx_word' id='word_1_537' title='bbox 1620 4245 1674 4283; x_wconf 85' lang='grc' dir='ltr'><strong>ιη</strong></span> <span class='ocrx_word' id='word_1_538' title='bbox 1720 4244 1908 4287; x_wconf 81' lang='lat' dir='ltr'><strong>omnes</strong></span> <span class='ocrx_word' id='word_1_539' title='bbox 1949 4232 2097 4287; x_wconf 88' lang='lat' dir='ltr'><strong>orbis</strong></span> 
     </span>
    </p>
   </div>
   <div class='ocr_carea' id='block_1_75' title="bbox 545 4319 2095 4392">
    <p class='ocr_par' dir='ltr' id='par_1_75' title="bbox 545 4319 2095 4392">
     <span class='ocr_line' id='line_1_75' title="bbox 545 4319 2095 4392; baseline 0.001 -17"><span class='ocrx_word' id='word_1_540' title='bbox 545 4331 808 4376; x_wconf 89' lang='lat' dir='ltr'><strong>terrarum</strong></span> <span class='ocrx_word' id='word_1_541' title='bbox 839 4319 1043 4375; x_wconf 86' lang='lat' dir='ltr'><strong>incolas</strong></span> <span class='ocrx_word' id='word_1_542' title='bbox 1085 4319 1367 4390; x_wconf 88' lang='lat' dir='ltr'><strong>imperium</strong></span> <span class='ocrx_word' id='word_1_543' title='bbox 1408 4320 1458 4375; x_wconf 90' lang='lat' dir='ltr'><strong>vi</strong></span> <span class='ocrx_word' id='word_1_544' title='bbox 1503 4336 1568 4376; x_wconf 86' lang='lat' dir='ltr'><strong>ac</strong></span> <span class='ocrx_word' id='word_1_545' title='bbox 1613 4325 1896 4392; x_wconf 87' lang='lat' dir='ltr'><strong>tyrannide</strong></span> <span class='ocrx_word' id='word_1_546' title='bbox 1939 4340 2095 4378; x_wconf 83' lang='lat' dir='ltr'><strong>usur-</strong></span> 
     </span>
    </p>
   </div>
   <div class='ocr_carea' id='block_1_76' title="bbox 544 4410 2096 4480">
    <p class='ocr_par' dir='ltr' id='par_1_76' title="bbox 544 4410 2096 4480">
     <span class='ocr_line' id='line_1_76' title="bbox 544 4410 2096 4480; baseline 0.002 -16"><span class='ocrx_word' id='word_1_547' title='bbox 544 4410 709 4479; x_wconf 88' lang='lat' dir='ltr'><strong>pavit,</strong></span> <span class='ocrx_word' id='word_1_548' title='bbox 743 4410 1125 4480; x_wconf 89' lang='lat' dir='ltr'><strong>hominemque</strong></span> <span class='ocrx_word' id='word_1_549' title='bbox 1149 4419 1299 4465; x_wconf 81' lang='lat' dir='ltr'><strong>extra</strong></span> <span class='ocrx_word' id='word_1_550' title='bbox 1330 4420 1483 4479; x_wconf 86' lang='lat' dir='ltr'><strong>septa</strong></span> <span class='ocrx_word' id='word_1_551' title='bbox 1514 4412 1756 4467; x_wconf 90' lang='lat' dir='ltr'><strong>veritatis</strong></span> <span class='ocrx_word' id='word_1_552' title='bbox 1793 4415 2096 4480; x_wconf 87' lang='lat' dir='ltr'><strong>seductum,</strong></span> 
     </span>
    </p>
   </div>
   <div class='ocr_carea' id='block_1_77' title="bbox 543 4502 2094 4571">
    <p class='ocr_par' dir='ltr' id='par_1_77' title="bbox 543 4502 2094 4571">
     <span class='ocr_line' id='line_1_77' title="bbox 543 4502 2094 4571; baseline 0.004 -16"><span class='ocrx_word' id='word_1_553' title='bbox 543 4502 718 4571; x_wconf 83' lang='lat' dir='ltr'><strong>gregis</strong></span> <span class='ocrx_word' id='word_1_554' title='bbox 743 4502 1129 4561; x_wconf 66' lang='lat' dir='ltr'><strong>daemoniorum</strong></span> <span class='ocrx_word' id='word_1_555' title='bbox 1159 4502 1417 4558; x_wconf 89' lang='lat' dir='ltr'><strong>cultorem</strong></span> <span class='ocrx_word' id='word_1_556' title='bbox 1454 4504 1712 4568; x_wconf 86' lang='lat' dir='ltr'><strong>reddidit,</strong></span> <span class='ocrx_word' id='word_1_557' title='bbox 1752 4520 1816 4559; x_wconf 85' lang='lat' dir='ltr'><strong>ac</strong></span> <span class='ocrx_word' id='word_1_558' title='bbox 1850 4521 1947 4561; x_wconf 91' lang='lat' dir='ltr'><strong>suo</strong></span> <span class='ocrx_word' id='word_1_559' title='bbox 1973 4522 2094 4561; x_wconf 88' lang='lat' dir='ltr'><strong>eum</strong></span> 
     </span>
    </p>
   </div>
   <div class='ocr_carea' id='block_1_78' title="bbox 537 4592 2097 4666">
    <p class='ocr_par' dir='ltr' id='par_1_78' title="bbox 537 4592 2097 4666">
     <span class='ocr_line' id='line_1_78' title="bbox 537 4592 2097 4666; baseline 0.002 -18"><span class='ocrx_word' id='word_1_560' title='bbox 537 4594 664 4660; x_wconf 77' lang='lat' dir='ltr'><strong>jugo</strong></span> <span class='ocrx_word' id='word_1_561' title='bbox 738 4592 967 4663; x_wconf 88' lang='lat' dir='ltr'><strong>subjecit</strong></span> <span class='ocrx_word' id='word_1_562' title='bbox 1027 4610 1042 4648; x_wconf 87' lang='lat'><strong>:</strong></span> <span class='ocrx_word' id='word_1_563' title='bbox 1115 4604 1224 4647; x_wconf 90' lang='lat' dir='ltr'><strong>tum</strong></span> <span class='ocrx_word' id='word_1_564' title='bbox 1300 4607 1430 4649; x_wconf 90' lang='lat' dir='ltr'><strong>vero</strong></span> <span class='ocrx_word' id='word_1_565' title='bbox 1494 4592 1737 4666; x_wconf 68' lang='lat' dir='ltr'><strong>Egyptii</strong></span> <span class='ocrx_word' id='word_1_566' title='bbox 1796 4611 1903 4666; x_wconf 65' lang='lat' dir='ltr'><strong>pra:</strong></span> <span class='ocrx_word' id='word_1_567' title='bbox 1976 4598 2097 4653; x_wconf 89' lang='lat' dir='ltr'><strong>aliis</strong></span> 
     </span>
    </p>
   </div>
   <div class='ocr_carea' id='block_1_79' title="bbox 543 4681 2099 4757">
    <p class='ocr_par' dir='ltr' id='par_1_79' title="bbox 543 4681 2099 4757">
     <span class='ocr_line' id='line_1_79' title="bbox 543 4681 2099 4757; baseline 0.004 -20"><span class='ocrx_word' id='word_1_568' title='bbox 543 4681 1077 4753; x_wconf 86' lang='lat' dir='ltr'><strong>superstitiosissimi,</strong></span> <span class='ocrx_word' id='word_1_569' title='bbox 1133 4691 1189 4736; x_wconf 91' lang='lat' dir='ltr'><strong>et</strong></span> <span class='ocrx_word' id='word_1_570' title='bbox 1232 4682 1286 4737; x_wconf 92' lang='lat' dir='ltr'><strong>in</strong></span> <span class='ocrx_word' id='word_1_571' title='bbox 1340 4682 1444 4738; x_wconf 91' lang='lat' dir='ltr'><strong>hoc</strong></span> <span class='ocrx_word' id='word_1_572' title='bbox 1499 4686 1747 4740; x_wconf 87' lang='lat' dir='ltr'><strong>acerrimi</strong></span> <span class='ocrx_word' id='word_1_573' title='bbox 1794 4686 2099 4757; x_wconf 86' lang='lat' dir='ltr'><strong>impigerri-</strong></span> 
     </span>
    </p>
   </div>
   <div class='ocr_carea' id='block_1_80' title="bbox 545 4768 2098 4844">
    <p class='ocr_par' dir='ltr' id='par_1_80' title="bbox 545 4768 2098 4844">
     <span class='ocr_line' id='line_1_80' title="bbox 545 4768 2098 4844; baseline 0.003 -20"><span class='ocrx_word' id='word_1_574' title='bbox 545 4772 725 4841; x_wconf 81' lang='lat' dir='ltr'><strong>Inique</strong></span> <span class='ocrx_word' id='word_1_575' title='bbox 749 4771 1095 4827; x_wconf 76' lang='lat' dir='ltr'><strong>exstiterunt.</strong></span> <span class='ocrx_word' id='word_1_576' title='bbox 1129 4768 1354 4825; x_wconf 87' lang='lat' dir='ltr'><strong>Delubra</strong></span> <span class='ocrx_word' id='word_1_577' title='bbox 1377 4772 1520 4825; x_wconf 91' lang='lat' dir='ltr'><strong>enim</strong></span> <span class='ocrx_word' id='word_1_578' title='bbox 1548 4774 1749 4840; x_wconf 88' lang='lat' dir='ltr'><strong>passim</strong></span> <span class='ocrx_word' id='word_1_579' title='bbox 1777 4782 1830 4826; x_wconf 90' lang='lat' dir='ltr'><strong>et</strong></span> <span class='ocrx_word' id='word_1_580' title='bbox 1856 4788 1980 4828; x_wconf 90' lang='lat' dir='ltr'><strong>aras</strong></span> <span class='ocrx_word' id='word_1_581' title='bbox 2000 4788 2098 4844; x_wconf 91' lang='lat' dir='ltr'><strong>per</strong></span> 
     </span>
    </p>
   </div>
   <div class='ocr_carea' id='block_1_81' title="bbox 2271 3594 3768 3672">
    <p class='ocr_par' dir='ltr' id='par_1_81' title="bbox 2271 3594 3768 3672">
     <span class='ocr_line' id='line_1_81' title="bbox 2271 3594 3768 3672; baseline 0.005 -23"><span class='ocrx_word' id='word_1_582' title='bbox 2271 3596 2381 3650; x_wconf 83' lang='lat' dir='ltr'><strong>Kal</strong></span> <span class='ocrx_word' id='word_1_583' title='bbox 2417 3594 2776 3666; x_wconf 82' lang='grc' dir='ltr'>έξερημώσει</span> <span class='ocrx_word' id='word_1_584' title='bbox 2825 3597 3038 3665; x_wconf 76' lang='grc' dir='ltr'>Κύριος</span> <span class='ocrx_word' id='word_1_585' title='bbox 3074 3597 3189 3666; x_wconf 76' lang='grc' dir='ltr'><strong>τὴν</strong></span> <span class='ocrx_word' id='word_1_586' title='bbox 3230 3598 3548 3654; x_wconf 78' lang='grc' dir='ltr'><strong>θάλασσαν</strong></span> <span class='ocrx_word' id='word_1_587' title='bbox 3592 3603 3768 3672; x_wconf 73' lang='grc' dir='ltr'><strong>Αἰγεύ-</strong></span> 
     </span>
    </p>
   </div>
   <div class='ocr_carea' id='block_1_82' title="bbox 2202 3687 3770 3759">
    <p class='ocr_par' dir='ltr' id='par_1_82' title="bbox 2202 3687 3770 3759">
     <span class='ocr_line' id='line_1_82' title="bbox 2202 3687 3770 3759; baseline 0.005 -20"><span class='ocrx_word' id='word_1_588' title='bbox 2202 3699 2375 3752; x_wconf 82' lang='grc' dir='ltr'>πτου,</span> <span class='ocrx_word' id='word_1_589' title='bbox 2432 3687 2527 3741; x_wconf 73' lang='grc' dir='ltr'><strong>καί</strong></span> <span class='ocrx_word' id='word_1_590' title='bbox 2574 3688 2847 3741; x_wconf 80' lang='grc' dir='ltr'>ἐπιϐαλεῖ</span> <span class='ocrx_word' id='word_1_591' title='bbox 2890 3689 3004 3757; x_wconf 78' lang='grc' dir='ltr'><strong>τὴν</strong></span> <span class='ocrx_word' id='word_1_592' title='bbox 3049 3690 3214 3759; x_wconf 78' lang='grc' dir='ltr'>χεῖρα</span> <span class='ocrx_word' id='word_1_593' title='bbox 3270 3691 3456 3745; x_wconf 82' lang='grc' dir='ltr'>αὑτοῦ</span> <span class='ocrx_word' id='word_1_594' title='bbox 3513 3694 3610 3747; x_wconf 76' lang='grc' dir='ltr'><strong>ἐπὶ</strong></span> <span class='ocrx_word' id='word_1_595' title='bbox 3665 3694 3770 3747; x_wconf 80' lang='grc' dir='ltr'><strong>τὸν</strong></span> 
     </span>
    </p>
   </div>
   <div class='ocr_carea' id='block_1_83' title="bbox 2202 3778 3769 3849">
    <p class='ocr_par' dir='ltr' id='par_1_83' title="bbox 2202 3778 3769 3849">
     <span class='ocr_line' id='line_1_83' title="bbox 2202 3778 3769 3849; baseline 0.005 -17"><span class='ocrx_word' id='word_1_596' title='bbox 2202 3778 2470 3849; x_wconf 74' lang='grc' dir='ltr'>ποταμὸν</span> <span class='ocrx_word' id='word_1_597' title='bbox 2518 3780 2809 3849; x_wconf 83' lang='grc' dir='ltr'>πνεύματι</span> <span class='ocrx_word' id='word_1_598' title='bbox 2878 3781 3057 3845; x_wconf 82' lang='grc' dir='ltr'>,ϐιαίῳ</span> <span class='ocrx_word' id='word_1_599' title='bbox 3082 3820 3095 3844; x_wconf 94' lang='grc'><strong>,</strong></span> <span class='ocrx_word' id='word_1_600' title='bbox 3154 3782 3252 3835; x_wconf 77' lang='grc' dir='ltr'>καὶ</span> <span class='ocrx_word' id='word_1_601' title='bbox 3314 3783 3561 3848; x_wconf 80' lang='grc' dir='ltr'>πατάξει</span> <span class='ocrx_word' id='word_1_602' title='bbox 3620 3785 3769 3840; x_wconf 81' lang='grc' dir='ltr'>ἑπτὰ</span> 
     </span>
    </p>
   </div>
   <div class='ocr_carea' id='block_1_84' title="bbox 2201 3868 3768 3941">
    <p class='ocr_par' dir='ltr' id='par_1_84' title="bbox 2201 3868 3768 3941">
     <span class='ocr_line' id='line_1_84' title="bbox 2201 3868 3768 3941; baseline 0 -15"><span class='ocrx_word' id='word_1_603' title='bbox 2201 3868 2528 3941; x_wconf 69' lang='grc' dir='ltr'>φάραγγας,</span> <span class='ocrx_word' id='word_1_604' title='bbox 2554 3869 2708 3925; x_wconf 83' lang='grc' dir='ltr'>ὥστε</span> <span class='ocrx_word' id='word_1_605' title='bbox 2738 3870 3188 3939; x_wconf 82' lang='grc' dir='ltr'>διαπορεύεσθαι</span> <span class='ocrx_word' id='word_1_606' title='bbox 3224 3874 3412 3927; x_wconf 80' lang='grc' dir='ltr'>αὑτὸν</span> <span class='ocrx_word' id='word_1_607' title='bbox 3445 3874 3515 3928; x_wconf 82' lang='grc' dir='ltr'><strong>ἐν</strong></span> <span class='ocrx_word' id='word_1_608' title='bbox 3545 3874 3768 3941; x_wconf 82' lang='grc' dir='ltr'>ὑποδή-</span> 
     </span>
    </p>
   </div>
   <div class='ocr_carea' id='block_1_85' title="bbox 2195 3962 3767 4036">
    <p class='ocr_par' dir='ltr' id='par_1_85' title="bbox 2195 3962 3767 4036">
     <span class='ocr_line' id='line_1_85' title="bbox 2195 3962 3767 4036; baseline 0.003 -20"><span class='ocrx_word' id='word_1_609' title='bbox 2195 3976 2405 4032; x_wconf 80' lang='grc' dir='ltr'>μασιν.</span> <span class='ocrx_word' id='word_1_610' title='bbox 2455 3962 2567 4016; x_wconf 80' lang='grc' dir='ltr'><strong>Καὶ</strong></span> <span class='ocrx_word' id='word_1_611' title='bbox 2612 3962 2784 4016; x_wconf 75' lang='grc' dir='ltr'>ἔσται</span> <span class='ocrx_word' id='word_1_612' title='bbox 2827 3962 3025 4030; x_wconf 80' lang='grc' dir='ltr'>δίοδος</span> <span class='ocrx_word' id='word_1_613' title='bbox 3068 3964 3147 4029; x_wconf 82' lang='grc' dir='ltr'>τῷ</span> <span class='ocrx_word' id='word_1_614' title='bbox 3180 3968 3623 4034; x_wconf 62' lang='grc' dir='ltr'>καταλειφθέντι</span> <span class='ocrx_word' id='word_1_615' title='bbox 3649 3986 3767 4036; x_wconf 81' lang='grc' dir='ltr'>μου</span> 
     </span>
    </p>
   </div>
   <div class='ocr_carea' id='block_1_86' title="bbox 2200 4056 3765 4133">
    <p class='ocr_par' dir='ltr' id='par_1_86' title="bbox 2200 4056 3765 4133">
     <span class='ocr_line' id='line_1_86' title="bbox 2200 4056 3765 4133; baseline 0.005 -24"><span class='ocrx_word' id='word_1_616' title='bbox 2200 4056 2327 4123; x_wconf 77' lang='grc' dir='ltr'><strong>λαῷ</strong></span> <span class='ocrx_word' id='word_1_617' title='bbox 2351 4056 2421 4110; x_wconf 81' lang='grc' dir='ltr'><strong>ἐν</strong></span> <span class='ocrx_word' id='word_1_618' title='bbox 2446 4058 2731 4126; x_wconf 74' lang='grc' dir='ltr'>Αἰγύπτῳ·</span> <span class='ocrx_word' id='word_1_619' title='bbox 2774 4056 2869 4110; x_wconf 77' lang='grc' dir='ltr'>καὶ</span> <span class='ocrx_word' id='word_1_620' title='bbox 2921 4057 3091 4111; x_wconf 81' lang='grc' dir='ltr'>ἔσται</span> <span class='ocrx_word' id='word_1_621' title='bbox 3136 4057 3215 4123; x_wconf 84' lang='grc' dir='ltr'>τῷ</span> <span class='ocrx_word' id='word_1_622' title='bbox 3252 4061 3497 4130; x_wconf 68' lang='grc' dir='ltr'>Ἰσραὴλ</span> <span class='ocrx_word' id='word_1_623' title='bbox 3537 4062 3676 4115; x_wconf 78' lang='grc' dir='ltr'><strong>ὡσεὶ</strong></span> <span class='ocrx_word' id='word_1_624' title='bbox 3726 4064 3765 4133; x_wconf 79' lang='grc' dir='ltr'><strong><em>ἠ</em></strong></span> 
     </span>
    </p>
   </div>
   <div class='ocr_carea' id='block_1_87' title="bbox 2201 4145 3361 4219">
    <p class='ocr_par' dir='ltr' id='par_1_87' title="bbox 2201 4145 3361 4219">
     <span class='ocr_line' id='line_1_87' title="bbox 2201 4145 3361 4219; baseline 0.007 -22"><span class='ocrx_word' id='word_1_625' title='bbox 2201 4145 2392 4216; x_wconf 78' lang='grc' dir='ltr'>ἡμέρα</span> <span class='ocrx_word' id='word_1_626' title='bbox 2420 4145 2517 4200; x_wconf 83' lang='grc' dir='ltr'>ὅτε</span> <span class='ocrx_word' id='word_1_627' title='bbox 2546 4147 2804 4215; x_wconf 74' lang='grc' dir='ltr'>ἐξῆλθεν</span> <span class='ocrx_word' id='word_1_628' title='bbox 2823 4148 2891 4201; x_wconf 83' lang='grc' dir='ltr'>ἐκ</span> <span class='ocrx_word' id='word_1_629' title='bbox 2913 4148 3024 4218; x_wconf 73' lang='grc' dir='ltr'>γῆς</span> <span class='ocrx_word' id='word_1_630' title='bbox 3044 4150 3361 4219; x_wconf 76' lang='grc' dir='ltr'>Αἰγύπτου.</span> 
     </span>
    </p>
   </div>
   <div class='ocr_carea' id='block_1_88' title="bbox 2272 4234 3771 4314">
    <p class='ocr_par' dir='ltr' id='par_1_88' title="bbox 2272 4234 3771 4314">
     <span class='ocr_line' id='line_1_88' title="bbox 2272 4234 3771 4314; baseline 0.005 -26"><span class='ocrx_word' id='word_1_631' title='bbox 2272 4234 2595 4308; x_wconf 81' lang='grc' dir='ltr'>Κεκράτηκε</span> <span class='ocrx_word' id='word_1_632' title='bbox 2628 4236 2723 4306; x_wconf 89' lang='grc' dir='ltr'>μὲν</span> <span class='ocrx_word' id='word_1_633' title='bbox 2759 4239 2823 4289; x_wconf 85' lang='grc' dir='ltr'>ὲκ</span> <span class='ocrx_word' id='word_1_634' title='bbox 2860 4236 3170 4302; x_wconf 80' lang='grc' dir='ltr'>πλεονεξίας</span> <span class='ocrx_word' id='word_1_635' title='bbox 3194 4238 3301 4293; x_wconf 83' lang='grc' dir='ltr'><strong>τῶν</strong></span> <span class='ocrx_word' id='word_1_636' title='bbox 3329 4239 3432 4295; x_wconf 81' lang='grc' dir='ltr'><strong>ἀνά</strong></span> <span class='ocrx_word' id='word_1_637' title='bbox 3457 4242 3635 4296; x_wconf 82' lang='grc' dir='ltr'>πᾶσαν</span> <span class='ocrx_word' id='word_1_638' title='bbox 3670 4242 3771 4314; x_wconf 74' lang='grc' dir='ltr'>τὴν</span> 
     </span>
    </p>
   </div>
   <div class='ocr_carea' id='block_1_89' title="bbox 2203 4325 3766 4405">
    <p class='ocr_par' dir='ltr' id='par_1_89' title="bbox 2203 4325 3766 4405">
     <span class='ocr_line' id='line_1_89' title="bbox 2203 4325 3766 4405; baseline 0.007 -27"><span class='ocrx_word' id='word_1_639' title='bbox 2203 4325 2293 4378; x_wconf 85' lang='grc' dir='ltr'>ὑπ’</span> <span class='ocrx_word' id='word_1_640' title='bbox 2313 4326 2539 4397; x_wconf 79' lang='grc' dir='ltr'>οὐρανὸν</span> <span class='ocrx_word' id='word_1_641' title='bbox 2558 4329 2586 4379; x_wconf 89' lang='lat'><strong>6</strong></span> <span class='ocrx_word' id='word_1_642' title='bbox 2608 4327 2705 4397; x_wconf 83' lang='grc' dir='ltr'>τῆς</span> <span class='ocrx_word' id='word_1_643' title='bbox 2730 4327 2997 4399; x_wconf 89' lang='grc' dir='ltr'>ἀμαρτίας</span> <span class='ocrx_word' id='word_1_644' title='bbox 3020 4328 3244 4403; x_wconf 86' lang='grc' dir='ltr'>εύρέτης</span> <span class='ocrx_word' id='word_1_645' title='bbox 3268 4333 3359 4385; x_wconf 73' lang='grc' dir='ltr'><strong>καὶ</strong></span> <span class='ocrx_word' id='word_1_646' title='bbox 3381 4335 3577 4405; x_wconf 87' lang='grc' dir='ltr'>πατήρ.</span> <span class='ocrx_word' id='word_1_647' title='bbox 3617 4334 3766 4388; x_wconf 80' lang='grc' dir='ltr'>Ἀπο-</span> 
     </span>
    </p>
   </div>
   <div class='ocr_carea' id='block_1_90' title="bbox 2202 4415 3757 4494">
    <p class='ocr_par' dir='ltr' id='par_1_90' title="bbox 2202 4415 3757 4494">
     <span class='ocr_line' id='line_1_90' title="bbox 2202 4415 3757 4494; baseline 0.005 -24"><span class='ocrx_word' id='word_1_648' title='bbox 2202 4415 2532 4490; x_wconf 81' lang='grc' dir='ltr'>ϐουκολήσας</span> <span class='ocrx_word' id='word_1_649' title='bbox 2561 4421 2656 4490; x_wconf 85' lang='grc' dir='ltr'><strong>τῆς</strong></span> <span class='ocrx_word' id='word_1_650' title='bbox 2682 4419 2934 4490; x_wconf 83' lang='grc' dir='ltr'>ἀληθείας</span> <span class='ocrx_word' id='word_1_651' title='bbox 2956 4420 3044 4473; x_wconf 85' lang='grc' dir='ltr'><strong>τὸν</strong></span> <span class='ocrx_word' id='word_1_652' title='bbox 3064 4420 3367 4493; x_wconf 75' lang='grc' dir='ltr'>ἄνθρωπον,</span> <span class='ocrx_word' id='word_1_653' title='bbox 3401 4424 3498 4494; x_wconf 83' lang='grc' dir='ltr'>τῆς</span> <span class='ocrx_word' id='word_1_654' title='bbox 3521 4424 3626 4477; x_wconf 84' lang='grc' dir='ltr'><strong>τῶν</strong></span> <span class='ocrx_word' id='word_1_655' title='bbox 3644 4424 3757 4479; x_wconf 88' lang='grc' dir='ltr'>δαι-</span> 
     </span>
    </p>
   </div>
   <div class='ocr_carea' id='block_1_91' title="bbox 2204 4510 3762 4586">
    <p class='ocr_par' dir='ltr' id='par_1_91' title="bbox 2204 4510 3762 4586">
     <span class='ocr_line' id='line_1_91' title="bbox 2204 4510 3762 4586; baseline 0.003 -23"><span class='ocrx_word' id='word_1_656' title='bbox 2204 4510 2401 4580; x_wconf 84' lang='grc' dir='ltr'>μονίων</span> <span class='ocrx_word' id='word_1_657' title='bbox 2430 4510 2631 4583; x_wconf 87' lang='grc' dir='ltr'>ἀγέλης</span> <span class='ocrx_word' id='word_1_658' title='bbox 2657 4511 2906 4565; x_wconf 83' lang='grc' dir='ltr'>ἀπετέλει</span> <span class='ocrx_word' id='word_1_659' title='bbox 2938 4514 3331 4586; x_wconf 82' lang='grc' dir='ltr'>προσκυνητὴν,</span> <span class='ocrx_word' id='word_1_660' title='bbox 3356 4517 3450 4569; x_wconf 73' lang='grc' dir='ltr'>καὶ</span> <span class='ocrx_word' id='word_1_661' title='bbox 3474 4519 3584 4577; x_wconf 87' lang='grc' dir='ltr'>τοῖς</span> <span class='ocrx_word' id='word_1_662' title='bbox 3617 4515 3762 4580; x_wconf 85' lang='grc' dir='ltr'>ίδίοις</span> 
     </span>
    </p>
   </div>
   <div class='ocr_carea' id='block_1_92' title="bbox 2202 4600 3762 4678">
    <p class='ocr_par' dir='ltr' id='par_1_92' title="bbox 2202 4600 3762 4678">
     <span class='ocr_line' id='line_1_92' title="bbox 2202 4600 3762 4678; baseline 0.004 -24"><span class='ocrx_word' id='word_1_663' title='bbox 2202 4600 2447 4655; x_wconf 83' lang='grc' dir='ltr'>ὑπετίθει</span> <span class='ocrx_word' id='word_1_664' title='bbox 2474 4602 2676 4671; x_wconf 79' lang='grc' dir='ltr'>ζυγοῖς·</span> <span class='ocrx_word' id='word_1_665' title='bbox 2712 4606 2997 4674; x_wconf 74' lang='grc' dir='ltr'>Αἰγύπτιοι</span> <span class='ocrx_word' id='word_1_666' title='bbox 3022 4606 3077 4659; x_wconf 85' lang='grc' dir='ltr'><strong>δὲ</strong></span> <span class='ocrx_word' id='word_1_667' title='bbox 3110 4605 3340 4677; x_wconf 88' lang='grc' dir='ltr'>μάλιστα</span> <span class='ocrx_word' id='word_1_668' title='bbox 3376 4607 3762 4678; x_wconf 86' lang='grc' dir='ltr'>δεισιδαιμονέ-</span> 
     </span>
    </p>
   </div>
   <div class='ocr_carea' id='block_1_93' title="bbox 2204 4694 3765 4770">
    <p class='ocr_par' dir='ltr' id='par_1_93' title="bbox 2204 4694 3765 4770">
     <span class='ocr_line' id='line_1_93' title="bbox 2204 4694 3765 4770; baseline 0.005 -25"><span class='ocrx_word' id='word_1_669' title='bbox 2204 4708 2382 4747; x_wconf 88' lang='grc' dir='ltr'>στατοι</span> <span class='ocrx_word' id='word_1_670' title='bbox 2407 4694 2560 4765; x_wconf 83' lang='grc' dir='ltr'>παρὰ</span> <span class='ocrx_word' id='word_1_671' title='bbox 2580 4696 2705 4759; x_wconf 83' lang='grc' dir='ltr'>τοὺς</span> <span class='ocrx_word' id='word_1_672' title='bbox 2738 4696 2927 4760; x_wconf 80' lang='grc' dir='ltr'>ἄλλους</span> <span class='ocrx_word' id='word_1_673' title='bbox 2958 4700 3051 4752; x_wconf 61' lang='grc' dir='ltr'><strong>καί¹</strong></span> <span class='ocrx_word' id='word_1_674' title='bbox 3072 4699 3233 4753; x_wconf 78' lang='grc' dir='ltr'>δεινοὶ</span> <span class='ocrx_word' id='word_1_675' title='bbox 3270 4699 3403 4770; x_wconf 85' lang='grc' dir='ltr'>πρὸς</span> <span class='ocrx_word' id='word_1_676' title='bbox 3429 4699 3584 4753; x_wconf 87' lang='grc' dir='ltr'>τοῦτο</span> <span class='ocrx_word' id='word_1_677' title='bbox 3608 4700 3765 4769; x_wconf 90' lang='grc' dir='ltr'>γεγό-</span> 
     </span>
    </p>
   </div>
   <div class='ocr_carea' id='block_1_94' title="bbox 2200 4783 3763 4862">
    <p class='ocr_par' dir='ltr' id='par_1_94' title="bbox 2200 4783 3763 4862">
     <span class='ocr_line' id='line_1_94' title="bbox 2200 4783 3763 4862; baseline 0.005 -24"><span class='ocrx_word' id='word_1_678' title='bbox 2200 4802 2341 4842; x_wconf 91' lang='grc' dir='ltr'>νασι.</span> <span class='ocrx_word' id='word_1_679' title='bbox 2378 4786 2590 4858; x_wconf 85' lang='grc' dir='ltr'>Τεμένη</span> <span class='ocrx_word' id='word_1_680' title='bbox 2637 4787 2744 4860; x_wconf 86' lang='grc' dir='ltr'><strong>γάρ</strong></span> <span class='ocrx_word' id='word_1_681' title='bbox 2776 4783 2914 4860; x_wconf 82' lang='grc' dir='ltr'>ἦσαν</span> <span class='ocrx_word' id='word_1_682' title='bbox 2959 4790 3230 4862; x_wconf 82' lang='grc' dir='ltr'>πανταχοῦ</span> <span class='ocrx_word' id='word_1_683' title='bbox 3275 4792 3369 4844; x_wconf 77' lang='grc' dir='ltr'><strong>καὶ</strong></span> <span class='ocrx_word' id='word_1_684' title='bbox 3406 4791 3578 4862; x_wconf 76' lang='grc' dir='ltr'>βωμοὶ</span> <span class='ocrx_word' id='word_1_685' title='bbox 3623 4791 3763 4846; x_wconf 87' lang='grc' dir='ltr'><strong>κατά</strong></span> 
     </span>
    </p>
   </div>
   <div class='ocr_carea' id='block_1_95' title="bbox 544 4859 2101 4956">
    <p class='ocr_par' dir='ltr' id='par_1_95' title="bbox 544 4859 2092 4931">
     <span class='ocr_line' id='line_1_95' title="bbox 544 4859 2092 4931; baseline 0.003 -18"><span class='ocrx_word' id='word_1_686' title='bbox 544 4863 846 4931; x_wconf 78' lang='lat' dir='ltr'><strong>regionem,</strong></span> <span class='ocrx_word' id='word_1_687' title='bbox 878 4868 933 4916; x_wconf 91' lang='lat' dir='ltr'><strong>et</strong></span> <span class='ocrx_word' id='word_1_688' title='bbox 963 4859 1252 4921; x_wconf 87' lang='lat' dir='ltr'><strong>simulacra</strong></span> <span class='ocrx_word' id='word_1_689' title='bbox 1300 4860 1508 4915; x_wconf 84' lang='lat' dir='ltr'><strong>inﬁnita</strong></span> <span class='ocrx_word' id='word_1_690' title='bbox 1552 4861 1851 4928; x_wconf 86' lang='lat' dir='ltr'><strong>habebant,</strong></span> <span class='ocrx_word' id='word_1_691' title='bbox 1883 4874 1937 4919; x_wconf 92' lang='lat' dir='ltr'><strong>et</strong></span> <span class='ocrx_word' id='word_1_692' title='bbox 1962 4876 2092 4917; x_wconf 82' lang='lat' dir='ltr'><strong>exa-</strong></span> 
     </span>
    </p>
   </div>
   <div class='ocr_carea' id='block_1_96' title="bbox 2201 4859 3762 4956">
    <p class='ocr_par' dir='ltr' id='par_1_96' title="bbox 2202 4859 3762 4953">
     <span class='ocr_line' id='line_1_96' title="bbox 2202 4859 3762 4953; baseline 0.004 -25"><span class='ocrx_word' id='word_1_693' title='bbox 2202 4876 2300 4947; x_wconf 82' lang='grc' dir='ltr'>τὴν</span> <span class='ocrx_word' id='word_1_694' title='bbox 2340 4876 2521 4948; x_wconf 87' lang='grc' dir='ltr'>χώραν</span> <span class='ocrx_word' id='word_1_695' title='bbox 2563 4859 2762 4946; x_wconf 82' lang='grc' dir='ltr'>αὐτοῖς,</span> <span class='ocrx_word' id='word_1_696' title='bbox 2802 4859 2901 4952; x_wconf 14' lang='grc' dir='ltr'><strong>ίέδη</strong></span> <span class='ocrx_word' id='word_1_697' title='bbox 2947 4898 3006 4934; x_wconf 92' lang='grc' dir='ltr'><strong>τε</strong></span> <span class='ocrx_word' id='word_1_698' title='bbox 3051 4859 3236 4953; x_wconf 82' lang='grc' dir='ltr'>μυρία,</span> <span class='ocrx_word' id='word_1_699' title='bbox 3290 4882 3383 4935; x_wconf 79' lang='grc' dir='ltr'>καὶ</span> <span class='ocrx_word' id='word_1_700' title='bbox 3408 4859 3762 4953; x_wconf 34' lang='grc' dir='ltr'>’ἀγαλμάτων</span> 
     </span>
    </p>
   </div>
   <div class='ocr_carea' id='block_1_97' title="bbox 543 4954 2095 5028">
    <p class='ocr_par' dir='ltr' id='par_1_97' title="bbox 543 4954 2095 5028">
     <span class='ocr_line' id='line_1_97' title="bbox 543 4954 2095 5028; baseline 0.001 -18"><span class='ocrx_word' id='word_1_701' title='bbox 543 4958 685 5012; x_wconf 78' lang='lat' dir='ltr'><strong>ruina</strong></span> <span class='ocrx_word' id='word_1_702' title='bbox 715 4956 1015 5028; x_wconf 81' lang='lat' dir='ltr'><strong>signorum,</strong></span> <span class='ocrx_word' id='word_1_703' title='bbox 1053 4969 1226 5025; x_wconf 88' lang='lat' dir='ltr'><strong>eaque</strong></span> <span class='ocrx_word' id='word_1_704' title='bbox 1256 4955 1309 5011; x_wconf 90' lang='lat' dir='ltr'><strong>in</strong></span> <span class='ocrx_word' id='word_1_705' title='bbox 1354 4955 1535 5027; x_wconf 83' lang='lat' dir='ltr'><strong>adytis</strong></span> <span class='ocrx_word' id='word_1_706' title='bbox 1568 4954 1937 5011; x_wconf 82' lang='lat' dir='ltr'><strong>multiformia.</strong></span> <span class='ocrx_word' id='word_1_707' title='bbox 1982 4956 2095 5011; x_wconf 84' lang='lat' dir='ltr'><strong>Ad-</strong></span> 
     </span>
    </p>
   </div>
   <div class='ocr_carea' id='block_1_98' title="bbox 540 5046 2094 5116">
    <p class='ocr_par' dir='ltr' id='par_1_98' title="bbox 540 5046 2094 5116">
     <span class='ocr_line' id='line_1_98' title="bbox 540 5046 2094 5116; baseline 0.001 -15"><span class='ocrx_word' id='word_1_708' title='bbox 540 5056 768 5102; x_wconf 84' lang='lat' dir='ltr'><strong>orarunt</strong></span> <span class='ocrx_word' id='word_1_709' title='bbox 792 5048 935 5107; x_wconf 81' lang='lat' dir='ltr'><strong>enim</strong></span> <span class='ocrx_word' id='word_1_710' title='bbox 964 5046 1199 5102; x_wconf 87' lang='lat' dir='ltr'><strong>volatilia</strong></span> <span class='ocrx_word' id='word_1_711' title='bbox 1227 5054 1282 5102; x_wconf 88' lang='lat' dir='ltr'><strong>et</strong></span> <span class='ocrx_word' id='word_1_712' title='bbox 1320 5046 1514 5115; x_wconf 86' lang='lat' dir='ltr'><strong>pisces,</strong></span> <span class='ocrx_word' id='word_1_713' title='bbox 1559 5059 1774 5116; x_wconf 89' lang='lat' dir='ltr'><strong>capram</strong></span> <span class='ocrx_word' id='word_1_714' title='bbox 1815 5055 1868 5101; x_wconf 89' lang='lat' dir='ltr'><strong>et</strong></span> <span class='ocrx_word' id='word_1_715' title='bbox 1901 5062 2094 5104; x_wconf 79' lang='lat' dir='ltr'><strong>orem:</strong></span> 
     </span>
    </p>
   </div>
   <div class='ocr_carea' id='block_1_99' title="bbox 2203 4969 3755 5048">
    <p class='ocr_par' dir='ltr' id='par_1_99' title="bbox 2203 4969 3755 5048">
     <span class='ocr_line' id='line_1_99' title="bbox 2203 4969 3755 5048; baseline 0.003 -28"><span class='ocrx_word' id='word_1_716' title='bbox 2203 4969 2387 5040; x_wconf 78' lang='grc' dir='ltr'>ἐσμὸς,</span> <span class='ocrx_word' id='word_1_717' title='bbox 2430 4970 2752 5045; x_wconf 85' lang='grc' dir='ltr'>πολύμορφά</span> <span class='ocrx_word' id='word_1_718' title='bbox 2779 4991 2838 5027; x_wconf 89' lang='grc' dir='ltr'><strong>τε</strong></span> <span class='ocrx_word' id='word_1_719' title='bbox 2866 4973 2936 5027; x_wconf 85' lang='grc' dir='ltr'><strong>τά</strong></span> <span class='ocrx_word' id='word_1_720' title='bbox 2964 4977 3022 5029; x_wconf 81' lang='grc' dir='ltr'><strong>έν</strong></span> <span class='ocrx_word' id='word_1_721' title='bbox 3048 4978 3251 5045; x_wconf 86' lang='grc' dir='ltr'>σηκοῖς.</span> <span class='ocrx_word' id='word_1_722' title='bbox 3282 4976 3755 5048; x_wconf 82' lang='grc' dir='ltr'>Προσκεκυνήκασι</span> 
     </span>
    </p>
   </div>
   <div class='ocr_carea' id='block_1_100' title="bbox 2204 5061 3763 5141">
    <p class='ocr_par' dir='ltr' id='par_1_100' title="bbox 2204 5061 3763 5141">
     <span class='ocr_line' id='line_1_100' title="bbox 2204 5061 3763 5141; baseline 0.004 -27"><span class='ocrx_word' id='word_1_723' title='bbox 2204 5061 2311 5132; x_wconf 81' lang='grc' dir='ltr'>γὰρ</span> <span class='ocrx_word' id='word_1_724' title='bbox 2358 5065 2577 5135; x_wconf 84' lang='grc' dir='ltr'>πτηνοῖς</span> <span class='ocrx_word' id='word_1_725' title='bbox 2622 5067 2718 5119; x_wconf 79' lang='grc' dir='ltr'><strong>καὶ</strong></span> <span class='ocrx_word' id='word_1_726' title='bbox 2766 5065 2989 5138; x_wconf 82' lang='grc' dir='ltr'>ἰχθύσιν,</span> <span class='ocrx_word' id='word_1_727' title='bbox 3039 5069 3153 5138; x_wconf 79' lang='grc' dir='ltr'>αἰγὶ</span> <span class='ocrx_word' id='word_1_728' title='bbox 3202 5069 3296 5123; x_wconf 77' lang='grc' dir='ltr'><strong>καὶ</strong></span> <span class='ocrx_word' id='word_1_729' title='bbox 3337 5070 3609 5141; x_wconf 86' lang='grc' dir='ltr'>προϐάτῳ,</span> <span class='ocrx_word' id='word_1_730' title='bbox 3670 5068 3763 5122; x_wconf 80' lang='grc' dir='ltr'>καὶ</span> 
     </span>
    </p>
   </div>
   <div class='ocr_carea' id='block_1_101' title="bbox 543 5136 2101 5233">
    <p class='ocr_par' dir='ltr' id='par_1_101' title="bbox 543 5136 2095 5198">
     <span class='ocr_line' id='line_1_101' title="bbox 543 5136 2095 5198; baseline 0.001 -7"><span class='ocrx_word' id='word_1_731' title='bbox 543 5147 601 5193; x_wconf 89' lang='lat' dir='ltr'><strong>et</strong></span> <span class='ocrx_word' id='word_1_732' title='bbox 628 5138 827 5198; x_wconf 84' lang='lat' dir='ltr'><strong>vitulus</strong></span> <span class='ocrx_word' id='word_1_733' title='bbox 853 5139 921 5195; x_wconf 86' lang='lat' dir='ltr'><strong>ab</strong></span> <span class='ocrx_word' id='word_1_734' title='bbox 948 5138 1053 5193; x_wconf 90' lang='lat' dir='ltr'><strong>illis</strong></span> <span class='ocrx_word' id='word_1_735' title='bbox 1086 5139 1139 5194; x_wconf 87' lang='lat' dir='ltr'><strong>in</strong></span> <span class='ocrx_word' id='word_1_736' title='bbox 1178 5138 1383 5195; x_wconf 83' lang='lat' dir='ltr'><strong>honore</strong></span> <span class='ocrx_word' id='word_1_737' title='bbox 1415 5138 1629 5193; x_wconf 89' lang='lat' dir='ltr'><strong>habitus</strong></span> <span class='ocrx_word' id='word_1_738' title='bbox 1660 5148 1765 5193; x_wconf 88' lang='lat' dir='ltr'><strong>est.</strong></span> <span class='ocrx_word' id='word_1_739' title='bbox 1797 5136 1889 5195; x_wconf 89' lang='lat' dir='ltr'><strong>Sic</strong></span> <span class='ocrx_word' id='word_1_740' title='bbox 1918 5150 2095 5193; x_wconf 85' lang='lat' dir='ltr'><strong>tamen</strong></span> 
     </span>
    </p>
   </div>
   <div class='ocr_carea' id='block_1_102' title="bbox 2201 5136 3763 5233">
    <p class='ocr_par' dir='ltr' id='par_1_102' title="bbox 2207 5136 3763 5233">
     <span class='ocr_line' id='line_1_102' title="bbox 2207 5136 3763 5233; baseline 0.004 -25"><span class='ocrx_word' id='word_1_741' title='bbox 2207 5156 2405 5225; x_wconf 90' lang='grc' dir='ltr'>μόσχος</span> <span class='ocrx_word' id='word_1_742' title='bbox 2428 5153 2495 5229; x_wconf 84' lang='grc' dir='ltr'>ἦν</span> <span class='ocrx_word' id='word_1_743' title='bbox 2519 5157 2580 5211; x_wconf 87' lang='grc' dir='ltr'><strong>τὸ</strong></span> <span class='ocrx_word' id='word_1_744' title='bbox 2607 5158 2766 5224; x_wconf 88' lang='grc' dir='ltr'>σέϐας</span> <span class='ocrx_word' id='word_1_745' title='bbox 2784 5136 2996 5225; x_wconf 80' lang='grc' dir='ltr'>αὐτοῖς.</span> <span class='ocrx_word' id='word_1_746' title='bbox 3035 5136 3193 5215; x_wconf 76' lang='grc' dir='ltr'>Ἀλλά</span> <span class='ocrx_word' id='word_1_747' title='bbox 3226 5162 3319 5216; x_wconf 76' lang='grc' dir='ltr'><strong>καὶ</strong></span> <span class='ocrx_word' id='word_1_748' title='bbox 3348 5136 3519 5226; x_wconf 80' lang='grc' dir='ltr'>οῦτως</span> <span class='ocrx_word' id='word_1_749' title='bbox 3544 5136 3763 5233; x_wconf 71' lang='grc' dir='ltr'>έχοντας</span> 
     </span>
    </p>
   </div>
   <div class='ocr_carea' id='block_1_103' title="bbox 545 5228 2101 5325">
    <p class='ocr_par' dir='ltr' id='par_1_103' title="bbox 545 5228 2099 5298">
     <span class='ocr_line' id='line_1_103' title="bbox 545 5228 2099 5298; baseline 0.002 -16"><span class='ocrx_word' id='word_1_750' title='bbox 545 5228 765 5287; x_wconf 70' lang='lat' dir='ltr'><strong>allectos</strong></span> <span class='ocrx_word' id='word_1_751' title='bbox 806 5232 988 5287; x_wconf 86' lang='lat' dir='ltr'><strong>invisit</strong></span> <span class='ocrx_word' id='word_1_752' title='bbox 1022 5230 1182 5298; x_wconf 90' lang='lat' dir='ltr'><strong>Deus,</strong></span> <span class='ocrx_word' id='word_1_753' title='bbox 1211 5240 1265 5284; x_wconf 90' lang='lat' dir='ltr'><strong>et</strong></span> <span class='ocrx_word' id='word_1_754' title='bbox 1297 5228 1454 5285; x_wconf 89' lang='lat' dir='ltr'><strong>simul</strong></span> <span class='ocrx_word' id='word_1_755' title='bbox 1488 5245 1610 5284; x_wconf 86' lang='lat' dir='ltr'><strong>cum</strong></span> <span class='ocrx_word' id='word_1_756' title='bbox 1647 5230 1765 5286; x_wconf 88' lang='lat' dir='ltr'><strong>aliis</strong></span> <span class='ocrx_word' id='word_1_757' title='bbox 1788 5231 1999 5287; x_wconf 82' lang='lat' dir='ltr'><strong>vocavit</strong></span> <span class='ocrx_word' id='word_1_758' title='bbox 2031 5231 2099 5285; x_wconf 87' lang='lat' dir='ltr'><strong>ad</strong></span> 
     </span>
    </p>
   </div>
   <div class='ocr_carea' id='block_1_104' title="bbox 2201 5228 3762 5325">
    <p class='ocr_par' dir='ltr' id='par_1_104' title="bbox 2203 5228 3762 5325">
     <span class='ocr_line' id='line_1_104' title="bbox 2203 5228 3762 5325; baseline 0.006 -27"><span class='ocrx_word' id='word_1_759' title='bbox 2203 5228 2567 5302; x_wconf 70' lang='grc' dir='ltr'>δπεσκέπτετο</span> <span class='ocrx_word' id='word_1_760' title='bbox 2602 5250 2753 5319; x_wconf 89' lang='grc' dir='ltr'>Θεὸς,</span> <span class='ocrx_word' id='word_1_761' title='bbox 2794 5252 2888 5306; x_wconf 73' lang='grc' dir='ltr'><strong>καὶ</strong></span> <span class='ocrx_word' id='word_1_762' title='bbox 2907 5252 3040 5325; x_wconf 83' lang='grc' dir='ltr'>ὁμοῦ</span> <span class='ocrx_word' id='word_1_763' title='bbox 3071 5257 3180 5318; x_wconf 89' lang='grc' dir='ltr'>τοῖς</span> <span class='ocrx_word' id='word_1_764' title='bbox 3209 5255 3387 5319; x_wconf 86' lang='grc' dir='ltr'>ἀλλοις</span> <span class='ocrx_word' id='word_1_765' title='bbox 3421 5228 3605 5309; x_wconf 77' lang='grc' dir='ltr'>ἐκάλει</span> <span class='ocrx_word' id='word_1_766' title='bbox 3629 5255 3762 5324; x_wconf 81' lang='grc' dir='ltr'>πρὸς</span> 
     </span>
    </p>
   </div>
   <div class='ocr_carea' id='block_1_105' title="bbox 544 5319 2101 5416">
    <p class='ocr_par' dir='ltr' id='par_1_105' title="bbox 544 5319 2093 5393">
     <span class='ocr_line' id='line_1_105' title="bbox 544 5319 2093 5393; baseline 0.003 -21"><span class='ocrx_word' id='word_1_767' title='bbox 544 5319 716 5375; x_wconf 89' lang='lat' dir='ltr'><strong>lucem</strong></span> <span class='ocrx_word' id='word_1_768' title='bbox 737 5333 792 5375; x_wconf 91' lang='lat' dir='ltr'><strong>et</strong></span> <span class='ocrx_word' id='word_1_769' title='bbox 813 5322 880 5381; x_wconf 85' lang='lat' dir='ltr'><strong>ad</strong></span> <span class='ocrx_word' id='word_1_770' title='bbox 912 5324 1238 5393; x_wconf 87' lang='lat' dir='ltr'><strong>agnitionem</strong></span> <span class='ocrx_word' id='word_1_771' title='bbox 1261 5322 1525 5378; x_wconf 89' lang='lat' dir='ltr'><strong>veritatis.</strong></span> <span class='ocrx_word' id='word_1_772' title='bbox 1552 5321 1921 5377; x_wconf 64' lang='lat' dir='ltr'><strong>Praedicarunt</strong></span> <span class='ocrx_word' id='word_1_773' title='bbox 1949 5322 2093 5377; x_wconf 88' lang='lat' dir='ltr'><strong>enim</strong></span> 
     </span>
    </p>
   </div>
   <div class='ocr_carea' id='block_1_106' title="bbox 2201 5319 3762 5416">
    <p class='ocr_par' dir='ltr' id='par_1_106' title="bbox 2203 5319 3762 5416">
     <span class='ocr_line' id='line_1_106' title="bbox 2203 5319 3762 5416; baseline -0.005 -12"><span class='ocrx_word' id='word_1_774' title='bbox 2203 5338 2264 5390; x_wconf 73' lang='grc' dir='ltr'><strong>τὸ</strong></span> <span class='ocrx_word' id='word_1_775' title='bbox 2304 5338 2438 5407; x_wconf 77' lang='grc' dir='ltr'>φῶς.</span> <span class='ocrx_word' id='word_1_776' title='bbox 2479 5342 2573 5394; x_wconf 76' lang='grc' dir='ltr'>καὶ</span> <span class='ocrx_word' id='word_1_777' title='bbox 2614 5342 2748 5414; x_wconf 82' lang='grc' dir='ltr'>πρὸς</span> <span class='ocrx_word' id='word_1_778' title='bbox 2785 5319 3076 5412; x_wconf 74' lang='grc' dir='ltr'>ἐπίγνωσιν</span> <span class='ocrx_word' id='word_1_779' title='bbox 3112 5345 3388 5415; x_wconf 84' lang='grc' dir='ltr'>ἀληθείας.</span> <span class='ocrx_word' id='word_1_780' title='bbox 3429 5319 3762 5416; x_wconf 68' lang='grc' dir='ltr'>Διεκήρυξαν</span> 
     </span>
    </p>
   </div>
   <div class='ocr_carea' id='block_1_107' title="bbox 544 5412 2101 5509">
    <p class='ocr_par' dir='ltr' id='par_1_107' title="bbox 544 5412 2099 5485">
     <span class='ocr_line' id='line_1_107' title="bbox 544 5412 2099 5485; baseline 0.003 -18"><span class='ocrx_word' id='word_1_781' title='bbox 544 5415 685 5468; x_wconf 84' lang='lat' dir='ltr'><strong>inter</strong></span> <span class='ocrx_word' id='word_1_782' title='bbox 711 5412 831 5468; x_wconf 89' lang='lat' dir='ltr'><strong>illos</strong></span> <span class='ocrx_word' id='word_1_783' title='bbox 857 5412 1205 5485; x_wconf 86' lang='lat' dir='ltr'><strong>Evangelium</strong></span> <span class='ocrx_word' id='word_1_784' title='bbox 1236 5415 1460 5481; x_wconf 88' lang='lat' dir='ltr'><strong>Christi,</strong></span> <span class='ocrx_word' id='word_1_785' title='bbox 1493 5432 1615 5471; x_wconf 91' lang='lat' dir='ltr'><strong>cum</strong></span> <span class='ocrx_word' id='word_1_786' title='bbox 1657 5415 1868 5471; x_wconf 84' lang='lat' dir='ltr'><strong>Marcus</strong></span> <span class='ocrx_word' id='word_1_787' title='bbox 1911 5419 2099 5472; x_wconf 88' lang='lat' dir='ltr'><strong>beatus</strong></span> 
     </span>
    </p>
   </div>
   <div class='ocr_carea' id='block_1_108' title="bbox 2201 5412 3759 5509">
    <p class='ocr_par' dir='ltr' id='par_1_108' title="bbox 2205 5412 3759 5509">
     <span class='ocr_line' id='line_1_108' title="bbox 2205 5412 3759 5509; baseline 0.003 -27"><span class='ocrx_word' id='word_1_788' title='bbox 2205 5428 2313 5500; x_wconf 82' lang='grc' dir='ltr'>γὰρ</span> <span class='ocrx_word' id='word_1_789' title='bbox 2352 5432 2408 5483; x_wconf 79' lang='grc' dir='ltr'><strong>ὲν</strong></span> <span class='ocrx_word' id='word_1_790' title='bbox 2441 5433 2577 5504; x_wconf 79' lang='grc' dir='ltr'>αὐτῇ</span> <span class='ocrx_word' id='word_1_791' title='bbox 2610 5412 2670 5487; x_wconf 74' lang='grc' dir='ltr'><strong>τδ</strong></span> <span class='ocrx_word' id='word_1_792' title='bbox 2702 5435 3027 5505; x_wconf 84' lang='grc' dir='ltr'>Εύαγγέλιον</span> <span class='ocrx_word' id='word_1_793' title='bbox 3056 5435 3149 5489; x_wconf 89' lang='grc' dir='ltr'><strong>τοῦ</strong></span> <span class='ocrx_word' id='word_1_794' title='bbox 3188 5412 3418 5509; x_wconf 61' lang='grc' dir='ltr'>Χριστοῦ</span> <span class='ocrx_word' id='word_1_795' title='bbox 3453 5412 3674 5507; x_wconf 74' lang='grc' dir='ltr'>Μάρκος</span> <span class='ocrx_word' id='word_1_796' title='bbox 3705 5451 3759 5486; x_wconf 90' lang='grc' dir='ltr'><strong>τε</strong></span> 
     </span>
    </p>
   </div>
   <div class='ocr_carea' id='block_1_109' title="bbox 540 5502 2101 5599">
    <p class='ocr_par' dir='ltr' id='par_1_109' title="bbox 540 5502 2093 5576">
     <span class='ocr_line' id='line_1_109' title="bbox 540 5502 2093 5576; baseline 0.003 -18"><span class='ocrx_word' id='word_1_797' title='bbox 540 5502 891 5573; x_wconf 83' lang='lat' dir='ltr'><strong>evangelista,</strong></span> <span class='ocrx_word' id='word_1_798' title='bbox 927 5513 1039 5569; x_wconf 85' lang='lat' dir='ltr'><strong>tum</strong></span> <span class='ocrx_word' id='word_1_799' title='bbox 1062 5506 1242 5561; x_wconf 77' lang='lat' dir='ltr'><strong>caeteri</strong></span> <span class='ocrx_word' id='word_1_800' title='bbox 1268 5514 1388 5575; x_wconf 90' lang='lat' dir='ltr'><strong>post</strong></span> <span class='ocrx_word' id='word_1_801' title='bbox 1421 5505 1569 5561; x_wconf 90' lang='lat' dir='ltr'><strong>illum</strong></span> <span class='ocrx_word' id='word_1_802' title='bbox 1596 5505 1709 5561; x_wconf 91' lang='lat' dir='ltr'><strong>suis</strong></span> <span class='ocrx_word' id='word_1_803' title='bbox 1742 5508 2093 5576; x_wconf 87' lang='lat' dir='ltr'><strong>temporibus,</strong></span> 
     </span>
    </p>
   </div>
   <div class='ocr_carea' id='block_1_110' title="bbox 2201 5502 3761 5599">
    <p class='ocr_par' dir='ltr' id='par_1_110' title="bbox 2202 5502 3761 5599">
     <span class='ocr_line' id='line_1_110' title="bbox 2202 5502 3761 5599; baseline 0.003 -28"><span class='ocrx_word' id='word_1_804' title='bbox 2202 5520 2232 5571; x_wconf 86' lang='lat'><strong>6</strong></span> <span class='ocrx_word' id='word_1_805' title='bbox 2279 5502 2995 5599; x_wconf 32' lang='grc' dir='ltr'>μακάριοςὴεύαγγελιστὴς,</span> <span class='ocrx_word' id='word_1_806' title='bbox 3038 5526 3129 5581; x_wconf 78' lang='grc' dir='ltr'><strong>καὶ</strong></span> <span class='ocrx_word' id='word_1_807' title='bbox 3169 5502 3343 5599; x_wconf 76' lang='grc' dir='ltr'>ἕτεροι</span> <span class='ocrx_word' id='word_1_808' title='bbox 3374 5527 3429 5580; x_wconf 74' lang='grc' dir='ltr'>δὲ</span> <span class='ocrx_word' id='word_1_809' title='bbox 3459 5502 3575 5596; x_wconf 78' lang='grc' dir='ltr'>μετ’</span> <span class='ocrx_word' id='word_1_810' title='bbox 3603 5523 3761 5579; x_wconf 81' lang='grc' dir='ltr'>αὐτὸν</span> 
     </span>
    </p>
   </div>
   <div class='ocr_carea' id='block_1_111' title="bbox 541 5594 2101 5691">
    <p class='ocr_par' dir='ltr' id='par_1_111' title="bbox 541 5594 2092 5670">
     <span class='ocr_line' id='line_1_111' title="bbox 541 5594 2092 5670; baseline 0.005 -21"><span class='ocrx_word' id='word_1_811' title='bbox 541 5594 736 5666; x_wconf 88' lang='lat' dir='ltr'><strong>partim</strong></span> <span class='ocrx_word' id='word_1_812' title='bbox 761 5595 851 5665; x_wconf 90' lang='lat' dir='ltr'><strong>qui</strong></span> <span class='ocrx_word' id='word_1_813' title='bbox 877 5610 943 5653; x_wconf 81' lang='lat' dir='ltr'><strong>ex</strong></span> <span class='ocrx_word' id='word_1_814' title='bbox 973 5595 1321 5657; x_wconf 63' lang='lat' dir='ltr'><strong>Hebrmorum</strong></span> <span class='ocrx_word' id='word_1_815' title='bbox 1346 5599 1566 5669; x_wconf 81' lang='lat' dir='ltr'><strong>regione</strong></span> <span class='ocrx_word' id='word_1_816' title='bbox 1591 5610 1875 5663; x_wconf 87' lang='lat' dir='ltr'><strong>venerunt,</strong></span> <span class='ocrx_word' id='word_1_817' title='bbox 1899 5601 2092 5670; x_wconf 90' lang='lat' dir='ltr'><strong>partim</strong></span> 
     </span>
    </p>
   </div>
   <div class='ocr_carea' id='block_1_112' title="bbox 2201 5594 3760 5691">
    <p class='ocr_par' dir='ltr' id='par_1_112' title="bbox 2202 5594 3760 5691">
     <span class='ocr_line' id='line_1_112' title="bbox 2202 5594 3760 5691; baseline 0.003 -27"><span class='ocrx_word' id='word_1_818' title='bbox 2202 5612 2343 5665; x_wconf 83' lang='grc' dir='ltr'>κατὰ</span> <span class='ocrx_word' id='word_1_819' title='bbox 2370 5614 2609 5683; x_wconf 89' lang='grc' dir='ltr'>καιρούς·</span> <span class='ocrx_word' id='word_1_820' title='bbox 2649 5616 2804 5671; x_wconf 87' lang='grc' dir='ltr'>τοῦτο</span> <span class='ocrx_word' id='word_1_821' title='bbox 2831 5594 3017 5689; x_wconf 27' lang='grc' dir='ltr'>μὲννὲκ</span> <span class='ocrx_word' id='word_1_822' title='bbox 3037 5619 3133 5689; x_wconf 86' lang='grc' dir='ltr'><strong>τῆς</strong></span> <span class='ocrx_word' id='word_1_823' title='bbox 3164 5594 3426 5691; x_wconf 85' lang='grc' dir='ltr'>Ἐϐραίων</span> <span class='ocrx_word' id='word_1_824' title='bbox 3455 5594 3760 5690; x_wconf 76' lang='grc' dir='ltr'>όρμώμενοι</span> 
     </span>
    </p>
   </div>
   <div class='ocr_carea' id='block_1_113' title="bbox 540 5686 2101 5777">
    <p class='ocr_par' dir='ltr' id='par_1_113' title="bbox 540 5686 2093 5763">
     <span class='ocr_line' id='line_1_113' title="bbox 540 5686 2093 5763; baseline 0.006 -19"><span class='ocrx_word' id='word_1_825' title='bbox 540 5702 609 5744; x_wconf 79' lang='lat' dir='ltr'><strong>es</strong></span> <span class='ocrx_word' id='word_1_826' title='bbox 647 5686 777 5758; x_wconf 84' lang='lat' dir='ltr'><strong>ipsis</strong></span> <span class='ocrx_word' id='word_1_827' title='bbox 816 5687 907 5757; x_wconf 90' lang='lat' dir='ltr'><strong>qui</strong></span> <span class='ocrx_word' id='word_1_828' title='bbox 953 5689 1333 5758; x_wconf 86' lang='lat' dir='ltr'><strong>crediderunt,</strong></span> <span class='ocrx_word' id='word_1_829' title='bbox 1368 5690 1534 5749; x_wconf 86' lang='lat' dir='ltr'><strong>duces</strong></span> <span class='ocrx_word' id='word_1_830' title='bbox 1581 5694 1992 5763; x_wconf 74' lang='lat' dir='ltr'><strong>mySteriorum,</strong></span> <span class='ocrx_word' id='word_1_831' title='bbox 2039 5708 2093 5753; x_wconf 89' lang='lat' dir='ltr'><strong>et</strong></span> 
     </span>
    </p>
   </div>
   <div class='ocr_carea' id='block_1_114' title="bbox 2201 5686 3759 5777">
    <p class='ocr_par' dir='ltr' id='par_1_114' title="bbox 2201 5700 3759 5777">
     <span class='ocr_line' id='line_1_114' title="bbox 2201 5700 3759 5777; baseline -0.004 -8"><span class='ocrx_word' id='word_1_832' title='bbox 2201 5700 2400 5774; x_wconf 81' lang='grc' dir='ltr'>χώρας,</span> <span class='ocrx_word' id='word_1_833' title='bbox 2450 5702 2605 5759; x_wconf 88' lang='grc' dir='ltr'>τοῦτο</span> <span class='ocrx_word' id='word_1_834' title='bbox 2642 5706 2700 5760; x_wconf 78' lang='grc' dir='ltr'>δὲ</span> <span class='ocrx_word' id='word_1_835' title='bbox 2742 5708 2837 5763; x_wconf 76' lang='grc' dir='ltr'><strong>καὶ</strong></span> <span class='ocrx_word' id='word_1_836' title='bbox 2877 5708 2937 5777; x_wconf 79' lang='grc' dir='ltr'><strong>ἐξ</strong></span> <span class='ocrx_word' id='word_1_837' title='bbox 2970 5710 3149 5767; x_wconf 86' lang='grc' dir='ltr'>αὐτῶν</span> <span class='ocrx_word' id='word_1_838' title='bbox 3185 5710 3294 5766; x_wconf 85' lang='grc' dir='ltr'>τῶν</span> <span class='ocrx_word' id='word_1_839' title='bbox 3323 5710 3759 5765; x_wconf 83' lang='grc' dir='ltr'>πεπιστευκότων</span> 
     </span>
    </p>
   </div>
   <div class='ocr_carea' id='block_1_115' title="bbox 610 5842 1230 5914">
    <p class='ocr_par' dir='ltr' id='par_1_115' title="bbox 610 5842 1230 5914">
     <span class='ocr_line' id='line_1_115' title="bbox 610 5842 1230 5914; baseline 0.002 -15"><span class='ocrx_word' id='word_1_840' title='bbox 610 5845 657 5876; x_wconf 79' lang='grc'><strong>’⁸</strong></span> <span class='ocrx_word' id='word_1_841' title='bbox 684 5842 825 5901; x_wconf 80' lang='lat' dir='ltr'><strong>Psal.</strong></span> <span class='ocrx_word' id='word_1_842' title='bbox 855 5859 1113 5914; x_wconf 79' lang='lat' dir='ltr'><strong>Lxxxvm,</strong></span> <span class='ocrx_word' id='word_1_843' title='bbox 1142 5845 1230 5900; x_wconf 77' lang='lat' dir='ltr'><strong>l3.</strong></span> 
     </span>
    </p>
   </div>
  </div>
