4152 6366
446 435 553 492 337

1585 443 1653 499 IN
1689 444 1921 501 lSAIAM
1960 446 2087 504 LIB.
2124 447 2188 502 11.
2228 448 2461 505 TOMUS
2499 448 2532 503 1.

3569 435 3686 505 358'

449 555 800 624 μυσταγωγοὶ
844 556 937 608 καὶ
966 555 1277 612 διδάσκαλοι
1308 560 1449 614 κατὰ
1477 565 1703 633 καιροὺς
1747 565 2017 619 άναδεδει-

2122 570 2368 624 doctores
2410 585 2473 624 ac
2517 570 2794 640 magistri,
2829 568 3156 639 temporibus
3188 568 3662 637 subsequentibus,

446 647 658 717 γμένοι.
685 648 819 701 Τίνα
858 648 922 719 δὴ
958 649 1158 719 τρόπον
1199 651 1474 705 καὶτοῦτο
1513 654 1891 726 κατώρθωται,
1941 655 2018 709 δι-

443 740 618 793 ειπεϊν
647 739 961 808 ἀναγκαῖον,
980 739 1071 793 τὸν
1094 740 1193 810 τῆς
1215 743 1459 813 ἱστορίας
1477 746 1907 817 κατευρύνοντας
1934 748 2021 801 λό-

444 849 559 901 γον.
593 832 729 904 Πρὶν
750 833 847 904 μὲν
866 833 974 905 γὰρ
994 835 1061 887 τὰ
1094 835 1374 905 Ῥωμαίων
1398 839 1537 892 κατὰ
1560 839 1775 893 πάντων
1804 840 2018 911 ἰσχῦσαι

444 925 644 995 κράτη,
676 923 859 997 χώρας
885 943 946 979 τε
976 928 1209 999 ἑκάστης
1235 928 1366 982 ίδιον
1399 930 1627 1002 ἐχούσης
1658 933 1749 986 τὸν
1776 933 2018 1004 ἡγούμε-

444 1033 557 1080 νον,
604 1017 725 1086 ἦτοι
755 1016 1127 1087 βασιλεύοντα,
1162 1019 1328 1091 πολλή
1373 1037 1457 1083 τις
1493 1017 1562 1093 ἦν
1594 1023 1703 1087 τοῖς
1740 1021 1951 1076 ἔθνεσιν
1980 1026 2014 1095 ἡ

444 1109 696 1178 διαφορά·
736 1109 894 1164 τοῦτο
919 1110 1016 1181 μὲν
1034 1112 1115 1164 ὅτι
1135 1113 1229 1165 καὶ
1260 1112 1321 1165 τὸ
1341 1112 1439 1183 τῆς
1470 1111 1764 1184 θρησκείας
1786 1115 2018 1184 ἑτεροῖον

444 1197 799 1253 άνακαίεσθαι
831 1199 1032 1270 μεταξὺ
1058 1200 1157 1271 τὴν
1177 1200 1377 1273 ἔχθραν
1396 1203 1650 1266 ἐποιεῖτο,
1675 1203 1834 1258 τοῦτο
1856 1205 1913 1258 δὲ
1937 1205 2017 1259 ὅτι

443 1289 867 1362 ηταληῖζεσθαι
894 1294 1008 1357 τοῖς
1031 1291 1303 1346 ἐθέλουσιν
1332 1292 1459 1365 ἐξῆν
1483 1294 1572 1348 τὸν
1591 1296 1655 1348 ἐκ
1671 1296 1769 1366 τῆς
1795 1297 2013 1368 ἐτέρας,

441 1383 801 1455 ἐπιτιμῶντος
855 1384 1086 1448 οὐδενός.
1123 1380 1232 1439 ’Ἦν
1277 1380 1370 1439 οὖν
1413 1385 1607 1455 ἀμιξία
1651 1387 1787 1459 πρὸς
1814 1388 2017 1459 ἄλληλα

442 1476 668 1549 πλείστη
695 1476 835 1540 τέως
856 1478 970 1539 τοῖς
994 1476 1191 1540 ἔθνεσι,
1216 1479 1309 1531 καί
1330 1478 1391 1530 τὸ
1414 1477 1613 1531 ἁλῶναί
1640 1496 1749 1532 τισι
1777 1480 1875 1549 τῆς
1897 1480 2012 1534 ἐτέ-

444 1545 571 1635 ρωνκ
590 1545 772 1636 χώρας
812 1565 945 1619 εῐσω
983 1566 1262 1636 γεγονόσιν
1288 1568 1389 1620 οὐκ
1421 1567 1673 1638 ἀζήμιον.
1709 1545 1926 1641 Ἐπειδὴ
1958 1569 2015 1623 δὲ

444 1658 632 1727 ἴσχυσε
678 1658 820 1711 κατὰ
860 1659 1076 1711 πάντων
1102 1660 1135 1728 ἡ
1165 1658 1451 1729 Ῥωμαίων
1482 1660 1645 1731 ἁρχὴ,
1673 1661 1767 1713 καὶ
1800 1661 1888 1730 ὑφ’
1918 1660 2016 1715 ἕνα

440 1750 700 1818 γεγόνασι
726 1750 817 1804 τὸν
845 1750 1170 1821 ἡγούμενον,
1195 1751 1380 1821 νόμοις
1398 1753 1511 1815 τοῖς
1535 1752 1665 1821 παρ’
1688 1753 1867 1807 αὐτῶν
1894 1754 2013 1807 δια⁸

444 1841 595 1893 ὄιοῦν
624 1841 995 1912 ἐδιδάχθησαν,
1021 1841 1290 1912 ἐπιμιξίαι
1333 1859 1391 1894 τε
1438 1841 1620 1897 λοιπὸν
1659 1845 1717 1897 αἰ
1760 1845 1896 1916 πρὸς
1924 1844 2016 1899 ἄλ-

441 1934 578 2004 ληλα
602 1935 708 1987 τῶν
738 1908 909 1989 ἐθννιῖιν
939 1908 1224 2003 γεγόνασιν
1253 1936 1448 2003 ἀδεεῖς,
1483 1936 1577 1990 καὶ
1611 1937 1776 2009 πολλὴ
1806 1908 2012 2012 κεκρά·
2045 1908 2088 1965 Β

442 2045 609 2097 τηκεν
634 2029 927 2099 ἡμερότηςο
959 2029 1077 2081 τότε
1107 2029 1192 2100 δὴ,
1221 2030 1337 2083 τότε
1364 2031 1478 2094 τοῖς
1511 2030 2015 2102 εύαγγελιζομένοις

440 2123 534 2175 τὸν
567 2120 771 2191 Ἰησοῦν
793 2123 985 2191 γέγονε
1010 2123 1196 2190 δίοδος,
1222 2125 1337 2195 ἦτοι
1357 2125 1493 2187 ὁδὸς,
1518 2123 1611 2178 τοῦ
1639 2127 1732 2178 καί
1769 2126 1827 2178 ἐν
1852 2125 2016 2194 Αἰγύ-

445 2230 565 2285 πτῳ
599 2213 857 2269 δύνασθαι
896 2215 1199 2285 παρελθεῖν.
1245 2210 1400 2269 Εἷλεν
1438 2216 1496 2268 δὲ
1532 2216 1650 2270 τίνα
1688 2217 1886 2287 τρόπον
1918 2219 2016 2290 τὴν

440 2307 758 2376 Αἰγυπτίων
794 2310 822 2362 ό
863 2306 1169 2377 Αὔγουστος
1195 2310 1429 2379 Καῖσαρ,
1465 2309 1494 2360 ό
1531 2310 1865 2380 προφητικὸς
1886 2311 2017 2382 ἡμῖν

442 2399 785 2471 διερμηνεύει
806 2400 981 2469 λόγος.
1019 2401 1076 2454 '0
1108 2400 1206 2471 μὲν
1224 2400 1332 2471 γάρ
1361 2401 1457 2471 τῆς
1481 2401 1755 2469 Αἰγύπτου
1778 2404 2017 2474 ποταμὸς

446 2489 610 2560 εὐρύς
636 2507 697 2542 τε
740 2491 835 2544 καὶ
864 2491 1049 2555 πολὺς,
1091 2492 1185 2545 καὶ
1222 2493 1567 2564 πλημμυρῶν
1605 2495 1745 2549 κατὰ
1770 2497 2013 2569 καιροὺς,

444 2579 513 2633 δι’
541 2581 681 2634 ἑπτὰ
714 2583 996 2650 στομάτων
1022 2583 1259 2654 ἔρχεται,
1303 2585 1391 2638 ἁλὶ
1428 2589 1495 2656 τῇ
1535 2587 1734 2654 γείτονι
1774 2587 1836 2641 τὸ
1871 2589 2017 2660 νᾶμα

445 2672 801 2744 δωρούμενος⁸
862 2675 1099 2743 γεγονώς
1157 2694 1219 2745 γε
1256 2676 1361 2747 μὴν
1397 2680 1455 2731 ἐν
1505 2681 1617 2742 τοῖς
1670 2682 1858 2751 μέρεσι
1908 2680 2017 2735 τῶν

447 2764 632 2818 ἑλείων
665 2766 892 2838 ἀνδρῶν,
920 2767 1115 2837 λίμνας
1134 2769 1386 2821 ἀποτελεῖ
1413 2771 1627 2840 μακρὰς
1659 2773 1755 2825 καὶ
1777 2773 2013 2842 εὐρείας,

447 2856 543 2910 καὶ
569 2855 787 2909 ἃπασαν
811 2857 987 2911 αὐτῶν
1008 2856 1285 2923 ἐπικλύζει
1307 2858 1402 2929 τὴν
1422 2859 1545 2930 γῆν,
1584 2858 1725 2914 ὥστε
1761 2863 1855 2915 καὶ
1891 2880 2017 2917 ναυο

449 2948 670 3019 σίπορον
712 2943 849 3001 εἶναι
887 2948 987 3019 τὴν
1020 2947 1343 3020 πυροφόρον.
1383 2949 1471 3013 Ὠς
1514 2945 1605 3003 οὖν
1650 2951 1679 3003 ὁ
1708 2950 2016 3019 Αὔγουστος

447 3041 667 3110 Καῖσαρ
693 3040 793 3110 τῆς
832 3039 1090 3100 ἰουδαίας
1130 3037 1486 3110 κεκρατηκὼς
1512 3035 1644 3111 ἧκεν
1676 3042 1757 3101 εἰς
1788 3042 1887 3111 τὴν
1918 3043 2014 3095 Αί-

446 3130 710 3196 γυπτίων,
742 3129 905 3199 ᾤοντο
934 3130 1031 3199 μὲν
1058 3131 1106 3182 οἰ
1135 3128 1335 3198 ταύτης
1373 3131 1672 3202 οἰκήτορες,
1712 3132 1793 3184 ὅτι
1837 3131 1938 3185 κᾶν
1967 3134 2014 3186 εἰ

2120 657 2507 716 eﬂlciebantur.
2532 661 2648 729 Quo
2669 671 2843 716 autem
2868 663 3024 718 modo
3052 661 3154 717 hoc
3176 659 3469 730 perlectum
3493 659 3672 723 fuerit,

2119 749 2399 806 historiam
2433 754 2721 823 aperiendo
2739 753 3019 809 dicendum
3045 762 3148 808 est.
3167 750 3321 808 Prius
3344 755 3486 807 enim
3514 767 3673 821 quam

2121 841 2345 898 Romani
2402 845 2687 915 imperium
2740 845 2793 900 in
2841 859 3027 899 omnes
3065 845 3401 909 obtinerent,
3449 844 3675 913 singulis

2118 934 2426 1003 regionibus
2462 949 2616 990 suum
2652 937 2841 990 ducem
2871 950 2933 989 ac
2962 949 3143 1006 regem
3175 934 3516 994 habentibus,
3560 951 3674 987 ma-

2118 1041 2220 1095 gna
2257 1034 2373 1079 erat
2420 1026 2557 1081 inter
2581 1038 2767 1097 gentes
2799 1028 3064 1083 dissensio
3097 1046 3111 1083 :
3150 1037 3260 1082 tum
3296 1026 3437 1096 quod
3469 1027 3675 1096 praedas

2117 1130 2277 1186 agere
2318 1116 2503 1171 liceret
2537 1116 2731 1187 quibus
2769 1117 3008 1182 lubebat,
3034 1126 3088 1173 et
3118 1117 3254 1173 alios
3283 1118 3499 1171 aliunde
3530 1117 3675 1170 nullo

2118 1206 2545 1275 reprehendente
2581 1207 2836 1276 diripere.
2888 1206 3017 1263 Erat
3060 1209 3241 1277 itaque
3279 1210 3510 1261 maxima
3546 1220 3676 1276 gen-

2117 1295 2245 1349 tium
2283 1296 2425 1351 inter
2458 1311 2517 1352 se
2554 1297 2838 1365 disiunctio
2875 1308 2930 1354 et
2965 1299 3291 1361 dissociatio,
3322 1314 3419 1354 uec
3459 1300 3675 1368 impune

2116 1389 2469 1457 capiebantur
2532 1389 2673 1443 intra
2740 1390 2968 1444 aliorum
3029 1393 3301 1459 regionem
3372 1390 3671 1445 constituti.

2115 1479 2314 1534 Verum
2343 1494 2463 1534 cum
2506 1479 2560 1535 in
2583 1496 2772 1536 omnes
2806 1481 3168 1536 Romanorum
3202 1483 3483 1551 imperium
3518 1482 3672 1536 inva-

2115 1571 2322 1638 luisset,
2359 1582 2414 1627 et
2441 1573 2594 1627 unius
2628 1573 2855 1643 imperio
2894 1575 3091 1629 subditi
3124 1576 3189 1628 ad
3234 1574 3408 1647 legum
3433 1590 3568 1643 quas
3597 1575 3672 1630 illi

2116 1664 2354 1720 tulerunt
2386 1681 2629 1721 normam
2661 1668 2841 1720 vivere
2876 1667 3016 1721 docti
3059 1676 3274 1733 essent,
3316 1669 3674 1724 commercia-

2114 1772 2219 1828 que
2262 1773 2326 1812 ac
2375 1759 2661 1813 societates
2705 1758 2942 1828 gentium
2981 1759 3231 1829 deinceps
3282 1759 3418 1815 citra
3468 1769 3668 1815 metum

2114 1848 2255 1904 ultro
2292 1850 2535 1918 citroque
2583 1850 2930 1917 haberentur,
2963 1859 3016 1905 et
3058 1866 3267 1906 summa
3317 1854 3671 1909 mansuetudo

2114 1950 2170 1995 et
2208 1941 2488 1995 clementia
2522 1942 2725 2012 vigeret
2754 1960 2766 1995 :
2800 1952 2924 1996 tunc
2954 1942 3189 2011 quidem,
3226 1951 3354 1997 tunc
3397 1943 3672 2014 evangeli-

2114 2035 2363 2088 zantibus
2390 2032 2573 2088 Jesum
2607 2034 2884 2099 transitus,
2916 2047 3006 2088 seu
3042 2033 3127 2087 via
3167 2033 3435 2102 patefacta
3466 2043 3571 2099 est,
3615 2045 3672 2090 ut

2112 2125 2271 2180 etiam
2296 2124 2583 2196 Egyptum
2611 2126 2937 2194 pertransire
2968 2125 3259 2194 potuerint.
3278 2124 3556 2192 Quomodo
3579 2142 3671 2179 au-

2117 2226 2221 2270 tem
2238 2217 2439 2286 ceperit
2458 2216 2824 2287 Egyptiacam
2849 2215 3013 2286 209
3041 2225 3233 2271 terram
3255 2218 3522 2286 Augustus
3554 2216 3669 2270 Cm-

2114 2322 2221 2371 sar,
2258 2308 2567 2376 prophetica
2610 2308 2762 2360 nobis
2802 2308 3185 2374 interpretatur
3223 2308 3413 2361 oratio.
3456 2306 3671 2361 Fluvius

2114 2401 2255 2455 enim
2279 2398 2514 2468 Egypti,
2538 2408 2590 2452 et
2610 2399 2744 2451 latus
2766 2408 2818 2451 et
2848 2411 3092 2465 magnus,
3118 2398 3385 2465 certisque
3406 2400 3663 2464 tempori-

2115 2489 2214 2543 bus
2236 2489 2519 2553 inundans,
2552 2504 2642 2557 per
2671 2497 2870 2553 septem
2896 2489 3031 2541 ostia
3059 2503 3262 2548 means,
3290 2490 3337 2541 in
3367 2502 3514 2541 mare
3540 2489 3671 2542 vici-

2116 2599 2240 2638 num
2264 2580 2465 2647 inﬂuit;
2491 2591 2857 2636 verumtamen
2882 2596 3002 2635 cum
3022 2582 3072 2634 in
3092 2582 3330 2649 partibus
3355 2580 3667 2651 palustrium

2118 2675 2389 2729 hominum
2421 2673 2654 2741 exsistit,
2687 2672 2908 2741 paludes
2944 2672 3129 2743 longas
3158 2681 3211 2726 et
3247 2674 3379 2728 latus
3405 2671 3585 2737 eﬂicil,
3619 2681 3667 2726 et

2115 2775 2361 2821 cunctam
2408 2780 2591 2821 eorum
2639 2775 2837 2821 terram
2886 2765 3137 2832 inundat,
3188 2766 3258 2819 ita
3308 2775 3365 2819 ut
3396 2780 3514 2835 quae
3557 2764 3667 2844 fru-

2116 2861 2281 2912 ruenti
2315 2857 2504 2912 fertilis
2528 2867 2667 2923 erat,
2702 2856 2792 2911 ﬁat
2822 2857 3157 2925 navigabilis.
3190 2855 3479 2925 Postquam
3511 2859 3666 2927 igitur

2113 2948 2385 3018 Augustus
2413 2947 2938 3015 CmsarJudmorum
2977 2949 3185 3003 devicta
3217 2958 3380 3014 terra,
3410 2948 3461 3001 in
3503 2948 3664 3015 regio-

2114 3055 2235 3095 nem
2270 3040 2649 3110 !Egyptiorum
2690 3040 2962 3106 venisset,
3002 3039 3387 3094 existimabant
3424 3040 3539 3110 ejus
3588 3040 3667 3093 in-

2114 3132 2269 3198 colae,
2294 3133 2457 3186 etiam
2492 3133 2621 3201 ipsis
2644 3132 3067 3203 quiescentibus,
3093 3143 3147 3187 et
3178 3147 3208 3185 a
3235 3132 3373 3187 bello
3400 3133 3669 3202 armisque

446 3219 649 3273 Ξλοιντο
709 3221 1065 3290 κατηρεμεϊν,
1116 3219 1450 3290 ἀποσχέσθαι
1504 3236 1564 3275 τε
1624 3222 1862 3294 πολέμου
1922 3225 2015 3278 καὶ

2118 3225 2219 3278 sibi
2253 3223 2698 3293 temperantibus,
2732 3239 2838 3278 non
2866 3238 3021 3293 posse
3053 3225 3323 3293 regionem
3352 3224 3421 3279 ab
3442 3238 3506 3279 eo
3529 3224 3668 3294 capi,

447 3311 645 3376 ὅπλων,
678 3310 915 3381 ἄληπτον
959 3312 1150 3381 ἐκείνῳ
1176 3312 1276 3382 τὴν
1312 3311 1495 3385 χώραν
1530 3315 1819 3384 ἐργάσεται
1848 3316 1907 3368 τὸ
1935 3315 2016 3369 δι·-

450 3400 683 3465 εζῶσθαι
705 3402 921 3471 λίμναις
946 3419 1005 3454 τε
1039 3405 1133 3456 καί¹
1156 3405 1434 3472 ποταμοῖς.
1473 3404 1693 3475 Ἐπειδὴ
1710 3405 1767 3458 δὲ
1803 3404 1881 3476 τῷ
1908 3405 2017 3460 τῶν

444 3494 585 3548 ὅλων
618 3492 906 3565 κρατοῦντι
939 3492 1058 3563 Θεῷ
1096 3496 1208 3557 τοῖς
1245 3493 1529 3564 Ῥωμαίων
1567 3495 1863 3566 σκήπτροις
1889 3496 2019 3549 ὑπο-

449 3586 632 3654 φέρειν
666 3584 838 3637 ὲδόκει
872 3586 966 3637 καὶ
997 3584 1166 3656 αὐτὴν
1206 3585 1345 3655 μετὰ
1379 3586 1486 3639 τῶν
1512 3587 1684 3641 ἄλλων
1716 3589 1817 3658 τὴν
1849 3587 2016 3656 Αἰγυ-

451 3677 643 3745 πτίων,
682 3676 867 3747 ἀνέμῳ
897 3676 1035 3747 νότῳ
1065 3675 1352 3748 βιαιοτάτῳ
1384 3677 1445 3730 τὸ
1471 3676 1566 3730 τοῦ
1595 3677 1839 3749 ποταμοῦ
1886 3696 2016 3733 κατ-

449 3772 671 3841 ωθήσας
711 3769 855 3841 ὓδωρ
909 3770 1002 3824 ἐπὶ
1043 3769 1143 3840 τὴν
1180 3769 1452 3824 θάλασσαν
1475 3810 1490 3836 ,
1529 3769 1759 3841 βάσιμον
1797 3771 2014 3825 ἆπασαν

452 3864 627 3917 ἐτίθει
704 3863 803 3934 τὴν
879 3861 1101 3933 χώραν,
1179 3861 1318 3915 ὥστε
1385 3862 1511 3924 τοὺς
1569 3862 2015 3935 διαπεραιοῦσθαι

450 3955 701 4018 θέλοντας
752 3954 946 4024 λίμνας
1008 3969 1065 4005 τε
1109 3953 1203 4005 καὶ
1244 3950 1413 4015 αὑτὰς
1460 3951 1517 4004 δὲ
1558 3952 1657 4016 τὰς
1703 3954 2013 4024 φάραγγας,

448 4048 568 4117 ἦτοι
586 4047 654 4101 τὰ
667 4046 805 4100 ἑπτὰ
834 4046 1074 4114 στόματα
1094 4043 1187 4096 τοῦ
1218 4043 1480 4113 ποταμοῦ,
1506 4044 1649 4113 μηδ’,
1669 4045 1792 4098 ὅσον
1818 4047 2014 4109 εἰπεῖν,

448 4137 719 4192 ἀπολῦσαι
742 4136 837 4189 τοῦ
860 4136 1017 4200 ποδὸς
1040 4135 1100 4188 τὸ
1125 4136 1396 4205 ὑπόδημα.
1417 4133 1891 4198 Καταλειαίνοντος
1912 4135 2017 4188 τοί-

449 4249 546 4284 νυν
574 4229 669 4284 τοῦ
705 4228 839 4283 Θεοῦ
868 4230 968 4295 τὴν
1000 4228 1230 4300 πάροδον
1248 4230 1316 4298 τῇ
1345 4226 1630 4298 Ῥωμαίων
1667 4227 1912 4298 στρατιᾷ,
1931 4245 2017 4280 νε-

449 4322 699 4391 νίκηνται
722 4320 789 4373 τὰ
808 4318 1137 4397 Αἰγυπτίων.
1157 4317 1326 4372 Τοῦτο
1343 4316 1501 4372 πάλιν
1517 4318 1661 4388 ἡμᾶς
1681 4319 1708 4369 ὁ
1734 4318 2015 4389 προφήτης

449 4412 687 4467 διδάσκει
734 4411 940 4480 λέγων·
986 4430 1005 4463 ι
1034 4410 1174 4464 Τάδε
1207 4410 1355 4478 λέγει
1395 4408 1599 4479 Κύριος
1635 4408 1880 4472 Σαϐαὼθ,
1921 4411 2016 4464 καὶ

452 4505 659 4560 πίονται
683 4505 733 4558 οἰ
754 4504 1039 4573 Αἰγύπτιοι
1060 4502 1201 4574 ὓδωρ
1218 4502 1278 4556 τὸ
1299 4502 1449 4573 παρὰ
1472 4501 1764 4555 θάλασσαν·
1792 4503 1820 4555 ὁ
1846 4501 1902 4554 δέ
1926 4518 2017 4555 πο-

2116 3315 2258 3385 quod
2316 3315 2539 3371 lacubus
2594 3326 2650 3371 et
2692 3313 2854 3370 ﬂuvio
2899 3315 3225 3386 cingeretur.
3277 3316 3345 3369 At
3390 3326 3668 3386 postquam

2116 3407 2481 3462 universitatis
2527 3407 2853 3462 dominatori
2896 3406 3007 3461 Deo
3037 3406 3238 3475 placuit
3266 3420 3368 3460 una
3403 3422 3523 3461 cum
3552 3406 3668 3461 aliis

2114 3500 2275 3550 etiam
2326 3496 2510 3561 hanc,
2561 3495 2934 3565 Egyptiorum
2992 3496 3250 3564 inquam,
3306 3495 3668 3551 Romanorum

2114 3588 2347 3657 sceptris
2369 3587 2709 3651 submittere,
2736 3596 2894 3642 vento
2924 3584 3061 3641 Noto
3090 3588 3499 3651 violentissimo,
3526 3586 3669 3641 ﬂuvii

2115 3679 2251 3734 unda
2290 3680 2339 3733 in
2377 3693 2525 3733 ruare
2560 3677 2799 3749 depulsa,
2838 3678 3048 3748 planam
3102 3686 3267 3731 totam
3319 3678 3589 3743 regionem
3620 3684 3670 3730 et

2114 3768 2395 3823 meabilem
2438 3768 2587 3833 fecit,
2615 3776 2675 3821 ut
2703 3768 2792 3837 qui
2827 3767 2976 3822 lacus
3006 3775 3062 3822 et
3089 3767 3275 3831 valles,
3308 3766 3421 3821 sive
3464 3777 3670 3834 septem

2112 3857 2257 3913 ﬂuvii
2301 3872 2396 3913 ora
2437 3859 2683 3925 trajicere
2733 3855 2957 3919 vellent,
3004 3870 3073 3910 ne
3122 3856 3272 3923 pedis
3327 3853 3443 3918 sui,
3493 3861 3553 3907 ut
3597 3851 3672 3907 sic

2112 3949 2386 4015 dixerim,
2433 3948 2673 4002 calceum
2736 3947 3024 4003 solverent.
3071 3945 3458 4016 Complanante
3511 3943 3671 4015 igitur

2116 4042 2244 4107 Deo,
2278 4049 2333 4094 et
2366 4040 2642 4109 aperiente
2674 4040 2959 4093 transitum
2990 4037 3353 4093 Romanorum
3384 4035 3671 4102 exercitui,

2115 4132 2300 4187 fracta:
2328 4141 2456 4187 sunt
2479 4131 2622 4187 vires
2642 4129 3043 4201 Egyptiorum.
3068 4128 3182 4183 Hoc
3207 4142 3392 4182 rursus
3414 4125 3671 4196 propheta

2115 4224 2230 4294 ipse
2282 4238 2380 4277 nos
2430 4222 2617 4286 docet,
2666 4221 2960 4290 inquiens:
2996 4237 3016 4272 ι
3066 4217 3191 4273 Haec
3237 4217 3369 4273 dicit
3416 4216 3674 4270 Dominus

2116 4316 2351 4371 Sabaoth
2380 4335 2395 4371 :
2424 4314 2491 4369 Et
2508 4315 2691 4370 bibent
2711 4313 2947 4385 Egyptii
2972 4327 3163 4382 aquam
3186 4326 3304 4381 quae
3324 4310 3474 4380 juxta
3502 4323 3671 4371 mare,

2114 4411 2311 4467 ﬂuvius
2365 4419 2544 4464 autem
2593 4408 2807 4464 deﬁciet
2855 4416 2911 4462 et
2961 4412 3277 4470 exarescet,
3326 4413 3380 4458 et
3422 4401 3674 4457 delicient

2115 4500 2283 4567 ﬂuvii,
2334 4506 2389 4554 et
2434 4499 2534 4553 rivi
2586 4498 2754 4563 ﬂuvii,
2783 4506 2836 4551 et
2879 4504 3161 4551 exarescet
3206 4492 3382 4549 omnis
3425 4489 3673 4545 collectio

450 4597 622 4668 ταμδς
648 4596 886 4665 ἐκλείψει
915 4596 1008 4649 καὶ
1038 4593 1450 4664 ξηρανθήσεταυ
1485 4594 1579 4647 καὶ
1607 4592 1945 4663 ἐκλείψουσιν
1965 4595 2012 4646 oi

2117 4607 2291 4662 aqua),
2325 4591 2487 4645 etiam
2532 4591 2584 4644 iu
2630 4589 2774 4643 omni
2815 4588 3001 4657 palude
3045 4585 3237 4640 calami
3282 4594 3336 4639 et
3373 4581 3582 4651 papyri,
3620 4589 3675 4634 et

454 4685 713 4756 ποταμοὶ,
744 4685 839 4738 καὶ
877 4684 933 4735 αἰ
964 4682 1227 4753 διώρυγες
1269 4681 1361 4735 τοῦ
1396 4680 1661 4752 ποταμοῦσ
1694 4681 1785 4734 καὶ
1824 4681 2016 4752 ξηραν-

452 4776 677 4848 θήσεται
725 4776 874 4829 πᾶσα
917 4773 1203 4845 συναγωγὴ
1233 4771 1443 4837 ὓδατος,
1482 4774 1576 4826 καὶ
1618 4774 1676 4826 ἐν
1714 4773 1876 4827 παντὶ
1903 4773 2015 4827 ἐλει

452 4869 698 4940 καλάμου
718 4869 811 4922 καὶ
825 4867 976 4922 παπύ
984 4884 1100 4940 pou,
1120 4866 1291 4921 καὶτὸ
1309 4865 1400 4936 ἄχι
1418 4866 1479 4919 τὸ
1499 4865 1706 4937 χλωρὸν
1727 4867 1833 4919 πᾶν
1852 4865 1912 4919 τὸ
1930 4865 2017 4919 κύ·

453 4960 566 5032 κλῳ
582 4958 677 5013 τοῦ
708 4960 974 5031 ποταμοῦ,
997 4961 1090 5013 καὶ
1110 4961 1217 5013 πᾶν
1241 4957 1302 5012 τὸ
1331 4957 1683 5028 σπειρόμενον
1705 4956 1793 5010 διὰ
1811 4956 1903 5011 τοῦ
1930 4974 2020 5011 πο-

452 5049 626 5121 ταμοῦ
658 5049 1052 5121 ξηρανθήσεται
1071 5051 1129 5103 ἐν
1146 5048 1528 5120 ἀνεμοφθορίᾳ.
1542 5065 1639 5099 »--
1655 5046 2019 5119 Ἐξερημὼσει

453 5144 650 5208 τοίνυν,
677 5145 833 5214 φησι,
861 5143 1063 5215 Κύριος
1099 5142 1198 5213 τὴν
1228 5142 1500 5195 θάλασσαν
1530 5140 1824 5211 Αἰγύπτου.
1859 5141 2018 5206 Ἐθος

454 5234 509 5287 δὲ
537 5237 602 5307 τῇ
644 5235 763 5306 θείᾳ.
802 5235 1013 5306 Γραφῇ,
1052 5234 1144 5287 καὶ
1172 5233 1341 5297 αὐτὰς
1366 5232 1465 5296 τὰς
1509 5231 1702 5304 λίμνας
1746 5232 2018 5297 θαλάσσας

455 5326 766 5381 ἀποκαλεῖν.
790 5327 898 5379 Καὶ
922 5326 1111 5390 ἐπάξει
1136 5324 1235 5396 τὴν
1256 5327 1413 5396 χεῖρα
1440 5324 1603 5379 αὐτοῦ
1631 5325 1724 5378 ἐπὶ
1742 5324 1831 5379 τὸν
1850 5342 2016 5379 ποτα-

458 5413 554 5482 μὸν
578 5414 848 5485 πνεύματι
866 5415 1041 5485 βιαίῳ.
1066 5415 1258 5486 Χειρὸς
1270 5415 1379 5485 γὰρ
1399 5414 1578 5485 ἔργον,
1598 5415 1715 5485 ἦτοι
1737 5414 2017 5485 δυνάμεως

455 5506 551 5574 τῆς
580 5506 747 5571 θείας,
771 5506 1019 5574 γενέσθαι
1052 5508 1230 5577 φαμὲν
1258 5506 1352 5561 τοῦ
1383 5506 1683 5577 βιαιοτάτου
1708 5506 2015 5577 πνεύματος

454 5595 551 5665 τὴν
580 5597 719 5649 κατὰ
755 5598 865 5650 τῶν
903 5597 1108 5652 ὑδάτων
1147 5598 1455 5669 ἐπαγωγήν.
1494 5596 1758 5662 Ἐπάταξε
1783 5597 1890 5669 γὰρ
1918 5598 2017 5664 τὰς

356 5714 361 5717 ~
456 5687 593 5739 ἑπτὰ
624 5688 929 5762 φάραγγας,
964 5689 1105 5742 τοῦτ’
1136 5689 1271 5757 ἔστι,
1304 5689 1371 5743 τὰ
1403 5689 1663 5760 στόματα,
1697 5690 1791 5744 καὶ
1814 5691 2016 5745 ἀποτε-

527 5846 568 5876 ⁷⁷
593 5846 693 5917 lsa.
727 5863 837 5911 xix,
862 5849 895 5903 5
919 5866 1068 5918 si‘qq.

2116 4685 2248 4739 Achi
2280 4683 2450 4737 viride
2488 4697 2649 4737 omne
2693 4682 2895 4736 circuru
2937 4678 3180 4742 ﬂuvium,
3229 4685 3284 4730 et
3324 4689 3483 4728 omne
3532 4675 3673 4742 quod

2114 4778 2410 4829 seminatur
2451 4774 2595 4829 circa
2638 4771 2859 4826 ﬂuvium
2893 4780 3101 4827 arescet
3127 4784 3155 4822 a
3194 4766 3336 4821 venti
3367 4765 3671 4833 corruptio-

2115 4880 2183 4921 ne
2203 4865 2268 4917 ⁷⁷.
2302 4884 2321 4918 ι
2348 4863 2596 4920 Vasrabit
2622 4864 2802 4930 igitur,
2833 4860 3026 4930 inquit,
3055 4857 3311 4912 Dominus
3334 4870 3482 4909 mare
3504 4852 3672 4925 Egy-

2114 4959 2215 5026 pti.
2238 4956 2391 5011 Solet
2418 4967 2594 5009 autem
2630 4952 2907 5022 Scriptura
2937 4950 3116 5004 divina
3148 4949 3292 5018 ipsas
3320 4947 3467 5001 lacus
3500 4948 3667 5001 maria

2117 5048 2402 5119 appellare.
2436 5047 2500 5102 Et
2525 5044 2829 5101 admovebit
2860 5059 3072 5097 manum
3099 5039 3281 5103 ﬂuvio,
3318 5038 3512 5107 spiritu
3550 5037 3670 5092 vio-

2114 5141 2280 5196 lento.
2328 5140 2518 5194 Manus
2566 5140 2706 5192 enim
2751 5146 2805 5191 et
2850 5134 3101 5205 potentias
3147 5130 3341 5187 divina:
3377 5144 3513 5199 opus
3550 5143 3672 5185 esse

2114 5235 2369 5296 dicimus,
2426 5228 2881 5285 vehementissimi
2923 5226 3145 5296 spiritus
3186 5223 3242 5279 in
3296 5236 3463 5291 aquas
3510 5221 3671 5275 indu-

2115 5327 2369 5382 ctionem.
2392 5321 2664 5378 Percussit
2688 5331 2864 5375 autem
2889 5330 3091 5386 septem
3121 5313 3411 5378 convalles,
3440 5313 3541 5368 hoc
3570 5323 3672 5374 est,

2114 5413 2301 5470 fauces
2324 5422 2372 5468 et
2409 5413 2563 5472 ostia,
2609 5412 2848 5479 adeoque
2878 5407 3191 5469 exsiccavit,
3230 5412 3289 5457 ut
3322 5404 3439 5456 illas
3476 5401 3675 5455 calceis

2117 5506 2528 5578 pertransireut.
2574 5501 2743 5569 Tunc,
2778 5502 2969 5571 inquit,
3006 5508 3133 5553 tunc
3174 5497 3279 5552 erit
3324 5496 3583 5550 transitus
3620 5493 3672 5546 in

2118 5596 2351 5668 IF-gypto
2378 5593 2635 5649 derelicto
2667 5590 2862 5662 populo
2895 5606 3037 5647 meo.
3070 5590 3136 5644 Et
3162 5588 3337 5659 qualis
3368 5587 3581 5642 tandem
3623 5594 3676 5637 et

2119 5691 2244 5762 quis
2275 5689 2397 5745 est?
2427 5687 2590 5757 210
2616 5685 2714 5753 Qui
2747 5686 2801 5740 in
2843 5682 3002 5740 Israel
3029 5681 3340 5746 credebant,
3380 5680 3445 5735 de
3480 5677 3676 5748 quibus
