4124 6372
428 414 538 474 339

1419 417 1476 474 S.
1518 417 1795 475 CYNLLI
1832 418 2297 475 ALEXANDRINI
2334 420 2652 476 ARCHIEP.

3575 414 3680 470 διο

432 546 487 588 et
518 532 781 604 pr0pheta
812 531 984 589 Isaias
1016 532 1149 589 dicit
1180 547 1195 587 :
1232 552 1249 584 ι
1291 531 1350 588 Si
1382 531 1544 590 fuerit
1583 550 1838 591 numerus
1872 535 2009 589 lilio-

2136 535 2329 589 τέλεκεν
2355 537 2496 589 οὕτω
2521 534 2713 608 ξηρὰς,
2742 536 2816 600 ὼς
2836 533 3248 607 διαπορεύεσθαι
3274 531 3439 595 αὐτὰς
3462 533 3520 585 ἐν
3552 529 3683 582 ὑπο-

444 642 562 683 rum
609 624 776 682 lsrael
808 626 956 682 velut
999 640 1163 683 arena
1208 626 1397 692 maris,
1432 626 1673 696 reliquiae
1716 627 2013 683 servabun-

435 728 523 773 tur
558 718 625 773 ".
679 736 700 771 ι
764 718 1025 776 Primitiae
1088 734 1217 775 vero
1264 720 1413 775 velut
1465 720 1808 791 reliquiarum
1870 720 2013 777 beati

439 816 599 863 erant
626 808 899 879 discipuli,
936 819 989 865 et
1030 811 1122 881 qui
1169 826 1291 867 cum
1343 811 1452 867 illis
1500 811 1738 879 fuerunt,
1784 826 2012 882 quorum

436 916 580 955 unus
607 910 728 957 erat
756 901 971 958 divinus
999 902 1233 961 Marcus.
1270 903 1388 960 Erit
1420 905 1609 972 etiam,
1640 906 1833 976 inquit,
1858 906 2013 975 quasi

445 990 585 1057 dies,
618 993 835 1062 quando
860 994 1065 1063 egressi
1097 1003 1225 1050 sunt
1255 1010 1322 1050 ex
1353 994 1608 1066 Egypto,
1636 995 1692 1051 id
1718 1005 1799 1053 est
1824 997 1913 1067 qui
1948 1012 2015 1051 ex

438 1085 706 1154 sanguine
730 1084 1028 1141 Israelitico
1049 1088 1176 1153 orti,
1204 1087 1447 1143 divinum
1469 1098 1523 1144 et
1545 1089 1766 1144 caeleste
1790 1089 2013 1144 verbum

439 1174 548 1231 illis
591 1174 684 1246 qui
737 1186 896 1232 erant
934 1176 990 1232 in
1029 1175 1263 1249 Egypto
1307 1180 1694 1249 praedicarunt,
1742 1180 2016 1249 impendio

441 1269 775 1339 gaudebunt,
799 1269 1255 1338 quemadmodum
1285 1285 1417 1327 sane
1444 1271 1535 1327 illo
1556 1272 1645 1327 die
1671 1273 1843 1341 gavisi
1864 1280 2012 1338 sunt,

441 1372 564 1413 cum
603 1373 634 1414 e
665 1367 808 1414 terra
845 1356 1067 1429 Egypti
1099 1359 1406 1414 exiverunt.
1451 1359 1665 1416 Rursus
1704 1361 1849 1416 enim
1881 1360 1955 1414 illi
1985 1375 2015 1414 e

442 1452 705 1509 servitute
728 1450 1053 1523 Egyptiaca
1082 1453 1252 1521 erepti
1286 1460 1431 1509 sunt.
1465 1451 1567 1520 Qui
1596 1463 1777 1508 autem
1807 1453 2017 1507 divino-

444 1562 563 1601 rum
592 1547 984 1616 praconiorum
1018 1546 1247 1601 ministri
1297 1545 1423 1601 facti
1472 1558 1619 1609 sunt,
1652 1555 1708 1601 et
1740 1545 2016 1615 evangeli-

445 1653 633 1693 corum
666 1638 1047 1693 vaticiniOrum
1088 1638 1342 1694 custodes
1378 1638 1489 1693 veri
1521 1653 1586 1693 ac
1623 1638 1867 1709 genuini,
1905 1653 2011 1692 non

450 1730 712 1785 servitute
740 1729 946 1785 carnali
987 1730 1293 1785 liberabant
1328 1726 1632 1801 Egyptios,
1670 1729 1764 1784 sed
1794 1742 1824 1782 e
1856 1743 2014 1783 manu

450 1818 652 1875 diaboli
685 1830 981 1886 extractos,
1012 1819 1211 1876 liberos
1242 1818 1615 1875 reddiderunt.
1658 1818 1724 1873 Et
1756 1818 2013 1873 interme-

451 1914 635 1969 diante
663 1914 878 1984 quidem
911 1911 1313 1983 sapientissimo
1344 1911 1513 1979 Moss,
1556 1911 1749 1967 ﬂuvius
1789 1913 1843 1966 in
1891 1928 2019 1967 san-

452 2008 671 2079 guinem
715 2021 1010 2062 conversus
1034 2016 1118 2062 est
1148 2022 1165 2062 :
1196 2020 1342 2061 nunc
1370 2018 1500 2061 vero
1536 2005 1676 2059 facta
1716 2003 1823 2060 illis
1850 2011 1935 2059 est
1969 2004 2021 2058 in

452 2096 672 2152 Christo
696 2111 835 2166 aqua
860 2095 1162 2151 salutifera.
1190 2096 1482 2151 Servamur
1510 2094 1654 2150 enim
1682 2109 1779 2164 per
1803 2109 2021 2151 sacrum

454 2188 743 2259 baptisma.
788 2186 1045 2244 Suﬂ’ocati
1080 2199 1191 2243 tum
1232 2188 1451 2242 fuerunt
1480 2187 1558 2243 illi
1601 2187 1694 2257 qui
1727 2203 1875 2243 mare
1906 2186 2023 2241 Ru-

455 2280 613 2336 brum
639 2280 932 2344 intrarunt,
954 2287 1337 2350 persequentes
1358 2277 1611 2334 lsraelem
1639 2296 1653 2333 :
1677 2287 1737 2334 at
1762 2295 1792 2334 a
1820 2281 2025 2334 sanctis

456 2371 716 2443 apostolis
745 2372 919 2427 edocti
960 2380 1106 2438 sunt,
1138 2387 1202 2426 ex
1237 2371 1398 2442 hujus
1433 2372 1558 2427 vitae
1588 2372 1746 2427 undis
1782 2380 2024 2434 enatare,

459 2476 515 2522 et
545 2480 612 2522 ex
646 2466 937 2521 mundanis
967 2463 1219 2520 ﬂuctibus
1250 2464 1476 2520 eluctari
1511 2465 1744 2520 fortiter.
1785 2463 2029 2519 Incubuit

462 2557 570 2614 illis
603 2558 807 2628 grando
850 2558 1144 2613 vehemens
1178 2566 1234 2611 et
1271 2556 1609 2612 validissima
1640 2574 1654 2611 :
1684 2566 1739 2611 at
1770 2556 1859 2611 ubi
1910 2572 2026 2626 my-

465 2647 607 2702 stico
640 2661 894 2703 sermone
922 2646 1343 2717 dispensationis
1375 2647 1431 2701 in
1463 2661 1628 2703 carne
1658 2647 1854 2701 initiati
1883 2656 2027 2711 sunt,

460 2735 641 2807 pluvia
669 2736 847 2789 divina
876 2735 929 2790 in
957 2744 1192 2791 mentem
1232 2749 1418 2791 eorum
1460 2736 1692 2791 demissa
1729 2735 2031 2791 fructuosos

462 2827 717 2883 reddidit.
751 2826 1038 2883 Profunda:
1071 2835 1127 2884 et
1157 2828 1320 2884 trium
1352 2828 1561 2884 dierum
1598 2830 1773 2898 spatio
1801 2830 2032 2885 inductas

465 2930 596 2975 sunt
623 2922 859 2977 tenebrae
889 2940 903 2977 :
937 2922 1035 2977 sed
1074 2923 1129 2977 in
1168 2922 1287 2976 luce
1322 2924 1520 2977 versati
1559 2934 1706 2979 sunt.
1751 2924 2033 2979 Luxerunt

466 3011 799 3083 primogenia
836 3014 981 3087 :sed
1024 3027 1121 3069 cos
1150 3012 1387 3068 servavit
1428 3028 1492 3068 ex
1537 3024 1710 3069 morte
1755 3023 1810 3069 et
1846 3030 2034 3070 corru-

463 3105 651 3176 ptione
679 3105 1074 3177 Primogenitus
1129 3120 1195 3161 ex
1235 3105 1488 3172 mortuis,
1532 3105 1583 3161 id
1622 3116 1731 3174 est,
1765 3106 2027 3162 Christus.

2113 625 2332 696 δήμασι.
2353 626 2487 678 Τότε
2503 625 2588 697 δὴ,
2605 625 2750 690 τότε,
2780 625 2964 695 φησὶν,
2984 624 3134 677 ἐσται
3159 622 3325 686 δίοδος
3350 624 3407 675 ἐν
3423 618 3685 688 Αἰγύπτῳ

2114 716 2190 788 τῷ
2212 717 2620 785 καταλειφθέντι
2653 734 2755 788 μου
2777 715 2910 787 λαῷ.
2940 716 3048 770 Καὶ
3064 717 3212 778 ποῖος
3236 705 3389 777 οὗτος
3410 708 3515 783 ἦν;
3542 712 3604 764 Oi.
3628 711 3689 777 ἐξ

2114 808 2332 880 Ἰσραὴλ
2398 809 2806 876 πιστεύσαντες,
2857 808 2989 880 περὶ
3043 800 3117 862 ὧν
3174 806 3267 859 καὶ
3321 807 3350 858 6
3399 804 3687 875 προφήτης

2127 903 2370 966 Ἡσαΐας·
2428 922 2447 953 s
2499 902 2623 955 Ἐὰν
2756 903 2786 955 ό
2828 901 3057 973 ἀριθμὸς
3102 900 3213 953 τῶν
3279 898 3411 952 υίῶν
3473 896 3688 968 Ἰσραὴλ

2115 995 2191 1058 ὡς
2232 996 2268 1065 ἡ
2314 994 2496 1065 ἄμμος
2520 995 2619 1065 τῆς
2646 994 2941 1065 θαλάσσης,
2970 993 3034 1047 τὸ
3065 992 3412 1063 κατάλειμμα
3445 991 3686 1063 σωθήσε-

2113 1102 2225 1140 ται.
2254 1103 2277 1137 s
2326 1085 2569 1157 Ἀπαρχὴ
2601 1084 2659 1138 δὲ
2686 1086 2875 1156 ὥσπερ
2906 1083 3000 1138 τοῦ
3032 1083 3468 1154 καταλείμματος
3499 1083 3549 1134 οἱ
3585 1099 3688 1152 μα-

2116 1178 2297 1249 κάριοι
2346 1178 2583 1249 μαθηταὶ
2609 1178 2702 1232 καὶ
2722 1180 2772 1231 oi
2801 1180 2897 1232 σὺν
2922 1178 3124 1243 αὐτοῖς,
3150 1172 3224 1231 ὧν
3263 1171 3343 1239 εἷς
3374 1175 3564 1245 γέγονε
3593 1173 3688 1228 καὶ

2114 1272 2144 1325 ό
2169 1269 2455 1334 θεσπέσιος
2487 1270 2732 1341 Μάρκος.
2779 1270 2940 1323 Ἀλλὰ
2980 1270 3075 1323 καὶ
3108 1268 3284 1333 ἐσται,
3321 1268 3504 1339 φησὶν,
3546 1267 3622 1329 ὡς
3654 1266 3689 1336 ἡ

2115 1362 2319 1434 ἡμέρα,
2352 1363 2441 1415 ὅτε
2471 1361 2693 1432 ἐξῆλθον
2725 1363 2790 1414 ἐκ
2819 1362 2920 1430 γῆς
2947 1359 3243 1429 Αἰγύπτου·
3274 1357 3417 1411 τοῦτ’
3447 1356 3610 1416 ἐστιν,
3640 1355 3692 1407 ot

2115 1454 2175 1519 ἐξ
2204 1453 2432 1525 αἵματος
2459 1452 2694 1525 Ἰσραὴλ,
2726 1452 2817 1506 τὸν
2847 1452 2989 1506 θεῖόν
3029 1468 3090 1505 τε
3129 1450 3224 1506 καὶ
3249 1449 3502 1521 οὐράνιον
3534 1446 3693 1515 λόγον

2116 1550 2227 1610 τοῖς
2280 1547 2340 1599 ἐν
2384 1545 2642 1617 Αἰγύπτῳ
2684 1544 3126 1617 διακηρύξαντες,
3173 1543 3498 1615 ἡσθήσονται
3548 1538 3690 1602 λίαν,

2117 1634 2367 1706 καθάπερ
2398 1634 2588 1705 ἀμέλει
2631 1634 2725 1689 καὶ¹
2755 1636 2872 1688 κατ’
2904 1634 3121 1705 ἐκείνην
3154 1632 3398 1704 ἥσθησαν
3423 1631 3523 1702 τὴν
3557 1627 3695 1700 ήμέ-

2120 1742 2242 1800 ραν,
2292 1729 2381 1782 ὅτε
2422 1726 2644 1799 ἐξῆλθον
2673 1729 2737 1780 ἐκ
2775 1727 2878 1797 γῆς
2909 1726 3206 1795 Αἰγύπτου.
3254 1724 3424 1779 Πάλιν
3458 1724 3556 1794 μὲν
3585 1721 3695 1792 γὰρ

2118 1822 2273 1875 αὐτοὶ
2295 1821 2392 1892 τῆς
2420 1821 2477 1874 ἐν
2502 1818 2762 1890 Αἰγύπτῳ
2783 1818 3027 1882 δουλείας
3057 1815 3469 1887 ἀπεκομίζοντο.
3506 1816 3696 1886 Κηρυ-

2119 1912 2344 1983 γμάτων
2386 1910 2443 1964 δὲ
2480 1909 2589 1964 τῶν
2613 1908 2771 1963 θείων
2815 1909 3089 1981 ἱερουργοὶ
3116 1910 3416 1977 γεγονότες,
3463 1905 3698 1961 καὶτῶν

2121 2002 2491 2073 εὐαγγελικῶν
2517 2001 2905 2072 θεσπισμάτων
2935 2001 3128 2072 ταμίαι
3155 2001 3389 2071 γνήσιοι,
3415 1999 3475 2053 οὐ
3501 2015 3694 2070 σαρκιο

2122 2100 2226 2168 κής
2258 2094 2501 2159 δουλείας
2533 2095 2874 2167 ἀπήλλαττον
2918 2093 3269 2162 Αἰγυπτίους,
3297 2091 3435 2146 ἀλλὰ
3468 2090 3567 2160 τῆς
3598 2085 3697 2142 τοῦ

2121 2188 2368 2243 διαϐόλου
2392 2188 2573 2260 χειρὸς
2593 2187 2865 2255 ἐξελόντες
2886 2185 3197 2254 ἐλευθέρως
3230 2182 3540 2238 ἀπετέλουν.
3581 2181 3694 2235 Καὶ

2130 2280 2503 2353 μσιτεύοντος
2523 2279 2617 2333 τοῦ
2637 2280 2734 2350 μὲν
2760 2276 2902 2351 [τοῦ]
2919 2278 3193 2346 πανσόφου
3209 2275 3519 2339 Μωσέως,οό
3534 2291 3696 2327 ποτα-

2131 2373 2230 2444 μὸς
2258 2375 2338 2436 είς
2371 2367 2507 2442 αἷμα
2544 2370 2987 2442 μετεσκευάζετο·
3029 2369 3147 2423 νυνὶ
3178 2367 3236 2421 δέ
3264 2366 3487 2435 γέγονεν
3518 2365 3703 2427 αὐτοῖς

2129 2467 2187 2518 ἐν
2219 2464 2443 2536 Χριστῷ
2462 2464 2521 2517 τὸ
2548 2462 2690 2535 ὕδωρ
2714 2465 2994 2534 σωτήριον.
3019 2459 3346 2530 Σεσὼσμεθα
3366 2458 3476 2529 γὰρ
3495 2456 3583 2510 διὰ
3607 2455 3701 2509 τοῦ

2128 2558 2288 2626 ἁγίου
2344 2556 2733 2627 βαπτίσματος.
2768 2554 3174 2622 Κατεπνίγοντο
3206 2552 3326 2605 τότε
3354 2554 3420 2621 τῇ
3467 2548 3705 2620 Ἐρυθρᾷ

2131 2650 2372 2719 θαλάσσῃ
2407 2646 2875 2719 προσϐεϐληκότες
2912 2646 2964 2699 oi.
3004 2644 3291 2706 διώκοντες
3331 2643 3422 2695 τὸν
3461 2640 3700 2711 Ἰσραήλο

2131 2741 2480 2813 ἐδιδάχθησαν
2500 2741 2553 2793 δὲ
2573 2739 2662 2793 διὰ
2685 2740 2793 2793 τῶν
2809 2737 2978 2806 ἁγίων
2994 2735 3325 2796 ἀποστόλων,
3347 2734 3438 2787 τὸν
3454 2732 3547 2786 τοῦ
3572 2748 3707 2799 παρ-

2131 2835 2281 2899 όντος
2313 2831 2658 2904 διανήχεσθαι
2696 2831 2809 2902 βίου
2838 2829 3102 2893 κλύδωνα,
3125 2829 3218 2881 καὶ
3256 2824 3515 2896 κυμάτων
3546 2824 3705 2894 ἀμεί-

2134 2943 2259 2990 νους
2288 2924 2516 2997 ὁρᾶσθαι
2552 2921 2831 2993 κοσμικῶν
2851 2938 2863 2949 ·
2903 2920 3201 2975 ἐπέπιπτεν
3232 2918 3411 2980 αὐτοῖς
3442 2917 3476 2987 ή
3498 2913 3706 2985 χάλαζα

2133 3017 2253 3070 τότε
2284 3015 2431 3087 δεινὴ
2461 3016 2554 3067 καὶ
2588 3013 2968 3085 ῥαγδαιοτάτη.
3021 3009 3237 3081 Ἐπειδὴ
3264 3008 3320 3061 δὲ
3354 3004 3707 3079 μεμυσταγώ-

2134 3126 2327 3180 γηνται
2362 3108 2460 3177 τῆς
2497 3107 2634 3178 μετὰ
2674 3106 2869 3178 σαρκὸς
2897 3102 3204 3174 οἰκονομίας
3236 3101 3324 3155 τὸν
3354 3100 3527 3169 λόγον,
3556 3097 3710 3159 ὑετὸς

468 3196 704 3253 Proinde
765 3199 820 3253 in
880 3199 967 3254 his
1019 3199 1273 3256 omnibus
1325 3208 1747 3257 consentaneum
1809 3210 1927 3256 erat
1975 3210 2033 3255 ut

2136 3204 2317 3265 αὐτοῖς
2339 3202 2368 3254 6
2386 3200 2523 3264 θεῖος
2539 3201 2618 3264 είς
2635 3198 2756 3252 νοῦν
2777 3195 3172 3269 καταϐέϐηκεν,
3193 3193 3502 3264 ἐγκάρπους
3522 3190 3713 3242 ἀποτε-

465 3291 726 3347 lsraelita:
785 3291 1134 3354 laetarentur,
1188 3291 1639 3360 quemadmodum
1690 3291 1780 3346 ubi
1831 3291 2033 3361 egressi

2140 3295 2269 3349 λῶν.
2301 3292 2477 3357 Βαθὺς
2505 3292 2600 3346 καὶ
2621 3292 2918 3362 τριήμερος
2947 3288 3299 3358 ἐπενήνεκται
3341 3284 3548 3344 σκότος·
3576 3280 3713 3334 ἀλλὰ

466 3393 625 3440 erant
659 3384 760 3453 ipsi
791 3399 858 3439 ex
892 3391 1030 3439 terra
1053 3382 1295 3454 Egypti.

2140 3386 2426 3457 γεγόνασιν
2448 3385 2504 3437 ἐν
2526 3384 2684 3454 φωτὶ.
2705 3383 2747 3435 Τ
2752 3381 2808 3434 εθ
2816 3381 3083 3453 ρηνήκασι
3102 3377 3171 3431 τά
3192 3374 3512 3447 πρωτότοκα
3526 3389 3541 3402 ο
3576 3370 3715 3425 ἀλλὰ

471 3477 707 3531 σέσωκεν
728 3476 922 3538 αὐτοὺς
947 3477 1011 3529 ἐκ
1036 3474 1266 3531 θανάτου
1289 3475 1383 3530 καὶ
1408 3474 1611 3548 φθορᾶς
1639 3479 1667 3530 6
1687 3476 2035 3549 Πρωτὸτοκος
2083 3479 2148 3531 ὲκ
2180 3476 2409 3549 νεκρῶν,
2467 3475 2609 3528 τοῦτ’
2660 3473 2796 3535 ἐστι,
2859 3469 3116 3543 Χριστός.
3181 3466 3298 3520 Ἐπ’
3348 3460 3443 3519 οὖν
3504 3462 3715 3525 τούτοις

470 3574 643 3628 ἅπασι
675 3572 885 3643 χαίρειν
911 3566 981 3644 ἦν
1010 3571 1301 3626 ἀκόλουθον
1347 3574 1471 3637 τοὺς
1514 3573 1571 3639 ἐξ
1607 3573 1841 3645 Ἰσραὴλ,
1872 3575 1946 3638 ὡς
1989 3576 2078 3628 ὅτε
2103 3571 2325 3643 ἐξῆλθον
2354 3571 2508 3627 αὐτοὶ
2532 3573 2597 3624 ἐκ
2621 3570 2723 3640 γῆς
2742 3566 3039 3636 Αἰγύπτου.

544 3668 707 3724 Vsus.
737 3668 792 3731 l,
832 3668 889 3721 2.
936 3667 1003 3721 Et
1033 3668 1172 3722 dices
1212 3670 1267 3722 in
1297 3670 1381 3723 die
1422 3669 1517 3723 illa
1550 3685 1568 3722 :
1607 3668 1923 3727 Benedicam
1968 3681 2037 3739 te,

479 3759 716 3823 Domine,
731 3758 852 3827 quia
880 3758 1049 3811 iratus
1073 3773 1126 3811 es
1157 3758 1366 3824 mihi,et
1387 3760 1622 3815 avertisti
1647 3760 1878 3829 furorem
1897 3772 2043 3814 tuum

474 3873 508 3909 α
544 3870 650 3919 use,
681 3861 731 3907 et
759 3851 1000 3905 misertus
1031 3866 1084 3905 es
1113 3852 1233 3905 mei.
1259 3850 1395 3906 Ecce
1432 3852 1571 3907 Deus
1597 3870 1766 3919 meus,
1795 3853 2041 3909 Servator

456 3961 625 4000 metu
650 3943 927 3998 Dominus.
964 3942 1241 4012 Conﬁdam
1289 3944 1360 4007 ei,
1408 3956 1455 3998 et
1479 3945 1655 4000 salvus
1682 3963 1771 4000 ero
1799 3947 1853 4000 in
1882 3962 1963 4008 eo,
1993 3955 2045 3998 et

478 4052 583 4090 non
610 4036 823 4102 timebo,
845 4035 1093 4105 quoniam
1125 4035 1296 4105 gloria
1329 4051 1465 4099 mea,
1493 4045 1544 4090 et
1581 4036 1697 4091 laus
1726 4054 1841 4091 utea
1866 4036 2050 4090 Domi-

478 4144 605 4194 rtus,
625 4138 672 4183 et
699 4129 870 4198 {actus
897 4137 973 4182 est
1010 4127 1139 4181 mihi
1162 4129 1216 4182 in
1238 4126 1480 4182 salutem.

552 4418 688 4475 Cum
712 4415 941 4473 dixisset
970 4424 1316 4471 conservatos
1346 4429 1469 4472 esse
1492 4414 1719 4487 gentiles
1757 4417 1915 4487 211
1960 4431 2056 4487 per

486 4510 646 4567 ﬁdem
678 4523 734 4563 tn
765 4507 1069 4574 Christum,
1114 4516 1169 4563 et
1203 4508 1272 4562 ad
1319 4507 1648 4579 agnitionem
1694 4511 1938 4565 veritatis
1973 4525 2059 4565 ve-

485 4605 654 4667 nisse,
674 4600 767 4670 qui
798 4616 911 4670 pra:
945 4599 1065 4655 aliis
1104 4602 1623 4670 superstitiosissimi
1654 4610 1831 4667 erant,
1863 4603 2057 4657 merito

484 4712 586 4753 eos
625 4694 1005 4752 benedicentes
1043 4693 1361 4749 introduxit.
1415 4692 1551 4749 Nam
1584 4693 1842 4750 liberatos
1890 4693 2059 4750 fuisse

487 4790 712 4845 omnino
728 4786 911 4858 priore
925 4786 1265 4856 ignoratione
1287 4801 1395 4856 qua
1414 4788 1687 4857 principio
1714 4787 2054 4848 laborabant,

489 4892 548 4937 et
570 4880 787 4937 demum
836 4893 1128 4936 conversos
1152 4893 1271 4934 esse
1313 4887 1372 4935 ut
1398 4895 1461 4935 ea
1490 4892 1743 4952 saperent
1790 4895 1910 4950 quae
1957 4880 2057 4936 soli

491 4970 731 5028 servanti
762 4970 875 5027 Deo
907 4969 1542 5039 placent:documentum
1576 4971 1925 5027 manifestum
1965 4974 2057 5038 sit,

492 5062 635 5131 quod
660 5061 726 5115 ad
758 5060 852 5116 Dei
892 5060 1116 5132 gloriam
1149 5059 1562 5125 decantandam,
1591 5071 1645 5115 et
1666 5060 1813 5115 velut
1850 5062 1918 5114 ad
1946 5062 2061 5131 spi-

493 5153 691 5210 rituale
711 5153 980 5223 quoddam
1038 5152 1331 5223 gratiarum
1381 5153 1610 5208 actionis
1637 5154 1966 5209 sacriﬁcium
2007 5153 2059 5208 ei

495 5241 826 5300 offerendum
868 5243 1216 5314 instigantur.
1248 5241 1431 5309 Quare
1449 5244 1550 5299 sub
1572 5243 1624 5298 id
1657 5245 1934 5314 temporis,
1974 5246 2060 5299 in-

496 5334 636 5406 quit,
668 5348 777 5404 quo
831 5334 924 5389 ﬁet
978 5335 1235 5389 transitus
1270 5332 1325 5386 in
1381 5329 1635 5403 .‘Egypw,
1675 5335 1780 5390 hoc
1824 5345 1929 5400 est,
1958 5335 2067 5390 illis

499 5424 795 5496 evangelici
834 5436 890 5483 et
923 5426 1183 5481 salutaris
1222 5424 1372 5481 verbi
1418 5427 1802 5494 praeconibus:
1838 5427 1944 5493 'l‘u,
1983 5429 2065 5483 iu-

499 5519 639 5590 quit,
671 5517 763 5587 qui
798 5517 851 5572 in
881 5516 1007 5573 altis
1045 5518 1173 5573 olim
1195 5526 1444 5573 versatus
1467 5532 1528 5574 es
1558 5520 1819 5586 tenebris,
1854 5531 1909 5577 et
1949 5537 2064 5576 ma-

500 5626 638 5679 gnus
662 5608 948 5665 idololatra
974 5608 1250 5675 exstitisti,
1283 5619 1339 5665 et
1370 5609 1756 5666 damoniorum
1800 5613 2065 5683 imposta-

500 5703 581 5762 ris
630 5701 981 5759 conturbatus
1012 5715 1105 5767 es,
1139 5714 1261 5758 cum
1299 5700 1464 5758 animi
1511 5700 1686 5760 oculis
1727 5702 1896 5761 lucem
1934 5720 2066 5762 con-

574 5857 621 5891 "
643 5856 749 5915 ιω.
773 5872 826 5925 s,
848 5855 937 5915 22.

2220 3671 2327 3727 Καὶ
2368 3671 2523 3739 ἐρεῖς
2552 3669 2624 3722 ἐν
2664 3666 2741 3736 τῇ
2776 3665 2966 3734 ἡμέρᾳ
3004 3663 3226 3729 ἐκείνῃ·
3251 3656 3579 3727 Εὑλογήσω
3620 3669 3716 3715 σε,

2148 3766 2343 3833 Κύριε,
2388 3763 2538 3816 διότι
2570 3760 2865 3828 ὠργίσθης
2896 3774 3019 3825 μοι,
3064 3752 3164 3806 καί
3203 3750 3586 3817 ἀπέστρεψας
3614 3744 3720 3797 τόν

2149 3858 2339 3928 θυμόν
2401 3869 2519 3908 σου
2566 3852 2666 3907 ἀπ’
2727 3848 2895 3918 ἐμοῦ.
2952 3845 3054 3901 καὶ.
3094 3841 3369 3911 ἠλέησάς
3406 3856 3501 3908 με.
3564 3834 3719 3928 Ἰδοὺ

2148 3949 2182 4003 ὸ
2226 3927 2370 4013 Θεός
2404 3962 2541 4015 μου,
2588 3941 2788 4009 Σωτήρ
2826 3956 2947 4010 μου
2978 3938 3214 4006 Κύριος,
3253 3929 3551 3995 πεποιθὼς
3577 3927 3718 3981 ἐσο-

2144 4060 2252 4113 μαι
2317 4040 2409 4095 ἐπ’
2463 4036 2643 4102 αὐτῷ,
2696 4034 2795 4089 καὶ
2851 4030 3197 4098 σωθήσομαι
3260 4027 3331 4080 ἐν
3384 4020 3563 4087 αὐτῷ,
3620 4017 3719 4113 καί

2143 4110 2219 4189 οὐ
2285 4129 2731 4203 φοϐηθήσομαι,
2796 4126 2945 4179 διότι
3016 4123 3057 4190 ἡ
3125 4120 3277 4184 δόξα
3332 4133 3450 4186 μου
3517 4112 3615 4166 καί
3680 4110 3718 4176 ἡ

2147 4225 2383 4291 alveolo:
2435 4241 2557 4294 μου
2601 4221 2835 4289 Κύριος,
2890 4214 2989 4270 καὶ
3046 4212 3283 4283 ἐγένετό
3324 4226 3427 4280 μοι
3473 4209 3559 4272 είς
3609 4219 3724 4257 σω-

2148 4322 2379 4392 ruptor.

2234 4405 2635 4463 Ἀνασεσῶσθαι
2686 4401 2858 4469 λέγων
2905 4399 3031 4461 τοὺς
3072 4395 3133 4461 ἐξ
3170 4392 3339 4449 ἐθνῶν
3374 4389 3461 4443 διὰ
3489 4387 3725 4447 πίστεως

2154 4503 2255 4573 τῆς
2296 4503 2374 4565 είς
2408 4496 2660 4569 Χριστὸν,
2695 4494 2789 4547 καί
2820 4493 2899 4555 εἰς
2931 4490 3223 4558 ἐπίγνωσιν
3256 4481 3512 4554 ἀληθείας
3548 4478 3722 4573 ἐλθεῖν

2156 4570 2283 4657 τοὺς
2329 4593 2409 4645 ὃτι
2463 4588 2693 4660 μάλιστα
2739 4582 2846 4637 τῶν
2898 4580 3070 4635 ἄλλων
3115 4570 3725 4644 δεισιδαιμονεστάτους,

2159 4685 2384 4746 εἰκότως
2445 4681 2641 4742 αὐτοὺς
2699 4672 3109 4742 δοξολογοῦντας
3167 4668 3425 4736 εἰσφέρει.
3462 4661 3567 4715 Τοῦ
3616 4661 3725 4731 γὰρ

2161 4774 2501 4850 ἀπηλλάχθαι
2553 4770 2654 4842 μὲν
2696 4766 3001 4838 όλοτρόπως
3040 4763 3136 4834 τῆς
3185 4757 3407 4831 πρώτης
3447 4772 3507 4809 τε
3670 4753 3731 4805 ἐν

2160 4844 2355 4944 ἀρχαῖς
2379 4844 2610 4935 ἐνούσης
2634 4862 2816 4924 αὐτοῖς
2842 4856 3098 4929 ἀμαθίας,
3129 4850 3516 4944 μεταεροιτῆσαι
3541 4846 3597 4898 δὲ
3621 4844 3729 4944 λοιῗ

2291 4960 2372 5023 εἷς
2401 4976 2465 5028 γε
2492 4933 2792 5011 τδ-ἐλέσθαι
2825 4950 3038 5020 φρονεῖν
3067 4944 3137 4998 τὰ
3164 4940 3311 5011 αὐτῷ
3348 4937 3604 4992 δοκοῦντα
3638 4933 3731 4987 καὶ

2162 5055 2309 5127 μόνῳ
2334 5052 2411 5123 τῷ
2444 5048 2765 5104 διασώσαντι
2787 5043 2924 5113 Θεῷ,
2955 5038 3147 5110 γένοιτ’
3180 5037 3245 5091 ἂν
3277 5029 3541 5094 ἀνάδειξις
3576 5030 3731 5127 ἐναρ-

2159 5118 2290 5217 γὴς,
2312 5118 2712 5211 τδνὲπείγεσθαι
2741 5136 3057 5203 δοξολογεῖν,
3092 5130 3186 5184 καὶ
3210 5126 3459 5217 καθάπερ
3484 5121 3605 5175 τινὰ
3630 5118 3731 5217 θυ-

2162 5212 2671 5307 σίανπνευματικὴν
2682 5226 3071 5302 προσκομίζειν
3086 5221 3235 5292 αὐτῷ
3249 5220 3347 5282 τὰς
3361 5212 3731 5307 εὐχαριστίας.

2162 5330 2377 5386 θύκοῦν
2404 5301 2523 5380 κατ’
2554 5301 2752 5386 ἐκεῖνον,
2778 5320 2932 5392 φησὶ,
2955 5316 3053 5371 τοῦ
3077 5311 3292 5385 καιροῦ,
3321 5308 3439 5365 καθ’
3463 5306 3521 5360 ὃν
3553 5304 3619 5358 ἂν
3638 5301 3731 5371 γέ-

2164 5440 2308 5480 νοιτο
2331 5420 2500 5483 δίοδος
2527 5420 2591 5471 ἐν
2620 5415 2897 5485 Αἰγύπτῳ,
2921 5410 3064 5465 τοῦτ’
3093 5407 3228 5467 ἐστι,
3254 5406 3367 5467 τοῖς
3390 5401 3481 5455 τὸν
3507 5399 3736 5465 εὐαγγε-

2166 5516 2313 5571 λικὺν
2344 5517 2439 5569 καὶ
2473 5513 2740 5581 σωτήριον
2759 5503 3119 5576 πρεσϐεύουσι
3146 5500 3303 5568 λόγον
3322 5537 3337 5561 ,
3372 5495 3458 5560 σὺ,
3496 5491 3680 5562 φησιν,
3709 5490 3738 5541 6

2168 5614 2230 5664 ἐν
2272 5608 2451 5678 σκότῳ
2492 5605 2659 5659 πάλαι
2703 5599 2876 5671 βαθεῖ,
2902 5596 2998 5650 καὶ
3046 5592 3238 5666 πικρὸς
3284 5586 3671 5678 εἰδωλολάτρης
3685 5582 3736 5678 ,ὁ

2167 5704 2285 5765 ταῖς
2310 5672 2430 5754 τῶν-
2445 5694 2741 5767 δαιμονίων
2762 5688 2999 5750 ἀπάταις
3030 5678 3459 5755 ἐγκεχωσμένος,
3478 5676 3605 5730 ὃταν
3624 5672 3737 5733 τοῖς
