4124 6372
391 432 490 488 ειι

1494 434 1557 490 ΙΝ
1598 436 1824 492 ISAIAM
1864 436 1993 490 LIB.
2038 435 2102 491 ll.
2139 434 2374 492 TOMUS
2411 437 2452 494 Ι.

3527 440 3632 494 549.

392 549 494 617 τῆς
519 548 754 612 διανοίας
791 548 1030 619 δμμασιν
1055 549 1360 622 ἀναϐλέψῃς
1403 551 1539 622 πρὸς
1567 553 1628 606 τὸ
1655 553 1769 622 φῶς
1787 571 1800 583 ·
1833 554 1960 606 ὅταν

2063 552 2326 622 spexeris,
2365 567 2484 606 cum
2508 551 2895 623 contemplatus
2924 552 3088 608 fueris
3113 561 3352 609 vocantis
3380 552 3629 622 gloriarm

395 642 508 713 ῐδῃς
541 641 633 694 τοῦ
664 642 988 713 κεκληκότος
1026 643 1125 713 τὴν
1158 643 1336 710 δόξαν,
1368 648 1460 698 καὶ
1495 647 1572 710 είς
1600 647 1848 718 αἴσθησιν
1878 648 1964 701 ὲν-

394 733 577 804 εχθῇς,
613 733 670 799 ἐξ
701 733 828 786 οἴων
872 734 952 797 είς
999 728 1085 786 οἷα
1135 736 1597 808 μετακεχώρηκας
1623 739 1921 810 πράγματα
1946 757 1959 769 ·

395 822 488 875 καὶ
521 823 602 875 ὅτι
633 821 810 892 πικρῷ
841 823 1090 894 τυράννῳ
1119 825 1572 897 κατεζευγμένος,
1605 827 1709 894 ἔξω
1747 829 1844 899 μὲν
1865 831 1964 900 τῆς

397 913 603 965 ἐκείνου
646 913 874 982 γέγονας
918 913 1229 980 πλεονεξίας
1249 956 1264 981 ,
1302 917 1609 989 ὑπέδραμες
1635 921 1690 972 δὲ
1719 919 1965 990 τὴν.ὲπι-

396 1005 616 1075 κουρίαν
668 1004 761 1058 τοῦ
811 1005 983 1059 πάντα
1025 1008 1296 1078 ἰσχύοντος
1320 1009 1452 1064 Θεοῦ
1483 1012 1577 1064 καὶ
1613 1011 1962 1076 διασώζοντος

393 1098 520 1160 τοὺς
555 1095 900 1161 ἀπολωλότας
924 1116 937 1130 ·
981 1101 1101 1152 τότε
1130 1100 1214 1170 δὴ,
1242 1101 1363 1155 τότε
1391 1102 1602 1172 σεαυτῷ
1633 1102 1695 1174 δὴ
1724 1102 1842 1155 λίαν
1870 1103 1963 1158 καὶ

396 1187 539 1257 μάλα
583 1189 803 1253 εἰκότως
855 1191 1279 1262 ὲπιγαννύμενος
1331 1195 1703 1265 ἀναφωνήσεις
1747 1195 1922 1263 λέγων
1947 1211 1960 1226 ·

393 1281 688 1354 Εὐλογήσω
711 1301 791 1348 σε,
813 1284 1005 1355 Κύριε,
1021 1285 1152 1339 διότι
1172 1287 1446 1358 ώργίσθης
1465 1305 1574 1358 μοι,
1589 1289 1681 1342 καὶ
1697 1289 1963 1360 ἀπέστρε-

390 1374 496 1443 ψας
522 1376 614 1430 τὸν
659 1376 827 1447 θυμόν
868 1395 961 1432 σου
991 1377 1088 1432 ἀπ’
1114 1379 1269 1449 ἐμοῦ,
1300 1381 1394 1433 καὶ
1422 1380 1659 1453 ήλέησάς
1698 1399 1785 1452 με.
1804 1382 1961 1435 Ἀνα-

391 1466 672 1537 κομίζουσι
713 1467 768 1522 δὲ
813 1469 881 1523 τά
912 1473 1257 1544 χαριστήρια,
1290 1473 1383 1526 καὶ
1424 1473 1723 1527 ἀνάπτουσι
1752 1474 1849 1537 τὰς
1879 1475 1964 1525 '60-

393 1554 655 1628 ξόἴογίας,
680 1563 776 1633 οὐχ
800 1563 880 1617 ὅτι
904 1565 1188 1633 γεγόνασιν
1218 1565 1323 1617 ὑπὸ
1353 1564 1501 1618 θείαν
1525 1565 1714 1635 ὀργὴν,
1746 1564 1858 1617 ἀλλ’
1879 1565 1961 1617 ὅτι

389 1653 668 1719 γεγονότες
701 1654 971 1723 ήλέηνται.
990 1654 1264 1725 Ὠργίσθαι
1285 1655 1339 1709 δέ
1365 1673 1542 1726 φαμεν
1569 1658 1678 1718 τοῖς
1698 1655 1766 1708 τὰ
1785 1655 1961 1709 τοιάδε

390 1743 608 1812 λέγουσι
649 1745 739 1798 τὸν
774 1747 884 1799 τῶν
911 1746 1047 1800 ὅλων
1079 1747 1230 1811 Θεὸν,
1258 1747 1413 1816 δῆλον
1441 1749 1522 1801 ὅτι
1547 1751 1659 1812 τοῖς
1683 1748 1962 1801 είδωλολάο

389 1853 566 1907 τραις.
603 1837 698 1892 Διά
743 1837 900 1892 ποίαν
941 1839 1154 1905 αἱτίανς
1202 1840 1409 1904 Παῦλος
1441 1843 1573 1912 ἡμῖν
1611 1843 1638 1894 6
1674 1840 1960 1905 θεσπέσιος

2063 652 2116 699 et
2136 645 2202 698 ad
2232 645 2570 700 sentiendum
2599 646 2823 702 redieris
2843 660 2906 700 ex
2933 645 3177 715 qualibus
3210 646 3261 698 in
3289 656 3519 715 quantas
3545 662 3630 700 res

2066 737 2340 800 transisti,
2377 746 2542 806 atque
2584 747 2641 792 ut
2684 748 2738 793 et
2777 738 2843 792 ab
2883 739 3078 793 acerbo
3111 750 3339 808 tyranno
3378 738 3631 806 subjuga-

2065 836 2169 890 tus,
2201 831 2268 882 ab
2296 828 2412 899 ejus
2452 828 2734 899 tyrannide
2758 830 2892 885 liber
2953 829 3126 884 factus
3154 845 3233 893 es,
3298 838 3353 884 et
3412 829 3477 883 ad
3536 829 3627 885 Dei

2063 928 2252 973 cuncta
2297 922 2546 988 potentis,
2571 921 2661 991 qui
2708 923 2943 990 perditos
2968 932 3273 987 conservat,
3306 936 3460 991 opem
3499 938 3630 975 cou-

2065 1009 2298 1080 fugeris:
2326 1020 2450 1067 tunc
2476 1013 2712 1082 quidem,
2739 1022 2864 1067 tunc
2894 1016 3031 1082 apud
3063 1025 3111 1068 te
3148 1014 3369 1068 multum
3401 1023 3456 1068 et
3497 1030 3629 1069 sane

2064 1099 2405 1155 meritissime
2431 1103 2688 1170 glorians,
2721 1104 3044 1158 acclamabis
3064 1105 3283 1159 dicens:
3308 1105 3626 1158 Beuedicam

2065 1203 2134 1257 te,
2159 1195 2284 1263 quia
2318 1195 2485 1249 iratus
2517 1209 2577 1248 es
2603 1196 2755 1260 mihi,
2793 1206 2845 1249 et
2871 1198 3113 1250 avertisti
3153 1199 3387 1252 furorem
3418 1207 3564 1250 tuum
3597 1213 3626 1250 a

2064 1298 2168 1348 me,
2197 1293 2250 1338 et
2297 1285 2546 1340 misertus
2571 1300 2630 1340 es
2681 1287 2804 1340 mei.
2837 1286 3079 1341 ()ﬂ'erunt
3106 1298 3282 1342 autem
3328 1289 3625 1358 gratiarum

2062 1373 2287 1441 hostias,
2317 1390 2379 1429 ac
2423 1374 2642 1444 gloriam
2683 1377 2940 1441 tribuunt,
2968 1394 3072 1432 non
3112 1378 3252 1448 quod
3303 1380 3397 1434 irae
3431 1380 3626 1434 divina:

2061 1462 2470 1530 subjicerentur,
2501 1466 2594 1520 sed
2627 1481 2748 1520 curn
2773 1468 3000 1534 subjecti
3027 1481 3081 1523 et
3112 1469 3329 1523 obnoxii
3361 1469 3615 1535 fuissent,

2063 1556 2486 1610 misericordiam
2525 1560 2800 1613 consecuti
2852 1569 2997 1613 sunt.
3039 1561 3200 1616 irasci
3229 1561 3459 1618 dicimus
3497 1565 3623 1618 talia

2061 1647 2399 1717 loquentibus
2438 1649 2805 1705 universitatis
2853 1651 3045 1714 Deum,
3087 1652 3342 1707 videlicet
3400 1654 3623 1708 simula-

2061 1752 2271 1792 crorum
2313 1738 2631 1795 cultoribus.
2666 1742 2833 1806 Quam
2868 1744 2937 1796 ob
2972 1743 3233 1797 causam?
3267 1743 3466 1800 Paulus
3490 1745 3627 1798 divi-

2063 1841 2161 1882 nus
2189 1827 2340 1883 nobis
2370 1829 2595 1896 aperiet,
2614 1830 2832 1885 dicens:
2860 1847 2878 1882 ι
2908 1831 3038 1886 Cum
3061 1848 3119 1887 se
3137 1832 3381 1888 dicerent
3406 1833 3625 1904 sapien-

392 1933 642 1999 σαφηνιεῖ
657 1929 968 2002 γεγραφώς·
1002 1950 1019 1981 ι
1039 1933 1340 1995 Φάσκοντες
1366 1928 1504 1987 εἷναι
1536 1936 1687 2002 σοφοὶ
1719 1933 1961 2004 ὲμωράνσ

2064 1927 2144 1972 tes
2168 1934 2306 1980 esse.
2352 1919 2598 1975 infatuati
2645 1930 2789 1988 sunt,
2835 1931 2889 1977 et
2932 1931 3212 1978 mutarunt
3259 1925 3487 1995 gloriam
3544 1926 3624 1980 in~

393 2018 583 2089 θησαν.
615 2021 724 2073 Καὶ
757 2020 1056 2090 ἠλλάξαντο
1084 2021 1180 2091 τὴν
1201 2022 1356 2087 δόξαν
1388 2023 1480 2075 τοῦ
1505 2023 1777 2093 ἀφθάρτου
1801 2022 1957 2086 Θεοῦ,

390 2107 449 2159 ἐν
475 2106 777 2178 ὁμοιώματι
810 2110 1014 2171 εἰκόνος
1044 2109 1283 2179 φθαρτοῦ
1314 2110 1619 2182 ἀνθρώπου,
1659 2113 1752 2164 καὶ
1781 2128 1960 2164 πετει-

392 2198 496 2252 νῶν
521 2199 614 2252 καὶ
630 2201 896 2271 ἑρπετῶν,
913 2203 1003 2254 καὶ
1018 2202 1380 2273 τετραπόδων.
1412 2203 1596 2276 Ταύτῃ
1633 2220 1732 2269 τοι,
1767 2221 1784 2254 ι
1806 2205 1958 2274 φησι,

397 2306 418 2340 ι
441 2289 754 2361 παρέδωκεν
788 2292 984 2355 αὐτοὺς
1008 2294 1036 2346 6
1057 2293 1185 2357 Θεὸς
1213 2296 1292 2357 εἰς
1316 2294 1569 2365 ἀδόκιμον
1599 2294 1744 2359 νοῦν,
1767 2295 1861 2347 καὶ
1884 2296 1962 2357 εἰς

393 2380 537 2452 πάθη
573 2383 795 2454 ἀτιμίας
842 2389 1014 2439 ποιεῖν
1045 2387 1112 2441 τὰ
1161 2388 1234 2458 μὴ
1271 2387 1597 2458 καθήκοντα.
1629 2407 1646 2438 ι
1673 2388 1734 2441 Oi
1769 2387 1874 2459 γὰρ
1897 2388 1962 2458 δὴ

390 2470 491 2541 τὴν
530 2472 681 2526 θείαν
723 2477 1214 2546 παρασημάναντες
1242 2477 1419 2543 δόξαν,
1458 2478 1550 2530 καὶ
1583 2478 1678 2548 τῆς
1705 2477 1964 2531 ἀνωτάτω

391 2562 606 2630 φύσεως
634 2563 694 2616 τὸ
726 2563 999 2637 ἐξαίρετον
1024 2567 1215 2631 κάλλος
1237 2571 1352 2631 τοῖς
1378 2569 1549 2632 οὕτως
1572 2571 1806 2640 οἰκτροῖς
1836 2571 1965 2623 ἀνα-

393 2650 576 2715 θέντες
620 2656 900 2725 κτίσμασι,
948 2657 1062 2722 πῶς
1111 2660 1170 2712 οὐ
1219 2660 1421 2729 σφόδρα
1470 2661 1693 2723 εἰκότως
1736 2662 1847 2722 τοῖς
1900 2661 1965 2713 ὲκ

393 2743 542 2809 θείας
586 2745 753 2818 ὀργῆς
794 2751 1087 2820 κινήμασιν
1133 2750 1470 2821 ὑπενεχθεῖεν
1503 2753 1598 2816 άν;
1642 2753 1857 2824 Ἐπειδὴ
1884 2753 1962 2817 δὲ,

396 2837 580 2906 φησὶν,
615 2838 961 2910 ἀπέστρεψας
991 2841 1082 2895 τὸν
1124 2842 1292 2913 θυμόν
1332 2859 1445 2907 σου,
1474 2843 1708 2914 ἠλέησάς
1755 2861 1819 2914 με
1853 2845 1964 2916 (κέ-

396 2927 605 2998 κλημαι
649 2930 758 3002 γάρ
804 2933 882 2996 είς
925 2933 1217 3002 ἐπίγνωσιν
1244 2934 1332 2987 διά
1361 2935 1612 3001 πίστεως,
1636 2937 1693 2988 οὐ
1737 2939 1876 2990 κατά
1899 2937 1965 2991 τὰ

394 3019 529 3090 ἔργα
552 3021 586 3074 ἀ
609 3025 940 3095 ἐποιήσαμεν
961 3028 1141 3097 ἡμεῖς,
1166 3028 1307 3082 καθὰ
1324 3028 1650 3098 γέγραπται,
1672 3029 1804 3082 ἀλλὰ
1829 3029 1966 3082 κατὰ

391 3113 454 3165 τὸ
497 3112 819 3182 πολὺζαύτοῦ
850 3116 1041 3188 ἐλεος)·
1072 3117 1239 3190 ταύτῃ
1269 3137 1371 3184 τοι,
1393 3121 1573 3190 φησιν,
1608 3122 1689 3185 εἰς
1717 3121 1966 3192 αἴσθησιν

394 3204 492 3274 τῆς
533 3207 939 3280 μεγαλοδωρίας
971 3211 1350 3282 ὲνηνεγμένος,
1371 3212 1746 3283 ἀκατάληκτον
1793 3230 1963 3285 προσ-

391 3296 523 3349 οίσω
555 3314 634 3351 σοι
662 3299 762 3370 τὴν
796 3300 1120 3370 δοξολογίαν,
1150 3303 1244 3354 καὶ
1271 3302 1334 3374 δὴ
1364 3305 1458 3356 καὶ
1485 3304 1612 3376 ἐρῶ·
1633 3304 1762 3357 Ἰδοὺ
1785 3306 1812 3357 6
1833 3304 1964 3368 Θεός

397 3404 519 3457 μου,
552 3389 744 3461 Σωτήρ
775 3409 875 3461 μου
906 3393 1127 3463 Κύριος,
1166 3394 1438 3458 πεποιθὼς
1474 3396 1666 3466 ἔσομαι
1698 3397 1784 3449 ἔπ’
1817 3395 1965 3466 αὐτῷ

394 3481 489 3532 καὶ
525 3481 836 3553 σωθήσομαι
885 3485 942 3536 ἐν
996 3485 1163 3556 αὐτῷ.
1206 3487 1379 3540 Πάλαι
1421 3488 1518 3558 μὲν
1561 3487 1668 3558 γάρ
1696 3487 1873 3554 ξύλοις
1903 3504 1963 3540 τε

396 3573 490 3624 καὶ
521 3572 685 3635 λίθοις
715 3577 1161 3644 προσπίπτοντες,
1186 3581 1279 3633 καὶ
1301 3583 1412 3643 τοῖς
1433 3581 1775 3650 ἀναισθήτοις
1796 3581 1964 3648 ἀγάλ-

397 3666 990 3736 μασιιπροσκομίζοντες
1011 3668 1217 3736 θυσίας,
1241 3669 1506 3734 σώζεσθαι
1536 3671 1603 3724 δι’
1623 3672 1800 3724 αὐτῶν
1830 3688 1965 3741 παρ-

396 3754 641 3809 εκάλουν.
678 3757 894 3830 Ἐπειδὴ
930 3759 988 3812 δὲ
1031 3760 1160 3813 Θεὸν
1203 3760 1509 3829 ἐγνώκασιν
1549 3761 1639 3816 τὸν
1687 3762 1960 3833 ἀληθινὸν,

391 3849 517 3912 τοὺς
536 3848 916 3923 ψευδωνύμους
950 3853 1359 3923 παρωσάμενοι,
1393 3856 1554 3907 αὐτόν
1583 3871 1643 3908 τε
1676 3856 1768 3908 καὶ
1805 3856 1961 3924 μόνον

395 3943 838 3997 καταδεικνύουσι
883 3944 1154 4013 λέγοντες·
1196 3945 1325 3999 Ἰδοὺ
1371 3947 1400 3998 6
1446 3946 1577 4009 Θεός
1624 3964 1726 4016 μου
1771 3947 1962 4018 Σωτήρ

397 4054 498 4106 μου
551 4036 770 4107 Κύριος.
813 4037 926 4089 Οὐκ
959 4037 1050 4089 ἐπὶ
1085 4036 1262 4101 ξύλοις
1304 4036 1384 4091 ἔτι
1427 4038 1520 4093 καὶ
1565 4037 1730 4102 λίθοις
1769 4038 1961 4108 ἔσομαι

394 4127 689 4192 πεποιθὼς,
742 4127 925 4197 φησὶν,
959 4128 1072 4181 ἀλλ’
1110 4130 1196 4183 ἐπ’
1226 4129 1373 4200 αὐτῷ
1399 4129 1493 4183 καὶ
1541 4131 1708 4201 μόνῳ,
1757 4132 1849 4185 καὶ
1893 4131 1960 4185 δι’

393 4219 558 4273 αὐτοῦ
610 4220 946 4292 σωθήσομαι.
977 4221 1096 4275 Κᾶν
1141 4223 1170 4275 6
1218 4221 1383 4276 πάλαι
1423 4222 1823 4294 πλεονεκτήσας
1867 4224 1960 4278 καὶ

394 4313 746 4382 συναρπάσας
787 4313 869 4375 είς
907 4311 1113 4382 πλάνην
1137 4352 1152 4377 ,
1187 4311 1550 4384 προσέρχεται
1578 4313 1737 4368 πάλιν
1765 4314 1959 4386 πειρά-

393 4403 498 4470 ζων
529 4405 622 4459 καὶ
659 4405 978 4475 μαχόμενος,
1011 4406 1255 4476 Νικήσω,
1285 4406 1468 4475 φησὶν,
1503 4407 1584 4460 ὅτι
1628 4408 1662 4476 ή
1706 4405 1833 4470 δόξα
1858 4423 1961 4477 μου

392 4499 486 4551 καὶ
513 4500 546 4569 ή
573 4500 774 4562 αίνεσίς
803 4517 902 4569 μου
939 4499 1158 4570 Κύριος.
1177 4499 1338 4570 Ὁρᾷς
1367 4499 1514 4563 ὅπως
1543 4499 1847 4568 ἐγνώκασιν
1873 4501 1958 4553 ὅτι

395 4593 657 4662 σωτήριον
685 4595 872 4663 χρῆμα
907 4593 967 4644 τὸ
991 4592 1312 4660 δοξολογεῖν;
1345 4610 1365 4644 ι
1396 4593 1566 4646 Θῦσον
1595 4612 1612 4646 ι
1644 4593 1773 4663 γὰρ,
1802 4595 1956 4663 φησὶ,
1994 4596 2034 4649 D

398 4701 418 4734 ι
445 4685 521 4753 τῷ
540 4684 657 4754 Θεῷ
679 4685 866 4738 θυσίαν
891 4685 1168 4750 αἰνέσεως,
1185 4686 1278 4738 καὶ
1297 4686 1494 4749 ἀπόδος
1518 4685 1845 4756 τῷῪψίστῳ
1859 4687 1958 4752 τὰς

392 4776 553 4844 εὐχάς
582 4792 694 4829 σου.
720 4795 738 4828 ›
775 4778 903 4842 Καὶ,
934 4796 950 4827 ι
976 4775 1344 4840 Ἐπικαλέσεις
1367 4795 1434 4848 με
1450 4779 1506 4831 ὲν
1531 4778 1712 4850 ἡμέρα
1728 4778 1958 4848 θλίψεώι

395 4883 509 4930 σου,
533 4868 627 4922 καὶ
651 4867 938 4937 ὲξελοῦμαί
971 4885 1050 4932 σε,
1080 4868 1173 4922 καὶ
1203 4868 1444 4933 δοξάσεις
1475 4886 1562 4939 με.
1600 4888 1619 4921 ι

460 4959 570 5013 Kal
619 4960 962 5027 ἀντλήσατε
994 4961 1149 5029 ὕδωρ
1177 4963 1302 5032 μετ’
1332 4962 1713 5030 εὐφροσύνης
1745 4962 1813 5016 ἐκ
1844 4961 1963 5018 τῶν

395 5051 600 5121 πηγῶν
626 5053 732 5108 τοῦ
763 5056 1082 5123 Σωτηρίου.

462 5147 744 5217 Φιλότιμος
770 5151 797 5202 ὀ
823 5147 1122 5217 κεκληκὼς,
1155 5147 1370 5218 ἕτοιμος
1397 5148 1477 5210 εἰς
1507 5147 1772 5200 ἀντίδοσιν
1795 5148 1822 5199 6
1849 5147 1962 5199 δια-

396 5238 575 5304 σώσας
605 5241 757 5305 Θεὸς,
789 5241 1067 5312 εὐεργετεῖ
1106 5241 1232 5302 τοὺς
1277 5239 1672 5308 ὲπεγνωκότας,
1708 5238 1872 5301 θείοις
1903 5256 1962 5292 τε

395 5331 486 5382 καὶ
520 5334 905 5397 πνευματικοῖς
945 5331 1330 5401 κατευφραίνει
1365 5330 1631 5392 πλουσίως
1657 5331 1782 5392 τοὺς
1815 5329 1961 5396 δοξο-

396 5421 685 5489 λογοῦντας
730 5423 1109 5494 αὑτόν.Ἀθρει
1139 5422 1247 5493 γὰρ
1272 5425 1419 5485 ὅπως
1447 5423 1495 5474 οἱ
1529 5422 1623 5491 μὲν
1652 5421 1959 5490 ὡμολόγουν

393 5513 808 5583 λέγοντεςοΊδοὺ
849 5518 877 5569 6
921 5516 1050 5580 Θεός
1092 5534 1215 5587 μου,
1248 5517 1439 5588 Σωτήρ
1479 5533 1578 5586 μου
1611 5516 1834 5586 Κύριος,
1863 5532 1959 5568 πε-

397 5607 596 5670 ποιθὼς
628 5608 820 5681 ἔσομαι
865 5610 950 5662 ἐπ’
997 5609 1161 5679 αὐτῷ·
1194 5611 1221 5662 6
1257 5610 1314 5662 δὲ
1342 5608 1703 5679 παραχρῆμα,
1733 5608 1827 5660 καὶ
1855 5624 1960 5674 πη-

396 5698 500 5765 γὰς
546 5699 725 5763 αὐτοῖς
779 5700 871 5753 καὶ
909 5700 1051 5770 ὕδωρ
1101 5701 1490 5769 ἐπαγγέλλεται
1519 5700 1959 5771 σωτήριον.Ἔδει

472 5857 515 5885 τ’
541 5855 675 5910 ltum
733 5875 768 5923 l,
794 5857 864 5911 9.2
888 5875 1004 5929 sqq.

2062 2011 2420 2078 corruptibilis
2476 2012 2564 2066 Dei
2627 2013 2678 2066 in
2732 2013 3138 2069 similitudinem
3195 2016 3443 2085 imaginis
3504 2032 3625 2072 cor—

2065 2101 2330 2171 ruptibilis
2375 2103 2625 2168 hominis,
2657 2113 2711 2158 et
2744 2106 3063 2171 volatilium,
3098 2117 3154 2162 et
3195 2109 3620 2177 quadrupedum,

2071 2203 2125 2246 et
2169 2193 2456 2262 reptilium.
2510 2193 2820 2265 Propterea,
2882 2215 2900 2248 ι
2965 2198 3160 2266 inquit,
3212 2199 3474 2252 «tradidit
3528 2213 3622 2254 eos

2067 2285 2202 2338 Deus
2229 2285 2280 2338 in
2309 2286 2594 2354 reprobum
2624 2299 2930 2353 sensum,et
2961 2290 3010 2343 in
3035 2289 3356 2359 cupiditates
3389 2291 3620 2359 ignomi-

2065 2374 2266 2438 niosas,
2311 2386 2369 2429 ut
2414 2376 2614 2432 faciant
2652 2394 2772 2447 quae
2817 2394 2920 2433 non
2954 2382 3232 2436 decent".
3262 2400 3282 2434 ι
3327 2381 3428 2449 Qui
3478 2382 3622 2436 enim

2064 2466 2298 2519 divinam
2327 2468 2695 2522 adulterarum
2742 2471 2987 2542 gloriam,
3022 2481 3075 2524 et
3101 2487 3368 2540 supremae
3414 2485 3623 2528 natura)

2063 2557 2412 2613 excellentem
2440 2560 2890 2628 pulchritudinem
2935 2563 3072 2617 adeo
3113 2564 3326 2620 miseris
3357 2567 3623 2621 creaturis

2065 2651 2442 2716 attribuerunt,
2471 2669 2646 2707 annon
2668 2653 2970 2722 iustissime
3000 2655 3192 2710 divinae
3221 2657 3314 2711 irae
3349 2658 3622 2713 severitati

2067 2740 2498 2808 subjicerentur?
2547 2743 2681 2800 Cum
2723 2755 2899 2800 autem
2938 2747 3054 2800 ait:
3087 2748 3340 2803 Avertisti
3387 2749 3622 2805 furorem

2068 2843 2235 2898 tuum,
2298 2834 2550 2890 misertus
2601 2852 2660 2891 es
2715 2838 2817 2892 mei
2873 2837 3068 2908 (vocati
3124 2839 3266 2893 enim
3310 2855 3497 2895 sumus
3551 2843 3621 2896 ad

2065 2923 2390 2990 agnitionem
2423 2940 2520 2994 per
2546 2926 2701 2981 fidem
2737 2941 2753 2980 :
2804 2942 2909 2982 nou
2940 2942 3006 2982 ex
3041 2930 3294 2994 operibus
3329 2945 3449 2998 quae
3496 2931 3624 2984 feci-

2067 3029 2186 3069 mus
2207 3032 2325 3080 nos,
2359 3017 2499 3072 sicut
2531 3019 2786 3087 scriptum
2829 3027 2915 3073 est
2942 3019 3011 3084 ⁸⁵,
3040 3020 3200 3090 212
3233 3021 3323 3075 sed
3364 3036 3432 3074 ex
3458 3021 3622 3075 multa

2066 3105 2182 3174 ejus
2213 3107 2626 3179 misericordia),
2650 3107 2874 3173 idcirco,
2902 3108 3094 3178 inquit,
3126 3111 3192 3164 ad
3218 3109 3624 3180 intelligentiam

2069 3206 2171 3252 tuae
2209 3198 2619 3269 magnificentiae
2661 3200 2972 3270 perductus,
3005 3201 3220 3255 assidue
3262 3202 3494 3256 tribuam
3529 3202 3622 3256 tibi

2063 3289 2286 3357 gloriam
2315 3300 2370 3344 et
2393 3289 2596 3357 Iaudes,
2619 3301 2673 3345 et
2703 3291 2878 3346 dicam
2910 3305 2924 3343 :
2955 3292 3092 3346 Ecce
3130 3291 3268 3347 Deus
3294 3307 3466 3357 meus,
3494 3292 3623 3346 Ser.-

2064 3391 2216 3435 vator
2252 3397 2404 3438 meus
2455 3382 2734 3447 Dominus,
2768 3382 3029 3436 confidam
3078 3382 3150 3449 ei,
3189 3391 3243 3437 et
3273 3383 3453 3437 salvus
3505 3399 3621 3438 ero.

2063 3471 2341 3538 Quondam
2387 3475 2529 3528 enim
2565 3473 2724 3543 lignis
2756 3473 3128 3544 lapidibusque
3161 3477 3536 3545 procidentes,
3571 3491 3624 3529 et

2063 3562 2388 3632 imaginibus
2447 3577 2610 3618 sensu
2653 3565 2964 3618 carentibus
3003 3565 3295 3621 offerentes
3335 3564 3623 3629 sacriﬁcia,

2062 3652 2264 3705 servari
2315 3666 2411 3719 per
2459 3651 2546 3705 illa
2598 3653 2878 3722 rogabant.
2906 3653 2974 3707 At
3003 3655 3454 3725 postquam,.Deo
3484 3670 3613 3709 vero

2063 3744 2267 3814 agnito,
2301 3743 2438 3799 falso
2460 3744 2765 3800 nominatos
2792 3746 3170 3817 proﬂigarunt,
3202 3747 3347 3802 illum
3365 3759 3421 3802 et
3443 3748 3618 3802 solum

2063 3838 2457 3902 demonstrant,
2491 3836 2772 3893 dicentes:
2807 3838 2944 3895 Ecce
2977 3839 3118 3896 Deus
3161 3855 3338 3906 meus,
3363 3837 3622 3894 Servator

2062 3941 2212 3980 meus
2242 3924 2520 3980 Dominus.
2537 3925 2654 3981 Non
2686 3927 2795 3996 jam
2837 3927 3014 3995 lignis,
3041 3941 3142 3981 non
3170 3926 3436 3997 lapidibus
3462 3927 3623 3982 fidam

2061 4016 2308 4086 amplius,
2347 4017 2538 4085 inquit,
2566 4017 2659 4071 sed
2708 4017 2762 4071 in
2809 4032 2895 4084 eo,
2927 4027 2984 4072 et
3006 4018 3222 4088 quidem
3261 4018 3398 4081 solo,
3436 4026 3490 4072 et
3526 4033 3624 4085 per

2063 4110 2238 4178 ipsum
2295 4110 2574 4164 servabor.
2609 4109 2676 4163 Et
2707 4108 2832 4164 licet
2887 4109 2980 4180 qui
3031 4111 3159 4164 olim
3206 4109 3456 4178 spoliavit
3485 4119 3540 4163 et
3570 4111 3621 4162 in

2060 4215 2297 4255 errorem
2334 4201 2586 4269 abripuit,
2605 4215 2791 4256 rursus
2812 4202 3020 4257 accedit
3047 4210 3257 4257 tentans
3275 4211 3329 4257 et
3347 4216 3588 4272 pugnans
3606 4240 3624 4266 ,

2065 4291 2287 4348 Vincam
2324 4303 2528 4360 tamen,
2554 4293 2750 4363 inquit,
2789 4295 2920 4364 quia
2950 4295 3125 4364 gloria
3154 4310 3270 4350 mea
3305 4304 3359 4349 et
3386 4294 3623 4350 laudatio

2064 4399 2180 4439 mea
2236 4384 2516 4440 Dominus.
2550 4383 2741 4440 Viden’
2778 4385 3049 4454 quomodo
3101 4385 3349 4440 noverint
3383 4385 3624 4441 salutare

2061 4491 2200 4540 esse,
2226 4475 2408 4530 laudes
2428 4492 2623 4532 canere
2638 4490 2703 4532 ac
2728 4476 3061 4546 gloriﬁcare?
3088 4496 3107 4529 ι
3129 4476 3386 4532 Sacriﬁca
3409 4494 3431 4528 ι
3455 4476 3620 4539 enim,

2063 4566 2254 4634 inquit,
2289 4583 2308 4616 ι
2348 4566 2456 4620 Deo
2491 4567 2815 4622 sacrificium
2851 4566 3044 4632 laudis,
3071 4577 3127 4622 et
3158 4568 3320 4623 redde
3342 4567 3622 4622 Altissimo

2063 4667 2183 4712 vota
2216 4668 2305 4711 tua
2332 4658 2412 4723 “;
2451 4675 2469 4710 ι
2508 4666 2564 4713 et
2592 4680 2604 4714 :
2637 4658 2960 4713 «.lnvocabis
3006 4674 3091 4714 me
3118 4661 3169 4714 in
3205 4659 3293 4714 die
3321 4658 3625 4715 alllictionis

2066 4757 2190 4814 ture,
2226 4757 2283 4802 et
2312 4748 2542 4818 eripiam
2567 4756 2643 4814 te,
2673 4757 2730 4804 et
2756 4746 3083 4818 glorificabis
3107 4761 3193 4803 me
3220 4747 3288 4802 ⁸¹.
3318 4764 3338 4798 ι

2129 4966 2291 5024 Vsus.
2324 4969 2376 5024 5.
2408 4966 2476 5022 Et
2498 4968 2703 5024 haurite
2724 4985 2915 5041 aquam
2935 4984 3053 5024 cum
3080 4968 3269 5024 laetitia
3303 4968 3368 5022 de
3392 4967 3622 5038 fontibus

2062 5061 2351 5119 Salutaris.

2128 5151 2406 5207 Gloriosus
2443 5151 2531 5206 ille
2580 5152 2670 5221 qui
2700 5151 2932 5218 vocavit,
2983 5158 3264 5221 promptus
3315 5159 3372 5206 et
3405 5159 3624 5220 paratus

2059 5241 2126 5293 ad
2154 5241 2665 5309 remunerationem,
2684 5242 2776 5312 qui
2798 5241 3143 5297 conservavit
3167 5243 3328 5305 Deus,
3353 5241 3624 5296 benefacit

2065 5333 2499 5402 agnoscentibus,
2556 5344 2610 5387 et
2641 5333 2809 5403 gloria
2860 5334 3177 5389 d'ecorantes
3209 5333 3383 5401 ipsum
3427 5332 3622 5386 divinis

2064 5435 2226 5494 atque
2256 5424 2585 5493 spiritalibus
2620 5426 2772 5479 donis
2817 5425 3020 5479 affatim
3049 5424 3332 5480 exbilarat.
3370 5425 3622 5481 Contem-

2064 5516 2213 5586 plare
2263 5516 2486 5578 etenim,
2519 5530 2626 5584 quo
2675 5526 2844 5584 pacto-
2885 5517 2937 5570 hi
2984 5517 3200 5586 quidem
3229 5517 3622 5572 confitebantur

2065 5609 2305 5662 dicentes
2337 5624 2351 5660 :
2381 5605 2518 5661 Ecce
2544 5607 2686 5661 Deus
2731 5623 2902 5674 meus,
2929 5607 3189 5663 Servator
3237 5623 3388 5663 mens
3445 5610 3620 5663 Domi-

2067 5716 2186 5766 nus,
2217 5700 2478 5754 contidam
2513 5699 2580 5753 ei.
2639 5699 2730 5755 Ille
2761 5701 3046 5757 confestim
3087 5711 3140 5757 et
3185 5699 3361 5756 fontes
3392 5699 3542 5770 ipsis,
3569 5710 3624 5753 et

1086 5862 1129 5892 ⁸ο
1154 5860 1260 5914 Tit.
1293 5875 1372 5926 ιιι,
1410 5860 1460 5917 5.
1538 5859 1578 5890 ⁸¹
1613 5857 1757 5914 Psal.
1787 5873 1933 5922 xm,
1981 5857 2062 5910 li.
2138 5857 2180 5888 ⁸³
2210 5857 2336 5911 ibid.
2374 5855 2453 5910 l5.
