4152 6366
534 417 643 478 345

1490 412 1544 468 S.
1589 410 1862 469 CYRiLLl
1902 405 2376 464 ALEXANDRINI
2420 406 2738 463 ARCHIEP.

3669 414 3775 470 διι

535 551 728 608 aquam
760 535 1024 608 promittit
1062 535 1374 592 salutarem.
1412 530 1599 588 Decuit
1637 531 1804 598 enim,
1831 531 2012 585 decuit
2064 546 2095 585 e

2202 527 2329 597 γάρ,
2357 525 2464 580 ἔδει
2496 527 2621 589 τοὺς
2653 528 2718 580 ὲκ
2747 528 2972 592 σκότους
3001 528 3308 600 δραμόντας
3358 531 3495 604 πρὸς
3537 532 3598 587 τὸ
3638 533 3774 602 φῶς,

536 629 774 685 tenebris
813 629 878 684 ad
911 628 1082 684 lucem
1117 634 1474 696 emergentes,
1502 640 1566 677 ex
1595 623 1898 694 ignorantia
1931 626 2105 696 genti-

534 721 664 776 lium
699 723 764 776 ad
795 719 1122 790 agnitionem
1165 717 1279 772 veri
1314 716 1675 783 Dei.vocatos,
1706 718 2030 787 paedagOgiae
2051 727 2107 773 et

533 813 706 876 verbi,
742 813 883 881 quod
909 810 1177 865 exhilarat
1209 817 1264 864 et
1311 817 1486 878 potest
1512 822 1608 864 eos
1648 807 1702 862 in
1743 807 1964 877 pietatis
1989 808 2104 864 otii-

529 904 617 958 cio
670 904 989 966 continere,
1047 902 1356 969 neutiquam
1424 915 1546 956 esse
1592 910 1870 969 expertes.
1942 902 2101 957 «Non

531 995 702 1058 enim,
725 1014 744 1048 ι
780 994 975 1065 inquit,
1007 1013 1026 1045 ι
1053 993 1105 1048 in
1148 993 1265 1048 solo
1318 1007 1456 1061 pane
1519 992 1661 1047 vivet
1717 993 1898 1057 homo,
1927 994 2020 1049 sed
2049 995 2102 1048 in

530 1085 680 1141 omni
707 1086 872 1140 verbo
913 1084 1054 1154 quod
1100 1083 1343 1154 procedit
1393 1098 1461 1138 ex
1504 1097 1600 1139 ore
1625 1083 1716 1138 Dei
1739 1083 1807 1137 ⁸³.
1833 1101 1854 1138 ι
1891 1084 2101 1153 Aquam

530 1187 662 1242 ergo
695 1172 937 1227 nominat
976 1172 1249 1226 viviﬁcum
1293 1172 1388 1227 Dei
1443 1173 1687 1236 verbum,
1713 1173 1889 1229 fontes
1922 1184 2101 1229 autem

530 1273 753 1320 sanctos
787 1263 1059 1332 apostolos
1088 1273 1144 1318 et
1179 1263 1542 1334 evangelistas
1563 1281 1575 1316 :
1599 1263 1735 1318 adde
1756 1264 1919 1318 etiam
1956 1264 2102 1334 ipsos

531 1355 845 1425 prophetas,
880 1353 1131 1410 Salutare
1161 1369 1291 1409 vero
1325 1352 1627 1409 Christum.
1657 1352 1764 1410 Vos
1792 1355 1975 1424 igitur,
2004 1355 2096 1419 ait,

531 1448 620 1517 qui
648 1447 1073 1503 confessionibus
1128 1446 1252 1501 ﬁdei
1301 1461 1388 1502 me
1430 1456 1621 1502 natura
1653 1457 1708 1502 et
1731 1446 2102 1502 universitatis

541 1538 707 1592 Deum
737 1537 1072 1601 exhilaratis,
1093 1535 1364 1606 recipietis
1386 1547 1442 1591 et
1461 1537 1695 1591 divinam
1720 1546 1776 1592 et
1804 1536 2100 1607 Spiritalem

531 1628 886 1695 hilaritatem,
935 1629 1247 1684 haurientes
1299 1627 1520 1683 verbum
1563 1628 1706 1696 quod
1739 1627 2018 1683 continere
2049 1637 2104 1681 et

530 1722 885 1778 corroborare
919 1722 970 1776 in
1015 1722 1116 1776 hoc
1159 1736 1252 1777 vos
1281 1719 1496 1790 paterit,
1528 1734 1592 1775 ex
1629 1720 1866 1775 fontibus
1891 1720 2103 1776 Saluta-

533 1813 635 1879 ris,
666 1814 718 1869 id
745 1824 849 1882 est,
900 1813 1127 1870 Christi.
1162 1814 1278 1884 ipse
1317 1815 1460 1870 enim
1487 1815 1766 1870 constituit
1794 1814 1953 1885 213
1980 1829 2104 1869 san—

2204 613 2332 676 τοὺς
2364 613 2424 679 ἐξ
2452 613 2692 685 ἀμαθίας
2724 614 3040 687 Ἑλληνικῆς
3069 620 3150 682 είς
3184 620 3476 688 ἐπίγνωσιν
3507 622 3778 692 κεκλημέ-

2204 719 2328 766 νους
2376 703 2471 756 τοῦ
2519 703 2661 757 κατὰ
2709 705 2966 777 ἀλήθειαν
3017 707 3169 774 ὄντος
3211 710 3350 765 Θεοῦ
3377 712 3452 783 μὴ
3477 712 3776 783 ἀμοιρῆσαι

2203 795 2579 864 παιδαγωγίας
2626 796 2721 850 καὶ
2771 797 2929 866 λόγου
2974 799 3068 852 τοῦ
3123 802 3624 871 κατευφραίνοντος,
3683 803 3778 856 καὶ⁸

2203 884 2446 956 συνέχειν
2490 885 2688 950 αὐτοὺς
2719 886 2991 956 ἰσχύοντος
3023 893 3160 961 πρὸς
3191 891 3492 946 εὐσέϐειαν.
3526 912 3544 944 ι
3565 892 3640 945 Οὐ
3669 894 3777 963 γὰρ

2201 976 2288 1029 ἐπ’
2315 976 2465 1048 ἄρτῳ
2494 977 2639 1048 μόνῳ
2674 978 2918 1050 ζήσεται,
2952 998 2970 1032 ι
3004 981 3190 1050 φησὶν,
3224 1001 3242 1033 ι
3273 984 3301 1035 ό
3326 982 3632 1055 ἄνθρωπος,
3662 984 3775 1036 ἀλλ’

2199 1067 2293 1120 ἐπὶ
2321 1069 2486 1122 παντὶ
2512 1069 2714 1139 ῥήματι
2741 1071 3159 1144 ἐκπορευομένῳ
3186 1073 3273 1128 διὰ
3290 1077 3556 1146 στόματος
3580 1077 3770 1130 Θεοῦ.»

2203 1159 2392 1230 ’Ὑδωρ
2418 1161 2515 1231 μὲν
2535 1157 2628 1215 οὖν
2645 1162 2907 1216 ἀποκαλεῖ
2925 1165 3016 1218 τὸν
3034 1164 3295 1231 ζωοποιὸν
3308 1169 3403 1221 τοῦ
3419 1168 3575 1233 Θεοῦ,
3597 1169 3775 1237 λόγον·

2200 1252 2384 1322 πηγάς
2411 1253 2468 1306 δὲ
2492 1253 2619 1317 τοὺς
2657 1253 2843 1323 ἁγίους
2877 1257 3205 1322 ἀποστόλους
3246 1277 3304 1312 τε
3348 1261 3446 1314 καὶ
3494 1261 3778 1329 εὐαγγελι-

2203 1347 2360 1411 στάς,
2391 1347 2689 1418 προσθείην
2721 1347 2788 1400 δι’
2827 1348 2893 1401 ἂν
2919 1349 3000 1402 ὅτι
3031 1351 3124 1403 καὶ
3167 1351 3362 1416 αὐτοὺς
3407 1352 3534 1416 τοὺς
3564 1354 3778 1424 προφή-

2199 1452 2318 1501 ταςο
2363 1438 2639 1509 Σωτήριον
2678 1439 2735 1492 δὲ
2781 1439 2872 1493 τὸν
2920 1441 3174 1512 Χριστόν.
3234 1444 3421 1515 Ὑμεῖς
3471 1445 3777 1517 τοιγαροῦν,

2201 1532 2388 1601 φησὶν,
2433 1533 2484 1584 oi
2529 1534 2647 1595 ταῖς
2689 1534 2767 1596 εἰς
2806 1533 2986 1587 πίστιν
3013 1536 3326 1606 ὁμολογίαις
3362 1538 3464 1608 ἐμὲ
3495 1538 3588 1592 τὸν
3619 1539 3779 1608 φύσει

2201 1625 2294 1677 καὶ
2324 1626 2415 1678 τὸν
2443 1625 2576 1680 ὅλων
2603 1626 2737 1678 Θεὸν
2764 1627 3172 1698 εὐφραίνοντες,
3203 1630 3601 1700 ἀντικομιείσθε
3627 1632 3779 1686 Θείαν

2200 1734 2259 1770 τε
2285 1718 2379 1770 καὶ
2409 1719 2786 1791 πνευματικὴν
2807 1720 3166 1793 εὐφροσύνην,
3201 1723 3490 1793 ἀρυόμενοι
3511 1724 3602 1776 τὸν
3623 1723 3780 1793 λόγον

2200 1808 2293 1862 τὸν
2327 1811 2404 1872 εις
2433 1808 2591 1864 τοῦτο
2619 1811 2762 1880 ὑμᾶς
2793 1812 3035 1882 συνέχειν
3066 1811 3313 1883 ἰσχύοντα
3345 1815 3410 1867 ὲκ
3442 1813 3549 1866 τῶν
3584 1814 3778 1884 πηγῶν

531 1916 654 1962 ctos
709 1905 1002 1975 apostolos,
1039 1905 1106 1960 de
1145 1905 1341 1976 quibus
1370 1915 1425 1960 et
1454 1907 1644 1960 beatus
1673 1904 1838 1960 David
1876 1905 2095 1976 psallit:

2202 1899 2294 1954 τοῦ
2312 1901 2611 1974 Σωτηρίου,
2635 1901 2780 1956 τοῦτ’
2801 1903 2940 1966 ἐστι,
2967 1903 3224 1975 Χριστοῦ.
3251 1904 3421 1968 Αὐτὸς
3443 1905 3550 1976 γὰρ
3573 1905 3777 1959 ἀνέδει-

547 2018 567 2052 ι
594 1998 974 2070 Apparuerunt
998 1998 1176 2054 fontes
1206 2013 1490 2067 aquarum,
1520 2009 1574 2054 ct
1589 2008 1795 2055 retecta
1830 2011 1955 2054 sunt
1977 1999 2098 2054 fun-

533 2091 786 2146 damenta
819 2089 965 2146 orbis
989 2101 1255 2145 terrarum
1279 2091 1344 2145 “.
1368 2108 1388 2142 ι
1423 2090 1617 2147 Fontes
1645 2091 1907 2161 siquidem
1931 2106 2096 2161 aqua-

529 2197 651 2238 rum
677 2191 809 2237 sunt
833 2182 996 2238 divini
1029 2182 1298 2254 discipuli,
1325 2183 1414 2253 qui
1445 2198 1724 2239 sermones
1772 2198 1803 2238 e
1846 2186 2098 2255 supernis

529 2284 586 2330 et
625 2288 722 2343 per
753 2272 1016 2344 Spiritum
1046 2274 1098 2329 in
1126 2274 1439 2330 universum
1486 2275 1671 2330 orbem
1703 2282 1968 2329 terrarum
2000 2274 2095 2328 de-

527 2363 739 2435 pluunt.
768 2361 905 2418 Sunt
924 2368 1052 2419 item
1078 2372 1132 2418 et
1164 2363 1510 2419 fundamenta
1537 2364 1740 2419 mundi.
1767 2363 1931 2434 Lapis
1952 2365 2096 2419 enim

527 2455 764 2512 selectus
793 2454 1066 2523 Christus,
1096 2458 1188 2528 qui
1239 2459 1445 2527 positus
1475 2472 1504 2511 a
1538 2458 1646 2513 Deo
1696 2467 1751 2512 et
1782 2457 1945 2514 Patre
1967 2458 2098 2513 dici-

527 2558 618 2604 tur
665 2549 718 2605 in
786 2548 1132 2606 fundamenta
1182 2548 1336 2617 Sion,
1394 2552 1446 2606 id
1487 2563 1593 2619 est,
1650 2549 1907 2607 Ecclesiae
1942 2569 1957 2607 :
1995 2553 2096 2620 ipsi

527 2657 764 2714 namque
809 2643 1117 2710 innitimur,
1137 2654 1192 2700 et
1241 2659 1338 2714 per
1361 2645 1519 2701 tidem
1548 2645 1880 2703 aediﬁcamur
1907 2645 2098 2701 domus

528 2736 828 2805 spiritualis
868 2736 921 2790 in
951 2736 1206 2806 templum
1253 2746 1523 2802 sanctum,
1579 2740 1633 2792 in
1677 2739 1960 2794 aedilicium
2003 2737 2094 2792 Dei

529 2818 587 2876 in
625 2820 848 2890 Spiritu.
879 2821 1108 2894 Lapides
1144 2838 1274 2879 vero
1306 2826 1598 2880 secundum
1625 2827 1799 2896 ipsum
1829 2827 1944 2882 sive
1972 2824 2096 2879 fun-

527 2909 778 2966 damenta
802 2912 948 2967 orbis
984 2922 1140 2967 terra
1169 2923 1390 2982 possent
1415 2930 1535 2971 esse
1557 2931 1621 2971 ac
1646 2917 1771 2983 dici,
1792 2917 1952 2988 idque
1973 2915 2098 2985 jure

529 3005 756 3072 optimo,
778 3007 867 3076 qui
919 3006 1068 3062 illum
1127 3023 1225 3078 per
1281 3024 1496 3066 omnem
1539 3021 1736 3066 terram
1777 3013 2093 3082 praedicant.

529 3095 666 3150 Nam
703 3097 904 3168 scripta
948 3113 1135 3154 eorum
1186 3116 1286 3156 nos
1315 3104 1603 3168 sustinent,
1629 3117 1693 3159 ac
1747 3103 2003 3159 ﬁrmitate
2043 3115 2097 3161 et

530 3187 835 3242 constantia
868 3187 992 3244 ﬁdei
1025 3199 1079 3244 et
1099 3191 1343 3248 veritatis
1373 3193 1620 3249 iniciunt.

2198 1995 2256 2063 ξε
2284 1996 2411 2060 τοὺς
2439 1996 2625 2066 ἁγίους
2652 1997 3010 2062 ἀποστόλους
3038 1999 3165 2070 περὶ
3211 1991 3285 2052 ὧν
3320 2000 3414 2051 καὶ
3442 1999 3470 2051 ὁ
3504 1999 3775 2069 μακάριος

2195 2089 2388 2160 ψάλλει
2419 2090 2586 2144 Δαόίδ
2607 2107 2620 2122 ·
2659 2092 2979 2164 «Ὠφθησαν
3006 2095 3063 2148 ai
3092 2094 3266 2164 πηγαὶ
3293 2092 3401 2145 τῶν
3429 2092 3656 2153 ὑδάτων,
3685 2092 3776 2145 καὶ

2196 2182 2646 2253 ἀνεκαλύφθησαν
2676 2183 2746 2237 τὰ
2774 2183 2998 2254 θεμέλια
3021 2184 3120 2255 τῆς
3165 2184 3510 2254 οἰκουμένης.
3538 2204 3555 2234 ι
3594 2185 3776 2253 Πηγαὶ

2200 2276 2302 2347 μὲν
2346 2276 2456 2347 γάρ
2501 2275 2708 2330 ὑδάτων
2756 2277 2893 2330 εἰσιν
2939 2280 2988 2331 οἱ
3039 2277 3314 2331 θεσπέσιοι
3362 2277 3620 2348 μαθηταὶ,
3649 2277 3778 2339 τοὺς

2196 2369 2402 2424 ἀνωθεν
2440 2369 2534 2422 καὶ
2563 2368 2650 2423 διὰ
2677 2369 2771 2424 τοῦ
2805 2369 3114 2440 Πνεύματος
3149 2373 3258 2433 τοῖς
3309 2369 3412 2422 ἀνὰ
3453 2371 3633 2422 πᾶσαν
3679 2366 3777 2437 τὴν

2197 2461 2291 2514 ὑπ’
2320 2461 2548 2534 οὐρανὸν
2575 2460 2940 2532 ἀναόρύοντες
2973 2461 3180 2530 λόγους.
3227 2461 3345 2513 Εἰσὶ
3369 2460 3426 2512 δὲ
3456 2458 3653 2529 ὁμοίως
3686 2457 3778 2509 καὶ

2198 2551 2425 2623 θεμέλια
2453 2550 2547 2605 τοῦ
2577 2551 2805 2622 κόσμου.
2834 2551 2994 2614 Λίθος
3025 2549 3122 2621 μὲν
3150 2549 3256 2620 γὰρ
3300 2547 3556 2610 ἐκλεκτὸς
3582 2549 3610 2599 ό
3641 2547 3779 2615 Χρι-

2199 2645 2343 2708 στὸς,
2371 2644 2429 2708 ὃς
2476 2644 2573 2697 καὶ
2611 2643 2881 2698 τεθεῖσθαι
2925 2641 3141 2711 λέγεται
3171 2641 3322 2713 παρά
3367 2639 3462 2694 τοῦ
3505 2639 3640 2692 Θεοῦ
3683 2636 3778 2691 καὶ

2197 2736 2410 2807 ΙΙατρὸς
2459 2737 2537 2799 είς
2583 2733 2650 2787 τὰ
2691 2733 2918 2804 θεμέλια
2967 2733 3070 2804 τῆς
3118 2732 3284 2796 Σιὼν,
3322 2731 3466 2786 τοῦτ’
3498 2730 3633 2794 ἐστι,
3679 2730 3776 2799 τῆς

2211 2827 2556 2897 Ἐκκλησίας.
2571 2825 2726 2896 Αὐτῷ
2751 2826 2858 2894 γὰρ
2873 2823 3310 2898 ὲπερηρείσμεθα
3332 2823 3426 2876 καὶ
3439 2822 3525 2875 διὰ
3544 2821 3779 2882 πίστεως

2196 2918 2698 2989 ὲποικοδομούμεθα
2726 2913 2871 2980 οἶκος
2905 2915 3273 2986 πνευματικὸς
3316 2916 3395 2978 είς
3434 2913 3560 2967 ναὸν
3599 2912 3772 2979 ἅγιον,

2196 3013 2277 3074 είς
2323 3012 2743 3082 κατοικητήριον
2796 3009 2890 3062 τοῦ
2942 3009 3076 3062 Θεοῦ
3125 3012 3182 3062 ὲν
3226 3007 3515 3078 πνεύματι.
3545 3005 3693 3058 Λίθοι
3721 3002 3778 3056 δὲ

2201 3103 2318 3174 μετ’
2343 3103 2525 3170 αὐτὸν,
2551 3104 2669 3174 ἤτοι
2692 3102 2915 3173 θεμέλια
2939 3104 3034 3172 τῆς
3053 3101 3396 3171 οἰκουμένης,
3423 3095 3533 3152 εἷεν
3564 3097 3628 3150 ἂν
3660 3096 3777 3148 όνο-

2202 3197 2458 3268 μάζοιντό
2502 3214 2560 3250 τε
2601 3197 2696 3250 καὶ
2738 3195 2942 3266 σφόδρα
2975 3194 3197 3256 εἰκότως
3241 3195 3290 3246 οἱ
3327 3190 3777 3262 διακηρύττοντες

529 3283 696 3338 αὐτὸν
721 3286 834 3349 τοῖς
876 3284 982 3339 ἀνά
1021 3287 1200 3340 πᾶσαν
1229 3287 1329 3359 τὴν
1364 3289 1492 3360 γῆν.
1512 3291 1788 3363 Ἀνέχουσι
1822 3293 1931 3366 γὰρ
1957 3295 2103 3365 ἡμᾶς
2136 3295 2206 3349 τὰ
2263 3293 2441 3349 αὐτῶν
2504 3293 2912 3364 συγγράμματα
2934 3289 3069 3361 πρὸς
3092 3288 3408 3359 ἑδραιότητα
3433 3287 3525 3338 καὶ
3549 3282 3777 3354 βεϐαίω-

533 3390 621 3429 σιν
651 3373 751 3447 τήν
779 3376 838 3428 ἐν
862 3376 1040 3430 πίστει
1069 3395 1129 3431 τε
1155 3381 1246 3433 καὶ
1271 3381 1519 3452 ἀληθείᾳ.

608 3467 770 3524 Vsus.
810 3469 926 3524 4-6.
989 3470 1059 3525 Et
1097 3473 1235 3528 dices
1265 3475 1321 3528 in
1377 3477 1465 3530 die
1509 3477 1638 3532 illa:
1689 3477 1914 3550 Hymnis
1969 3479 2102 3534 cele-

2274 3468 2386 3524 Καί
2406 3467 2558 3537 ἐρεῖς
2579 3467 2649 3520 ἐν
2671 3465 2746 3535 τῇ
2767 3464 2955 3534 ἡμέρᾳ
2987 3463 3212 3531 ἐκείνῃ,
3248 3460 3514 3530 ’Υμνεῒτε
3540 3463 3776 3530 Κύριον.

531 3557 682 3614 brute
744 3559 1042 3627 Dominum,
1071 3563 1304 3620 invocata
1361 3582 1550 3621 nomen
1610 3568 1743 3636 ejus,
1795 3574 2107 3626 annuntiate

531 3655 590 3708 in
633 3655 871 3725 gentibus
928 3657 1158 3726 gloriosa
1227 3658 1363 3725 ejus,
1403 3673 1801 3716 commemorata
1855 3665 2102 3731 quoniam

533 3746 822 3801 exaltatum
875 3758 950 3802 est
992 3763 1178 3802 nomen
1221 3749 1359 3819 ejus.
1398 3747 1636 3806 Laudate
1689 3769 1878 3807 nomen
1917 3753 2102 3807 Domi-

534 3840 613 3903 ni,
657 3840 905 3909 quoniam
932 3841 1134 3895 excelsa
1163 3841 1311 3908 fecit,
1343 3847 1656 3900 annuntiate
1699 3846 1809 3899 hwc
1857 3847 1910 3900 in
1962 3847 2102 3901 omni

537 3939 698 3984 terra.
752 3930 1029 3987 Exsultate
1091 3945 1140 3987 et
1185 3932 1458 4000 letamini,
1509 3936 1599 4005 qui
1645 3937 1895 3992 habitatis
1950 3937 2102 4004 Sion,

533 4021 664 4090 quia
710 4023 969 4077 exaltatus
1002 4031 1077 4077 est
1129 4021 1357 4078 Sanctus
1402 4023 1620 4079 lsraelis
1672 4026 1728 4079 in
1778 4029 1950 4081 medio
2000 4029 2097 4081 tui.

607 4199 653 4255 0
699 4215 813 4255 rem
864 4201 1232 4257 admirandam
1279 4212 1335 4259 et
1385 4205 1910 4275 incredibilem!Qui
1949 4211 2105 4266 modo

536 4293 809 4365 mysteriis
879 4294 1120 4351 initiatus
1153 4304 1254 4360 est,
1309 4297 1434 4352 dein
1479 4298 1545 4352 ad
1608 4298 1870 4356 Salutaris
1933 4300 2107 4357 fontes

539 4387 789 4447 accessit.
819 4386 1118 4456 vitalesque
1177 4387 1354 4444 hausit
1409 4388 1617 4456 latices,
1651 4399 1854 4446 tantam
1898 4392 2108 4449 videtur

537 4479 746 4548 cepisse
818 4477 1270 4548 progressionem,
1306 4479 1372 4533 ad
1413 4479 1533 4545 hoc,
1569 4479 1806 4548 inquam,
1849 4492 1908 4537 ut
1968 4483 2106 4539 ﬁdus

537 4580 593 4626 et
617 4584 908 4641 germanus
959 4571 1210 4634 exsistat,
1252 4581 1308 4624 ut
1361 4573 1542 4627 statim
1596 4574 1946 4643 apostolicum
2007 4577 2108 4630 mi—

537 4660 823 4717 nisterium
898 4659 1168 4723 ostendat,
1191 4668 1246 4714 et
1295 4675 1399 4716 non
1454 4661 1628 4716 solum
1678 4672 1737 4718 ut
1789 4665 1852 4718 ad
1900 4665 2104 4735 glorili-

538 4755 774 4810 candum
831 4751 998 4806 Deum
1053 4750 1407 4822 instigabatur
1449 4752 1615 4820 solus,
1675 4754 1920 4820 sedjam
1986 4755 2106 4810 aliis

2196 3561 2383 3628 βοᾶτε
2437 3560 2503 3614 τὸ
2561 3559 2749 3627 ὄνομα
2805 3555 2989 3611 αὑτοῦ
3017 3595 3032 3618 ,
3086 3555 3478 3624 ἀναγγείλατε
3533 3555 3604 3608 ἐν
3655 3554 3778 3620 τοῖς

2203 3656 2406 3710 ἔθνεσι
2430 3653 2504 3707 τὰ
2523 3651 2744 3716 ἔνδοξα
2766 3650 2951 3704 αὑτοῦ
2968 3665 2982 3679 ·
3009 3647 3445 3717 μιμνήσκεσθε,
3465 3647 3552 3701 ὅτι
3571 3648 3778 3716 ὑψώθη

2203 3747 2268 3800 τὸ
2316 3746 2504 3815 ὄνομα
2548 3744 2754 3798 αὑτοῦ.
2799 3742 3137 3812 ’Υμνήσιιτε
3185 3739 3253 3794 τὸ
3301 3739 3487 3809 ὄνομα
3532 3741 3776 3807 Κυρίου,

2203 3840 2293 3895 ὅτι
2317 3839 2530 3909 ὑψηλά
2553 3839 2843 3904 ἐποίησεν
2859 3853 2873 3867 ·
2901 3834 3291 3905 (immutate
3315 3832 3498 3886 ταῦτα
3519 3832 3590 3886 ἐν
3611 3832 3778 3902 πάσῃ

2202 3933 2277 4003 τῇ
2320 3931 2418 4002 τῇ.
2462 3929 2847 4002 Ἀταλλιᾶσθε
2892 3929 2994 3983 καί
3038 3927 3460 3997 εὐφραίνεσθε,
3491 3929 3545 3980 οι
3581 3943 3775 3980 κατοι-

2203 4027 2450 4092 κοῦντες
2474 4025 2545 4077 ἐν
2563 4022 2736 4086 Σιὼν,
2768 4022 2858 4076 ὅτι
2879 4019 3090 4089 ὺψὼθη
3134 4023 3166 4074 ὀ
3195 4019 3361 4088 ἅγιος
3399 4017 3504 4072 τοῦ
3537 4017 3778 4087 Ἰσραὴλ

2202 4120 2271 4174 ἐν
2299 4117 2462 4186 μέσῳ
2481 4131 2618 4171 σου.

2279 4210 2343 4262 Ὢ
2375 4207 2679 4280 παραδόξου
2710 4205 3072 4278 πράγματοςῐ
3116 4203 3172 4256 'O
3228 4203 3428 4274 ἀρτίως
3484 4219 3776 4274 μυσταγω-

2205 4299 2467 4370 γούμενος
2491 4340 2507 4366 ,
2566 4294 2686 4352 εἶτα
2735 4295 3043 4368 περιτυχὼν
3076 4296 3195 4357 ταῖς
3231 4293 3324 4347 τοῦ
3360 4293 3632 4364 Σωτηρίου
3674 4312 3779 4362 πη-

2205 4393 2329 4458 γαῖς
2369 4391 2463 4444 καὶ
2495 4389 2555 4441 τὸ
2586 4387 2833 4458 ζωαρκὲς
2880 4385 3223 4457 ἀρυσάμενος
3271 4385 3421 4453 νᾶμα
3445 4424 3461 4450 ,
3513 4383 3778 4453 τοσαύτην

2205 4483 2398 4552 ὁρᾶται
2428 4479 2811 4551 προσειληφὼς
2843 4477 2942 4549 τὴν
2971 4477 3209 4531 ἐπίδοσιν
3231 4515 3244 4540 ,
3286 4476 3385 4546 τὴν
3434 4475 3512 4538 είς
3540 4492 3603 4543 γε
3636 4474 3780 4545 φημὶ

2205 4575 2266 4627 τὸ
2297 4569 2438 4627 εἶναι
2482 4572 2670 4634 πιστὸς
2705 4570 2799 4624 καὶ
2828 4569 3051 4640 γνήσιος
3079 4609 3093 4632 ,
3126 4569 3267 4622 ὥστε
3299 4568 3392 4620 καὶ
3418 4567 3779 4635 ἀποστολικὴν

2205 4668 2365 4731 εὐθὺς
2396 4666 2726 4720 ἐνδείκνυται
2756 4664 3116 4734 λειτουργίαν.
3149 4664 3258 4717 Καὶ
3285 4663 3383 4733 οὐχ
3436 4663 3582 4724 ὅπως
3617 4662 3778 4724 αὐτὸς

2206 4759 2502 4827 δοξολογεῖν
2528 4757 2779 4825 ἐπείγετο
2831 4758 2989 4827 μόνος
3009 4795 3024 4820 ,
3056 4756 3167 4810 ἀλλ’
3212 4756 3312 4826 ἥδη
3343 4755 3435 4809 καὶ
3465 4758 3574 4818 τοῖς
3601 4754 3778 4816 ἄλλοις

539 4860 756 4916 quoque
795 4844 1045 4899 omnibus
1082 4844 1183 4898 hoc
1205 4841 1556 4897 {actitandum
1604 4845 1844 4911 mandat,
1877 4846 2102 4901 dicens:

2208 4849 2380 4903 ἆπασι
2427 4850 2580 4902 τοῦτο
2620 4848 2752 4920 δρᾷν
2803 4850 3075 4902 ἐπιτάττει
3129 4847 3300 4916 λέγων
3326 4863 3339 4877 ’
3375 4848 3624 4916 ’Υμνεῖτε
3666 4845 3779 4898 Κύ-

542 4939 768 5012 Hymnis
819 4936 1109 5007 praedicate
1176 4934 1365 4999 Deum,
1409 4936 1655 4992 invocate
1710 4952 1905 4994 nomen
1965 4939 2101 5007 ejus.

542 5031 607 5088 Et
639 5031 962 5102 quibusnam
1005 5026 1234 5096 injungit
1281 5025 1560 5092 invocare,
1591 5029 1933 5097 perspicuum
1959 5028 2108 5092 facit,

540 5124 726 5180 dicens
751 5119 930 5176 illico:
961 5117 1290 5174 Annuntiate
1325 5117 1378 5172 in
1423 5119 1671 5188 gentibus
1717 5118 1946 5187 gloriosa
1969 5119 2106 5188 ejus.

542 5212 623 5268 Ne
667 5214 836 5278 enim,
871 5209 1069 5281 inquit,
1102 5210 1269 5266 lateat
1294 5207 1599 5266 Servatoris
1623 5210 1810 5279 gloria.
1847 5211 2109 5266 Omnibus

545 5303 832 5372 conspicua
865 5303 935 5359 sit
968 5302 1147 5358 divina
1193 5301 1310 5370 ejus
1353 5303 1437 5358 vis
1477 5315 1642 5374 atque
1693 5315 1951 5374 patestas.
1989 5304 2110 5360 Ser-

546 5397 714 5459 vavit,
780 5411 880 5452 nec
929 5395 1069 5452 mala
1108 5395 1323 5452 refricat
1374 5414 1388 5451 :
1437 5396 1653 5452 sustulit
1724 5397 2108 5469 inexpugnabi-

548 5488 652 5542 lem
699 5486 899 5544 diaboli
939 5502 1002 5542 ac
1046 5488 1430 5544 daemoniorum
1470 5488 1832 5559 tyrannidem,
1884 5490 2110 5546 redemit

548 5582 824 5648 deceptos,
864 5579 916 5633 in
971 5579 1270 5635 libertatem
1322 5581 1559 5636 asseruit
1625 5581 1935 5652 captivitate
1982 5597 2111 5638 con-

549 5669 786 5724 strictos.
825 5667 1020 5724 Fausta
1072 5671 1336 5726 nuntiavit
1385 5672 1570 5736 caecis,
1624 5683 1683 5728 ut
1731 5673 1906 5731 visum
1967 5675 2108 5732 reci-

622 5826 667 5856 "
699 5825 886 5882 Matth.
926 5842 998 5892 tv,
1024 5824 1077 5881 ti.
1155 5826 1198 5858 "
1222 5824 1516 5894 Psal.xvn,
1563 5826 1644 5882 16.

2209 4959 2342 5012 ριον,
2380 4941 2536 5011 βοᾶτε
2568 4943 2629 4994 τδ
2650 4940 2818 5012 ὄνομα
2845 4941 3032 4994 αὐτοῦ.
3082 4940 3191 4993 Καὶ
3209 4939 3346 4992 τίσιν
3373 4939 3482 5009 ἄρα
3510 4938 3775 5009 προστάτ-

2206 5051 2286 5086 τει
2314 5034 2461 5106 βοᾷν,
2489 5035 2712 5105 ἐναργὲς
2739 5032 3056 5102 καθίστησιν
3080 5031 3342 5096 ἐπιλέγων
3362 5029 3542 5094 εὐθύς·
3578 5031 3770 5096 Ἀναγ-

2206 5125 2423 5195 γείλατε
2451 5128 2508 5179 ἐν
2552 5129 2664 5190 τοῖς
2696 5124 2872 5179 ἔθνεσι
2902 5124 2970 5178 τὰ
3009 5121 3192 5188 ἔνδοξα
3215 5121 3398 5176 αὐτοῦ.
3441 5122 3534 5191 Μὴ
3567 5122 3674 5190 γάρ
3711 5119 3777 5189 δὴ

2206 5218 2530 5286 λανθανέτω,
2561 5219 2714 5290 φησὶ,
2743 5218 2837 5272 τοῦ
2870 5220 3118 5290 Σωτῆρος
3148 5219 3181 5286 ἡ
3215 5213 3340 5280 δόξα
3364 5255 3380 5280 ,
3408 5213 3609 5268 ἅπασιν
3639 5213 3778 5264 ἔστω

2215 5312 2531 5383 καταφανὴς
2568 5315 2600 5384 ή
2641 5313 2947 5384 Θεοπρεπὴς
2972 5312 3132 5367 αὐτοῦ
3157 5311 3382 5383 δύναμίς
3411 5329 3472 5364 τε
3502 5309 3594 5362 καὶ
3628 5306 3778 5371 ὲξου·

2218 5402 2325 5456 σία.
2372 5403 2583 5456 Σέσωκε
2637 5403 2734 5472 μὲν
2790 5403 3180 5473 ἀμνησικάκως
3209 5419 3224 5433 ο
3265 5401 3513 5456 καθεῖλεν
3565 5399 3777 5469 ἄμαχον

2215 5496 2504 5564 τυραννίδα
2559 5495 2656 5565 τὴν
2701 5495 2794 5548 τοῦ
2839 5494 3084 5548 διαϐόλου
3139 5493 3234 5547 καὶ
3290 5493 3399 5547 τῶν
3450 5489 3771 5559 δαιμονίων·

2218 5585 2558 5656 ὲλυτρώσατο
2609 5586 2735 5650 τοὺς
2788 5585 3201 5656 ἠπατημένους·
3255 5583 3592 5653 ἠλευθέρωσε
3651 5580 3777 5639 τοὺς

2216 5679 2274 5732 ὲν
2323 5677 2664 5750 αίχμαλωσίᾳ
2695 5693 2707 5707 ·
2760 5677 3146 5748 εὐηγγελίσατο
3193 5675 3407 5746 τυιρλοῑς
3464 5669 3772 5739 ἀνάϐλεψιν.
