4152 6366
373 443 480 496 διε

1500 437 1568 493 IN
1599 436 1833 494 ISAIAM
1867 435 1996 493 LIB.
2039 437 2101 493 ll.
2150 438 2386 495 TOMUS
2429 438 2490 493 Il.

3511 427 3618 484 ’548

375 555 701 608 Δεδικαίωκε
729 554 819 607 διὰ
852 553 1086 618 πίστεως
1107 592 1124 617 ,
1151 553 1346 625 ἡγίασε
1371 552 1460 607 διὰ
1489 553 1581 608 τοῦ
1612 553 1948 624 Πνεύματος,
1979 604 1985 614 ,

2084 563 2262 621 erent,
2287 550 2602 623 justiﬁcavit
2660 563 2756 620 per
2789 548 2970 612 ﬁdem,
2997 544 3352 603 sanctiﬁcavit
3385 558 3479 614 per
3514 544 3627 613 spi-

375 649 523 711 υίοὺς
553 646 804 716 ἀπέφηνε
852 644 987 699 Θεοῦ
1015 646 1142 708 τοὺς
1182 644 1349 698 πάλαι
1391 644 1664 714 δραπέτας
1716 645 1812 697 καὶ
1847 645 1948 713 τὴν

376 740 548 795 ἀκλεᾶ
583 739 676 794 καὶ
720 739 990 810 ἐπάρατον
1017 734 1359 800 διαϐιοῦντας
1406 735 1570 806 ζωήν.
1593 733 1948 804 Πεπληροφό-

381 849 515 903 ρηκε
541 832 628 886 διὰ
648 830 988 902 πραγμάτων
1017 830 1098 882 ὅτι
1139 827 1296 898 φύσει
1354 844 1414 880 τε
1463 827 1559 880 καὶ
1590 825 1805 896 ἀληθῶς
1833 827 1951 879 ἐστι

377 925 530 989 Θεός.
573 926 799 996 Ἤγειρε
843 924 1070 994 νεκροὺς
1093 963 1109 986 ,
1158 920 1430 993 καθαροὺς
1460 919 1708 989 ἀπέφηνε
1740 919 1865 982 τοὺς
1894 919 1952 972 ἐν

379 1015 982 1088 ).έπρα.Τεθεράπευκε
1026 1012 1257 1083 νεύμασι
1300 1012 1427 1075 τοὺς
1473 1014 1532 1065 ἐν
1574 1010 1906 1083 ἀρρωστίαις
1936 1027 1948 1040 ·

382 1106 616 1176 ἀνέκοψε
665 1105 989 1176 πνευμάτων
1039 1105 1234 1177 ὁρμάς.
1266 1101 1627 1171 Δεδυσώπηκε
1681 1100 1954 1154 θάλασσαν

384 1197 583 1269 ἀγρίαν
613 1191 798 1250 οὖσαν.
821 1193 1033 1248 Οὐκοῦν
1067 1193 1422 1262 ἀναγγείλατε
1450 1193 1509 1244 ἐν
1532 1193 1647 1255 τοῖς
1683 1189 1858 1244 ἔθνεσι
1889 1187 1956 1241 τὰ

385 1289 568 1355 ἔνδοξα
591 1288 756 1342 αὐτοῦ
779 1329 793 1353 ,
834 1288 929 1341 καὶ
966 1287 1055 1340 διὰ
1088 1287 1306 1357 μνήμης
1334 1283 1572 1338 ποιεῖσθε
1606 1282 1804 1353 πολλῆς
1829 1321 1845 1347 ,
1875 1280 1956 1333 ὅτι

387 1381 574 1452 ὑψώθη
600 1381 662 1434 τὸ
707 1381 877 1451 ὄνομα
906 1379 1091 1434 αὐτοῦ.
1129 1378 1342 1450 Ὑψηλά
1392 1379 1502 1448 γὰρ
1546 1376 1818 1446 ἐποίησεν.
1849 1373 1960 1427 Καὶ⁹

386 1476 495 1545 γάρ
523 1478 668 1528 ἐστιν
694 1474 908 1546 ἀληθῶς
955 1473 1094 1546 ὑπὲρ
1137 1473 1425 1544 ἀνθρώπου
1463 1473 1638 1542 χεῖρα,
1674 1469 1871 1539 μᾶλλον
1903 1465 1960 1518 δέ

387 1568 482 1620 καὶ
530 1565 730 1628 παντὸς
773 1565 1028 1618 ἐπέκεινα
1085 1564 1360 1635 θαύματος
1411 1563 1481 1617 τά
1529 1557 1958 1629 κατωρθωμένα.

399 1656 754 1726 ’Δγαλλιᾶσθε
777 1656 839 1728 δὴ
873 1652 968 1710 οὖν
995 1656 1089 1709 καὶ
1121 1653 1474 1727 εὐφραίνεσθε
1509 1655 1557 1706 οἰ
1583 1649 1963 1712 κατοικοῦντες

387 1750 558 1815 Σιὼν,
591 1749 735 1803 τοῦτ’
761 1748 907 1802 ἔστιν
927 1789 942 1814 ,
969 1748 1019 1801 οἱ
1061 1747 1280 1819 ἑδραίαν
1318 1747 1532 1818 ἔχοντες
1561 1744 1660 1815 τὴν
1688 1743 1867 1796 πίστιν
1905 1741 1962 1792 ἐν

402 1842 772 1914 Ἐκκλησίαιςο
829 1841 911 1894 ὅτι
962 1838 1149 1910 ὑψώθη
1205 1841 1233 1893 6
1281 1839 1435 1906 ἀγιος
1486 1836 1579 1890 τοῦ
1643 1832 1860 1905 Ἰσραὴλ
1900 1833 1956 1884 ἐν

2052 647 2235 710 ritum,
2292 645 2432 699 ﬁlios
2507 641 2687 697 elTecit
2753 639 2849 695 Dei
2921 641 3189 710 quondam
3251 635 3507 707 fugitivos
3569 645 3625 688 et

2049 738 2340 808 ignobilem
2399 737 2655 806 degentes
2700 733 2863 788 vitam
2896 740 2950 787 et
2980 729 3394 785 exsecrabilem.
3442 726 3626 780 Rebus

2050 830 2184 898 ipsis
2201 838 2351 884 certo
2374 828 2531 882 ﬁdem
2563 826 2710 890 fecit,
2730 840 2788 882 se
2816 833 3006 878 natura
3028 833 3083 877 et
3115 835 3242 876 vere
3271 820 3439 874 Deum
3465 815 3629 889 214

2049 937 2192 977 esse.
2245 921 2512 976 Excitavit
2568 928 2829 984 mortuos,
2890 915 3132 986 leprosos
3183 911 3310 967 fecit
3369 911 3623 970 mundos,

2054 1012 2452 1068 inﬁrmitatibus
2522 1011 2828 1065 laborantes
2875 1016 3006 1062 nutu
3075 1004 3308 1064 sanavit,
3343 1001 3627 1072 spirituum

2055 1104 2292 1159 assultus
2364 1102 2656 1174 praescidit,
2719 1115 2867 1154 mare
2941 1113 3138 1153 sazvum
3205 1094 3353 1148 vultu
3408 1106 3626 1160 compe-

2056 1197 2213 1252 scuit.
2265 1196 2528 1260 Quocirca
2584 1192 2899 1247 annuntiate
2961 1190 3013 1243 in
3077 1186 3322 1257 gentibus
3397 1181 3628 1253 gloriosa

2057 1287 2193 1355 ejus,
2219 1297 2273 1341 et
2356 1291 2768 1339 commemorata
2816 1281 2956 1350 quod
3008 1279 3232 1334 sublime
3302 1275 3374 1329 sit
3427 1287 3621 1327 nomen

2057 1379 2194 1447 eius.
2245 1377 2468 1433 Excelsa
2511 1376 2654 1432 enim
2695 1373 2847 1431 fecit.
2875 1373 3010 1428 Sunt
3037 1384 3266 1438 namque
3307 1382 3431 1422 vere
3459 1379 3624 1434 supra

2059 1469 2295 1524 hominis
2362 1482 2602 1531 manum,
2647 1466 2758 1520 imo
2827 1465 2966 1517 ultra
3039 1475 3252 1515 omnem
3322 1454 3632 1510 admiratio-

2061 1579 2183 1618 nem
2229 1561 2487 1633 prteclare
2554 1559 2622 1614 ab
2677 1558 2767 1614 illo
2810 1556 3074 1628 praestita.
3127 1549 3410 1606 Exsultate
3467 1546 3635 1615 igitur

2061 1663 2116 1708 et
2151 1653 2427 1716 laetemini,
2460 1653 2549 1721 qui
2588 1650 2842 1705 habitatis
2881 1646 3033 1710 Sion,
3063 1645 3114 1699 id
3151 1651 3253 1707 est,
3285 1638 3375 1710 qui
3425 1636 3633 1690 ﬁrmam

2021 1759 2025 1770 '
2063 1743 2221 1798 ﬁdem
2281 1743 2490 1796 habetis
2531 1741 2588 1794 in
2633 1738 2914 1800 Ecclesiis,
2951 1736 3201 1805 quoniam
3258 1728 3506 1787 sublimis
3552 1732 3638 1779 est

2064 1841 2283 1888 sanctus
2342 1831 2554 1887 lsraelis
2601 1829 2656 1884 in
2714 1837 2788 1882 te.
2860 1825 3118 1893 Quamvis
3191 1820 3392 1876 etenim
3461 1817 3624 1870 homo

393 1936 544 2006 μέσῳ
579 1903 695 1988 σου.
733 1903 805 1987 ήΕί
833 1932 942 2004 γὰρ
992 1903 1087 1985 καὶ
1133 1903 1352 2000 γέγονεν
1385 1929 1668 2001 ἄνθρωπος
1811 1903 1963 1992 ἀγιος

2084 1925 2239 1982 'actus
2294 1925 2364 1979 sit
2435 1931 2653 1977 sanctus
2711 1919 2962 1984 lsraelis,
3035 1928 3091 1971 et
3146 1915 3201 1970 in
3266 1911 3440 1968 forma
3495 1903 3639 1961 servi

393 2027 485 2080 τοῦ
537 2025 794 2097 Ἰσραὴλ,
847 2025 944 2079 καὶ
998 2026 1055 2078 ἐν
1113 2023 1298 2077 δούλου
1364 2023 1546 2092 μορφῇ
1590 2017 1846 2072 καθίκετο
1897 2015 1963 2068 δι’

393 2120 543 2190 ἡμᾶς
565 2115 923 2186 οἰκονομικῶς
948 2156 962 2181 ,
992 2114 1105 2169 ἀλλ’
1132 2109 1225 2166 οὖν
1258 2114 1322 2166 ἐκ
1349 2111 1458 2164 τῶν
1490 2106 1964 2177 ἀποτελεσμάτων,

399 2211 490 2263 cui.
508 2209 606 2280 τῆς
639 2208 746 2262 τῶν
768 2206 947 2279 ἔργων
968 2204 1350 2276 λαμπρότητος
1372 2242 1386 2266 ,
1417 2199 1607 2272 ὑψώθη
1627 2193 1964 2268 θεοπρεπῶς·

399 2307 490 2361 acui.
513 2306 596 2369 τίς
622 2303 764 2358 κατά
796 2301 957 2372 φύσιν
989 2300 1159 2368 ἐστὶν,
1193 2297 1534 2368 ἐγνώκαμεν.

994 2409 1230 2466 ΤΟΜΟΣ
1281 2411 1360 2466 B'.

476 2530 724 2597 ’Θρασις
761 2526 842 2596 ἣν
885 2526 1042 2581 εἶδεν
1082 2522 1325 2597 Ἠσαίας
1368 2519 1501 2584 υίὸς
1554 2517 1729 2587 apag
1754 2512 1906 2568 κατὰ

1001 2593 1372 2658 Βαϐυλῶνος.

482 2711 546 2764 Ἦ
594 2711 691 2782 μὲν
731 2710 874 2764 κατά
907 2706 1225 2768 Βαϐυλῶνος
1259 2705 1482 2774 ὅρασις,
1532 2699 1627 2752 καὶ
1663 2697 1767 2769 μὴν
1793 2694 1887 2748 καὶ
1920 2693 1976 2745 αἰ

405 2801 573 2874 ταύτῃ
608 2801 841 2871 καθεξῆς
861 2839 876 2864 ,
905 2799 1047 2853 κατά
1081 2815 1145 2866 γε
1187 2793 1499 2865 Ἰδουμαίων
1532 2792 1626 2845 καὶ
1649 2786 1977 2852 Μωαϐιτῶν,

407 2900 500 2955 καὶ
535 2897 635 2970 μέν
659 2914 742 2950 τοι
768 2897 862 2949 καὶ
887 2893 1198 2963 Αἰγυπτίων
1219 2934 1234 2956 ,
1267 2889 1362 2942 καὶ
1386 2886 1612 2958 προσέτι
1639 2881 1748 2935 τῶν
1777 2879 1979 2949 ἐτέρων

409 2992 728 3063 πεποίηνται
774 2988 872 3060 μὲν
924 2988 1002 3050 είς
1037 2982 1381 3054 παράκλησιν
1416 2977 1494 3049 τῷ
1545 2973 1800 3045 Ἰσραήλ’
1842 2972 1983 3024 ἰστο-

2067 2019 2277 2074 venerit
2325 2025 2541 2086 propter
2591 2027 2689 2067 nos
2739 2013 2806 2066 ad
2847 2004 3264 2078 dispensationis
3343 1995 3641 2072 perfuncti-

2067 2125 2225 2166 onem
2247 2150 2261 2175 ,
2303 2123 2369 2162 ex
2436 2103 2715 2160 eﬂ‘ectibus
2771 2111 2948 2155 tamen
2979 2110 3308 2167 operumque
3337 2088 3641 2159 splendore,

2070 2197 2248 2253 divina
2299 2197 2587 2251 subvectus
2643 2201 2726 2246 est
2762 2189 3044 2260 dignitate,
3077 2184 3278 2254 etquis
3307 2190 3498 2237 natura
3549 2177 3644 2243 sit,

2074 2289 2474 2362 perspeximus.

2683 2388 2918 2449 TOMUS
2973 2387 3036 2443 ll.

2074 2517 2202 2573 Car.
2246 2529 2363 2570 xm.
2395 2509 2559 2566 Vens.
2609 2508 2664 2563 l.
2709 2504 2856 2560 Visio
2889 2517 3055 2627 gnam
3102 2500 3233 2554 vidit
3283 2495 3462 2553 Isaias
3504 2493 3649 2564 ﬁlius

2490 2582 2649 2627 Amos
2672 2585 2858 2627 contra
2936 2571 3229 2627 abulonem.

2488 2582 2649 2634 Amos
2672 2585 2858 2630 contra
2889 2571 3229 2642 Babylonem.

2151 2699 2298 2755 Visio
2342 2698 2459 2751 haec
2515 2702 2702 2749 contra
2756 2686 3109 2758 Babylonem,
3137 2692 3194 2738 et
3233 2696 3354 2752 qum
3419 2681 3512 2736 hic
3557 2679 3653 2734 de-

2080 2794 2264 2860 inceps
2304 2797 2495 2843 contra
2530 2785 2817 2845 Idumaeos,
2858 2790 2913 2833 et
2949 2775 3231 2840 Moabitas,
3287 2781 3342 2828 et
3371 2771 3653 2842 Egyptios

2080 2899 2240 2955 porro
2288 2890 2342 2937 et
2386 2878 2618 2947 reliquos
2679 2873 2831 2935 ﬁunt,
2863 2871 2928 2923 ad
2969 2864 3354 2922 consolandum
3395 2861 3654 2917 lsraelem

2083 2952 2447 3032 adhibentur:
2488 2965 2929 3039 explanationem
2994 2970 3175 3013 autem
3233 2956 3433 3010 habent
3485 2952 3659 3021 magis

409 3042 713 3160 ρικωτ-έραν
760 3042 816 3136 δέ
850 3042 1132 3143 mag-16v.
1184 3042 1598 3145 σημαινομένων
1628 3042 1831 3136 -ἐχουσι
1883 3062 1982 3132 τὴν

2086 3067 2422 3128 historicam,
2452 3074 2616 3132 quam
2670 3071 2791 3127 quae
2856 3051 3480 3123 sigtiiﬁcanturzverum
3534 3042 3661 3097 licet

2302 3159 2330 3160 η
2750 3148 2762 3160 .
2837 3147 2866 3160 ..
3070 3141 3329 3160 __.,_____,
3389 3136 3530 3160 ___,__,
3596 3149 3656 3160 η

409 3136 662 3236 ἀπόδοσίν
683 3218 696 3241 ,
727 3176 865 3248 πλὴν
905 3136 1113 3242 ἐςρεῖται
1161 3136 1272 3231 τοῖς
1318 3136 1750 3232 νουνεχεστέροις
1774 3197 1788 3222 ,
1819 3154 1893 3219 ὡς
1923 3156 1985 3207 ἐκ

2089 3159 2420 3215 acutioribus
2484 3167 2604 3221 quas
2655 3147 2956 3219 majoribus
3026 3141 3335 3198 acciderunt
3389 3136 3534 3192 velut
3593 3149 3661 3190 ex

410 3273 642 3345 παχείας
677 3225 772 3324 καὶ
939 3225 1144 3325 έίκόνος
1179 3225 1611 3330 μεταχαράττειν
1637 3225 1878 3308 ’ἀστείως
1905 3247 1984 3306 εἰς

2087 3266 2274 3310 crassa
2335 3248 2506 3318 ﬁgura
2573 3257 2636 3297 ac
2692 3239 2942 3309 imagine,
2981 3236 3046 3289 ad
3099 3229 3433 3303 spiritualem
3487 3225 3665 3282 consi-

813 3353 1042 3424 θεωρίαν
1065 3324 1136 3403 τά
1172 3324 1284 3409 τοῖς
1315 3324 1563 3416 ἀρχαίοις
1603 3334 1985 3410 συμϐεϐηκότα

2087 3343 2418 3402 derationem
2490 3341 2718 3390 venuste
2781 3338 3133 3386 convertere:
3179 3324 3461 3391 oratioque
3543 3333 3660 3387 pro-

415 3414 778 3520 σαφεστάτην·
814 3445 842 3498 ὃ
868 3414 976 3506 τοίς
1003 3414 1716 3507 ἐντευξομένοις-ποιήσεται
1749 3429 1848 3501 τὴν
1881 3426 1985 3496 ἀφ-

2089 3439 2357 3510 grediens,
2381 3432 2543 3487 etiam
2569 3442 2689 3498 quae
2732 3424 2933 3493 scripta
2975 3427 3102 3474 sunt
3159 3414 3463 3487 sigillatim,
3502 3425 3666 3480 quan-

417 3501 612 3615 ἡγησιν
631 3501 846 3612 προῖὼν
867 3539 894 3590 6
911 3501 1087 3606 λύγος,
1107 3501 1200 3587 καὶ
1221 3501 1330 3584 τῶν
1358 3501 1758 3598 γεγραμμένων
1785 3522 1985 3575 ἕκαστα

2089 3501 2205 3584 tum
2256 3524 2486 3584 licuerit,
2520 3522 2900 3586 interpretans,
2934 3508 3305 3566 narrationem
3373 3501 3669 3559 lectoribus

416 3590 888 3704 έίερμῆνέξῲνὼς
915 3590 1014 3682 ἐνί.
1047 3590 1278 3696 ⁷δίρῆναι
1326 3590 1382 3673 δέ
1434 3590 1595 3688 ὸῒμάί
1623 3615 1718 3668 καὶ
1769 3612 1863 3666 νῦν
1900 3611 1985 3664 ἐπὶ

2091 3617 2286 3672 eﬁiciet
2345 3610 2734 3685 planissimam.
2766 3603 2908 3669 Jam,
2935 3609 2995 3655 ut
3027 3599 3283 3662 arbitror,
3311 3595 3378 3649 ad
3426 3593 3502 3647 rei
3554 3590 3670 3660 pri-1»

419 3703 518 3797 τὴν
547 3703 642 3779 τοῦ
674 3723 999 3796 πράγματος
1028 3717 1200 3789 ἀρχὴν
1242 3710 1571 3782 ἀναδραμεῖν
1591 3748 1605 3773 ,
1635 3705 1731 3760 κειιί⁹
1770 3703 1869 3767 τὰς
1895 3703 1993 3773 τῆς

418 3792 664 3888 ὁράσεως
714 3792 890 3878 αἰτίας
933 3803 1448 3881 προαφηγήσασθαι.
1490 3795 1842 3867 Κεκλημένος
1885 3792 1995 3863 γάρ

426 3912 510 3966 διὰ
543 3912 636 3964 τοῦ
667 3909 944 3976 πανσόφου
988 3903 1232 3964 Μωσέως
1275 3901 1304 3951 6
1339 3895 1554 3968 Ἰσραὴλ
1583 3895 1662 3958 εἰς
1704 3891 1996 3960 ἐπίγνωσιν

425 4005 522 4060 καὶ
565 4001 817 4074 λατρείαν
863 3997 957 4052 τοῦ
1001 3994 1139 4050 κατὰ
1194 3991 1453 4062 ἀλήθειαν
1495 3989 1646 4050 ὄντος
1689 3983 1860 4050 Θεοῦ,
1903 3981 1999 4036 καὶ

426 4099 590 4169 νόμον
635 4095 772 4165 ἔχων
803 4091 895 4144 τὸν
938 4087 1307 4143 ἀπευθύνοντα
1340 4081 1478 4154 πρὸς
1529 4080 1638 4131 πᾶν
1683 4075 1861 4130 ὁτιοῦν
1890 4074 2000 4128 τῶν

426 4167 916 4258 τεθαυμασμένων,
949 4178 1294 4251 κατημέλησε
1327 4175 1424 4246 μὲν
1445 4172 1545 4243 τῆς
1580 4169 1728 4241 αὐτῷ
1755 4167 2001 4237 δοθείσης

431 4281 674 4350 ἐντολῆς,
717 4277 984 4348 ἐτράπετο
1034 4273 1090 4325 δὲ
1133 4269 1270 4342 πρὸς
1313 4264 1657 4326 διδασκαλίας
1688 4260 2002 4331 ἐντάλματα

431 4349 753 4441 ἀνθρώπων,
791 4365 990 4437 μᾶλλον
1034 4362 1089 4415 δέ
1130 4359 1222 4413 καὶ
1261 4361 1373 4421 τοῖς
1418 4355 1497 4409 ἔτι
1541 4353 1778 4425 χείροσιν
1812 4349 2003 4404 ἐαυτὸν

435 4465 635 4529 ἐνιεὶς,
684 4464 794 4524 τοῖς
843 4460 941 4529 τῆς
981 4451 1420 4524 εἰδωλολατρείας
1465 4447 1718 4503 ἐνώλισθε
1769 4444 2002 4516 βόθροις.

2095 3710 2357 3766 mordium
2408 3699 2817 3765 recurrentium,
2846 3707 2901 3752 et
2975 3690 3200 3748 visionis
3279 3700 3457 3742 causa:
3519 3682 3670 3753 prius

2094 3799 2440 3871 exponendaa.
2460 3795 2593 3850 Nam
2617 3799 2839 3847 vocatus
2865 3801 2963 3857 per
2989 3781 3443 3853 sapientissimum
3483 3774 3671 3828 Mosen

2097 3866 2259 3946 Israel
2307 3887 2370 3942 ad
2421 3884 2750 3955 agnitionem
2775 3879 3090 3944 cultumque
3111 3871 3226 3927 veri
3274 3868 3390 3933 Dei,
3415 3875 3468 3920 et
3502 3866 3669 3934 legem

2102 3985 2306 4040 habens
2354 3981 2418 4035 ad
2498 3977 2678 4033 omnia
2719 3969 3055 4028 admirabilia
3102 3964 3443 4035 dirigentem,
3471 3971 3666 4029 praece-

2099 4080 2248 4141 ptum
2305 4068 2407 4124 sibi
2435 4069 2620 4122 datum
2698 4059 2960 4133 neglectui
3023 4055 3230 4118 habuit,
3274 4060 3666 4116 conversusque

2101 4175 2184 4222 est.
2227 4166 2294 4219 ad
2337 4163 2628 4224 doctrinas,
2657 4157 2911 4213 mandata
2963 4153 3266 4215 hominum,
3304 4148 3413 4202 imo
3448 4143 3679 4199 deterio-

2105 4261 2256 4315 ribus
2306 4259 2482 4313 adlmc
2522 4269 2582 4310 se
2622 4252 2950 4313 immiscens,
2979 4245 3228 4313 delapsus
3259 4251 3342 4296 est
3376 4239 3430 4294 in
3462 4235 3683 4291 idolola-

2107 4352 2221 4407 triae
2248 4351 2554 4417 voragines.
2598 4345 2843 4400 Invectus
2867 4350 2950 4395 est
2983 4339 3145 4408 igitur
3197 4335 3250 4390 in
3282 4348 3374 4388 eos
3403 4331 3496 4402 qui
3553 4327 3683 4383 talia

2105 4440 2492 4495 commiserunt
2549 4430 2924 4489 universitatis
3003 4427 3144 4480 Deus
3170 4438 3267 4494 per
3320 4435 3509 4476 omnes
3559 4431 3685 4486 pro-

449 4508 738 4624 'E‘ttn‘ttato
769 4508 1159 4618 γοῦνμτοιαύτα
1188 4508 1318 4616 δρᾷν
1361 4508 1646 4612 ἑλομένους
1675 4538 1703 4590 6
1731 4508 1840 4590 τῶν
1869 4508 1985 4588 δλωε

2108 4532 2316 4600 phetas,
2354 4527 2515 4598 215
2537 4525 2867 4592 multumque
2895 4518 3222 4575 vociferatus
3245 4522 3329 4569 est
3357 4513 3412 4567 in
3439 4526 3561 4564 eum
3590 4508 3682 4576 qui

2297 4621 2306 4624 -
2410 4622 2415 4624 .
2747 4616 2759 4624 .
2867 4615 2877 4624 .
2964 4613 2996 4624 .,
3054 4608 3188 4624 ,μη
3244 4620 3393 4624 Νη
3445 4602 3655 4624 ,μη-η

437 4602 958 4707 Θεὺέγδιά-παντὺς
1011 4602 1324 4708 προφήτου,
1369 4602 1466 4686 καί
1516 4630 1715 4700 πολλὴν
1771 4628 1985 4680 ἐποιεῖτε

2111 4629 2256 4676 tanta
2297 4621 2568 4688 impietate
2620 4633 2679 4671 se
2711 4613 3024 4670 obstrinxit.
3052 4608 3196 4664 Dixit
3236 4620 3397 4675 ergo:
3437 4622 3454 4654 ι
3481 4602 3685 4669 Appro-

438 4731 888 4801 δεδυσσεϐηκότος
945 4725 1108 4781 αὐτοῦ
1154 4725 1252 4795 τὴν
1297 4722 1591 4792 καταϐοήν.
1642 4720 1786 4788 Ἔφη
1841 4715 2003 4784 γοῦν·

447 4845 466 4878 ι
512 4821 751 4892 Ἐγγίζει
798 4837 890 4891 μοι
934 4821 962 4871 ὁ
1005 4817 1131 4879 λαὸς
1173 4809 1345 4877 οὗτος,
1386 4814 1498 4875 τοῖς
1545 4810 1778 4881 χείλεσιν
1825 4804 2007 4859 αὐτῶν

441 4914 642 4986 τιμῶσί
689 4926 792 4982 με·
828 4913 861 4980 ἠ
889 4910 944 4963 δέ
983 4906 1176 4976 καρδία
1212 4904 1388 4958 αὐτῶν
1437 4903 1628 4974 πόρρω
1671 4899 1864 4968 ἀπέχει
1911 4898 2007 4951 ἀπ’

445 5007 598 5078 ἐμοῦ.
636 5024 655 5057 ι
689 5004 884 5072 Μάτην
928 5001 983 5053 δέ
1011 4997 1253 5051 σέϐονταί
1296 5013 1361 5066 με
1391 4995 1727 5056 διδάσκοντες
1758 4992 2009 5045 διδασκα-

445 5101 563 5154 λίαν
592 5096 898 5166 ἐντάλματα
925 5090 1246 5166 ἀνθρώπων.
1279 5089 1390 5142 Καὶ
1429 5087 1590 5141 πάλιν
1611 5102 1624 5116 ·
1668 5105 1685 5138 ι
1711 5085 1774 5138 Τί
1806 5086 1839 5155 ἡ
1877 5085 2015 5152 ἠγα-

447 5196 670 5264 πημένη
697 5190 950 5260 ἐποίησεν
993 5188 1049 5240 ἐν
1073 5186 1153 5255 τῷ
1178 5185 1309 5254 οἴκῳ
1348 5199 1449 5253 μου
1485 5179 1794 5250 βδέλυγμα;
1837 5196 1853 5228 ι
1880 5177 2016 5229 Βδέ-

447 5286 630 5354 λυγμα
655 5283 711 5336 δέ
741 5283 800 5336 τὺ
823 5281 1040 5335 εἴδωλον
1079 5279 1352 5348 ὀνομάζει.
1389 5273 1596 5328 Οὐκοῦν
1622 5270 2019 5326 ἀπονενευκότα

449 5375 635 5439 δεινῶς
676 5377 755 5438 εἰς
797 5373 1058 5435 ἐκτύπους
1100 5368 1436 5438 ἐξιτηλείας,
1483 5365 1577 5418 καὶ
1635 5365 1734 5433 τῆς
1767 5362 1871 5414 ὑπὸ
1901 5359 2019 5430 Θεῷ

453 5467 697 5529 δουλείας
730 5464 1101 5534 ἀποφέροντας
1127 5460 1216 5512 τὸν
1237 5459 1458 5529 αύχένα,
1484 5456 1577 5510 καὶ
1601 5454 1803 5526 γαῦρον
1828 5453 2019 5522 ὥσπερ

456 5557 606 5626 αὑτῷ
647 5556 708 5609 τὸ
741 5557 936 5608 οἰκεῖον
979 5551 1383 5624 ἀντεγείροντες
1425 5547 1700 5617 φρόνημα,
1733 5542 2018 5613 παρεδίδου

459 5650 600 5704 κατά
631 5649 889 5720 καιροὺς,
921 5645 1048 5700 ποτὲ
1078 5643 1176 5714 μὲν
1207 5645 1316 5706 τοῖς
1342 5641 1440 5710 τὴν
1463 5638 1678 5707 γείτονα
1705 5634 2022 5705 νεμομένοις

460 5743 664 5816 χώραν,
715 5739 1030 5811 Ἰδουμαίοις
1062 5740 1117 5792 τὲ
1153 5755 1314 5808 φημι,
1346 5734 1436 5788 καὶ
1469 5733 1648 5804 μέντοι
1677 5730 1770 5784 καὶ
1800 5727 2022 5785 Μωαὸί-

539 5895 585 5925 ⁸³
615 5895 715 5950 lsa.
746 5909 893 5960 xm,
925 5893 1008 5947 l5.

2111 4714 2334 4784 pinquat
2399 4710 2530 4764 mihi
2578 4707 2803 4778 populus
2865 4705 2974 4770 hic,
3021 4701 3178 4756 labiis
3226 4698 3344 4753 suis
3424 4695 3684 4748 honorant

2112 4823 2217 4874 me,
2254 4821 2350 4861 cor
2392 4815 2572 4858 autem
2601 4815 2785 4856 eorum
2815 4794 3006 4866 procul
3063 4794 3213 4847 abest
3247 4806 3274 4843 a
3310 4801 3412 4842 me.
3461 4782 3683 4836 Frustra

2109 4872 2288 4955 autem
2317 4896 2497 4953 colunt
2529 4907 2614 4948 me
2645 4891 2902 4946 docentes
2923 4886 3216 4947 doctrinas,
3243 4879 3492 4934 mandata
3513 4872 3684 4928 homi-

2110 5007 2238 5047 num
2268 4989 2336 5043 ⁸⁸.
2380 5007 2399 5040 ›
2442 4986 2508 5040 Et
2552 4996 2782 5038 rursus:
2819 4997 2838 5031 ι
2878 4978 3016 5046 Quid
3057 4974 3247 5029 dilecta
3282 4969 3407 5024 fecit
3444 4968 3496 5021 in
3529 4967 3686 5020 domo

2111 5098 2228 5137 mea
2280 5074 2776 5135 abominationem?
2809 5091 2828 5125 ι
2859 5067 3324 5125 Abominationem
3369 5061 3568 5116 idolum
3592 5075 3686 5114 no-

2110 5175 2300 5230 minat.
2345 5172 2529 5241 Itaque
2564 5169 2709 5223 velut
2747 5165 2986 5236 graviter
3013 5162 3078 5216 ad
3109 5158 3305 5214 findant
3342 5156 3687 5225 supinitatem

2112 5266 2462 5326 declinantes,
2515 5271 2570 5315 et
2641 5276 2671 5313 a
2717 5256 2941 5312 servitio
3003 5253 3094 5307 Dei
3152 5251 3420 5305 cervicem
3485 5247 3688 5302 subdu-

2113 5367 2321 5422 centes,
2351 5367 2614 5423 suumque
2643 5364 2856 5406 sensum
2888 5345 3298 5415 superciliosum
3333 5351 3520 5396 contra
3564 5355 3688 5393 eum

2124 5452 2417 5521 erigentes,
2451 5450 2616 5500 certis
2660 5441 2996 5511 temporibus
3052 5435 3294 5508 tradidit,
3317 5447 3461 5486 nunc
3514 5431 3690 5486 conti-

2127 5558 2281 5614 guam
2339 5540 2607 5608 regionem
2662 5533 3068 5602 occupantibus,
3121 5527 3366 5582 [damst-is
3449 5525 3687 5590 inquam,

2129 5612 2404 5694 Moabitis,
2450 5627 2721 5700 Egyptiis
2762 5636 2816 5680 et
2863 5622 3183 5681 Philistinis,
3231 5631 3375 5671 nunc
3447 5612 3691 5683 graviore

2130 5727 2232 5784 illis
2283 5724 2432 5795 plaga
2467 5723 2636 5790 illata,
2679 5718 2980 5773 mortalium
3030 5710 3436 5769 crudelissimos
3499 5718 3553 5758 ιιι
3600 5715 3693 5755 eos
