4124 6372
463 327 566 384 ΞΠ

1447 331 1504 388 S.
1547 331 1820 390 CYRILLI
1858 331 2329 390 ALEXANDRINI
2367 331 2692 391 ARCHIEP.

3614 338 3721 396 3L8

465 443 709 509 immisit,
773 444 1092 517 Babylonios
1153 445 1394 518 inquam,
1427 450 1520 520 qui
1583 454 1746 508 etiam
1800 453 2042 508 universa

2155 467 2297 515 ταις,
2326 450 2645 519 Αἰγυπτίοις
2668 451 2760 506 καὶ
2787 453 2902 516 τοῖς
2928 451 2994 505 ὲκ
3015 450 3353 523 Φυλιπιείμ,
3377 453 3508 507 ποτὲ
3544 454 3602 508 δὲ
3625 452 3726 510 καὶ

461 532 766 590 .Iud:eorum
824 537 1046 607 regione
1098 540 1233 594 citra
1284 542 1524 597 laborem
1590 544 1886 607 devastata,
1943 562 2037 601 ca-

462 624 664 692 ptivam
709 627 1045 683 abduxerunt
1075 630 1125 685 in
1153 645 1305 685 suam
1339 633 1609 700 regionem
1639 637 2036 692 multitudinem

465 718 929 775 innumerabilem.
960 720 1226 778 Caeterum
1264 725 1379 780 haec
1437 738 1695 784 eventura
1731 746 1851 786 esse
1910 733 2035 797 illis,

462 809 553 877 qui
620 810 785 865 Deum
861 813 1225 869 universitatis
1304 816 1373 870 ad
1440 819 1574 873 iram
1656 833 2035 890 provocarent,

463 901 831 966 prmdixerunt
860 903 989 957 olim
1023 904 1165 959 beati
1197 907 1495 976 pr0phette.
1525 912 1593 964 At
1630 910 1683 964 bi
1706 953 1720 977 ,
1761 913 1881 966 licet
1920 928 2039 982 qua:

464 995 816 1060 praenuntiata
866 996 976 1065 jam
1050 1007 1214 1063 sunt,
1285 1000 1448 1056 etiam
1510 1007 1575 1056 ad
1626 1005 1786 1058 linem
1843 1020 2037 1075 perve-

466 1084 697 1149 nissent,
722 1085 888 1140 nihilo
930 1089 1109 1143 secius
1146 1090 1414 1158 prtel'racti
1453 1104 1680 1149 erantet
1705 1097 2036 1164 pervicaces,

464 1178 848 1231 exsecrandum
903 1188 957 1234 et
992 1196 1021 1233 a
1049 1179 1177 1251 legis
1205 1184 1390 1251 regula
1433 1185 1822 1242 alienissimam
1871 1190 2036 1244 vitam

465 1266 827 1325 instituentes.
868 1268 1279 1339 Appositissime
1305 1289 1434 1347 ergo
1486 1279 1858 1336 universitatis
1893 1279 2038 1338 Deus

465 1366 586 1425 post
634 1359 838 1429 plagam
868 1372 920 1415 et
957 1362 1187 1430 ﬂagella,
1219 1374 1272 1419 et
1297 1380 1415 1435 qua
1458 1369 1543 1425 his
1581 1370 1823 1428 deliuitis
1892 1383 2033 1428 tem-

464 1449 684 1516 poribus
749 1451 817 1504 ab
861 1452 1106 1509 hostibus
1186 1463 1341 1511 erant
1419 1459 1736 1525 obventura,
1773 1464 2035 1519 suavissi-

466 1556 672 1593 marum
722 1558 924 1609 rerum,
967 1559 1087 1614 quae
1115 1546 1385 1605 delectare
1431 1560 1699 1619 poterant,
1739 1553 1866 1609 facit
1897 1571 2038 1625 prte-

466 1632 948 1697 signilicationem:
1043 1643 1413 1713 promittitque
1499 1645 1611 1712 jam
1693 1651 2038 1716 quantumvis

468 1722 624 1777 factis
662 1726 889 1793 captivis
924 1728 1151 1785 reditum
1180 1746 1239 1786 se
1272 1733 1682 1802 adornatnrum,
1720 1746 1775 1792 et
1807 1739 2037 1794 miseriae

2139 539 2570 611 δυσαχθεστέραν
2605 541 2789 605 αὐτοῖς
2835 541 3117 611 ἐπιφέρων
3163 541 3412 614 πληγὴν,
3459 545 3587 606 τοὺς
3637 546 3723 597 ὅτι

2141 628 2379 698 μάλιστα
2432 629 2541 682 τῶν
2582 629 2675 682 ἐπὶ
2725 629 2829 700 γῆς
2875 629 3191 700 ὠμοτάτους
3233 631 3418 695 αὑτοῖς
3460 633 3721 702 ὲπηφίει,

2140 721 2284 791 φημὶ
2329 720 2394 792 δὴ
2441 719 2569 783 τοὺς
2612 719 3025 788 Βαϐυλωνίους,
3054 720 3104 774 οἳ
3128 721 3238 777 καὶ.
3275 724 3455 777 πᾶσαν
3485 724 3724 794 ἀμογητὶ

2139 811 2238 883 τὴν
2265 811 2373 865 τῶν
2414 810 2683 866 Ἰουδαίων
2713 812 3167 886 καταδῃώσαντες
3200 812 3383 885 χώραν
3403 853 3418 875 ,
3445 815 3722 885 αἰχμάλω-

2140 920 2233 956 τον
2267 903 2615 973 ἀπεκόμισαν
2660 905 2740 968 εἰς
2779 905 2879 976 τὴν
2928 904 3137 959 ἑαυτῶν
3162 905 3395 977 ἀριθμοῦ
3442 906 3724 978 κρείττονα

2141 993 2370 1064 πληθύν.
2410 993 2573 1047 ’Ᾱλλά
2596 994 2753 1047 ταυτὶ
2797 994 2896 1066 μὲν
2941 996 3026 1049 ὅτι
3068 994 3405 1066 συμϐήσεται
3453 996 3724 1066 παροτρύ-

2141 1099 2319 1136 νουσιν
2350 1081 2533 1145 αὐτοῖς
2556 1081 2647 1137 τὸν
2677 1081 2786 1135 τῶν
2822 1082 2958 1136 ὅλων
2986 1081 3137 1149 Θεὸν,
3170 1081 3547 1153 προηγόρευον
3580 1080 3723 1134 κατά

2142 1175 2371 1244 καιροὺς
2413 1175 2461 1227 οί
2507 1174 2768 1245 μακάριοι
2800 1173 3099 1246 προφῆται.
3140 1175 3204 1227 Οί
3249 1174 3305 1228 δὲ
3360 1174 3535 1228 καίτοι
3584 1171 3723 1244 πρὸς

2145 1266 2321 1336 πέρας
2346 1265 2528 1329 αὐτοῖς
2558 1265 2939 1336 ὲκϐεϐηκότων
2968 1265 3076 1320 τῶν
3101 1266 3203 1336 ἤδη
3231 1263 3716 1336 προηγγελμένων,

2138 1358 2288 1411 οὐδὲν
2316 1351 2479 1428 ἦττον
2509 1353 2648 1428 ἦσαν
2687 1358 2913 1431 σκληροί
2936 1375 2997 1411 τε
3037 1359 3131 1413 καὶ
3163 1357 3427 1420 ἀπειθεῖς,
3462 1354 3722 1427 βδελυρὰν

2138 1449 2234 1523 καὶ
2282 1449 2668 1520 ὲκνομωτάτην
2705 1448 3115 1520 ἐπιτηδεύοντες
3147 1448 3312 1520 ζωήν.
3350 1446 3719 1519 Οἰκονομικώε-

2136 1557 2281 1595 τατα
2306 1541 2486 1594 τοίνυν
2527 1544 2557 1595 ὁ
2589 1539 2697 1594 τῶν
2726 1541 2862 1594 ὅλων
2888 1540 3020 1604 Θεὸς
3060 1539 3200 1610 μετὰ
3228 1537 3443 1610 πληγὴν
3480 1538 3575 1592 καὶ
3610 1537 3720 1608 μά-

2142 1650 2336 1703 στιγας
2365 1634 2459 1687 καὶ
2488 1632 2556 1688 τά
2587 1634 2652 1686 ἐκ
2695 1632 2802 1687 τῶν
2832 1631 3105 1703 πολεμίων
3155 1631 3542 1703 συμϐεϐηκότα
3579 1629 3721 1685 κατά

2136 1728 2358 1798 καιροὺς
2384 1728 2588 1790 αὐτοῖς,
2630 1726 2721 1780 καὶ
2768 1724 2878 1778 τῶν
2921 1724 3154 1795 ἡδίστων
3184 1725 3278 1779 καὶ
3303 1722 3721 1795 κατευφραίνειν

468 1827 638 1869 nexus
686 1816 1076 1885 relaxaturum,
1114 1822 1341 1894 illosque
1397 1825 1487 1894 qui
1525 1827 1651 1881 olim
1687 1829 1952 1894 vicerunt,
1984 1830 2040 1886 in

2145 1818 2356 1872 εἰδότων
2397 1820 2631 1872 ποιεῖται
2666 1815 2761 1888 τὴν
2807 1814 3239 1888 προαγόρευσιν·
3281 1816 3623 1886 ὑπισχνεῖται
3660 1814 3721 1869 δὲ

468 1918 658 1960 manus
706 1906 938 1962 hostium
995 1912 1340 1969 traditurum.
1374 1915 1607 1973 Maxime
1652 1920 1796 1974 enim
1848 1937 2044 1978 conve-

469 1998 652 2053 niebat
705 2002 916 2057 etiamsi
988 2003 1312 2062 inemendati
1373 2022 1590 2080 propter
1652 2014 1742 2069 illa
1805 2015 2046 2084 (iuerint,

468 2089 859 2155 posterioribus
900 2099 1079 2146 tamen
1139 2094 1288 2149 hisce
1318 2096 1556 2165 impense
1578 2098 1829 2169 deinceps
1852 2103 2051 2172 gaude-

468 2192 548 2242 re,
579 2189 633 2232 et
676 2180 729 2232 in
787 2195 933 2247 spem
999 2184 1425 2243 desideratarum
1486 2206 1665 2246 rerum
1727 2194 1868 2249 velut
1939 2196 2039 2252 alis

466 2279 702 2335 evectos,
724 2271 1088 2339 gratissimum
1122 2274 1232 2334 Deo
1269 2279 1470 2334 cultqu
1513 2282 1565 2336 in
1609 2286 1783 2352 pretio
1820 2286 2042 2353 habere,

466 2367 522 2411 et
581 2370 814 2414 mentem
885 2362 959 2416 illi
1024 2364 1240 2421 afﬁxam
1291 2385 1357 2424 ac
1415 2369 1693 2427 immotam
1751 2377 2042 2433 custodire.

467 2450 728 2516 Quoniam
787 2454 968 2525 igitur,
1004 2455 1128 2511 licet
1171 2465 1482 2530 complures
1528 2464 1654 2518 olim
1728 2464 2035 2521 Iudaeorum

468 2544 712 2613 regiones
776 2548 1010 2616 populati
1063 2550 1284 2615 fuerint,
1311 2554 1639 2610 crudeliores
1690 2565 1867 2613 tamen
1919 2560 2043 2615 aliis

465 2646 520 2688 et
564 2638 815 2691 saaviores
850 2639 1344 2705 l‘uerunt,Chaldeei
1394 2648 1718 2712 maxime,et
1760 2651 1848 2718 qui
1915 2661 2028 2704 tum

469 2729 727 2797 temporis
783 2730 1041 2803 Babyloni
1089 2734 1438 2807 praefuerunt,
1480 2740 1585 2795 illis
1646 2741 2038 2811 quodammodo

466 2821 697 2888 primum
750 2825 923 2879 oratio
967 2829 1277 2897 prophetim
1343 2829 1587 2897 insultat,
1610 2847 1674 2886 ac
1719 2832 1930 2901 inquit:

2144 1912 2225 1966 ὅτι
2247 1912 2340 1965 καὶ
2360 1912 2487 1974 τοὺς
2510 1910 2612 1981 ἤδη
2638 1908 2936 1978 γεγονότας
2955 1906 3336 1979 αἰχμαλώτους
3356 1905 3720 1977 ὑπονοστῆσαι

2145 2007 2580 2079 παρασκευάσει,
2636 2007 2726 2060 καί
2783 2006 2891 2061 τῶν
2948 2006 3048 2077 τῆς
3104 2005 3476 2078 ταλαιπωρίας
3525 2006 3719 2077 ἀνήσει

2145 2100 2382 2172 δεσμῶν,
2408 2099 2719 2173 παραδώσει
2761 2099 2820 2154 δὲ
2868 2100 2966 2153 καὶ
2993 2100 3189 2163 αὐτοὺς
3211 2102 3336 2164 τοὺς
3370 2099 3537 2155 πάλαι
3563 2101 3721 2171 νική-

2148 2210 2346 2257 σαντας
2376 2194 2457 2257 εἰς
2484 2195 2673 2264 χεῖρας
2705 2192 2934 2264 ἐχθρῶν.
2955 2188 3063 2247 Ἦν
3092 2191 3201 2263 γὰρ
3227 2193 3288 2262 δή
3317 2209 3419 2245 που
3452 2192 3545 2245 καὶ
3576 2192 3721 2261 μάλα

2149 2284 2317 2348 εἰκὸς,
2353 2285 2401 2337 εί
2424 2285 2518 2337 καὶ
2548 2282 2896 2355 ἀνουθέτητοι
2938 2285 3313 2355 μεμενήκασιν
3341 2284 3427 2336 ἐπ’
3458 2282 3718 2346 ἐκείνοις,

2150 2373 2266 2428 ἀλλ’
2297 2368 2390 2427 οὖν
2419 2372 2636 2427 ἑλέσθαι
2663 2373 2849 2427 λοιπὸν
2896 2374 2957 2427 τὸ
3003 2373 3106 2427 κᾶν
3149 2372 3279 2442 γοῦν
3307 2375 3417 2437 τοῖς
3451 2372 3723 2443 δευτέροις

2148 2465 2450 2537 ἐφησθῆναί
2478 2483 2538 2519 τε
2579 2464 2728 2537 ἅμα,
2777 2465 2873 2520 καὶ
2905 2466 2985 2529 εἰς
3014 2464 3202 2519 ἐλπίδα
3232 2464 3340 2518 τῶν
3372 2465 3722 2536 ποθουμένων

2149 2557 2680 2629 ἀναπτερουμένους,
2718 2556 2817 2629 τὴν
2855 2556 2933 2628 τῷ
2974 2557 3092 2628 Θεῷ
3135 2556 3458 2628 φιλαιτάτην
3493 2557 3721 2625 τιμῆσαι

2147 2651 2429 2721 λατρείαν,
2463 2649 2558 2704 καὶ
2580 2649 2877 2719 ἀκλόνητον
2912 2648 3060 2720 αὐτῷ
3083 2649 3319 2720 τηρῆσαι
3348 2649 3408 2701 τὸ
3438 2647 3715 2717 φρόνημα.

2161 2740 2383 2812 Ἐπειδὴ
2430 2741 2629 2804 τοίνυν,
2687 2743 2735 2794 εί
2777 2741 2873 2794 καὶ
2914 2740 3097 2795 πολλοί
3134 2756 3277 2803 τινες
3307 2735 3448 2810 ἦσαν
3486 2740 3534 2790 οἰ
3576 2735 3720 2790 κατά

2144 2833 2367 2902 καιροὺς
2419 2830 2518 2902 τὴν
2563 2829 2673 2884 τῶν
2732 2831 2999 2884 Ἰουδαίων
3063 2830 3245 2901 χώραν
3295 2826 3720 2899 πεπορθηκότες,

466 2913 579 2967 ἀλλ’
602 2915 655 2967 οί
680 2932 743 2983 γε
764 2917 869 2970 τῶν
904 2919 1076 2974 ἄλλων
1105 2922 1462 2994 ἀπηνέστεροί
1493 2942 1553 2976 τε
1587 2924 1679 2978 καὶ
1728 2925 2051 2996 ἀγριώτεροι
2085 2926 2339 2980 Χαλδαῖοι
2374 2925 2629 2995 μάλιστα,
2690 2925 2785 2978 καὶ
2819 2926 2867 2977 οἱ
2896 2924 2994 2994 τῆς
3060 2922 3378 2987 Βαϐυλῶνος
3410 2919 3722 2992 βεϐασιλευ-

467 3006 621 3070 κότες
646 3010 787 3063 κατὰ
813 3013 1036 3081 καιροὺς
1074 3014 1254 3078 αὐτοῖς
1284 3016 1449 3069 οἱονεὶ
1486 3016 1578 3069 καὶ
1608 3016 1843 3088 πρώτοις
1867 3019 1896 3071 ὁ
1921 3017 2021 3088 τῆς
2053 3017 2385 3090 προφητείας
2416 3015 2570 3084 λόγος
2604 3015 2843 3087 ὲπιπηδᾷ
2876 3016 2969 3069 καί
3000 3030 3186 3086 φησιν·

538 3104 697 3159 Vens.
729 3105 784 3159 2.
819 3105 885 3159 In
925 3118 1093 3163 monte
1119 3113 1397 3179 campestri
1435 3112 1600 3167 tollite
1623 3115 1854 3183 signum.

537 3190 799 3262 Oportcre
852 3206 1032 3250 autem
1085 3199 1338 3255 existimo
1397 3202 1486 3269 qui
1539 3202 1826 3272 diligenter
1876 3204 2043 3274 216

468 3284 632 3338 verba
694 3287 966 3356 proposita
1018 3303 1281 3344 enarrare
1316 3292 1606 3358 voluerint,
1656 3294 1857 3365 aliquid
1900 3298 2042 3365 quod

472 3377 538 3428 ad
579 3391 691 3430 rem
728 3377 877 3443 facit,
911 3383 1222 3436 necessario
1254 3382 1493 3452 prmfari.
1525 3385 1701 3456 Cyrus
1737 3401 1867 3457 ergo
1894 3400 2044 3456 patre

475 3470 692 3539 quidem
721 3472 1005 3544 Cambyse‘,
1038 3484 1209 3529 matre
1236 3491 1362 3531 vero
1393 3478 1659 3534 Mandana
1694 3490 1875 3546 natus,
1904 3482 2035 3537 Per-

470 3564 563 3617 sia:
597 3579 659 3618 ac
683 3563 869 3621 Mediae
898 3580 1013 3631 rex,
1044 3571 1372 3639 oppugnavit
1397 3569 1730 3642 Babylonem
1757 3584 2041 3628 etomnem

472 3653 749 3723 regionem
787 3656 1182 3725 Chaldaeorum,
1216 3660 1345 3715 licet
1370 3662 1542 3731 ampla
1588 3663 1656 3716 sit
1692 3673 1747 3718 et
1775 3666 2040 3733 maxima;

472 3755 531 3799 et
577 3762 710 3802 sane
745 3751 1075 3819 expugnavit
1107 3752 1357 3822 cepitque
1385 3767 1505 3807 eam
1537 3770 1641 3808 non
1671 3757 1876 3810 viribus
1906 3758 2041 3821 suis,

476 3851 650 3907 neque
687 3838 979 3896 robustiori
1012 3858 1171 3896 manu
1196 3842 1416 3913 (invicta
1441 3845 1704 3915 siquidem
1734 3857 1789 3902 et
1814 3848 2040 3917 insupe-

474 3928 660 3984 rabilis
689 3941 805 3986 erat
838 3947 972 4002 gens
1001 3932 1403 4002 Chaldaeorum,
1443 3945 1498 3990 et
1538 3945 1756 4006 propter
1802 3938 2043 3993 multitu-

471 4022 676 4088 dinem,
720 4034 773 4079 et
798 4036 1017 4095 propter
1057 4043 1306 4099 magnam
1348 4029 1425 4083 rei
1459 4028 1710 4086 militaris
1747 4032 2042 4100 peritiam),

472 4116 566 4168 sed
601 4117 775 4184 potius
814 4118 957 4186 quod
990 4118 1128 4174 Deus
1153 4121 1201 4175 ei
1231 4121 1570 4176 adversarios
1600 4123 1914 4193 subjiceret,
1945 4125 2044 4180 im-

474 4208 729 4278 piumque
791 4209 1207 4283 Babyloniorum
1262 4213 1549 4279 imperium
1615 4215 1972 4271 labefactaret
2027 4236 2041 4273 :

473 4299 669 4369 quippe
701 4302 843 4368 quod
874 4302 1012 4370 apud
1053 4303 1174 4359 illos
1200 4305 1485 4375 praestigiae
1518 4307 1751 4361 maxime
1783 4308 2044 4378 vigerent,

473 4399 528 4445 et
573 4391 986 4448 innumerabilia
1018 4394 1282 4449 idolorum
1324 4397 1575 4450 examina
1602 4405 1785 4451 essent
1823 4415 1836 4450 :
1883 4399 2043 4453 nimi-

476 4497 593 4536 rum
646 4495 789 4538 terra
840 4486 1170 4555 sculptilium
1212 4488 1494 4543 nominata
1545 4499 1646 4551 est,
1698 4490 1781 4544 vel
1820 4501 2041 4562 propter
2072 4472 2116 4528 D

477 4574 687 4627 turbam
718 4574 1003 4641 idolorum,
1040 4577 1123 4631 vel
1151 4579 1319 4632 etiam
1362 4580 1503 4649 quod
1534 4582 1907 4651 unusquisque
1958 4583 2045 4637 in-

473 4667 715 4719 colarum
752 4665 899 4720 nullo
931 4669 1089 4723 modo
1113 4669 1181 4723 ab
1223 4669 1366 4724 idolo
1410 4671 1718 4740 discrepare
1748 4672 2049 4741 deprehen-

475 4756 715 4823 deretur,
745 4758 798 4812 in
836 4768 1096 4827 quantum
1130 4776 1323 4831 nempe
1359 4763 1684 4832 impotenter
1707 4775 1760 4819 et
1790 4764 2049 4821 ell'renate

474 4849 528 4903 in
580 4866 821 4905 errorem
886 4853 1328 4923 prolabebantur.
1382 4856 1462 4909 Ad
1492 4858 1625 4919 hiec,
1679 4858 1803 4926 quia
1858 4871 2048 4915 sancta

476 4950 618 4996 terra
649 4952 702 4999 et
734 4944 845 4999 Deo
874 4945 1149 5015 deputata,
1200 4948 1251 5002 id
1289 4958 1392 5015 est,
1426 4946 1608 5003 Iud-ra
1650 4952 1946 5016 devastata,
1982 4962 2037 5007 ct

472 5034 866 5110 Hierosolymis
922 5040 1147 5111 ipsoque
1173 5043 1354 5095 divino
1406 5044 1605 5113 templo
1656 5045 1910 5109 incensis,
1947 5045 2044 5101 ab-

477 5137 749 5186 duxerunt
781 5133 834 5186 in
865 5148 1017 5188 suam
1053 5136 1325 5205 regionem
1357 5151 1485 5190 vasa
1531 5152 1710 5204 sacra,
1747 5146 1909 5207 atque
1945 5138 2047 5190 im-

476 5220 686 5289 potenti
718 5221 798 5276 ira
826 5222 1085 5277 concitati
1118 5221 1367 5278 lsraelem
1389 5225 1725 5290 occiderunt,
1760 5237 2047 5295 quantum-

478 5314 558 5368 vis
595 5325 819 5369 sanctus
846 5316 1093 5385 populus,
1134 5324 1188 5370 et
1218 5316 1394 5386 portio
1425 5325 1480 5371 et
1514 5331 1634 5372 sors
1672 5316 1767 5373 Dei
1799 5320 2046 5372 nomina-

477 5416 649 5460 retur.
685 5405 818 5460 Nam
849 5408 987 5475 quod
1007 5405 1261 5461 lsraelem
1302 5407 1441 5461 idola
1468 5408 1735 5463 colentem
1760 5410 2046 5465 tradiderit

476 5499 616 5554 Deus
651 5500 702 5553 in
739 5515 928 5554 manus
954 5500 1332 5566 hostium,non
1362 5504 1649 5555 obscurum
1667 5512 1747 5553 est
1770 5516 2048 5555 sacrarum

477 5590 804 5646 Litterarum
840 5592 1159 5655 scientibus,
1186 5592 1278 5646 sed
1313 5592 1404 5661 qui
1447 5591 1511 5645 ad
1549 5593 1652 5648 hoc
1688 5593 1863 5646 voeati
1898 5601 2044 5658 sunt,

476 5701 569 5739 eos
603 5700 705 5740 non
747 5685 846 5740 levi
891 5684 1152 5754 supplicio
1194 5684 1513 5739 affecerunt.
1552 5683 1867 5740 Invenietur
1898 5686 2042 5740 enim

478 5776 672 5835 alicubi
709 5779 911 5835 dixisse
941 5777 1310 5833 universitatis
1348 5778 1488 5835 Deus
1536 5792 1666 5835 voce
1711 5777 1983 5835 Zachariae
2025 5796 2037 5832 :

2062 3118 2111 3182 C

2224 3116 2349 3170 Ἐπ’
2384 3114 2564 3182 ὄρους
2593 3112 2839 3167 πεδινοῦ
2860 3111 3039 3180 ἄρατε
3069 3110 3347 3182 σημεῖον.

2215 3207 2336 3258 Δεῖν
2385 3204 2440 3256 δὲ
2484 3199 2637 3272 οἶμαι
2686 3203 2786 3272 τῆς
2845 3203 3141 3274 ἑρμηνείας
3186 3203 3293 3258 τῶν
3341 3202 3723 3273 προκειμένων

2141 3293 2341 3365 ἀκριϐῆ
2375 3292 2645 3346 ποιεῖσθαι
2682 3292 2782 3362 τὴν
2814 3291 3069 3346 ἀπόδοσιν
3124 3291 3452 3363 ᾑρημένους,
3508 3308 3724 3363 προαφ-

2145 3385 2457 3458 ηγήσασθαί
2492 3402 2542 3439 τι
2574 3384 2683 3438 τῶν
2709 3384 3172 3453 ἀναγκαιοτάτων.
3199 3384 3379 3456 Κύρος
3410 3384 3719 3455 τοιγαροῦν,

2144 3480 2172 3531 ὁ
2221 3477 2428 3549 πατρὸς
2471 3478 2569 3548 μὲν
2598 3476 2897 3548 Καμϐύσου
2932 3477 3205 3547 γεγονὼς,
3246 3476 3449 3548 μητρὸς
3475 3477 3532 3530 δὲ
3574 3479 3724 3531 Μαν-

2145 3570 2331 3642 δάνης,
2379 3569 2605 3641 Περσῶν
2653 3587 2710 3624 τε
2755 3569 2851 3623 καὶ
2893 3570 3093 3641 Μήδων
3126 3568 3545 3640 βεϐασιλευκὼς,
3591 3589 3718 3625 κατ-

2143 3662 2475 3733 εστράτευσε
2521 3662 2617 3732 τῆς
2646 3660 2986 3727 Βαϐυλῶνος,
3029 3661 3123 3715 καί
3156 3662 3334 3732 πάσης
3384 3661 3441 3714 δὲ
3479 3662 3580 3731 τῆς
3611 3661 3725 3716 τῶν

2143 3753 2424 3807 Χαλδαίων
2446 3751 2628 3824 χώρας
2659 3753 2878 3825 εὐρείας
2904 3770 2963 3807 τε
2995 3751 3162 3825 οὔσης
3198 3753 3292 3808 καὶ
3325 3754 3527 3825 πολλῆς
3548 3755 3719 3823 ἄγανο

2144 3847 2238 3899 καὶ
2273 3845 2337 3917 δὴ
2374 3845 2467 3897 καὶ
2504 3847 2866 3916 κεκράτηκεν.
2906 3839 3066 3899 Εἷλεν
3114 3844 3285 3917 αὐτὴν
3330 3846 3390 3898 ού
3430 3845 3724 3917 δυνάμεσιν

2149 3937 2328 4002 ἰδίαις,
2369 3936 2494 3990 οὗτε
2527 3937 2634 4009 μὴν
2667 3938 3019 4009 ἀλκιμωτέρᾳ
3056 3938 3198 4008 χειρὶ
3228 3937 3539 4010 χρήσασθαι
3561 3938 3725 4010 δυνη-

2146 4029 2258 4093 θεὶς
2291 4029 2522 4100 (ἄμαχον
2569 4030 2783 4102 γάρτι
2832 4030 2926 4083 καὶ
2972 4030 3441 4098 ἀνανταγώνιστον
3486 4030 3547 4084 τὸ
3574 4031 3722 4085 Χαλ-

2144 4119 2311 4174 δαίων
2342 4119 2493 4183 ἔθνος
2522 4115 2610 4192 ἦν,
2646 4120 2735 4174 διά
2774 4138 2833 4174 τε
2868 4120 3097 4192 πληθὺν,
3136 4122 3231 4175 καὶ
3268 4120 3329 4175 τὸ
3359 4117 3418 4176 εὖ
3455 4121 3599 4193 μάλα
3632 4139 3724 4191 γε-

2145 4211 2455 4283 γυμνάσθαι
2492 4212 2562 4265 τά
2597 4213 2878 4284 τακτικὰ),
2921 4212 3057 4267 Θεοῦ
3112 4213 3313 4285 μᾶλλον
3357 4215 3719 4286 ὑποφέροντος

2146 4300 2296 4371 αύτῷ
2329 4301 2455 4363 τοὺς
2484 4299 2904 4372 ἀνθεστηκότας,
2928 4303 3020 4356 καί⁸
3053 4303 3121 4356 τά
3145 4303 3378 4376 δυσσεϐῆ
3414 4304 3521 4359 τῶν
3545 4304 3720 4358 Βαϐυ-

2147 4394 2353 4449 λωνίων
2375 4393 2758 4456 κατασείοντος
2780 4394 2956 4466 κράτη
2977 4410 2991 4424 ·
3037 4395 3209 4449 διάτοι
3237 4396 3297 4449 τὸ
3332 4396 3591 4467 πλείστην
3620 4396 3719 4467 μὲν

2144 4488 2273 4558 ὅσην
2320 4488 2448 4558 παρ’
2497 4486 2679 4550 αὐτοῖς
2729 4482 2865 4539 εἶναι
2911 4486 3009 4558 τὴν
3047 4486 3331 4557 γοητείαν·
3380 4486 3614 4557 ἀριθμοῦ
3662 4487 3719 4541 δὲ

2145 4579 2429 4649 κρείττονα
2458 4577 2553 4631 τὸν
2591 4576 2701 4631 τῶν
2737 4576 2969 4630 εἰδώλων
2993 4578 3159 4647 ἑσμόν
3179 4595 3194 4609 ·
3230 4577 3325 4631 καὶ
3349 4578 3477 4647 γοῦν
3508 4578 3581 4648 γῆ
3609 4578 3719 4632 τῶν

2145 4669 2400 4739 γλυπτῶν
2458 4669 2898 4739 κατωνόμασται,
2942 4669 2975 4741 ἢ
3036 4668 3126 4722 διά
3176 4669 3274 4741 τὴν
3328 4669 3437 4723 τῶν
3489 4668 3722 4723 εἰδώλων

2148 4761 2380 4832 πληθὺν,
2413 4762 2579 4832 ἤγουν
2607 4761 2690 4813 ὅτι
2721 4758 2817 4813 καὶ
2848 4758 3081 4823 ἕκαστος
3108 4758 3216 4813 τῶν
3242 4761 3422 4813 ἐκεῖσε
3462 4775 3717 4830 κατῳκη-

2147 4851 2320 4905 κότων
2368 4852 2489 4905 κατ’
2521 4850 2711 4903 οὐδένα
2743 4850 2944 4920 τρόπον
2994 4850 3213 4903 εἰδώλου
3266 4848 3557 4919 διενεγκὼν
3605 4848 3722 4921 ἡλί-

2145 4959 2320 5007 σκετο,
2364 4943 2506 4997 κατά
2550 4943 2613 5013 γέ
2661 4960 2803 5013 φημι
2860 4942 2920 4997 τὸ
2963 4942 3206 5012 ἀσχέτως
3227 4959 3286 4995 τε
3334 4940 3427 4994 καὶ
3465 4941 3722 5012 ἀκρατῶς

2149 5034 2446 5089 ἁπονεῠσαι
2492 5035 2628 5107 πρὸς
2684 5036 2969 5105 πλάνησιν.
3004 5032 3138 5089 Εἶτα
3185 5034 3322 5105 πρὸς
3367 5033 3595 5098 τούτοις,
3636 5033 3719 5087 ὅτι

2148 5128 2248 5198 τὴν
2277 5127 2439 5196 ἁγίαν
2470 5128 2566 5181 καὶ
2589 5128 2982 5199 ὲκνεμηθεῖσαν
3011 5127 3089 5199 τῷ
3122 5126 3239 5198 Θεῷ
3264 5127 3721 5199 καταδῃώσαντες

2150 5218 2275 5289 γῆν,
2302 5218 2446 5271 τοῦτ’
2474 5218 2608 5286 ἔστι,
2638 5218 2734 5289 τὴν
2750 5219 3025 5281 Ἰουδαίαν,
3046 5218 3539 5290 κατεμπρήσαντές
3567 5235 3629 5271 τε
3652 5216 3720 5271 «ea:

2160 5310 2529 5381 Ἰεροσόλυμα,
2569 5310 2663 5365 καὶ
2693 5310 2854 5365 αὐτόν
2884 5327 2942 5363 τε
2989 5307 3079 5364 τὸν
3110 5309 3251 5363 θεῖον
3289 5309 3435 5376 ναὸν,
3462 5309 3722 5380 ἀπεκόμι-

2153 5420 2251 5457 σαν
2286 5405 2383 5473 μὲν
2412 5406 2481 5457 τά
2512 5404 2679 5474 σκεύη
2709 5403 2779 5457 τὰ
2819 5401 2939 5474 ἱερά
2976 5405 3055 5465 εἰς
3078 5402 3177 5472 τὴν
3212 5401 3441 5471 ἑαυτῶν,
3472 5400 3627 5473 θυμῷ
3662 5402 3721 5456 δὲ

2155 5496 2379 5567 ἀκράτῳ
2424 5495 2692 5567 χρώμενοι
2735 5496 2827 5550 τὸν
2868 5495 3085 5567 Ἰσραὴλ
3125 5496 3507 5559 ἀπεκτόνασιν,
3544 5496 3720 5551 καίτοι

2154 5589 2280 5643 λαὸν
2309 5589 2463 5657 ἀγιον
2484 5589 2898 5660 ὠνομασμένον,
2932 5590 3125 5661 μερίδα
3144 5607 3202 5644 τε
3224 5591 3317 5644 καὶ
3343 5591 3543 5662 κλῆρον
3558 5590 3715 5646 Θεοῦ.

2154 5685 2277 5737 Ὅτι
2315 5688 2412 5753 μὲν
2444 5681 2551 5753 γὰρ
2578 5682 3105 5755 εἰδωλολατρήσαντα
3134 5682 3222 5736 τὸν
3253 5683 3470 5754 Ἰσραὴλ
3499 5683 3719 5747 παρεδί-

2149 5776 2239 5830 δου
2272 5776 2401 5840 Θεὸς
2434 5777 2513 5839 είς
2542 5778 2725 5847 χεῖρας
2751 5774 2964 5848 ἐχθρῶν
2997 5777 3095 5832 οὐκ
3126 5777 3443 5848 ἀσυμφανὲς
3470 5780 3581 5843 τοῖς
3608 5776 3719 5833 τῶν
