4124 6372
284 435 390 489 ’569

1419 433 1482 489 ΙΝ
1526 432 1754 488 ISAIAM
1793 433 1923 488 LIB.
1968 434 2030 489 II.
2073 431 2309 487 TOMUS
2351 431 2410 487 ΙΙ.

3436 433 3542 487 550

289 554 451 626 ιερῶν
499 554 842 625 γραμμάτων
885 557 1277 627 ὲπιστήμοσιν,
1318 556 1433 610 ἀλλ’
1492 556 1750 620 ἐκόλαζον
1796 554 1856 607 ού

1974 554 2317 610 rEmulatus
2367 567 2485 605 sum
2539 549 2843 606 Jerusalem
2903 560 2958 604 et
3013 547 3143 603 Sion
3193 547 3544 603 minulatioue

290 639 524 710 μετρίως
569 643 617 694 oi
653 642 978 713 κεκλημένοι
1014 644 1149 714 πρὸς
1179 644 1354 699 τοῦτο.
1400 646 1510 698 Καὶ
1537 644 1669 714 γοῦν
1719 645 1878 717 εὑρίο·

290 735 482 788 σκεταί
507 752 608 788 που
642 736 814 804 λέγων
838 740 866 791 6
898 737 1005 791 τῶν
1033 739 1170 792 ὅλων
1194 739 1326 803 Θεὸς
1365 739 1451 793 διὰ
1477 739 1663 809 φωνῆς
1690 743 1864 809 Ζαχα-

292 823 438 890 ρίου·
493 843 511 874 s
564 823 844 894 Ἐζήλωκα
891 826 990 896 τὴν
1052 826 1400 899 Ἰερουσαλὴμ
1443 829 1538 881 κα)⁸
1575 829 1674 900 τὴν
1725 828 1863 881 Σιὼν

289 913 452 984 ζῆλον
483 915 677 985 μέγαν,
718 916 810 969 καὶ
845 916 1000 988 θυμῷ
1032 919 1249 989 μεγάλῳ
1285 919 1396 987 ἐγὼ
1437 920 1729 992 ὀργίζομαι
1771 921 1864 972 ἐπὶ

286 1007 355 1060 τὰ
385 1007 514 1077 ἔθνη
542 1009 611 1061 τὰ
641 1009 1111 1080 συνεπιτιθέμενα,
1157 1011 1274 1064 ἀνθ’
1305 1006 1379 1066 ὧν
1417 1011 1527 1082 ἐγὼ
1560 1012 1658 1083 μὲν
1695 1012 1864 1083 ὠργί-

293 1100 424 1169 σθην
457 1099 633 1167 ὀλίγα,
679 1101 833 1154 αὐτοὶ
865 1101 922 1153 δὲ
967 1102 1321 1156 συνεπέθεντο
1359 1105 1440 1166 είς
1487 1103 1652 1156 κακά.
1693 1122 1710 1155 ι
1757 1105 1866 1156 Καὶ

290 1190 427 1261 πρός
453 1207 516 1258 γε
547 1191 646 1262 τὴν
675 1191 971 1246 Βαϐυλῶνά
1001 1211 1163 1264 φησιν
1183 1210 1196 1225 ·
1235 1214 1253 1246 ι
1278 1194 1417 1264 Ἐγὼ
1437 1195 1643 1249 δέδωκα
1667 1196 1865 1259 αὐτοὺς

291 1281 370 1340 είς
402 1279 500 1341 τὰς
524 1279 711 1349 χεῖράς
747 1297 860 1342 σου,
900 1282 963 1334 σὺ
993 1281 1050 1334 δὲ
1083 1283 1181 1335 οὐκ
1205 1283 1411 1346 ἔδωκας
1439 1286 1620 1347 αὐτοῖς
1642 1283 1811 1347 ἔλεος.
1840 1303 1858 1335 ι

291 1369 459 1440 Κύρῳ
484 1370 546 1440 δὴ
583 1367 674 1424 οὖν
704 1372 986 1442 παρεδίδου
1017 1373 1151 1436 Θεὸς
1188 1374 1287 1445 τὴν
1319 1373 1552 1439 ἀλαζόνα
1591 1376 1682 1428 καὶ
1709 1375 1865 1444 ὑϐρί-

293 1478 502 1532 στριαν,
540 1463 635 1532 τὴν
668 1464 883 1535 ἁπάσης
925 1465 1257 1535 φαυλότητος
1289 1468 1499 1537 μητέρα
1528 1468 1622 1520 καὶ
1643 1466 1862 1538 τροφὸν,

293 1553 438 1622 φημὶ
458 1553 521 1622 δή
547 1553 647 1624 τὴν
687 1553 1000 1609 Βαϐυλῶνα.
1043 1556 1255 1608 Γένοιτο
1285 1555 1343 1608 δὲ
1376 1556 1470 1609 καὶ
1502 1557 1660 1609 τοῦτο
1696 1557 1865 1624 σαφὲς

291 1641 542 1710 λέγοντος
595 1644 760 1697 αὑτοῦ
799 1643 891 1696 διὰ
941 1645 1162 1698 Ἡσαΐου
1211 1645 1421 1710 οὕτως·
1477 1665 1496 1698 ‹
1534 1647 1672 1701 Τάδε
1721 1647 1868 1716 λέγει

296 1733 500 1802 Κύριος
550 1732 626 1802 τῷ
665 1733 871 1804 χριστῷ
921 1751 1023 1805 μου
1086 1735 1273 1806 Κύρῳ,
1328 1729 1389 1789 οὗ
1435 1736 1716 1806 ἐκράτησα
1770 1735 1870 1806 τῆς

293 1824 490 1889 δεξιᾶς,
513 1824 812 1878 ἐπακοῦσαι
834 1825 1144 1896 ἔμπροσθεν
1175 1826 1340 1880 αὑτοῦ
1370 1827 1520 1898 ἔθνη,
1549 1828 1644 1880 καὶ
1687 1826 1870 1890 πόλεις

294 1915 356 1966 οὑ
391 1914 930 1986 συγκλεισθήσονται.
970 1915 1110 1985 Ἐγὼ
1144 1917 1454 1989 ἔμπροσθέν
1484 1935 1578 1972 σου
1601 1920 1866 1990 πορεύσο-
1903 1907 1944 1962 Β

299 2022 417 2076 μαι,
449 2007 542 2059 κα)⁵
579 2006 680 2078 ὅρη
712 2007 940 2076 ὀμαλιῶ.
976 2008 1161 2080 Θύρας
1201 2012 1407 2081 χαλκᾶς
1439 2014 1732 2084 συντρίψω,
1775 2015 1871 2069 καὶ

299 2098 529 2170 μοχλοὺς
553 2099 804 2170 σιδηροῦς
825 2101 1133 2168 συγκλάσω.
1161 2122 1178 2154 ι
1205 2104 1526 2175 Νενικηκὼς
1555 2105 1612 2159 δὲ
1635 2107 1663 2158 6
1690 2106 1872 2178 Κύρος

297 2191 465 2260 ἀνῆκε
512 2192 610 2262 τῆς
647 2192 1025 2262 αἰχμαλωσίας
1076 2194 1168 2247 τὸν
1211 2195 1448 2268 Ἰσραὴλ,
1477 2199 1614 2251 οἶκοι
1655 2217 1713 2252 τε
1755 2199 1874 2270 χαί-

301 2298 492 2352 ροντας
519 2281 653 2335 ίέναι
688 2281 1076 2353 προστέταχεν,
1118 2283 1211 2337 xui.
1258 2284 1366 2354 μὴν
1397 2286 1488 2338 καὶ
1534 2286 1699 2339 αὐτὸν
1741 2288 1875 2341 ἀνα-

298 2373 585 2445 δείμασθαι
619 2374 709 2427 τὸν
763 2373 905 2427 θεῖον
947 2374 1092 2427 ναόν.
1142 2376 1251 2428 Καὶ
1300 2375 1432 2444 γοῦν
1487 2379 1515 2430 6
1575 2379 1870 2449 προφήτης

311 2466 609 2538 Ἱερεμίας,
648 2483 668 2517 ε
718 2464 776 2515 Ὦ
798 2465 972 2533 λόγος,
1003 2484 1020 2516 ι
1050 2467 1232 2537 φησὶν,
1266 2485 1283 2518 ‹
1312 2467 1372 2520 ὃν
1402 2467 1632 2539 ἐλάλησε
1671 2467 1875 2541 Κύριος

302 2559 394 2611 ἐπὶ
447 2557 775 2611 Βαϐυλῶνα·
815 2557 1198 2625 Ἀναγγείλατε
1253 2559 1313 2612 ὲν
1355 2562 1466 2622 τοῖς
1521 2559 1717 2624 ἔθνεσι,
1779 2562 1874 2615 καὶ

300 2649 542 2703 ἀκουστὰ
567 2649 852 2720 ποιήσατε,
874 2649 967 2702 καὶ
1000 2648 1075 2719 μὴ
1105 2649 1370 2722 κρύψητε.
1387 2651 1616 2705 Εἴπατε.
1635 2651 1874 2705 Ἐἀλωκε

304 2737 581 2802 Βαϐυλὼν,
617 2737 964 2808 κατῃσχύνθη
1000 2736 1130 2807 Βὴλ,
1161 2739 1193 2807 ἡ
1223 2737 1515 2807 ἀπτόητος,
1546 2738 1871 2809 ἡτρυφερὰ.

307 2829 580 2900 Παρεδόθη
619 2828 886 2898 Μεωδὰχ,
924 2829 1005 2881 ὅτι
1038 2828 1206 2899 ἀνέϐη
1253 2829 1340 2881 ἐπ’
1379 2830 1550 2900 αὐτὴν
1579 2829 1730 2892 ἔθνος
1770 2829 1877 2882 ἀπὸ

307 2924 500 2996 βορρᾶ,
549 2923 710 2987 αὐτὸς
757 2923 912 2993 θήσει
948 2923 1045 2992 τὴν
1075 2925 1178 2992 γῆν
1210 2922 1380 2992 αὐτῆς
1433 2924 1513 2985 εἰς
1548 2922 1875 2992 ἀφανισμὸν,

303 3016 404 3070 οὑκ
442 3015 592 3068 ἔσται
634 3017 662 3067 6
703 3014 972 3067 κατοικῶν
1018 3016 1075 3068 ὲν
1115 3015 1251 3086 αὐτῇ
1297 3015 1403 3066 ἀπὸ
1447 3013 1733 3085 ἀνθρώπου
1773 3014 1879 3076 ἓως

307 3108 556 3178 κτήνους.
587 3106 675 3159 Ἐν
694 3110 810 3170 ταῖς
837 3109 1075 3178 ἡμέραις
1103 3109 1360 3171 ἐκείναις,
1399 3107 1492 3161 καὶ
1519 3110 1576 3160 ἐν
1605 3107 1682 3178 τῷ
1703 3107 1879 3178 καιρῷ

307 3199 516 3268 ἐκείνῳ,
549 3198 770 3269 ἥξουσιν
804 3200 852 3252 oi.
895 3201 1004 3263 υἱοὶ
1055 3199 1271 3270 Ἰσραὴλ
1318 3201 1412 3252 καὶ
1457 3201 1505 3252 οί
1553 3200 1661 3252 υἱοὶ
1703 3200 1874 3253 Ἰούδα

307 3293 400 3344 ἐπὶ
440 3291 500 3343 τὸ
547 3291 679 3343 αὐτὸ
726 3290 1029 3360 βαδίζοντες
1073 3293 1166 3345 καὶ
1205 3290 1485 3355 κλαίοντες
1519 3291 1876 3362 πορεύσονται

307 3385 400 3438 τὸν
449 3385 581 3438 Θεὸν
629 3384 808 3438 αὑτῶν
844 3385 1166 3455 ζητοῦντες·
1220 3387 1325 3448 ἕως
1365 3385 1501 3438 Σιών
1541 3386 1878 3457 ἐρωτήσωσι

311 3479 408 3546 τὴν
437 3477 571 3530 ὁδόν.
603 3469 731 3529 Ὧδε
775 3475 884 3546 γὰρ
931 3476 993 3530 τὸ
1050 3477 1342 3547 πρόσωπον
1394 3477 1577 3530 αὐτῶν
1627 3477 1880 3544 δώσουσι,

311 3571 407 3624 καὶ
437 3571 659 3641 ἥξουσι,
699 3570 795 3624 καὶ
839 3568 1266 3637 καταφεύξονται
1315 3571 1451 3640 πρὸς
1497 3569 1722 3640 Κύριον.
1763 3573 1888 3624 Δια·

315 3665 457 3736 θήκη
504 3664 614 3734 γὰρ
637 3663 858 3727 αἰώνιος
885 3664 987 3717 οὐκ
1012 3662 1454 3732 ὲπιλησθήσεται.
1492 3681 1510 3714 ›
1547 3664 1655 3715 Καὶ⁸
1687 3663 1847 3716 πάλιν
1871 3679 1885 3694 ·

319 3779 340 3811 ι
371 3759 469 3812 Διὰ
495 3759 652 3813 τοῦτο
675 3759 800 3813 τάδε
822 3758 968 3826 λέγει
996 3756 1199 3826 Κύριος
1229 3773 1242 3785 ·
1266 3756 1394 3808 Ἰδοὺ
1423 3756 1532 3824 ἐγὼ
1566 3755 1766 3809 ὲκδικῶ
1791 3758 1889 3810 ἐπὶ

1965 661 2180 714 magna,
2213 655 2268 698 et
2300 645 2375 698 ira
2428 659 2618 712 magna
2673 648 2875 696 irascor
2905 639 3155 711 gentibus
3185 655 3304 705 qua:
3354 655 3545 708 super-

1968 737 2232 807 imposita:
2265 745 2390 790 sunt
2423 753 2438 788 :
2469 751 2566 805 pro
2593 751 2656 788 eo
2689 734 2830 803 quod
2857 749 2954 804 ego
2987 735 3157 787 iratus
3186 731 3263 785 fui
3305 732 3538 795 modice,

1967 828 2096 896 ipsa:
2125 842 2250 881 vero
2292 825 2724 895 superimposita
2753 832 2881 877 sunt
2918 825 2968 874 in
3012 822 3150 875 mala
3181 821 3246 873 ⁸⁸.
3285 839 3304 870 ›
3346 819 3410 872 Ει
3439 818 3543 872 Ba-

1965 918 2148 989 byloni
2179 920 2254 972 ait
2286 939 2296 972 :
2341 937 2359 969 ι
2392 917 2500 986 Ego
2536 917 2658 970 dedi
2689 931 2782 969 eos
2814 917 2866 969 in
2893 930 3084 968 manus
3110 925 3250 980 tuas,
3282 922 3338 966 tu
3364 923 3543 966 autem

1967 1026 2072 1066 non
2117 1011 2461 1079 impartivisti
2509 1009 2619 1063 illis
2663 1007 3091 1062 misericordiam
3127 1007 3194 1061 ⁸⁷.
3221 1025 3240 1057 ι
3277 1004 3420 1076 Cyro
3444 1003 3544 1074 igi-

1969 1111 2056 1155 tur
2095 1102 2319 1155 tradidit
2366 1103 2506 1156 Deus
2539 1099 2830 1168 superbam
2879 1107 2935 1151 et
2968 1097 3314 1161 insolentem,
3361 1096 3543 1150 omnis

1966 1192 2278 1246 vitiositatis
2323 1201 2552 1245 matrem
2586 1199 2640 1243 et
2677 1189 2968 1254 nutricem,
3001 1189 3124 1242 dico
3154 1197 3336 1241 autem
3370 1187 3544 1256 Baby-

1970 1283 2167 1338 lonem.
2202 1281 2312 1337 Hoc
2349 1291 2528 1335 autem
2561 1279 2906 1334 manifestum
2939 1291 3059 1332 esse
3082 1278 3303 1345 poterit,
3331 1277 3546 1331 dicente

1970 1376 2085 1447 ipso
2112 1374 2259 1429 Isaiae
2295 1389 2424 1429 voce
2464 1375 2540 1429 sic
2572 1389 2587 1428 :
2625 1391 2644 1423 ε
2677 1370 2802 1426 Haec
2860 1370 2992 1425 dicit
3037 1370 3293 1423 Dominus
3333 1368 3541 1422 christo

1969 1482 2089 1521 meo
2127 1465 2288 1536 Cyro,
2337 1464 2491 1533 cujus
2521 1460 2842 1534 prehensavi
2889 1461 3196 1520 dexteram.
3239 1472 3299 1512 ut
3331 1456 3546 1512 auscul-

1973 1569 2084 1613 tent
2112 1573 2294 1613 coram
2319 1572 2383 1612 eo
2417 1568 2626 1628 gentes,
2666 1564 2722 1610 et
2751 1554 2997 1609 civitates
3033 1567 3138 1606 non
3169 1550 3543 1606 occludentur.

1970 1651 2082 1720 Ego
2107 1660 2231 1704 ante
2263 1660 2312 1704 te
2351 1648 2659 1714 ambulabo,
2691 1657 2746 1701 et
2772 1653 2982 1700 montes
3006 1642 3388 1713 complanabo,
3419 1655 3546 1709 por-

1973 1753 2056 1799 tas
2102 1758 2275 1798 aeneas
2329 1751 2632 1806 conteram,
2695 1750 2750 1795 et
2808 1749 2989 1794 vectes
3041 1736 3250 1792 ferreos
3296 1734 3546 1789 confrin-

1971 1850 2091 1905 gam
2123 1834 2188 1886 ⁸³.
2223 1852 2242 1887 s
2278 1833 2438 1903 217
2461 1833 2594 1888 Cum
2632 1832 2934 1902 subegissct
2965 1843 3095 1884 vero
3117 1828 3312 1898 Cyrus,
3344 1825 3549 1879 laxavit

1973 1927 2288 1995 captivitate
2333 1926 2611 1990 Israclem,
2651 1926 2985 1991 domumque
3035 1920 3188 1974 laetos
3238 1919 3318 1972 ire
3360 1915 3546 1988 jussit,

1973 2018 2256 2089 ipsumque
2305 2016 2398 2070 Dei
2453 2015 2708 2084 templqu
2751 2022 3080 2068 restaurare.
3125 2009 3263 2075 Quin
3317 2017 3373 2062 et
3423 2020 3555 2076 pro~

1971 2109 2131 2178 pheta
2165 2108 2431 2164 Jeremias
2468 2107 2646 2174 inquit
2680 2124 2693 2161 :
2734 2123 2752 2156 ι
2789 2105 3023 2160 Verbum
3053 2101 3198 2170 quod
3227 2100 3442 2154 locutus
3465 2105 3550 2152 est

1974 2199 2231 2254 Dominus
2255 2213 2417 2268 super
2440 2197 2768 2267 Babylonem
2809 2213 2824 2249 :
2868 2193 3206 2248 Annuntiate
3249 2193 3387 2246 inter
3415 2205 3549 2259 gen-

1975 2300 2077 2358 tes,
2112 2299 2166 2346 et
2199 2291 2381 2344 audita
2407 2289 2589 2353 facile,
2622 2297 2677 2343 et
2705 2302 2770 2342 ne
2793 2286 2986 2342 celate.
3011 2285 3186 2339 Dicite
3216 2301 3231 2338 :
3265 2283 3434 2350 Capta
3465 2288 3551 2334 est

1976 2383 2238 2454 Babylon,
2274 2381 2537 2436 confusus
2586 2389 2670 2435 est
2715 2379 2844 2444 Bel;
2899 2375 3290 2446 imperterrita,
3350 2373 3549 2439 mollis,

1985 2476 2180 2529 tradita
2211 2484 2294 2529 est
2318 2472 2596 2536 Meodach,
2639 2471 2762 2541 quia
2795 2470 3040 2525 ascendit
3062 2477 3253 2524 contra
3276 2481 3394 2520 eam
3420 2479 3552 2533 gens

1977 2569 2044 2622 ab
2067 2565 2351 2636 Aquilone,
2379 2567 2494 2635 ipse
2518 2565 2724 2634 rediget
2757 2575 2954 2618 terram
2983 2561 3099 2631 ejus
3124 2561 3176 2615 in
3210 2560 3544 2622 vastitatem,

1977 2674 2076 2714 nec
2115 2660 2221 2713 erit
2255 2658 2565 2713 inhabitans
2612 2657 2666 2710 in
2717 2670 2800 2720 ea,
2842 2669 2940 2710 nec
2972 2655 3134 2709 homo
3160 2691 3175 2716 ,
3209 2666 3308 2706 nec
3334 2651 3554 2719 jumen-

1977 2761 2112 2807 tum.
2149 2751 2208 2806 In
2240 2751 2430 2806 diebus
2475 2750 2579 2804 illis
2609 2759 2664 2804 et
2704 2749 2756 2803 in
2790 2758 3031 2815 tempore
3075 2745 3168 2799 illo
3205 2742 3426 2797 venient
3456 2741 3552 2795 Elii

1981 2845 2151 2900 Israel
2199 2843 2324 2912 ipsi,
2360 2853 2413 2897 et
2445 2841 2538 2896 lilii
2566 2840 2723 2905 Iuda,
2765 2854 2869 2893 una
2903 2836 3247 2891 ambulantes
3273 2845 3328 2890 et
3363 2833 3553 2888 ﬂentes

1980 2936 2156 3000 ibunt,
2193 2935 2361 2989 Deum
2386 2949 2543 2988 suum
2578 2941 2901 3003 quaerentes,
2928 2944 3099 2998 usque
3126 2929 3189 2982 ad
3215 2926 3342 2981 Sion
3379 2927 3550 2979 inter-

1980 3029 2246 3095 rogabunt
2278 3028 2442 3080 viam.
2472 3025 2589 3080 Huc
2641 3026 2788 3078 enim
2826 3022 3019 3076 faciem
3066 3035 3217 3075 suam
3246 3019 3469 3083 dabunt,
3499 3027 3556 3072 et

1979 3119 2220 3183 venient,
2253 3129 2307 3173 et
2337 3117 2652 3187 confugient
2697 3116 2763 3169 ad
2803 3114 3113 3168 DOminum.
3166 3110 3367 3164 Foedus
3401 3109 3554 3163 enim

1979 3221 2242 3264 aeternum
2283 3223 2387 3263 non
2438 3209 2679 3262 tradetur
2725 3203 2984 3259 oblivioni
3029 3203 3095 3254 ⁸ο.
3134 3219 3153 3252 s
3189 3201 3255 3255 Et
3295 3212 3488 3253 rursus
3537 3214 3552 3251 :

1987 3320 2006 3354 ι
2033 3302 2326 3370 Propterea
2370 3301 2483 3355 haec
2516 3299 2646 3353 dicit
2686 3297 2942 3351 Dominus
2974 3313 2989 3351 :
3029 3294 3166 3349 Ecce
3226 3307 3324 3363 ego
3373 3290 3550 3345 vindi-

1980 3406 2121 3449 ctam
2149 3409 2356 3448 sumam
2393 3394 2459 3447 de
2500 3407 2624 3463 rege
2660 3390 2947 3460 Babylonis
2982 3398 3036 3444 et
3080 3388 3146 3441 de
3191 3395 3334 3440 terra
3367 3384 3557 3452 ipsius,

1979 3485 2140 3541 sicuti
2165 3485 2458 3538 vindictam
2485 3483 2688 3551 sumpsi
2715 3485 2780 3537 de
2806 3497 2931 3549 rege
2955 3483 3148 3545 Assur,
3179 3489 3233 3533 et
3265 3477 3548 3531 restituam

1982 3575 2148 3631 Israel
2197 3576 2250 3630 in
2297 3591 2496 3644 pascua
2535 3591 2653 3640 sua,
2699 3583 2754 3627 et
2794 3582 2980 3643 pascet
3021 3572 3075 3627 in
3109 3569 3383 3634 Carmelo,
3415 3577 3471 3622 et
3504 3567 3557 3618 in

1985 3679 2168 3725 monte
2202 3669 2480 3738 Epliraim,
2514 3677 2568 3722 et
2597 3666 2648 3720 iu
2681 3664 2910 3731 Galaad,
2949 3673 3004 3719 et
3037 3661 3352 3733 implebitur
3380 3657 3563 3712 anima

1988 3762 2106 3830 ejus
2139 3762 2206 3814 ’°.
2248 3779 2267 3812 ι

315 3854 406 3906 τὸν
445 3851 671 3922 βασιλέα
701 3851 1051 3915 Βαϐυλῶνος,
1088 3852 1180 3903 καὶ
1221 3850 1321 3921 τὴν
1381 3851 1486 3920 γῆν
1519 3851 1705 3913 αὐτοῦ,
1773 3852 1954 3918 καθὼς
1998 3856 2282 3926 ἐξεδίκησα
2323 3856 2414 3908 ἐπὶ
2456 3855 2549 3907 τὸν
2595 3853 2817 3925 βασιλέα
2868 3862 3117 3921 Ασσουρ·
3155 3846 3251 3900 καὶ
3296 3845 3569 3897 ἀποκατα-

317 3947 501 4016 στήσω
534 3945 624 3999 τὸν
657 3946 874 4019 Ἰσραὴλ
908 3947 988 4009 είς
1031 3943 1128 4017 τὴν
1160 3944 1332 4015 νομὴν
1383 3944 1581 3998 αὑτοῦ·
1646 3946 1741 3999 καὶ
1803 3948 2172 4020 νεμηθήσεται
2202 3952 2258 4005 ὲν
2280 3949 2356 4021 τῷ
2395 3949 2700 4022 Καρμήλῳ,
2743 3948 2836 4002 καὶ
2906 3949 2963 4000 ὲν
2989 3946 3106 4019 δρει
3144 3940 3418 4013 Ἐφραίμ,
3460 3937 3557 3989 καὶ

319 4038 379 4093 ἑν
405 4037 482 4108 τῷ
506 4039 739 4105 Γαλαὰδ,
772 4039 866 4092 καὶ
903 4036 1352 4108 ἐμπλησθήσεται
1387 4038 1420 4108 ή
1458 4036 1604 4108 ψυχὴ
1635 4037 1822 4091 αὐτοῦ.
1861 4057 1879 4088 s

401 4135 522 4188 Ἐπ’
576 4135 753 4202 ὅρους
799 4133 1042 4187 πεδινοῦ
1083 4133 1262 4201 ἄρατε
1293 4132 1568 4202 σημεῖον,
1607 4133 1874 4201 ὑψώσητε

2064 4131 2224 4188 Vens.
2243 4131 2298 4198 2,
2331 4131 2384 4185 5.
2415 4130 2481 4184 1η
2511 4139 2684 4183 monte
2706 4126 2982 4197 campestri
3011 4123 3178 4178 tollite
3206 4123 3432 4192 signum,
3461 4120 3568 4176 ele-

318 4225 435 4298 τήν
453 4225 663 4296 φωνὴν
689 4225 941 4291 ἑαυτοῖς,
957 4224 1042 4294 μὴ
1077 4225 1374 4292 φοϐεῖσθε,
1396 4224 1792 4293 παρακαλεῖτε
1816 4224 1874 4292 τέ

1989 4238 2106 4282 vate
2128 4243 2298 4281 uocem
2319 4227 2416 4290 eis,
2440 4221 2788 4278 consolantint'
2811 4235 2993 4283 manu,
3016 4217 3236 4285 aperite,
3267 4215 3528 4283 principes
3548 4227 3568 4266 :

319 4319 491 4389 χειρί,
516 4317 796 4381 ἀνοίξατε
822 4320 875 4371 οὶ
907 4316 1214 4386 ἄρχοντες.
1250 4316 1394 4385 Ἐγὼ
1418 4316 1769 4380 συντάσσω,
1792 4320 1874 4370 xu;

1992 4336 2084 4388 ego
2114 4319 2346 4381 instruo,
2379 4328 2426 4371 et
2464 4333 2556 4386 ego
2588 4317 2794 4369 adduco
2836 4329 2945 4376 eos,
2977 4309 3294 4378 sanctiﬁcati
3333 4315 3477 4370 sunt,
3519 4316 3568 4358 et

319 4412 434 4481 ἐγὼ
458 4411 578 4481 ἄγω
602 4411 843 4476 αὐτούς.
888 4409 1255 4479 Ἠγιασμένοι
1286 4409 1466 4471 εἰσὶν,
1495 4409 1595 4462 καὶ
1631 4407 1746 4479 ἐγὼ
1774 4408 1874 4477 ἅγιε

1991 4425 2084 4480 ego
2114 4409 2318 4461 adduco
2351 4423 2460 4461 eos.
2502 4404 2752 4475 Gigantes
2783 4404 2989 4456 ueniunt
3026 4409 3080 4452 ut
3125 4397 3365 4465 expleant
3418 4395 3570 4464 [uro-

321 4506 561 4570 αὐτούς.
594 4503 882 4571 Γίγαντες
913 4502 1190 4570 ἔρχονται
1220 4498 1533 4568 πληρῶσαι
1568 4500 1674 4555 τὸν
1699 4500 1874 4569 θυμόν

1993 4517 2101 4555 rem
2131 4515 2324 4562 meum,
2363 4497 2646 4568 gaudentes
2675 4493 2832 4548 simul
2869 4502 2919 4546 et
2950 4489 3284 4545 insultantes.

317 4613 456 4667 μου,
479 4595 791 4663 χαίροντες
817 4592 936 4662 ἅμα
966 4592 1066 4645 καὶ
1097 4589 1454 4660 ὑϐρίζοντες.

404 4688 462 4742 Ὀ
518 4686 786 4758 μακάριος
835 4685 1118 4755 προφήτης
1168 4683 1584 4755 μεμεστωμένον
1619 4682 1756 4753 ἔχων
1803 4687 1874 4735 τὸ·

2063 4677 2258 4731 Beatus
2287 4675 2547 4745 propheta
2573 4681 2807 4727 mentem
2860 4669 3065 4725 habens
3122 4666 3387 4737 repletam
3439 4679 3566 4716 sau-

323 4779 448 4835 νοῦν
478 4781 574 4832 τοῦ
606 4779 759 4847 ἁγίου
794 4776 1132 4847 Πνεύματος,
1165 4773 1405 4843 γεγονώς
1429 4791 1487 4827 τε
1517 4776 1577 4828 ὲν
1608 4775 1874 4827 ὀπτασίαω

1995 4778 2083 4824 cto
2120 4769 2351 4838 Spiritu,
2413 4775 2467 4820 et
2500 4765 2828 4819 constitutus
2886 4762 2938 4814 iu
2987 4759 3207 4831 specula
3250 4767 3308 4811 ut
3347 4771 3433 4810 res
3482 4769 3574 4806 ve-

325 4871 685 4942 πραγμὰτων,
725 4868 885 4921 οἱονεὶ
918 4865 1312 4937 γραφομένων,
1360 4865 1640 4935 μονονουχὶ
1680 4863 1774 4917 καὶ
1807 4861 1866 4927 ἐξ

1999 4860 2096 4914 luti
2131 4859 2234 4914 sibi
2275 4856 2577 4923 descriptas
2631 4863 2687 4908 et
2725 4854 2795 4907 ob
2835 4852 3023 4906 oculos
3068 4850 3270 4920 positas
3329 4857 3576 4901 contem-

329 4937 576 5029 ἅλλεται,
600 4962 836 5033 Πέρσαις
875 4976 933 5011 τε
972 4960 1066 5010 καὶ
1096 4957 1298 5027 Μήδοις
1334 4955 1648 5024 ὲπιφωνῶν,
1694 4953 1769 5020 ὼς
1802 4954 1874 5024 ἥδε

2000 4952 2197 5023 pletur,
2251 4959 2459 5002 tantum
2487 4963 2590 5000 non
2635 4943 2892 5007 exsultat,
2932 4942 3117 4997 Persis
3155 4941 3308 5010 juxta
3342 4953 3407 4992 ac
3458 4937 3572 4991 Me-

327 5031 695 5127 κεκρατηκόσι
729 5055 827 5124 τῆς
865 5049 1242 5114 Βαϐυλωνίων,
1283 5048 1459 5120 αἴρειν
1501 5065 1559 5102 τε
1605 5045 1742 5116 ὑψοῦ
1797 5048 1874 5117 τῆ‹

2003 5045 2087 5099 dis
2129 5042 2453 5104 acclamaus,
2489 5055 2552 5093 ac
2593 5039 2638 5093 si
2682 5038 2795 5107 jam
2839 5036 3180 5104 subjugasset
3221 5031 3570 5101 Babylonios,

325 5126 479 5218 νίκης
506 5148 567 5201 τὸ
589 5145 873 5217 σύμϐολον·
897 5142 1047 5198 τουτὶ
1068 5141 1198 5211 γὰρ,
1225 5136 1401 5211 οἶμαι,
1426 5140 1543 5192 ἐστὶ
1561 5139 1622 5191 τὸ
1650 5139 1872 5208 σημεῖον

2005 5147 2066 5192 ut
2112 5147 2168 5192 et
2217 5136 2405 5190 tollant
2465 5134 2518 5187 in
2575 5133 2742 5186 altum
2793 5130 3036 5185 victoriae
3087 5127 3392 5199 symbolum
3429 5143 3441 5178 :
3475 5126 3575 5178 hoc

329 5242 422 5296 καὶ
473 5238 864 5303 καταλαλάζειν
897 5237 994 5306 τῆς
1039 5234 1324 5289 Χαλδαίων
1359 5233 1637 5306 στρατιᾶς,
1671 5231 1746 5294 ὼς
1796 5230 1874 5300 ήδη

1999 5230 2144 5286 enim
2176 5240 2279 5296 est,
2310 5228 2519 5296 opinor,
2553 5227 2798 5296 signum:
2828 5233 2883 5277 et
2906 5231 2966 5276 ut
3004 5235 3192 5276 vocem
3224 5218 3412 5273 tollant
3444 5232 3575 5271 con-

333 5334 610 5404 πεσούσης
657 5331 750 5384 καὶ
781 5327 1128 5400 παραδούσης
1178 5327 1358 5388 αὐτοῖς
1388 5325 1488 5396 τὴν
1527 5323 1762 5388 ἀλαζόνα
1804 5339 1874 5376 κα

2003 5332 2087 5377 tra
2125 5322 2500 5376 Chaldaeorum
2541 5319 2864 5383 exercitum,
2909 5315 3059 5370 velut
3088 5321 3429 5368 corrueutem
3465 5311 3572 5378 jam

333 5427 592 5496 ἀοίδιμον,
623 5425 688 5496 ἢν
717 5423 812 5478 καὶ
842 5422 1050 5494 σφύραν
1079 5422 1180 5490 τῆς
1203 5421 1304 5490 γῆς
1333 5420 1362 5472 6
1396 5417 1685 5489 προφήτης
1726 5416 1866 5488 Ἱερε

2006 5423 2062 5468 et
2090 5412 2390 5467 tradentem
2421 5410 2550 5477 ipsis
2582 5409 2870 5478 superbam
2900 5407 3043 5460 illam
3077 5415 3132 5460 et
3158 5404 3431 5459 celebrem
3485 5418 3572 5455 re-

339 5518 467 5588 μίας
522 5515 785 5570 ἀπεκάλει
822 5514 996 5582 λέγων
1042 5513 1169 5583 περὶ
1210 5512 1309 5581 τῆς
1348 5508 1723 5562 Βαϐυλωνίων.
1781 5507 1874 5560 Πῶ

2009 5508 2243 5577 gionem,
2292 5519 2454 5573 quant
2508 5501 2758 5557 malleum
2801 5512 2960 5557 terra!
3005 5500 3267 5569 propheta
3313 5497 3578 5551 Jeremias

334 5585 476 5665 ἑάλω
523 5610 616 5664 καὶ
661 5606 949 5679 συνετρίϐη
982 5608 1015 5677 ή
1047 5605 1227 5675 σφύρα
1273 5597 1384 5672 τῆξ
1420 5603 1557 5672 γῆς;
1600 5602 1751 5654 πᾶσα
1801 5601 1871 5667 γὰ

2010 5596 2259 5660 vocavit,
2293 5594 2480 5649 dicens
2519 5595 2585 5648 de
2632 5602 2772 5647 terra
2800 5589 3220 5660 Babyloniorum
3253 5604 3266 5640 :
3299 5585 3578 5652 Quomodo

336 5701 624 5773 συνετρίϐη
653 5674 898 5763 πόλιςγτε
928 5674 1022 5752 καί
1059 5674 1210 5769 χῶρα
1242 5694 1655 5764 καταπαιομένη
1710 5693 1874 5766 τρόπο

2011 5697 2203 5757 captus
2245 5695 2328 5741 est
2381 5695 2435 5740 et
2480 5683 2749 5739 contritus
2783 5682 3010 5737 malleus
3060 5679 3327 5734 universae
3379 5674 3579 5732 terrae?

407 5859 703 5917 "Zachar.
728 5875 768 5926 ι,
796 5859 882 5924 Η,
921 5858 1005 5913 15.
1083 5856 1126 5889 ⁸⁷
1152 5855 1255 5912 lsa.
1293 5871 1456 5923 sum,
1495 5854 1546 5910 6.
1624 5854 1668 5885 ⁸⁸
1696 5851 1793 5907 Isa.
1828 5867 1874 5906 xi

1988 5850 2040 5917 ί,
2068 5849 2121 5903 2.
2198 5845 2456 5904 ".Iet'cut.
2493 5861 2542 5911 ι,
2577 5843 2689 5898 4-5.
2785 5842 2832 5874 '°
2859 5840 2984 5897 ibid.
3016 5839 3102 5906 18,
3136 5838 3222 5894 19.
