  <div class='ocr_page' id='page_1' title='image "/cluster/home/n/w/nwhite01/storage/ocr_20150623/70/nnc1.0046980253/194.png"; bbox 0 0 4148 6374; ppageno 0'>
   <div class='ocr_carea' id='block_1_1' title="bbox 337 436 442 492">
    <p class='ocr_par' dir='ltr' id='par_1_1' title="bbox 337 436 442 492">
     <span class='ocr_line' id='line_1_1' title="bbox 337 436 442 492; baseline -0.019 0"><span class='ocrx_word' id='word_1_1' title='bbox 337 436 442 492; x_wconf 71' lang='lat'><strong>353</strong></span> 
     </span>
    </p>
   </div>
   <div class='ocr_carea' id='block_1_2' title="bbox 1448 432 2448 494">
    <p class='ocr_par' dir='ltr' id='par_1_2' title="bbox 1448 432 2448 494">
     <span class='ocr_line' id='line_1_2' title="bbox 1448 432 2448 494; baseline 0.009 -10"><span class='ocrx_word' id='word_1_2' title='bbox 1448 433 1513 484; x_wconf 78' lang='lat' dir='ltr'><strong>IN</strong></span> <span class='ocrx_word' id='word_1_3' title='bbox 1555 432 1784 487; x_wconf 79' lang='lat' dir='ltr'><strong>lSAIAM</strong></span> <span class='ocrx_word' id='word_1_4' title='bbox 1827 433 1953 486; x_wconf 85' lang='lat' dir='ltr'>LIB.</span> <span class='ocrx_word' id='word_1_5' title='bbox 1999 433 2061 488; x_wconf 94' lang='lat' dir='ltr'><strong>II.</strong></span> <span class='ocrx_word' id='word_1_6' title='bbox 2108 434 2343 492; x_wconf 74' lang='lat' dir='ltr'><strong>TOMUS</strong></span> <span class='ocrx_word' id='word_1_7' title='bbox 2388 438 2448 494; x_wconf 91' lang='lat' dir='ltr'><strong>ll.</strong></span> 
     </span>
    </p>
   </div>
   <div class='ocr_carea' id='block_1_3' title="bbox 3477 446 3583 502">
    <p class='ocr_par' dir='ltr' id='par_1_3' title="bbox 3477 446 3583 502">
     <span class='ocr_line' id='line_1_3' title="bbox 3477 446 3583 502; baseline 0 0"><span class='ocrx_word' id='word_1_8' title='bbox 3477 446 3583 502; x_wconf 62' lang='grc'><strong>554</strong></span> 
     </span>
    </p>
   </div>
   <div class='ocr_carea' id='block_1_4' title="bbox 340 548 1922 630">
    <p class='ocr_par' dir='ltr' id='par_1_4' title="bbox 340 548 1904 621">
     <span class='ocr_line' id='line_1_4' title="bbox 340 548 1904 621; baseline -0.003 -17"><span class='ocrx_word' id='word_1_9' title='bbox 340 553 436 621; x_wconf 82' lang='grc' dir='ltr'><strong>μὲν</strong></span> <span class='ocrx_word' id='word_1_10' title='bbox 458 550 872 620; x_wconf 78' lang='grc' dir='ltr'>χρεμετίζοντος</span> <span class='ocrx_word' id='word_1_11' title='bbox 890 551 984 602; x_wconf 70' lang='grc' dir='ltr'>καὶ</span> <span class='ocrx_word' id='word_1_12' title='bbox 1005 550 1308 602; x_wconf 84' lang='grc' dir='ltr'><strong>διωκόντων</strong></span> <span class='ocrx_word' id='word_1_13' title='bbox 1338 549 1520 614; x_wconf 81' lang='grc' dir='ltr'>τινῶν,</span> <span class='ocrx_word' id='word_1_14' title='bbox 1541 548 1904 619; x_wconf 82' lang='grc' dir='ltr'><strong>τραπομένων</strong></span> 
     </span>
    </p>
   </div>
   <div class='ocr_carea' id='block_1_5' title="bbox 2025 548 3579 630">
    <p class='ocr_par' dir='ltr' id='par_1_5' title="bbox 2025 553 3579 630">
     <span class='ocr_line' id='line_1_5' title="bbox 2025 553 3579 630; baseline 0.007 -28"><span class='ocrx_word' id='word_1_15' title='bbox 2025 553 2359 618; x_wconf 69' lang='lat' dir='ltr'><strong>sequentibus</strong></span> <span class='ocrx_word' id='word_1_16' title='bbox 2394 553 2689 620; x_wconf 89' lang='lat' dir='ltr'><strong>nonnullis,</strong></span> <span class='ocrx_word' id='word_1_17' title='bbox 2749 557 3074 627; x_wconf 64' lang='lat' dir='ltr'><strong>casterisque</strong></span> <span class='ocrx_word' id='word_1_18' title='bbox 3131 557 3184 612; x_wconf 93' lang='lat' dir='ltr'><strong>in</strong></span> <span class='ocrx_word' id='word_1_19' title='bbox 3242 558 3418 628; x_wconf 80' lang='lat' dir='ltr'><strong>fugam</strong></span> <span class='ocrx_word' id='word_1_20' title='bbox 3467 561 3579 630; x_wconf 88' lang='lat' dir='ltr'><strong>jam</strong></span> 
     </span>
    </p>
   </div>
   <div class='ocr_carea' id='block_1_6' title="bbox 337 639 1908 710">
    <p class='ocr_par' dir='ltr' id='par_1_6' title="bbox 337 639 1908 710">
     <span class='ocr_line' id='line_1_6' title="bbox 337 639 1908 710; baseline 0.002 -21"><span class='ocrx_word' id='word_1_21' title='bbox 337 641 392 692; x_wconf 82' lang='grc' dir='ltr'><strong>δέ</strong></span> <span class='ocrx_word' id='word_1_22' title='bbox 439 640 538 708; x_wconf 72' lang='grc' dir='ltr'><strong>ήδη</strong></span> <span class='ocrx_word' id='word_1_23' title='bbox 567 639 704 709; x_wconf 82' lang='grc' dir='ltr'>πρὸς</span> <span class='ocrx_word' id='word_1_24' title='bbox 738 640 913 710; x_wconf 77' lang='grc' dir='ltr'>φυγὴν</span> <span class='ocrx_word' id='word_1_25' title='bbox 946 641 1150 710; x_wconf 86' lang='grc' dir='ltr'>ἐτέρων</span> <span class='ocrx_word' id='word_1_26' title='bbox 1195 639 1435 709; x_wconf 82' lang='grc' dir='ltr'><strong>μεγάλης</strong></span> <span class='ocrx_word' id='word_1_27' title='bbox 1464 656 1521 691; x_wconf 88' lang='grc' dir='ltr'><strong>τε</strong></span> <span class='ocrx_word' id='word_1_28' title='bbox 1557 641 1650 692; x_wconf 77' lang='grc' dir='ltr'><strong>καὶ</strong></span> <span class='ocrx_word' id='word_1_29' title='bbox 1695 656 1908 709; x_wconf 86' lang='grc' dir='ltr'>παμμι-</span> 
     </span>
    </p>
   </div>
   <div class='ocr_carea' id='block_1_7' title="bbox 339 731 1908 803">
    <p class='ocr_par' dir='ltr' id='par_1_7' title="bbox 339 731 1908 803">
     <span class='ocr_line' id='line_1_7' title="bbox 339 731 1908 803; baseline 0.002 -20"><span class='ocrx_word' id='word_1_30' title='bbox 339 731 468 799; x_wconf 78' lang='grc' dir='ltr'>γοῦς</span> <span class='ocrx_word' id='word_1_31' title='bbox 499 731 952 801; x_wconf 82' lang='grc' dir='ltr'>διασκιδναμένης</span> <span class='ocrx_word' id='word_1_32' title='bbox 982 733 1143 802; x_wconf 77' lang='grc' dir='ltr'>ἠχῆς,</span> <span class='ocrx_word' id='word_1_33' title='bbox 1167 752 1182 782; x_wconf 83' lang='grc' dir='ltr'><strong>ι</strong></span> <span class='ocrx_word' id='word_1_34' title='bbox 1208 732 1386 803; x_wconf 80' lang='grc' dir='ltr'>Φωνὴ,</span> <span class='ocrx_word' id='word_1_35' title='bbox 1417 753 1434 783; x_wconf 74' lang='grc' dir='ltr'><strong>ι</strong></span> <span class='ocrx_word' id='word_1_36' title='bbox 1471 733 1626 802; x_wconf 77' lang='grc' dir='ltr'>φησὶ,</span> <span class='ocrx_word' id='word_1_37' title='bbox 1658 750 1676 784; x_wconf 76' lang='grc' dir='ltr'><strong>ι</strong></span> <span class='ocrx_word' id='word_1_38' title='bbox 1698 731 1908 786; x_wconf 83' lang='grc' dir='ltr'>πολλῶν</span> 
     </span>
    </p>
   </div>
   <div class='ocr_carea' id='block_1_8' title="bbox 339 820 1908 891">
    <p class='ocr_par' dir='ltr' id='par_1_8' title="bbox 339 820 1908 891">
     <span class='ocr_line' id='line_1_8' title="bbox 339 820 1908 891; baseline 0.003 -19"><span class='ocrx_word' id='word_1_39' title='bbox 339 820 506 873; x_wconf 85' lang='grc' dir='ltr'>ἐθνῶν</span> <span class='ocrx_word' id='word_1_40' title='bbox 555 821 646 873; x_wconf 81' lang='grc' dir='ltr'><strong>ἐπὶ</strong></span> <span class='ocrx_word' id='word_1_41' title='bbox 685 820 790 873; x_wconf 84' lang='grc' dir='ltr'><strong>τῶν</strong></span> <span class='ocrx_word' id='word_1_42' title='bbox 837 821 1025 891; x_wconf 82' lang='grc' dir='ltr'>ὀρέων,</span> <span class='ocrx_word' id='word_1_43' title='bbox 1073 823 1233 891; x_wconf 87' lang='grc' dir='ltr'>ὁμοία</span> <span class='ocrx_word' id='word_1_44' title='bbox 1286 822 1454 875; x_wconf 85' lang='grc' dir='ltr'>ἐθνῶν</span> <span class='ocrx_word' id='word_1_45' title='bbox 1500 822 1732 879; x_wconf 82' lang='grc' dir='ltr'>πολλῶν.</span> <span class='ocrx_word' id='word_1_46' title='bbox 1769 842 1788 875; x_wconf 71' lang='grc' dir='ltr'><strong>ι</strong></span> <span class='ocrx_word' id='word_1_47' title='bbox 1833 823 1908 876; x_wconf 84' lang='grc' dir='ltr'>Οὐ</span> 
     </span>
    </p>
   </div>
   <div class='ocr_carea' id='block_1_9' title="bbox 337 909 1910 984">
    <p class='ocr_par' dir='ltr' id='par_1_9' title="bbox 337 909 1910 984">
     <span class='ocr_line' id='line_1_9' title="bbox 337 909 1910 984; baseline 0.001 -20"><span class='ocrx_word' id='word_1_48' title='bbox 337 909 589 980; x_wconf 83' lang='grc' dir='ltr'><strong>τοιαύτη,</strong></span> <span class='ocrx_word' id='word_1_49' title='bbox 637 912 822 981; x_wconf 66' lang='grc' dir='ltr'>φησιν,</span> <span class='ocrx_word' id='word_1_50' title='bbox 866 913 900 978; x_wconf 83' lang='grc' dir='ltr'><strong>ἡ</strong></span> <span class='ocrx_word' id='word_1_51' title='bbox 953 912 1124 984; x_wconf 80' lang='grc' dir='ltr'>φωνὴ,</span> <span class='ocrx_word' id='word_1_52' title='bbox 1175 913 1313 967; x_wconf 82' lang='grc' dir='ltr'>ὥστε</span> <span class='ocrx_word' id='word_1_53' title='bbox 1358 916 1452 967; x_wconf 79' lang='grc' dir='ltr'><strong>καὶ</strong></span> <span class='ocrx_word' id='word_1_54' title='bbox 1498 914 1714 967; x_wconf 80' lang='grc' dir='ltr'><strong>εἰκάσαι</strong></span> <span class='ocrx_word' id='word_1_55' title='bbox 1758 915 1910 977; x_wconf 79' lang='grc' dir='ltr'>τινὰς</span> 
     </span>
    </p>
   </div>
   <div class='ocr_carea' id='block_1_10' title="bbox 339 997 1910 1075">
    <p class='ocr_par' dir='ltr' id='par_1_10' title="bbox 339 997 1910 1075">
     <span class='ocr_line' id='line_1_10' title="bbox 339 997 1910 1075; baseline 0.003 -21"><span class='ocrx_word' id='word_1_56' title='bbox 339 1000 740 1072; x_wconf 74' lang='grc' dir='ltr'><strong>εὐαριθμήτους</strong></span> <span class='ocrx_word' id='word_1_57' title='bbox 787 997 924 1055; x_wconf 71' lang='grc' dir='ltr'>εἶναι</span> <span class='ocrx_word' id='word_1_58' title='bbox 976 1004 1103 1066; x_wconf 81' lang='grc' dir='ltr'>τοὺς</span> <span class='ocrx_word' id='word_1_59' title='bbox 1152 1007 1534 1075; x_wconf 80' lang='grc' dir='ltr'><strong>κεκραγότας,</strong></span> <span class='ocrx_word' id='word_1_60' title='bbox 1595 1006 1801 1060; x_wconf 75' lang='grc' dir='ltr'>οἴεσθαι</span> <span class='ocrx_word' id='word_1_61' title='bbox 1853 1005 1910 1058; x_wconf 78' lang='grc' dir='ltr'>δὲ</span> 
     </span>
    </p>
   </div>
   <div class='ocr_carea' id='block_1_11' title="bbox 343 1094 1910 1168">
    <p class='ocr_par' dir='ltr' id='par_1_11' title="bbox 343 1094 1910 1168">
     <span class='ocr_line' id='line_1_11' title="bbox 343 1094 1910 1168; baseline 0.003 -22"><span class='ocrx_word' id='word_1_62' title='bbox 343 1094 542 1164; x_wconf 84' lang='grc' dir='ltr'>μᾶλλον</span> <span class='ocrx_word' id='word_1_63' title='bbox 589 1094 684 1147; x_wconf 79' lang='grc' dir='ltr'><strong>καὶ</strong></span> <span class='ocrx_word' id='word_1_64' title='bbox 730 1094 962 1166; x_wconf 84' lang='grc' dir='ltr'>ἀριθμοῦ</span> <span class='ocrx_word' id='word_1_65' title='bbox 1012 1096 1295 1166; x_wconf 87' lang='grc' dir='ltr'>κρείττονα</span> <span class='ocrx_word' id='word_1_66' title='bbox 1344 1097 1444 1168; x_wconf 85' lang='grc' dir='ltr'>τὴν</span> <span class='ocrx_word' id='word_1_67' title='bbox 1493 1097 1601 1152; x_wconf 86' lang='grc' dir='ltr'>τῶν</span> <span class='ocrx_word' id='word_1_68' title='bbox 1665 1095 1910 1168; x_wconf 85' lang='grc' dir='ltr'><strong>βοώντων</strong></span> 
     </span>
    </p>
   </div>
   <div class='ocr_carea' id='block_1_12' title="bbox 340 1182 1909 1262">
    <p class='ocr_par' dir='ltr' id='par_1_12' title="bbox 340 1182 1909 1262">
     <span class='ocr_line' id='line_1_12' title="bbox 340 1182 1909 1262; baseline 0.004 -24"><span class='ocrx_word' id='word_1_69' title='bbox 340 1182 476 1239; x_wconf 83' lang='grc' dir='ltr'>εἶναι</span> <span class='ocrx_word' id='word_1_70' title='bbox 513 1187 740 1258; x_wconf 86' lang='grc' dir='ltr'>πληθύν.</span> <span class='ocrx_word' id='word_1_71' title='bbox 784 1188 1096 1257; x_wconf 71' lang='grc' dir='ltr'>Ἀποφαίνει</span> <span class='ocrx_word' id='word_1_72' title='bbox 1141 1190 1198 1243; x_wconf 89' lang='grc' dir='ltr'>δὲ</span> <span class='ocrx_word' id='word_1_73' title='bbox 1239 1192 1267 1243; x_wconf 87' lang='grc' dir='ltr'>ὁ</span> <span class='ocrx_word' id='word_1_74' title='bbox 1303 1191 1458 1259; x_wconf 83' lang='grc' dir='ltr'>λόγος</span> <span class='ocrx_word' id='word_1_75' title='bbox 1503 1190 1638 1262; x_wconf 83' lang='grc' dir='ltr'><strong>ὁμοῦ</strong></span> <span class='ocrx_word' id='word_1_76' title='bbox 1669 1195 1778 1254; x_wconf 84' lang='grc' dir='ltr'>τοῖς</span> <span class='ocrx_word' id='word_1_77' title='bbox 1805 1192 1909 1244; x_wconf 87' lang='grc' dir='ltr'>ὑπ-</span> 
     </span>
    </p>
   </div>
   <div class='ocr_carea' id='block_1_13' title="bbox 341 1275 1913 1350">
    <p class='ocr_par' dir='ltr' id='par_1_13' title="bbox 341 1275 1913 1350">
     <span class='ocr_line' id='line_1_13' title="bbox 341 1275 1913 1350; baseline 0.003 -22"><span class='ocrx_word' id='word_1_78' title='bbox 341 1275 690 1344; x_wconf 79' lang='grc' dir='ltr'>εζευγμένοις</span> <span class='ocrx_word' id='word_1_79' title='bbox 725 1279 848 1342; x_wconf 84' lang='grc' dir='ltr'>τοὺς</span> <span class='ocrx_word' id='word_1_80' title='bbox 875 1279 1234 1350; x_wconf 85' lang='grc' dir='ltr'><strong>καθηγεῖσθαι</strong></span> <span class='ocrx_word' id='word_1_81' title='bbox 1269 1280 1533 1350; x_wconf 81' lang='grc' dir='ltr'><strong>λαχόντας</strong></span> <span class='ocrx_word' id='word_1_82' title='bbox 1563 1279 1913 1350; x_wconf 87' lang='grc' dir='ltr'>καταπεπλῆ-</span> 
     </span>
    </p>
   </div>
   <div class='ocr_carea' id='block_1_14' title="bbox 342 1368 1912 1443">
    <p class='ocr_par' dir='ltr' id='par_1_14' title="bbox 342 1368 1912 1443">
     <span class='ocr_line' id='line_1_14' title="bbox 342 1368 1912 1443; baseline 0.003 -23"><span class='ocrx_word' id='word_1_83' title='bbox 342 1368 467 1438; x_wconf 88' lang='grc' dir='ltr'>χθαι</span> <span class='ocrx_word' id='word_1_84' title='bbox 498 1372 609 1432; x_wconf 83' lang='grc' dir='ltr'>τοῖς</span> <span class='ocrx_word' id='word_1_85' title='bbox 634 1369 904 1441; x_wconf 88' lang='grc' dir='ltr'>δείμασιν.</span> <span class='ocrx_word' id='word_1_86' title='bbox 935 1390 953 1422; x_wconf 77' lang='grc' dir='ltr'><strong>ι</strong></span> <span class='ocrx_word' id='word_1_87' title='bbox 986 1370 1186 1425; x_wconf 82' lang='grc' dir='ltr'>Ἐθνῶν</span> <span class='ocrx_word' id='word_1_88' title='bbox 1215 1371 1323 1442; x_wconf 84' lang='grc' dir='ltr'>γὰρ</span> <span class='ocrx_word' id='word_1_89' title='bbox 1355 1368 1494 1425; x_wconf 79' lang='grc' dir='ltr'>εἶναι</span> <span class='ocrx_word' id='word_1_90' title='bbox 1527 1373 1621 1426; x_wconf 70' lang='grc' dir='ltr'><strong>καὶ</strong></span> <span class='ocrx_word' id='word_1_91' title='bbox 1647 1372 1912 1443; x_wconf 86' lang='grc' dir='ltr'>βασιλέων</span> 
     </span>
    </p>
   </div>
   <div class='ocr_carea' id='block_1_15' title="bbox 345 1459 1913 1536">
    <p class='ocr_par' dir='ltr' id='par_1_15' title="bbox 345 1459 1913 1536">
     <span class='ocr_line' id='line_1_15' title="bbox 345 1459 1913 1536; baseline 0.004 -25"><span class='ocrx_word' id='word_1_92' title='bbox 345 1459 682 1531; x_wconf 74' lang='grc' dir='ltr'>ἰσχυρίζεται</span> <span class='ocrx_word' id='word_1_93' title='bbox 717 1461 812 1533; x_wconf 84' lang='grc' dir='ltr'><strong>τὴν</strong></span> <span class='ocrx_word' id='word_1_94' title='bbox 842 1464 1045 1533; x_wconf 81' lang='grc' dir='ltr'>φωνήν.</span> <span class='ocrx_word' id='word_1_95' title='bbox 1085 1462 1292 1516; x_wconf 79' lang='grc' dir='ltr'>Οὐκοῦν</span> <span class='ocrx_word' id='word_1_96' title='bbox 1325 1459 1435 1516; x_wconf 74' lang='grc' dir='ltr'>εἷεν</span> <span class='ocrx_word' id='word_1_97' title='bbox 1463 1462 1530 1516; x_wconf 83' lang='grc' dir='ltr'>ἂν</span> <span class='ocrx_word' id='word_1_98' title='bbox 1567 1464 1616 1516; x_wconf 88' lang='grc' dir='ltr'><strong>οἱ</strong></span> <span class='ocrx_word' id='word_1_99' title='bbox 1645 1464 1913 1536; x_wconf 85' lang='grc' dir='ltr'>κεκραγό-</span> 
     </span>
    </p>
   </div>
   <div class='ocr_carea' id='block_1_16' title="bbox 341 1554 1912 1628">
    <p class='ocr_par' dir='ltr' id='par_1_16' title="bbox 341 1554 1912 1628">
     <span class='ocr_line' id='line_1_16' title="bbox 341 1554 1912 1628; baseline 0.003 -23"><span class='ocrx_word' id='word_1_100' title='bbox 341 1570 452 1617; x_wconf 85' lang='grc' dir='ltr'>τες,</span> <span class='ocrx_word' id='word_1_101' title='bbox 477 1557 506 1608; x_wconf 85' lang='grc' dir='ltr'>ὁ</span> <span class='ocrx_word' id='word_1_102' title='bbox 535 1554 889 1610; x_wconf 78' lang='grc' dir='ltr'>Βαϐυλωνίων</span> <span class='ocrx_word' id='word_1_103' title='bbox 925 1555 1156 1620; x_wconf 81' lang='grc' dir='ltr'>ἄπλετος</span> <span class='ocrx_word' id='word_1_104' title='bbox 1182 1556 1372 1628; x_wconf 86' lang='grc' dir='ltr'>δῆμος,</span> <span class='ocrx_word' id='word_1_105' title='bbox 1400 1558 1497 1611; x_wconf 72' lang='grc' dir='ltr'><strong>καὶ</strong></span> <span class='ocrx_word' id='word_1_106' title='bbox 1531 1558 1627 1610; x_wconf 80' lang='grc' dir='ltr'><strong>σὺν</strong></span> <span class='ocrx_word' id='word_1_107' title='bbox 1657 1559 1838 1621; x_wconf 83' lang='grc' dir='ltr'>αὐτοῖς</span> <span class='ocrx_word' id='word_1_108' title='bbox 1864 1559 1912 1610; x_wconf 76' lang='grc' dir='ltr'><strong>οἱ</strong></span> 
     </span>
    </p>
   </div>
   <div class='ocr_carea' id='block_1_17' title="bbox 344 1647 1916 1722">
    <p class='ocr_par' dir='ltr' id='par_1_17' title="bbox 344 1647 1916 1722">
     <span class='ocr_line' id='line_1_17' title="bbox 344 1647 1916 1722; baseline 0.003 -25"><span class='ocrx_word' id='word_1_109' title='bbox 344 1647 814 1719; x_wconf 82' lang='grc' dir='ltr'>περιφανέστεροι,</span> <span class='ocrx_word' id='word_1_110' title='bbox 846 1648 1177 1720; x_wconf 85' lang='grc' dir='ltr'>δορύληπτον</span> <span class='ocrx_word' id='word_1_111' title='bbox 1206 1649 1305 1721; x_wconf 80' lang='grc' dir='ltr'><strong>ήδη</strong></span> <span class='ocrx_word' id='word_1_112' title='bbox 1347 1650 1719 1721; x_wconf 82' lang='grc' dir='ltr'><strong>γεγενημένην</strong></span> <span class='ocrx_word' id='word_1_113' title='bbox 1747 1650 1916 1722; x_wconf 83' lang='grc' dir='ltr'>ὁρῶν-</span> 
     </span>
    </p>
   </div>
   <div class='ocr_carea' id='block_1_18' title="bbox 341 1739 1916 1813">
    <p class='ocr_par' dir='ltr' id='par_1_18' title="bbox 341 1739 1916 1813">
     <span class='ocr_line' id='line_1_18' title="bbox 341 1739 1916 1813; baseline 0.001 -21"><span class='ocrx_word' id='word_1_114' title='bbox 341 1756 433 1801; x_wconf 91' lang='grc' dir='ltr'><strong>τες</strong></span> <span class='ocrx_word' id='word_1_115' title='bbox 487 1739 586 1810; x_wconf 76' lang='grc' dir='ltr'><strong>τὴν</strong></span> <span class='ocrx_word' id='word_1_116' title='bbox 642 1739 819 1805; x_wconf 74' lang='grc' dir='ltr'>πόλιν,</span> <span class='ocrx_word' id='word_1_117' title='bbox 862 1741 1030 1810; x_wconf 80' lang='grc' dir='ltr'>ήγουν</span> <span class='ocrx_word' id='word_1_118' title='bbox 1077 1741 1283 1813; x_wconf 84' lang='grc' dir='ltr'>Πέρσαι</span> <span class='ocrx_word' id='word_1_119' title='bbox 1328 1758 1388 1794; x_wconf 88' lang='grc' dir='ltr'><strong>τε</strong></span> <span class='ocrx_word' id='word_1_120' title='bbox 1438 1742 1532 1793; x_wconf 77' lang='grc' dir='ltr'><strong>καὶ</strong></span> <span class='ocrx_word' id='word_1_121' title='bbox 1583 1742 1756 1812; x_wconf 73' lang='grc' dir='ltr'>Μῆδοι</span> <span class='ocrx_word' id='word_1_122' title='bbox 1808 1741 1916 1794; x_wconf 86' lang='grc' dir='ltr'><strong>τῶν</strong></span> 
     </span>
    </p>
   </div>
   <div class='ocr_carea' id='block_1_19' title="bbox 342 1829 1916 1902">
    <p class='ocr_par' dir='ltr' id='par_1_19' title="bbox 342 1829 1916 1902">
     <span class='ocr_line' id='line_1_19' title="bbox 342 1829 1916 1902; baseline 0.001 -18"><span class='ocrx_word' id='word_1_123' title='bbox 342 1829 579 1884; x_wconf 77' lang='grc' dir='ltr'>ἁλόντων</span> <span class='ocrx_word' id='word_1_124' title='bbox 608 1829 1091 1895; x_wconf 75' lang='grc' dir='ltr'>καταλαλάζοντες.</span> <span class='ocrx_word' id='word_1_125' title='bbox 1115 1831 1321 1895; x_wconf 82' lang='grc' dir='ltr'>Αὐτοὺς</span> <span class='ocrx_word' id='word_1_126' title='bbox 1340 1832 1416 1897; x_wconf 88' lang='grc' dir='ltr'><strong>δέ,</strong></span> <span class='ocrx_word' id='word_1_127' title='bbox 1441 1829 1614 1902; x_wconf 74' lang='grc' dir='ltr'>οἶμαι,</span> <span class='ocrx_word' id='word_1_128' title='bbox 1644 1833 1738 1886; x_wconf 74' lang='grc' dir='ltr'>καὶ</span> <span class='ocrx_word' id='word_1_129' title='bbox 1758 1832 1916 1887; x_wconf 86' lang='grc' dir='ltr'>ὁπλο-</span> 
     </span>
    </p>
   </div>
   <div class='ocr_carea' id='block_1_20' title="bbox 348 1921 1913 1993">
    <p class='ocr_par' dir='ltr' id='par_1_20' title="bbox 348 1921 1913 1993">
     <span class='ocr_line' id='line_1_20' title="bbox 348 1921 1913 1993; baseline 0.001 -20"><span class='ocrx_word' id='word_1_130' title='bbox 348 1922 549 1992; x_wconf 77' lang='grc' dir='ltr'>μάχους</span> <span class='ocrx_word' id='word_1_131' title='bbox 596 1921 879 1986; x_wconf 85' lang='grc' dir='ltr'>ἀποκαλεῖ,</span> <span class='ocrx_word' id='word_1_132' title='bbox 921 1921 1015 1974; x_wconf 61' lang='grc' dir='ltr'><strong>καὶ¹</strong></span> <span class='ocrx_word' id='word_1_133' title='bbox 1057 1923 1122 1974; x_wconf 86' lang='grc' dir='ltr'><strong>ἐκ</strong></span> <span class='ocrx_word' id='word_1_134' title='bbox 1155 1924 1259 1993; x_wconf 84' lang='grc' dir='ltr'><strong>γῆς</strong></span> <span class='ocrx_word' id='word_1_135' title='bbox 1306 1922 1587 1993; x_wconf 77' lang='grc' dir='ltr'>πόρρωθεν</span> <span class='ocrx_word' id='word_1_136' title='bbox 1621 1922 1913 1993; x_wconf 77' lang='grc' dir='ltr'>ἐρχόμενον</span> 
     </span>
    </p>
   </div>
   <div class='ocr_carea' id='block_1_21' title="bbox 346 2013 1909 2085">
    <p class='ocr_par' dir='ltr' id='par_1_21' title="bbox 346 2013 1909 2085">
     <span class='ocr_line' id='line_1_21' title="bbox 346 2013 1909 2085; baseline 0.001 -19"><span class='ocrx_word' id='word_1_137' title='bbox 346 2013 494 2078; x_wconf 74' lang='grc' dir='ltr'>ἔθνος</span> <span class='ocrx_word' id='word_1_138' title='bbox 513 2030 529 2046; x_wconf 77' lang='grc'><strong><em>⁸</em></strong></span> <span class='ocrx_word' id='word_1_139' title='bbox 562 2014 656 2067; x_wconf 90' lang='grc' dir='ltr'>ἀπ’</span> <span class='ocrx_word' id='word_1_140' title='bbox 686 2014 854 2085; x_wconf 79' lang='grc' dir='ltr'>ἄκρου</span> <span class='ocrx_word' id='word_1_141' title='bbox 885 2013 1132 2084; x_wconf 79' lang='grc' dir='ltr'>θεμελίου</span> <span class='ocrx_word' id='word_1_142' title='bbox 1164 2014 1258 2067; x_wconf 81' lang='grc' dir='ltr'><strong>τοῦ</strong></span> <span class='ocrx_word' id='word_1_143' title='bbox 1291 2013 1543 2084; x_wconf 79' lang='grc' dir='ltr'>ούρανοῦ,</span> <span class='ocrx_word' id='word_1_144' title='bbox 1571 2015 1712 2069; x_wconf 78' lang='grc' dir='ltr'>τοῦτ’</span> <span class='ocrx_word' id='word_1_145' title='bbox 1744 2014 1909 2080; x_wconf 80' lang='grc' dir='ltr'>ἔστιν,</span> 
     </span>
    </p>
   </div>
   <div class='ocr_carea' id='block_1_22' title="bbox 347 2105 1914 2179">
    <p class='ocr_par' dir='ltr' id='par_1_22' title="bbox 347 2105 1914 2179">
     <span class='ocr_line' id='line_1_22' title="bbox 347 2105 1914 2179; baseline -0.001 -17"><span class='ocrx_word' id='word_1_146' title='bbox 347 2107 406 2172; x_wconf 81' lang='grc' dir='ltr'><strong>ἐξ</strong></span> <span class='ocrx_word' id='word_1_147' title='bbox 430 2107 607 2161; x_wconf 84' lang='grc' dir='ltr'>αὐτῶν</span> <span class='ocrx_word' id='word_1_148' title='bbox 631 2105 740 2161; x_wconf 81' lang='grc' dir='ltr'><strong>τῶν</strong></span> <span class='ocrx_word' id='word_1_149' title='bbox 769 2106 1057 2178; x_wconf 85' lang='grc' dir='ltr'>τερμάτων</span> <span class='ocrx_word' id='word_1_150' title='bbox 1081 2106 1179 2176; x_wconf 86' lang='grc' dir='ltr'>τῆς</span> <span class='ocrx_word' id='word_1_151' title='bbox 1205 2105 1486 2179; x_wconf 84' lang='grc' dir='ltr'>Μηδικῆς,</span> <span class='ocrx_word' id='word_1_152' title='bbox 1516 2108 1611 2161; x_wconf 78' lang='grc' dir='ltr'><strong>καὶ</strong></span> <span class='ocrx_word' id='word_1_153' title='bbox 1633 2107 1740 2160; x_wconf 85' lang='grc' dir='ltr'><strong>τῶν</strong></span> <span class='ocrx_word' id='word_1_154' title='bbox 1779 2109 1914 2161; x_wconf 83' lang='grc' dir='ltr'>ἐσω-</span> 
     </span>
    </p>
   </div>
   <div class='ocr_carea' id='block_1_23' title="bbox 346 2197 1915 2269">
    <p class='ocr_par' dir='ltr' id='par_1_23' title="bbox 346 2197 1915 2269">
     <span class='ocr_line' id='line_1_23' title="bbox 346 2197 1915 2269; baseline 0.001 -19"><span class='ocrx_word' id='word_1_155' title='bbox 346 2199 522 2252; x_wconf 88' lang='grc' dir='ltr'>τάτων</span> <span class='ocrx_word' id='word_1_156' title='bbox 555 2197 657 2268; x_wconf 84' lang='grc' dir='ltr'><strong>γῆς</strong></span> <span class='ocrx_word' id='word_1_157' title='bbox 680 2197 781 2268; x_wconf 85' lang='grc' dir='ltr'>τῆς</span> <span class='ocrx_word' id='word_1_158' title='bbox 807 2197 1190 2269; x_wconf 85' lang='grc' dir='ltr'>βορειωτάτης.</span> <span class='ocrx_word' id='word_1_159' title='bbox 1218 2198 1434 2269; x_wconf 82' lang='grc' dir='ltr'>Ἐπειδὴ</span> <span class='ocrx_word' id='word_1_160' title='bbox 1462 2198 1519 2251; x_wconf 91' lang='grc' dir='ltr'><strong>δέ</strong></span> <span class='ocrx_word' id='word_1_161' title='bbox 1549 2199 1689 2252; x_wconf 83' lang='grc' dir='ltr'>κατὰ</span> <span class='ocrx_word' id='word_1_162' title='bbox 1723 2198 1915 2268; x_wconf 89' lang='grc' dir='ltr'>βούλη-</span> 
     </span>
    </p>
   </div>
   <div class='ocr_carea' id='block_1_24' title="bbox 348 2288 1913 2361">
    <p class='ocr_par' dir='ltr' id='par_1_24' title="bbox 348 2288 1913 2361">
     <span class='ocr_line' id='line_1_24' title="bbox 348 2288 1913 2361; baseline 0.001 -19"><span class='ocrx_word' id='word_1_163' title='bbox 348 2306 432 2343; x_wconf 90' lang='grc' dir='ltr'><strong>σιν</strong></span> <span class='ocrx_word' id='word_1_164' title='bbox 454 2289 588 2342; x_wconf 82' lang='grc' dir='ltr'>Θεοῦ</span> <span class='ocrx_word' id='word_1_165' title='bbox 610 2288 708 2360; x_wconf 83' lang='grc' dir='ltr'><strong>τὴν</strong></span> <span class='ocrx_word' id='word_1_166' title='bbox 732 2288 919 2357; x_wconf 78' lang='grc' dir='ltr'>ἔφοδον</span> <span class='ocrx_word' id='word_1_167' title='bbox 943 2289 1211 2360; x_wconf 76' lang='grc' dir='ltr'>ἐμελέτων</span> <span class='ocrx_word' id='word_1_168' title='bbox 1235 2290 1577 2361; x_wconf 85' lang='grc' dir='ltr'>ὁπλομάχους</span> <span class='ocrx_word' id='word_1_169' title='bbox 1600 2292 1794 2354; x_wconf 84' lang='grc' dir='ltr'>αὐτοὺς</span> <span class='ocrx_word' id='word_1_170' title='bbox 1819 2291 1913 2345; x_wconf 81' lang='grc' dir='ltr'>τοῦ</span> 
     </span>
    </p>
   </div>
   <div class='ocr_carea' id='block_1_25' title="bbox 347 2378 1916 2458">
    <p class='ocr_par' dir='ltr' id='par_1_25' title="bbox 347 2378 1916 2458">
     <span class='ocr_line' id='line_1_25' title="bbox 347 2378 1916 2458; baseline 0 -21"><span class='ocrx_word' id='word_1_171' title='bbox 347 2383 550 2458; x_wconf 83' lang='grc' dir='ltr'>Κυρίου</span> <span class='ocrx_word' id='word_1_172' title='bbox 586 2383 771 2447; x_wconf 89' lang='grc' dir='ltr'>καλεῖ,</span> <span class='ocrx_word' id='word_1_173' title='bbox 802 2378 968 2454; x_wconf 86' lang='grc' dir='ltr'>ἦχθαί</span> <span class='ocrx_word' id='word_1_174' title='bbox 1015 2382 1073 2435; x_wconf 87' lang='grc' dir='ltr'><strong>τέ</strong></span> <span class='ocrx_word' id='word_1_175' title='bbox 1129 2400 1261 2453; x_wconf 76' lang='grc' dir='ltr'>φησι</span> <span class='ocrx_word' id='word_1_176' title='bbox 1294 2385 1431 2455; x_wconf 84' lang='grc' dir='ltr'>πρὸς</span> <span class='ocrx_word' id='word_1_177' title='bbox 1459 2384 1519 2437; x_wconf 82' lang='grc' dir='ltr'><strong>τὸ</strong></span> <span class='ocrx_word' id='word_1_178' title='bbox 1556 2384 1916 2455; x_wconf 73' lang='grc' dir='ltr'>καταφθεῖραι</span> 
     </span>
    </p>
   </div>
   <div class='ocr_carea' id='block_1_26' title="bbox 346 2473 1913 2546">
    <p class='ocr_par' dir='ltr' id='par_1_26' title="bbox 346 2473 1913 2546">
     <span class='ocr_line' id='line_1_26' title="bbox 346 2473 1913 2546; baseline 0.003 -21"><span class='ocrx_word' id='word_1_179' title='bbox 346 2473 444 2544; x_wconf 87' lang='grc' dir='ltr'><strong>τὴν</strong></span> <span class='ocrx_word' id='word_1_180' title='bbox 490 2473 813 2544; x_wconf 80' lang='grc' dir='ltr'>οἰκουμένην</span> <span class='ocrx_word' id='word_1_181' title='bbox 844 2473 1001 2544; x_wconf 84' lang='grc' dir='ltr'>ὅλην,</span> <span class='ocrx_word' id='word_1_182' title='bbox 1055 2475 1149 2527; x_wconf 74' lang='grc' dir='ltr'><strong>καὶ</strong></span> <span class='ocrx_word' id='word_1_183' title='bbox 1179 2475 1301 2545; x_wconf 83' lang='grc' dir='ltr'>οὐχὶ</span> <span class='ocrx_word' id='word_1_184' title='bbox 1342 2474 1405 2544; x_wconf 87' lang='grc' dir='ltr'><strong>δὴ</strong></span> <span class='ocrx_word' id='word_1_185' title='bbox 1443 2477 1621 2530; x_wconf 79' lang='grc' dir='ltr'>πᾶσαν</span> <span class='ocrx_word' id='word_1_186' title='bbox 1661 2475 1758 2546; x_wconf 82' lang='grc' dir='ltr'>τὴν</span> <span class='ocrx_word' id='word_1_187' title='bbox 1794 2477 1913 2529; x_wconf 87' lang='grc' dir='ltr'>καθ’</span> 
     </span>
    </p>
   </div>
   <div class='ocr_carea' id='block_1_27' title="bbox 347 2564 1915 2641">
    <p class='ocr_par' dir='ltr' id='par_1_27' title="bbox 347 2564 1915 2641">
     <span class='ocr_line' id='line_1_27' title="bbox 347 2564 1915 2641; baseline 0.002 -22"><span class='ocrx_word' id='word_1_188' title='bbox 347 2567 515 2637; x_wconf 72' lang='grc' dir='ltr'>ἡμᾶς.</span> <span class='ocrx_word' id='word_1_189' title='bbox 544 2564 682 2620; x_wconf 74' lang='grc' dir='ltr'>Οὔτε</span> <span class='ocrx_word' id='word_1_190' title='bbox 723 2566 830 2637; x_wconf 91' lang='grc' dir='ltr'><strong>γάρ</strong></span> <span class='ocrx_word' id='word_1_191' title='bbox 864 2565 1020 2620; x_wconf 81' lang='grc' dir='ltr'>τοῦτο</span> <span class='ocrx_word' id='word_1_192' title='bbox 1057 2567 1280 2635; x_wconf 86' lang='grc' dir='ltr'>γεγονὸς</span> <span class='ocrx_word' id='word_1_193' title='bbox 1322 2568 1625 2640; x_wconf 84' lang='grc' dir='ltr'>εὑρήσομεν</span> <span class='ocrx_word' id='word_1_194' title='bbox 1668 2569 1821 2641; x_wconf 84' lang='grc' dir='ltr'>παρά</span> <span class='ocrx_word' id='word_1_195' title='bbox 1856 2587 1915 2623; x_wconf 89' lang='grc' dir='ltr'><strong>τε</strong></span> 
     </span>
    </p>
   </div>
   <div class='ocr_carea' id='block_1_28' title="bbox 347 2657 1919 2732">
    <p class='ocr_par' dir='ltr' id='par_1_28' title="bbox 347 2657 1919 2732">
     <span class='ocr_line' id='line_1_28' title="bbox 347 2657 1919 2732; baseline 0.003 -23"><span class='ocrx_word' id='word_1_196' title='bbox 347 2657 533 2728; x_wconf 81' lang='grc' dir='ltr'>Κύρου</span> <span class='ocrx_word' id='word_1_197' title='bbox 583 2658 676 2710; x_wconf 66' lang='grc' dir='ltr'><strong>καὶ¹</strong></span> <span class='ocrx_word' id='word_1_198' title='bbox 707 2657 816 2711; x_wconf 84' lang='grc' dir='ltr'>τῶν</span> <span class='ocrx_word' id='word_1_199' title='bbox 848 2658 945 2711; x_wconf 81' lang='grc' dir='ltr'><strong>σὺν</strong></span> <span class='ocrx_word' id='word_1_200' title='bbox 975 2658 1139 2729; x_wconf 82' lang='grc' dir='ltr'>αύτῷ.</span> <span class='ocrx_word' id='word_1_201' title='bbox 1187 2661 1519 2732; x_wconf 80' lang='grc' dir='ltr'>Οῐκουμένην</span> <span class='ocrx_word' id='word_1_202' title='bbox 1561 2661 1617 2714; x_wconf 83' lang='grc' dir='ltr'><strong>δὲ</strong></span> <span class='ocrx_word' id='word_1_203' title='bbox 1653 2661 1919 2714; x_wconf 85' lang='grc' dir='ltr'>ἀποκαλεῖ</span> 
     </span>
    </p>
   </div>
   <div class='ocr_carea' id='block_1_29' title="bbox 347 2749 1917 2825">
    <p class='ocr_par' dir='ltr' id='par_1_29' title="bbox 347 2749 1917 2825">
     <span class='ocr_line' id='line_1_29' title="bbox 347 2749 1917 2825; baseline 0.002 -22"><span class='ocrx_word' id='word_1_204' title='bbox 347 2750 448 2821; x_wconf 86' lang='grc' dir='ltr'>τὴν</span> <span class='ocrx_word' id='word_1_205' title='bbox 483 2749 785 2815; x_wconf 86' lang='grc' dir='ltr'>Χαλδαίων,</span> <span class='ocrx_word' id='word_1_206' title='bbox 814 2750 982 2804; x_wconf 85' lang='grc' dir='ltr'>διάτοι</span> <span class='ocrx_word' id='word_1_207' title='bbox 1013 2751 1072 2804; x_wconf 86' lang='grc' dir='ltr'>τὸ</span> <span class='ocrx_word' id='word_1_208' title='bbox 1104 2753 1364 2824; x_wconf 83' lang='grc' dir='ltr'>πλείστην</span> <span class='ocrx_word' id='word_1_209' title='bbox 1405 2749 1542 2806; x_wconf 81' lang='grc' dir='ltr'>εἶναι</span> <span class='ocrx_word' id='word_1_210' title='bbox 1576 2753 1670 2806; x_wconf 78' lang='grc' dir='ltr'>καὶ</span> <span class='ocrx_word' id='word_1_211' title='bbox 1701 2754 1917 2825; x_wconf 82' lang='grc' dir='ltr'>εὐρεῖαν</span> 
     </span>
    </p>
   </div>
   <div class='ocr_carea' id='block_1_30' title="bbox 349 2838 1918 2918">
    <p class='ocr_par' dir='ltr' id='par_1_30' title="bbox 349 2838 1918 2918">
     <span class='ocr_line' id='line_1_30' title="bbox 349 2838 1918 2918; baseline 0.001 -22"><span class='ocrx_word' id='word_1_212' title='bbox 349 2841 636 2911; x_wconf 83' lang='grc' dir='ltr'>ἀμέτρως,</span> <span class='ocrx_word' id='word_1_213' title='bbox 674 2845 768 2894; x_wconf 76' lang='grc' dir='ltr'><strong>καὶ</strong></span> <span class='ocrx_word' id='word_1_214' title='bbox 809 2838 921 2895; x_wconf 73' lang='grc' dir='ltr'>οἷον</span> <span class='ocrx_word' id='word_1_215' title='bbox 959 2844 1255 2918; x_wconf 75' lang='grc' dir='ltr'>οἰκουμένῃ</span> <span class='ocrx_word' id='word_1_216' title='bbox 1296 2845 1637 2916; x_wconf 84' lang='grc' dir='ltr'>φιλονεικεῖν,</span> <span class='ocrx_word' id='word_1_217' title='bbox 1682 2845 1772 2899; x_wconf 86' lang='grc' dir='ltr'>διὰ</span> <span class='ocrx_word' id='word_1_218' title='bbox 1819 2845 1918 2918; x_wconf 79' lang='grc' dir='ltr'>τὴν</span> 
     </span>
    </p>
   </div>
   <div class='ocr_carea' id='block_1_31' title="bbox 349 2931 1098 3004">
    <p class='ocr_par' dir='ltr' id='par_1_31' title="bbox 349 2931 1098 3004">
     <span class='ocr_line' id='line_1_31' title="bbox 349 2931 1098 3004; baseline 0.004 -20"><span class='ocrx_word' id='word_1_219' title='bbox 349 2931 456 2986; x_wconf 83' lang='grc' dir='ltr'><strong>τῶν</strong></span> <span class='ocrx_word' id='word_1_220' title='bbox 487 2933 836 2987; x_wconf 78' lang='grc' dir='ltr'>ἐνοικούντων</span> <span class='ocrx_word' id='word_1_221' title='bbox 871 2933 1098 3004; x_wconf 89' lang='grc' dir='ltr'>πληθύν.</span> 
     </span>
    </p>
   </div>
   <div class='ocr_carea' id='block_1_32' title="bbox 438 3023 1922 3098">
    <p class='ocr_par' dir='ltr' id='par_1_32' title="bbox 438 3023 1922 3098">
     <span class='ocr_line' id='line_1_32' title="bbox 438 3023 1922 3098; baseline 0.005 -22"><span class='ocrx_word' id='word_1_222' title='bbox 438 3023 813 3088; x_wconf 77' lang='grc' dir='ltr'>Ὀλολύξατε·</span> <span class='ocrx_word' id='word_1_223' title='bbox 857 3025 1036 3095; x_wconf 73' lang='grc' dir='ltr'>ἐγγὺς</span> <span class='ocrx_word' id='word_1_224' title='bbox 1078 3027 1186 3096; x_wconf 58' lang='grc' dir='ltr'><strong>γὰρ</strong></span> <span class='ocrx_word' id='word_1_225' title='bbox 1222 3027 1261 3095; x_wconf 76' lang='grc' dir='ltr'>ἡ</span> <span class='ocrx_word' id='word_1_226' title='bbox 1297 3026 1490 3097; x_wconf 72' lang='grc' dir='ltr'>’ἡμέρα</span> <span class='ocrx_word' id='word_1_227' title='bbox 1529 3030 1770 3098; x_wconf 82' lang='grc' dir='ltr'>Κυρίου,</span> <span class='ocrx_word' id='word_1_228' title='bbox 1819 3027 1922 3084; x_wconf 73' lang='grc' dir='ltr'><strong>καί</strong></span> 
     </span>
    </p>
   </div>
   <div class='ocr_carea' id='block_1_33' title="bbox 352 3115 1921 3190">
    <p class='ocr_par' dir='ltr' id='par_1_33' title="bbox 352 3115 1921 3190">
     <span class='ocr_line' id='line_1_33' title="bbox 352 3115 1921 3190; baseline 0.004 -22"><span class='ocrx_word' id='word_1_229' title='bbox 352 3115 642 3184; x_wconf 76' lang='grc' dir='ltr'>συντριϐὴ</span> <span class='ocrx_word' id='word_1_230' title='bbox 683 3116 840 3186; x_wconf 78' lang='grc' dir='ltr'>παρὰ</span> <span class='ocrx_word' id='word_1_231' title='bbox 869 3117 1017 3171; x_wconf 87' lang='grc' dir='ltr'><strong>Θεοῦ</strong></span> <span class='ocrx_word' id='word_1_232' title='bbox 1055 3117 1206 3185; x_wconf 79' lang='grc' dir='ltr'>ἣξει.</span> <span class='ocrx_word' id='word_1_233' title='bbox 1254 3121 1357 3172; x_wconf 87' lang='grc' dir='ltr'><strong>Διὰ</strong></span> <span class='ocrx_word' id='word_1_234' title='bbox 1379 3120 1556 3174; x_wconf 84' lang='grc' dir='ltr'>τοῦτο</span> <span class='ocrx_word' id='word_1_235' title='bbox 1585 3120 1752 3176; x_wconf 83' lang='grc' dir='ltr'>πᾶσα</span> <span class='ocrx_word' id='word_1_236' title='bbox 1791 3121 1921 3190; x_wconf 76' lang='grc' dir='ltr'>χεὶρ</span> 
     </span>
    </p>
   </div>
   <div class='ocr_carea' id='block_1_34' title="bbox 351 3207 1918 3280">
    <p class='ocr_par' dir='ltr' id='par_1_34' title="bbox 351 3207 1918 3280">
     <span class='ocr_line' id='line_1_34' title="bbox 351 3207 1918 3280; baseline 0.003 -19"><span class='ocrx_word' id='word_1_237' title='bbox 351 3207 769 3275; x_wconf 78' lang='grc' dir='ltr'>ἐκλυθήσεται,</span> <span class='ocrx_word' id='word_1_238' title='bbox 783 3209 880 3263; x_wconf 78' lang='grc' dir='ltr'>καὶ</span> <span class='ocrx_word' id='word_1_239' title='bbox 900 3209 1068 3266; x_wconf 84' lang='grc' dir='ltr'>πᾶσα</span> <span class='ocrx_word' id='word_1_240' title='bbox 1080 3211 1250 3280; x_wconf 73' lang='grc' dir='ltr'>ψυχὴ</span> <span class='ocrx_word' id='word_1_241' title='bbox 1270 3211 1580 3280; x_wconf 82' lang='grc' dir='ltr'>ἀνθρώπου</span> <span class='ocrx_word' id='word_1_242' title='bbox 1609 3212 1918 3268; x_wconf 57' lang='lat' dir='ltr'><strong>cicatrices.</strong></span> 
     </span>
    </p>
   </div>
   <div class='ocr_carea' id='block_1_35' title="bbox 351 3297 1923 3370">
    <p class='ocr_par' dir='ltr' id='par_1_35' title="bbox 351 3297 1923 3370">
     <span class='ocr_line' id='line_1_35' title="bbox 351 3297 1923 3370; baseline 0.003 -19"><span class='ocrx_word' id='word_1_243' title='bbox 351 3297 460 3351; x_wconf 79' lang='lat' dir='ltr'><strong>Kal</strong></span> <span class='ocrx_word' id='word_1_244' title='bbox 524 3299 1001 3367; x_wconf 81' lang='grc' dir='ltr'>ταραχθήσονται</span> <span class='ocrx_word' id='word_1_245' title='bbox 1069 3302 1124 3354; x_wconf 80' lang='grc' dir='ltr'><strong>οἱ</strong></span> <span class='ocrx_word' id='word_1_246' title='bbox 1173 3299 1453 3369; x_wconf 77' lang='grc' dir='ltr'>πρέσϐεις</span> <span class='ocrx_word' id='word_1_247' title='bbox 1480 3341 1495 3366; x_wconf 93' lang='grc'><strong>,</strong></span> <span class='ocrx_word' id='word_1_248' title='bbox 1567 3301 1664 3355; x_wconf 75' lang='grc' dir='ltr'>καὶ</span> <span class='ocrx_word' id='word_1_249' title='bbox 1715 3301 1923 3370; x_wconf 82' lang='grc' dir='ltr'>ὠδῖνες</span> 
     </span>
    </p>
   </div>
   <div class='ocr_carea' id='block_1_36' title="bbox 352 3388 1926 3459">
    <p class='ocr_par' dir='ltr' id='par_1_36' title="bbox 352 3388 1926 3459">
     <span class='ocr_line' id='line_1_36' title="bbox 352 3388 1926 3459; baseline 0.001 -18"><span class='ocrx_word' id='word_1_250' title='bbox 352 3388 572 3455; x_wconf 82' lang='grc' dir='ltr'>αὐτοὺς</span> <span class='ocrx_word' id='word_1_251' title='bbox 617 3389 888 3455; x_wconf 81' lang='grc' dir='ltr'>ἕξουσιν,</span> <span class='ocrx_word' id='word_1_252' title='bbox 933 3390 1014 3455; x_wconf 87' lang='grc' dir='ltr'>ὡς</span> <span class='ocrx_word' id='word_1_253' title='bbox 1075 3390 1360 3459; x_wconf 75' lang='grc' dir='ltr'>γυναικὸς</span> <span class='ocrx_word' id='word_1_254' title='bbox 1412 3391 1769 3457; x_wconf 75' lang='grc' dir='ltr'>τικτούσηςο</span> <span class='ocrx_word' id='word_1_255' title='bbox 1824 3389 1926 3445; x_wconf 80' lang='grc' dir='ltr'>καὶ</span> 
     </span>
    </p>
   </div>
   <div class='ocr_carea' id='block_1_37' title="bbox 353 3479 1925 3552">
    <p class='ocr_par' dir='ltr' id='par_1_37' title="bbox 353 3479 1925 3552">
     <span class='ocr_line' id='line_1_37' title="bbox 353 3479 1925 3552; baseline 0.001 -18"><span class='ocrx_word' id='word_1_256' title='bbox 353 3479 855 3549; x_wconf 71' lang='grc' dir='ltr'>συμφοράσουσιν</span> <span class='ocrx_word' id='word_1_257' title='bbox 921 3481 1122 3552; x_wconf 78' lang='grc' dir='ltr'>ἔτερος</span> <span class='ocrx_word' id='word_1_258' title='bbox 1175 3481 1325 3551; x_wconf 82' lang='grc' dir='ltr'>πρὸς</span> <span class='ocrx_word' id='word_1_259' title='bbox 1377 3481 1486 3535; x_wconf 86' lang='grc' dir='ltr'>τὸν</span> <span class='ocrx_word' id='word_1_260' title='bbox 1551 3481 1773 3550; x_wconf 79' lang='grc' dir='ltr'>ἕτερον,</span> <span class='ocrx_word' id='word_1_261' title='bbox 1827 3482 1925 3536; x_wconf 79' lang='grc' dir='ltr'>καὶ</span> 
     </span>
    </p>
   </div>
   <div class='ocr_carea' id='block_1_38' title="bbox 354 3571 1926 3643">
    <p class='ocr_par' dir='ltr' id='par_1_38' title="bbox 354 3571 1926 3643">
     <span class='ocr_line' id='line_1_38' title="bbox 354 3571 1926 3643; baseline 0.001 -19"><span class='ocrx_word' id='word_1_262' title='bbox 354 3572 776 3639; x_wconf 79' lang='grc' dir='ltr'>ἐκστήσονται,</span> <span class='ocrx_word' id='word_1_263' title='bbox 808 3572 910 3626; x_wconf 78' lang='grc' dir='ltr'>καὶ</span> <span class='ocrx_word' id='word_1_264' title='bbox 949 3573 1018 3628; x_wconf 86' lang='grc' dir='ltr'>τὸ</span> <span class='ocrx_word' id='word_1_265' title='bbox 1058 3574 1384 3643; x_wconf 80' lang='grc' dir='ltr'>πρόσωπον</span> <span class='ocrx_word' id='word_1_266' title='bbox 1421 3571 1620 3628; x_wconf 84' lang='grc' dir='ltr'>αὐτῶν</span> <span class='ocrx_word' id='word_1_267' title='bbox 1656 3574 1736 3640; x_wconf 88' lang='grc' dir='ltr'>ὠς</span> <span class='ocrx_word' id='word_1_268' title='bbox 1765 3573 1926 3643; x_wconf 71' lang='grc' dir='ltr'><strong>φλὸξ</strong></span> 
     </span>
    </p>
   </div>
   <div class='ocr_carea' id='block_1_39' title="bbox 349 3665 816 3734">
    <p class='ocr_par' dir='ltr' id='par_1_39' title="bbox 349 3665 816 3734">
     <span class='ocr_line' id='line_1_39' title="bbox 349 3665 816 3734; baseline 0.006 -16"><span class='ocrx_word' id='word_1_269' title='bbox 349 3665 816 3734; x_wconf 77' lang='grc' dir='ltr'>μεταϐαλοῦσιν.</span> 
     </span>
    </p>
   </div>
   <div class='ocr_carea' id='block_1_40' title="bbox 437 3758 1925 3831">
    <p class='ocr_par' dir='ltr' id='par_1_40' title="bbox 437 3758 1925 3831">
     <span class='ocr_line' id='line_1_40' title="bbox 437 3758 1925 3831; baseline 0.002 -20"><span class='ocrx_word' id='word_1_270' title='bbox 437 3760 524 3825; x_wconf 81' lang='grc' dir='ltr'>Ὠς</span> <span class='ocrx_word' id='word_1_271' title='bbox 551 3759 765 3824; x_wconf 77' lang='grc' dir='ltr'>ἐλπίδος</span> <span class='ocrx_word' id='word_1_272' title='bbox 803 3760 1022 3829; x_wconf 84' lang='grc' dir='ltr'>ἁπάσης</span> <span class='ocrx_word' id='word_1_273' title='bbox 1060 3759 1443 3831; x_wconf 82' lang='grc' dir='ltr'>ἀνῃρημένης,</span> <span class='ocrx_word' id='word_1_274' title='bbox 1487 3758 1562 3823; x_wconf 82' lang='grc' dir='ltr'>ὡς</span> <span class='ocrx_word' id='word_1_275' title='bbox 1595 3758 1806 3822; x_wconf 84' lang='grc' dir='ltr'>ούδενὺς</span> <span class='ocrx_word' id='word_1_276' title='bbox 1844 3758 1925 3815; x_wconf 79' lang='grc' dir='ltr'>ἔτι</span> 
     </span>
    </p>
   </div>
   <div class='ocr_carea' id='block_1_41' title="bbox 359 3851 1928 3922">
    <p class='ocr_par' dir='ltr' id='par_1_41' title="bbox 359 3851 1928 3922">
     <span class='ocr_line' id='line_1_41' title="bbox 359 3851 1928 3922; baseline 0.001 -20"><span class='ocrx_word' id='word_1_277' title='bbox 359 3851 839 3921; x_wconf 84' lang='grc' dir='ltr'>περιλελειμμένου</span> <span class='ocrx_word' id='word_1_278' title='bbox 878 3854 992 3914; x_wconf 76' lang='grc' dir='ltr'>τοῖς</span> <span class='ocrx_word' id='word_1_279' title='bbox 1035 3851 1416 3914; x_wconf 76' lang='grc' dir='ltr'>Βαϐυλωνίοις,</span> <span class='ocrx_word' id='word_1_280' title='bbox 1448 3851 1586 3921; x_wconf 81' lang='grc' dir='ltr'>πλὴν</span> <span class='ocrx_word' id='word_1_281' title='bbox 1620 3852 1702 3903; x_wconf 84' lang='grc' dir='ltr'>ὅτι</span> <span class='ocrx_word' id='word_1_282' title='bbox 1731 3851 1794 3922; x_wconf 82' lang='grc' dir='ltr'>δὴ</span> <span class='ocrx_word' id='word_1_283' title='bbox 1831 3853 1928 3922; x_wconf 85' lang='grc' dir='ltr'>μό-</span> 
     </span>
    </p>
   </div>
   <div class='ocr_carea' id='block_1_42' title="bbox 357 3943 1923 4016">
    <p class='ocr_par' dir='ltr' id='par_1_42' title="bbox 357 3943 1923 4016">
     <span class='ocr_line' id='line_1_42' title="bbox 357 3943 1923 4016; baseline 0.002 -20"><span class='ocrx_word' id='word_1_284' title='bbox 357 3961 447 3996; x_wconf 94' lang='grc' dir='ltr'><strong>νου</strong></span> <span class='ocrx_word' id='word_1_285' title='bbox 477 3945 537 3997; x_wconf 84' lang='grc' dir='ltr'>τὸ</span> <span class='ocrx_word' id='word_1_286' title='bbox 564 3945 758 4015; x_wconf 80' lang='grc' dir='ltr'>χρῆναι</span> <span class='ocrx_word' id='word_1_287' title='bbox 792 3943 1288 4014; x_wconf 81' lang='grc' dir='ltr'>κατολοφύρεσθαι,</span> <span class='ocrx_word' id='word_1_288' title='bbox 1321 3943 1400 4009; x_wconf 81' lang='grc' dir='ltr'><strong>τὸ,</strong></span> <span class='ocrx_word' id='word_1_289' title='bbox 1426 3943 1732 4010; x_wconf 80' lang='grc' dir='ltr'>ὀλολύξατε,</span> <span class='ocrx_word' id='word_1_290' title='bbox 1770 3945 1923 4016; x_wconf 86' lang='grc' dir='ltr'>φησί.</span> 
     </span>
    </p>
   </div>
   <div class='ocr_carea' id='block_1_43' title="bbox 360 4030 1922 4109">
    <p class='ocr_par' dir='ltr' id='par_1_43' title="bbox 360 4030 1922 4109">
     <span class='ocr_line' id='line_1_43' title="bbox 360 4030 1922 4109; baseline -0.001 -19"><span class='ocrx_word' id='word_1_291' title='bbox 360 4035 702 4107; x_wconf 82' lang='grc' dir='ltr'>Προστέταχε</span> <span class='ocrx_word' id='word_1_292' title='bbox 732 4036 790 4090; x_wconf 87' lang='grc' dir='ltr'><strong>δέ</strong></span> <span class='ocrx_word' id='word_1_293' title='bbox 821 4037 915 4090; x_wconf 75' lang='grc' dir='ltr'><strong>καὶ</strong></span> <span class='ocrx_word' id='word_1_294' title='bbox 935 4030 1047 4088; x_wconf 78' lang='grc' dir='ltr'>οἷον</span> <span class='ocrx_word' id='word_1_295' title='bbox 1067 4035 1464 4104; x_wconf 87' lang='grc' dir='ltr'>ἀπογινώσκειν</span> <span class='ocrx_word' id='word_1_296' title='bbox 1488 4034 1586 4107; x_wconf 86' lang='grc' dir='ltr'>τὴν</span> <span class='ocrx_word' id='word_1_297' title='bbox 1627 4038 1922 4109; x_wconf 84' lang='grc' dir='ltr'>σωτηρίαν,</span> 
     </span>
    </p>
   </div>
   <div class='ocr_carea' id='block_1_44' title="bbox 357 4124 1929 4197">
    <p class='ocr_par' dir='ltr' id='par_1_44' title="bbox 357 4124 1929 4197">
     <span class='ocr_line' id='line_1_44' title="bbox 357 4124 1929 4197; baseline -0.001 -18"><span class='ocrx_word' id='word_1_298' title='bbox 357 4128 450 4179; x_wconf 76' lang='grc' dir='ltr'><strong>καὶ</strong></span> <span class='ocrx_word' id='word_1_299' title='bbox 503 4127 577 4197; x_wconf 77' lang='grc' dir='ltr'>μὴ</span> <span class='ocrx_word' id='word_1_300' title='bbox 613 4127 891 4195; x_wconf 86' lang='grc' dir='ltr'>ἀνονήτοις</span> <span class='ocrx_word' id='word_1_301' title='bbox 939 4124 1258 4196; x_wconf 80' lang='grc' dir='ltr'>πράγμασιν</span> <span class='ocrx_word' id='word_1_302' title='bbox 1294 4127 1609 4195; x_wconf 85' lang='grc' dir='ltr'>ἐπιχειρεῖν,</span> <span class='ocrx_word' id='word_1_303' title='bbox 1666 4125 1739 4196; x_wconf 83' lang='grc' dir='ltr'><strong>μή</strong></span> <span class='ocrx_word' id='word_1_304' title='bbox 1774 4125 1929 4196; x_wconf 86' lang='grc' dir='ltr'>μελε-</span> 
     </span>
    </p>
   </div>
   <div class='ocr_carea' id='block_1_45' title="bbox 360 4215 1928 4289">
    <p class='ocr_par' dir='ltr' id='par_1_45' title="bbox 360 4215 1928 4289">
     <span class='ocr_line' id='line_1_45' title="bbox 360 4215 1928 4289; baseline -0.001 -17"><span class='ocrx_word' id='word_1_305' title='bbox 360 4219 568 4281; x_wconf 82' lang='grc' dir='ltr'>τῶντας</span> <span class='ocrx_word' id='word_1_306' title='bbox 602 4218 700 4289; x_wconf 77' lang='grc' dir='ltr'><strong>τὴν</strong></span> <span class='ocrx_word' id='word_1_307' title='bbox 727 4217 1060 4270; x_wconf 86' lang='grc' dir='ltr'>ἀντίστασιν.</span> <span class='ocrx_word' id='word_1_308' title='bbox 1080 4216 1166 4279; x_wconf 86' lang='grc' dir='ltr'>Ὡς</span> <span class='ocrx_word' id='word_1_309' title='bbox 1193 4215 1342 4280; x_wconf 88' lang='grc' dir='ltr'>θείας</span> <span class='ocrx_word' id='word_1_310' title='bbox 1376 4217 1558 4282; x_wconf 85' lang='grc' dir='ltr'>αὐτοῖς</span> <span class='ocrx_word' id='word_1_311' title='bbox 1591 4217 1928 4288; x_wconf 83' lang='grc' dir='ltr'>ἐξωπλισμέ-</span> 
     </span>
    </p>
   </div>
   <div class='ocr_carea' id='block_1_46' title="bbox 358 4306 1929 4381">
    <p class='ocr_par' dir='ltr' id='par_1_46' title="bbox 358 4306 1929 4381">
     <span class='ocr_line' id='line_1_46' title="bbox 358 4306 1929 4381; baseline -0.003 -17"><span class='ocrx_word' id='word_1_312' title='bbox 358 4327 455 4381; x_wconf 89' lang='grc' dir='ltr'><strong>νης</strong></span> <span class='ocrx_word' id='word_1_313' title='bbox 489 4309 680 4381; x_wconf 82' lang='grc' dir='ltr'>ὀργῆς,</span> <span class='ocrx_word' id='word_1_314' title='bbox 707 4309 802 4363; x_wconf 81' lang='grc' dir='ltr'><strong>καὶ</strong></span> <span class='ocrx_word' id='word_1_315' title='bbox 837 4306 1126 4378; x_wconf 78' lang='grc' dir='ltr'>συντριὸἦς</span> <span class='ocrx_word' id='word_1_316' title='bbox 1155 4307 1593 4378; x_wconf 87' lang='grc' dir='ltr'>ἐπενηνεγμένης</span> <span class='ocrx_word' id='word_1_317' title='bbox 1628 4308 1715 4361; x_wconf 86' lang='grc' dir='ltr'>διὰ</span> <span class='ocrx_word' id='word_1_318' title='bbox 1745 4309 1929 4378; x_wconf 79' lang='grc' dir='ltr'>ψήφου</span> 
     </span>
    </p>
   </div>
   <div class='ocr_carea' id='block_1_47' title="bbox 358 4397 1930 4470">
    <p class='ocr_par' dir='ltr' id='par_1_47' title="bbox 358 4397 1930 4470">
     <span class='ocr_line' id='line_1_47' title="bbox 358 4397 1930 4470; baseline -0.003 -15"><span class='ocrx_word' id='word_1_319' title='bbox 358 4402 455 4470; x_wconf 84' lang='grc' dir='ltr'>τῆς</span> <span class='ocrx_word' id='word_1_320' title='bbox 485 4399 711 4454; x_wconf 79' lang='grc' dir='ltr'>ἀνωθεν.</span> <span class='ocrx_word' id='word_1_321' title='bbox 744 4400 988 4470; x_wconf 80' lang='grc' dir='ltr'><strong>ΙἈμαχον</strong></span> <span class='ocrx_word' id='word_1_322' title='bbox 1016 4398 1073 4450; x_wconf 89' lang='grc' dir='ltr'><strong>δὲ</strong></span> <span class='ocrx_word' id='word_1_323' title='bbox 1103 4397 1163 4450; x_wconf 85' lang='grc' dir='ltr'>τὸ</span> <span class='ocrx_word' id='word_1_324' title='bbox 1193 4397 1382 4469; x_wconf 79' lang='grc' dir='ltr'>χρῆμα</span> <span class='ocrx_word' id='word_1_325' title='bbox 1423 4397 1732 4461; x_wconf 86' lang='grc' dir='ltr'>παντελῶς·</span> <span class='ocrx_word' id='word_1_326' title='bbox 1765 4417 1782 4449; x_wconf 78' lang='grc' dir='ltr'><strong>ι</strong></span> <span class='ocrx_word' id='word_1_327' title='bbox 1820 4399 1930 4468; x_wconf 82' lang='grc' dir='ltr'><strong>Ἰὴν</strong></span> 
     </span>
    </p>
   </div>
   <div class='ocr_carea' id='block_1_48' title="bbox 358 4489 1932 4563">
    <p class='ocr_par' dir='ltr' id='par_1_48' title="bbox 358 4489 1932 4563">
     <span class='ocr_line' id='line_1_48' title="bbox 358 4489 1932 4563; baseline -0.003 -17"><span class='ocrx_word' id='word_1_328' title='bbox 358 4494 466 4563; x_wconf 81' lang='grc' dir='ltr'>γὰρ</span> <span class='ocrx_word' id='word_1_329' title='bbox 508 4495 666 4562; x_wconf 81' lang='grc' dir='ltr'>χεῖρα</span> <span class='ocrx_word' id='word_1_330' title='bbox 706 4492 804 4563; x_wconf 80' lang='grc' dir='ltr'>τὴν</span> <span class='ocrx_word' id='word_1_331' title='bbox 854 4489 1060 4560; x_wconf 77' lang='grc' dir='ltr'>ὑψηλὴν</span> <span class='ocrx_word' id='word_1_332' title='bbox 1101 4489 1186 4552; x_wconf 88' lang='grc' dir='ltr'><strong>τίς</strong></span> <span class='ocrx_word' id='word_1_333' title='bbox 1234 4490 1604 4559; x_wconf 77' lang='grc' dir='ltr'>ἀποστρέψεις</span> <span class='ocrx_word' id='word_1_334' title='bbox 1643 4507 1660 4539; x_wconf 81' lang='grc'>›</span> <span class='ocrx_word' id='word_1_335' title='bbox 1707 4490 1847 4542; x_wconf 80' lang='grc' dir='ltr'>κατὰ</span> <span class='ocrx_word' id='word_1_336' title='bbox 1872 4491 1932 4543; x_wconf 78' lang='grc' dir='ltr'><strong>τὸ</strong></span> 
     </span>
    </p>
   </div>
   <div class='ocr_carea' id='block_1_49' title="bbox 2009 640 3576 714">
    <p class='ocr_par' dir='ltr' id='par_1_49' title="bbox 2009 640 3576 714">
     <span class='ocr_line' id='line_1_49' title="bbox 2009 640 3576 714; baseline 0.003 -23"><span class='ocrx_word' id='word_1_337' title='bbox 2009 640 2204 706; x_wconf 84' lang='lat' dir='ltr'><strong>versis,</strong></span> <span class='ocrx_word' id='word_1_338' title='bbox 2223 642 2489 712; x_wconf 88' lang='lat' dir='ltr'><strong>etingenti</strong></span> <span class='ocrx_word' id='word_1_339' title='bbox 2514 658 2575 696; x_wconf 90' lang='lat' dir='ltr'><strong>ac</strong></span> <span class='ocrx_word' id='word_1_340' title='bbox 2603 643 2825 698; x_wconf 85' lang='lat' dir='ltr'><strong>confuso</strong></span> <span class='ocrx_word' id='word_1_341' title='bbox 2839 660 2973 700; x_wconf 90' lang='lat' dir='ltr'><strong>sono</strong></span> <span class='ocrx_word' id='word_1_342' title='bbox 3000 645 3257 714; x_wconf 88' lang='lat' dir='ltr'><strong>dissipato</strong></span> <span class='ocrx_word' id='word_1_343' title='bbox 3288 663 3300 701; x_wconf 93' lang='lat'><strong>:</strong></span> <span class='ocrx_word' id='word_1_344' title='bbox 3336 663 3355 697; x_wconf 86' lang='grc'><strong><em>‹</em></strong></span> <span class='ocrx_word' id='word_1_345' title='bbox 3395 646 3531 711; x_wconf 81' lang='lat' dir='ltr'><strong>Vox,</strong></span> <span class='ocrx_word' id='word_1_346' title='bbox 3557 664 3576 696; x_wconf 74' lang='grc' dir='ltr'><strong>ι</strong></span> 
     </span>
    </p>
   </div>
   <div class='ocr_carea' id='block_1_50' title="bbox 2009 732 3584 803">
    <p class='ocr_par' dir='ltr' id='par_1_50' title="bbox 2009 732 3584 803">
     <span class='ocr_line' id='line_1_50' title="bbox 2009 732 3584 803; baseline 0.003 -18"><span class='ocrx_word' id='word_1_347' title='bbox 2009 732 2254 801; x_wconf 76' lang='lat' dir='ltr'><strong>inquit,r</strong></span> <span class='ocrx_word' id='word_1_348' title='bbox 2292 735 2531 803; x_wconf 86' lang='lat' dir='ltr'><strong>gentium</strong></span> <span class='ocrx_word' id='word_1_349' title='bbox 2601 735 2884 789; x_wconf 88' lang='lat' dir='ltr'><strong>multarum</strong></span> <span class='ocrx_word' id='word_1_350' title='bbox 2951 739 3002 791; x_wconf 91' lang='lat' dir='ltr'><strong>in</strong></span> <span class='ocrx_word' id='word_1_351' title='bbox 3066 739 3339 791; x_wconf 92' lang='lat' dir='ltr'><strong>montibus</strong></span> <span class='ocrx_word' id='word_1_352' title='bbox 3391 738 3584 792; x_wconf 85' lang='lat' dir='ltr'><strong>similis</strong></span> 
     </span>
    </p>
   </div>
   <div class='ocr_carea' id='block_1_51' title="bbox 2010 825 3584 900">
    <p class='ocr_par' dir='ltr' id='par_1_51' title="bbox 2010 825 3584 900">
     <span class='ocr_line' id='line_1_51' title="bbox 2010 825 3584 900; baseline 0.003 -23"><span class='ocrx_word' id='word_1_353' title='bbox 2010 825 2246 894; x_wconf 89' lang='lat' dir='ltr'><strong>gentium</strong></span> <span class='ocrx_word' id='word_1_354' title='bbox 2278 826 2586 880; x_wconf 90' lang='lat' dir='ltr'><strong>multarum.</strong></span> <span class='ocrx_word' id='word_1_355' title='bbox 2630 846 2647 878; x_wconf 72' lang='grc' dir='ltr'><strong>ι</strong></span> <span class='ocrx_word' id='word_1_356' title='bbox 2684 827 2799 882; x_wconf 85' lang='grc' dir='ltr'><strong>Νοη</strong></span> <span class='ocrx_word' id='word_1_357' title='bbox 2831 843 2914 895; x_wconf 92' lang='lat' dir='ltr'><strong>ea,</strong></span> <span class='ocrx_word' id='word_1_358' title='bbox 2953 829 3148 900; x_wconf 80' lang='lat' dir='ltr'><strong>inquit,</strong></span> <span class='ocrx_word' id='word_1_359' title='bbox 3207 845 3308 885; x_wconf 83' lang='lat' dir='ltr'><strong>vox</strong></span> <span class='ocrx_word' id='word_1_360' title='bbox 3367 840 3470 896; x_wconf 90' lang='lat' dir='ltr'><strong>est,</strong></span> <span class='ocrx_word' id='word_1_361' title='bbox 3527 841 3584 882; x_wconf 91' lang='lat' dir='ltr'><strong>ut</strong></span> 
     </span>
    </p>
   </div>
   <div class='ocr_carea' id='block_1_52' title="bbox 2012 918 3578 992">
    <p class='ocr_par' dir='ltr' id='par_1_52' title="bbox 2012 918 3578 992">
     <span class='ocr_line' id='line_1_52' title="bbox 2012 918 3578 992; baseline 0.004 -23"><span class='ocrx_word' id='word_1_362' title='bbox 2012 930 2213 984; x_wconf 85' lang='lat' dir='ltr'><strong>paucos</strong></span> <span class='ocrx_word' id='word_1_363' title='bbox 2239 931 2360 970; x_wconf 80' lang='lat' dir='ltr'><strong>esse</strong></span> <span class='ocrx_word' id='word_1_364' title='bbox 2392 933 2484 970; x_wconf 90' lang='lat' dir='ltr'><strong>eos</strong></span> <span class='ocrx_word' id='word_1_365' title='bbox 2504 918 2592 986; x_wconf 90' lang='lat' dir='ltr'><strong>qui</strong></span> <span class='ocrx_word' id='word_1_366' title='bbox 2612 919 2915 974; x_wconf 82' lang='lat' dir='ltr'><strong>clamarunt</strong></span> <span class='ocrx_word' id='word_1_367' title='bbox 2938 922 3206 990; x_wconf 85' lang='lat' dir='ltr'><strong>conjicere</strong></span> <span class='ocrx_word' id='word_1_368' title='bbox 3227 923 3351 990; x_wconf 89' lang='lat' dir='ltr'><strong>quis</strong></span> <span class='ocrx_word' id='word_1_369' title='bbox 3382 923 3578 992; x_wconf 76' lang='lat' dir='ltr'><strong>pOSsll,</strong></span> 
     </span>
    </p>
   </div>
   <div class='ocr_carea' id='block_1_53' title="bbox 2011 1007 3583 1080">
    <p class='ocr_par' dir='ltr' id='par_1_53' title="bbox 2011 1007 3583 1080">
     <span class='ocr_line' id='line_1_53' title="bbox 2011 1007 3583 1080; baseline 0.002 -19"><span class='ocrx_word' id='word_1_370' title='bbox 2011 1007 2104 1061; x_wconf 90' lang='lat' dir='ltr'><strong>sed</strong></span> <span class='ocrx_word' id='word_1_371' title='bbox 2138 1007 2314 1076; x_wconf 86' lang='lat' dir='ltr'><strong>potius</strong></span> <span class='ocrx_word' id='word_1_372' title='bbox 2355 1008 2803 1063; x_wconf 83' lang='lat' dir='ltr'><strong>innumerabilem</strong></span> <span class='ocrx_word' id='word_1_373' title='bbox 2832 1025 2962 1080; x_wconf 75' lang='lat' dir='ltr'><strong>esse</strong></span> <span class='ocrx_word' id='word_1_374' title='bbox 2991 1012 3336 1066; x_wconf 83' lang='lat' dir='ltr'><strong>clamantium</strong></span> <span class='ocrx_word' id='word_1_375' title='bbox 3402 1012 3583 1066; x_wconf 87' lang='lat' dir='ltr'><strong>multi-</strong></span> 
     </span>
    </p>
   </div>
   <div class='ocr_carea' id='block_1_54' title="bbox 2011 1098 3582 1174">
    <p class='ocr_par' dir='ltr' id='par_1_54' title="bbox 2011 1098 3582 1174">
     <span class='ocr_line' id='line_1_54' title="bbox 2011 1098 3582 1174; baseline 0.004 -22"><span class='ocrx_word' id='word_1_376' title='bbox 2011 1099 2252 1152; x_wconf 80' lang='lat' dir='ltr'><strong>tudinem</strong></span> <span class='ocrx_word' id='word_1_377' title='bbox 2278 1109 2450 1168; x_wconf 89' lang='lat' dir='ltr'><strong>putet.</strong></span> <span class='ocrx_word' id='word_1_378' title='bbox 2486 1098 2733 1156; x_wconf 79' lang='lat' dir='ltr'><strong>Ostendit</strong></span> <span class='ocrx_word' id='word_1_379' title='bbox 2760 1113 2937 1157; x_wconf 89' lang='lat' dir='ltr'><strong>autem</strong></span> <span class='ocrx_word' id='word_1_380' title='bbox 2970 1104 3084 1159; x_wconf 64' lang='lat' dir='ltr'><strong>baro</strong></span> <span class='ocrx_word' id='word_1_381' title='bbox 3105 1107 3299 1174; x_wconf 84' lang='lat' dir='ltr'><strong>oratio,</strong></span> <span class='ocrx_word' id='word_1_382' title='bbox 3335 1123 3436 1161; x_wconf 89' lang='lat' dir='ltr'><strong>una</strong></span> <span class='ocrx_word' id='word_1_383' title='bbox 3462 1122 3582 1161; x_wconf 89' lang='lat' dir='ltr'><strong>cum</strong></span> 
     </span>
    </p>
   </div>
   <div class='ocr_carea' id='block_1_55' title="bbox 2014 1189 3588 1269">
    <p class='ocr_par' dir='ltr' id='par_1_55' title="bbox 2014 1189 3588 1269">
     <span class='ocr_line' id='line_1_55' title="bbox 2014 1189 3588 1269; baseline 0.004 -25"><span class='ocrx_word' id='word_1_384' title='bbox 2014 1189 2243 1245; x_wconf 89' lang='lat' dir='ltr'><strong>subditis</strong></span> <span class='ocrx_word' id='word_1_385' title='bbox 2279 1202 2422 1246; x_wconf 91' lang='lat' dir='ltr'><strong>metu</strong></span> <span class='ocrx_word' id='word_1_386' title='bbox 2458 1193 2733 1262; x_wconf 89' lang='lat' dir='ltr'><strong>perculsos</strong></span> <span class='ocrx_word' id='word_1_387' title='bbox 2758 1194 2925 1248; x_wconf 85' lang='lat' dir='ltr'><strong>fuisse</strong></span> <span class='ocrx_word' id='word_1_388' title='bbox 2969 1197 3132 1250; x_wconf 89' lang='lat' dir='ltr'><strong>etiam</strong></span> <span class='ocrx_word' id='word_1_389' title='bbox 3162 1213 3256 1254; x_wconf 87' lang='lat' dir='ltr'><strong>eos</strong></span> <span class='ocrx_word' id='word_1_390' title='bbox 3325 1201 3414 1269; x_wconf 92' lang='lat' dir='ltr'><strong>qui</strong></span> <span class='ocrx_word' id='word_1_391' title='bbox 3440 1200 3588 1269; x_wconf 90' lang='lat' dir='ltr'><strong>prin-</strong></span> 
     </span>
    </p>
   </div>
   <div class='ocr_carea' id='block_1_56' title="bbox 2012 1283 3582 1360">
    <p class='ocr_par' dir='ltr' id='par_1_56' title="bbox 2012 1283 3582 1360">
     <span class='ocr_line' id='line_1_56' title="bbox 2012 1283 3582 1360; baseline 0.005 -24"><span class='ocrx_word' id='word_1_392' title='bbox 2012 1284 2184 1353; x_wconf 88' lang='lat' dir='ltr'><strong>cipem</strong></span> <span class='ocrx_word' id='word_1_393' title='bbox 2211 1283 2384 1337; x_wconf 91' lang='lat' dir='ltr'><strong>locum</strong></span> <span class='ocrx_word' id='word_1_394' title='bbox 2415 1283 2781 1339; x_wconf 89' lang='lat' dir='ltr'><strong>obtinuerunt.</strong></span> <span class='ocrx_word' id='word_1_395' title='bbox 2825 1285 3076 1342; x_wconf 88' lang='lat' dir='ltr'><strong>Gentium</strong></span> <span class='ocrx_word' id='word_1_396' title='bbox 3097 1289 3237 1343; x_wconf 91' lang='lat' dir='ltr'><strong>enim</strong></span> <span class='ocrx_word' id='word_1_397' title='bbox 3299 1298 3354 1344; x_wconf 86' lang='lat' dir='ltr'><strong>et</strong></span> <span class='ocrx_word' id='word_1_398' title='bbox 3399 1307 3582 1360; x_wconf 82' lang='lat' dir='ltr'><strong>regunt</strong></span> 
     </span>
    </p>
   </div>
   <div class='ocr_carea' id='block_1_57' title="bbox 2015 1374 3585 1446">
    <p class='ocr_par' dir='ltr' id='par_1_57' title="bbox 2015 1374 3585 1446">
     <span class='ocr_line' id='line_1_57' title="bbox 2015 1374 3585 1446; baseline 0.007 -22"><span class='ocrx_word' id='word_1_399' title='bbox 2015 1391 2198 1430; x_wconf 87' lang='lat' dir='ltr'><strong>vocem</strong></span> <span class='ocrx_word' id='word_1_400' title='bbox 2229 1390 2345 1429; x_wconf 88' lang='lat' dir='ltr'><strong>esse</strong></span> <span class='ocrx_word' id='word_1_401' title='bbox 2373 1375 2620 1432; x_wconf 85' lang='lat' dir='ltr'><strong>affirmat.</strong></span> <span class='ocrx_word' id='word_1_402' title='bbox 2653 1374 2836 1446; x_wconf 84' lang='lat' dir='ltr'><strong>Itaque</strong></span> <span class='ocrx_word' id='word_1_403' title='bbox 2877 1377 2972 1442; x_wconf 90' lang='lat' dir='ltr'><strong>illi,</strong></span> <span class='ocrx_word' id='word_1_404' title='bbox 3001 1381 3091 1446; x_wconf 85' lang='lat' dir='ltr'><strong>qui</strong></span> <span class='ocrx_word' id='word_1_405' title='bbox 3151 1380 3419 1436; x_wconf 81' lang='lat' dir='ltr'><strong>clamores</strong></span> <span class='ocrx_word' id='word_1_406' title='bbox 3463 1397 3585 1436; x_wconf 86' lang='lat' dir='ltr'><strong>sus-</strong></span> 
     </span>
    </p>
   </div>
   <div class='ocr_carea' id='block_1_58' title="bbox 2017 1467 3580 1542">
    <p class='ocr_par' dir='ltr' id='par_1_58' title="bbox 2017 1467 3580 1542">
     <span class='ocr_line' id='line_1_58' title="bbox 2017 1467 3580 1542; baseline 0.004 -22"><span class='ocrx_word' id='word_1_407' title='bbox 2017 1467 2273 1532; x_wconf 90' lang='lat' dir='ltr'><strong>tulerunt,</strong></span> <span class='ocrx_word' id='word_1_408' title='bbox 2311 1467 2550 1524; x_wconf 88' lang='lat' dir='ltr'><strong>infinitus</strong></span> <span class='ocrx_word' id='word_1_409' title='bbox 2580 1468 2810 1538; x_wconf 91' lang='lat' dir='ltr'><strong>populus</strong></span> <span class='ocrx_word' id='word_1_410' title='bbox 2840 1471 2951 1524; x_wconf 89' lang='lat' dir='ltr'><strong>sint</strong></span> <span class='ocrx_word' id='word_1_411' title='bbox 2976 1469 3420 1542; x_wconf 88' lang='lat' dir='ltr'><strong>Babyloniorum,</strong></span> <span class='ocrx_word' id='word_1_412' title='bbox 3445 1483 3504 1528; x_wconf 90' lang='lat' dir='ltr'><strong>et</strong></span> <span class='ocrx_word' id='word_1_413' title='bbox 3530 1475 3580 1526; x_wconf 91' lang='lat' dir='ltr'><strong>in</strong></span> 
     </span>
    </p>
   </div>
   <div class='ocr_carea' id='block_1_59' title="bbox 2019 1554 3586 1630">
    <p class='ocr_par' dir='ltr' id='par_1_59' title="bbox 2019 1554 3586 1630">
     <span class='ocr_line' id='line_1_59' title="bbox 2019 1554 3586 1630; baseline 0.003 -21"><span class='ocrx_word' id='word_1_414' title='bbox 2019 1554 2104 1610; x_wconf 87' lang='lat' dir='ltr'><strong>his</strong></span> <span class='ocrx_word' id='word_1_415' title='bbox 2135 1555 2486 1624; x_wconf 75' lang='lat' dir='ltr'><strong>insigniores,</strong></span> <span class='ocrx_word' id='word_1_416' title='bbox 2523 1556 2860 1627; x_wconf 86' lang='lat' dir='ltr'><strong>captamjam</strong></span> <span class='ocrx_word' id='word_1_417' title='bbox 2896 1559 3080 1612; x_wconf 90' lang='lat' dir='ltr'><strong>urbem</strong></span> <span class='ocrx_word' id='word_1_418' title='bbox 3138 1562 3462 1630; x_wconf 89' lang='lat' dir='ltr'><strong>conspicati:</strong></span> <span class='ocrx_word' id='word_1_419' title='bbox 3505 1564 3586 1615; x_wconf 83' lang='lat' dir='ltr'><strong>vel</strong></span> 
     </span>
    </p>
   </div>
   <div class='ocr_carea' id='block_1_60' title="bbox 2015 1647 3589 1719">
    <p class='ocr_par' dir='ltr' id='par_1_60' title="bbox 2015 1647 3589 1719">
     <span class='ocr_line' id='line_1_60' title="bbox 2015 1647 3589 1719; baseline 0.006 -18"><span class='ocrx_word' id='word_1_420' title='bbox 2015 1648 2176 1702; x_wconf 91' lang='lat' dir='ltr'><strong>etiam</strong></span> <span class='ocrx_word' id='word_1_421' title='bbox 2235 1647 2410 1703; x_wconf 65' lang='lat' dir='ltr'><strong>Persae</strong></span> <span class='ocrx_word' id='word_1_422' title='bbox 2459 1658 2513 1704; x_wconf 92' lang='lat' dir='ltr'><strong>et</strong></span> <span class='ocrx_word' id='word_1_423' title='bbox 2561 1648 2698 1704; x_wconf 84' lang='lat' dir='ltr'><strong>Medi</strong></span> <span class='ocrx_word' id='word_1_424' title='bbox 2729 1689 2745 1716; x_wconf 88' lang='lat'><strong>,</strong></span> <span class='ocrx_word' id='word_1_425' title='bbox 2804 1651 2976 1719; x_wconf 84' lang='lat' dir='ltr'><strong>captis</strong></span> <span class='ocrx_word' id='word_1_426' title='bbox 3036 1651 3416 1709; x_wconf 88' lang='lat' dir='ltr'><strong>occlamantes.</strong></span> <span class='ocrx_word' id='word_1_427' title='bbox 3466 1653 3589 1710; x_wconf 83' lang='lat' dir='ltr'><strong>lllos</strong></span> 
     </span>
    </p>
   </div>
   <div class='ocr_carea' id='block_1_61' title="bbox 2017 1741 3586 1814">
    <p class='ocr_par' dir='ltr' id='par_1_61' title="bbox 2017 1741 3586 1814">
     <span class='ocr_line' id='line_1_61' title="bbox 2017 1741 3586 1814; baseline 0.005 -22"><span class='ocrx_word' id='word_1_428' title='bbox 2017 1749 2216 1806; x_wconf 89' lang='lat' dir='ltr'><strong>autem,</strong></span> <span class='ocrx_word' id='word_1_429' title='bbox 2245 1741 2427 1807; x_wconf 90' lang='lat' dir='ltr'><strong>credo,</strong></span> <span class='ocrx_word' id='word_1_430' title='bbox 2459 1750 2697 1796; x_wconf 88' lang='lat' dir='ltr'><strong>armatos</strong></span> <span class='ocrx_word' id='word_1_431' title='bbox 2725 1757 2941 1812; x_wconf 88' lang='lat' dir='ltr'><strong>quoque</strong></span> <span class='ocrx_word' id='word_1_432' title='bbox 2972 1742 3255 1799; x_wconf 89' lang='lat' dir='ltr'><strong>bellatores</strong></span> <span class='ocrx_word' id='word_1_433' title='bbox 3292 1757 3586 1814; x_wconf 87' lang='lat' dir='ltr'><strong>nuncupat,</strong></span> 
     </span>
    </p>
   </div>
   <div class='ocr_carea' id='block_1_62' title="bbox 2016 1831 3588 1904">
    <p class='ocr_par' dir='ltr' id='par_1_62' title="bbox 2016 1831 3588 1904">
     <span class='ocr_line' id='line_1_62' title="bbox 2016 1831 3588 1904; baseline 0.002 -18"><span class='ocrx_word' id='word_1_434' title='bbox 2016 1837 2070 1886; x_wconf 84' lang='lat' dir='ltr'><strong>et</strong></span> <span class='ocrx_word' id='word_1_435' title='bbox 2089 1845 2119 1886; x_wconf 91' lang='lat' dir='ltr'><strong>e</strong></span> <span class='ocrx_word' id='word_1_436' title='bbox 2149 1831 2440 1902; x_wconf 76' lang='lat' dir='ltr'><strong>longinquo</strong></span> <span class='ocrx_word' id='word_1_437' title='bbox 2469 1832 2771 1888; x_wconf 84' lang='lat' dir='ltr'><strong>venientem</strong></span> <span class='ocrx_word' id='word_1_438' title='bbox 2810 1843 3026 1904; x_wconf 91' lang='lat' dir='ltr'><strong>gentem</strong></span> <span class='ocrx_word' id='word_1_439' title='bbox 3054 1835 3123 1889; x_wconf 88' lang='lat' dir='ltr'><strong>ab</strong></span> <span class='ocrx_word' id='word_1_440' title='bbox 3166 1845 3410 1890; x_wconf 85' lang='lat' dir='ltr'><strong>extremo</strong></span> <span class='ocrx_word' id='word_1_441' title='bbox 3462 1835 3588 1889; x_wconf 81' lang='lat' dir='ltr'><strong>fun-</strong></span> 
     </span>
    </p>
   </div>
   <div class='ocr_carea' id='block_1_63' title="bbox 2021 1925 3588 1996">
    <p class='ocr_par' dir='ltr' id='par_1_63' title="bbox 2021 1925 3588 1996">
     <span class='ocr_line' id='line_1_63' title="bbox 2021 1925 3588 1996; baseline 0.004 -18"><span class='ocrx_word' id='word_1_442' title='bbox 2021 1926 2276 1980; x_wconf 86' lang='lat' dir='ltr'><strong>damento</strong></span> <span class='ocrx_word' id='word_1_443' title='bbox 2321 1925 2464 1991; x_wconf 74' lang='lat' dir='ltr'><strong>cceli,</strong></span> <span class='ocrx_word' id='word_1_444' title='bbox 2499 1925 2550 1980; x_wconf 93' lang='lat' dir='ltr'><strong>id</strong></span> <span class='ocrx_word' id='word_1_445' title='bbox 2572 1935 2676 1993; x_wconf 87' lang='lat' dir='ltr'><strong>est,</strong></span> <span class='ocrx_word' id='word_1_446' title='bbox 2708 1927 2775 1982; x_wconf 90' lang='lat' dir='ltr'><strong>ab</strong></span> <span class='ocrx_word' id='word_1_447' title='bbox 2797 1927 2928 1996; x_wconf 88' lang='lat' dir='ltr'><strong>ipsis</strong></span> <span class='ocrx_word' id='word_1_448' title='bbox 2960 1927 3159 1984; x_wconf 87' lang='lat' dir='ltr'><strong>finibus</strong></span> <span class='ocrx_word' id='word_1_449' title='bbox 3217 1928 3442 1984; x_wconf 71' lang='lat' dir='ltr'><strong>Medicae</strong></span> <span class='ocrx_word' id='word_1_450' title='bbox 3503 1943 3588 1984; x_wconf 86' lang='lat' dir='ltr'><strong>re-</strong></span> 
     </span>
    </p>
   </div>
   <div class='ocr_carea' id='block_1_64' title="bbox 2020 2017 3587 2088">
    <p class='ocr_par' dir='ltr' id='par_1_64' title="bbox 2020 2017 3587 2088">
     <span class='ocr_line' id='line_1_64' title="bbox 2020 2017 3587 2088; baseline 0.003 -16"><span class='ocrx_word' id='word_1_451' title='bbox 2020 2018 2217 2088; x_wconf 91' lang='lat' dir='ltr'><strong>gionis,</strong></span> <span class='ocrx_word' id='word_1_452' title='bbox 2273 2028 2330 2074; x_wconf 92' lang='lat' dir='ltr'><strong>et</strong></span> <span class='ocrx_word' id='word_1_453' title='bbox 2388 2017 2734 2074; x_wconf 89' lang='lat' dir='ltr'><strong>interioribus</strong></span> <span class='ocrx_word' id='word_1_454' title='bbox 2801 2029 2981 2086; x_wconf 82' lang='lat' dir='ltr'><strong>terrae,</strong></span> <span class='ocrx_word' id='word_1_455' title='bbox 3040 2021 3276 2077; x_wconf 79' lang='lat' dir='ltr'><strong>maxime</strong></span> <span class='ocrx_word' id='word_1_456' title='bbox 3328 2020 3587 2077; x_wconf 85' lang='lat' dir='ltr'><strong>borealis.</strong></span> 
     </span>
    </p>
   </div>
   <div class='ocr_carea' id='block_1_65' title="bbox 2021 2109 3589 2178">
    <p class='ocr_par' dir='ltr' id='par_1_65' title="bbox 2021 2109 3589 2178">
     <span class='ocr_line' id='line_1_65' title="bbox 2021 2109 3589 2178; baseline 0.003 -13"><span class='ocrx_word' id='word_1_457' title='bbox 2021 2109 2286 2178; x_wconf 87' lang='lat' dir='ltr'><strong>Quoniam</strong></span> <span class='ocrx_word' id='word_1_458' title='bbox 2323 2122 2500 2166; x_wconf 90' lang='lat' dir='ltr'><strong>autem</strong></span> <span class='ocrx_word' id='word_1_459' title='bbox 2541 2113 2767 2167; x_wconf 90' lang='lat' dir='ltr'><strong>consilio</strong></span> <span class='ocrx_word' id='word_1_460' title='bbox 2796 2122 2853 2168; x_wconf 90' lang='lat' dir='ltr'><strong>et</strong></span> <span class='ocrx_word' id='word_1_461' title='bbox 2874 2118 3160 2170; x_wconf 88' lang='lat' dir='ltr'><strong>voluntate</strong></span> <span class='ocrx_word' id='word_1_462' title='bbox 3197 2115 3292 2169; x_wconf 89' lang='lat' dir='ltr'><strong>Dei</strong></span> <span class='ocrx_word' id='word_1_463' title='bbox 3323 2115 3589 2170; x_wconf 86' lang='lat' dir='ltr'><strong>hancim-</strong></span> 
     </span>
    </p>
   </div>
   <div class='ocr_carea' id='block_1_66' title="bbox 2021 2204 3592 2276">
    <p class='ocr_par' dir='ltr' id='par_1_66' title="bbox 2021 2204 3592 2276">
     <span class='ocr_line' id='line_1_66' title="bbox 2021 2204 3592 2276; baseline 0.002 -18"><span class='ocrx_word' id='word_1_464' title='bbox 2021 2204 2352 2274; x_wconf 87' lang='lat' dir='ltr'><strong>pressionem</strong></span> <span class='ocrx_word' id='word_1_465' title='bbox 2377 2214 2755 2274; x_wconf 87' lang='lat' dir='ltr'><strong>susceperunt,</strong></span> <span class='ocrx_word' id='word_1_466' title='bbox 2781 2205 3063 2260; x_wconf 89' lang='lat' dir='ltr'><strong>bellatores</strong></span> <span class='ocrx_word' id='word_1_467' title='bbox 3080 2207 3223 2276; x_wconf 90' lang='lat' dir='ltr'><strong>ipsos</strong></span> <span class='ocrx_word' id='word_1_468' title='bbox 3245 2206 3337 2261; x_wconf 89' lang='lat' dir='ltr'><strong>Dei</strong></span> <span class='ocrx_word' id='word_1_469' title='bbox 3363 2207 3592 2276; x_wconf 90' lang='lat' dir='ltr'><strong>appellat</strong></span> 
     </span>
    </p>
   </div>
   <div class='ocr_carea' id='block_1_67' title="bbox 2021 2295 3587 2354">
    <p class='ocr_par' dir='ltr' id='par_1_67' title="bbox 2021 2295 3587 2354">
     <span class='ocr_line' id='line_1_67' title="bbox 2021 2295 3587 2354; baseline 0 -3"><span class='ocrx_word' id='word_1_470' title='bbox 2021 2306 2075 2351; x_wconf 90' lang='lat' dir='ltr'><strong>et</strong></span> <span class='ocrx_word' id='word_1_471' title='bbox 2110 2295 2370 2350; x_wconf 89' lang='lat' dir='ltr'><strong>adductos</strong></span> <span class='ocrx_word' id='word_1_472' title='bbox 2395 2297 2471 2350; x_wconf 90' lang='lat' dir='ltr'><strong>ait</strong></span> <span class='ocrx_word' id='word_1_473' title='bbox 2503 2298 2568 2352; x_wconf 91' lang='lat' dir='ltr'><strong>ad</strong></span> <span class='ocrx_word' id='word_1_474' title='bbox 2608 2297 2890 2352; x_wconf 91' lang='lat' dir='ltr'><strong>delendum</strong></span> <span class='ocrx_word' id='word_1_475' title='bbox 2931 2308 3097 2353; x_wconf 91' lang='lat' dir='ltr'><strong>totum</strong></span> <span class='ocrx_word' id='word_1_476' title='bbox 3163 2300 3349 2354; x_wconf 91' lang='lat' dir='ltr'><strong>orbem</strong></span> <span class='ocrx_word' id='word_1_477' title='bbox 3389 2309 3587 2354; x_wconf 60' lang='lat' dir='ltr'><strong>terra}:</strong></span> 
     </span>
    </p>
   </div>
   <div class='ocr_carea' id='block_1_68' title="bbox 2021 2388 3586 2460">
    <p class='ocr_par' dir='ltr' id='par_1_68' title="bbox 2021 2388 3586 2460">
     <span class='ocr_line' id='line_1_68' title="bbox 2021 2388 3586 2460; baseline 0.001 -18"><span class='ocrx_word' id='word_1_478' title='bbox 2021 2403 2126 2442; x_wconf 91' lang='lat' dir='ltr'><strong>non</strong></span> <span class='ocrx_word' id='word_1_479' title='bbox 2162 2388 2375 2458; x_wconf 89' lang='lat' dir='ltr'><strong>quidem</strong></span> <span class='ocrx_word' id='word_1_480' title='bbox 2400 2397 2562 2443; x_wconf 91' lang='lat' dir='ltr'><strong>totam</strong></span> <span class='ocrx_word' id='word_1_481' title='bbox 2589 2388 2728 2443; x_wconf 88' lang='lat' dir='ltr'><strong>hanc</strong></span> <span class='ocrx_word' id='word_1_482' title='bbox 2758 2405 2876 2459; x_wconf 74' lang='lat' dir='ltr'><strong>qua:</strong></span> <span class='ocrx_word' id='word_1_483' title='bbox 2906 2390 3042 2460; x_wconf 89' lang='lat' dir='ltr'><strong>apud</strong></span> <span class='ocrx_word' id='word_1_484' title='bbox 3069 2405 3166 2446; x_wconf 90' lang='lat' dir='ltr'><strong>nos</strong></span> <span class='ocrx_word' id='word_1_485' title='bbox 3183 2400 3299 2446; x_wconf 91' lang='lat' dir='ltr'><strong>est:</strong></span> <span class='ocrx_word' id='word_1_486' title='bbox 3327 2405 3425 2445; x_wconf 89' lang='lat' dir='ltr'><strong>nec</strong></span> <span class='ocrx_word' id='word_1_487' title='bbox 3443 2391 3586 2444; x_wconf 91' lang='lat' dir='ltr'><strong>enim</strong></span> 
     </span>
    </p>
   </div>
   <div class='ocr_carea' id='block_1_69' title="bbox 2023 2480 3590 2551">
    <p class='ocr_par' dir='ltr' id='par_1_69' title="bbox 2023 2480 3590 2551">
     <span class='ocr_line' id='line_1_69' title="bbox 2023 2480 3590 2551; baseline 0.001 -17"><span class='ocrx_word' id='word_1_488' title='bbox 2023 2480 2126 2535; x_wconf 88' lang='lat' dir='ltr'><strong>hoc</strong></span> <span class='ocrx_word' id='word_1_489' title='bbox 2157 2495 2187 2535; x_wconf 90' lang='lat' dir='ltr'><strong>a</strong></span> <span class='ocrx_word' id='word_1_490' title='bbox 2217 2480 2359 2551; x_wconf 87' lang='lat' dir='ltr'><strong>Cyro</strong></span> <span class='ocrx_word' id='word_1_491' title='bbox 2385 2489 2440 2536; x_wconf 84' lang='lat' dir='ltr'><strong>et</strong></span> <span class='ocrx_word' id='word_1_492' title='bbox 2489 2482 2746 2537; x_wconf 90' lang='lat' dir='ltr'><strong>comitatu</strong></span> <span class='ocrx_word' id='word_1_493' title='bbox 2798 2482 2912 2550; x_wconf 87' lang='lat' dir='ltr'><strong>ejus</strong></span> <span class='ocrx_word' id='word_1_494' title='bbox 2969 2482 3167 2537; x_wconf 89' lang='lat' dir='ltr'><strong>factum</strong></span> <span class='ocrx_word' id='word_1_495' title='bbox 3234 2483 3590 2538; x_wconf 81' lang='lat' dir='ltr'><strong>inveniemus.</strong></span> 
     </span>
    </p>
   </div>
   <div class='ocr_carea' id='block_1_70' title="bbox 2023 2571 3589 2642">
    <p class='ocr_par' dir='ltr' id='par_1_70' title="bbox 2023 2571 3589 2642">
     <span class='ocr_line' id='line_1_70' title="bbox 2023 2571 3589 2642; baseline 0.001 -14"><span class='ocrx_word' id='word_1_496' title='bbox 2023 2571 2222 2628; x_wconf 88' lang='lat' dir='ltr'><strong>Orbem</strong></span> <span class='ocrx_word' id='word_1_497' title='bbox 2263 2589 2392 2629; x_wconf 88' lang='lat' dir='ltr'><strong>vero</strong></span> <span class='ocrx_word' id='word_1_498' title='bbox 2433 2586 2593 2631; x_wconf 74' lang='lat' dir='ltr'><strong>terra:</strong></span> <span class='ocrx_word' id='word_1_499' title='bbox 2634 2585 2795 2630; x_wconf 88' lang='lat' dir='ltr'><strong>vocat</strong></span> <span class='ocrx_word' id='word_1_500' title='bbox 2836 2575 3205 2631; x_wconf 79' lang='lat' dir='ltr'><strong>Chaldaeorum</strong></span> <span class='ocrx_word' id='word_1_501' title='bbox 3239 2587 3462 2642; x_wconf 88' lang='lat' dir='ltr'><strong>terram,</strong></span> <span class='ocrx_word' id='word_1_502' title='bbox 3500 2584 3589 2630; x_wconf 83' lang='lat' dir='ltr'><strong>ut-</strong></span> 
     </span>
    </p>
   </div>
   <div class='ocr_carea' id='block_1_71' title="bbox 2023 2667 3592 2738">
    <p class='ocr_par' dir='ltr' id='par_1_71' title="bbox 2023 2667 3592 2738">
     <span class='ocr_line' id='line_1_71' title="bbox 2023 2667 3592 2738; baseline 0.001 -17"><span class='ocrx_word' id='word_1_503' title='bbox 2023 2673 2149 2734; x_wconf 90' lang='lat' dir='ltr'><strong>pote</strong></span> <span class='ocrx_word' id='word_1_504' title='bbox 2182 2667 2472 2721; x_wconf 80' lang='lat' dir='ltr'><strong>maximam</strong></span> <span class='ocrx_word' id='word_1_505' title='bbox 2513 2676 2568 2722; x_wconf 91' lang='lat' dir='ltr'><strong>et</strong></span> <span class='ocrx_word' id='word_1_506' title='bbox 2607 2683 2769 2738; x_wconf 91' lang='lat' dir='ltr'><strong>supra</strong></span> <span class='ocrx_word' id='word_1_507' title='bbox 2808 2668 3022 2723; x_wconf 91' lang='lat' dir='ltr'><strong>modum</strong></span> <span class='ocrx_word' id='word_1_508' title='bbox 3048 2669 3360 2738; x_wconf 89' lang='lat' dir='ltr'><strong>spatiosam,</strong></span> <span class='ocrx_word' id='word_1_509' title='bbox 3399 2676 3451 2723; x_wconf 90' lang='lat' dir='ltr'><strong>et</strong></span> <span class='ocrx_word' id='word_1_510' title='bbox 3471 2683 3592 2738; x_wconf 58' lang='lat' dir='ltr'><strong>qua:</strong></span> 
     </span>
    </p>
   </div>
   <div class='ocr_carea' id='block_1_72' title="bbox 2026 2760 3592 2833">
    <p class='ocr_par' dir='ltr' id='par_1_72' title="bbox 2026 2760 3592 2833">
     <span class='ocr_line' id='line_1_72' title="bbox 2026 2760 3592 2833; baseline 0.003 -21"><span class='ocrx_word' id='word_1_511' title='bbox 2026 2773 2148 2813; x_wconf 89' lang='lat' dir='ltr'><strong>cum</strong></span> <span class='ocrx_word' id='word_1_512' title='bbox 2178 2760 2312 2814; x_wconf 91' lang='lat' dir='ltr'><strong>orbe</strong></span> <span class='ocrx_word' id='word_1_513' title='bbox 2341 2770 2608 2815; x_wconf 84' lang='lat' dir='ltr'><strong>terrarum</strong></span> <span class='ocrx_word' id='word_1_514' title='bbox 2645 2762 3039 2830; x_wconf 89' lang='lat' dir='ltr'><strong>quodammodo</strong></span> <span class='ocrx_word' id='word_1_515' title='bbox 3076 2771 3330 2828; x_wconf 88' lang='lat' dir='ltr'><strong>certaret,</strong></span> <span class='ocrx_word' id='word_1_516' title='bbox 3373 2773 3592 2833; x_wconf 89' lang='lat' dir='ltr'><strong>propter</strong></span> 
     </span>
    </p>
   </div>
   <div class='ocr_carea' id='block_1_73' title="bbox 2024 2850 2822 2910">
    <p class='ocr_par' dir='ltr' id='par_1_73' title="bbox 2024 2850 2822 2910">
     <span class='ocr_line' id='line_1_73' title="bbox 2024 2850 2822 2910; baseline 0.008 -7"><span class='ocrx_word' id='word_1_517' title='bbox 2024 2850 2380 2906; x_wconf 83' lang='lat' dir='ltr'><strong>habitantium</strong></span> <span class='ocrx_word' id='word_1_518' title='bbox 2406 2853 2822 2910; x_wconf 87' lang='lat' dir='ltr'><strong>multitudinem.</strong></span> 
     </span>
    </p>
   </div>
   <div class='ocr_carea' id='block_1_74' title="bbox 2096 3031 3595 3103">
    <p class='ocr_par' dir='ltr' id='par_1_74' title="bbox 2096 3031 3595 3103">
     <span class='ocr_line' id='line_1_74' title="bbox 2096 3031 3595 3103; baseline 0.001 -15"><span class='ocrx_word' id='word_1_519' title='bbox 2096 3031 2262 3088; x_wconf 70' lang='lat' dir='ltr'><strong>Vnus.</strong></span> <span class='ocrx_word' id='word_1_520' title='bbox 2297 3032 2418 3090; x_wconf 86' lang='lat'><strong>6-8.</strong></span> <span class='ocrx_word' id='word_1_521' title='bbox 2453 3032 2624 3103; x_wconf 85' lang='lat' dir='ltr'><strong>Prope</strong></span> <span class='ocrx_word' id='word_1_522' title='bbox 2680 3037 2816 3090; x_wconf 87' lang='lat' dir='ltr'><strong>enim</strong></span> <span class='ocrx_word' id='word_1_523' title='bbox 2841 3046 2915 3091; x_wconf 84' lang='lat' dir='ltr'><strong>est</strong></span> <span class='ocrx_word' id='word_1_524' title='bbox 2938 3038 3047 3091; x_wconf 77' lang='lat' dir='ltr'><strong>dies</strong></span> <span class='ocrx_word' id='word_1_525' title='bbox 3100 3036 3327 3101; x_wconf 82' lang='lat' dir='ltr'><strong>Domini,</strong></span> <span class='ocrx_word' id='word_1_526' title='bbox 3372 3045 3421 3092; x_wconf 80' lang='lat' dir='ltr'><strong>et</strong></span> <span class='ocrx_word' id='word_1_527' title='bbox 3469 3053 3595 3091; x_wconf 77' lang='lat' dir='ltr'><strong>ron-</strong></span> 
     </span>
    </p>
   </div>
   <div class='ocr_carea' id='block_1_75' title="bbox 2028 3123 3589 3193">
    <p class='ocr_par' dir='ltr' id='par_1_75' title="bbox 2028 3123 3589 3193">
     <span class='ocr_line' id='line_1_75' title="bbox 2028 3123 3589 3193; baseline 0.004 -18"><span class='ocrx_word' id='word_1_528' title='bbox 2028 3123 2172 3178; x_wconf 86' lang='lat' dir='ltr'><strong>tritio</strong></span> <span class='ocrx_word' id='word_1_529' title='bbox 2207 3140 2238 3177; x_wconf 88' lang='lat' dir='ltr'><strong>a</strong></span> <span class='ocrx_word' id='word_1_530' title='bbox 2270 3123 2381 3179; x_wconf 88' lang='lat' dir='ltr'><strong>Deo</strong></span> <span class='ocrx_word' id='word_1_531' title='bbox 2402 3128 2588 3179; x_wconf 77' lang='lat' dir='ltr'><strong>veniet.</strong></span> <span class='ocrx_word' id='word_1_532' title='bbox 2618 3124 2902 3193; x_wconf 81' lang='lat' dir='ltr'><strong>PrOpterea</strong></span> <span class='ocrx_word' id='word_1_533' title='bbox 2953 3131 3122 3182; x_wconf 79' lang='lat' dir='ltr'><strong>omnis</strong></span> <span class='ocrx_word' id='word_1_534' title='bbox 3149 3144 3336 3182; x_wconf 79' lang='lat' dir='ltr'><strong>manus</strong></span> <span class='ocrx_word' id='word_1_535' title='bbox 3365 3129 3589 3182; x_wconf 80' lang='lat' dir='ltr'><strong>resolve-</strong></span> 
     </span>
    </p>
   </div>
   <div class='ocr_carea' id='block_1_76' title="bbox 2029 3218 3591 3289">
    <p class='ocr_par' dir='ltr' id='par_1_76' title="bbox 2029 3218 3591 3289">
     <span class='ocr_line' id='line_1_76' title="bbox 2029 3218 3591 3289; baseline 0.003 -20"><span class='ocrx_word' id='word_1_536' title='bbox 2029 3224 2139 3281; x_wconf 82' lang='lat' dir='ltr'><strong>tur,</strong></span> <span class='ocrx_word' id='word_1_537' title='bbox 2170 3226 2216 3269; x_wconf 88' lang='lat' dir='ltr'><strong>et</strong></span> <span class='ocrx_word' id='word_1_538' title='bbox 2245 3218 2416 3271; x_wconf 85' lang='lat' dir='ltr'><strong>omnis</strong></span> <span class='ocrx_word' id='word_1_539' title='bbox 2442 3220 2619 3271; x_wconf 90' lang='lat' dir='ltr'><strong>anima</strong></span> <span class='ocrx_word' id='word_1_540' title='bbox 2638 3220 2861 3273; x_wconf 77' lang='lat' dir='ltr'><strong>hominis</strong></span> <span class='ocrx_word' id='word_1_541' title='bbox 2894 3221 3113 3285; x_wconf 78' lang='lat' dir='ltr'><strong>timebit,</strong></span> <span class='ocrx_word' id='word_1_542' title='bbox 3142 3231 3190 3274; x_wconf 82' lang='lat' dir='ltr'><strong>et</strong></span> <span class='ocrx_word' id='word_1_543' title='bbox 3206 3220 3591 3289; x_wconf 76' lang='lat' dir='ltr'><strong>perturbaban-</strong></span> 
     </span>
    </p>
   </div>
   <div class='ocr_carea' id='block_1_77' title="bbox 2029 3307 3592 3384">
    <p class='ocr_par' dir='ltr' id='par_1_77' title="bbox 2029 3307 3592 3384">
     <span class='ocr_line' id='line_1_77' title="bbox 2029 3307 3592 3384; baseline 0.004 -24"><span class='ocrx_word' id='word_1_544' title='bbox 2029 3315 2118 3362; x_wconf 82' lang='lat' dir='ltr'><strong>tur</strong></span> <span class='ocrx_word' id='word_1_545' title='bbox 2154 3307 2329 3378; x_wconf 82' lang='lat' dir='ltr'><strong>legati,</strong></span> <span class='ocrx_word' id='word_1_546' title='bbox 2354 3320 2404 3362; x_wconf 83' lang='lat' dir='ltr'><strong>et</strong></span> <span class='ocrx_word' id='word_1_547' title='bbox 2438 3310 2644 3364; x_wconf 79' lang='lat' dir='ltr'><strong>dolores</strong></span> <span class='ocrx_word' id='word_1_548' title='bbox 2709 3311 2838 3366; x_wconf 79' lang='lat' dir='ltr'><strong>tales</strong></span> <span class='ocrx_word' id='word_1_549' title='bbox 2901 3313 3179 3380; x_wconf 81' lang='lat' dir='ltr'><strong>habebunt,</strong></span> <span class='ocrx_word' id='word_1_550' title='bbox 3234 3313 3412 3384; x_wconf 80' lang='lat' dir='ltr'><strong>quales</strong></span> <span class='ocrx_word' id='word_1_551' title='bbox 3471 3323 3592 3369; x_wconf 72' lang='lat' dir='ltr'><strong>sunt</strong></span> 
     </span>
    </p>
   </div>
   <div class='ocr_carea' id='block_1_78' title="bbox 2030 3400 3595 3470">
    <p class='ocr_par' dir='ltr' id='par_1_78' title="bbox 2030 3400 3595 3470">
     <span class='ocr_line' id='line_1_78' title="bbox 2030 3400 3595 3470; baseline 0.003 -17"><span class='ocrx_word' id='word_1_552' title='bbox 2030 3400 2276 3454; x_wconf 73' lang='lat' dir='ltr'><strong>mulieris</strong></span> <span class='ocrx_word' id='word_1_553' title='bbox 2303 3402 2597 3465; x_wconf 81' lang='lat' dir='ltr'><strong>parientis:</strong></span> <span class='ocrx_word' id='word_1_554' title='bbox 2629 3403 2988 3457; x_wconf 74' lang='lat' dir='ltr'><strong>condolescent</strong></span> <span class='ocrx_word' id='word_1_555' title='bbox 3015 3404 3150 3458; x_wconf 81' lang='lat' dir='ltr'><strong>alter</strong></span> <span class='ocrx_word' id='word_1_556' title='bbox 3177 3408 3244 3456; x_wconf 87' lang='lat' dir='ltr'><strong>ad</strong></span> <span class='ocrx_word' id='word_1_557' title='bbox 3271 3405 3515 3470; x_wconf 79' lang='lat' dir='ltr'><strong>alterum,</strong></span> <span class='ocrx_word' id='word_1_558' title='bbox 3546 3414 3595 3457; x_wconf 77' lang='lat' dir='ltr'><strong>et</strong></span> 
     </span>
    </p>
   </div>
   <div class='ocr_carea' id='block_1_79' title="bbox 2028 3489 3600 3563">
    <p class='ocr_par' dir='ltr' id='par_1_79' title="bbox 2028 3489 3600 3563">
     <span class='ocr_line' id='line_1_79' title="bbox 2028 3489 3600 3563; baseline 0.003 -21"><span class='ocrx_word' id='word_1_559' title='bbox 2028 3489 2324 3558; x_wconf 75' lang='lat' dir='ltr'><strong>stupebant,</strong></span> <span class='ocrx_word' id='word_1_560' title='bbox 2370 3501 2418 3546; x_wconf 84' lang='lat' dir='ltr'><strong>et</strong></span> <span class='ocrx_word' id='word_1_561' title='bbox 2457 3491 2648 3560; x_wconf 78' lang='lat' dir='ltr'><strong>faciem</strong></span> <span class='ocrx_word' id='word_1_562' title='bbox 2701 3508 2853 3546; x_wconf 84' lang='lat' dir='ltr'><strong>suam</strong></span> <span class='ocrx_word' id='word_1_563' title='bbox 2901 3504 3152 3563; x_wconf 72' lang='lat' dir='ltr'><strong>tanquam</strong></span> <span class='ocrx_word' id='word_1_564' title='bbox 3197 3494 3413 3563; x_wconf 73' lang='lat' dir='ltr'><strong>ﬂamma</strong></span> <span class='ocrx_word' id='word_1_565' title='bbox 3477 3509 3600 3546; x_wconf 80' lang='lat' dir='ltr'><strong>mu-</strong></span> 
     </span>
    </p>
   </div>
   <div class='ocr_carea' id='block_1_80' title="bbox 2029 3579 2239 3636">
    <p class='ocr_par' dir='ltr' id='par_1_80' title="bbox 2029 3579 2239 3636">
     <span class='ocr_line' id='line_1_80' title="bbox 2029 3579 2239 3636; baseline 0.01 -3"><span class='ocrx_word' id='word_1_566' title='bbox 2029 3579 2239 3636; x_wconf 77' lang='lat' dir='ltr'><strong>tabum.</strong></span> 
     </span>
    </p>
   </div>
   <div class='ocr_carea' id='block_1_81' title="bbox 2099 3758 3596 3832">
    <p class='ocr_par' dir='ltr' id='par_1_81' title="bbox 2099 3758 3596 3832">
     <span class='ocr_line' id='line_1_81' title="bbox 2099 3758 3596 3832; baseline 0.001 -18"><span class='ocrx_word' id='word_1_567' title='bbox 2099 3758 2375 3829; x_wconf 87' lang='lat' dir='ltr'><strong>Tanquam</strong></span> <span class='ocrx_word' id='word_1_568' title='bbox 2394 3774 2489 3829; x_wconf 89' lang='lat' dir='ltr'><strong>spe</strong></span> <span class='ocrx_word' id='word_1_569' title='bbox 2509 3761 2653 3814; x_wconf 89' lang='lat' dir='ltr'><strong>omni</strong></span> <span class='ocrx_word' id='word_1_570' title='bbox 2706 3760 2940 3826; x_wconf 90' lang='lat' dir='ltr'><strong>sublata,</strong></span> <span class='ocrx_word' id='word_1_571' title='bbox 2969 3769 3023 3816; x_wconf 92' lang='lat' dir='ltr'><strong>et</strong></span> <span class='ocrx_word' id='word_1_572' title='bbox 3053 3759 3192 3814; x_wconf 82' lang='lat' dir='ltr'><strong>nulla</strong></span> <span class='ocrx_word' id='word_1_573' title='bbox 3225 3775 3282 3815; x_wconf 90' lang='lat' dir='ltr'><strong>re</strong></span> <span class='ocrx_word' id='word_1_574' title='bbox 3306 3761 3469 3832; x_wconf 69' lang='lat'><strong>220</strong></span> <span class='ocrx_word' id='word_1_575' title='bbox 3494 3762 3596 3816; x_wconf 84' lang='lat' dir='ltr'><strong>alia</strong></span> 
     </span>
    </p>
   </div>
   <div class='ocr_carea' id='block_1_82' title="bbox 2026 3850 3600 3922">
    <p class='ocr_par' dir='ltr' id='par_1_82' title="bbox 2026 3850 3600 3922">
     <span class='ocr_line' id='line_1_82' title="bbox 2026 3850 3600 3922; baseline 0.002 -18"><span class='ocrx_word' id='word_1_576' title='bbox 2026 3850 2358 3922; x_wconf 85' lang='lat' dir='ltr'><strong>Babyloniis,</strong></span> <span class='ocrx_word' id='word_1_577' title='bbox 2395 3852 2499 3908; x_wconf 90' lang='lat' dir='ltr'><strong>nisi</strong></span> <span class='ocrx_word' id='word_1_578' title='bbox 2529 3853 2702 3907; x_wconf 91' lang='lat' dir='ltr'><strong>solum</strong></span> <span class='ocrx_word' id='word_1_579' title='bbox 2747 3861 2804 3907; x_wconf 90' lang='lat' dir='ltr'><strong>ut</strong></span> <span class='ocrx_word' id='word_1_580' title='bbox 2841 3853 3060 3922; x_wconf 78' lang='lat' dir='ltr'><strong>lugeant</strong></span> <span class='ocrx_word' id='word_1_581' title='bbox 3093 3853 3277 3908; x_wconf 88' lang='lat' dir='ltr'><strong>relicta</strong></span> <span class='ocrx_word' id='word_1_582' title='bbox 3312 3875 3323 3910; x_wconf 92' lang='lat'><strong>:</strong></span> <span class='ocrx_word' id='word_1_583' title='bbox 3363 3853 3600 3922; x_wconf 77' lang='lat' dir='ltr'><strong>Plorate,</strong></span> 
     </span>
    </p>
   </div>
   <div class='ocr_carea' id='block_1_83' title="bbox 2026 3943 3596 4016">
    <p class='ocr_par' dir='ltr' id='par_1_83' title="bbox 2026 3943 3596 4016">
     <span class='ocr_line' id='line_1_83' title="bbox 2026 3943 3596 4016; baseline 0 -17"><span class='ocrx_word' id='word_1_584' title='bbox 2026 3944 2222 4014; x_wconf 89' lang='lat' dir='ltr'><strong>inquit.</strong></span> <span class='ocrx_word' id='word_1_585' title='bbox 2261 3943 2430 4000; x_wconf 83' lang='lat' dir='ltr'><strong>Jussit</strong></span> <span class='ocrx_word' id='word_1_586' title='bbox 2468 3954 2646 4000; x_wconf 91' lang='lat' dir='ltr'><strong>autem</strong></span> <span class='ocrx_word' id='word_1_587' title='bbox 2680 3955 2736 4000; x_wconf 89' lang='lat' dir='ltr'><strong>et</strong></span> <span class='ocrx_word' id='word_1_588' title='bbox 2763 3947 2917 4016; x_wconf 91' lang='lat' dir='ltr'><strong>quasi</strong></span> <span class='ocrx_word' id='word_1_589' title='bbox 2973 3945 3266 4016; x_wconf 88' lang='lat' dir='ltr'><strong>desperare</strong></span> <span class='ocrx_word' id='word_1_590' title='bbox 3335 3947 3596 4010; x_wconf 86' lang='lat' dir='ltr'><strong>salutem,</strong></span> 
     </span>
    </p>
   </div>
   <div class='ocr_carea' id='block_1_84' title="bbox 2029 4037 3596 4109">
    <p class='ocr_par' dir='ltr' id='par_1_84' title="bbox 2029 4037 3596 4109">
     <span class='ocr_line' id='line_1_84' title="bbox 2029 4037 3596 4109; baseline 0.001 -18"><span class='ocrx_word' id='word_1_591' title='bbox 2029 4045 2085 4091; x_wconf 87' lang='lat' dir='ltr'><strong>et</strong></span> <span class='ocrx_word' id='word_1_592' title='bbox 2109 4051 2215 4091; x_wconf 92' lang='lat' dir='ltr'><strong>non</strong></span> <span class='ocrx_word' id='word_1_593' title='bbox 2254 4051 2341 4093; x_wconf 86' lang='lat' dir='ltr'><strong>res</strong></span> <span class='ocrx_word' id='word_1_594' title='bbox 2371 4037 2593 4092; x_wconf 88' lang='lat' dir='ltr'><strong>inutiles</strong></span> <span class='ocrx_word' id='word_1_595' title='bbox 2631 4038 2864 4109; x_wconf 77' lang='lat' dir='ltr'><strong>ingredi,</strong></span> <span class='ocrx_word' id='word_1_596' title='bbox 2909 4053 2974 4094; x_wconf 85' lang='lat' dir='ltr'><strong>ac</strong></span> <span class='ocrx_word' id='word_1_597' title='bbox 3019 4039 3221 4093; x_wconf 78' lang='lat' dir='ltr'><strong>frustra</strong></span> <span class='ocrx_word' id='word_1_598' title='bbox 3274 4054 3596 4109; x_wconf 88' lang='lat' dir='ltr'><strong>repugnare,</strong></span> 
     </span>
    </p>
   </div>
   <div class='ocr_carea' id='block_1_85' title="bbox 2029 4130 3596 4200">
    <p class='ocr_par' dir='ltr' id='par_1_85' title="bbox 2029 4130 3596 4200">
     <span class='ocr_line' id='line_1_85' title="bbox 2029 4130 3596 4200; baseline 0.001 -16"><span class='ocrx_word' id='word_1_599' title='bbox 2029 4143 2152 4184; x_wconf 92' lang='lat' dir='ltr'><strong>cum</strong></span> <span class='ocrx_word' id='word_1_600' title='bbox 2184 4130 2361 4185; x_wconf 88' lang='lat' dir='ltr'><strong>divina</strong></span> <span class='ocrx_word' id='word_1_601' title='bbox 2395 4131 2474 4185; x_wconf 89' lang='lat' dir='ltr'><strong>ira</strong></span> <span class='ocrx_word' id='word_1_602' title='bbox 2504 4131 2576 4184; x_wconf 90' lang='lat' dir='ltr'><strong>sit</strong></span> <span class='ocrx_word' id='word_1_603' title='bbox 2613 4131 2666 4184; x_wconf 92' lang='lat' dir='ltr'><strong>in</strong></span> <span class='ocrx_word' id='word_1_604' title='bbox 2691 4145 2784 4186; x_wconf 88' lang='lat' dir='ltr'><strong>eos</strong></span> <span class='ocrx_word' id='word_1_605' title='bbox 2822 4130 2968 4186; x_wconf 88' lang='lat' dir='ltr'><strong>velut</strong></span> <span class='ocrx_word' id='word_1_606' title='bbox 2998 4142 3224 4196; x_wconf 87' lang='lat' dir='ltr'><strong>armata,</strong></span> <span class='ocrx_word' id='word_1_607' title='bbox 3253 4143 3309 4186; x_wconf 91' lang='lat' dir='ltr'><strong>et</strong></span> <span class='ocrx_word' id='word_1_608' title='bbox 3357 4147 3596 4200; x_wconf 88' lang='lat' dir='ltr'><strong>superno</strong></span> 
     </span>
    </p>
   </div>
   <div class='ocr_carea' id='block_1_86' title="bbox 2030 4221 3602 4291">
    <p class='ocr_par' dir='ltr' id='par_1_86' title="bbox 2030 4221 3602 4291">
     <span class='ocr_line' id='line_1_86' title="bbox 2030 4221 3602 4291; baseline 0.001 -16"><span class='ocrx_word' id='word_1_609' title='bbox 2030 4221 2246 4276; x_wconf 90' lang='lat' dir='ltr'><strong>decreto</strong></span> <span class='ocrx_word' id='word_1_610' title='bbox 2273 4221 2486 4277; x_wconf 89' lang='lat' dir='ltr'><strong>inducta</strong></span> <span class='ocrx_word' id='word_1_611' title='bbox 2529 4223 2601 4276; x_wconf 92' lang='lat' dir='ltr'><strong>sit</strong></span> <span class='ocrx_word' id='word_1_612' title='bbox 2631 4222 2902 4277; x_wconf 82' lang='lat' dir='ltr'><strong>vastatio:</strong></span> <span class='ocrx_word' id='word_1_613' title='bbox 2933 4222 2984 4276; x_wconf 90' lang='lat' dir='ltr'><strong>id</strong></span> <span class='ocrx_word' id='word_1_614' title='bbox 3018 4223 3157 4291; x_wconf 90' lang='lat' dir='ltr'><strong>quod</strong></span> <span class='ocrx_word' id='word_1_615' title='bbox 3182 4225 3402 4277; x_wconf 92' lang='lat' dir='ltr'><strong>omnino</strong></span> <span class='ocrx_word' id='word_1_616' title='bbox 3429 4225 3602 4277; x_wconf 87' lang='lat' dir='ltr'><strong>inelu-</strong></span> 
     </span>
    </p>
   </div>
   <div class='ocr_carea' id='block_1_87' title="bbox 2030 4311 3599 4382">
    <p class='ocr_par' dir='ltr' id='par_1_87' title="bbox 2030 4311 3599 4382">
     <span class='ocr_line' id='line_1_87' title="bbox 2030 4311 3599 4382; baseline 0 -16"><span class='ocrx_word' id='word_1_617' title='bbox 2030 4314 2223 4366; x_wconf 91' lang='lat' dir='ltr'><strong>ctabile</strong></span> <span class='ocrx_word' id='word_1_618' title='bbox 2240 4320 2354 4366; x_wconf 89' lang='lat' dir='ltr'><strong>est:</strong></span> <span class='ocrx_word' id='word_1_619' title='bbox 2378 4330 2401 4363; x_wconf 84' lang='grc' dir='ltr'><strong>ι</strong></span> <span class='ocrx_word' id='word_1_620' title='bbox 2417 4311 2629 4366; x_wconf 84' lang='lat' dir='ltr'><strong>Manum</strong></span> <span class='ocrx_word' id='word_1_621' title='bbox 2653 4312 2794 4366; x_wconf 91' lang='lat' dir='ltr'><strong>enim</strong></span> <span class='ocrx_word' id='word_1_622' title='bbox 2817 4313 3085 4368; x_wconf 79' lang='lat' dir='ltr'><strong>excelsam</strong></span> <span class='ocrx_word' id='word_1_623' title='bbox 3113 4313 3233 4382; x_wconf 90' lang='lat' dir='ltr'><strong>quis</strong></span> <span class='ocrx_word' id='word_1_624' title='bbox 3257 4315 3520 4369; x_wconf 82' lang='lat' dir='ltr'><strong>avertet”</strong></span> <span class='ocrx_word' id='word_1_625' title='bbox 3542 4316 3599 4368; x_wconf 62' lang='lat'><strong>?»</strong></span> 
     </span>
    </p>
   </div>
   <div class='ocr_carea' id='block_1_88' title="bbox 2030 4404 3602 4473">
    <p class='ocr_par' dir='ltr' id='par_1_88' title="bbox 2030 4404 3602 4473">
     <span class='ocr_line' id='line_1_88' title="bbox 2030 4404 3602 4473; baseline 0.001 -15"><span class='ocrx_word' id='word_1_626' title='bbox 2030 4405 2482 4473; x_wconf 85' lang='lat' dir='ltr'><strong>quemadmodum</strong></span> <span class='ocrx_word' id='word_1_627' title='bbox 2510 4404 2767 4472; x_wconf 89' lang='lat' dir='ltr'><strong>scriptum</strong></span> <span class='ocrx_word' id='word_1_628' title='bbox 2794 4414 2894 4459; x_wconf 91' lang='lat' dir='ltr'><strong>est.</strong></span> <span class='ocrx_word' id='word_1_629' title='bbox 2932 4404 2995 4458; x_wconf 91' lang='lat' dir='ltr'><strong>Et</strong></span> <span class='ocrx_word' id='word_1_630' title='bbox 3023 4419 3246 4459; x_wconf 88' lang='lat' dir='ltr'><strong>rursus:</strong></span> <span class='ocrx_word' id='word_1_631' title='bbox 3287 4424 3306 4457; x_wconf 80' lang='grc' dir='ltr'><strong>ι</strong></span> <span class='ocrx_word' id='word_1_632' title='bbox 3343 4407 3398 4459; x_wconf 84' lang='lat' dir='ltr'><strong>Si</strong></span> <span class='ocrx_word' id='word_1_633' title='bbox 3450 4407 3602 4461; x_wconf 87' lang='lat' dir='ltr'><strong>clau—</strong></span> 
     </span>
    </p>
   </div>
   <div class='ocr_carea' id='block_1_89' title="bbox 2033 4496 3605 4564">
    <p class='ocr_par' dir='ltr' id='par_1_89' title="bbox 2033 4496 3605 4564">
     <span class='ocr_line' id='line_1_89' title="bbox 2033 4496 3605 4564; baseline 0 -14"><span class='ocrx_word' id='word_1_634' title='bbox 2033 4497 2444 4551; x_wconf 88' lang='lat' dir='ltr'><strong>seritadversus</strong></span> <span class='ocrx_word' id='word_1_635' title='bbox 2486 4496 2800 4560; x_wconf 90' lang='lat' dir='ltr'><strong>hominem,</strong></span> <span class='ocrx_word' id='word_1_636' title='bbox 2874 4496 2996 4564; x_wconf 84' lang='lat' dir='ltr'><strong>quis</strong></span> <span class='ocrx_word' id='word_1_637' title='bbox 3054 4497 3261 4564; x_wconf 89' lang='lat' dir='ltr'><strong>aperiet</strong></span> <span class='ocrx_word' id='word_1_638' title='bbox 3285 4497 3412 4550; x_wconf 69' lang='lat' dir='ltr'><strong>&quot;?i</strong></span> <span class='ocrx_word' id='word_1_639' title='bbox 3473 4496 3605 4563; x_wconf 65' lang='lat' dir='ltr'><strong>Quae</strong></span> 
     </span>
    </p>
   </div>
   <div class='ocr_carea' id='block_1_90' title="bbox 359 4581 1922 4660">
    <p class='ocr_par' dir='ltr' id='par_1_90' title="bbox 359 4581 1922 4656">
     <span class='ocr_line' id='line_1_90' title="bbox 359 4581 1922 4656; baseline -0.002 -19"><span class='ocrx_word' id='word_1_640' title='bbox 359 4585 765 4656; x_wconf 82' lang='grc' dir='ltr'>γεγραμμένον.</span> <span class='ocrx_word' id='word_1_641' title='bbox 802 4585 913 4635; x_wconf 77' lang='grc' dir='ltr'>Καὶ</span> <span class='ocrx_word' id='word_1_642' title='bbox 946 4583 1139 4634; x_wconf 56' lang='grc' dir='ltr'>πάλιν</span> <span class='ocrx_word' id='word_1_643' title='bbox 1199 4599 1218 4632; x_wconf 88' lang='grc'><em>‹</em></span> <span class='ocrx_word' id='word_1_644' title='bbox 1260 4581 1383 4634; x_wconf 89' lang='grc' dir='ltr'>Ἐἀν</span> <span class='ocrx_word' id='word_1_645' title='bbox 1426 4581 1616 4653; x_wconf 78' lang='grc' dir='ltr'>κλείσῃ</span> <span class='ocrx_word' id='word_1_646' title='bbox 1653 4581 1794 4634; x_wconf 87' lang='grc' dir='ltr'><strong>κατά</strong></span> <span class='ocrx_word' id='word_1_647' title='bbox 1837 4583 1922 4634; x_wconf 92' lang='grc' dir='ltr'>ἀν-</span> 
     </span>
    </p>
   </div>
   <div class='ocr_carea' id='block_1_91' title="bbox 2025 4581 3606 4660">
    <p class='ocr_par' dir='ltr' id='par_1_91' title="bbox 2037 4584 3606 4654">
     <span class='ocr_line' id='line_1_91' title="bbox 2037 4584 3606 4654; baseline 0 -14"><span class='ocrx_word' id='word_1_648' title='bbox 2037 4589 2178 4640; x_wconf 89' lang='lat' dir='ltr'><strong>enim</strong></span> <span class='ocrx_word' id='word_1_649' title='bbox 2211 4585 2490 4650; x_wconf 84' lang='lat' dir='ltr'><strong>fortitudo,</strong></span> <span class='ocrx_word' id='word_1_650' title='bbox 2529 4595 2622 4639; x_wconf 91' lang='lat' dir='ltr'><strong>aut</strong></span> <span class='ocrx_word' id='word_1_651' title='bbox 2649 4584 2800 4653; x_wconf 88' lang='lat' dir='ltr'><strong>cujus</strong></span> <span class='ocrx_word' id='word_1_652' title='bbox 2830 4586 2986 4654; x_wconf 87' lang='lat' dir='ltr'><strong>plane</strong></span> <span class='ocrx_word' id='word_1_653' title='bbox 3019 4586 3241 4641; x_wconf 87' lang='lat' dir='ltr'><strong>bellabit</strong></span> <span class='ocrx_word' id='word_1_654' title='bbox 3300 4602 3422 4641; x_wconf 91' lang='lat' dir='ltr'><strong>cum</strong></span> <span class='ocrx_word' id='word_1_655' title='bbox 3455 4586 3606 4642; x_wconf 75' lang='lat' dir='ltr'><strong>Deo?</strong></span> 
     </span>
    </p>
   </div>
   <div class='ocr_carea' id='block_1_92' title="bbox 362 4673 1936 4749">
    <p class='ocr_par' dir='ltr' id='par_1_92' title="bbox 362 4673 1936 4749">
     <span class='ocr_line' id='line_1_92' title="bbox 362 4673 1936 4749; baseline -0.004 -18"><span class='ocrx_word' id='word_1_656' title='bbox 362 4678 603 4749; x_wconf 86' lang='grc' dir='ltr'>θρώπου,</span> <span class='ocrx_word' id='word_1_657' title='bbox 634 4679 716 4736; x_wconf 81' lang='grc' dir='ltr'><strong>τίς</strong></span> <span class='ocrx_word' id='word_1_658' title='bbox 752 4676 953 4740; x_wconf 78' lang='grc' dir='ltr'>ἀνοίξει</span> <span class='ocrx_word' id='word_1_659' title='bbox 988 4693 1002 4742; x_wconf 91' lang='grc'>;</span> <span class='ocrx_word' id='word_1_660' title='bbox 1041 4693 1060 4726; x_wconf 78' lang='grc' dir='ltr'><strong>ι</strong></span> <span class='ocrx_word' id='word_1_661' title='bbox 1095 4673 1229 4727; x_wconf 88' lang='grc' dir='ltr'>Ποία</span> <span class='ocrx_word' id='word_1_662' title='bbox 1257 4673 1366 4744; x_wconf 86' lang='grc' dir='ltr'><strong>γὰρ</strong></span> <span class='ocrx_word' id='word_1_663' title='bbox 1397 4675 1569 4744; x_wconf 78' lang='grc' dir='ltr'>ἰσχὺς,</span> <span class='ocrx_word' id='word_1_664' title='bbox 1609 4673 1642 4743; x_wconf 78' lang='grc' dir='ltr'>ἢ</span> <span class='ocrx_word' id='word_1_665' title='bbox 1675 4673 1768 4727; x_wconf 80' lang='grc' dir='ltr'><strong>καὶ</strong></span> <span class='ocrx_word' id='word_1_666' title='bbox 1793 4675 1936 4736; x_wconf 78' lang='grc' dir='ltr'>τίνος</span> 
     </span>
    </p>
   </div>
   <div class='ocr_carea' id='block_1_93' title="bbox 362 4765 1937 4840">
    <p class='ocr_par' dir='ltr' id='par_1_93' title="bbox 362 4765 1937 4840">
     <span class='ocr_line' id='line_1_93' title="bbox 362 4765 1937 4840; baseline -0.003 -15"><span class='ocrx_word' id='word_1_667' title='bbox 362 4771 499 4833; x_wconf 78' lang='grc' dir='ltr'>ὅλως</span> <span class='ocrx_word' id='word_1_668' title='bbox 545 4770 845 4840; x_wconf 88' lang='grc' dir='ltr'>πολεμήσει</span> <span class='ocrx_word' id='word_1_669' title='bbox 889 4767 1040 4838; x_wconf 83' lang='grc' dir='ltr'>Θεῷ;</span> <span class='ocrx_word' id='word_1_670' title='bbox 1082 4766 1169 4818; x_wconf 83' lang='grc' dir='ltr'>διὰ</span> <span class='ocrx_word' id='word_1_671' title='bbox 1219 4765 1378 4819; x_wconf 78' lang='grc' dir='ltr'>τοῦτό</span> <span class='ocrx_word' id='word_1_672' title='bbox 1426 4783 1611 4837; x_wconf 85' lang='grc' dir='ltr'>φησιν,</span> <span class='ocrx_word' id='word_1_673' title='bbox 1657 4766 1737 4819; x_wconf 85' lang='grc' dir='ltr'>ὅτι</span> <span class='ocrx_word' id='word_1_674' title='bbox 1786 4768 1937 4821; x_wconf 83' lang='grc' dir='ltr'>πᾶσα</span> 
     </span>
    </p>
   </div>
   <div class='ocr_carea' id='block_1_94' title="bbox 361 4858 1938 4934">
    <p class='ocr_par' dir='ltr' id='par_1_94' title="bbox 361 4858 1938 4934">
     <span class='ocr_line' id='line_1_94' title="bbox 361 4858 1938 4934; baseline -0.001 -19"><span class='ocrx_word' id='word_1_675' title='bbox 361 4865 483 4934; x_wconf 75' lang='grc' dir='ltr'>χεὶρ</span> <span class='ocrx_word' id='word_1_676' title='bbox 522 4862 901 4932; x_wconf 85' lang='grc' dir='ltr'>ἐκλυθήσεται,</span> <span class='ocrx_word' id='word_1_677' title='bbox 928 4861 1020 4915; x_wconf 69' lang='grc' dir='ltr'><strong>καὶ</strong></span> <span class='ocrx_word' id='word_1_678' title='bbox 1052 4861 1202 4913; x_wconf 83' lang='grc' dir='ltr'>πᾶσα</span> <span class='ocrx_word' id='word_1_679' title='bbox 1231 4859 1379 4930; x_wconf 81' lang='grc' dir='ltr'>ψυχὴ</span> <span class='ocrx_word' id='word_1_680' title='bbox 1415 4859 1705 4929; x_wconf 86' lang='grc' dir='ltr'>ἀνθρώπου</span> <span class='ocrx_word' id='word_1_681' title='bbox 1740 4858 1938 4913; x_wconf 84' lang='grc' dir='ltr'>δειλιά-</span> 
     </span>
    </p>
   </div>
   <div class='ocr_carea' id='block_1_95' title="bbox 366 4949 1937 5023">
    <p class='ocr_par' dir='ltr' id='par_1_95' title="bbox 366 4949 1937 5023">
     <span class='ocr_line' id='line_1_95' title="bbox 366 4949 1937 5023; baseline -0.003 -16"><span class='ocrx_word' id='word_1_682' title='bbox 366 4973 481 5007; x_wconf 89' lang='grc' dir='ltr'>σει·</span> <span class='ocrx_word' id='word_1_683' title='bbox 527 4953 909 5016; x_wconf 88' lang='grc' dir='ltr'>κατασείοντος</span> <span class='ocrx_word' id='word_1_684' title='bbox 949 4951 1058 5022; x_wconf 88' lang='grc' dir='ltr'>γὰρ</span> <span class='ocrx_word' id='word_1_685' title='bbox 1104 4951 1185 5014; x_wconf 78' lang='grc' dir='ltr'><strong>εἰς</strong></span> <span class='ocrx_word' id='word_1_686' title='bbox 1228 4951 1430 5013; x_wconf 87' lang='grc' dir='ltr'>δειλίας</span> <span class='ocrx_word' id='word_1_687' title='bbox 1461 4951 1561 5014; x_wconf 86' lang='grc' dir='ltr'>τὰς</span> <span class='ocrx_word' id='word_1_688' title='bbox 1586 4950 1693 5003; x_wconf 83' lang='grc' dir='ltr'>τῶν</span> <span class='ocrx_word' id='word_1_689' title='bbox 1722 4949 1937 5023; x_wconf 83' lang='grc' dir='ltr'>ἀνθρὼ-</span> 
     </span>
    </p>
   </div>
   <div class='ocr_carea' id='block_1_96' title="bbox 365 5041 1935 5115">
    <p class='ocr_par' dir='ltr' id='par_1_96' title="bbox 365 5041 1935 5115">
     <span class='ocr_line' id='line_1_96' title="bbox 365 5041 1935 5115; baseline -0.001 -17"><span class='ocrx_word' id='word_1_690' title='bbox 365 5063 483 5098; x_wconf 87' lang='grc' dir='ltr'><strong>πων</strong></span> <span class='ocrx_word' id='word_1_691' title='bbox 506 5045 683 5115; x_wconf 84' lang='grc' dir='ltr'>ψυχάς</span> <span class='ocrx_word' id='word_1_692' title='bbox 717 5043 810 5097; x_wconf 81' lang='grc' dir='ltr'>τοῦ</span> <span class='ocrx_word' id='word_1_693' title='bbox 845 5045 1022 5098; x_wconf 84' lang='grc' dir='ltr'>πάντα</span> <span class='ocrx_word' id='word_1_694' title='bbox 1054 5042 1326 5112; x_wconf 72' lang='grc' dir='ltr'>ἰσχύοντος</span> <span class='ocrx_word' id='word_1_695' title='bbox 1353 5041 1509 5107; x_wconf 82' lang='grc' dir='ltr'>Θεοῦ,</span> <span class='ocrx_word' id='word_1_696' title='bbox 1541 5043 1624 5106; x_wconf 90' lang='grc' dir='ltr'><strong>τίς</strong></span> <span class='ocrx_word' id='word_1_697' title='bbox 1652 5043 1834 5113; x_wconf 89' lang='grc' dir='ltr'>ἐνήσει</span> <span class='ocrx_word' id='word_1_698' title='bbox 1874 5043 1935 5097; x_wconf 83' lang='grc' dir='ltr'>τὸ</span> 
     </span>
    </p>
   </div>
   <div class='ocr_carea' id='block_1_97' title="bbox 368 5134 1941 5208">
    <p class='ocr_par' dir='ltr' id='par_1_97' title="bbox 368 5134 1941 5208">
     <span class='ocr_line' id='line_1_97' title="bbox 368 5134 1941 5208; baseline -0.002 -19"><span class='ocrx_word' id='word_1_699' title='bbox 368 5136 599 5208; x_wconf 80' lang='grc' dir='ltr'>θάρσος,</span> <span class='ocrx_word' id='word_1_700' title='bbox 650 5137 818 5206; x_wconf 80' lang='grc' dir='ltr'>ήγουν</span> <span class='ocrx_word' id='word_1_701' title='bbox 892 5134 1125 5205; x_wconf 69' lang='grc' dir='ltr'>εὔψυχον</span> <span class='ocrx_word' id='word_1_702' title='bbox 1199 5135 1509 5202; x_wconf 73' lang='grc' dir='ltr'>ἀποφανεῖ,</span> <span class='ocrx_word' id='word_1_703' title='bbox 1577 5135 1670 5186; x_wconf 75' lang='grc' dir='ltr'><strong>καὶ</strong></span> <span class='ocrx_word' id='word_1_704' title='bbox 1741 5134 1941 5198; x_wconf 75' lang='grc' dir='ltr'>ἱκανῶς</span> 
     </span>
    </p>
   </div>
   <div class='ocr_carea' id='block_1_98' title="bbox 367 5225 1941 5300">
    <p class='ocr_par' dir='ltr' id='par_1_98' title="bbox 367 5225 1941 5300">
     <span class='ocr_line' id='line_1_98' title="bbox 367 5225 1941 5300; baseline -0.001 -19"><span class='ocrx_word' id='word_1_705' title='bbox 367 5229 557 5299; x_wconf 69' lang='grc' dir='ltr'>ἔχοντα</span> <span class='ocrx_word' id='word_1_706' title='bbox 613 5228 750 5300; x_wconf 79' lang='grc' dir='ltr'>πρὸς</span> <span class='ocrx_word' id='word_1_707' title='bbox 802 5227 1146 5290; x_wconf 84' lang='grc' dir='ltr'>ἁντίστασιν;</span> <span class='ocrx_word' id='word_1_708' title='bbox 1209 5225 1662 5297; x_wconf 89' lang='grc' dir='ltr'>Ταραχθήσεσθαι</span> <span class='ocrx_word' id='word_1_709' title='bbox 1711 5225 1768 5278; x_wconf 83' lang='grc' dir='ltr'>δὲ</span> <span class='ocrx_word' id='word_1_710' title='bbox 1815 5228 1941 5289; x_wconf 77' lang='grc' dir='ltr'>τοὺς</span> 
     </span>
    </p>
   </div>
   <div class='ocr_carea' id='block_1_99' title="bbox 371 5317 1942 5393">
    <p class='ocr_par' dir='ltr' id='par_1_99' title="bbox 371 5317 1942 5393">
     <span class='ocr_line' id='line_1_99' title="bbox 371 5317 1942 5393; baseline -0.001 -20"><span class='ocrx_word' id='word_1_711' title='bbox 371 5321 630 5393; x_wconf 78' lang='grc' dir='ltr'>πρέσϐεις</span> <span class='ocrx_word' id='word_1_712' title='bbox 699 5321 861 5390; x_wconf 74' lang='grc' dir='ltr'>φησὶ,</span> <span class='ocrx_word' id='word_1_713' title='bbox 927 5320 1022 5372; x_wconf 77' lang='grc' dir='ltr'><strong>καὶ</strong></span> <span class='ocrx_word' id='word_1_714' title='bbox 1076 5319 1260 5371; x_wconf 84' lang='grc' dir='ltr'>ὠδῖσιν</span> <span class='ocrx_word' id='word_1_715' title='bbox 1309 5319 1506 5381; x_wconf 79' lang='grc' dir='ltr'>αὐτοὺς</span> <span class='ocrx_word' id='word_1_716' title='bbox 1555 5317 1629 5381; x_wconf 87' lang='grc' dir='ltr'>ὡς</span> <span class='ocrx_word' id='word_1_717' title='bbox 1687 5319 1942 5386; x_wconf 87' lang='grc' dir='ltr'>γυναικὸς</span> 
     </span>
    </p>
   </div>
   <div class='ocr_carea' id='block_1_100' title="bbox 369 5411 1940 5484">
    <p class='ocr_par' dir='ltr' id='par_1_100' title="bbox 369 5411 1940 5484">
     <span class='ocr_line' id='line_1_100' title="bbox 369 5411 1940 5484; baseline -0.001 -16"><span class='ocrx_word' id='word_1_718' title='bbox 369 5413 660 5483; x_wconf 85' lang='grc' dir='ltr'>τικτούσης</span> <span class='ocrx_word' id='word_1_719' title='bbox 710 5414 1046 5483; x_wconf 89' lang='grc' dir='ltr'>περιπεσεῖν,</span> <span class='ocrx_word' id='word_1_720' title='bbox 1081 5413 1454 5483; x_wconf 80' lang='grc' dir='ltr'>συμφοράσειν</span> <span class='ocrx_word' id='word_1_721' title='bbox 1492 5411 1549 5465; x_wconf 85' lang='grc' dir='ltr'><strong>δὲ</strong></span> <span class='ocrx_word' id='word_1_722' title='bbox 1590 5413 1775 5484; x_wconf 76' lang='grc' dir='ltr'>ἔτερος</span> <span class='ocrx_word' id='word_1_723' title='bbox 1805 5413 1940 5484; x_wconf 80' lang='grc' dir='ltr'>πρὸς</span> 
     </span>
    </p>
   </div>
   <div class='ocr_carea' id='block_1_101' title="bbox 371 5503 1942 5576">
    <p class='ocr_par' dir='ltr' id='par_1_101' title="bbox 371 5503 1942 5576">
     <span class='ocr_line' id='line_1_101' title="bbox 371 5503 1942 5576; baseline -0.001 -17"><span class='ocrx_word' id='word_1_724' title='bbox 371 5509 460 5560; x_wconf 75' lang='grc' dir='ltr'><strong>τὸν</strong></span> <span class='ocrx_word' id='word_1_725' title='bbox 489 5507 696 5576; x_wconf 73' lang='grc' dir='ltr'>ἕτερον,</span> <span class='ocrx_word' id='word_1_726' title='bbox 742 5506 836 5559; x_wconf 70' lang='grc' dir='ltr'>καὶ</span> <span class='ocrx_word' id='word_1_727' title='bbox 882 5505 989 5575; x_wconf 81' lang='grc' dir='ltr'>μὴν</span> <span class='ocrx_word' id='word_1_728' title='bbox 1030 5505 1122 5557; x_wconf 77' lang='grc' dir='ltr'><strong>καὶ</strong></span> <span class='ocrx_word' id='word_1_729' title='bbox 1150 5503 1525 5574; x_wconf 88' lang='grc' dir='ltr'>ἐκστήσεσθαι,</span> <span class='ocrx_word' id='word_1_730' title='bbox 1557 5505 1648 5557; x_wconf 80' lang='grc' dir='ltr'>καὶ</span> <span class='ocrx_word' id='word_1_731' title='bbox 1680 5505 1740 5557; x_wconf 89' lang='grc' dir='ltr'><strong>τὸ</strong></span> <span class='ocrx_word' id='word_1_732' title='bbox 1771 5505 1942 5576; x_wconf 60' lang='grc' dir='ltr'>πρόσω</span> 
     </span>
    </p>
   </div>
   <div class='ocr_carea' id='block_1_102' title="bbox 373 5597 1934 5670">
    <p class='ocr_par' dir='ltr' id='par_1_102' title="bbox 373 5597 1934 5670">
     <span class='ocr_line' id='line_1_102' title="bbox 373 5597 1934 5670; baseline -0.003 -15"><span class='ocrx_word' id='word_1_733' title='bbox 373 5619 519 5656; x_wconf 87' lang='grc' dir='ltr'>ωπον</span> <span class='ocrx_word' id='word_1_734' title='bbox 569 5601 748 5654; x_wconf 82' lang='grc' dir='ltr'>αὐτῶν</span> <span class='ocrx_word' id='word_1_735' title='bbox 797 5601 872 5663; x_wconf 85' lang='grc' dir='ltr'>ὡς</span> <span class='ocrx_word' id='word_1_736' title='bbox 921 5599 1090 5670; x_wconf 83' lang='grc' dir='ltr'>φλόγα</span> <span class='ocrx_word' id='word_1_737' title='bbox 1141 5599 1480 5668; x_wconf 72' lang='grc' dir='ltr'>μεταϐαλεῖν.</span> <span class='ocrx_word' id='word_1_738' title='bbox 1539 5597 1806 5670; x_wconf 77' lang='grc' dir='ltr'>Πρέσόεις</span> <span class='ocrx_word' id='word_1_739' title='bbox 1855 5598 1934 5659; x_wconf 89' lang='grc' dir='ltr'><strong>δέ,</strong></span> 
     </span>
    </p>
   </div>
   <div class='ocr_carea' id='block_1_103' title="bbox 373 5690 1931 5765">
    <p class='ocr_par' dir='ltr' id='par_1_103' title="bbox 373 5690 1931 5765">
     <span class='ocr_line' id='line_1_103' title="bbox 373 5690 1931 5765; baseline -0.001 -19"><span class='ocrx_word' id='word_1_740' title='bbox 373 5690 547 5765; x_wconf 77' lang='grc' dir='ltr'>οἶμαι,</span> <span class='ocrx_word' id='word_1_741' title='bbox 600 5693 752 5763; x_wconf 77' lang='grc' dir='ltr'>φησὶ,</span> <span class='ocrx_word' id='word_1_742' title='bbox 777 5694 901 5756; x_wconf 73' lang='grc' dir='ltr'>τοὺς</span> <span class='ocrx_word' id='word_1_743' title='bbox 927 5693 1033 5745; x_wconf 85' lang='grc' dir='ltr'>τῶν</span> <span class='ocrx_word' id='word_1_744' title='bbox 1076 5691 1306 5745; x_wconf 87' lang='grc' dir='ltr'>εἰδώλων</span> <span class='ocrx_word' id='word_1_745' title='bbox 1338 5692 1673 5763; x_wconf 80' lang='grc' dir='ltr'>ἱερουργοὺς,</span> <span class='ocrx_word' id='word_1_746' title='bbox 1707 5692 1833 5755; x_wconf 75' lang='grc' dir='ltr'>τοὺς</span> <span class='ocrx_word' id='word_1_747' title='bbox 1865 5694 1931 5764; x_wconf 86' lang='grc' dir='ltr'>τῇ</span> 
     </span>
    </p>
   </div>
   <div class='ocr_carea' id='block_1_104' title="bbox 445 5847 1378 5920">
    <p class='ocr_par' dir='ltr' id='par_1_104' title="bbox 445 5847 1378 5920">
     <span class='ocr_line' id='line_1_104' title="bbox 445 5847 1378 5920; baseline -0.002 -16"><span class='ocrx_word' id='word_1_748' title='bbox 445 5850 490 5881; x_wconf 71' lang='grc'><strong>⁸⁵</strong></span> <span class='ocrx_word' id='word_1_749' title='bbox 522 5851 620 5905; x_wconf 85' lang='lat' dir='ltr'><strong>lsa.</strong></span> <span class='ocrx_word' id='word_1_750' title='bbox 649 5866 761 5920; x_wconf 74' lang='lat' dir='ltr'><strong>xlv,</strong></span> <span class='ocrx_word' id='word_1_751' title='bbox 788 5851 876 5904; x_wconf 71' lang='grc'><strong>27.</strong></span> <span class='ocrx_word' id='word_1_752' title='bbox 954 5852 996 5882; x_wconf 72' lang='grc' dir='ltr'><strong>θ’</strong></span> <span class='ocrx_word' id='word_1_753' title='bbox 1022 5847 1123 5904; x_wconf 74' lang='lat' dir='ltr'><strong>Job</strong></span> <span class='ocrx_word' id='word_1_754' title='bbox 1169 5865 1266 5917; x_wconf 79' lang='lat' dir='ltr'><strong>xu,</strong></span> <span class='ocrx_word' id='word_1_755' title='bbox 1293 5849 1378 5904; x_wconf 72' lang='grc' dir='ltr'><strong>Η.</strong></span> 
     </span>
    </p>
   </div>
   <div class='ocr_carea' id='block_1_105' title="bbox 2035 4676 3605 4748">
    <p class='ocr_par' dir='ltr' id='par_1_105' title="bbox 2035 4676 3605 4748">
     <span class='ocr_line' id='line_1_105' title="bbox 2035 4676 3605 4748; baseline -0.002 -16"><span class='ocrx_word' id='word_1_756' title='bbox 2035 4678 2321 4748; x_wconf 74' lang='lat' dir='ltr'><strong>Propterea</strong></span> <span class='ocrx_word' id='word_1_757' title='bbox 2361 4678 2534 4746; x_wconf 87' lang='lat' dir='ltr'><strong>inquit</strong></span> <span class='ocrx_word' id='word_1_758' title='bbox 2572 4695 2586 4731; x_wconf 92' lang='lat'><strong>:</strong></span> <span class='ocrx_word' id='word_1_759' title='bbox 2621 4676 2808 4732; x_wconf 82' lang='lat' dir='ltr'><strong>Omnis</strong></span> <span class='ocrx_word' id='word_1_760' title='bbox 2833 4693 3023 4732; x_wconf 90' lang='lat' dir='ltr'><strong>manus</strong></span> <span class='ocrx_word' id='word_1_761' title='bbox 3048 4678 3368 4743; x_wconf 87' lang='lat' dir='ltr'><strong>resolvetur,</strong></span> <span class='ocrx_word' id='word_1_762' title='bbox 3403 4688 3456 4732; x_wconf 90' lang='lat' dir='ltr'><strong>et</strong></span> <span class='ocrx_word' id='word_1_763' title='bbox 3483 4694 3605 4733; x_wconf 80' lang='lat' dir='ltr'><strong>om-</strong></span> 
     </span>
    </p>
   </div>
   <div class='ocr_carea' id='block_1_106' title="bbox 2034 4768 3608 4838">
    <p class='ocr_par' dir='ltr' id='par_1_106' title="bbox 2034 4768 3608 4838">
     <span class='ocr_line' id='line_1_106' title="bbox 2034 4768 3608 4838; baseline 0 -14"><span class='ocrx_word' id='word_1_764' title='bbox 2034 4769 2120 4826; x_wconf 87' lang='lat' dir='ltr'><strong>nis</strong></span> <span class='ocrx_word' id='word_1_765' title='bbox 2143 4769 2317 4824; x_wconf 90' lang='lat' dir='ltr'><strong>anima</strong></span> <span class='ocrx_word' id='word_1_766' title='bbox 2352 4768 2587 4823; x_wconf 86' lang='lat' dir='ltr'><strong>hominis</strong></span> <span class='ocrx_word' id='word_1_767' title='bbox 2620 4769 2866 4824; x_wconf 89' lang='lat' dir='ltr'><strong>timebit:</strong></span> <span class='ocrx_word' id='word_1_768' title='bbox 2895 4769 3003 4824; x_wconf 89' lang='lat' dir='ltr'><strong>Deo</strong></span> <span class='ocrx_word' id='word_1_769' title='bbox 3034 4771 3178 4825; x_wconf 87' lang='lat' dir='ltr'><strong>enim</strong></span> <span class='ocrx_word' id='word_1_770' title='bbox 3232 4770 3608 4838; x_wconf 89' lang='lat' dir='ltr'><strong>omnipotente</strong></span> 
     </span>
    </p>
   </div>
   <div class='ocr_carea' id='block_1_107' title="bbox 2037 4856 3604 4929">
    <p class='ocr_par' dir='ltr' id='par_1_107' title="bbox 2037 4856 3604 4929">
     <span class='ocr_line' id='line_1_107' title="bbox 2037 4856 3604 4929; baseline 0 -14"><span class='ocrx_word' id='word_1_771' title='bbox 2037 4857 2377 4915; x_wconf 87' lang='lat' dir='ltr'><strong>concutiente</strong></span> <span class='ocrx_word' id='word_1_772' title='bbox 2404 4856 2614 4913; x_wconf 88' lang='lat' dir='ltr'><strong>animos</strong></span> <span class='ocrx_word' id='word_1_773' title='bbox 2639 4859 2914 4913; x_wconf 83' lang='lat' dir='ltr'><strong>hominum</strong></span> <span class='ocrx_word' id='word_1_774' title='bbox 2968 4861 3183 4926; x_wconf 87' lang='lat' dir='ltr'><strong>timore,</strong></span> <span class='ocrx_word' id='word_1_775' title='bbox 3221 4859 3343 4929; x_wconf 90' lang='lat' dir='ltr'><strong>quis</strong></span> <span class='ocrx_word' id='word_1_776' title='bbox 3391 4871 3604 4915; x_wconf 80' lang='lat' dir='ltr'><strong>exseret</strong></span> 
     </span>
    </p>
   </div>
   <div class='ocr_carea' id='block_1_108' title="bbox 2035 4948 3608 5019">
    <p class='ocr_par' dir='ltr' id='par_1_108' title="bbox 2035 4948 3608 5019">
     <span class='ocr_line' id='line_1_108' title="bbox 2035 4948 3608 5019; baseline 0.001 -14"><span class='ocrx_word' id='word_1_777' title='bbox 2035 4948 2442 5007; x_wconf 86' lang='lat' dir='ltr'><strong>fortitudinem?</strong></span> <span class='ocrx_word' id='word_1_778' title='bbox 2469 4950 2658 5019; x_wconf 87' lang='lat' dir='ltr'><strong>quisve</strong></span> <span class='ocrx_word' id='word_1_779' title='bbox 2680 4949 2981 5006; x_wconf 85' lang='lat' dir='ltr'><strong>animosum</strong></span> <span class='ocrx_word' id='word_1_780' title='bbox 3010 4965 3068 5006; x_wconf 87' lang='lat' dir='ltr'><strong>se</strong></span> <span class='ocrx_word' id='word_1_781' title='bbox 3084 4961 3138 5006; x_wconf 92' lang='lat' dir='ltr'><strong>et</strong></span> <span class='ocrx_word' id='word_1_782' title='bbox 3161 4951 3226 5004; x_wconf 85' lang='lat' dir='ltr'><strong>ad</strong></span> <span class='ocrx_word' id='word_1_783' title='bbox 3251 4950 3608 5006; x_wconf 84' lang='lat' dir='ltr'><strong>resistendum</strong></span> 
     </span>
    </p>
   </div>
   <div class='ocr_carea' id='block_1_109' title="bbox 2040 5042 3602 5098">
    <p class='ocr_par' dir='ltr' id='par_1_109' title="bbox 2040 5042 3602 5098">
     <span class='ocr_line' id='line_1_109' title="bbox 2040 5042 3602 5098; baseline -0.001 -1"><span class='ocrx_word' id='word_1_784' title='bbox 2040 5043 2270 5097; x_wconf 89' lang='lat' dir='ltr'><strong>habilem</strong></span> <span class='ocrx_word' id='word_1_785' title='bbox 2305 5058 2368 5097; x_wconf 91' lang='lat' dir='ltr'><strong>ac</strong></span> <span class='ocrx_word' id='word_1_786' title='bbox 2401 5042 2636 5096; x_wconf 89' lang='lat' dir='ltr'><strong>validum</strong></span> <span class='ocrx_word' id='word_1_787' title='bbox 2668 5043 2800 5096; x_wconf 89' lang='lat' dir='ltr'><strong>satis</strong></span> <span class='ocrx_word' id='word_1_788' title='bbox 2828 5043 3115 5098; x_wconf 85' lang='lat' dir='ltr'><strong>ostendet?</strong></span> <span class='ocrx_word' id='word_1_789' title='bbox 3159 5042 3480 5097; x_wconf 80' lang='lat' dir='ltr'><strong>Turbandos</strong></span> <span class='ocrx_word' id='word_1_790' title='bbox 3507 5057 3602 5096; x_wconf 88' lang='lat' dir='ltr'><strong>ve-</strong></span> 
     </span>
    </p>
   </div>
   <div class='ocr_carea' id='block_1_110' title="bbox 2039 5134 3611 5206">
    <p class='ocr_par' dir='ltr' id='par_1_110' title="bbox 2039 5134 3611 5206">
     <span class='ocr_line' id='line_1_110' title="bbox 2039 5134 3611 5206; baseline 0.001 -17"><span class='ocrx_word' id='word_1_791' title='bbox 2039 5150 2100 5190; x_wconf 89' lang='lat' dir='ltr'><strong>ro</strong></span> <span class='ocrx_word' id='word_1_792' title='bbox 2130 5135 2304 5205; x_wconf 85' lang='lat' dir='ltr'><strong>inquit</strong></span> <span class='ocrx_word' id='word_1_793' title='bbox 2345 5135 2571 5205; x_wconf 79' lang='lat' dir='ltr'><strong>legatos,</strong></span> <span class='ocrx_word' id='word_1_794' title='bbox 2615 5145 2670 5189; x_wconf 87' lang='lat' dir='ltr'><strong>et</strong></span> <span class='ocrx_word' id='word_1_795' title='bbox 2701 5135 2756 5188; x_wconf 90' lang='lat' dir='ltr'><strong>in</strong></span> <span class='ocrx_word' id='word_1_796' title='bbox 2818 5135 3029 5190; x_wconf 87' lang='lat' dir='ltr'><strong>dolores</strong></span> <span class='ocrx_word' id='word_1_797' title='bbox 3083 5147 3340 5206; x_wconf 75' lang='lat' dir='ltr'><strong>tanquam</strong></span> <span class='ocrx_word' id='word_1_798' title='bbox 3391 5134 3611 5190; x_wconf 65' lang='lat' dir='ltr'><strong>femina</strong></span> 
     </span>
    </p>
   </div>
   <div class='ocr_carea' id='block_1_111' title="bbox 2039 5227 3606 5297">
    <p class='ocr_par' dir='ltr' id='par_1_111' title="bbox 2039 5227 3606 5297">
     <span class='ocr_line' id='line_1_111' title="bbox 2039 5227 3606 5297; baseline 0.001 -17"><span class='ocrx_word' id='word_1_799' title='bbox 2039 5227 2306 5296; x_wconf 89' lang='lat' dir='ltr'><strong>parientis</strong></span> <span class='ocrx_word' id='word_1_800' title='bbox 2340 5228 2682 5292; x_wconf 88' lang='lat' dir='ltr'><strong>deventuros,</strong></span> <span class='ocrx_word' id='word_1_801' title='bbox 2708 5239 2762 5282; x_wconf 86' lang='lat' dir='ltr'><strong>et</strong></span> <span class='ocrx_word' id='word_1_802' title='bbox 2787 5227 3014 5282; x_wconf 90' lang='lat' dir='ltr'><strong>alterum</strong></span> <span class='ocrx_word' id='word_1_803' title='bbox 3056 5227 3190 5297; x_wconf 91' lang='lat' dir='ltr'><strong>apud</strong></span> <span class='ocrx_word' id='word_1_804' title='bbox 3226 5227 3452 5281; x_wconf 89' lang='lat' dir='ltr'><strong>alterum</strong></span> <span class='ocrx_word' id='word_1_805' title='bbox 3476 5241 3606 5282; x_wconf 89' lang='lat' dir='ltr'><strong>con-</strong></span> 
     </span>
    </p>
   </div>
   <div class='ocr_carea' id='block_1_112' title="bbox 2039 5319 3604 5388">
    <p class='ocr_par' dir='ltr' id='par_1_112' title="bbox 2039 5319 3604 5388">
     <span class='ocr_line' id='line_1_112' title="bbox 2039 5319 3604 5388; baseline -0.001 -15"><span class='ocrx_word' id='word_1_806' title='bbox 2039 5321 2351 5386; x_wconf 86' lang='lat' dir='ltr'><strong>doliturum,</strong></span> <span class='ocrx_word' id='word_1_807' title='bbox 2383 5331 2435 5374; x_wconf 88' lang='lat' dir='ltr'><strong>et</strong></span> <span class='ocrx_word' id='word_1_808' title='bbox 2458 5321 2712 5376; x_wconf 89' lang='lat' dir='ltr'><strong>attonitos</strong></span> <span class='ocrx_word' id='word_1_809' title='bbox 2747 5319 2884 5385; x_wconf 89' lang='lat' dir='ltr'><strong>fore,</strong></span> <span class='ocrx_word' id='word_1_810' title='bbox 2913 5330 2967 5375; x_wconf 90' lang='lat' dir='ltr'><strong>et</strong></span> <span class='ocrx_word' id='word_1_811' title='bbox 2991 5319 3180 5375; x_wconf 81' lang='lat' dir='ltr'><strong>faciem</strong></span> <span class='ocrx_word' id='word_1_812' title='bbox 3209 5320 3447 5388; x_wconf 89' lang='lat' dir='ltr'><strong>ipsorum</strong></span> <span class='ocrx_word' id='word_1_813' title='bbox 3509 5319 3604 5373; x_wconf 85' lang='lat' dir='ltr'><strong>in-</strong></span> 
     </span>
    </p>
   </div>
   <div class='ocr_carea' id='block_1_113' title="bbox 2039 5412 3607 5484">
    <p class='ocr_par' dir='ltr' id='par_1_113' title="bbox 2039 5412 3607 5484">
     <span class='ocr_line' id='line_1_113' title="bbox 2039 5412 3607 5484; baseline -0.004 -14"><span class='ocrx_word' id='word_1_814' title='bbox 2039 5423 2155 5470; x_wconf 87' lang='lat' dir='ltr'><strong>star</strong></span> <span class='ocrx_word' id='word_1_815' title='bbox 2187 5413 2414 5468; x_wconf 82' lang='lat' dir='ltr'><strong>flammae</strong></span> <span class='ocrx_word' id='word_1_816' title='bbox 2445 5414 2780 5472; x_wconf 81' lang='lat' dir='ltr'><strong>mutandam.</strong></span> <span class='ocrx_word' id='word_1_817' title='bbox 2804 5413 3032 5484; x_wconf 82' lang='lat' dir='ltr'><strong>Legatos</strong></span> <span class='ocrx_word' id='word_1_818' title='bbox 3064 5427 3209 5477; x_wconf 85' lang='lat' dir='ltr'><strong>vero,</strong></span> <span class='ocrx_word' id='word_1_819' title='bbox 3241 5423 3302 5467; x_wconf 93' lang='lat' dir='ltr'><strong>ut</strong></span> <span class='ocrx_word' id='word_1_820' title='bbox 3348 5412 3607 5474; x_wconf 87' lang='lat' dir='ltr'><strong>arbitror,</strong></span> 
     </span>
    </p>
   </div>
   <div class='ocr_carea' id='block_1_114' title="bbox 2039 5503 3639 5577">
    <p class='ocr_par' dir='ltr' id='par_1_114' title="bbox 2039 5503 3639 5577">
     <span class='ocr_line' id='line_1_114' title="bbox 2039 5503 3639 5577; baseline -0.004 -15"><span class='ocrx_word' id='word_1_821' title='bbox 2039 5507 2171 5563; x_wconf 91' lang='lat' dir='ltr'><strong>dicit</strong></span> <span class='ocrx_word' id='word_1_822' title='bbox 2191 5508 2454 5563; x_wconf 89' lang='lat' dir='ltr'><strong>idolorum</strong></span> <span class='ocrx_word' id='word_1_823' title='bbox 2489 5507 2785 5571; x_wconf 85' lang='lat' dir='ltr'><strong>sacrificos,</strong></span> <span class='ocrx_word' id='word_1_824' title='bbox 2822 5506 3025 5577; x_wconf 85' lang='lat' dir='ltr'><strong>magica</strong></span> <span class='ocrx_word' id='word_1_825' title='bbox 3058 5514 3174 5560; x_wconf 87' lang='lat' dir='ltr'><strong>arte</strong></span> <span class='ocrx_word' id='word_1_826' title='bbox 3198 5503 3438 5574; x_wconf 84' lang='lat' dir='ltr'><strong>insignes</strong></span> <span class='ocrx_word' id='word_1_827' title='bbox 3465 5503 3610 5571; x_wconf 86' lang='lat' dir='ltr'><strong>apud</strong></span> <span class='ocrx_word' id='word_1_828' title='bbox 3638 5508 3639 5511; x_wconf 69' lang='lat'>‘</span> 
     </span>
    </p>
   </div>
   <div class='ocr_carea' id='block_1_115' title="bbox 2034 5597 3605 5671">
    <p class='ocr_par' dir='ltr' id='par_1_115' title="bbox 2034 5597 3605 5671">
     <span class='ocr_line' id='line_1_115' title="bbox 2034 5597 3605 5671; baseline -0.003 -18"><span class='ocrx_word' id='word_1_829' title='bbox 2034 5599 2762 5671; x_wconf 76' lang='lat' dir='ltr'><strong>Babylonios,d:emoniorum</strong></span> <span class='ocrx_word' id='word_1_830' title='bbox 2811 5598 3062 5665; x_wconf 86' lang='lat' dir='ltr'><strong>cultores,</strong></span> <span class='ocrx_word' id='word_1_831' title='bbox 3120 5597 3233 5668; x_wconf 90' lang='lat' dir='ltr'><strong>qui,</strong></span> <span class='ocrx_word' id='word_1_832' title='bbox 3278 5607 3336 5649; x_wconf 94' lang='lat' dir='ltr'><strong>ut</strong></span> <span class='ocrx_word' id='word_1_833' title='bbox 3361 5604 3605 5666; x_wconf 87' lang='lat' dir='ltr'><strong>apparet,</strong></span> 
     </span>
    </p>
   </div>
   <div class='ocr_carea' id='block_1_116' title="bbox 2035 5689 3606 5765">
    <p class='ocr_par' dir='ltr' id='par_1_116' title="bbox 2035 5689 3606 5765">
     <span class='ocr_line' id='line_1_116' title="bbox 2035 5689 3606 5765; baseline -0.003 -18"><span class='ocrx_word' id='word_1_834' title='bbox 2035 5707 2157 5747; x_wconf 87' lang='lat' dir='ltr'><strong>eum</strong></span> <span class='ocrx_word' id='word_1_835' title='bbox 2181 5694 2449 5765; x_wconf 81' lang='lat' dir='ltr'><strong>expeditio</strong></span> <span class='ocrx_word' id='word_1_836' title='bbox 2471 5697 2842 5757; x_wconf 87' lang='lat' dir='ltr'><strong>adornaretur,</strong></span> <span class='ocrx_word' id='word_1_837' title='bbox 2863 5702 2916 5749; x_wconf 88' lang='lat' dir='ltr'><strong>et</strong></span> <span class='ocrx_word' id='word_1_838' title='bbox 2935 5692 3279 5747; x_wconf 74' lang='lat' dir='ltr'><strong>adventantes</strong></span> <span class='ocrx_word' id='word_1_839' title='bbox 3320 5689 3454 5742; x_wconf 79' lang='lat' dir='ltr'><strong>Medi</strong></span> <span class='ocrx_word' id='word_1_840' title='bbox 3485 5702 3606 5741; x_wconf 89' lang='lat' dir='ltr'><strong>cum</strong></span> 
     </span>
    </p>
   </div>
  </div>
