4148 6378
579 385 685 440 355

580 502 724 571 Cyro
773 509 829 556 et
890 499 1073 557 Persis
1139 507 1629 569 exspectarentur,

580 593 740 657 bona,
783 601 838 647 et
887 592 1086 646 auxilia
1130 593 1445 663 quaerebant
1468 608 1498 647 a
1526 594 1838 662 daemoniis,
1870 595 2143 665 supplica-

582 683 815 738 tionibus
847 683 1101 748 decretis,
1134 693 1191 739 et
1233 683 1455 739 donaria
1492 694 1631 741 stata
1684 685 1992 749 offerentes,
2056 703 2154 742 ca:-

582 775 849 829 remonias
891 775 1136 829 videlicet
1181 784 1236 830 et
1284 777 1547 832 sacrificia
1616 788 1757 833 stata
1812 780 2150 845 adhibentes,

576 874 631 915 et
664 879 761 932 pro
798 863 1051 919 universa
1066 864 1285 934 regione
1315 864 1695 933 deprecaturus
1722 881 1782 921 se
1807 865 2145 935 pollicentes.

579 954 641 1010 Hi
672 955 919 1026 proinde,
953 957 1149 1024 inquit,
1175 956 1566 1012 daemoniorum
1591 957 1830 1012 cultores
1854 967 1907 1011 et
1935 960 2143 1028 suppli—

581 1054 815 1110 calores,
841 1044 1103 1100 sacriﬁcia
1126 1060 1223 1114 pro
1246 1046 1497 1100 omnibus
1516 1056 1902 1116 nuncupantes.
1936 1050 2151 1118 quando

578 1136 808 1190 viderint
846 1151 934 1191 res
965 1145 1160 1204 praeter
1190 1152 1339 1205 spem
1383 1146 1637 1203 mutatas,
1669 1139 2147 1209 perturbabantur,

577 1235 632 1280 et
658 1227 911 1295 gravibus
930 1224 1235 1296 aﬂligentur
1269 1226 1564 1293 doloribus,
1596 1239 1650 1284 et
1680 1230 1820 1285 alter
1835 1245 1955 1284 cum
1978 1230 2149 1287 altero

576 1315 957 1384 congemiscet,
1004 1315 1055 1369 id
1089 1324 1192 1379 est,
1229 1331 1411 1370 secum
1450 1317 1847 1393 acclamabunt,
1882 1321 2149 1391 velutpraa

577 1404 738 1456 nimia
772 1404 1006 1467 miseria,
1028 1402 1178 1467 illud,
1204 1418 1304 1468 ναι,
1322 1404 1601 1460 scilicetet
1621 1406 1839 1461 similia.
1872 1406 1936 1461 Et
1954 1408 2095 1461 velut
2117 1423 2147 1459 a

576 1493 786 1547 ﬂamma
837 1494 1121 1549 mutabunt
1149 1496 1365 1550 faciem.
1396 1495 1547 1551 Solet
1573 1499 1720 1551 enim
1747 1514 1935 1552 eorum
1972 1499 2146 1555 facies

576 1585 667 1653 qui
713 1585 893 1639 animo
924 1586 1132 1656 dejecto
1185 1596 1334 1653 sunt,
1386 1588 1681 1658 denigrari,
1728 1598 1784 1643 ut
1829 1589 1971 1644 aliud
2015 1592 2149 1645 nihil

575 1690 694 1729 esse
716 1675 982 1741 videatur,
1022 1692 1182 1746 quam
1216 1676 1398 1732 favilla
1446 1688 1500 1733 et
1523 1680 1724 1735 cineris
1777 1682 2006 1738 marcidi
2058 1699 2145 1739 re-

576 1765 773 1835 liquite.

1564 386 1622 442 S.
1660 384 1935 443 CYRILLI
1974 385 2441 444 ALEXANDRINI
2479 388 2795 444 ARCHIEP.

3708 392 3815 449 356

1708 503 2139 558 vaticinabantur

2253 501 2416 573 μάγῳ
2464 503 2632 577 τέχνῃ
2673 505 3173 574 διαπρεπεστάτους
3214 506 3364 577 παρά
3407 509 3520 570 τοῖς
3567 506 3820 562 Βαϐυλω-

2253 595 2409 663 νίοις,
2434 597 2560 660 τοὺς
2588 596 2698 650 τῶν
2724 596 3014 669 δαιμονίων
3046 596 3406 669 θεραπευτὰς,
3426 598 3476 651 οἳ
3499 599 3640 654 κατά
3670 616 3733 667 γε
3756 600 3818 653 τὸ

2249 686 2398 751 εἰκὸς
2441 688 2541 759 τῆς
2587 689 2777 757 ἐφόδου
2815 688 3197 760 μελετωμένης
3247 687 3533 759 ἀφίξεσθαι
3560 688 3670 743 τῶν
3695 690 3819 760 Μήδ

2247 781 2354 835 δων
2402 780 2572 853 Κύρῳ
2610 799 2670 835 τε
2721 782 2857 853 ὁμοῦ
2903 782 2997 836 καὶ
3049 781 3288 853 Πέρσαις
3334 780 3815 853 προσδοκωμένων,

2249 872 2714 944 κατεμαντεύοντο
2750 873 2820 927 τά
2846 875 3079 946 χρηστὰ,
3112 875 3207 927 καὶ
3236 873 3335 937 τὰς
3362 874 3512 944 παρά
3550 874 3659 926 τῶν
3702 873 3819 927 δαι-

2253 964 2452 1034 μονίων
2496 964 2726 1019 ἐκάλουν
2758 965 3099 1039 ἐπικουρίας,
3142 965 3293 1029 λιτὰς
3324 964 3687 1028 ἀνατείνοντες
3722 964 3818 1017 καῖ¹

2251 1056 2389 1127 γέρα
2424 1058 2862 1129 προσεπάγοντες
2888 1057 2957 1111 τὰ
2994 1057 3375 1129 νενομισμένα,
3413 1056 3634 1119 τελετὰς
3661 1055 3817 1125 δῆλον

2247 1144 2329 1197 ὅτι
2370 1147 2464 1199 καὶ
2502 1145 2900 1217 τάς.βεϐήλους
2943 1145 3153 1212 θυσίας,
3199 1144 3522 1216 πρεσϐεύειν
3568 1162 3627 1198 τε
3677 1144 3817 1215 ὑπὲρ

2254 1237 2473 1308 ἁπάσης
2523 1239 2621 1309 τῆς
2670 1239 2855 1311 χώρας
2903 1238 3342 1310 ὑπισχνούμενοι.
3401 1233 3559 1291 Οὗτοι
3615 1235 3813 1299 τοίνυν,

2263 1328 2448 1399 φησὶν,
2480 1330 2527 1381 οἱ
2565 1328 2673 1382 τῶν
2700 1330 2992 1401 δαιμονίων
3036 1329 3369 1401 θεραπευταὶ
3400 1328 3495 1382 καὶ
3536 1327 3731 1389 ίκέται,
3768 1328 3817 1379 οἱ

2247 1419 2347 1481 τὰς
2403 1419 2545 1491 ὑπὲρ
2588 1421 2805 1479 πάντων
2848 1421 3127 1485 τελοῦντες
3175 1421 3400 1488 θυσίας,
3455 1420 3583 1472 ὅταν
3637 1417 3817 1470 ἴδωσιν

2249 1510 2704 1583 ἀντεστραμμένα
2754 1514 2889 1585 πρὸς
2932 1516 2999 1569 τὰ
3042 1517 3172 1585 παρ’
3198 1513 3387 1567 ἐλπίδα
3414 1511 3482 1565 τὰ
3517 1509 3817 1582 πράγματα

2246 1603 2449 1671 αὐτοῖς,
2498 1606 2936 1677 ταραχθήσονταί
2977 1623 3037 1660 τε
3065 1608 3158 1660 καὶ
3184 1609 3241 1660 ὲν
3269 1605 3450 1658 ὠδῖσιν
3478 1603 3687 1657 ἔσονται
3726 1618 3817 1653 πι-

2249 1698 2430 1765 κραῖς,
2462 1698 2902 1769 συμφοράσουσίν
2940 1715 3000 1751 τε
3049 1698 3233 1770 ἕτερος
3282 1696 3417 1768 πρὸς
3464 1694 3556 1748 τὸν
3604 1693 3813 1762 ἕτερον.

2238 1785 2383 1838 τοῦτ’
2417 1786 2590 1852 ἔστιν,
2635 1789 2881 1861 ἀλλήλοις
2911 1790 3315 1862 ὲπιφωνήσουσι
3358 1789 3427 1843 τὰ
3458 1787 3533 1851 ὡς
3560 1784 3617 1850 ἐξ
3646 1783 3818 1855 ἀκρά-

574 1877 667 1956 του
693 1864 999 1956 συμφορᾶς,
1031 1862 1111 1956 τδ,
1143 1863 1282 1956 ούαὶ,
1314 1864 1558 1956 δηλονότι
1581 1865 1676 1919 καὶ
1734 1867 1803 1921 τὰ
1828 1870 2207 1943 παραπλήσια.
2253 1878 2461 1953 Ὥσπερ
2507 1883 2564 1937 δὲ
2608 1883 2712 1938 ὑπὸ
2755 1885 2950 1954 φλογὸς
3000 1883 3361 1956 μεταϐαλοῦσι
3399 1881 3459 1935 τὸ
3503 1879 3812 1951 πρόσωπον.

578 1951 730 2004 Φιλεῖ
756 1953 862 2024 γάρ
898 1971 1014 2016 πως
1043 1953 1104 2006 τὸ
1132 1954 1240 2007 τῶν
1270 1954 1621 2027 ἀθυμούντων
1682 1961 2176 2031 καταμελαίνεσθαι
2215 1951 2525 2043 πρόσωπον,
2570 1976 2648 2042 ὡς
2722 1951 2877 2031 οῦδὲν
2917 1951 3106 2050 ἕτερον
3144 1972 3284 2030 εἶναι
3323 1975 3498 2029 δοκεῖν
3548 1970 3687 2044 πλὴν
3732 1969 3816 2022 ὅτι

575 2044 802 2099 σποδιὰν
826 2047 917 2099 καὶ
946 2047 1141 2101 σποδοῦ
1183 2051 1558 2123 μαρανθείσης
1587 2053 1861 2123 λείψανον.

646 2138 805 2195 Vens.
838 2141 979 2221 9-H.
1021 2141 1153 2197 Ecce
1185 2146 1325 2198 enim
1349 2148 1459 2201 dies
1500 2149 1714 2203 Domini
1747 2155 1881 2205 venit
1935 2155 2139 2212 insana-

2333 2160 2479 2215 Ἰδοὺ
2499 2162 2609 2232 γὰρ
2634 2163 2823 2233 ἡμέρα
2856 2165 3076 2234 Κυρίου
3106 2164 3345 2230 ἀνίατος
3367 2164 3599 2232 ἔρχεται
3622 2161 3812 2232 θυμοῦ

574 2233 713 2296 bilis,
741 2233 938 2315 furoris
962 2244 1013 2288 et
1037 2235 1153 2299 iraa,
1187 2248 1240 2289 ut
1276 2238 1474 2308 redigat
1499 2241 1670 2295 orbem
1690 2252 1949 2298 terrarum
1970 2247 2025 2299 in
2057 2263 2139 2301 ua-

2248 2251 2347 2305 καὶ
2382 2253 2583 2324 ὀργῆς,
2614 2255 2800 2309 θεῖναι
2829 2233 2949 2326 τὴν
2972 2256 3332 2326 οίκουμένην
3375 2255 3529 2323 ὅλην
3568 2256 3811 2325 ἔρημον,

574 2321 826 2386 stitatem,
854 2312 903 2375 et
925 2340 991 2377 ea:
1018 2342 1078 2378 ea
1099 2339 1392 2394 peccatores
1432 2329 1599 2384 tollat.
1638 2332 1795 2387 Astra
1826 2338 1963 2390 enim
2004 2340 2139 2407 creli,

570 2424 617 2465 et
650 2411 834 2479 Orion,
870 2426 917 2468 et
944 2418 1111 2470 omnis
1144 2430 1363 2473 ornatus
1392 2422 1507 2474 ccli
1540 2422 1716 2478 lumen
1739 2442 1841 2480 non
1901 2430 2140 2487 dabunt:

570 2515 621 2557 et
666 2505 822 2574 221
857 2510 1078 2562 tenebrre
1109 2511 1446 2579 oﬂ'undenlur
1500 2513 1611 2569 sole
1660 2518 1877 2585 oriente,
1901 2531 1950 2575 et
2014 2524 2143 2578 luna

572 2611 675 2648 non
701 2598 843 2650 dabit
876 2597 1041 2652 lucem
1077 2617 1249 2657 suam.
1295 2602 1364 2656 Et
1417 2605 1678 2660 mandabo
1737 2612 1981 2666 universo
2026 2615 2141 2669 orbi

571 2688 736 2753 mala,
765 2705 826 2743 ac
860 2689 1033 2755 impiis
1053 2702 1263 2759 peccata
1295 2711 1390 2749 sua
1422 2711 1442 2750 :
1464 2698 1643 2752 delebo
1671 2702 2007 2758 insolentiam
2034 2707 2137 2761 ini-

569 2794 813 2850 quorum,
847 2790 897 2835 et
923 2782 1254 2839 insolentiam
1280 2788 1618 2856 superborum
1648 2793 1956 2860 deprimam.

640 3078 931 3151 Persptcue
959 3082 1044 3137 his
1065 3083 1245 3141 verbis
1302 3095 1529 3144 conatur
1578 3091 1794 3159 docere,
1854 3095 1981 3165 quid
2022 3106 2141 3152 tan-

570 3172 690 3229 dem
731 3188 908 3230 causa:
936 3176 1030 3240 sit,
1072 3192 1170 3232 cur
1220 3180 1493 3251 principes
1540 3182 1681 3238 inter
1706 3200 1765 3240 se
1796 3188 2134 3255 condoleant,

571 3260 873 3332 faciemque
938 3264 1104 3319 veluti
1158 3282 1187 3320 a
1252 3266 1466 3325 ﬂamma
1522 3280 1749 3328 mutent.
1817 3272 1951 3330 Cum
1993 3279 2136 3333 enim

570 3353 1014 3423 vaticinarentur,
1045 3365 1101 3409 ut
1138 3357 1269 3422 dixi,
1309 3359 1413 3415 illis
1443 3376 1508 3415 ex
1543 3365 1707 3418 animi
1734 3367 1969 3434 ipsorum
2008 3384 2135 3425 sen-

571 3446 761 3510 tentia,
799 3446 958 3517 idque
996 3447 1308 3519 Babyloniis
1353 3454 1639 3521 omnibus,
1668 3472 1763 3526 spe
1783 3472 1910 3513 vero
1979 3462 2134 3517 exci-

2246 2344 2345 2398 και
2370 2346 2511 2412 τοὺς
2533 2348 2917 2416 ἁμαρτωλοὺς
2965 2348 3392 2417 ἐξολοθρεῦσαι
3411 2347 3479 2412 ἐξ
3502 2347 3711 2417 αὐτῆς.
3748 2350 3812 2402 Ol

2245 2432 2353 2501 γὰρ
2381 2435 2632 2503 ἀστέρες
2658 2436 2765 2491 τοῦ
2786 2438 3064 2505 οὐρανοῦ,
3100 2439 3196 2492 καὶ
3221 2442 3254 2492 ό
3286 2439 3491 2506 Ὠρίων
3514 2438 3611 2492 καὶ
3640 2436 3757 2504 πᾶς
3778 2439 3811 2491 ὁ

2243 2526 2470 2596 κόσμος
2512 2528 2617 2582 τοῦ
2662 2529 2922 2598 οὐρανοῦ
2982 2529 3049 2584 τὸ
3093 2530 3218 2600 φῶς
3274 2532 3344 2585 οὐ
3394 2530 3659 2585 δώσουσι
3711 2532 3810 2584 καί

2241 2617 2712 2686 σκοτισθήσεται
2760 2620 2867 2674 τοῦ
2905 2620 3085 2688 ἡλίου
3118 2620 3590 2687 ἀνατέλλοντος,
3630 2621 3725 2675 καὶ
3769 2622 3809 2691 ἡ

2241 2707 2474 2777 σελήνη
2500 2712 2573 2764 οὐ
2601 2709 2779 2765 δώσει
2806 2712 2873 2766 τό
2891 2711 3018 2781 φῶς
3052 2711 3262 2781 αὐτῆς.
3312 2712 3421 2767 Kal
3457 2713 3810 2782 ἐντελοῦμαι

2238 2796 2314 2865 τῇ
2355 2799 2675 2869 οἰκουμένῃ
2721 2801 2835 2871 ὅλῃ
2888 2804 3060 2867 κακὰ,
3106 2804 3202 2857 καὶ
3242 2803 3367 2870 τοῖς
3405 2804 3654 2858 ἀσεϐέσι
3702 2804 3809 2872 τὰς

2239 2888 2526 2957 ἁμαρτίας
2557 2889 2789 2945 αὐτῶν·
2830 2892 2931 2946 καὶ
2966 2892 3173 2949 ἁπολῶ
3200 2894 3371 2962 ὕϐριν
3420 2895 3677 2965 ἀνόμων,
3709 2896 3809 2949 καὶ

2238 2977 2409 3046 ὕϐριν
2433 2979 2835 3049 ὑπερηφάνων
2862 2982 3230 3037 ταπεινώσω.

2321 3072 2643 3141 Ἀναςρανδδν
2663 3076 2719 3127 έν
2740 3074 2947 3140 τούτοις
2965 3075 3232 3131 διδάσκειν
3262 3080 3536 3149 πειρᾶται,
3552 3079 3709 3134 ὁποία
3728 3078 3810 3145 τίς

2238 3163 2385 3217 ἐστιν
2413 3165 2446 3235 ὴ
2470 3164 2738 3235 πρόφασις
2772 3166 2864 3219 τοῦ
2896 3167 3243 3238 συμφοράσαι
3268 3169 3367 3239 μὲν
3388 3170 3524 3241 πρὸς
3551 3170 3808 3242 ἀλλήλους

2236 3256 2362 3319 τοὺς
2390 3255 2676 3327 ἄρχοντας,
2714 3258 3034 3329 μεταϐαλεῖν
3060 3259 3115 3313 δὲ
3170 3260 3231 3313 τὸ
3269 3261 3555 3333 πρόσωπον
3599 3262 3675 3326 ὡς
3700 3264 3810 3317 ἀπὸ

2236 3346 2450 3416 φλογός.
2497 3348 2712 3420 Ἐπειδὴ
2739 3349 2849 3420 γὰρ
2893 3350 3353 3421 κατεμαντεύοντο
3384 3351 3504 3423 μὲν,
3547 3352 3622 3417 ὡς
3650 3353 3806 3426 ἔφην,

2234 3438 2305 3491 τὰ
2333 3436 2452 3490 κατ’
2486 3438 2648 3509 εὐχὴν
2679 3440 2909 3503 ἑαυτοῖς,
2929 3441 3023 3493 καὶ
3055 3442 3185 3495 πᾶσι
3210 3442 3267 3495 δὲ
3294 3445 3406 3506 τοῖς
3430 3442 3806 3508 Βαϐυλωνίοις·

568 3538 786 3607 derint;
818 3548 1099 3609 propterea
1148 3542 1322 3599 dicit:
1355 3544 1586 3602 Mterore
1630 3559 1790 3604 erunt
1831 3551 1993 3620 pleni.
2045 3554 2133 3609 ln-

2240 3528 2635 3601 διημαρτήκασι
2665 3530 2722 3584 δὲ
2772 3530 2872 3600 τῆς
2900 3532 3134 3598 ἐλπίδοςο
3182 3534 3355 3608 ταύτῃ
3380 3552 3481 3601 τοι,
3515 3537 3667 3605 φησὶ,
3718 3537 3809 3590 καὶ

567 3630 707 3685 vasit
755 3632 896 3686 enim
940 3647 1034 3687 eos
1065 3634 1378 3691 insanabilis
1404 3638 1541 3705 dies,
1572 3642 1937 3699 universitatis
1962 3644 2140 3700 Domi-

568 3735 640 3775 no
705 3735 825 3776 eam
882 3722 1191 3779 inducente.
1256 3725 1405 3782 Diem
1466 3744 1651 3785 rursus
1698 3742 1855 3787 vocat
1907 3744 2137 3805 tempus,

566 3828 675 3883 quo
700 3813 879 3867 divina
906 3815 1019 3870 hac
1044 3825 1095 3871 et
1129 3819 1455 3874 inevitabilis
1485 3822 1563 3875 ira
1583 3824 1812 3890 exstitit,
1841 3834 1901 3878 ut
1941 3836 2136 3882 terram

567 3904 938 3959 Chaldaorum
1008 3905 1061 3960 in
1110 3908 1416 3962 vastitatem
1477 3912 1783 3980 redegerit,
1844 3922 1899 3968 et
1942 3930 2135 3985 pecca-

568 4007 714 4052 tores
754 4013 818 4053 es
848 4014 911 4054 ea
939 3999 1251 4068 perdlderit.
1285 4000 1394 4055 Nec
1422 4006 1575 4073 quasi
1604 4006 1673 4059 ibi
1710 4008 1924 4075 quidam
1960 4019 2142 4065 essent

568 4088 637 4141 ab
679 4089 758 4142 ira
790 4089 1078 4156 immunes,
1130 4102 1414 4161 pr0pterea
1444 4096 1583 4163 quod
1624 4107 1807 4152 essent
1847 4098 1970 4152 boni
2008 4100 2135 4165 viri,

568 4180 769 4235 idcirco
801 4181 929 4236 dicit
951 4185 1286 4252 perditurum
1338 4200 1397 4240 se
1463 4197 1814 4255 peccatores:
1855 4189 1981 4256 quin
2037 4191 2139 4246 hoc

569 4288 770 4329 nomen
822 4274 999 4344 potius
1058 4276 1310 4330 omnibus
1336 4274 1636 4331 Chaldaica:
1682 4278 1910 4348 regionis
1938 4279 2139 4336 habita-

568 4366 916 4436 toribusjure
949 4377 1257 4436 competere
1304 4368 1522 4435 poterit,
1568 4368 1763 4439 quippe
1812 4370 1904 4438 qui
1950 4386 2137 4429 omnes

569 4471 796 4525 nequam
827 4454 1027 4511 fuerint
1080 4466 1135 4510 et
1179 4455 1490 4513 idololatraa.
1539 4458 1800 4524 Quoniam
1857 4475 1988 4514 vero
2033 4478 2140 4514 ma-

563 4548 791 4620 gnitudo
826 4548 1190 4604 calamitatum
1218 4549 1539 4619 quandoque
1573 4549 1865 4605 humanam
1892 4562 2128 4606 mentem

565 4650 773 4695 tantum
805 4654 908 4694 non
944 4639 1173 4710 caligine
1202 4650 1257 4695 et
1288 4641 1522 4696 tenebris
1582 4641 1783 4711 Opplet,
1845 4651 1902 4696 ut
1970 4644 2133 4698 etiam

565 4748 687 4788 cum
716 4734 830 4787 dies
859 4732 951 4798 sit,
985 4731 1076 4786 lux
1127 4734 1257 4788 solis
1317 4734 1509 4788 abesse
1556 4733 1914 4797 existimetur,
1967 4743 2023 4789 et.
2067 4735 2134 4789 ad

566 4825 747 4880 lumen
782 4826 1126 4895 praebendum
1148 4824 1328 4881 omnis
1353 4825 1443 4880 ille
1468 4835 1696 4881 ornatus
1727 4826 1851 4881 eteli
1880 4833 1935 4879 et
1966 4826 2133 4895 ipsius

2242 3620 2544 3691 κατηφείας
2591 3620 2803 3675 ἔσονται
2855 3624 3061 3693 μεστοί.
3127 3624 3424 3697 Ἐφέστηκε
3474 3626 3582 3698 γὰρ
3629 3628 3811 3692 αὐτοῖς

2240 3716 2455 3779 ἀνίατος
2481 3716 2681 3788 ἡμέρα,
2704 3717 2795 3771 τοῦ
2827 3720 3044 3773 πάντων
3066 3720 3267 3790 Κυρίου
3300 3722 3467 3793 αὐτὴν
3492 3723 3805 3793 ἐπάγοντος·

2239 3805 2453 3876 ἡμέραν
2472 3806 2529 3860 δὲ
2562 3806 2723 3860 πάλιν
2752 3806 3002 3878 ὀνομάζει
3029 3808 3117 3861 τὸν
3138 3808 3342 3881 καιρὸν,
3364 3810 3482 3864 καθ’
3507 3809 3564 3864 ὃν
3589 3811 3810 3880 γέγονεν

2239 3898 2274 3969 ἡ
2305 3897 2423 3951 θεία
2456 3916 2516 3952 τε
2545 3898 2639 3952 καὶ
2685 3900 3038 3973 ἀνουθέτητος
3059 3902 3215 3974 ὀργὴ,
3239 3902 3313 3967 ὡς
3338 3903 3554 3975 τεθῆναι
3581 3904 3678 3977 τὴν
3700 3905 3809 3960 τῶν

2239 3990 2524 4045 Χαλδαίων
2549 3991 2646 4064 έρη
2656 4010 2774 4063 μον,
2800 3995 2894 4047 καὶ
2924 3994 3048 4058 τοὺς
3076 3994 3430 4067 ἁμαρτωλοὺς
3459 3997 3719 4051 ἀπολέσαι
3748 3998 3806 4064 ἐξ

2239 4080 2429 4151 αὐτῆς.
2467 4081 2578 4135 Καὶ
2607 4082 2666 4135 οὑ
2697 4082 2760 4153 δή
2790 4100 2891 4136 που
2920 4085 3135 4149 πάντως
3186 4085 3261 4149 ὡς
3293 4085 3462 4141 ὄντων
3516 4089 3692 4141 ἐκεῖσε
3719 4106 3803 4142 τι·

2237 4173 2367 4243 νῶν,
2391 4175 2441 4228 οἳ
2470 4176 2560 4228 καὶ
2585 4174 2689 4243 ἔξω
2712 4175 2947 4231 τίθενται
2974 4177 3074 4247 τῆς
3105 4177 3273 4250 ὀργῆς
3305 4179 3394 4233 διά
3420 4181 3479 4235 τὺ
3507 4176 3644 4235 εἶναι
3672 4201 3807 4256 χρη-

2241 4266 2379 4329 στοὶ,
2420 4268 2545 4330 τοὺς
2588 4268 2947 4338 ἁμαρτωλοὺς
2996 4268 3292 4324 ἀπολέσθαι
3346 4272 3498 4343 φησί’
3542 4273 3713 4327 ἅπασι
3746 4276 3804 4328 δὲ

2240 4360 2437 4430 μᾶλλον
2464 4363 2576 4421 τοῖς
2603 4362 2705 4433 τὴν
2725 4360 3003 4414 Χαλδαίων
3050 4361 3256 4416 οἰκοῦσι
3302 4364 3483 4435 χώραν
3516 4365 3804 4436 άρμὸσειεν

2238 4450 2307 4504 ἂν
2326 4452 2553 4515 εἰκότως
2590 4451 2851 4524 τοῦνομα,
2882 4453 3057 4507 διάτοι
3095 4453 3156 4507 τὸ
3206 4456 3413 4519 πάντας
3436 4459 3703 4528 πονηροὺς
3728 4448 3804 4512 el?

2236 4555 2326 4592 vat
2386 4542 2480 4593 καὶ
2530 4541 2943 4614 είδωλολάτρας.
2999 4542 3215 4614 Ἐπειδὴ
3245 4544 3302 4596 δὲ
3347 4544 3416 4598 τὰ
3466 4546 3670 4617 μεγέθη
3694 4547 3803 4601 τῶν

2238 4629 2531 4700 συμφορῶν
2562 4630 2673 4683 ἐσθ’
2707 4632 2793 4683 ὅτε
2833 4632 3114 4703 μονονουχὶ
3146 4633 3335 4687 σκότου
3366 4634 3457 4690 καὶ
3493 4636 3685 4707 ἀχλύος
3712 4639 3803 4691 τὸν

2233 4718 2572 4792 ἀνθρώπινον
2621 4721 3038 4792 καταπιμπλᾶσι
3090 4722 3251 4790 νοῦν,
3305 4724 3380 4787 ὡς
3439 4724 3533 4778 καὶ
3592 4724 3802 4797 ἡμέρας

2233 4811 2400 4884 οὔσης
2422 4815 2640 4867 ἀπεῖναι
2661 4814 2839 4867 δοκεῖν
2859 4812 2954 4867 τοῦ
2990 4813 3140 4884 ἡλίου
3167 4814 3229 4867 τὸ
3261 4814 3396 4883 φῶς,
3423 4816 3722 4887 ἀπρακτεῖν
3743 4816 3802 4869 δέ

566 4916 707 4971 ltinae
744 4916 896 4973 orbis
951 4914 1195 4970 inefficax
1241 4930 1362 4971 esse
1424 4917 1691 4983 videatur,
1743 4917 1864 4972 ideo
1919 4917 2127 4987 inquit,

2240 4921 2373 4970 πως,
2401 4904 2483 4970 εῐς
2503 4922 2567 4973 γε
2590 4904 2650 4959 τὸ
2674 4905 2929 4959 δύνασθαι
2952 4905 3310 4975 καταυγάσαι,
3328 4924 3401 4977 φη
3410 4907 3489 4977 μὶ,
3516 4907 3609 4961 καὶ
3625 4907 3801 4961 πάντα

566 5009 725 5063 Astra
754 5008 875 5063 creli
907 5019 961 5062 et
986 5009 1177 5073 Orion,
1211 5018 1264 5063 et
1296 5011 1472 5063 omnis
1497 5020 1718 5065 ornatus
1776 5010 1896 5065 caeli
1953 5010 2128 5064 lumen

567 5116 674 5155 non
723 5101 943 5167 dabunt,
994 5110 1046 5154 et
1102 5103 1335 5156 tenebras
1367 5101 1677 5173 Babyloniis
1703 5117 1794 5157 seu
1824 5101 1990 5155 menti
2031 5100 2133 5154 Ba-

565 5193 907 5263 byloniorum
937 5191 1297 5257 oﬂ'undentur,
1325 5194 1486 5247 etiam
1516 5194 1628 5248 sole
1651 5194 1879 5259 oriente,
1911 5202 1962 5247 et
2006 5193 2131 5246 luna

565 5285 901 5356 splendente,
937 5285 1150 5340 etiamsi
1175 5284 1439 5339 elementa
1473 5285 1653 5339 lumen
1687 5300 1840 5338 suum
1865 5300 1969 5338 non
2000 5300 2129 5338 con-

569 5378 854 5442 traxerint,
876 5379 970 5432 sed
990 5381 1131 5447 quod
1155 5376 1227 5431 illi
1254 5376 1398 5431 velut
1419 5392 1529 5447 pra:
1548 5392 1741 5447 magno
1764 5387 1907 5431 metu
1939 5377 2133 5431 divinat

568 5472 663 5526 ira:
690 5470 912 5541 subjecti
953 5480 1154 5535 essent.
1189 5480 1245 5525 et
1268 5472 1447 5527 animo
1498 5480 1709 5526 noctem
1747 5480 1804 5524 et
1884 5469 2132 5523 tenebras

544 5557 1139 5615 ‘baberent.landaho
1196 5570 1397 5627 autem,
1457 5561 1649 5629 inquit,
1699 5558 1951 5613 universo
2010 5557 2128 5613 orbi

567 5652 731 5709 mala.
779 5651 1061 5717 Mandabo,
1092 5653 1169 5708 ait
1209 5668 1331 5725 pro,
1360 5654 1622 5716 minabor,
1650 5651 1736 5706 vel
1770 5649 1955 5705 inferri
1989 5664 2127 5720 prae-

565 5746 761 5816 cipiam
801 5754 860 5800 ut
890 5746 1195 5814 superbiam
1228 5744 1532 5813 iniquorum
1562 5754 1822 5807 evertam,
1856 5752 1910 5795 et
1938 5755 2129 5811 super-
2198 5792 2200 5794 ,

564 5836 664 5892 bos
699 5835 840 5904 illos,
866 5834 1120 5891 nimirum
1154 5843 1468 5905 arrogantes
1493 5833 1810 5904 deprimam.
1853 5828 2121 5886 Fastuosa

2234 4996 2328 5050 τὸν
2360 4997 2564 5068 κόσμον
2584 4998 2677 5050 τοῦ
2711 4997 2961 5070 ούρανοῦ,
2994 4998 3089 5052 καὶ
3139 4998 3307 5069 αὐτῆς
3358 4997 3415 5051 δὲ
3440 4998 3539 5069 τῆς
3571 4999 3802 5070 σελήνης

2230 5090 2327 5142 τὸν
2359 5088 2591 5143 κύκλον
2633 5090 2803 5163 ταύτῃ
2834 5093 2915 5144 τοί
2947 5106 3131 5161 φησιν’
3193 5092 3256 5145 Ol
3292 5090 3400 5162 γὰρ
3439 5090 3664 5161 ἀστέρες
3707 5093 3802 5146 τοῦ

2234 5179 2486 5251 ούρανοῦ,
2524 5184 2617 5234 καὶ
2646 5183 2674 5234 ὁ
2714 5182 2925 5253 Ὠρίων,
2958 5184 3051 5236 καὶ
3075 5184 3182 5246 πᾶς
3213 5185 3241 5236 ὁ
3275 5183 3476 5253 κόσμος
3505 5182 3598 5237 τοῦ
3636 5184 3800 5254 οὐρα-

2235 5271 2327 5325 νοῦ
2356 5272 2417 5326 τὸ
2441 5274 2557 5344 φῶς
2581 5274 2642 5327 οὑ
2680 5274 2928 5329 δώσουσι·
2967 5274 3410 5346 σκοτισθήσεσθαι
3449 5273 3505 5327 δὲ
3535 5275 3660 5338 τοὺς
3696 5273 3799 5326 Βα-

2238 5362 2550 5429 ϐυλωνίους,
2576 5364 2693 5436 ἦτοι
2718 5363 2826 5417 τῶν
2871 5365 3226 5420 Βαϐυλωνίων
3275 5364 3366 5417 τὸν
3398 5364 3543 5419 νοῦνο
3574 5366 3668 5418 καὶ
3708 5366 3804 5418 ἀν·-

2239 5456 2476 5527 ίσχοντος
2493 5456 2584 5511 τοῦ
2608 5457 2778 5530 ἡλίου,
2802 5458 2895 5510 καὶ
2916 5455 3340 5527 ἀναλαμπούσης
3362 5455 3802 5527 σελήνης,,καίτοι

2233 5549 2341 5603 τῶν
2370 5549 2647 5625 στοιχείων
2672 5550 2732 5603 ού
2769 5547 3205 5603 συνεσταλκὰτων
3233 5548 3296 5601 τὸ
3329 5547 3467 5617 φῶς,
3496 5547 3612 5601 ἀλλ’
3641 5548 3716 5611 ὡς
3739 5548 3801 5599 ὲκ

2234 5640 2427 5695 πολλοῦ
2448 5640 2697 5712 δείματος
2728 5641 2823 5695 καὶ
2843 5642 2963 5705 ταῖς
2988 5640 3161 5703 θείαις
3200 5640 3391 5713 ὀργαῖς
3430 5638 3800 5711 ὑπενηνεγμέ-

2235 5750 2362 5793 νων,
2383 5732 2550 5786 νύκτα
2570 5747 2628 5784 τε
2653 5732 2748 5785 καὶ
2773 5731 2961 5796 σκότος
2984 5731 3217 5802 ἑχόντων
3246 5730 3326 5792 εἰς
3346 5727 3490 5783 νοῦν.
3531 5726 3798 5782 Ἐντελοῦ-

2232 5844 2331 5898 μαι
2351 5826 2428 5892 δὲ,
2455 5825 2609 5896 φησὶ,
2631 5827 2697 5897 τῇ
2717 5824 3006 5898 οἰκουμένη
3035 5824 3130 5896 ὅλη
3156 5822 3323 5878 κακά.
3352 5822 3395 5876 Τ
3398 5822 3445 5889 ὸ,
3476 5820 3791 5895 Ξντιλοῦμαι
