  <div class='ocr_page' id='page_1' title='image "/cluster/home/n/w/nwhite01/storage/ocr_20150623/70/nnc1.0046980253/196.png"; bbox 0 0 4148 6378; ppageno 0'>
   <div class='ocr_carea' id='block_1_1' title="bbox 342 376 446 430">
    <p class='ocr_par' dir='ltr' id='par_1_1' title="bbox 342 376 446 430">
     <span class='ocr_line' id='line_1_1' title="bbox 342 376 446 430; baseline 0.019 -2"><span class='ocrx_word' id='word_1_1' title='bbox 342 376 446 430; x_wconf 76' lang='lat'><strong>357</strong></span> 
     </span>
    </p>
   </div>
   <div class='ocr_carea' id='block_1_2' title="bbox 1456 376 2455 436">
    <p class='ocr_par' dir='ltr' id='par_1_2' title="bbox 1456 376 2455 436">
     <span class='ocr_line' id='line_1_2' title="bbox 1456 376 2455 436; baseline 0.004 -6"><span class='ocrx_word' id='word_1_2' title='bbox 1456 376 1520 430; x_wconf 76' lang='grc' dir='ltr'><strong>ΙΝ</strong></span> <span class='ocrx_word' id='word_1_3' title='bbox 1564 376 1801 433; x_wconf 83' lang='lat' dir='ltr'><strong>lSAIAM</strong></span> <span class='ocrx_word' id='word_1_4' title='bbox 1839 376 1968 432; x_wconf 85' lang='lat' dir='ltr'><strong>LIB.</strong></span> <span class='ocrx_word' id='word_1_5' title='bbox 2013 377 2076 431; x_wconf 92' lang='lat' dir='ltr'><strong>ll.</strong></span> <span class='ocrx_word' id='word_1_6' title='bbox 2114 377 2354 436; x_wconf 83' lang='lat' dir='ltr'><strong>TOMUS</strong></span> <span class='ocrx_word' id='word_1_7' title='bbox 2392 379 2455 435; x_wconf 91' lang='lat' dir='ltr'><strong>ll.</strong></span> 
     </span>
    </p>
   </div>
   <div class='ocr_carea' id='block_1_3' title="bbox 3489 386 3593 440">
    <p class='ocr_par' dir='ltr' id='par_1_3' title="bbox 3489 386 3593 440">
     <span class='ocr_line' id='line_1_3' title="bbox 3489 386 3593 440; baseline -0.01 0"><span class='ocrx_word' id='word_1_8' title='bbox 3489 386 3593 440; x_wconf 73' lang='lat'><strong>558</strong></span> 
     </span>
    </p>
   </div>
   <div class='ocr_carea' id='block_1_4' title="bbox 341 493 1938 571">
    <p class='ocr_par' dir='ltr' id='par_1_4' title="bbox 341 493 1918 570">
     <span class='ocr_line' id='line_1_4' title="bbox 341 493 1918 570; baseline 0.004 -25"><span class='ocrx_word' id='word_1_9' title='bbox 341 495 528 564; x_wconf 77' lang='grc' dir='ltr'>φησὶν,</span> <span class='ocrx_word' id='word_1_10' title='bbox 553 493 673 547; x_wconf 76' lang='grc' dir='ltr'>ἀντὶ</span> <span class='ocrx_word' id='word_1_11' title='bbox 689 494 805 562; x_wconf 79' lang='grc' dir='ltr'>τοῦ,</span> <span class='ocrx_word' id='word_1_12' title='bbox 829 495 1131 564; x_wconf 81' lang='grc' dir='ltr'>ἀπειλήσω,</span> <span class='ocrx_word' id='word_1_13' title='bbox 1160 495 1326 567; x_wconf 73' lang='grc' dir='ltr'>ἤγουν</span> <span class='ocrx_word' id='word_1_14' title='bbox 1358 498 1717 569; x_wconf 79' lang='grc' dir='ltr'>ἐπενεχθῆναι</span> <span class='ocrx_word' id='word_1_15' title='bbox 1748 515 1918 570; x_wconf 85' lang='grc' dir='ltr'>προσ-</span> 
     </span>
    </p>
   </div>
   <div class='ocr_carea' id='block_1_5' title="bbox 2038 493 3596 571">
    <p class='ocr_par' dir='ltr' id='par_1_5' title="bbox 2038 499 3596 571">
     <span class='ocr_line' id='line_1_5' title="bbox 2038 499 3596 571; baseline 0.001 -16"><span class='ocrx_word' id='word_1_16' title='bbox 2038 500 2172 555; x_wconf 67' lang='lat' dir='ltr'><strong>enim</strong></span> <span class='ocrx_word' id='word_1_17' title='bbox 2229 515 2446 570; x_wconf 86' lang='lat' dir='ltr'><strong>semper</strong></span> <span class='ocrx_word' id='word_1_18' title='bbox 2485 508 2536 554; x_wconf 91' lang='lat' dir='ltr'><strong>et</strong></span> <span class='ocrx_word' id='word_1_19' title='bbox 2598 499 3008 555; x_wconf 87' lang='lat' dir='ltr'><strong>dissolutissima</strong></span> <span class='ocrx_word' id='word_1_20' title='bbox 3091 501 3191 556; x_wconf 78' lang='lat' dir='ltr'><strong>fuit</strong></span> <span class='ocrx_word' id='word_1_21' title='bbox 3253 502 3596 571; x_wconf 83' lang='lat' dir='ltr'><strong>Assyriorum</strong></span> 
     </span>
    </p>
   </div>
   <div class='ocr_carea' id='block_1_6' title="bbox 341 584 1930 657">
    <p class='ocr_par' dir='ltr' id='par_1_6' title="bbox 341 584 1930 657">
     <span class='ocr_line' id='line_1_6' title="bbox 341 584 1930 657; baseline 0.003 -19"><span class='ocrx_word' id='word_1_22' title='bbox 341 585 507 649; x_wconf 78' lang='grc' dir='ltr'>τάξω,</span> <span class='ocrx_word' id='word_1_23' title='bbox 547 584 689 636; x_wconf 83' lang='grc' dir='ltr'>ὥστε</span> <span class='ocrx_word' id='word_1_24' title='bbox 721 586 814 638; x_wconf 76' lang='grc' dir='ltr'>καὶ</span> <span class='ocrx_word' id='word_1_25' title='bbox 862 586 1019 657; x_wconf 80' lang='grc' dir='ltr'>ὕϐριν</span> <span class='ocrx_word' id='word_1_26' title='bbox 1049 587 1265 657; x_wconf 83' lang='grc' dir='ltr'><strong>ἀνόμων</strong></span> <span class='ocrx_word' id='word_1_27' title='bbox 1299 589 1566 655; x_wconf 77' lang='grc' dir='ltr'><strong>καθελεῖν,</strong></span> <span class='ocrx_word' id='word_1_28' title='bbox 1598 591 1930 643; x_wconf 67' lang='grc' dir='ltr'><strong>ταπεινῶσαι</strong></span> 
     </span>
    </p>
   </div>
   <div class='ocr_carea' id='block_1_7' title="bbox 340 673 1931 749">
    <p class='ocr_par' dir='ltr' id='par_1_7' title="bbox 340 673 1931 749">
     <span class='ocr_line' id='line_1_7' title="bbox 340 673 1931 749; baseline 0.004 -21"><span class='ocrx_word' id='word_1_29' title='bbox 340 673 399 728; x_wconf 73' lang='grc' dir='ltr'>δὲ</span> <span class='ocrx_word' id='word_1_30' title='bbox 428 675 555 736; x_wconf 80' lang='grc' dir='ltr'>τοὺς</span> <span class='ocrx_word' id='word_1_31' title='bbox 609 674 1016 747; x_wconf 86' lang='grc' dir='ltr'><strong>ὑπερηφάνους,</strong></span> <span class='ocrx_word' id='word_1_32' title='bbox 1077 677 1277 740; x_wconf 81' lang='grc' dir='ltr'>αὐτοὺς</span> <span class='ocrx_word' id='word_1_33' title='bbox 1310 678 1552 749; x_wconf 86' lang='grc' dir='ltr'>δηλονότι</span> <span class='ocrx_word' id='word_1_34' title='bbox 1582 681 1707 742; x_wconf 80' lang='grc' dir='ltr'>τοὺς</span> <span class='ocrx_word' id='word_1_35' title='bbox 1736 681 1931 744; x_wconf 76' lang='grc' dir='ltr'>ἀλαζό-</span> 
     </span>
    </p>
   </div>
   <div class='ocr_carea' id='block_1_8' title="bbox 340 762 1930 837">
    <p class='ocr_par' dir='ltr' id='par_1_8' title="bbox 340 762 1930 837">
     <span class='ocr_line' id='line_1_8' title="bbox 340 762 1930 837; baseline 0.004 -21"><span class='ocrx_word' id='word_1_36' title='bbox 340 781 458 826; x_wconf 89' lang='grc' dir='ltr'>νας.</span> <span class='ocrx_word' id='word_1_37' title='bbox 511 762 851 833; x_wconf 84' lang='grc' dir='ltr'>’Υπέροπτον</span> <span class='ocrx_word' id='word_1_38' title='bbox 876 765 982 835; x_wconf 89' lang='grc' dir='ltr'><strong>γάρ</strong></span> <span class='ocrx_word' id='word_1_39' title='bbox 1039 781 1156 828; x_wconf 83' lang='grc' dir='ltr'><strong>πως</strong></span> <span class='ocrx_word' id='word_1_40' title='bbox 1185 768 1273 820; x_wconf 77' lang='grc' dir='ltr'>ἀεὶ</span> <span class='ocrx_word' id='word_1_41' title='bbox 1326 767 1418 821; x_wconf 77' lang='grc' dir='ltr'><strong>καὶ</strong></span> <span class='ocrx_word' id='word_1_42' title='bbox 1465 768 1837 837; x_wconf 84' lang='grc' dir='ltr'>ὲξιτηλότατον</span> <span class='ocrx_word' id='word_1_43' title='bbox 1869 770 1930 823; x_wconf 85' lang='grc' dir='ltr'><strong>τὸ</strong></span> 
     </span>
    </p>
   </div>
   <div class='ocr_carea' id='block_1_9' title="bbox 354 854 1927 931">
    <p class='ocr_par' dir='ltr' id='par_1_9' title="bbox 354 854 1927 931">
     <span class='ocr_line' id='line_1_9' title="bbox 354 854 1927 931; baseline 0.003 -23"><span class='ocrx_word' id='word_1_44' title='bbox 354 854 652 925; x_wconf 82' lang='grc' dir='ltr'><strong>Ἀσσυρίων</strong></span> <span class='ocrx_word' id='word_1_45' title='bbox 686 856 909 924; x_wconf 90' lang='grc' dir='ltr'>γέγονεν</span> <span class='ocrx_word' id='word_1_46' title='bbox 935 857 1108 922; x_wconf 77' lang='grc' dir='ltr'>ἔθνος,</span> <span class='ocrx_word' id='word_1_47' title='bbox 1139 859 1232 911; x_wconf 73' lang='grc' dir='ltr'>καὶ</span> <span class='ocrx_word' id='word_1_48' title='bbox 1271 860 1408 929; x_wconf 89' lang='grc' dir='ltr'>πρός</span> <span class='ocrx_word' id='word_1_49' title='bbox 1436 877 1499 929; x_wconf 91' lang='grc' dir='ltr'><strong>γε</strong></span> <span class='ocrx_word' id='word_1_50' title='bbox 1534 860 1707 929; x_wconf 87' lang='grc' dir='ltr'>τούτῳ</span> <span class='ocrx_word' id='word_1_51' title='bbox 1741 860 1927 931; x_wconf 87' lang='grc' dir='ltr'>θεομι-</span> 
     </span>
    </p>
   </div>
   <div class='ocr_carea' id='block_1_10' title="bbox 341 949 1927 1025">
    <p class='ocr_par' dir='ltr' id='par_1_10' title="bbox 341 949 1927 1025">
     <span class='ocr_line' id='line_1_10' title="bbox 341 949 1927 1025; baseline 0.006 -26"><span class='ocrx_word' id='word_1_52' title='bbox 341 949 454 1010; x_wconf 86' lang='grc' dir='ltr'>σές.</span> <span class='ocrx_word' id='word_1_53' title='bbox 483 949 757 1019; x_wconf 89' lang='grc' dir='ltr'>Τετίμητο</span> <span class='ocrx_word' id='word_1_54' title='bbox 779 949 888 1019; x_wconf 80' lang='grc' dir='ltr'><strong>γὰρ</strong></span> <span class='ocrx_word' id='word_1_55' title='bbox 917 952 1044 1022; x_wconf 85' lang='grc' dir='ltr'>παρ’</span> <span class='ocrx_word' id='word_1_56' title='bbox 1068 952 1253 1016; x_wconf 81' lang='grc' dir='ltr'>αὐτοῖς</span> <span class='ocrx_word' id='word_1_57' title='bbox 1279 953 1388 1006; x_wconf 84' lang='grc' dir='ltr'>τῶν</span> <span class='ocrx_word' id='word_1_58' title='bbox 1435 955 1531 1023; x_wconf 82' lang='grc' dir='ltr'><strong>μὲν</strong></span> <span class='ocrx_word' id='word_1_59' title='bbox 1566 954 1806 1025; x_wconf 87' lang='grc' dir='ltr'>ἀρίστων</span> <span class='ocrx_word' id='word_1_60' title='bbox 1836 955 1927 1008; x_wconf 83' lang='grc' dir='ltr'><strong>οὺ-</strong></span> 
     </span>
    </p>
   </div>
   <div class='ocr_carea' id='block_1_11' title="bbox 340 1039 1932 1113">
    <p class='ocr_par' dir='ltr' id='par_1_11' title="bbox 340 1039 1932 1113">
     <span class='ocr_line' id='line_1_11' title="bbox 340 1039 1932 1113; baseline 0.006 -23"><span class='ocrx_word' id='word_1_61' title='bbox 340 1039 451 1092; x_wconf 80' lang='grc' dir='ltr'>δέν·</span> <span class='ocrx_word' id='word_1_62' title='bbox 484 1040 631 1093; x_wconf 75' lang='grc' dir='ltr'>ἅπαν</span> <span class='ocrx_word' id='word_1_63' title='bbox 659 1039 714 1092; x_wconf 83' lang='grc' dir='ltr'>δὲ</span> <span class='ocrx_word' id='word_1_64' title='bbox 748 1041 950 1110; x_wconf 84' lang='grc' dir='ltr'>μᾶλλον</span> <span class='ocrx_word' id='word_1_65' title='bbox 978 1041 1039 1093; x_wconf 88' lang='grc' dir='ltr'><strong>τὸ</strong></span> <span class='ocrx_word' id='word_1_66' title='bbox 1075 1042 1410 1096; x_wconf 88' lang='grc' dir='ltr'>καταλυπεῖν</span> <span class='ocrx_word' id='word_1_67' title='bbox 1437 1046 1681 1113; x_wconf 82' lang='grc' dir='ltr'>πεφυκὸς</span> <span class='ocrx_word' id='word_1_68' title='bbox 1704 1047 1794 1099; x_wconf 84' lang='grc' dir='ltr'><strong>τὸν</strong></span> <span class='ocrx_word' id='word_1_69' title='bbox 1823 1046 1932 1099; x_wconf 85' lang='grc' dir='ltr'><strong>τῶν</strong></span> 
     </span>
    </p>
   </div>
   <div class='ocr_carea' id='block_1_12' title="bbox 340 1129 1932 1209">
    <p class='ocr_par' dir='ltr' id='par_1_12' title="bbox 340 1129 1932 1209">
     <span class='ocr_line' id='line_1_12' title="bbox 340 1129 1932 1209; baseline 0.006 -27"><span class='ocrx_word' id='word_1_70' title='bbox 340 1129 478 1182; x_wconf 81' lang='grc' dir='ltr'>ὅλων</span> <span class='ocrx_word' id='word_1_71' title='bbox 499 1130 652 1185; x_wconf 84' lang='grc' dir='ltr'>Θεόν.</span> <span class='ocrx_word' id='word_1_72' title='bbox 694 1133 894 1185; x_wconf 75' lang='grc' dir='ltr'>’ἰστέον</span> <span class='ocrx_word' id='word_1_73' title='bbox 922 1133 978 1185; x_wconf 87' lang='grc' dir='ltr'>δὲ</span> <span class='ocrx_word' id='word_1_74' title='bbox 1008 1134 1089 1186; x_wconf 77' lang='grc' dir='ltr'><strong>ὅτι</strong></span> <span class='ocrx_word' id='word_1_75' title='bbox 1117 1135 1165 1186; x_wconf 77' lang='grc' dir='ltr'>οἱ</span> <span class='ocrx_word' id='word_1_76' title='bbox 1196 1136 1294 1206; x_wconf 84' lang='grc' dir='ltr'><strong>τὴν</strong></span> <span class='ocrx_word' id='word_1_77' title='bbox 1325 1135 1473 1189; x_wconf 91' lang='grc' dir='ltr'>θείαν</span> <span class='ocrx_word' id='word_1_78' title='bbox 1505 1137 1932 1209; x_wconf 82' lang='grc' dir='ltr'>διερμηνεύσαν-</span> 
     </span>
    </p>
   </div>
   <div class='ocr_carea' id='block_1_13' title="bbox 341 1222 1935 1300">
    <p class='ocr_par' dir='ltr' id='par_1_13' title="bbox 341 1222 1935 1300">
     <span class='ocr_line' id='line_1_13' title="bbox 341 1222 1935 1300; baseline 0.006 -27"><span class='ocrx_word' id='word_1_79' title='bbox 341 1236 435 1284; x_wconf 90' lang='grc' dir='ltr'><strong>τες</strong></span> <span class='ocrx_word' id='word_1_80' title='bbox 464 1222 708 1293; x_wconf 83' lang='grc' dir='ltr'>Γραφὴν,</span> <span class='ocrx_word' id='word_1_81' title='bbox 762 1223 1014 1293; x_wconf 84' lang='grc' dir='ltr'><strong>Ὠρίωνος</strong></span> <span class='ocrx_word' id='word_1_82' title='bbox 1067 1226 1390 1296; x_wconf 81' lang='grc' dir='ltr'><strong>πεποίηνται</strong></span> <span class='ocrx_word' id='word_1_83' title='bbox 1440 1229 1680 1300; x_wconf 82' lang='grc' dir='ltr'><strong>μνήμην,</strong></span> <span class='ocrx_word' id='word_1_84' title='bbox 1718 1229 1776 1282; x_wconf 87' lang='grc' dir='ltr'><strong>ἓν</strong></span> <span class='ocrx_word' id='word_1_85' title='bbox 1828 1230 1935 1284; x_wconf 80' lang='grc' dir='ltr'>τῶν</span> 
     </span>
    </p>
   </div>
   <div class='ocr_carea' id='block_1_14' title="bbox 343 1315 1933 1392">
    <p class='ocr_par' dir='ltr' id='par_1_14' title="bbox 343 1315 1933 1392">
     <span class='ocr_line' id='line_1_14' title="bbox 343 1315 1933 1392; baseline 0.006 -25"><span class='ocrx_word' id='word_1_86' title='bbox 343 1315 592 1387; x_wconf 87' lang='grc' dir='ltr'><strong>ἀστέρων</strong></span> <span class='ocrx_word' id='word_1_87' title='bbox 615 1316 676 1368; x_wconf 86' lang='grc' dir='ltr'><strong>τὸ</strong></span> <span class='ocrx_word' id='word_1_88' title='bbox 705 1317 1111 1387; x_wconf 77' lang='grc' dir='ltr'><strong>ἐπισημότατον</strong></span> <span class='ocrx_word' id='word_1_89' title='bbox 1135 1319 1203 1371; x_wconf 87' lang='grc' dir='ltr'>δι’</span> <span class='ocrx_word' id='word_1_90' title='bbox 1236 1320 1400 1373; x_wconf 77' lang='grc' dir='ltr'>αὐτοῦ</span> <span class='ocrx_word' id='word_1_91' title='bbox 1433 1322 1808 1392; x_wconf 86' lang='grc' dir='ltr'>σημαίνοντες,</span> <span class='ocrx_word' id='word_1_92' title='bbox 1840 1324 1933 1377; x_wconf 76' lang='grc' dir='ltr'>καὶ</span> 
     </span>
    </p>
   </div>
   <div class='ocr_carea' id='block_1_15' title="bbox 343 1407 1931 1484">
    <p class='ocr_par' dir='ltr' id='par_1_15' title="bbox 343 1407 1931 1484">
     <span class='ocr_line' id='line_1_15' title="bbox 343 1407 1931 1484; baseline 0.005 -24"><span class='ocrx_word' id='word_1_93' title='bbox 343 1407 404 1460; x_wconf 73' lang='grc' dir='ltr'><strong>οὗ</strong></span> <span class='ocrx_word' id='word_1_94' title='bbox 439 1407 492 1459; x_wconf 92' lang='grc' dir='ltr'><strong>τί</strong></span> <span class='ocrx_word' id='word_1_95' title='bbox 522 1425 625 1461; x_wconf 86' lang='grc' dir='ltr'><strong>που</strong></span> <span class='ocrx_word' id='word_1_96' title='bbox 660 1408 878 1471; x_wconf 88' lang='grc' dir='ltr'>πάντως</span> <span class='ocrx_word' id='word_1_97' title='bbox 904 1412 1024 1472; x_wconf 89' lang='grc' dir='ltr'>ταῖς</span> <span class='ocrx_word' id='word_1_98' title='bbox 1059 1410 1330 1482; x_wconf 85' lang='grc' dir='ltr'>Ἑλλήνων</span> <span class='ocrx_word' id='word_1_99' title='bbox 1363 1413 1672 1484; x_wconf 88' lang='grc' dir='ltr'>τερθρείαις</span> <span class='ocrx_word' id='word_1_100' title='bbox 1700 1432 1931 1468; x_wconf 86' lang='grc' dir='ltr'>κατακο-</span> 
     </span>
    </p>
   </div>
   <div class='ocr_carea' id='block_1_16' title="bbox 343 1495 1930 1575">
    <p class='ocr_par' dir='ltr' id='par_1_16' title="bbox 343 1495 1930 1575">
     <span class='ocr_line' id='line_1_16' title="bbox 343 1495 1930 1575; baseline 0.009 -30"><span class='ocrx_word' id='word_1_101' title='bbox 343 1495 704 1566; x_wconf 76' lang='grc' dir='ltr'>λουθήσαντες</span> <span class='ocrx_word' id='word_1_102' title='bbox 725 1497 793 1550; x_wconf 81' lang='grc' dir='ltr'>τὰ</span> <span class='ocrx_word' id='word_1_103' title='bbox 826 1498 1001 1550; x_wconf 83' lang='grc' dir='ltr'>τοιάδε</span> <span class='ocrx_word' id='word_1_104' title='bbox 1035 1499 1218 1567; x_wconf 74' lang='grc' dir='ltr'>φασὶν,</span> <span class='ocrx_word' id='word_1_105' title='bbox 1252 1503 1658 1573; x_wconf 84' lang='grc' dir='ltr'>κατεχρήσαντο</span> <span class='ocrx_word' id='word_1_106' title='bbox 1701 1505 1756 1557; x_wconf 84' lang='grc' dir='ltr'>δὲ</span> <span class='ocrx_word' id='word_1_107' title='bbox 1795 1505 1930 1575; x_wconf 83' lang='grc' dir='ltr'>μᾶλ-</span> 
     </span>
    </p>
   </div>
   <div class='ocr_carea' id='block_1_17' title="bbox 2035 589 3601 660">
    <p class='ocr_par' dir='ltr' id='par_1_17' title="bbox 2035 589 3601 660">
     <span class='ocr_line' id='line_1_17' title="bbox 2035 589 3601 660; baseline 0.001 -16"><span class='ocrx_word' id='word_1_108' title='bbox 2035 591 2202 655; x_wconf 89' lang='lat' dir='ltr'><strong>natio,</strong></span> <span class='ocrx_word' id='word_1_109' title='bbox 2229 601 2282 644; x_wconf 86' lang='lat' dir='ltr'><strong>et</strong></span> <span class='ocrx_word' id='word_1_110' title='bbox 2313 606 2473 659; x_wconf 91' lang='lat' dir='ltr'><strong>porro</strong></span> <span class='ocrx_word' id='word_1_111' title='bbox 2510 589 2618 646; x_wconf 89' lang='lat' dir='ltr'><strong>Deo</strong></span> <span class='ocrx_word' id='word_1_112' title='bbox 2658 591 2849 644; x_wconf 78' lang='lat' dir='ltr'><strong>invisa.</strong></span> <span class='ocrx_word' id='word_1_113' title='bbox 2885 590 3156 660; x_wconf 85' lang='lat' dir='ltr'><strong>Quidquid</strong></span> <span class='ocrx_word' id='word_1_114' title='bbox 3213 592 3356 646; x_wconf 87' lang='lat' dir='ltr'><strong>enim</strong></span> <span class='ocrx_word' id='word_1_115' title='bbox 3401 595 3601 646; x_wconf 89' lang='lat' dir='ltr'><strong>bonum</strong></span> 
     </span>
    </p>
   </div>
   <div class='ocr_carea' id='block_1_18' title="bbox 2030 677 3598 747">
    <p class='ocr_par' dir='ltr' id='par_1_18' title="bbox 2030 677 3598 747">
     <span class='ocr_line' id='line_1_18' title="bbox 2030 677 3598 747; baseline 0.001 -14"><span class='ocrx_word' id='word_1_116' title='bbox 2030 688 2134 743; x_wconf 89' lang='lat' dir='ltr'><strong>est,</strong></span> <span class='ocrx_word' id='word_1_117' title='bbox 2157 677 2298 731; x_wconf 92' lang='lat' dir='ltr'><strong>nullo</strong></span> <span class='ocrx_word' id='word_1_118' title='bbox 2324 679 2460 747; x_wconf 88' lang='lat' dir='ltr'><strong>apud</strong></span> <span class='ocrx_word' id='word_1_119' title='bbox 2490 693 2584 734; x_wconf 92' lang='lat' dir='ltr'><strong>eos</strong></span> <span class='ocrx_word' id='word_1_120' title='bbox 2615 679 2668 732; x_wconf 92' lang='lat' dir='ltr'><strong>in</strong></span> <span class='ocrx_word' id='word_1_121' title='bbox 2691 679 2891 732; x_wconf 85' lang='lat' dir='ltr'><strong>honore</strong></span> <span class='ocrx_word' id='word_1_122' title='bbox 2922 681 3251 734; x_wconf 87' lang='lat' dir='ltr'><strong>habebatur:</strong></span> <span class='ocrx_word' id='word_1_123' title='bbox 3285 682 3468 735; x_wconf 88' lang='lat' dir='ltr'><strong>omnia</strong></span> <span class='ocrx_word' id='word_1_124' title='bbox 3498 697 3598 735; x_wconf 91' lang='lat' dir='ltr'><strong>au-</strong></span> 
     </span>
    </p>
   </div>
   <div class='ocr_carea' id='block_1_19' title="bbox 2033 768 3597 827">
    <p class='ocr_par' dir='ltr' id='par_1_19' title="bbox 2033 768 3597 827">
     <span class='ocr_line' id='line_1_19' title="bbox 2033 768 3597 827; baseline 0.003 -5"><span class='ocrx_word' id='word_1_125' title='bbox 2033 779 2137 823; x_wconf 91' lang='lat' dir='ltr'><strong>tem</strong></span> <span class='ocrx_word' id='word_1_126' title='bbox 2163 768 2377 823; x_wconf 82' lang='lat' dir='ltr'><strong>fuerunt</strong></span> <span class='ocrx_word' id='word_1_127' title='bbox 2441 771 2506 823; x_wconf 92' lang='lat' dir='ltr'><strong>ad</strong></span> <span class='ocrx_word' id='word_1_128' title='bbox 2569 769 2928 825; x_wconf 88' lang='lat' dir='ltr'><strong>universitatis</strong></span> <span class='ocrx_word' id='word_1_129' title='bbox 2996 772 3157 825; x_wconf 86' lang='lat' dir='ltr'><strong>Deutn</strong></span> <span class='ocrx_word' id='word_1_130' title='bbox 3225 771 3597 827; x_wconf 67' lang='lat' dir='ltr'><strong>oﬂ‘endendum</strong></span> 
     </span>
    </p>
   </div>
   <div class='ocr_carea' id='block_1_20' title="bbox 2031 858 3601 929">
    <p class='ocr_par' dir='ltr' id='par_1_20' title="bbox 2031 858 3601 929">
     <span class='ocr_line' id='line_1_20' title="bbox 2031 858 3601 929; baseline 0.002 -18"><span class='ocrx_word' id='word_1_131' title='bbox 2031 868 2361 927; x_wconf 83' lang='lat' dir='ltr'><strong>comparata.</strong></span> <span class='ocrx_word' id='word_1_132' title='bbox 2416 858 2701 912; x_wconf 87' lang='lat' dir='ltr'><strong>Sciendum</strong></span> <span class='ocrx_word' id='word_1_133' title='bbox 2749 874 2877 912; x_wconf 85' lang='lat' dir='ltr'><strong>vero</strong></span> <span class='ocrx_word' id='word_1_134' title='bbox 2931 859 3020 928; x_wconf 89' lang='lat' dir='ltr'><strong>qui</strong></span> <span class='ocrx_word' id='word_1_135' title='bbox 3093 859 3427 929; x_wconf 87' lang='lat' dir='ltr'><strong>interpretati</strong></span> <span class='ocrx_word' id='word_1_136' title='bbox 3476 870 3601 914; x_wconf 89' lang='lat' dir='ltr'><strong>sunt</strong></span> 
     </span>
    </p>
   </div>
   <div class='ocr_carea' id='block_1_21' title="bbox 2031 948 3596 1018">
    <p class='ocr_par' dir='ltr' id='par_1_21' title="bbox 2031 948 3596 1018">
     <span class='ocr_line' id='line_1_21' title="bbox 2031 948 3596 1018; baseline -0.001 -14"><span class='ocrx_word' id='word_1_137' title='bbox 2031 950 2267 1004; x_wconf 78' lang='lat' dir='ltr'><strong>divinant</strong></span> <span class='ocrx_word' id='word_1_138' title='bbox 2318 948 2674 1018; x_wconf 90' lang='lat' dir='ltr'><strong>Scripturam,</strong></span> <span class='ocrx_word' id='word_1_139' title='bbox 2732 948 2948 1004; x_wconf 84' lang='lat' dir='ltr'><strong>Orionis</strong></span> <span class='ocrx_word' id='word_1_140' title='bbox 3011 950 3200 1005; x_wconf 80' lang='lat' dir='ltr'><strong>fecisse</strong></span> <span class='ocrx_word' id='word_1_141' title='bbox 3250 951 3596 1013; x_wconf 75' lang='lat' dir='ltr'><strong>mentionem,</strong></span> 
     </span>
    </p>
   </div>
   <div class='ocr_carea' id='block_1_22' title="bbox 2035 1041 3598 1111">
    <p class='ocr_par' dir='ltr' id='par_1_22' title="bbox 2035 1041 3598 1111">
     <span class='ocr_line' id='line_1_22' title="bbox 2035 1041 3598 1111; baseline -0.001 -15"><span class='ocrx_word' id='word_1_142' title='bbox 2035 1051 2090 1097; x_wconf 91' lang='lat' dir='ltr'><strong>ut</strong></span> <span class='ocrx_word' id='word_1_143' title='bbox 2121 1058 2282 1096; x_wconf 90' lang='lat' dir='ltr'><strong>unum</strong></span> <span class='ocrx_word' id='word_1_144' title='bbox 2310 1041 2521 1110; x_wconf 85' lang='lat' dir='ltr'><strong>aliquod</strong></span> <span class='ocrx_word' id='word_1_145' title='bbox 2571 1059 2637 1094; x_wconf 86' lang='lat' dir='ltr'><strong>ex</strong></span> <span class='ocrx_word' id='word_1_146' title='bbox 2694 1043 2856 1096; x_wconf 85' lang='lat' dir='ltr'><strong>astris</strong></span> <span class='ocrx_word' id='word_1_147' title='bbox 2917 1042 3342 1111; x_wconf 83' lang='lat' dir='ltr'><strong>insignissimum</strong></span> <span class='ocrx_word' id='word_1_148' title='bbox 3389 1042 3598 1109; x_wconf 80' lang='lat' dir='ltr'><strong>signiﬁ-</strong></span> 
     </span>
    </p>
   </div>
   <div class='ocr_carea' id='block_1_23' title="bbox 2032 1138 3599 1206">
    <p class='ocr_par' dir='ltr' id='par_1_23' title="bbox 2032 1138 3599 1206">
     <span class='ocr_line' id='line_1_23' title="bbox 2032 1138 3599 1206; baseline 0.001 -13"><span class='ocrx_word' id='word_1_149' title='bbox 2032 1147 2248 1203; x_wconf 90' lang='lat' dir='ltr'><strong>carent;</strong></span> <span class='ocrx_word' id='word_1_150' title='bbox 2280 1152 2396 1202; x_wconf 88' lang='lat' dir='ltr'><strong>nec,</strong></span> <span class='ocrx_word' id='word_1_151' title='bbox 2439 1138 2599 1206; x_wconf 87' lang='lat'><strong>222</strong></span> <span class='ocrx_word' id='word_1_152' title='bbox 2633 1139 2757 1191; x_wconf 89' lang='lat' dir='ltr'><strong>dum</strong></span> <span class='ocrx_word' id='word_1_153' title='bbox 2806 1139 2904 1192; x_wconf 89' lang='lat' dir='ltr'><strong>ista</strong></span> <span class='ocrx_word' id='word_1_154' title='bbox 2940 1139 3144 1200; x_wconf 87' lang='lat' dir='ltr'><strong>dicunt.</strong></span> <span class='ocrx_word' id='word_1_155' title='bbox 3177 1138 3482 1194; x_wconf 71' lang='lat' dir='ltr'><strong>Graecorum</strong></span> <span class='ocrx_word' id='word_1_156' title='bbox 3516 1142 3599 1194; x_wconf 84' lang='lat' dir='ltr'><strong>in-</strong></span> 
     </span>
    </p>
   </div>
   <div class='ocr_carea' id='block_1_24' title="bbox 2033 1230 3597 1299">
    <p class='ocr_par' dir='ltr' id='par_1_24' title="bbox 2033 1230 3597 1299">
     <span class='ocr_line' id='line_1_24' title="bbox 2033 1230 3597 1299; baseline 0.001 -15"><span class='ocrx_word' id='word_1_157' title='bbox 2033 1239 2369 1284; x_wconf 88' lang='lat' dir='ltr'><strong>cantamenta</strong></span> <span class='ocrx_word' id='word_1_158' title='bbox 2408 1232 2576 1284; x_wconf 89' lang='lat' dir='ltr'><strong>secuti</strong></span> <span class='ocrx_word' id='word_1_159' title='bbox 2616 1237 2760 1295; x_wconf 89' lang='lat' dir='ltr'><strong>sunt,</strong></span> <span class='ocrx_word' id='word_1_160' title='bbox 2794 1230 2886 1284; x_wconf 87' lang='lat' dir='ltr'><strong>sed</strong></span> <span class='ocrx_word' id='word_1_161' title='bbox 2923 1232 3099 1299; x_wconf 78' lang='lat' dir='ltr'><strong>potius</strong></span> <span class='ocrx_word' id='word_1_162' title='bbox 3146 1232 3296 1285; x_wconf 88' lang='lat' dir='ltr'><strong>abusi</strong></span> <span class='ocrx_word' id='word_1_163' title='bbox 3336 1241 3460 1286; x_wconf 84' lang='lat' dir='ltr'><strong>sunt</strong></span> <span class='ocrx_word' id='word_1_164' title='bbox 3501 1249 3597 1286; x_wconf 91' lang='lat' dir='ltr'><strong>no-</strong></span> 
     </span>
    </p>
   </div>
   <div class='ocr_carea' id='block_1_25' title="bbox 2034 1323 3597 1394">
    <p class='ocr_par' dir='ltr' id='par_1_25' title="bbox 2034 1323 3597 1394">
     <span class='ocr_line' id='line_1_25' title="bbox 2034 1323 3597 1394; baseline 0.003 -18"><span class='ocrx_word' id='word_1_165' title='bbox 2034 1324 2177 1376; x_wconf 86' lang='lat' dir='ltr'><strong>mine</strong></span> <span class='ocrx_word' id='word_1_166' title='bbox 2213 1323 2410 1376; x_wconf 89' lang='lat' dir='ltr'><strong>usitato</strong></span> <span class='ocrx_word' id='word_1_167' title='bbox 2431 1331 2484 1376; x_wconf 92' lang='lat' dir='ltr'><strong>et</strong></span> <span class='ocrx_word' id='word_1_168' title='bbox 2516 1323 2663 1386; x_wconf 92' lang='lat' dir='ltr'><strong>trito,</strong></span> <span class='ocrx_word' id='word_1_169' title='bbox 2693 1324 3139 1390; x_wconf 72' lang='lat' dir='ltr'><strong>quemadmodum</strong></span> <span class='ocrx_word' id='word_1_170' title='bbox 3172 1326 3413 1394; x_wconf 78' lang='lat' dir='ltr'><strong>profecto</strong></span> <span class='ocrx_word' id='word_1_171' title='bbox 3437 1329 3597 1381; x_wconf 90' lang='lat' dir='ltr'><strong>etiam</strong></span> 
     </span>
    </p>
   </div>
   <div class='ocr_carea' id='block_1_26' title="bbox 2037 1415 3597 1485">
    <p class='ocr_par' dir='ltr' id='par_1_26' title="bbox 2037 1415 3597 1485">
     <span class='ocr_line' id='line_1_26' title="bbox 2037 1415 3597 1485; baseline 0.003 -17"><span class='ocrx_word' id='word_1_172' title='bbox 2037 1417 2090 1468; x_wconf 90' lang='lat' dir='ltr'><strong>in</strong></span> <span class='ocrx_word' id='word_1_173' title='bbox 2120 1415 2222 1469; x_wconf 81' lang='lat' dir='ltr'><strong>Job</strong></span> <span class='ocrx_word' id='word_1_174' title='bbox 2249 1416 2504 1485; x_wconf 90' lang='lat' dir='ltr'><strong>scriptum</strong></span> <span class='ocrx_word' id='word_1_175' title='bbox 2553 1426 2662 1469; x_wconf 90' lang='lat' dir='ltr'><strong>est:</strong></span> <span class='ocrx_word' id='word_1_176' title='bbox 2701 1435 2719 1467; x_wconf 74' lang='grc' dir='ltr'><strong>ι</strong></span> <span class='ocrx_word' id='word_1_177' title='bbox 2777 1415 2875 1482; x_wconf 85' lang='lat' dir='ltr'><strong>Qui</strong></span> <span class='ocrx_word' id='word_1_178' title='bbox 2903 1416 3028 1470; x_wconf 82' lang='lat' dir='ltr'><strong>facit</strong></span> <span class='ocrx_word' id='word_1_179' title='bbox 3083 1417 3325 1472; x_wconf 75' lang='lat' dir='ltr'><strong>Pleiadas</strong></span> <span class='ocrx_word' id='word_1_180' title='bbox 3386 1428 3439 1472; x_wconf 86' lang='lat' dir='ltr'><strong>et</strong></span> <span class='ocrx_word' id='word_1_181' title='bbox 3493 1418 3597 1472; x_wconf 84' lang='lat' dir='ltr'><strong>Ve-</strong></span> 
     </span>
    </p>
   </div>
   <div class='ocr_carea' id='block_1_27' title="bbox 2036 1504 3509 1574">
    <p class='ocr_par' dir='ltr' id='par_1_27' title="bbox 2036 1504 3509 1574">
     <span class='ocr_line' id='line_1_27' title="bbox 2036 1504 3509 1574; baseline 0.002 -15"><span class='ocrx_word' id='word_1_182' title='bbox 2036 1519 2274 1573; x_wconf 90' lang='lat' dir='ltr'><strong>sperum,</strong></span> <span class='ocrx_word' id='word_1_183' title='bbox 2317 1514 2370 1558; x_wconf 91' lang='lat' dir='ltr'><strong>et</strong></span> <span class='ocrx_word' id='word_1_184' title='bbox 2407 1504 2718 1569; x_wconf 84' lang='lat' dir='ltr'><strong>Arcturum,</strong></span> <span class='ocrx_word' id='word_1_185' title='bbox 2752 1515 2808 1559; x_wconf 92' lang='lat' dir='ltr'><strong>et</strong></span> <span class='ocrx_word' id='word_1_186' title='bbox 2841 1507 3204 1574; x_wconf 86' lang='lat' dir='ltr'><strong>promptuaria</strong></span> <span class='ocrx_word' id='word_1_187' title='bbox 3234 1506 3353 1560; x_wconf 87' lang='lat' dir='ltr'><strong>Noti</strong></span> <span class='ocrx_word' id='word_1_188' title='bbox 3381 1509 3444 1562; x_wconf 77' lang='grc'><strong>⁹³.</strong></span> <span class='ocrx_word' id='word_1_189' title='bbox 3490 1527 3509 1561; x_wconf 77' lang='grc' dir='ltr'><strong>ι</strong></span> 
     </span>
    </p>
   </div>
   <div class='ocr_carea' id='block_1_28' title="bbox 344 1590 3600 1670">
    <p class='ocr_par' dir='ltr' id='par_1_28' title="bbox 344 1590 3600 1670">
     <span class='ocr_line' id='line_1_28' title="bbox 344 1590 3600 1670; baseline 0.005 -29"><span class='ocrx_word' id='word_1_190' title='bbox 344 1590 534 1661; x_wconf 85' lang='grc' dir='ltr'>λοντῷ</span> <span class='ocrx_word' id='word_1_191' title='bbox 563 1591 704 1645; x_wconf 79' lang='grc' dir='ltr'>κατὰ</span> <span class='ocrx_word' id='word_1_192' title='bbox 730 1591 1016 1663; x_wconf 79' lang='grc' dir='ltr'>συνήθειαν</span> <span class='ocrx_word' id='word_1_193' title='bbox 1038 1593 1281 1665; x_wconf 84' lang='grc' dir='ltr'>ὀνόματι,</span> <span class='ocrx_word' id='word_1_194' title='bbox 1317 1596 1569 1667; x_wconf 87' lang='grc' dir='ltr'>καθάπερ</span> <span class='ocrx_word' id='word_1_195' title='bbox 1612 1599 1802 1669; x_wconf 85' lang='grc' dir='ltr'>ἀμέλει</span> <span class='ocrx_word' id='word_1_196' title='bbox 1839 1599 1933 1654; x_wconf 72' lang='grc' dir='ltr'>καὶ</span> <span class='ocrx_word' id='word_1_197' title='bbox 1971 1599 2029 1652; x_wconf 86' lang='grc' dir='ltr'>ὲν</span> <span class='ocrx_word' id='word_1_198' title='bbox 2065 1599 2142 1670; x_wconf 82' lang='grc' dir='ltr'>τῷ</span> <span class='ocrx_word' id='word_1_199' title='bbox 2183 1598 2304 1652; x_wconf 80' lang='grc' dir='ltr'><strong>’1ὼὸ</strong></span> <span class='ocrx_word' id='word_1_200' title='bbox 2335 1598 2666 1670; x_wconf 88' lang='grc' dir='ltr'>γέγραπται·</span> <span class='ocrx_word' id='word_1_201' title='bbox 2709 1617 2728 1651; x_wconf 73' lang='grc' dir='ltr'><strong>ι</strong></span> <span class='ocrx_word' id='word_1_202' title='bbox 2768 1600 2826 1653; x_wconf 84' lang='lat'><strong>&#39;0</strong></span> <span class='ocrx_word' id='word_1_203' title='bbox 2857 1599 3027 1654; x_wconf 85' lang='grc' dir='ltr'>ποιῶν</span> <span class='ocrx_word' id='word_1_204' title='bbox 3073 1601 3307 1656; x_wconf 82' lang='grc' dir='ltr'>Πλειάδα</span> <span class='ocrx_word' id='word_1_205' title='bbox 3345 1604 3438 1657; x_wconf 80' lang='grc' dir='ltr'><strong>καὶ</strong></span> <span class='ocrx_word' id='word_1_206' title='bbox 3479 1605 3600 1657; x_wconf 87' lang='grc' dir='ltr'>Ἔσ-</span> 
     </span>
    </p>
   </div>
   <div class='ocr_carea' id='block_1_29' title="bbox 345 1685 1644 1762">
    <p class='ocr_par' dir='ltr' id='par_1_29' title="bbox 345 1685 1644 1762">
     <span class='ocr_line' id='line_1_29' title="bbox 345 1685 1644 1762; baseline 0.005 -25"><span class='ocrx_word' id='word_1_207' title='bbox 345 1702 512 1756; x_wconf 83' lang='grc' dir='ltr'>περον</span> <span class='ocrx_word' id='word_1_208' title='bbox 541 1685 635 1739; x_wconf 74' lang='grc' dir='ltr'><strong>καὶ</strong></span> <span class='ocrx_word' id='word_1_209' title='bbox 677 1687 1005 1758; x_wconf 81' lang='grc' dir='ltr'>Ἀρκτοῦρον</span> <span class='ocrx_word' id='word_1_210' title='bbox 1033 1690 1129 1742; x_wconf 76' lang='grc' dir='ltr'><strong>καὶ</strong></span> <span class='ocrx_word' id='word_1_211' title='bbox 1159 1693 1380 1762; x_wconf 81' lang='grc' dir='ltr'>ταμιεῖα</span> <span class='ocrx_word' id='word_1_212' title='bbox 1419 1693 1644 1746; x_wconf 76' lang='grc' dir='ltr'>Νότου.»</span> 
     </span>
    </p>
   </div>
   <div class='ocr_carea' id='block_1_30' title="bbox 416 1780 1938 1858">
    <p class='ocr_par' dir='ltr' id='par_1_30' title="bbox 416 1780 1937 1858">
     <span class='ocr_line' id='line_1_30' title="bbox 416 1780 1937 1858; baseline 0.006 -24"><span class='ocrx_word' id='word_1_213' title='bbox 416 1782 526 1834; x_wconf 75' lang='grc' dir='ltr'><strong>Καὶ</strong></span> <span class='ocrx_word' id='word_1_214' title='bbox 558 1780 802 1836; x_wconf 79' lang='grc' dir='ltr'>ἔσονται</span> <span class='ocrx_word' id='word_1_215' title='bbox 833 1787 886 1837; x_wconf 80' lang='grc' dir='ltr'>οἱ</span> <span class='ocrx_word' id='word_1_216' title='bbox 927 1787 1460 1855; x_wconf 74' lang='grc' dir='ltr'>καταλελειμμένοι</span> <span class='ocrx_word' id='word_1_217' title='bbox 1517 1787 1742 1857; x_wconf 76' lang='grc' dir='ltr'>ἔντιμοι</span> <span class='ocrx_word' id='word_1_218' title='bbox 1787 1789 1937 1858; x_wconf 81' lang='grc' dir='ltr'>μᾶλ-</span> 
     </span>
    </p>
   </div>
   <div class='ocr_carea' id='block_1_31' title="bbox 2038 1780 3599 1858">
    <p class='ocr_par' dir='ltr' id='par_1_31' title="bbox 2113 1782 3599 1857">
     <span class='ocr_line' id='line_1_31' title="bbox 2113 1782 3599 1857; baseline 0.003 -16"><span class='ocrx_word' id='word_1_219' title='bbox 2113 1787 2278 1841; x_wconf 76' lang='lat' dir='ltr'><strong>Vsas.</strong></span> <span class='ocrx_word' id='word_1_220' title='bbox 2312 1785 2399 1840; x_wconf 68' lang='grc' dir='ltr'><strong>ιε.</strong></span> <span class='ocrx_word' id='word_1_221' title='bbox 2429 1782 2498 1838; x_wconf 87' lang='lat' dir='ltr'><strong>Et</strong></span> <span class='ocrx_word' id='word_1_222' title='bbox 2524 1795 2673 1839; x_wconf 87' lang='lat' dir='ltr'><strong>erunt</strong></span> <span class='ocrx_word' id='word_1_223' title='bbox 2717 1788 3020 1855; x_wconf 85' lang='lat' dir='ltr'><strong>superstites</strong></span> <span class='ocrx_word' id='word_1_224' title='bbox 3082 1789 3412 1857; x_wconf 74' lang='lat' dir='ltr'><strong>pretiosiores</strong></span> <span class='ocrx_word' id='word_1_225' title='bbox 3469 1809 3599 1846; x_wconf 81' lang='lat' dir='ltr'><strong>auro</strong></span> 
     </span>
    </p>
   </div>
   <div class='ocr_carea' id='block_1_32' title="bbox 346 1873 1930 1947">
    <p class='ocr_par' dir='ltr' id='par_1_32' title="bbox 346 1873 1930 1947">
     <span class='ocr_line' id='line_1_32' title="bbox 346 1873 1930 1947; baseline 0.003 -19"><span class='ocrx_word' id='word_1_226' title='bbox 346 1877 462 1928; x_wconf 78' lang='grc' dir='ltr'>λον</span> <span class='ocrx_word' id='word_1_227' title='bbox 510 1874 549 1941; x_wconf 77' lang='grc' dir='ltr'>ἢ</span> <span class='ocrx_word' id='word_1_228' title='bbox 579 1873 646 1926; x_wconf 86' lang='grc' dir='ltr'>τὸ</span> <span class='ocrx_word' id='word_1_229' title='bbox 675 1875 935 1942; x_wconf 73' lang='grc' dir='ltr'>χρυσίον</span> <span class='ocrx_word' id='word_1_230' title='bbox 965 1876 1030 1928; x_wconf 85' lang='grc' dir='ltr'>τὸ</span> <span class='ocrx_word' id='word_1_231' title='bbox 1081 1875 1334 1945; x_wconf 79' lang='grc' dir='ltr'>ἄπυρον·</span> <span class='ocrx_word' id='word_1_232' title='bbox 1376 1878 1474 1930; x_wconf 78' lang='grc' dir='ltr'><strong>καὶ</strong></span> <span class='ocrx_word' id='word_1_233' title='bbox 1535 1881 1567 1931; x_wconf 87' lang='grc' dir='ltr'><strong>ό</strong></span> <span class='ocrx_word' id='word_1_234' title='bbox 1621 1879 1930 1947; x_wconf 76' lang='grc' dir='ltr'>ἅνθρωπος</span> 
     </span>
    </p>
   </div>
   <div class='ocr_carea' id='block_1_33' title="bbox 344 1964 1854 2037">
    <p class='ocr_par' dir='ltr' id='par_1_33' title="bbox 344 1964 1854 2037">
     <span class='ocr_line' id='line_1_33' title="bbox 344 1964 1854 2037; baseline 0.002 -17"><span class='ocrx_word' id='word_1_235' title='bbox 344 1965 586 2034; x_wconf 81' lang='grc' dir='ltr'>μᾶλλον</span> <span class='ocrx_word' id='word_1_236' title='bbox 613 1964 854 2034; x_wconf 76' lang='grc' dir='ltr'>ἔντιμος</span> <span class='ocrx_word' id='word_1_237' title='bbox 883 1965 1076 2029; x_wconf 78' lang='grc' dir='ltr'>ἔσται,</span> <span class='ocrx_word' id='word_1_238' title='bbox 1107 1965 1146 2034; x_wconf 82' lang='grc' dir='ltr'>ἢ</span> <span class='ocrx_word' id='word_1_239' title='bbox 1172 1969 1204 2020; x_wconf 81' lang='grc' dir='ltr'><strong>ό</strong></span> <span class='ocrx_word' id='word_1_240' title='bbox 1226 1967 1395 2033; x_wconf 80' lang='grc' dir='ltr'><strong>λίθος</strong></span> <span class='ocrx_word' id='word_1_241' title='bbox 1423 1969 1454 2019; x_wconf 86' lang='grc' dir='ltr'><em>ὁ</em></span> <span class='ocrx_word' id='word_1_242' title='bbox 1481 1967 1548 2020; x_wconf 77' lang='grc' dir='ltr'>ἐκ</span> <span class='ocrx_word' id='word_1_243' title='bbox 1576 1969 1854 2037; x_wconf 74' lang='grc' dir='ltr'>Σουςρείρ.</span> 
     </span>
    </p>
   </div>
   <div class='ocr_carea' id='block_1_34' title="bbox 421 2056 1932 2132">
    <p class='ocr_par' dir='ltr' id='par_1_34' title="bbox 421 2056 1932 2132">
     <span class='ocr_line' id='line_1_34' title="bbox 421 2056 1932 2132; baseline 0.006 -25"><span class='ocrx_word' id='word_1_244' title='bbox 421 2056 679 2127; x_wconf 87' lang='grc' dir='ltr'>Ἔντιμον</span> <span class='ocrx_word' id='word_1_245' title='bbox 713 2057 789 2128; x_wconf 85' lang='grc'><strong>(1)</strong></span> <span class='ocrx_word' id='word_1_246' title='bbox 819 2059 877 2110; x_wconf 84' lang='grc' dir='ltr'><strong>ὲν</strong></span> <span class='ocrx_word' id='word_1_247' title='bbox 903 2057 1113 2120; x_wconf 83' lang='grc' dir='ltr'>τούτοις</span> <span class='ocrx_word' id='word_1_248' title='bbox 1137 2057 1199 2110; x_wconf 83' lang='grc' dir='ltr'>τὸ</span> <span class='ocrx_word' id='word_1_249' title='bbox 1252 2059 1530 2130; x_wconf 82' lang='grc' dir='ltr'>ζητητέον.</span> <span class='ocrx_word' id='word_1_250' title='bbox 1585 2060 1932 2132; x_wconf 83' lang='grc' dir='ltr'>Ὀλιγανδρή-</span> 
     </span>
    </p>
   </div>
   <div class='ocr_carea' id='block_1_35' title="bbox 350 2146 1933 2218">
    <p class='ocr_par' dir='ltr' id='par_1_35' title="bbox 350 2146 1933 2218">
     <span class='ocr_line' id='line_1_35' title="bbox 350 2146 1933 2218; baseline 0.004 -20"><span class='ocrx_word' id='word_1_251' title='bbox 350 2163 463 2200; x_wconf 87' lang='grc' dir='ltr'>σειν</span> <span class='ocrx_word' id='word_1_252' title='bbox 492 2147 673 2199; x_wconf 81' lang='grc' dir='ltr'>τοίνυν</span> <span class='ocrx_word' id='word_1_253' title='bbox 712 2148 879 2217; x_wconf 76' lang='grc' dir='ltr'>φησὶν</span> <span class='ocrx_word' id='word_1_254' title='bbox 902 2146 1043 2200; x_wconf 79' lang='grc' dir='ltr'>οὕτω</span> <span class='ocrx_word' id='word_1_255' title='bbox 1066 2149 1164 2218; x_wconf 84' lang='grc' dir='ltr'><strong>τὴν</strong></span> <span class='ocrx_word' id='word_1_256' title='bbox 1194 2147 1569 2215; x_wconf 80' lang='grc' dir='ltr'>Βαϐυλωνίων,</span> <span class='ocrx_word' id='word_1_257' title='bbox 1593 2151 1686 2203; x_wconf 75' lang='grc' dir='ltr'>καὶ</span> <span class='ocrx_word' id='word_1_258' title='bbox 1715 2150 1933 2206; x_wconf 75' lang='grc' dir='ltr'>ἅπασαν</span> 
     </span>
    </p>
   </div>
   <div class='ocr_carea' id='block_1_36' title="bbox 348 2238 1932 2312">
    <p class='ocr_par' dir='ltr' id='par_1_36' title="bbox 348 2238 1932 2312">
     <span class='ocr_line' id='line_1_36' title="bbox 348 2238 1932 2312; baseline 0.001 -19"><span class='ocrx_word' id='word_1_259' title='bbox 348 2239 406 2293; x_wconf 82' lang='grc' dir='ltr'>δὲ</span> <span class='ocrx_word' id='word_1_260' title='bbox 434 2238 532 2309; x_wconf 81' lang='grc' dir='ltr'>τὴν</span> <span class='ocrx_word' id='word_1_261' title='bbox 569 2239 872 2308; x_wconf 72' lang='grc' dir='ltr'><strong>⁹Ασσυρίων</strong></span> <span class='ocrx_word' id='word_1_262' title='bbox 904 2239 1107 2310; x_wconf 87' lang='grc' dir='ltr'>χώραν,</span> <span class='ocrx_word' id='word_1_263' title='bbox 1163 2239 1238 2303; x_wconf 84' lang='grc' dir='ltr'>ὡς</span> <span class='ocrx_word' id='word_1_264' title='bbox 1295 2242 1650 2312; x_wconf 86' lang='grc' dir='ltr'>δυσευρέτους</span> <span class='ocrx_word' id='word_1_265' title='bbox 1683 2242 1932 2311; x_wconf 88' lang='grc' dir='ltr'>γενέσθαι</span> 
     </span>
    </p>
   </div>
   <div class='ocr_carea' id='block_1_37' title="bbox 350 2325 1934 2401">
    <p class='ocr_par' dir='ltr' id='par_1_37' title="bbox 350 2325 1934 2401">
     <span class='ocr_line' id='line_1_37' title="bbox 350 2325 1934 2401; baseline 0.002 -22"><span class='ocrx_word' id='word_1_266' title='bbox 350 2329 478 2391; x_wconf 80' lang='grc' dir='ltr'>τοὺς</span> <span class='ocrx_word' id='word_1_267' title='bbox 519 2325 726 2393; x_wconf 81' lang='grc' dir='ltr'>ζῶντας</span> <span class='ocrx_word' id='word_1_268' title='bbox 752 2329 809 2380; x_wconf 86' lang='grc' dir='ltr'>ὲν</span> <span class='ocrx_word' id='word_1_269' title='bbox 836 2328 994 2399; x_wconf 80' lang='grc' dir='ltr'>αὐτῇ,</span> <span class='ocrx_word' id='word_1_270' title='bbox 1026 2328 1121 2381; x_wconf 71' lang='grc' dir='ltr'>καὶ</span> <span class='ocrx_word' id='word_1_271' title='bbox 1159 2328 1425 2400; x_wconf 85' lang='grc' dir='ltr'>τοσαύτην</span> <span class='ocrx_word' id='word_1_272' title='bbox 1450 2329 1557 2382; x_wconf 83' lang='grc' dir='ltr'>τῶν</span> <span class='ocrx_word' id='word_1_273' title='bbox 1587 2330 1934 2401; x_wconf 88' lang='grc' dir='ltr'>περιλελειμ-</span> 
     </span>
    </p>
   </div>
   <div class='ocr_carea' id='block_1_38' title="bbox 354 2418 1934 2494">
    <p class='ocr_par' dir='ltr' id='par_1_38' title="bbox 354 2418 1934 2494">
     <span class='ocr_line' id='line_1_38' title="bbox 354 2418 1934 2494; baseline 0.003 -23"><span class='ocrx_word' id='word_1_274' title='bbox 354 2419 535 2490; x_wconf 85' lang='grc' dir='ltr'>μένων</span> <span class='ocrx_word' id='word_1_275' title='bbox 561 2418 659 2490; x_wconf 84' lang='grc' dir='ltr'><strong>τὴν</strong></span> <span class='ocrx_word' id='word_1_276' title='bbox 694 2419 912 2485; x_wconf 86' lang='grc' dir='ltr'>σπάνιν,</span> <span class='ocrx_word' id='word_1_277' title='bbox 935 2421 1034 2489; x_wconf 86' lang='grc' dir='ltr'><strong>ὅση</strong></span> <span class='ocrx_word' id='word_1_278' title='bbox 1061 2419 1155 2474; x_wconf 80' lang='grc' dir='ltr'><strong>καὶ</strong></span> <span class='ocrx_word' id='word_1_279' title='bbox 1194 2420 1354 2474; x_wconf 90' lang='grc' dir='ltr'>λίθων</span> <span class='ocrx_word' id='word_1_280' title='bbox 1388 2423 1643 2487; x_wconf 83' lang='grc' dir='ltr'><strong>Ἰνδικῶν,</strong></span> <span class='ocrx_word' id='word_1_281' title='bbox 1674 2425 1766 2476; x_wconf 82' lang='grc' dir='ltr'><strong>καὶ</strong></span> <span class='ocrx_word' id='word_1_282' title='bbox 1800 2441 1934 2494; x_wconf 87' lang='grc' dir='ltr'>χρυ-</span> 
     </span>
    </p>
   </div>
   <div class='ocr_carea' id='block_1_39' title="bbox 355 2509 1934 2583">
    <p class='ocr_par' dir='ltr' id='par_1_39' title="bbox 355 2509 1934 2583">
     <span class='ocr_line' id='line_1_39' title="bbox 355 2509 1934 2583; baseline 0.005 -22"><span class='ocrx_word' id='word_1_283' title='bbox 355 2511 472 2562; x_wconf 92' lang='grc' dir='ltr'>σίου</span> <span class='ocrx_word' id='word_1_284' title='bbox 532 2509 627 2563; x_wconf 82' lang='grc' dir='ltr'>τοῦ</span> <span class='ocrx_word' id='word_1_285' title='bbox 677 2510 1069 2580; x_wconf 85' lang='grc' dir='ltr'>δοκιμωτάτου.</span> <span class='ocrx_word' id='word_1_286' title='bbox 1128 2513 1287 2564; x_wconf 86' lang='grc' dir='ltr'>Δοκεῖ</span> <span class='ocrx_word' id='word_1_287' title='bbox 1317 2512 1423 2583; x_wconf 86' lang='grc' dir='ltr'><strong>γάρ</strong></span> <span class='ocrx_word' id='word_1_288' title='bbox 1484 2531 1602 2577; x_wconf 87' lang='grc' dir='ltr'><strong>πως</strong></span> <span class='ocrx_word' id='word_1_289' title='bbox 1638 2515 1710 2568; x_wconf 86' lang='grc' dir='ltr'>τὰ</span> <span class='ocrx_word' id='word_1_290' title='bbox 1757 2515 1934 2569; x_wconf 88' lang='grc' dir='ltr'>τοιάδε</span> 
     </span>
    </p>
   </div>
   <div class='ocr_carea' id='block_1_40' title="bbox 352 2597 1936 2676">
    <p class='ocr_par' dir='ltr' id='par_1_40' title="bbox 352 2597 1936 2676">
     <span class='ocr_line' id='line_1_40' title="bbox 352 2597 1936 2676; baseline 0.005 -24"><span class='ocrx_word' id='word_1_291' title='bbox 352 2601 508 2670; x_wconf 82' lang='grc' dir='ltr'>παρά</span> <span class='ocrx_word' id='word_1_292' title='bbox 536 2617 678 2654; x_wconf 90' lang='grc' dir='ltr'>τισιν</span> <span class='ocrx_word' id='word_1_293' title='bbox 710 2597 849 2655; x_wconf 70' lang='grc' dir='ltr'>εἶναι</span> <span class='ocrx_word' id='word_1_294' title='bbox 881 2602 1064 2674; x_wconf 90' lang='grc' dir='ltr'>τίμια,</span> <span class='ocrx_word' id='word_1_295' title='bbox 1095 2602 1185 2655; x_wconf 86' lang='grc' dir='ltr'>διὰ</span> <span class='ocrx_word' id='word_1_296' title='bbox 1214 2603 1274 2655; x_wconf 83' lang='grc' dir='ltr'>τὸ</span> <span class='ocrx_word' id='word_1_297' title='bbox 1304 2603 1422 2656; x_wconf 87' lang='grc' dir='ltr'>λίαν</span> <span class='ocrx_word' id='word_1_298' title='bbox 1450 2604 1936 2676; x_wconf 77' lang='grc' dir='ltr'>δυσπόριστον,κα“ι</span> 
     </span>
    </p>
   </div>
   <div class='ocr_carea' id='block_1_41' title="bbox 359 2691 1933 2768">
    <p class='ocr_par' dir='ltr' id='par_1_41' title="bbox 359 2691 1933 2768">
     <span class='ocr_line' id='line_1_41' title="bbox 359 2691 1933 2768; baseline 0.005 -26"><span class='ocrx_word' id='word_1_299' title='bbox 359 2691 468 2761; x_wconf 79' lang='grc' dir='ltr'>μὴν</span> <span class='ocrx_word' id='word_1_300' title='bbox 496 2691 577 2743; x_wconf 84' lang='grc' dir='ltr'><strong>ὅτι</strong></span> <span class='ocrx_word' id='word_1_301' title='bbox 606 2691 782 2759; x_wconf 83' lang='grc' dir='ltr'>ὀλίγα,</span> <span class='ocrx_word' id='word_1_302' title='bbox 815 2693 906 2745; x_wconf 72' lang='grc' dir='ltr'><strong>καὶ</strong></span> <span class='ocrx_word' id='word_1_303' title='bbox 939 2692 1110 2762; x_wconf 87' lang='grc' dir='ltr'>μόλις.</span> <span class='ocrx_word' id='word_1_304' title='bbox 1145 2693 1375 2758; x_wconf 82' lang='grc' dir='ltr'>Οὐκοῦν,</span> <span class='ocrx_word' id='word_1_305' title='bbox 1426 2694 1500 2758; x_wconf 86' lang='grc' dir='ltr'>ὠς</span> <span class='ocrx_word' id='word_1_306' title='bbox 1524 2693 1588 2749; x_wconf 82' lang='grc' dir='ltr'>ἂν</span> <span class='ocrx_word' id='word_1_307' title='bbox 1618 2691 1745 2763; x_wconf 80' lang='grc' dir='ltr'>εἷεν,</span> <span class='ocrx_word' id='word_1_308' title='bbox 1779 2699 1933 2768; x_wconf 76' lang='grc' dir='ltr'>φησὶ,</span> 
     </span>
    </p>
   </div>
   <div class='ocr_carea' id='block_1_42' title="bbox 356 2783 1936 2858">
    <p class='ocr_par' dir='ltr' id='par_1_42' title="bbox 356 2783 1936 2858">
     <span class='ocr_line' id='line_1_42' title="bbox 356 2783 1936 2858; baseline 0.004 -23"><span class='ocrx_word' id='word_1_309' title='bbox 356 2783 690 2854; x_wconf 80' lang='grc' dir='ltr'>δυσπόριστα</span> <span class='ocrx_word' id='word_1_310' title='bbox 741 2784 810 2837; x_wconf 87' lang='grc' dir='ltr'>τὰ</span> <span class='ocrx_word' id='word_1_311' title='bbox 873 2784 1178 2857; x_wconf 83' lang='grc' dir='ltr'>ἀνθρώποις</span> <span class='ocrx_word' id='word_1_312' title='bbox 1227 2787 1650 2858; x_wconf 87' lang='grc' dir='ltr'>τεθαυμασμένα</span> <span class='ocrx_word' id='word_1_313' title='bbox 1708 2789 1844 2844; x_wconf 84' lang='grc' dir='ltr'>λίθοι</span> <span class='ocrx_word' id='word_1_314' title='bbox 1876 2807 1936 2843; x_wconf 88' lang='grc' dir='ltr'><strong>τε</strong></span> 
     </span>
    </p>
   </div>
   <div class='ocr_carea' id='block_1_43' title="bbox 357 2875 1937 2949">
    <p class='ocr_par' dir='ltr' id='par_1_43' title="bbox 357 2875 1937 2949">
     <span class='ocr_line' id='line_1_43' title="bbox 357 2875 1937 2949; baseline 0.006 -24"><span class='ocrx_word' id='word_1_315' title='bbox 357 2875 552 2946; x_wconf 89' lang='grc' dir='ltr'>τίμιοι,</span> <span class='ocrx_word' id='word_1_316' title='bbox 582 2877 678 2930; x_wconf 73' lang='grc' dir='ltr'>καὶ</span> <span class='ocrx_word' id='word_1_317' title='bbox 704 2877 765 2930; x_wconf 83' lang='grc' dir='ltr'><strong>τὸ</strong></span> <span class='ocrx_word' id='word_1_318' title='bbox 785 2875 1075 2948; x_wconf 84' lang='grc' dir='ltr'>ἀπύρωτον</span> <span class='ocrx_word' id='word_1_319' title='bbox 1103 2878 1345 2949; x_wconf 88' lang='grc' dir='ltr'>χρυσίον,</span> <span class='ocrx_word' id='word_1_320' title='bbox 1377 2879 1519 2932; x_wconf 82' lang='grc' dir='ltr'>τοῦτ’</span> <span class='ocrx_word' id='word_1_321' title='bbox 1544 2878 1678 2944; x_wconf 76' lang='grc' dir='ltr'>ἔστι,</span> <span class='ocrx_word' id='word_1_322' title='bbox 1707 2881 1769 2934; x_wconf 84' lang='grc' dir='ltr'><strong>τὸ</strong></span> <span class='ocrx_word' id='word_1_323' title='bbox 1792 2881 1937 2934; x_wconf 90' lang='grc' dir='ltr'>δοκι-</span> 
     </span>
    </p>
   </div>
   <div class='ocr_carea' id='block_1_44' title="bbox 363 2964 1934 3040">
    <p class='ocr_par' dir='ltr' id='par_1_44' title="bbox 363 2964 1934 3040">
     <span class='ocr_line' id='line_1_44' title="bbox 363 2964 1934 3040; baseline 0.006 -23"><span class='ocrx_word' id='word_1_324' title='bbox 363 2964 630 3036; x_wconf 89' lang='grc' dir='ltr'>μώτατον,</span> <span class='ocrx_word' id='word_1_325' title='bbox 663 2965 834 3031; x_wconf 80' lang='grc' dir='ltr'>οΰτως</span> <span class='ocrx_word' id='word_1_326' title='bbox 856 2968 1069 3022; x_wconf 79' lang='grc' dir='ltr'>ἔσονται</span> <span class='ocrx_word' id='word_1_327' title='bbox 1124 2969 1311 3039; x_wconf 86' lang='grc' dir='ltr'>ὀλίγοι,</span> <span class='ocrx_word' id='word_1_328' title='bbox 1346 2971 1442 3024; x_wconf 79' lang='grc' dir='ltr'>καὶ</span> <span class='ocrx_word' id='word_1_329' title='bbox 1481 2971 1634 3040; x_wconf 80' lang='grc' dir='ltr'>μόλις</span> <span class='ocrx_word' id='word_1_330' title='bbox 1671 2971 1721 3023; x_wconf 81' lang='lat' dir='ltr'><strong>ot</strong></span> <span class='ocrx_word' id='word_1_331' title='bbox 1750 2973 1814 3025; x_wconf 77' lang='grc' dir='ltr'>ἐκ</span> <span class='ocrx_word' id='word_1_332' title='bbox 1841 2990 1934 3026; x_wconf 85' lang='grc' dir='ltr'>πο-</span> 
     </span>
    </p>
   </div>
   <div class='ocr_carea' id='block_1_45' title="bbox 358 3057 1936 3132">
    <p class='ocr_par' dir='ltr' id='par_1_45' title="bbox 358 3057 1936 3132">
     <span class='ocr_line' id='line_1_45' title="bbox 358 3057 1936 3132; baseline 0.003 -23"><span class='ocrx_word' id='word_1_333' title='bbox 358 3057 525 3128; x_wconf 84' lang='grc' dir='ltr'>λέμου</span> <span class='ocrx_word' id='word_1_334' title='bbox 573 3058 1065 3130; x_wconf 86' lang='grc' dir='ltr'>περιλελειμμένοι,</span> <span class='ocrx_word' id='word_1_335' title='bbox 1126 3061 1220 3113; x_wconf 76' lang='grc' dir='ltr'><strong>καὶ</strong></span> <span class='ocrx_word' id='word_1_336' title='bbox 1271 3060 1331 3113; x_wconf 86' lang='grc' dir='ltr'><strong>τὸ</strong></span> <span class='ocrx_word' id='word_1_337' title='bbox 1375 3060 1482 3113; x_wconf 81' lang='grc' dir='ltr'>τῶν</span> <span class='ocrx_word' id='word_1_338' title='bbox 1533 3063 1936 3132; x_wconf 85' lang='grc' dir='ltr'>μεμαχημένων</span> 
     </span>
    </p>
   </div>
   <div class='ocr_carea' id='block_1_46' title="bbox 359 3146 950 3215">
    <p class='ocr_par' dir='ltr' id='par_1_46' title="bbox 359 3146 950 3215">
     <span class='ocr_line' id='line_1_46' title="bbox 359 3146 950 3215; baseline 0.005 -17"><span class='ocrx_word' id='word_1_339' title='bbox 359 3146 715 3215; x_wconf 77' lang='grc' dir='ltr'>διαφυγόντες</span> <span class='ocrx_word' id='word_1_340' title='bbox 747 3148 950 3215; x_wconf 78' lang='grc' dir='ltr'>στίφος.</span> 
     </span>
    </p>
   </div>
   <div class='ocr_carea' id='block_1_47' title="bbox 441 3238 1938 3314">
    <p class='ocr_par' dir='ltr' id='par_1_47' title="bbox 441 3238 1938 3314">
     <span class='ocr_line' id='line_1_47' title="bbox 441 3238 1938 3314; baseline 0.002 -23"><span class='ocrx_word' id='word_1_341' title='bbox 441 3239 493 3290; x_wconf 92' lang='lat'><strong>&#39;0</strong></span> <span class='ocrx_word' id='word_1_342' title='bbox 523 3241 632 3308; x_wconf 78' lang='grc' dir='ltr'>γὰρ</span> <span class='ocrx_word' id='word_1_343' title='bbox 660 3239 915 3305; x_wconf 77' lang='grc' dir='ltr'>οὐρανὸς</span> <span class='ocrx_word' id='word_1_344' title='bbox 947 3238 1382 3308; x_wconf 83' lang='grc' dir='ltr'>θυμωθήσεται,</span> <span class='ocrx_word' id='word_1_345' title='bbox 1413 3243 1512 3295; x_wconf 76' lang='grc' dir='ltr'><strong>καὶ</strong></span> <span class='ocrx_word' id='word_1_346' title='bbox 1536 3243 1573 3310; x_wconf 79' lang='grc' dir='ltr'>ἡ</span> <span class='ocrx_word' id='word_1_347' title='bbox 1597 3242 1672 3314; x_wconf 75' lang='grc' dir='ltr'>γῆ</span> <span class='ocrx_word' id='word_1_348' title='bbox 1695 3245 1938 3312; x_wconf 71' lang='grc' dir='ltr'>σεισθῆ-</span> 
     </span>
    </p>
   </div>
   <div class='ocr_carea' id='block_1_48' title="bbox 360 3327 1938 3406">
    <p class='ocr_par' dir='ltr' id='par_1_48' title="bbox 360 3327 1938 3406">
     <span class='ocr_line' id='line_1_48' title="bbox 360 3327 1938 3406; baseline 0.006 -25"><span class='ocrx_word' id='word_1_349' title='bbox 360 3343 526 3382; x_wconf 80' lang='grc' dir='ltr'>σεται</span> <span class='ocrx_word' id='word_1_350' title='bbox 558 3330 627 3382; x_wconf 73' lang='grc' dir='ltr'>ἐκ</span> <span class='ocrx_word' id='word_1_351' title='bbox 667 3327 786 3381; x_wconf 77' lang='grc' dir='ltr'>τῶν·</span> <span class='ocrx_word' id='word_1_352' title='bbox 832 3331 1120 3398; x_wconf 72' lang='grc' dir='ltr'>θεμελίων</span> <span class='ocrx_word' id='word_1_353' title='bbox 1158 3330 1368 3399; x_wconf 84' lang='grc' dir='ltr'>αὐτῆς,</span> <span class='ocrx_word' id='word_1_354' title='bbox 1400 3331 1498 3386; x_wconf 78' lang='grc' dir='ltr'>διὰ</span> <span class='ocrx_word' id='word_1_355' title='bbox 1527 3333 1718 3403; x_wconf 84' lang='grc' dir='ltr'>θυμὸν</span> <span class='ocrx_word' id='word_1_356' title='bbox 1755 3335 1938 3406; x_wconf 73' lang='grc' dir='ltr'>ὀργῆς</span> 
     </span>
    </p>
   </div>
   <div class='ocr_carea' id='block_1_49' title="bbox 361 3419 1938 3497">
    <p class='ocr_par' dir='ltr' id='par_1_49' title="bbox 361 3419 1938 3497">
     <span class='ocr_line' id='line_1_49' title="bbox 361 3419 1938 3497; baseline 0.004 -22"><span class='ocrx_word' id='word_1_357' title='bbox 361 3422 583 3489; x_wconf 84' lang='grc' dir='ltr'>Κυρίου</span> <span class='ocrx_word' id='word_1_358' title='bbox 612 3419 856 3475; x_wconf 78' lang='grc' dir='ltr'><strong>Σαϐαὼθ</strong></span> <span class='ocrx_word' id='word_1_359' title='bbox 884 3420 960 3490; x_wconf 77' lang='grc' dir='ltr'>τῇ</span> <span class='ocrx_word' id='word_1_360' title='bbox 1009 3420 1220 3490; x_wconf 75' lang='grc' dir='ltr'>ἡμέρᾳ,</span> <span class='ocrx_word' id='word_1_361' title='bbox 1253 3422 1398 3476; x_wconf 80' lang='grc' dir='ltr'><strong>ὅταν</strong></span> <span class='ocrx_word' id='word_1_362' title='bbox 1429 3425 1651 3493; x_wconf 79' lang='grc' dir='ltr'>ἐπέλθῃ</span> <span class='ocrx_word' id='word_1_363' title='bbox 1687 3429 1718 3478; x_wconf 90' lang='grc' dir='ltr'><strong>ό</strong></span> <span class='ocrx_word' id='word_1_364' title='bbox 1753 3428 1938 3497; x_wconf 86' lang='grc' dir='ltr'>θυμὸς</span> 
     </span>
    </p>
   </div>
   <div class='ocr_carea' id='block_1_50' title="bbox 363 3511 569 3568">
    <p class='ocr_par' dir='ltr' id='par_1_50' title="bbox 363 3511 569 3568">
     <span class='ocr_line' id='line_1_50' title="bbox 363 3511 569 3568; baseline -0.019 0"><span class='ocrx_word' id='word_1_365' title='bbox 363 3511 569 3568; x_wconf 85' lang='grc' dir='ltr'>αὑτοῦ.</span> 
     </span>
    </p>
   </div>
   <div class='ocr_carea' id='block_1_51' title="bbox 437 3601 1935 3676">
    <p class='ocr_par' dir='ltr' id='par_1_51' title="bbox 437 3601 1935 3676">
     <span class='ocr_line' id='line_1_51' title="bbox 437 3601 1935 3676; baseline 0.002 -21"><span class='ocrx_word' id='word_1_366' title='bbox 437 3602 675 3655; x_wconf 80' lang='grc' dir='ltr'>Λαλοῦσι</span> <span class='ocrx_word' id='word_1_367' title='bbox 718 3603 816 3672; x_wconf 85' lang='grc' dir='ltr'><strong>μὲν</strong></span> <span class='ocrx_word' id='word_1_368' title='bbox 844 3601 1218 3671; x_wconf 77' lang='grc' dir='ltr'>ὑπερϐολικῶς</span> <span class='ocrx_word' id='word_1_369' title='bbox 1255 3603 1303 3655; x_wconf 83' lang='grc' dir='ltr'><strong>οἱ</strong></span> <span class='ocrx_word' id='word_1_370' title='bbox 1335 3605 1593 3675; x_wconf 83' lang='grc' dir='ltr'>μακάριοι</span> <span class='ocrx_word' id='word_1_371' title='bbox 1625 3605 1935 3676; x_wconf 83' lang='grc' dir='ltr'>προφῆται,</span> 
     </span>
    </p>
   </div>
   <div class='ocr_carea' id='block_1_52' title="bbox 363 3691 1939 3764">
    <p class='ocr_par' dir='ltr' id='par_1_52' title="bbox 363 3691 1939 3764">
     <span class='ocr_line' id='line_1_52' title="bbox 363 3691 1939 3764; baseline 0.004 -20"><span class='ocrx_word' id='word_1_372' title='bbox 363 3694 460 3745; x_wconf 73' lang='grc' dir='ltr'><strong>καὶ</strong></span> <span class='ocrx_word' id='word_1_373' title='bbox 488 3692 584 3763; x_wconf 82' lang='grc' dir='ltr'><strong>τὴν</strong></span> <span class='ocrx_word' id='word_1_374' title='bbox 615 3691 764 3745; x_wconf 89' lang='grc' dir='ltr'>θείαν</span> <span class='ocrx_word' id='word_1_375' title='bbox 796 3709 853 3744; x_wconf 88' lang='grc' dir='ltr'><strong>τε</strong></span> <span class='ocrx_word' id='word_1_376' title='bbox 877 3691 969 3745; x_wconf 81' lang='grc' dir='ltr'>καὶ</span> <span class='ocrx_word' id='word_1_377' title='bbox 1003 3692 1277 3764; x_wconf 82' lang='grc' dir='ltr'>ἄφραστον</span> <span class='ocrx_word' id='word_1_378' title='bbox 1308 3693 1533 3764; x_wconf 88' lang='grc' dir='ltr'>δύναμίν</span> <span class='ocrx_word' id='word_1_379' title='bbox 1567 3713 1624 3747; x_wconf 90' lang='grc' dir='ltr'>τε</span> <span class='ocrx_word' id='word_1_380' title='bbox 1666 3697 1759 3749; x_wconf 78' lang='grc' dir='ltr'>καὶ</span> <span class='ocrx_word' id='word_1_381' title='bbox 1784 3697 1939 3763; x_wconf 82' lang='grc' dir='ltr'>δόξαν</span> 
     </span>
    </p>
   </div>
   <div class='ocr_carea' id='block_1_53' title="bbox 363 3784 1941 3856">
    <p class='ocr_par' dir='ltr' id='par_1_53' title="bbox 363 3784 1941 3856">
     <span class='ocr_line' id='line_1_53' title="bbox 363 3784 1941 3856; baseline 0.002 -18"><span class='ocrx_word' id='word_1_382' title='bbox 363 3785 646 3854; x_wconf 87' lang='grc' dir='ltr'>δεχόμενοι</span> <span class='ocrx_word' id='word_1_383' title='bbox 673 3784 817 3836; x_wconf 78' lang='grc' dir='ltr'>κατὰ</span> <span class='ocrx_word' id='word_1_384' title='bbox 842 3784 985 3850; x_wconf 82' lang='grc' dir='ltr'>νοῦν,</span> <span class='ocrx_word' id='word_1_385' title='bbox 1014 3784 1258 3856; x_wconf 72' lang='grc' dir='ltr'>αἴρουσιν</span> <span class='ocrx_word' id='word_1_386' title='bbox 1297 3785 1431 3853; x_wconf 69' lang='grc' dir='ltr'>ὑψοῦ</span> <span class='ocrx_word' id='word_1_387' title='bbox 1484 3785 1582 3849; x_wconf 81' lang='grc' dir='ltr'>τὰς</span> <span class='ocrx_word' id='word_1_388' title='bbox 1614 3787 1814 3855; x_wconf 81' lang='grc' dir='ltr'>φωνὰς,</span> <span class='ocrx_word' id='word_1_389' title='bbox 1847 3789 1941 3842; x_wconf 75' lang='grc' dir='ltr'>καὶ</span> 
     </span>
    </p>
   </div>
   <div class='ocr_carea' id='block_1_54' title="bbox 367 3873 1936 3950">
    <p class='ocr_par' dir='ltr' id='par_1_54' title="bbox 367 3873 1936 3950">
     <span class='ocr_line' id='line_1_54' title="bbox 367 3873 1936 3950; baseline 0.005 -25"><span class='ocrx_word' id='word_1_390' title='bbox 367 3873 574 3943; x_wconf 82' lang='grc' dir='ltr'>μεγέθη</span> <span class='ocrx_word' id='word_1_391' title='bbox 637 3877 748 3937; x_wconf 88' lang='grc' dir='ltr'>τοῖς</span> <span class='ocrx_word' id='word_1_392' title='bbox 819 3874 1151 3945; x_wconf 79' lang='grc' dir='ltr'>διηγήμασιν</span> <span class='ocrx_word' id='word_1_393' title='bbox 1202 3877 1504 3930; x_wconf 76' lang='grc' dir='ltr'>ἐπινοοῦσιν</span> <span class='ocrx_word' id='word_1_394' title='bbox 1551 3879 1619 3931; x_wconf 73' lang='grc' dir='ltr'>τὰ</span> <span class='ocrx_word' id='word_1_395' title='bbox 1668 3878 1936 3950; x_wconf 81' lang='grc' dir='ltr'>ἐξαίρετα.</span> 
     </span>
    </p>
   </div>
   <div class='ocr_carea' id='block_1_55' title="bbox 376 3963 1941 4040">
    <p class='ocr_par' dir='ltr' id='par_1_55' title="bbox 376 3963 1941 4040">
     <span class='ocr_line' id='line_1_55' title="bbox 376 3963 1941 4040; baseline 0.004 -23"><span class='ocrx_word' id='word_1_396' title='bbox 376 3965 491 4017; x_wconf 77' lang='grc' dir='ltr'>’Δεὶ</span> <span class='ocrx_word' id='word_1_397' title='bbox 527 3964 584 4017; x_wconf 88' lang='grc' dir='ltr'><strong>δέ</strong></span> <span class='ocrx_word' id='word_1_398' title='bbox 612 3982 729 4026; x_wconf 90' lang='grc' dir='ltr'><strong>πως</strong></span> <span class='ocrx_word' id='word_1_399' title='bbox 755 3963 1090 4035; x_wconf 78' lang='grc' dir='ltr'>ὀργιζομένῳ</span> <span class='ocrx_word' id='word_1_400' title='bbox 1119 3966 1238 4036; x_wconf 83' lang='grc' dir='ltr'>Θεῷ</span> <span class='ocrx_word' id='word_1_401' title='bbox 1298 3967 1766 4039; x_wconf 85' lang='grc' dir='ltr'>συγκαταθήγεται</span> <span class='ocrx_word' id='word_1_402' title='bbox 1807 3970 1941 4040; x_wconf 84' lang='grc' dir='ltr'>πρὸς</span> 
     </span>
    </p>
   </div>
   <div class='ocr_carea' id='block_1_56' title="bbox 364 4057 1939 4128">
    <p class='ocr_par' dir='ltr' id='par_1_56' title="bbox 364 4057 1939 4128">
     <span class='ocr_line' id='line_1_56' title="bbox 364 4057 1939 4128; baseline 0.004 -20"><span class='ocrx_word' id='word_1_403' title='bbox 364 4057 534 4128; x_wconf 81' lang='grc' dir='ltr'>ὀργὰς</span> <span class='ocrx_word' id='word_1_404' title='bbox 563 4059 656 4110; x_wconf 72' lang='grc' dir='ltr'><strong>καὶ</strong></span> <span class='ocrx_word' id='word_1_405' title='bbox 693 4060 726 4128; x_wconf 86' lang='grc' dir='ltr'>ἡ</span> <span class='ocrx_word' id='word_1_406' title='bbox 756 4057 914 4128; x_wconf 87' lang='grc' dir='ltr'>δούλη</span> <span class='ocrx_word' id='word_1_407' title='bbox 950 4059 1144 4121; x_wconf 85' lang='grc' dir='ltr'>κτίσις,</span> <span class='ocrx_word' id='word_1_408' title='bbox 1176 4058 1543 4122; x_wconf 86' lang='grc' dir='ltr'>διανιστάντος</span> <span class='ocrx_word' id='word_1_409' title='bbox 1595 4061 1810 4125; x_wconf 88' lang='grc' dir='ltr'>πάντως</span> <span class='ocrx_word' id='word_1_410' title='bbox 1838 4079 1939 4114; x_wconf 85' lang='grc' dir='ltr'>που</span> 
     </span>
    </p>
   </div>
   <div class='ocr_carea' id='block_1_57' title="bbox 365 4148 1940 4221">
    <p class='ocr_par' dir='ltr' id='par_1_57' title="bbox 365 4148 1940 4221">
     <span class='ocr_line' id='line_1_57' title="bbox 365 4148 1940 4221; baseline 0.003 -19"><span class='ocrx_word' id='word_1_411' title='bbox 365 4150 504 4220; x_wconf 80' lang='grc' dir='ltr'>πρὸς</span> <span class='ocrx_word' id='word_1_412' title='bbox 532 4149 688 4202; x_wconf 79' lang='grc' dir='ltr'>τοῦτο</span> <span class='ocrx_word' id='word_1_413' title='bbox 707 4149 874 4221; x_wconf 77' lang='grc' dir='ltr'>αὐτὴν</span> <span class='ocrx_word' id='word_1_414' title='bbox 905 4148 998 4202; x_wconf 83' lang='grc' dir='ltr'>τοῦ</span> <span class='ocrx_word' id='word_1_415' title='bbox 1035 4151 1168 4202; x_wconf 79' lang='grc' dir='ltr'>πᾶσι</span> <span class='ocrx_word' id='word_1_416' title='bbox 1200 4153 1640 4221; x_wconf 85' lang='grc' dir='ltr'>προστάττοντος.</span> <span class='ocrx_word' id='word_1_417' title='bbox 1685 4153 1792 4205; x_wconf 79' lang='grc' dir='ltr'>Καὶ</span> <span class='ocrx_word' id='word_1_418' title='bbox 1813 4153 1940 4220; x_wconf 74' lang='grc' dir='ltr'>γοῦν</span> 
     </span>
    </p>
   </div>
   <div class='ocr_carea' id='block_1_58' title="bbox 366 4241 1942 4315">
    <p class='ocr_par' dir='ltr' id='par_1_58' title="bbox 366 4241 1942 4315">
     <span class='ocr_line' id='line_1_58' title="bbox 366 4241 1942 4315; baseline 0.003 -21"><span class='ocrx_word' id='word_1_419' title='bbox 366 4242 636 4313; x_wconf 79' lang='grc' dir='ltr'>ὠργίζετο</span> <span class='ocrx_word' id='word_1_420' title='bbox 663 4242 761 4313; x_wconf 81' lang='grc' dir='ltr'>μὲν</span> <span class='ocrx_word' id='word_1_421' title='bbox 787 4241 1125 4312; x_wconf 80' lang='grc' dir='ltr'>Αίγυπτίοις,</span> <span class='ocrx_word' id='word_1_422' title='bbox 1153 4245 1453 4315; x_wconf 82' lang='grc' dir='ltr'>ἀπρακτεῖν</span> <span class='ocrx_word' id='word_1_423' title='bbox 1480 4245 1536 4298; x_wconf 83' lang='grc' dir='ltr'>δὲ</span> <span class='ocrx_word' id='word_1_424' title='bbox 1577 4248 1609 4315; x_wconf 83' lang='grc' dir='ltr'>ἡ</span> <span class='ocrx_word' id='word_1_425' title='bbox 1637 4246 1812 4309; x_wconf 89' lang='grc' dir='ltr'>κτίσις</span> <span class='ocrx_word' id='word_1_426' title='bbox 1842 4248 1942 4300; x_wconf 78' lang='grc' dir='ltr'><strong>οὐκ</strong></span> 
     </span>
    </p>
   </div>
   <div class='ocr_carea' id='block_1_59' title="bbox 368 4329 1938 4407">
    <p class='ocr_par' dir='ltr' id='par_1_59' title="bbox 368 4329 1938 4407">
     <span class='ocr_line' id='line_1_59' title="bbox 368 4329 1938 4407; baseline 0.004 -24"><span class='ocrx_word' id='word_1_427' title='bbox 368 4333 647 4402; x_wconf 70' lang='grc' dir='ltr'>ἠνέσχετο.</span> <span class='ocrx_word' id='word_1_428' title='bbox 698 4333 1004 4386; x_wconf 84' lang='grc' dir='ltr'>Μεθίστατο</span> <span class='ocrx_word' id='word_1_429' title='bbox 1046 4333 1143 4402; x_wconf 77' lang='grc' dir='ltr'>μὲν</span> <span class='ocrx_word' id='word_1_430' title='bbox 1188 4334 1295 4404; x_wconf 82' lang='grc' dir='ltr'><strong>γὰρ</strong></span> <span class='ocrx_word' id='word_1_431' title='bbox 1338 4336 1418 4397; x_wconf 83' lang='grc' dir='ltr'><strong>είς</strong></span> <span class='ocrx_word' id='word_1_432' title='bbox 1478 4329 1616 4405; x_wconf 79' lang='grc' dir='ltr'>αἷμα</span> <span class='ocrx_word' id='word_1_433' title='bbox 1668 4335 1728 4388; x_wconf 88' lang='grc' dir='ltr'><strong>τὸ</strong></span> <span class='ocrx_word' id='word_1_434' title='bbox 1776 4336 1938 4407; x_wconf 77' lang='grc' dir='ltr'>ὕδωρ,</span> 
     </span>
    </p>
   </div>
   <div class='ocr_carea' id='block_1_60' title="bbox 371 4424 1945 4498">
    <p class='ocr_par' dir='ltr' id='par_1_60' title="bbox 371 4424 1945 4498">
     <span class='ocr_line' id='line_1_60' title="bbox 371 4424 1945 4498; baseline 0.004 -22"><span class='ocrx_word' id='word_1_435' title='bbox 371 4424 536 4495; x_wconf 71' lang='grc' dir='ltr'>ἐξῆρε</span> <span class='ocrx_word' id='word_1_436' title='bbox 558 4424 612 4476; x_wconf 81' lang='grc' dir='ltr'>δὲ</span> <span class='ocrx_word' id='word_1_437' title='bbox 645 4424 795 4496; x_wconf 79' lang='grc' dir='ltr'>καὶὴ</span> <span class='ocrx_word' id='word_1_438' title='bbox 827 4426 896 4496; x_wconf 84' lang='grc' dir='ltr'>γῆ</span> <span class='ocrx_word' id='word_1_439' title='bbox 927 4426 1248 4497; x_wconf 84' lang='grc' dir='ltr'>βατράχους,</span> <span class='ocrx_word' id='word_1_440' title='bbox 1310 4426 1450 4479; x_wconf 83' lang='grc' dir='ltr'>καθά</span> <span class='ocrx_word' id='word_1_441' title='bbox 1491 4427 1821 4498; x_wconf 87' lang='grc' dir='ltr'>γέγραπται,</span> <span class='ocrx_word' id='word_1_442' title='bbox 1851 4447 1945 4483; x_wconf 86' lang='grc' dir='ltr'>κα-</span> 
     </span>
    </p>
   </div>
   <div class='ocr_carea' id='block_1_61' title="bbox 2033 1878 3600 1948">
    <p class='ocr_par' dir='ltr' id='par_1_61' title="bbox 2033 1878 3600 1948">
     <span class='ocr_line' id='line_1_61' title="bbox 2033 1878 3600 1948; baseline 0 -15"><span class='ocrx_word' id='word_1_443' title='bbox 2033 1880 2232 1943; x_wconf 75' lang='lat' dir='ltr'><strong>obrizo,</strong></span> <span class='ocrx_word' id='word_1_444' title='bbox 2267 1887 2315 1932; x_wconf 88' lang='lat' dir='ltr'><strong>et</strong></span> <span class='ocrx_word' id='word_1_445' title='bbox 2365 1879 2518 1932; x_wconf 81' lang='lat' dir='ltr'><strong>homo</strong></span> <span class='ocrx_word' id='word_1_446' title='bbox 2549 1878 2828 1946; x_wconf 75' lang='lat' dir='ltr'><strong>pretiosior</strong></span> <span class='ocrx_word' id='word_1_447' title='bbox 2871 1879 2968 1932; x_wconf 86' lang='lat' dir='ltr'><strong>erit</strong></span> <span class='ocrx_word' id='word_1_448' title='bbox 3011 1879 3184 1946; x_wconf 84' lang='lat' dir='ltr'><strong>lapide</strong></span> <span class='ocrx_word' id='word_1_449' title='bbox 3231 1897 3294 1936; x_wconf 77' lang='lat' dir='ltr'><strong>ex</strong></span> <span class='ocrx_word' id='word_1_450' title='bbox 3354 1881 3600 1948; x_wconf 84' lang='lat' dir='ltr'><strong>Saphiro.</strong></span> 
     </span>
    </p>
   </div>
   <div class='ocr_carea' id='block_1_62' title="bbox 2105 2053 3603 2124">
    <p class='ocr_par' dir='ltr' id='par_1_62' title="bbox 2105 2053 3603 2124">
     <span class='ocr_line' id='line_1_62' title="bbox 2105 2053 3603 2124; baseline 0.003 -15"><span class='ocrx_word' id='word_1_451' title='bbox 2105 2053 2403 2109; x_wconf 87' lang='lat' dir='ltr'><strong>Pretiosum</strong></span> <span class='ocrx_word' id='word_1_452' title='bbox 2437 2053 2488 2106; x_wconf 93' lang='lat' dir='ltr'><strong>in</strong></span> <span class='ocrx_word' id='word_1_453' title='bbox 2540 2053 2624 2106; x_wconf 82' lang='lat' dir='ltr'><strong>his</strong></span> <span class='ocrx_word' id='word_1_454' title='bbox 2655 2053 2784 2121; x_wconf 93' lang='lat' dir='ltr'><strong>quid</strong></span> <span class='ocrx_word' id='word_1_455' title='bbox 2815 2055 2904 2118; x_wconf 83' lang='lat' dir='ltr'><strong>sit,</strong></span> <span class='ocrx_word' id='word_1_456' title='bbox 2956 2057 3304 2124; x_wconf 64' lang='lat' dir='ltr'><strong>quaerendum</strong></span> <span class='ocrx_word' id='word_1_457' title='bbox 3340 2068 3440 2114; x_wconf 90' lang='lat' dir='ltr'><strong>est.</strong></span> <span class='ocrx_word' id='word_1_458' title='bbox 3497 2058 3603 2114; x_wconf 89' lang='lat' dir='ltr'><strong>lta-</strong></span> 
     </span>
    </p>
   </div>
   <div class='ocr_carea' id='block_1_63' title="bbox 2033 2146 3601 2221">
    <p class='ocr_par' dir='ltr' id='par_1_63' title="bbox 2033 2146 3601 2221">
     <span class='ocr_line' id='line_1_63' title="bbox 2033 2146 3601 2221; baseline -0.001 -16"><span class='ocrx_word' id='word_1_459' title='bbox 2033 2166 2137 2221; x_wconf 90' lang='lat' dir='ltr'><strong>que</strong></span> <span class='ocrx_word' id='word_1_460' title='bbox 2171 2150 2301 2204; x_wconf 93' lang='lat' dir='ltr'><strong>dicit</strong></span> <span class='ocrx_word' id='word_1_461' title='bbox 2336 2159 2533 2202; x_wconf 82' lang='lat' dir='ltr'><strong>terram</strong></span> <span class='ocrx_word' id='word_1_462' title='bbox 2567 2146 3006 2217; x_wconf 83' lang='lat' dir='ltr'><strong>Babyloniorum,</strong></span> <span class='ocrx_word' id='word_1_463' title='bbox 3035 2158 3089 2202; x_wconf 91' lang='lat' dir='ltr'><strong>et</strong></span> <span class='ocrx_word' id='word_1_464' title='bbox 3112 2158 3274 2202; x_wconf 90' lang='lat' dir='ltr'><strong>totam</strong></span> <span class='ocrx_word' id='word_1_465' title='bbox 3331 2151 3601 2219; x_wconf 83' lang='lat' dir='ltr'><strong>regionem</strong></span> 
     </span>
    </p>
   </div>
   <div class='ocr_carea' id='block_1_64' title="bbox 2034 2239 3603 2312">
    <p class='ocr_par' dir='ltr' id='par_1_64' title="bbox 2034 2239 3603 2312">
     <span class='ocr_line' id='line_1_64' title="bbox 2034 2239 3603 2312; baseline 0 -14"><span class='ocrx_word' id='word_1_466' title='bbox 2034 2242 2375 2312; x_wconf 87' lang='lat' dir='ltr'><strong>Assyriorum</strong></span> <span class='ocrx_word' id='word_1_467' title='bbox 2424 2256 2484 2294; x_wconf 89' lang='lat' dir='ltr'><strong>ea</strong></span> <span class='ocrx_word' id='word_1_468' title='bbox 2510 2240 2780 2309; x_wconf 79' lang='lat' dir='ltr'><strong>paucitate</strong></span> <span class='ocrx_word' id='word_1_469' title='bbox 2817 2239 3056 2293; x_wconf 88' lang='lat' dir='ltr'><strong>virorum</strong></span> <span class='ocrx_word' id='word_1_470' title='bbox 3123 2240 3515 2308; x_wconf 89' lang='lat' dir='ltr'><strong>laboraturam,</strong></span> <span class='ocrx_word' id='word_1_471' title='bbox 3544 2255 3603 2298; x_wconf 93' lang='lat' dir='ltr'><strong>ut</strong></span> 
     </span>
    </p>
   </div>
   <div class='ocr_carea' id='block_1_65' title="bbox 2035 2331 3604 2403">
    <p class='ocr_par' dir='ltr' id='par_1_65' title="bbox 2035 2331 3604 2403">
     <span class='ocr_line' id='line_1_65' title="bbox 2035 2331 3604 2403; baseline -0.001 -15"><span class='ocrx_word' id='word_1_472' title='bbox 2035 2335 2186 2388; x_wconf 79' lang='lat' dir='ltr'><strong>vivos</strong></span> <span class='ocrx_word' id='word_1_473' title='bbox 2213 2335 2264 2387; x_wconf 92' lang='lat' dir='ltr'><strong>in</strong></span> <span class='ocrx_word' id='word_1_474' title='bbox 2302 2347 2363 2387; x_wconf 88' lang='lat' dir='ltr'><strong>ea</strong></span> <span class='ocrx_word' id='word_1_475' title='bbox 2395 2331 2633 2400; x_wconf 89' lang='lat' dir='ltr'><strong>reperire</strong></span> <span class='ocrx_word' id='word_1_476' title='bbox 2669 2331 2904 2385; x_wconf 83' lang='lat' dir='ltr'><strong>futurum</strong></span> <span class='ocrx_word' id='word_1_477' title='bbox 2930 2331 2999 2385; x_wconf 85' lang='lat' dir='ltr'><strong>sit</strong></span> <span class='ocrx_word' id='word_1_478' title='bbox 3033 2331 3267 2394; x_wconf 84' lang='lat' dir='ltr'><strong>dillicile,</strong></span> <span class='ocrx_word' id='word_1_479' title='bbox 3292 2343 3604 2403; x_wconf 86' lang='lat' dir='ltr'><strong>tantamque</strong></span> 
     </span>
    </p>
   </div>
   <div class='ocr_carea' id='block_1_66' title="bbox 2037 2422 3603 2491">
    <p class='ocr_par' dir='ltr' id='par_1_66' title="bbox 2037 2422 3603 2491">
     <span class='ocr_line' id='line_1_66' title="bbox 2037 2422 3603 2491; baseline -0.003 -10"><span class='ocrx_word' id='word_1_480' title='bbox 2037 2428 2311 2482; x_wconf 84' lang='lat' dir='ltr'><strong>raritatem</strong></span> <span class='ocrx_word' id='word_1_481' title='bbox 2362 2423 2707 2491; x_wconf 90' lang='lat' dir='ltr'><strong>superstitum</strong></span> <span class='ocrx_word' id='word_1_482' title='bbox 2752 2430 2948 2490; x_wconf 91' lang='lat' dir='ltr'><strong>quanta</strong></span> <span class='ocrx_word' id='word_1_483' title='bbox 3001 2429 3086 2475; x_wconf 90' lang='lat' dir='ltr'><strong>est</strong></span> <span class='ocrx_word' id='word_1_484' title='bbox 3120 2423 3356 2489; x_wconf 89' lang='lat' dir='ltr'><strong>lapidum</strong></span> <span class='ocrx_word' id='word_1_485' title='bbox 3392 2422 3603 2477; x_wconf 79' lang='lat' dir='ltr'><strong>Iudico-</strong></span> 
     </span>
    </p>
   </div>
   <div class='ocr_carea' id='block_1_67' title="bbox 2039 2513 3599 2583">
    <p class='ocr_par' dir='ltr' id='par_1_67' title="bbox 2039 2513 3599 2583">
     <span class='ocr_line' id='line_1_67' title="bbox 2039 2513 3599 2583; baseline -0.001 -13"><span class='ocrx_word' id='word_1_486' title='bbox 2039 2532 2154 2570; x_wconf 90' lang='lat' dir='ltr'><strong>rum</strong></span> <span class='ocrx_word' id='word_1_487' title='bbox 2180 2525 2233 2570; x_wconf 93' lang='lat' dir='ltr'><strong>et</strong></span> <span class='ocrx_word' id='word_1_488' title='bbox 2261 2516 2374 2568; x_wconf 88' lang='lat' dir='ltr'><strong>auri</strong></span> <span class='ocrx_word' id='word_1_489' title='bbox 2421 2514 2810 2583; x_wconf 82' lang='lat' dir='ltr'><strong>probatissimi.</strong></span> <span class='ocrx_word' id='word_1_490' title='bbox 2867 2513 3092 2569; x_wconf 78' lang='lat' dir='ltr'><strong>Videtur</strong></span> <span class='ocrx_word' id='word_1_491' title='bbox 3143 2517 3285 2569; x_wconf 88' lang='lat' dir='ltr'><strong>enim</strong></span> <span class='ocrx_word' id='word_1_492' title='bbox 3338 2515 3599 2582; x_wconf 79' lang='lat' dir='ltr'><strong>ejusmodi</strong></span> 
     </span>
    </p>
   </div>
   <div class='ocr_carea' id='block_1_68' title="bbox 2037 2605 3601 2676">
    <p class='ocr_par' dir='ltr' id='par_1_68' title="bbox 2037 2605 3601 2676">
     <span class='ocr_line' id='line_1_68' title="bbox 2037 2605 3601 2676; baseline 0.001 -16"><span class='ocrx_word' id='word_1_493' title='bbox 2037 2609 2174 2675; x_wconf 89' lang='lat' dir='ltr'><strong>apud</strong></span> <span class='ocrx_word' id='word_1_494' title='bbox 2203 2607 2460 2674; x_wconf 84' lang='lat' dir='ltr'><strong>quosdam</strong></span> <span class='ocrx_word' id='word_1_495' title='bbox 2492 2605 2544 2658; x_wconf 86' lang='lat' dir='ltr'><strong>in</strong></span> <span class='ocrx_word' id='word_1_496' title='bbox 2577 2606 2777 2658; x_wconf 84' lang='lat' dir='ltr'><strong>honore</strong></span> <span class='ocrx_word' id='word_1_497' title='bbox 2835 2620 2956 2659; x_wconf 91' lang='lat' dir='ltr'><strong>esse</strong></span> <span class='ocrx_word' id='word_1_498' title='bbox 2987 2616 3040 2658; x_wconf 93' lang='lat' dir='ltr'><strong>et</strong></span> <span class='ocrx_word' id='word_1_499' title='bbox 3085 2607 3281 2676; x_wconf 88' lang='lat' dir='ltr'><strong>pretio,</strong></span> <span class='ocrx_word' id='word_1_500' title='bbox 3346 2622 3410 2660; x_wconf 90' lang='lat' dir='ltr'><strong>eo</strong></span> <span class='ocrx_word' id='word_1_501' title='bbox 3462 2608 3601 2674; x_wconf 87' lang='lat' dir='ltr'><strong>quod</strong></span> 
     </span>
    </p>
   </div>
   <div class='ocr_carea' id='block_1_69' title="bbox 2038 2676 3601 2764">
    <p class='ocr_par' dir='ltr' id='par_1_69' title="bbox 2038 2676 3601 2764">
     <span class='ocr_line' id='line_1_69' title="bbox 2038 2676 3601 2764; baseline -0.003 -12"><span class='ocrx_word' id='word_1_502' title='bbox 2038 2697 2317 2752; x_wconf 75' lang='lat' dir='ltr'><strong>diﬁiculter</strong></span> <span class='ocrx_word' id='word_1_503' title='bbox 2349 2676 2631 2749; x_wconf 80' lang='lat' dir='ltr'><strong>admodum</strong></span> <span class='ocrx_word' id='word_1_504' title='bbox 2683 2695 2938 2764; x_wconf 88' lang='lat' dir='ltr'><strong>parabilia</strong></span> <span class='ocrx_word' id='word_1_505' title='bbox 2993 2695 3122 2758; x_wconf 91' lang='lat' dir='ltr'><strong>sint,</strong></span> <span class='ocrx_word' id='word_1_506' title='bbox 3172 2704 3224 2748; x_wconf 85' lang='lat' dir='ltr'><strong>et</strong></span> <span class='ocrx_word' id='word_1_507' title='bbox 3256 2696 3395 2764; x_wconf 85' lang='lat' dir='ltr'><strong>quod</strong></span> <span class='ocrx_word' id='word_1_508' title='bbox 3437 2710 3601 2764; x_wconf 88' lang='lat' dir='ltr'><strong>pauca</strong></span> 
     </span>
    </p>
   </div>
   <div class='ocr_carea' id='block_1_70' title="bbox 2037 2784 3604 2855">
    <p class='ocr_par' dir='ltr' id='par_1_70' title="bbox 2037 2784 3604 2855">
     <span class='ocr_line' id='line_1_70' title="bbox 2037 2784 3604 2855; baseline -0.003 -10"><span class='ocrx_word' id='word_1_509' title='bbox 2037 2790 2165 2853; x_wconf 88' lang='lat' dir='ltr'><strong>sint,</strong></span> <span class='ocrx_word' id='word_1_510' title='bbox 2198 2797 2251 2841; x_wconf 92' lang='lat' dir='ltr'><strong>et</strong></span> <span class='ocrx_word' id='word_1_511' title='bbox 2279 2803 2400 2842; x_wconf 88' lang='lat' dir='ltr'><strong>raro</strong></span> <span class='ocrx_word' id='word_1_512' title='bbox 2420 2787 2782 2841; x_wconf 89' lang='lat' dir='ltr'><strong>inveniantur.</strong></span> <span class='ocrx_word' id='word_1_513' title='bbox 2813 2784 2884 2839; x_wconf 92' lang='lat' dir='ltr'><strong>Ut</strong></span> <span class='ocrx_word' id='word_1_514' title='bbox 2912 2786 3090 2855; x_wconf 79' lang='lat' dir='ltr'><strong>igitur,</strong></span> <span class='ocrx_word' id='word_1_515' title='bbox 3130 2786 3452 2855; x_wconf 69' lang='lat' dir='ltr'><strong>inquit,qum</strong></span> <span class='ocrx_word' id='word_1_516' title='bbox 3467 2788 3604 2853; x_wconf 89' lang='lat' dir='ltr'><strong>apud</strong></span> 
     </span>
    </p>
   </div>
   <div class='ocr_carea' id='block_1_71' title="bbox 2037 2877 3602 2946">
    <p class='ocr_par' dir='ltr' id='par_1_71' title="bbox 2037 2877 3602 2946">
     <span class='ocr_line' id='line_1_71' title="bbox 2037 2877 3602 2946; baseline -0.002 -10"><span class='ocrx_word' id='word_1_517' title='bbox 2037 2881 2284 2936; x_wconf 88' lang='lat' dir='ltr'><strong>homines</strong></span> <span class='ocrx_word' id='word_1_518' title='bbox 2315 2881 2367 2934; x_wconf 92' lang='lat' dir='ltr'><strong>in</strong></span> <span class='ocrx_word' id='word_1_519' title='bbox 2398 2879 2753 2934; x_wconf 87' lang='lat' dir='ltr'><strong>admiratione</strong></span> <span class='ocrx_word' id='word_1_520' title='bbox 2781 2889 2927 2944; x_wconf 90' lang='lat' dir='ltr'><strong>sunt,</strong></span> <span class='ocrx_word' id='word_1_521' title='bbox 2965 2889 3152 2946; x_wconf 88' lang='lat' dir='ltr'><strong>paratu</strong></span> <span class='ocrx_word' id='word_1_522' title='bbox 3182 2877 3416 2933; x_wconf 71' lang='lat' dir='ltr'><strong>difﬁcilia</strong></span> <span class='ocrx_word' id='word_1_523' title='bbox 3448 2891 3602 2944; x_wconf 88' lang='lat' dir='ltr'><strong>sunt,</strong></span> 
     </span>
    </p>
   </div>
   <div class='ocr_carea' id='block_1_72' title="bbox 2037 2970 3602 3042">
    <p class='ocr_par' dir='ltr' id='par_1_72' title="bbox 2037 2970 3602 3042">
     <span class='ocr_line' id='line_1_72' title="bbox 2037 2970 3602 3042; baseline -0.003 -16"><span class='ocrx_word' id='word_1_524' title='bbox 2037 2972 2256 3042; x_wconf 88' lang='lat' dir='ltr'><strong>pretiosi</strong></span> <span class='ocrx_word' id='word_1_525' title='bbox 2278 2971 2496 3040; x_wconf 83' lang='lat' dir='ltr'><strong>lapides,</strong></span> <span class='ocrx_word' id='word_1_526' title='bbox 2528 2980 2581 3024; x_wconf 89' lang='lat' dir='ltr'><strong>et</strong></span> <span class='ocrx_word' id='word_1_527' title='bbox 2635 2985 2822 3023; x_wconf 89' lang='lat' dir='ltr'><strong>aurum</strong></span> <span class='ocrx_word' id='word_1_528' title='bbox 2854 2970 3117 3035; x_wconf 84' lang='lat' dir='ltr'><strong>obrizum,</strong></span> <span class='ocrx_word' id='word_1_529' title='bbox 3146 2970 3196 3024; x_wconf 94' lang='lat' dir='ltr'><strong>id</strong></span> <span class='ocrx_word' id='word_1_530' title='bbox 3234 2982 3338 3033; x_wconf 93' lang='lat' dir='ltr'><strong>est,</strong></span> <span class='ocrx_word' id='word_1_531' title='bbox 3391 2981 3602 3039; x_wconf 73' lang='lat' dir='ltr'><strong>specta-</strong></span> 
     </span>
    </p>
   </div>
   <div class='ocr_carea' id='block_1_73' title="bbox 2040 3064 3606 3131">
    <p class='ocr_par' dir='ltr' id='par_1_73' title="bbox 2040 3064 3606 3131">
     <span class='ocr_line' id='line_1_73' title="bbox 2040 3064 3606 3131; baseline -0.001 -12"><span class='ocrx_word' id='word_1_532' title='bbox 2040 3066 2340 3120; x_wconf 91' lang='lat' dir='ltr'><strong>tissimum:</strong></span> <span class='ocrx_word' id='word_1_533' title='bbox 2382 3064 2461 3118; x_wconf 88' lang='lat' dir='ltr'><strong>sic</strong></span> <span class='ocrx_word' id='word_1_534' title='bbox 2490 3072 2650 3116; x_wconf 93' lang='lat' dir='ltr'><strong>erunt</strong></span> <span class='ocrx_word' id='word_1_535' title='bbox 2693 3072 2747 3117; x_wconf 93' lang='lat' dir='ltr'><strong>et</strong></span> <span class='ocrx_word' id='word_1_536' title='bbox 2773 3064 2923 3131; x_wconf 85' lang='lat' dir='ltr'><strong>pauci</strong></span> <span class='ocrx_word' id='word_1_537' title='bbox 2952 3072 3006 3118; x_wconf 92' lang='lat' dir='ltr'><strong>et</strong></span> <span class='ocrx_word' id='word_1_538' title='bbox 3070 3079 3212 3125; x_wconf 90' lang='lat' dir='ltr'><strong>raro,</strong></span> <span class='ocrx_word' id='word_1_539' title='bbox 3268 3064 3356 3131; x_wconf 91' lang='lat' dir='ltr'><strong>qui</strong></span> <span class='ocrx_word' id='word_1_540' title='bbox 3401 3079 3431 3117; x_wconf 93' lang='lat' dir='ltr'><strong>e</strong></span> <span class='ocrx_word' id='word_1_541' title='bbox 3469 3064 3606 3118; x_wconf 88' lang='lat' dir='ltr'><strong>bello</strong></span> 
     </span>
    </p>
   </div>
   <div class='ocr_carea' id='block_1_74' title="bbox 1965 3139 3264 3224">
    <p class='ocr_par' dir='ltr' id='par_1_74' title="bbox 1965 3139 3264 3224">
     <span class='ocr_line' id='line_1_74' title="bbox 1965 3139 3264 3224; baseline -0.002 -13"><span class='ocrx_word' id='word_1_542' title='bbox 1965 3139 2007 3198; x_wconf 68' lang='grc' dir='ltr'><strong>(ἶ</strong></span> <span class='ocrx_word' id='word_1_543' title='bbox 2040 3157 2279 3212; x_wconf 89' lang='lat' dir='ltr'><strong>derelicti</strong></span> <span class='ocrx_word' id='word_1_544' title='bbox 2336 3166 2607 3210; x_wconf 85' lang='lat' dir='ltr'><strong>catervam</strong></span> <span class='ocrx_word' id='word_1_545' title='bbox 2643 3154 2959 3208; x_wconf 86' lang='lat' dir='ltr'><strong>bellatorum</strong></span> <span class='ocrx_word' id='word_1_546' title='bbox 2986 3153 3264 3224; x_wconf 74' lang='lat' dir='ltr'><strong>ell‘ugient.</strong></span> 
     </span>
    </p>
   </div>
   <div class='ocr_carea' id='block_1_75' title="bbox 2112 3245 3608 3306">
    <p class='ocr_par' dir='ltr' id='par_1_75' title="bbox 2112 3245 3608 3306">
     <span class='ocr_line' id='line_1_75' title="bbox 2112 3245 3608 3306; baseline -0.003 -6"><span class='ocrx_word' id='word_1_547' title='bbox 2112 3246 2277 3300; x_wconf 69' lang='lat' dir='ltr'><strong>Vsus.</strong></span> <span class='ocrx_word' id='word_1_548' title='bbox 2316 3247 2404 3300; x_wconf 82' lang='grc'><strong>15.</strong></span> <span class='ocrx_word' id='word_1_549' title='bbox 2465 3245 2660 3298; x_wconf 76' lang='lat' dir='ltr'><strong>Caelum</strong></span> <span class='ocrx_word' id='word_1_550' title='bbox 2716 3246 2849 3298; x_wconf 75' lang='lat' dir='ltr'><strong>enim</strong></span> <span class='ocrx_word' id='word_1_551' title='bbox 2885 3247 3158 3306; x_wconf 75' lang='lat' dir='ltr'><strong>irascetur,</strong></span> <span class='ocrx_word' id='word_1_552' title='bbox 3204 3255 3248 3298; x_wconf 89' lang='lat' dir='ltr'><strong>et</strong></span> <span class='ocrx_word' id='word_1_553' title='bbox 3303 3255 3439 3298; x_wconf 83' lang='lat' dir='ltr'><strong>terra</strong></span> <span class='ocrx_word' id='word_1_554' title='bbox 3487 3261 3608 3297; x_wconf 83' lang='lat' dir='ltr'><strong>con-</strong></span> 
     </span>
    </p>
   </div>
   <div class='ocr_carea' id='block_1_76' title="bbox 2038 3337 3606 3406">
    <p class='ocr_par' dir='ltr' id='par_1_76' title="bbox 2038 3337 3606 3406">
     <span class='ocr_line' id='line_1_76' title="bbox 2038 3337 3606 3406; baseline -0.003 -13"><span class='ocrx_word' id='word_1_555' title='bbox 2038 3341 2322 3393; x_wconf 85' lang='lat' dir='ltr'><strong>cutietura</strong></span> <span class='ocrx_word' id='word_1_556' title='bbox 2373 3337 2729 3406; x_wconf 81' lang='lat' dir='ltr'><strong>fundamentis</strong></span> <span class='ocrx_word' id='word_1_557' title='bbox 2784 3337 2893 3389; x_wconf 83' lang='lat' dir='ltr'><strong>suis</strong></span> <span class='ocrx_word' id='word_1_558' title='bbox 2956 3345 3165 3404; x_wconf 84' lang='lat' dir='ltr'><strong>propter</strong></span> <span class='ocrx_word' id='word_1_559' title='bbox 3222 3337 3449 3402; x_wconf 79' lang='lat' dir='ltr'><strong>furorem</strong></span> <span class='ocrx_word' id='word_1_560' title='bbox 3510 3338 3606 3389; x_wconf 78' lang='lat' dir='ltr'><strong>ira:</strong></span> 
     </span>
    </p>
   </div>
   <div class='ocr_carea' id='block_1_77' title="bbox 2040 3425 3438 3497">
    <p class='ocr_par' dir='ltr' id='par_1_77' title="bbox 2040 3425 3438 3497">
     <span class='ocr_line' id='line_1_77' title="bbox 2040 3425 3438 3497; baseline -0.004 -11"><span class='ocrx_word' id='word_1_561' title='bbox 2040 3432 2250 3486; x_wconf 80' lang='lat' dir='ltr'><strong>Domini</strong></span> <span class='ocrx_word' id='word_1_562' title='bbox 2284 3431 2540 3494; x_wconf 82' lang='lat' dir='ltr'><strong>Sabaoth,</strong></span> <span class='ocrx_word' id='word_1_563' title='bbox 2567 3445 2625 3482; x_wconf 89' lang='lat' dir='ltr'><strong>eo</strong></span> <span class='ocrx_word' id='word_1_564' title='bbox 2671 3428 2754 3480; x_wconf 85' lang='lat' dir='ltr'><strong>die</strong></span> <span class='ocrx_word' id='word_1_565' title='bbox 2789 3444 2890 3497; x_wconf 86' lang='lat' dir='ltr'><strong>quo</strong></span> <span class='ocrx_word' id='word_1_566' title='bbox 2917 3428 3103 3480; x_wconf 71' lang='lat' dir='ltr'><strong>venerit</strong></span> <span class='ocrx_word' id='word_1_567' title='bbox 3127 3425 3277 3494; x_wconf 82' lang='lat' dir='ltr'><strong>furor</strong></span> <span class='ocrx_word' id='word_1_568' title='bbox 3304 3427 3438 3495; x_wconf 83' lang='lat' dir='ltr'><strong>ejus.</strong></span> 
     </span>
    </p>
   </div>
   <div class='ocr_carea' id='block_1_78' title="bbox 2109 3598 3608 3673">
    <p class='ocr_par' dir='ltr' id='par_1_78' title="bbox 2109 3598 3608 3673">
     <span class='ocr_line' id='line_1_78' title="bbox 2109 3598 3608 3673; baseline -0.006 -14"><span class='ocrx_word' id='word_1_569' title='bbox 2109 3605 2423 3673; x_wconf 89' lang='lat' dir='ltr'><strong>Loquuntur</strong></span> <span class='ocrx_word' id='word_1_570' title='bbox 2464 3600 2806 3671; x_wconf 88' lang='lat' dir='ltr'><strong>hyperbolice</strong></span> <span class='ocrx_word' id='word_1_571' title='bbox 2832 3599 2974 3653; x_wconf 91' lang='lat' dir='ltr'><strong>beati</strong></span> <span class='ocrx_word' id='word_1_572' title='bbox 3026 3606 3320 3668; x_wconf 62' lang='lat' dir='ltr'><strong>prepnetai,</strong></span> <span class='ocrx_word' id='word_1_573' title='bbox 3356 3607 3410 3650; x_wconf 88' lang='lat' dir='ltr'><strong>et</strong></span> <span class='ocrx_word' id='word_1_574' title='bbox 3468 3598 3608 3651; x_wconf 86' lang='lat' dir='ltr'><strong>divi-</strong></span> 
     </span>
    </p>
   </div>
   <div class='ocr_carea' id='block_1_79' title="bbox 2041 3690 3607 3763">
    <p class='ocr_par' dir='ltr' id='par_1_79' title="bbox 2041 3690 3607 3763">
     <span class='ocr_line' id='line_1_79' title="bbox 2041 3690 3607 3763; baseline -0.007 -9"><span class='ocrx_word' id='word_1_575' title='bbox 2041 3715 2164 3754; x_wconf 87' lang='lat' dir='ltr'><strong>nam</strong></span> <span class='ocrx_word' id='word_1_576' title='bbox 2202 3712 2264 3751; x_wconf 92' lang='lat' dir='ltr'><strong>ac</strong></span> <span class='ocrx_word' id='word_1_577' title='bbox 2292 3695 2719 3763; x_wconf 82' lang='lat' dir='ltr'><strong>inexplicabilem</strong></span> <span class='ocrx_word' id='word_1_578' title='bbox 2751 3691 3042 3762; x_wconf 88' lang='lat' dir='ltr'><strong>potentiam</strong></span> <span class='ocrx_word' id='word_1_579' title='bbox 3063 3705 3127 3744; x_wconf 87' lang='lat' dir='ltr'><strong>ac</strong></span> <span class='ocrx_word' id='word_1_580' title='bbox 3166 3690 3391 3759; x_wconf 79' lang='lat' dir='ltr'><strong>gloriam</strong></span> <span class='ocrx_word' id='word_1_581' title='bbox 3424 3691 3607 3743; x_wconf 89' lang='lat' dir='ltr'><strong>animo</strong></span> 
     </span>
    </p>
   </div>
   <div class='ocr_carea' id='block_1_80' title="bbox 2043 3781 3606 3860">
    <p class='ocr_par' dir='ltr' id='par_1_80' title="bbox 2043 3781 3606 3860">
     <span class='ocr_line' id='line_1_80' title="bbox 2043 3781 3606 3860; baseline -0.007 -15"><span class='ocrx_word' id='word_1_582' title='bbox 2043 3792 2340 3860; x_wconf 90' lang='lat' dir='ltr'><strong>capientes,</strong></span> <span class='ocrx_word' id='word_1_583' title='bbox 2377 3788 2482 3841; x_wconf 89' lang='lat' dir='ltr'><strong>alte</strong></span> <span class='ocrx_word' id='word_1_584' title='bbox 2517 3800 2679 3839; x_wconf 81' lang='lat' dir='ltr'><strong>voces</strong></span> <span class='ocrx_word' id='word_1_585' title='bbox 2715 3791 3061 3850; x_wconf 76' lang='lat' dir='ltr'><strong>exaggerant,</strong></span> <span class='ocrx_word' id='word_1_586' title='bbox 3104 3791 3157 3836; x_wconf 91' lang='lat' dir='ltr'><strong>et</strong></span> <span class='ocrx_word' id='word_1_587' title='bbox 3189 3781 3606 3848; x_wconf 80' lang='lat' dir='ltr'><strong>magnitudinem</strong></span> 
     </span>
    </p>
   </div>
   <div class='ocr_carea' id='block_1_81' title="bbox 2041 3871 3610 3936">
    <p class='ocr_par' dir='ltr' id='par_1_81' title="bbox 2041 3871 3610 3936">
     <span class='ocr_line' id='line_1_81' title="bbox 2041 3871 3610 3936; baseline -0.008 -1"><span class='ocrx_word' id='word_1_588' title='bbox 2041 3881 2295 3935; x_wconf 81' lang='lat' dir='ltr'><strong>eximiam</strong></span> <span class='ocrx_word' id='word_1_589' title='bbox 2329 3879 2380 3932; x_wconf 90' lang='lat' dir='ltr'><strong>in</strong></span> <span class='ocrx_word' id='word_1_590' title='bbox 2406 3875 2809 3931; x_wconf 87' lang='lat' dir='ltr'><strong>narrationibus</strong></span> <span class='ocrx_word' id='word_1_591' title='bbox 2843 3874 2954 3927; x_wconf 89' lang='lat' dir='ltr'><strong>suis</strong></span> <span class='ocrx_word' id='word_1_592' title='bbox 2984 3871 3347 3936; x_wconf 89' lang='lat' dir='ltr'><strong>considerant,</strong></span> <span class='ocrx_word' id='word_1_593' title='bbox 3377 3886 3439 3925; x_wconf 93' lang='lat' dir='ltr'><strong>ac</strong></span> <span class='ocrx_word' id='word_1_594' title='bbox 3469 3885 3610 3925; x_wconf 79' lang='lat' dir='ltr'><strong>seiu-</strong></span> 
     </span>
    </p>
   </div>
   <div class='ocr_carea' id='block_1_82' title="bbox 2042 3964 3608 4042">
    <p class='ocr_par' dir='ltr' id='par_1_82' title="bbox 2042 3964 3608 4042">
     <span class='ocr_line' id='line_1_82' title="bbox 2042 3964 3608 4042; baseline -0.007 -15"><span class='ocrx_word' id='word_1_595' title='bbox 2042 3989 2134 4042; x_wconf 88' lang='lat' dir='ltr'><strong>per</strong></span> <span class='ocrx_word' id='word_1_596' title='bbox 2159 3973 2295 4025; x_wconf 83' lang='lat' dir='ltr'><strong>irato</strong></span> <span class='ocrx_word' id='word_1_597' title='bbox 2329 3970 2456 4033; x_wconf 83' lang='lat' dir='ltr'><strong>Deo,</strong></span> <span class='ocrx_word' id='word_1_598' title='bbox 2489 3967 2821 4024; x_wconf 88' lang='lat' dir='ltr'><strong>simuletiam</strong></span> <span class='ocrx_word' id='word_1_599' title='bbox 2878 3965 2942 4018; x_wconf 91' lang='lat' dir='ltr'><strong>ad</strong></span> <span class='ocrx_word' id='word_1_600' title='bbox 2980 3964 3114 4018; x_wconf 91' lang='lat' dir='ltr'><strong>iram</strong></span> <span class='ocrx_word' id='word_1_601' title='bbox 3151 3965 3429 4017; x_wconf 77' lang='lat' dir='ltr'><strong>exacuitur</strong></span> <span class='ocrx_word' id='word_1_602' title='bbox 3453 3977 3608 4016; x_wconf 84' lang='lat' dir='ltr'><strong>serva</strong></span> 
     </span>
    </p>
   </div>
   <div class='ocr_carea' id='block_1_83' title="bbox 2051 4058 3612 4127">
    <p class='ocr_par' dir='ltr' id='par_1_83' title="bbox 2051 4058 3612 4127">
     <span class='ocr_line' id='line_1_83' title="bbox 2051 4058 3612 4127; baseline -0.005 -7"><span class='ocrx_word' id='word_1_603' title='bbox 2051 4074 2328 4127; x_wconf 88' lang='lat' dir='ltr'><strong>creatura,</strong></span> <span class='ocrx_word' id='word_1_604' title='bbox 2357 4063 2577 4117; x_wconf 91' lang='lat' dir='ltr'><strong>omnino</strong></span> <span class='ocrx_word' id='word_1_605' title='bbox 2598 4076 2715 4116; x_wconf 91' lang='lat' dir='ltr'><strong>eam</strong></span> <span class='ocrx_word' id='word_1_606' title='bbox 2736 4062 2838 4115; x_wconf 90' lang='lat' dir='ltr'><strong>huc</strong></span> <span class='ocrx_word' id='word_1_607' title='bbox 2852 4060 3119 4114; x_wconf 80' lang='lat' dir='ltr'><strong>excitante</strong></span> <span class='ocrx_word' id='word_1_608' title='bbox 3153 4058 3334 4127; x_wconf 91' lang='lat' dir='ltr'><strong>eo,qui</strong></span> <span class='ocrx_word' id='word_1_609' title='bbox 3363 4060 3612 4112; x_wconf 89' lang='lat' dir='ltr'><strong>omnibus</strong></span> 
     </span>
    </p>
   </div>
   <div class='ocr_carea' id='block_1_84' title="bbox 2046 4150 3609 4230">
    <p class='ocr_par' dir='ltr' id='par_1_84' title="bbox 2046 4150 3609 4230">
     <span class='ocr_line' id='line_1_84' title="bbox 2046 4150 3609 4230; baseline -0.007 -16"><span class='ocrx_word' id='word_1_610' title='bbox 2046 4160 2292 4230; x_wconf 89' lang='lat' dir='ltr'><strong>imperat.</strong></span> <span class='ocrx_word' id='word_1_611' title='bbox 2320 4155 2636 4213; x_wconf 90' lang='lat' dir='ltr'><strong>Succensuit</strong></span> <span class='ocrx_word' id='word_1_612' title='bbox 2661 4155 2857 4224; x_wconf 92' lang='lat' dir='ltr'><strong>quippe</strong></span> <span class='ocrx_word' id='word_1_613' title='bbox 2888 4153 2972 4206; x_wconf 92' lang='lat' dir='ltr'><strong>ille</strong></span> <span class='ocrx_word' id='word_1_614' title='bbox 3000 4150 3269 4222; x_wconf 61' lang='lat' dir='ltr'><strong>IEgyptiis</strong></span> <span class='ocrx_word' id='word_1_615' title='bbox 3299 4169 3312 4205; x_wconf 92' lang='lat'><strong>:</strong></span> <span class='ocrx_word' id='word_1_616' title='bbox 3364 4161 3609 4204; x_wconf 85' lang='lat' dir='ltr'><strong>creatura</strong></span> 
     </span>
    </p>
   </div>
   <div class='ocr_carea' id='block_1_85' title="bbox 2049 4242 3610 4312">
    <p class='ocr_par' dir='ltr' id='par_1_85' title="bbox 2049 4242 3610 4312">
     <span class='ocr_line' id='line_1_85' title="bbox 2049 4242 3610 4312; baseline -0.007 -6"><span class='ocrx_word' id='word_1_617' title='bbox 2049 4261 2230 4306; x_wconf 90' lang='lat' dir='ltr'><strong>autem</strong></span> <span class='ocrx_word' id='word_1_618' title='bbox 2263 4263 2479 4306; x_wconf 91' lang='lat' dir='ltr'><strong>cessare</strong></span> <span class='ocrx_word' id='word_1_619' title='bbox 2549 4262 2653 4301; x_wconf 93' lang='lat' dir='ltr'><strong>non</strong></span> <span class='ocrx_word' id='word_1_620' title='bbox 2706 4242 3270 4300; x_wconf 84' lang='lat' dir='ltr'><strong>sustinuit.Transivit</strong></span> <span class='ocrx_word' id='word_1_621' title='bbox 3329 4242 3524 4312; x_wconf 84' lang='lat' dir='ltr'><strong>quippe</strong></span> <span class='ocrx_word' id='word_1_622' title='bbox 3555 4243 3610 4295; x_wconf 92' lang='lat' dir='ltr'><strong>in</strong></span> 
     </span>
    </p>
   </div>
   <div class='ocr_carea' id='block_1_86' title="bbox 2044 4332 3607 4412">
    <p class='ocr_par' dir='ltr' id='par_1_86' title="bbox 2044 4332 3607 4412">
     <span class='ocr_line' id='line_1_86' title="bbox 2044 4332 3607 4412; baseline -0.008 -14"><span class='ocrx_word' id='word_1_623' title='bbox 2044 4341 2359 4412; x_wconf 81' lang='lat' dir='ltr'><strong>sanguinem</strong></span> <span class='ocrx_word' id='word_1_624' title='bbox 2422 4353 2582 4408; x_wconf 90' lang='lat' dir='ltr'><strong>aqua,</strong></span> <span class='ocrx_word' id='word_1_625' title='bbox 2629 4335 2908 4390; x_wconf 81' lang='lat' dir='ltr'><strong>scaturivit</strong></span> <span class='ocrx_word' id='word_1_626' title='bbox 2977 4341 3120 4387; x_wconf 88' lang='lat' dir='ltr'><strong>terra</strong></span> <span class='ocrx_word' id='word_1_627' title='bbox 3179 4347 3362 4395; x_wconf 88' lang='lat' dir='ltr'><strong>ranas,</strong></span> <span class='ocrx_word' id='word_1_628' title='bbox 3416 4332 3607 4386; x_wconf 71' lang='lat' dir='ltr'><strong>malum</strong></span> 
     </span>
    </p>
   </div>
   <div class='ocr_carea' id='block_1_87' title="bbox 2045 4421 3607 4498">
    <p class='ocr_par' dir='ltr' id='par_1_87' title="bbox 2045 4421 3607 4498">
     <span class='ocr_line' id='line_1_87' title="bbox 2045 4421 3607 4498; baseline -0.005 -16"><span class='ocrx_word' id='word_1_629' title='bbox 2045 4428 2256 4482; x_wconf 88' lang='lat' dir='ltr'><strong>demisit</strong></span> <span class='ocrx_word' id='word_1_630' title='bbox 2285 4427 2619 4498; x_wconf 82' lang='lat' dir='ltr'><strong>grandinem,</strong></span> <span class='ocrx_word' id='word_1_631' title='bbox 2639 4423 2914 4492; x_wconf 68' lang='lat' dir='ltr'><strong>profundae</strong></span> <span class='ocrx_word' id='word_1_632' title='bbox 2941 4423 3176 4476; x_wconf 79' lang='lat' dir='ltr'><strong>tenebrze</strong></span> <span class='ocrx_word' id='word_1_633' title='bbox 3212 4421 3369 4476; x_wconf 90' lang='lat' dir='ltr'><strong>trium</strong></span> <span class='ocrx_word' id='word_1_634' title='bbox 3401 4423 3607 4474; x_wconf 88' lang='lat' dir='ltr'><strong>dierum</strong></span> 
     </span>
    </p>
   </div>
   <div class='ocr_carea' id='block_1_88' title="bbox 372 4511 1938 4589">
    <p class='ocr_par' dir='ltr' id='par_1_88' title="bbox 372 4515 1938 4589">
     <span class='ocr_line' id='line_1_88' title="bbox 372 4515 1938 4589; baseline 0.003 -22"><span class='ocrx_word' id='word_1_635' title='bbox 372 4515 477 4569; x_wconf 87' lang='grc' dir='ltr'>θίει</span> <span class='ocrx_word' id='word_1_636' title='bbox 506 4516 563 4568; x_wconf 83' lang='grc' dir='ltr'>δὲ</span> <span class='ocrx_word' id='word_1_637' title='bbox 591 4516 832 4586; x_wconf 84' lang='grc' dir='ltr'>χαλάζας</span> <span class='ocrx_word' id='word_1_638' title='bbox 865 4519 894 4570; x_wconf 84' lang='grc' dir='ltr'><strong>ό</strong></span> <span class='ocrx_word' id='word_1_639' title='bbox 920 4517 1164 4587; x_wconf 79' lang='grc' dir='ltr'>οὐρανός·</span> <span class='ocrx_word' id='word_1_640' title='bbox 1201 4517 1294 4570; x_wconf 78' lang='grc' dir='ltr'>καὶ</span> <span class='ocrx_word' id='word_1_641' title='bbox 1351 4518 1457 4588; x_wconf 80' lang='grc' dir='ltr'><strong>μὴν</strong></span> <span class='ocrx_word' id='word_1_642' title='bbox 1487 4519 1580 4571; x_wconf 78' lang='grc' dir='ltr'><strong>καὶ</strong></span> <span class='ocrx_word' id='word_1_643' title='bbox 1628 4518 1818 4589; x_wconf 81' lang='grc' dir='ltr'>βαθὺς,</span> <span class='ocrx_word' id='word_1_644' title='bbox 1849 4519 1938 4572; x_wconf 65' lang='grc' dir='ltr'><strong>καὶ</strong></span> 
     </span>
    </p>
   </div>
   <div class='ocr_carea' id='block_1_89' title="bbox 2038 4511 3602 4589">
    <p class='ocr_par' dir='ltr' id='par_1_89' title="bbox 2045 4511 3602 4588">
     <span class='ocr_line' id='line_1_89' title="bbox 2045 4511 3602 4588; baseline -0.008 -16"><span class='ocrx_word' id='word_1_645' title='bbox 2045 4520 2219 4588; x_wconf 89' lang='lat' dir='ltr'><strong>spatio</strong></span> <span class='ocrx_word' id='word_1_646' title='bbox 2285 4531 2378 4586; x_wconf 89' lang='lat' dir='ltr'><strong>per</strong></span> <span class='ocrx_word' id='word_1_647' title='bbox 2437 4526 2601 4569; x_wconf 90' lang='lat' dir='ltr'><strong>totam</strong></span> <span class='ocrx_word' id='word_1_648' title='bbox 2620 4529 2806 4569; x_wconf 90' lang='lat' dir='ltr'><strong>eorum</strong></span> <span class='ocrx_word' id='word_1_649' title='bbox 2847 4513 3121 4580; x_wconf 82' lang='lat' dir='ltr'><strong>regionem</strong></span> <span class='ocrx_word' id='word_1_650' title='bbox 3147 4511 3418 4580; x_wconf 66' lang='lat' dir='ltr'><strong>dissipata:</strong></span> <span class='ocrx_word' id='word_1_651' title='bbox 3457 4521 3602 4573; x_wconf 80' lang='lat' dir='ltr'><strong>sunt,</strong></span> 
     </span>
    </p>
   </div>
   <div class='ocr_carea' id='block_1_90' title="bbox 371 4605 1938 4678">
    <p class='ocr_par' dir='ltr' id='par_1_90' title="bbox 371 4607 1938 4678">
     <span class='ocr_line' id='line_1_90' title="bbox 371 4607 1938 4678; baseline 0.003 -19"><span class='ocrx_word' id='word_1_652' title='bbox 371 4607 668 4678; x_wconf 84' lang='grc' dir='ltr'>τριήμερος</span> <span class='ocrx_word' id='word_1_653' title='bbox 694 4607 912 4675; x_wconf 81' lang='grc' dir='ltr'>ἁπάσης</span> <span class='ocrx_word' id='word_1_654' title='bbox 955 4607 1133 4660; x_wconf 84' lang='grc' dir='ltr'>αὐτῶν</span> <span class='ocrx_word' id='word_1_655' title='bbox 1190 4607 1289 4676; x_wconf 84' lang='grc' dir='ltr'>τῆς</span> <span class='ocrx_word' id='word_1_656' title='bbox 1342 4607 1522 4678; x_wconf 86' lang='grc' dir='ltr'>χώρας</span> <span class='ocrx_word' id='word_1_657' title='bbox 1557 4610 1938 4663; x_wconf 82' lang='grc' dir='ltr'>κατεσκίδνατο</span> 
     </span>
    </p>
   </div>
   <div class='ocr_carea' id='block_1_91' title="bbox 2038 4605 3607 4678">
    <p class='ocr_par' dir='ltr' id='par_1_91' title="bbox 2041 4605 3607 4678">
     <span class='ocr_line' id='line_1_91' title="bbox 2041 4605 3607 4678; baseline -0.008 -12"><span class='ocrx_word' id='word_1_658' title='bbox 2041 4614 2178 4666; x_wconf 88' lang='lat' dir='ltr'><strong>sicut</strong></span> <span class='ocrx_word' id='word_1_659' title='bbox 2231 4610 2486 4678; x_wconf 90' lang='lat' dir='ltr'><strong>scriptum</strong></span> <span class='ocrx_word' id='word_1_660' title='bbox 2520 4616 2622 4662; x_wconf 90' lang='lat' dir='ltr'><strong>est.</strong></span> <span class='ocrx_word' id='word_1_661' title='bbox 2656 4606 2867 4676; x_wconf 88' lang='lat' dir='ltr'><strong>Itaque,</strong></span> <span class='ocrx_word' id='word_1_662' title='bbox 2913 4605 3108 4673; x_wconf 88' lang='lat' dir='ltr'><strong>inquit,</strong></span> <span class='ocrx_word' id='word_1_663' title='bbox 3146 4605 3409 4658; x_wconf 90' lang='lat' dir='ltr'><strong>irascetur</strong></span> <span class='ocrx_word' id='word_1_664' title='bbox 3447 4605 3607 4657; x_wconf 88' lang='lat' dir='ltr'><strong>etiam</strong></span> 
     </span>
    </p>
   </div>
   <div class='ocr_carea' id='block_1_92' title="bbox 375 4696 1943 4768">
    <p class='ocr_par' dir='ltr' id='par_1_92' title="bbox 375 4696 1943 4768">
     <span class='ocr_line' id='line_1_92' title="bbox 375 4696 1943 4768; baseline 0.003 -18"><span class='ocrx_word' id='word_1_665' title='bbox 375 4698 582 4760; x_wconf 85' lang='grc' dir='ltr'>σκότος.</span> <span class='ocrx_word' id='word_1_666' title='bbox 608 4696 815 4750; x_wconf 80' lang='grc' dir='ltr'>Οὐκοῦν</span> <span class='ocrx_word' id='word_1_667' title='bbox 845 4696 1247 4768; x_wconf 84' lang='grc' dir='ltr'>θυμωθήσεται,</span> <span class='ocrx_word' id='word_1_668' title='bbox 1281 4699 1434 4767; x_wconf 77' lang='grc' dir='ltr'>φησὶ,</span> <span class='ocrx_word' id='word_1_669' title='bbox 1471 4702 1565 4753; x_wconf 71' lang='grc' dir='ltr'>καὶ</span> <span class='ocrx_word' id='word_1_670' title='bbox 1607 4700 1768 4763; x_wconf 81' lang='grc' dir='ltr'>αὐτὸς</span> <span class='ocrx_word' id='word_1_671' title='bbox 1797 4703 1824 4753; x_wconf 91' lang='grc' dir='ltr'>ὁ</span> <span class='ocrx_word' id='word_1_672' title='bbox 1854 4701 1943 4753; x_wconf 83' lang='grc' dir='ltr'>ού·</span> 
     </span>
    </p>
   </div>
   <div class='ocr_carea' id='block_1_93' title="bbox 375 4783 1944 4862">
    <p class='ocr_par' dir='ltr' id='par_1_93' title="bbox 375 4783 1944 4862">
     <span class='ocr_line' id='line_1_93' title="bbox 375 4783 1944 4862; baseline 0.004 -23"><span class='ocrx_word' id='word_1_673' title='bbox 375 4788 554 4859; x_wconf 78' lang='grc' dir='ltr'>ρανὸς,</span> <span class='ocrx_word' id='word_1_674' title='bbox 589 4788 683 4840; x_wconf 79' lang='grc' dir='ltr'><strong>καὶ</strong></span> <span class='ocrx_word' id='word_1_675' title='bbox 733 4783 843 4840; x_wconf 72' lang='grc' dir='ltr'>οἷον</span> <span class='ocrx_word' id='word_1_676' title='bbox 876 4788 939 4839; x_wconf 80' lang='grc' dir='ltr'>ἐκ</span> <span class='ocrx_word' id='word_1_677' title='bbox 981 4786 1194 4858; x_wconf 84' lang='grc' dir='ltr'>βάθρων</span> <span class='ocrx_word' id='word_1_678' title='bbox 1239 4790 1272 4859; x_wconf 80' lang='grc' dir='ltr'>ἡ</span> <span class='ocrx_word' id='word_1_679' title='bbox 1319 4789 1391 4860; x_wconf 83' lang='grc' dir='ltr'>γῆ</span> <span class='ocrx_word' id='word_1_680' title='bbox 1441 4791 1782 4862; x_wconf 80' lang='grc' dir='ltr'>σεισθήσεται</span> <span class='ocrx_word' id='word_1_681' title='bbox 1807 4835 1821 4859; x_wconf 89' lang='grc'>,</span> <span class='ocrx_word' id='word_1_682' title='bbox 1856 4793 1944 4846; x_wconf 80' lang='grc' dir='ltr'><strong>διὰ</strong></span> 
     </span>
    </p>
   </div>
   <div class='ocr_carea' id='block_1_94' title="bbox 375 4878 1942 4954">
    <p class='ocr_par' dir='ltr' id='par_1_94' title="bbox 375 4878 1942 4954">
     <span class='ocr_line' id='line_1_94' title="bbox 375 4878 1942 4954; baseline 0.004 -24"><span class='ocrx_word' id='word_1_683' title='bbox 375 4879 544 4948; x_wconf 79' lang='grc' dir='ltr'>θυμὸν</span> <span class='ocrx_word' id='word_1_684' title='bbox 567 4881 734 4951; x_wconf 83' lang='grc' dir='ltr'>ὀργῆς</span> <span class='ocrx_word' id='word_1_685' title='bbox 761 4878 989 4949; x_wconf 84' lang='grc' dir='ltr'>Κυρίου.</span> <span class='ocrx_word' id='word_1_686' title='bbox 1022 4880 1426 4950; x_wconf 90' lang='grc' dir='ltr'>Συνεκπολεμεῖ</span> <span class='ocrx_word' id='word_1_687' title='bbox 1457 4882 1565 4954; x_wconf 86' lang='grc' dir='ltr'>γὰρ</span> <span class='ocrx_word' id='word_1_688' title='bbox 1597 4884 1628 4954; x_wconf 83' lang='grc' dir='ltr'><strong>ἡ</strong></span> <span class='ocrx_word' id='word_1_689' title='bbox 1650 4885 1825 4947; x_wconf 88' lang='grc' dir='ltr'>κτίσις</span> <span class='ocrx_word' id='word_1_690' title='bbox 1851 4884 1942 4937; x_wconf 78' lang='grc' dir='ltr'>ἐπὶ</span> 
     </span>
    </p>
   </div>
   <div class='ocr_carea' id='block_1_95' title="bbox 375 4971 1955 5044">
    <p class='ocr_par' dir='ltr' id='par_1_95' title="bbox 375 4971 1955 5044">
     <span class='ocr_line' id='line_1_95' title="bbox 375 4971 1955 5044; baseline 0.003 -22"><span class='ocrx_word' id='word_1_691' title='bbox 375 4971 503 5033; x_wconf 83' lang='grc' dir='ltr'>τοὺς</span> <span class='ocrx_word' id='word_1_692' title='bbox 543 4971 804 5041; x_wconf 79' lang='grc' dir='ltr'>ἄφρονας,</span> <span class='ocrx_word' id='word_1_693' title='bbox 851 4975 946 5026; x_wconf 80' lang='grc' dir='ltr'>καὶ</span> <span class='ocrx_word' id='word_1_694' title='bbox 979 4971 1352 5041; x_wconf 85' lang='grc' dir='ltr'>λελυπημένου</span> <span class='ocrx_word' id='word_1_695' title='bbox 1380 4972 1639 5026; x_wconf 90' lang='grc' dir='ltr'>δεσπότου</span> <span class='ocrx_word' id='word_1_696' title='bbox 1673 4976 1955 5044; x_wconf 73' lang='grc' dir='ltr'>μονονουχὶ</span> 
     </span>
    </p>
   </div>
   <div class='ocr_carea' id='block_1_96' title="bbox 381 5061 1985 5135">
    <p class='ocr_par' dir='ltr' id='par_1_96' title="bbox 381 5061 1985 5135">
     <span class='ocr_line' id='line_1_96' title="bbox 381 5061 1985 5135; baseline 0.002 -23"><span class='ocrx_word' id='word_1_697' title='bbox 381 5061 807 5128; x_wconf 87' lang='grc' dir='ltr'>συγκαθίσταται</span> <span class='ocrx_word' id='word_1_698' title='bbox 846 5064 939 5116; x_wconf 72' lang='grc' dir='ltr'>καὶ</span> <span class='ocrx_word' id='word_1_699' title='bbox 983 5064 1017 5133; x_wconf 85' lang='grc' dir='ltr'>ὴ</span> <span class='ocrx_word' id='word_1_700' title='bbox 1048 5061 1185 5132; x_wconf 84' lang='grc' dir='ltr'>αὑτὴ</span> <span class='ocrx_word' id='word_1_701' title='bbox 1227 5062 1363 5132; x_wconf 82' lang='grc' dir='ltr'>πρὸς</span> <span class='ocrx_word' id='word_1_702' title='bbox 1412 5061 1585 5116; x_wconf 84' lang='grc' dir='ltr'>τοῦτο.</span> <span class='ocrx_word' id='word_1_703' title='bbox 1622 5065 1806 5117; x_wconf 86' lang='grc' dir='ltr'>Πάντα</span> <span class='ocrx_word' id='word_1_704' title='bbox 1848 5063 1985 5135; x_wconf 83' lang='grc' dir='ltr'>γὰρ·</span> 
     </span>
    </p>
   </div>
   <div class='ocr_carea' id='block_1_97' title="bbox 378 5151 1956 5223">
    <p class='ocr_par' dir='ltr' id='par_1_97' title="bbox 378 5151 1956 5223">
     <span class='ocr_line' id='line_1_97' title="bbox 378 5151 1956 5223; baseline 0.003 -21"><span class='ocrx_word' id='word_1_705' title='bbox 378 5154 445 5221; x_wconf 82' lang='grc' dir='ltr'>τῇ</span> <span class='ocrx_word' id='word_1_706' title='bbox 496 5152 777 5223; x_wconf 79' lang='grc' dir='ltr'>ὑπερτάτη</span> <span class='ocrx_word' id='word_1_707' title='bbox 828 5152 1106 5223; x_wconf 88' lang='grc' dir='ltr'>συντρέχει</span> <span class='ocrx_word' id='word_1_708' title='bbox 1152 5151 1335 5222; x_wconf 82' lang='grc' dir='ltr'>βουλῇ,</span> <span class='ocrx_word' id='word_1_709' title='bbox 1383 5153 1476 5205; x_wconf 74' lang='grc' dir='ltr'>καὶ</span> <span class='ocrx_word' id='word_1_710' title='bbox 1517 5152 1666 5206; x_wconf 83' lang='grc' dir='ltr'>οὐδέν</span> <span class='ocrx_word' id='word_1_711' title='bbox 1705 5155 1818 5206; x_wconf 75' lang='grc' dir='ltr'>ἐστι</span> <span class='ocrx_word' id='word_1_712' title='bbox 1850 5153 1956 5206; x_wconf 83' lang='grc' dir='ltr'><strong>τῶν</strong></span> 
     </span>
    </p>
   </div>
   <div class='ocr_carea' id='block_1_98' title="bbox 378 5239 1954 5313">
    <p class='ocr_par' dir='ltr' id='par_1_98' title="bbox 378 5239 1954 5313">
     <span class='ocr_line' id='line_1_98' title="bbox 378 5239 1954 5313; baseline 0 -20"><span class='ocrx_word' id='word_1_713' title='bbox 378 5241 567 5303; x_wconf 72' lang='grc' dir='ltr'>ὅντων,</span> <span class='ocrx_word' id='word_1_714' title='bbox 611 5243 639 5295; x_wconf 82' lang='grc' dir='ltr'><strong>ὃ</strong></span> <span class='ocrx_word' id='word_1_715' title='bbox 690 5242 765 5313; x_wconf 82' lang='grc' dir='ltr'>μὴ</span> <span class='ocrx_word' id='word_1_716' title='bbox 811 5244 924 5306; x_wconf 88' lang='grc' dir='ltr'>τοῖς</span> <span class='ocrx_word' id='word_1_717' title='bbox 963 5240 1129 5304; x_wconf 90' lang='grc' dir='ltr'>θείοις</span> <span class='ocrx_word' id='word_1_718' title='bbox 1175 5239 1438 5311; x_wconf 84' lang='grc' dir='ltr'>νεύμασι,</span> <span class='ocrx_word' id='word_1_719' title='bbox 1491 5241 1584 5294; x_wconf 74' lang='grc' dir='ltr'><strong>καὶ</strong></span> <span class='ocrx_word' id='word_1_720' title='bbox 1643 5240 1954 5312; x_wconf 78' lang='grc' dir='ltr'>ἀϐουλήτως</span> 
     </span>
    </p>
   </div>
   <div class='ocr_carea' id='block_1_99' title="bbox 379 5346 708 5386">
    <p class='ocr_par' dir='ltr' id='par_1_99' title="bbox 379 5346 708 5386">
     <span class='ocr_line' id='line_1_99' title="bbox 379 5346 708 5386; baseline 0.003 -1"><span class='ocrx_word' id='word_1_721' title='bbox 379 5346 615 5386; x_wconf 78' lang='grc' dir='ltr'>παραγω</span> <span class='ocrx_word' id='word_1_722' title='bbox 622 5346 684 5386; x_wconf 80' lang='grc' dir='ltr'><strong>οη</strong></span> <span class='ocrx_word' id='word_1_723' title='bbox 694 5371 708 5386; x_wconf 78' lang='grc' dir='ltr'><strong>ο</strong></span> 
     </span>
    </p>
   </div>
   <div class='ocr_carea' id='block_1_100' title="bbox 451 5335 1943 5492">
    <p class='ocr_par' dir='ltr' id='par_1_100' title="bbox 451 5335 1943 5492">
     <span class='ocr_line' id='line_1_100' title="bbox 451 5347 708 5386; baseline 0.016 -4"><span class='ocrx_word' id='word_1_724' title='bbox 451 5347 461 5382; x_wconf 85' lang='grc' dir='ltr'><strong>ι</strong></span> <span class='ocrx_word' id='word_1_725' title='bbox 499 5349 533 5384; x_wconf 90' lang='grc' dir='ltr'>α</span> <span class='ocrx_word' id='word_1_726' title='bbox 571 5350 615 5384; x_wconf 90' lang='grc' dir='ltr'><strong>ω</strong></span> <span class='ocrx_word' id='word_1_727' title='bbox 694 5371 708 5386; x_wconf 93' lang='grc'><strong>.</strong></span> 
     </span>
     <span class='ocr_line' id='line_1_101' title="bbox 451 5335 1943 5492; baseline 0.001 -18"><span class='ocrx_word' id='word_1_728' title='bbox 451 5347 568 5475; x_wconf 40' lang='lat' dir='ltr'><strong>lita?</strong></span> <span class='ocrx_word' id='word_1_729' title='bbox 581 5335 821 5477; x_wconf 64' lang='grc' dir='ltr'><strong>ἕὲπΞνται</strong></span> <span class='ocrx_word' id='word_1_730' title='bbox 842 5422 1361 5492; x_wconf 81' lang='grc' dir='ltr'>καταλελειμμένοι</span> <span class='ocrx_word' id='word_1_731' title='bbox 1380 5423 1460 5488; x_wconf 87' lang='grc' dir='ltr'>ὠς</span> <span class='ocrx_word' id='word_1_732' title='bbox 1483 5421 1701 5490; x_wconf 80' lang='grc' dir='ltr'>δορκάδ</span> <span class='ocrx_word' id='word_1_733' title='bbox 1705 5440 1797 5477; x_wconf 83' lang='grc' dir='ltr'>ιον</span> <span class='ocrx_word' id='word_1_734' title='bbox 1809 5421 1943 5492; x_wconf 71' lang='grc' dir='ltr'><strong>φεῦ-</strong></span> 
     </span>
    </p>
   </div>
   <div class='ocr_carea' id='block_1_101' title="bbox 454 5579 1008 5648">
    <p class='ocr_par' dir='ltr' id='par_1_101' title="bbox 454 5579 1008 5648">
     <span class='ocr_line' id='line_1_102' title="bbox 454 5579 1008 5648; baseline 0 -12"><span class='ocrx_word' id='word_1_735' title='bbox 454 5581 500 5614; x_wconf 85' lang='grc'><strong><em>⁹³</em></strong></span> <span class='ocrx_word' id='word_1_736' title='bbox 521 5579 623 5638; x_wconf 77' lang='lat' dir='ltr'><strong>Job</strong></span> <span class='ocrx_word' id='word_1_737' title='bbox 654 5597 883 5648; x_wconf 73' lang='lat' dir='ltr'><strong>xxxvnt,</strong></span> <span class='ocrx_word' id='word_1_738' title='bbox 917 5582 1008 5637; x_wconf 74' lang='lat'><strong>32.</strong></span> 
     </span>
    </p>
   </div>
   <div class='ocr_carea' id='block_1_102' title="bbox 2043 4694 3636 4770">
    <p class='ocr_par' dir='ltr' id='par_1_102' title="bbox 2043 4694 3636 4770">
     <span class='ocr_line' id='line_1_103' title="bbox 2043 4694 3636 4770; baseline -0.006 -16"><span class='ocrx_word' id='word_1_739' title='bbox 2043 4703 2211 4770; x_wconf 88' lang='lat' dir='ltr'><strong>ipsum</strong></span> <span class='ocrx_word' id='word_1_740' title='bbox 2261 4701 2479 4764; x_wconf 73' lang='lat' dir='ltr'><strong>cmlum,</strong></span> <span class='ocrx_word' id='word_1_741' title='bbox 2513 4707 2566 4752; x_wconf 85' lang='lat' dir='ltr'><strong>et</strong></span> <span class='ocrx_word' id='word_1_742' title='bbox 2608 4696 2754 4751; x_wconf 77' lang='lat' dir='ltr'><strong>velut</strong></span> <span class='ocrx_word' id='word_1_743' title='bbox 2793 4711 2822 4749; x_wconf 90' lang='lat' dir='ltr'><strong>a</strong></span> <span class='ocrx_word' id='word_1_744' title='bbox 2850 4694 3215 4750; x_wconf 85' lang='lat' dir='ltr'><strong>fundamentis</strong></span> <span class='ocrx_word' id='word_1_745' title='bbox 3242 4704 3380 4748; x_wconf 89' lang='lat' dir='ltr'><strong>terra</strong></span> <span class='ocrx_word' id='word_1_746' title='bbox 3415 4702 3636 4746; x_wconf 42' lang='lat' dir='ltr'><strong>concu»</strong></span> 
     </span>
    </p>
   </div>
   <div class='ocr_carea' id='block_1_103' title="bbox 2042 4778 3607 4855">
    <p class='ocr_par' dir='ltr' id='par_1_103' title="bbox 2042 4778 3607 4855">
     <span class='ocr_line' id='line_1_104' title="bbox 2042 4778 3607 4855; baseline -0.004 -14"><span class='ocrx_word' id='word_1_747' title='bbox 2042 4791 2202 4841; x_wconf 91' lang='lat' dir='ltr'><strong>tietur</strong></span> <span class='ocrx_word' id='word_1_748' title='bbox 2249 4797 2465 4855; x_wconf 91' lang='lat' dir='ltr'><strong>propter</strong></span> <span class='ocrx_word' id='word_1_749' title='bbox 2495 4785 2727 4839; x_wconf 79' lang='lat' dir='ltr'><strong>furorem</strong></span> <span class='ocrx_word' id='word_1_750' title='bbox 2760 4785 2853 4838; x_wconf 67' lang='lat' dir='ltr'><strong>ira:</strong></span> <span class='ocrx_word' id='word_1_751' title='bbox 2889 4778 3116 4839; x_wconf 88' lang='lat' dir='ltr'><strong>Domini.</strong></span> <span class='ocrx_word' id='word_1_752' title='bbox 3171 4782 3435 4852; x_wconf 80' lang='lat' dir='ltr'><strong>Pugnabit</strong></span> <span class='ocrx_word' id='word_1_753' title='bbox 3465 4781 3607 4835; x_wconf 91' lang='lat' dir='ltr'><strong>enim</strong></span> 
     </span>
    </p>
   </div>
   <div class='ocr_carea' id='block_1_104' title="bbox 2040 4876 3640 4949">
    <p class='ocr_par' dir='ltr' id='par_1_104' title="bbox 2040 4876 3640 4949">
     <span class='ocr_line' id='line_1_105' title="bbox 2040 4876 3640 4949; baseline -0.007 -17"><span class='ocrx_word' id='word_1_754' title='bbox 2040 4894 2143 4932; x_wconf 91' lang='lat' dir='ltr'><strong>una</strong></span> <span class='ocrx_word' id='word_1_755' title='bbox 2200 4879 2451 4931; x_wconf 82' lang='lat' dir='ltr'><strong>adversus</strong></span> <span class='ocrx_word' id='word_1_756' title='bbox 2492 4876 2680 4930; x_wconf 90' lang='lat' dir='ltr'><strong>stultos</strong></span> <span class='ocrx_word' id='word_1_757' title='bbox 2724 4876 2837 4945; x_wconf 89' lang='lat' dir='ltr'><strong>ipsa</strong></span> <span class='ocrx_word' id='word_1_758' title='bbox 2910 4883 3154 4928; x_wconf 90' lang='lat' dir='ltr'><strong>creatura</strong></span> <span class='ocrx_word' id='word_1_759' title='bbox 3183 4911 3198 4936; x_wconf 91' lang='lat'><strong>,</strong></span> <span class='ocrx_word' id='word_1_760' title='bbox 3245 4881 3300 4926; x_wconf 90' lang='lat' dir='ltr'><strong>et</strong></span> <span class='ocrx_word' id='word_1_761' title='bbox 3368 4885 3640 4949; x_wconf 37' lang='lat' dir='ltr'><strong>commo-&#39;</strong></span> 
     </span>
    </p>
   </div>
   <div class='ocr_carea' id='block_1_105' title="bbox 2055 4959 3610 5034">
    <p class='ocr_par' dir='ltr' id='par_1_105' title="bbox 2055 4959 3610 5034">
     <span class='ocr_line' id='line_1_106' title="bbox 2055 4959 3610 5034; baseline -0.007 -13"><span class='ocrx_word' id='word_1_762' title='bbox 2055 4979 2109 5022; x_wconf 93' lang='lat' dir='ltr'><strong>to</strong></span> <span class='ocrx_word' id='word_1_763' title='bbox 2136 4967 2382 5032; x_wconf 81' lang='lat' dir='ltr'><strong>Domino,</strong></span> <span class='ocrx_word' id='word_1_764' title='bbox 2417 4966 2577 5018; x_wconf 88' lang='lat' dir='ltr'><strong>etiam</strong></span> <span class='ocrx_word' id='word_1_765' title='bbox 2613 4965 2725 5034; x_wconf 83' lang='lat' dir='ltr'><strong>ipsa</strong></span> <span class='ocrx_word' id='word_1_766' title='bbox 2755 4966 2819 5017; x_wconf 90' lang='lat' dir='ltr'><strong>ad</strong></span> <span class='ocrx_word' id='word_1_767' title='bbox 2849 4965 2949 5018; x_wconf 92' lang='lat' dir='ltr'><strong>hoc</strong></span> <span class='ocrx_word' id='word_1_768' title='bbox 2984 4961 3367 5032; x_wconf 88' lang='lat' dir='ltr'><strong>propemodum</strong></span> <span class='ocrx_word' id='word_1_769' title='bbox 3409 4959 3610 5012; x_wconf 89' lang='lat' dir='ltr'><strong>instru-</strong></span> 
     </span>
    </p>
   </div>
   <div class='ocr_carea' id='block_1_106' title="bbox 2051 5046 3611 5122">
    <p class='ocr_par' dir='ltr' id='par_1_106' title="bbox 2051 5046 3611 5122">
     <span class='ocr_line' id='line_1_107' title="bbox 2051 5046 3611 5122; baseline -0.008 -11"><span class='ocrx_word' id='word_1_770' title='bbox 2051 5067 2135 5112; x_wconf 90' lang='lat' dir='ltr'><strong>cta</strong></span> <span class='ocrx_word' id='word_1_771' title='bbox 2183 5066 2286 5111; x_wconf 84' lang='lat' dir='ltr'><strong>est.</strong></span> <span class='ocrx_word' id='word_1_772' title='bbox 2320 5055 2510 5109; x_wconf 85' lang='lat' dir='ltr'><strong>Omnia</strong></span> <span class='ocrx_word' id='word_1_773' title='bbox 2576 5054 2838 5122; x_wconf 90' lang='lat' dir='ltr'><strong>siquidem</strong></span> <span class='ocrx_word' id='word_1_774' title='bbox 2904 5067 3024 5106; x_wconf 91' lang='lat' dir='ltr'><strong>cum</strong></span> <span class='ocrx_word' id='word_1_775' title='bbox 3060 5063 3308 5120; x_wconf 89' lang='lat' dir='ltr'><strong>suprema</strong></span> <span class='ocrx_word' id='word_1_776' title='bbox 3340 5046 3611 5101; x_wconf 83' lang='lat' dir='ltr'><strong>voluntate</strong></span> 
     </span>
    </p>
   </div>
   <div class='ocr_carea' id='block_1_107' title="bbox 2051 5139 3611 5216">
    <p class='ocr_par' dir='ltr' id='par_1_107' title="bbox 2051 5139 3611 5216">
     <span class='ocr_line' id='line_1_108' title="bbox 2051 5139 3611 5216; baseline -0.009 -11"><span class='ocrx_word' id='word_1_777' title='bbox 2051 5151 2358 5216; x_wconf 87' lang='lat' dir='ltr'><strong>conspirant</strong></span> <span class='ocrx_word' id='word_1_778' title='bbox 2408 5157 2569 5214; x_wconf 91' lang='lat' dir='ltr'><strong>atque</strong></span> <span class='ocrx_word' id='word_1_779' title='bbox 2619 5151 2968 5206; x_wconf 89' lang='lat' dir='ltr'><strong>concurrunt,</strong></span> <span class='ocrx_word' id='word_1_780' title='bbox 3003 5151 3057 5196; x_wconf 94' lang='lat' dir='ltr'><strong>et</strong></span> <span class='ocrx_word' id='word_1_781' title='bbox 3094 5140 3223 5195; x_wconf 84' lang='lat' dir='ltr'><strong>nihil</strong></span> <span class='ocrx_word' id='word_1_782' title='bbox 3244 5148 3326 5194; x_wconf 90' lang='lat' dir='ltr'><strong>est</strong></span> <span class='ocrx_word' id='word_1_783' title='bbox 3351 5139 3404 5194; x_wconf 91' lang='lat' dir='ltr'><strong>in</strong></span> <span class='ocrx_word' id='word_1_784' title='bbox 3432 5153 3611 5192; x_wconf 87' lang='lat' dir='ltr'><strong>rerum</strong></span> 
     </span>
    </p>
   </div>
   <div class='ocr_carea' id='block_1_108' title="bbox 2053 5231 3608 5309">
    <p class='ocr_par' dir='ltr' id='par_1_108' title="bbox 2053 5231 3608 5309">
     <span class='ocr_line' id='line_1_109' title="bbox 2053 5231 3608 5309; baseline -0.008 -13"><span class='ocrx_word' id='word_1_785' title='bbox 2053 5252 2264 5306; x_wconf 86' lang='lat' dir='ltr'><strong>natura,</strong></span> <span class='ocrx_word' id='word_1_786' title='bbox 2295 5239 2434 5309; x_wconf 93' lang='lat' dir='ltr'><strong>quod</strong></span> <span class='ocrx_word' id='word_1_787' title='bbox 2454 5252 2557 5291; x_wconf 91' lang='lat' dir='ltr'><strong>non</strong></span> <span class='ocrx_word' id='word_1_788' title='bbox 2589 5236 2770 5291; x_wconf 83' lang='lat' dir='ltr'><strong>divino</strong></span> <span class='ocrx_word' id='word_1_789' title='bbox 2802 5235 2952 5290; x_wconf 91' lang='lat' dir='ltr'><strong>nutui</strong></span> <span class='ocrx_word' id='word_1_790' title='bbox 2977 5233 3132 5289; x_wconf 88' lang='lat' dir='ltr'><strong>cedat</strong></span> <span class='ocrx_word' id='word_1_791' title='bbox 3165 5231 3325 5286; x_wconf 88' lang='lat' dir='ltr'><strong>etiam</strong></span> <span class='ocrx_word' id='word_1_792' title='bbox 3362 5231 3608 5286; x_wconf 78' lang='lat' dir='ltr'><strong>invitum.</strong></span> 
     </span>
    </p>
   </div>
   <div class='ocr_carea' id='block_1_109' title="bbox 2120 5405 3609 5488">
    <p class='ocr_par' dir='ltr' id='par_1_109' title="bbox 2120 5405 3609 5488">
     <span class='ocr_line' id='line_1_110' title="bbox 2120 5405 3609 5488; baseline -0.012 -13"><span class='ocrx_word' id='word_1_793' title='bbox 2120 5417 2278 5488; x_wconf 79' lang='lat'><strong>223</strong></span> <span class='ocrx_word' id='word_1_794' title='bbox 2299 5416 2457 5470; x_wconf 67' lang='grc' dir='ltr'>νεεδ.</span> <span class='ocrx_word' id='word_1_795' title='bbox 2490 5413 2667 5467; x_wconf 74' lang='grc'><strong>14-16.</strong></span> <span class='ocrx_word' id='word_1_796' title='bbox 2690 5413 2756 5465; x_wconf 82' lang='lat' dir='ltr'><strong>Et</strong></span> <span class='ocrx_word' id='word_1_797' title='bbox 2774 5421 2920 5465; x_wconf 87' lang='lat' dir='ltr'><strong>erunt</strong></span> <span class='ocrx_word' id='word_1_798' title='bbox 2951 5409 3112 5463; x_wconf 77' lang='lat' dir='ltr'><strong>relicti</strong></span> <span class='ocrx_word' id='word_1_799' title='bbox 3130 5413 3279 5478; x_wconf 79' lang='lat' dir='ltr'><strong>quasi</strong></span> <span class='ocrx_word' id='word_1_800' title='bbox 3294 5406 3505 5460; x_wconf 83' lang='lat' dir='ltr'><strong>damula</strong></span> <span class='ocrx_word' id='word_1_801' title='bbox 3522 5405 3609 5475; x_wconf 73' lang='lat' dir='ltr'><strong>fu-</strong></span> 
     </span>
    </p>
   </div>
   <div class='ocr_carea' id='block_1_110' title="bbox 455 5729 1938 5807">
    <p class='ocr_par' dir='ltr' id='par_1_110' title="bbox 455 5731 1938 5807">
     <span class='ocr_line' id='line_1_111' title="bbox 455 5731 1938 5807; baseline -0.003 -15"><span class='ocrx_word' id='word_1_802' title='bbox 455 5739 532 5807; x_wconf 81' lang='lat' dir='ltr'><strong>(l)</strong></span> <span class='ocrx_word' id='word_1_803' title='bbox 565 5738 790 5793; x_wconf 87' lang='lat' dir='ltr'><strong>Tractus</strong></span> <span class='ocrx_word' id='word_1_804' title='bbox 817 5738 902 5792; x_wconf 88' lang='lat' dir='ltr'><strong>hic</strong></span> <span class='ocrx_word' id='word_1_805' title='bbox 929 5738 1144 5800; x_wconf 80' lang='grc' dir='ltr'>ἔντιμον</span> <span class='ocrx_word' id='word_1_806' title='bbox 1170 5738 1228 5790; x_wconf 69' lang='grc' dir='ltr'>ἐν</span> <span class='ocrx_word' id='word_1_807' title='bbox 1256 5736 1485 5802; x_wconf 87' lang='grc' dir='ltr'>τούτοις,</span> <span class='ocrx_word' id='word_1_808' title='bbox 1527 5748 1695 5806; x_wconf 87' lang='lat' dir='ltr'><strong>usque</strong></span> <span class='ocrx_word' id='word_1_809' title='bbox 1723 5734 1790 5790; x_wconf 84' lang='lat' dir='ltr'><strong>ad</strong></span> <span class='ocrx_word' id='word_1_810' title='bbox 1822 5731 1938 5788; x_wconf 81' lang='lat' dir='ltr'><strong>ﬂnet</strong></span> 
     </span>
    </p>
   </div>
   <div class='ocr_carea' id='block_1_111' title="bbox 2038 5729 3619 5807">
    <p class='ocr_par' dir='ltr' id='par_1_111' title="bbox 2038 5729 3619 5803">
     <span class='ocr_line' id='line_1_112' title="bbox 2038 5729 3619 5803; baseline -0.002 -15"><span class='ocrx_word' id='word_1_811' title='bbox 2038 5732 2260 5790; x_wconf 73' lang='lat' dir='ltr'><strong>&#39;ersiculi</strong></span> <span class='ocrx_word' id='word_1_812' title='bbox 2302 5732 2575 5803; x_wconf 84' lang='lat' dir='ltr'><strong>sequentis</strong></span> <span class='ocrx_word' id='word_1_813' title='bbox 2602 5733 2634 5786; x_wconf 85' lang='grc' dir='ltr'><strong>ό</strong></span> <span class='ocrx_word' id='word_1_814' title='bbox 2664 5729 2847 5801; x_wconf 85' lang='grc' dir='ltr'>θυμὸς</span> <span class='ocrx_word' id='word_1_815' title='bbox 2892 5731 3100 5796; x_wconf 77' lang='grc' dir='ltr'>αὐτοῦ,</span> <span class='ocrx_word' id='word_1_816' title='bbox 3142 5733 3290 5790; x_wconf 86' lang='lat' dir='ltr'><strong>deest</strong></span> <span class='ocrx_word' id='word_1_817' title='bbox 3333 5731 3388 5787; x_wconf 88' lang='lat' dir='ltr'><strong>in</strong></span> <span class='ocrx_word' id='word_1_818' title='bbox 3434 5729 3619 5787; x_wconf 81' lang='lat' dir='ltr'><strong>codice</strong></span> 
     </span>
    </p>
   </div>
   <div class='ocr_carea' id='block_1_112' title="bbox 383 5808 1325 5881">
    <p class='ocr_par' dir='ltr' id='par_1_112' title="bbox 383 5808 1325 5881">
     <span class='ocr_line' id='line_1_113' title="bbox 383 5808 1325 5881; baseline -0.002 -18"><span class='ocrx_word' id='word_1_819' title='bbox 383 5809 551 5881; x_wconf 76' lang='lat' dir='ltr'><strong>Regio</strong></span> <span class='ocrx_word' id='word_1_820' title='bbox 575 5818 626 5864; x_wconf 88' lang='lat' dir='ltr'><strong>et</strong></span> <span class='ocrx_word' id='word_1_821' title='bbox 652 5809 926 5880; x_wconf 85' lang='lat' dir='ltr'><strong>suppletur</strong></span> <span class='ocrx_word' id='word_1_822' title='bbox 956 5824 1020 5864; x_wconf 75' lang='lat' dir='ltr'><strong>ex</strong></span> <span class='ocrx_word' id='word_1_823' title='bbox 1052 5808 1325 5863; x_wconf 80' lang='lat' dir='ltr'><strong>Vaticano.</strong></span> 
     </span>
    </p>
   </div>
  </div>
