4148 6378
527 400 632 455 359

1537 384 1597 439 S.
1634 378 1905 438 CYRILLI
1947 370 2408 431 ALEXANDRINI
2447 365 2761 423 ARCIIIEP.

3669 352 3776 410 ὅθί)

527 518 691 585 giens,
711 520 760 567 et
774 512 925 581 quasi
942 511 1049 565 ovis
1078 523 1281 571 (nunc,
1304 515 1465 559 etnon
1486 505 1585 557 erit
1610 502 1699 572 qui
1725 508 2020 569 congreget,
2036 497 2112 549 ita

2220 509 2340 562 rer,
2362 490 2464 543 καί
2490 489 2571 554 ὡς
2606 487 2903 555 πρόϐατον
2926 478 3338 550 πλανώμενον,
3355 476 3454 532 καί
3472 476 3583 530 οὐκ
3611 473 3779 528 ἔσται

528 620 583 663 ιιι
608 608 762 661 homo
783 605 850 659 ad
874 604 1119 673 populum
1141 616 1290 655 suum
1307 605 1615 663 revertatur,
1633 595 1846 648 ethomo
1867 593 1921 645 in
1943 591 2111 659 regio-

529 714 644 752 nem
667 713 817 751 suam
842 695 1150 763 expellatur.
1185 691 1290 757 Qui
1310 691 1447 745 enim
1477 695 1660 759 captus
1701 685 1899 756 fuerit,
1932 683 2108 751 appri-

534 800 729 854 metur,
753 798 799 842 et
821 783 1219 856 quicongregati
1246 782 1467 850 fuerint,
1490 778 1791 834 occumbent
1817 775 2014 847 gladio.
2040 773 2108 827 Et

536 880 676 947 ﬁlios
707 893 888 932 eorum
919 892 1098 930 coram
1138 875 1211 930 eis
1252 873 1502 937 allident,
1546 872 1729 927 domos
1752 868 2025 938 diripient,
2059 876 2107 920 et

531 985 717 1024 uxores
742 968 1029 1022 habebunt.

598 1229 805 1285 Paucos
829 1228 1046 1283 relictos
1066 1226 1182 1282 fore
1204 1224 1355 1291 dicit,
1387 1232 1763 1279 verumtamen
1798 1236 1895 1276 eos
1914 1236 2103 1290 parum

532 1323 737 1384 viriles,
776 1330 830 1376 ct
877 1322 1112 1375 maxime
1162 1316 1433 1385 imbelles,
1468 1328 1641 1383 eoque
1690 1312 1999 1367 timiditatis
2040 1324 2105 1365 ac

534 1415 795 1479 vecordiae
823 1413 1082 1483 deiectos,
1110 1418 1167 1466 ut
1198 1409 1328 1465 nihil
1358 1408 1501 1463 aliud
1549 1407 1601 1461 in
1646 1407 1788 1461 votis
1837 1404 2103 1468 habeant,

534 1523 691 1576 quam
718 1516 774 1559 ut
805 1504 1012 1572 fugiant
1041 1504 1236 1561 solum,
1267 1500 1437 1555 instar
1463 1499 1635 1552 datum
1662 1513 1676 1550 :
1713 1505 1768 1550 et
1794 1504 1852 1549 ut
1881 1508 2106 1549 serven-

537 1610 654 1661 tur,
718 1598 919 1666 inquit,
977 1612 1099 1650 cum
1148 1594 1441 1655 dedecore,
1498 1602 1829 1659 prorsusque
1875 1593 2107 1642 renuant

539 1691 788 1746 hostilem
823 1689 1187 1743 incursionem
1223 1684 1559 1754 propulsare.
1592 1680 1746 1748 Quod
1779 1687 1963 1733 autem
1990 1677 2108 1732 sine

538 1782 791 1850 praelecto
825 1790 879 1835 et
905 1781 1019 1835 sine
1038 1777 1280 1849 principe
1304 1783 1578 1839 maneant,
1602 1771 1767 1827 etiam
1797 1770 1852 1826 hi
1881 1782 2108 1825 numero

2214 586 2247 637 ὁ
2282 580 2590 649 συνάγων,
2617 577 2773 632 ὥστε
2818 575 3131 644 ἄνθρωπον
3160 573 3247 636 είς
3283 569 3390 623 τὸν
3416 566 3569 622 λαὸν
3596 563 3781 620 αὐτοῦ

2215 668 2675 740 ἀποστραφῆναι
2705 708 2720 734 ,
2779 666 2875 721 καί
2925 665 3237 732 ἄνθρωπον
3299 662 3387 725 είς
3438 656 3553 726 τὴν
3586 655 3782 726 χώραν

2215 763 2403 821 αὑτοῦ
2428 761 2654 827 διῶξαι.
2684 762 2789 825 ⁸ος
2818 756 2928 828 γὰρ
2957 755 3066 810 ἐὰν
3094 751 3219 819 (1λῷ
3241 748 3660 821 ἠττηθήσεται,
3686 746 3783 799 καί

2214 858 2432 923 οἵτινες
2476 851 2844 922 συνηγμένοι
2872 849 2990 903 είσί
3015 845 3279 918 μαχαίρᾳ
3308 841 3657 902 πεσοῦνται,
3685 836 3784 890 καί

2213 951 2287 1005 τὰ
2315 947 2496 1006 τέκνα
2513 945 2710 1001 αὐτῶν
2729 943 2983 999 ἐνώπιον
3009 937 3207 994 αὐτῶν
3238 935 3521 1004 ῥήξουσι,
3553 930 3652 985 καὶ
3681 930 3785 996 τὰς

2212 1040 2407 1104 οἰκίας
2455 1035 2654 1091 αὐτῶν
2695 1031 3175 1103 προνομεύσουσι
3240 1024 3473 1089 καὶτὰς
3495 1020 3786 1095 γυναῖκας

2225 1126 2423 1183 αὐτῶν
2448 1126 2715 1192 ἕξουσιν.

2285 1216 2702 1290 Εὑαριθμήτους
2727 1210 2922 1283 κομιδῇ
2951 1210 3076 1274 τοὺς
3100 1203 3543 1279 περιλειφθέντας
3567 1196 3785 1253 ἔσεσθαί

2212 1326 2369 1381 φησι,
2406 1306 2545 1378 πλὴν
2578 1305 2673 1360 κα)⁵
2703 1303 2899 1365 αὐτοὺς
2944 1300 3235 1371 ἀνάνδρους
3292 1313 3352 1349 τε
3392 1294 3487 1349 καὶ
3524 1290 3787 1363 ἀφιλομα-

2212 1400 2507 1472 χωτάτους,
2534 1398 2625 1452 καί
2659 1396 2859 1458 δειλίας
2889 1394 2970 1458 είς
2998 1389 3156 1446 τοῦτο
3181 1384 3684 1460 κατερῤαγμένους,
3711 1381 3789 1446 ὡς

2217 1490 2371 1546 οὐδὲν
2388 1490 2575 1560 ἕτερον
2601 1486 2817 1541 ἑλέσθαι
2842 1484 2996 1556 δρᾷν,
3014 1480 3149 1554 πλὴν
3178 1481 3260 1534 ὃτι
3286 1478 3445 1550 μόνον
3462 1476 3524 1530 τὸ
3545 1474 3786 1544 φεύγειν,

2214 1585 2272 1638 ὲν
2298 1583 2398 1654 ῐσῳ
2432 1580 2672 1652 δορκάδι,
2696 1577 2791 1632 καὶ
2830 1576 2892 1629 τὸ
2932 1574 3139 1646 ἀτίμως
3180 1568 3447 1637 σώζεσθαί
3484 1583 3666 1637 φησιν,
3694 1563 3788 1618 καὶ

2212 1674 2468 1729 ἀπειπεῖν
2500 1673 2580 1736 είς
2612 1671 2757 1725 ἀπαν
2800 1667 2862 1722 τὸ
2890 1666 2994 1721 κᾶν
3029 1662 3160 1734 γοῦν
3190 1660 3588 1731 ἀνταναστῆναι
3620 1655 3785 1728 μόνον

2211 1770 2332 1829 ταῖς
2373 1765 2482 1820 τῶν
2512 1763 2784 1834 πολεμίων
2824 1758 3149 1830 συμφοραῖς.
3194 1756 3317 1809 Ὀτι
3348 1754 3404 1807 δὲ
3433 1749 3787 1817 ἀνεπιστάτη-

540 1838 717 1942 pauci,
760 1838 1085 1933 subiudica't,
1112 1838 1233 1923 cum
1279 1864 1431 1931 dicit,
1484 1838 1630 1919 velut
1656 1876 1811 1917 ovem
1843 1867 2114 1917 errantem

2220 1859 2301 1914 τοί
2328 1876 2389 1912 τε
2430 1859 2525 1913 καὶ
2579 1857 2804 1926 ἄναρχοι
2848 1849 3087 1923 μενοῦσι,
3140 1846 3340 1918 καίπερ
3369 1846 3519 1908 ὄντες
3561 1838 3783 1942 ἀριθμῷ

543 1961 687 2028 fore,
711 1966 827 2018 sine
857 1962 1094 2033 pastoris
1129 1974 1295 2023 cura,
1338 1966 1393 2013 et
1444 1970 1476 2010 a
1516 1954 1730 2025 pascuis
1766 1950 1954 2022 procul
2018 1964 2114 2018 pa-

540 2055 759 2120 lantem,
807 2063 865 2108 ut
901 2062 957 2108 et
994 2051 1104 2121 jam
1135 2067 1166 2105 a
1204 2049 1371 2120 septis
1421 2046 1701 2102 consuetis
1732 2043 1915 2115 procul
1952 2042 2113 2098 absit.

539 2145 656 2200 Non
684 2146 828 2200 enim
862 2147 985 2209 cri-t,
1021 2143 1234 2213 inquit,
1281 2141 1371 2210 qui
1403 2147 1714 2209 congreget,
1746 2146 1809 2191 ut
1854 2135 2016 2189 homo
2047 2133 2114 2189 ad

541 2236 791 2305 papulum
843 2249 999 2289 suum
1035 2240 1406 2295 convertatur,
1454 2240 1509 2285 et
1541 2228 1701 2282 homo
1728 2224 1793 2279 ad
1839 2227 2115 2295 regionem

539 2344 691 2383 suam
720 2326 1049 2396 impellatur.
1087 2324 1219 2379 Illud
1254 2332 1436 2377 autem
1463 2360 1478 2387 ,
1522 2318 1763 2389 impelli,
1823 2317 1960 2373 dixit
2018 2330 2117 2387 pro

540 2418 753 2481 abduci,
787 2415 1000 2470 etiamsi
1041 2425 1191 2481 grata
1241 2412 1313 2467 sit
1348 2426 1443 2466 sua
1492 2409 1688 2479 cuique
1718 2408 1887 2477 regio,
1925 2416 1973 2462 et
2022 2422 2118 2476 pa—

543 2514 648 2566 trio
678 2510 819 2564 victu
859 2507 991 2563 nihil
1020 2504 1367 2575 praestantius
1395 2521 1410 2570 ;
1442 2516 1627 2557 verum
1648 2542 1664 2567 ,
1703 2500 1897 2570 inquit,
1938 2513 2115 2552 rerum

543 2600 992 2657 charissimarum
1061 2594 1295 2664 privatio
1342 2590 1577 2661 jucunda
1647 2590 1787 2654 erit,
1830 2598 2115 2657 pr0pterea

543 2693 686 2761 quod
726 2689 972 2759 quisquis
1021 2685 1389 2755 deprehensus
1436 2683 1629 2745 luerit,
1668 2682 1850 2735 statim
1892 2689 2116 2748 pereat,

546 2784 745 2851 liatque
766 2779 992 2834 materia
1021 2778 1183 2849 gladii
1227 2776 1528 2831 Medorum.
1556 2774 1884 2828 Eventurum
1908 2786 2121 2842 quoque

546 2883 601 2927 et
653 2871 799 2926 aliud
851 2871 1007 2941 longe
1056 2867 1457 2931 tristissimum,
1494 2864 1808 2935 prophetica
1837 2861 2121 2917 conﬁrmat

546 2962 742 3018 oratio.
784 2959 980 3024 Filios,
1030 2958 1239 3027 inquit,
1287 2970 1473 3011 eorum
1507 2969 1688 3009 coram
1720 2953 1852 3023 ipsis
1876 2952 2118 3018 allident,

549 3053 737 3107 domos
780 3049 1061 3118 diripient,
1101 3058 1156 3103 et
1182 3062 1380 3102 uxores
1430 3045 1724 3101 habebunt.
1767 3042 1905 3110 Quid
1938 3053 2117 3098 autem

550 3143 863 3214 parentibus
906 3140 1198 3197 liberorum
1240 3139 1388 3195 caede
1431 3137 1603 3207 possit
1637 3151 1758 3191 esse
1806 3134 2121 3190 molestius?

2223 1951 2469 2023 βραχεῖς,
2524 1945 2858 2018 ὑπεμφαίνει
2905 1942 3101 2010 λέγων,
3141 1941 3215 2004 ὡς
3252 1936 3519 2010 πρόϐατον
3570 1931 3788 2023 ἔσεσθαι

2216 2022 2595 2112 πλανώμενον,
2645 2037 2741 2092 καὶ
2787 2034 2888 2104 τῆς
2927 2032 3023 2087 τοῦ
3062 2029 3438 2102 ⁴ιιιοιμαίνοντος
3487 2022 3788 2086 ἐπιεικείας

2216 2131 2599 2206 ἐστερημένον,
2631 2128 2726 2183 καὶ
2754 2126 2859 2194 ἔξω
2888 2142 2991 2181 που
3032 2122 3203 2194 νομῆς
3234 2121 3331 2184 ίδν,
3364 2118 3438 2182 ὡς
3466 2118 3560 2172 καὶ
3604 2114 3789 2187 σηκῶν

2219 2227 2333 2281 τῶν
2368 2222 2791 2292 κατειθισμένων
2836 2217 3049 2272 ἑλέσθαι
3078 2213 3312 2288 μακράν.
3360 2211 3436 2266 Οὐ
3468 2210 3572 2281 γὰρ
3610 2209 3787 2272 ἔσται,

2217 2321 2404 2392 φησὶν,
2436 2320 2465 2371 6
2500 2316 2770 2383 συνάγων,
2808 2312 2949 2365 ῶστε
2979 2308 3263 2380 ἄνθρωπον
3310 2306 3389 2367 είς
3415 2303 3507 2356 τὸν
3544 2301 3669 2354 λαὸν
3694 2299 3790 2353 αὑ-

2216 2412 2313 2467 τοῦ
2346 2408 2783 2479 ἀποστραφῆναι,
2816 2404 2909 2458 καὶ
2939 2400 3221 2473 ἄνθρωπον
3253 2399 3334 2459 είς
3366 2395 3464 2467 τὴν
3485 2393 3663 2465 χώραν
3693 2393 3789 2445 αὑ·

2216 2503 2309 2557 τοῦ
2330 2500 2536 2567 διῶξαι.
2559 2497 2632 2551 Τὸ
2659 2497 2737 2559 δὲ,
2759 2492 2964 2560 διῶξαί,
2992 2490 3155 2561 φησὶν
3179 2488 3296 2542 ἀντί
3322 2484 3416 2539 τοῦ
3450 2483 3786 2553 ἐπειχθῆναι,

2219 2597 2397 2652 καίτοι
2428 2593 2579 2663 φίλον
2608 2591 2813 2645 ἅπασιν
2841 2585 3069 2659 ήχὼρα,
3112 2584 3206 2637 καὶ
3235 2579 3502 2651 πατρῴων
3532 2579 3793 2647 ἐνδιαιτηο

2221 2689 2407 2759 μάτων
2438 2686 2662 2755 ἄμεινον
2693 2680 2864 2735 οὐδέν.
2906 2676 3064 2731 Ἀλλὰ
3116 2676 3210 2729 καὶ
3252 2673 3358 2726 τῶν
3397 2671 3565 2733 οὕτως
3610 2669 3789 2732 αὐτοῖς

2220 2758 2552 2846 φιλαιτάτων
2582 2774 2615 2843 ἡ
2645 2771 2898 2844 στέρησις
2927 2766 3099 2839 ἡδεῖα,
3142 2766 3294 2835 φησὶ,
3323 2761 3489 2815 διάτοι
3525 2759 3586 2813 τὸ
3614 2758 3791 2812 πάντα

2219 2868 2311 2923 τὸν
2343 2864 2697 2936 ἁλισκόμενον
2737 2857 3075 2931 παραχρῆμά
3111 2873 3174 2909 τε
3212 2851 3511 2908 διόλλυσθαι
3585 2890 3602 2905 .
3678 2888 3693 2904 .
3770 2888 3785 2902 .

2223 2999 2240 3015 .
2316 2999 2332 3015 .
2411 2998 2426 3012 .
2504 2951 2877 3026 συμϐήσεσθαι
2914 2950 2971 3003 δέ
2995 2966 3046 3002 τι
3075 2947 3170 3002 καὶ
3220 2946 3405 3016 ἕτερον
3439 2941 3547 2995 τῶν
3583 2943 3665 2995 ὅτι
3695 2940 3790 3011 μά-

2219 3051 2377 3105 λιστα
2400 3047 2718 3118 πεφυκότων
2770 3044 2925 3115 ἀνιᾷν
2951 3042 2979 3095 6
3022 3038 3355 3111 προφητικὸς
3404 3033 3791 3106 διισχυρίζεται

2221 3144 2396 3210 λόγος.
2425 3140 2507 3194 Τά
2561 3138 2670 3209 γὰρ
2698 3137 2863 3191 τέκνα
2921 3128 3119 3197 αὐτῶν,
3146 3132 3333 3203 φησὶν,
3356 3127 3586 3185 ἐνώπιον
3614 3126 3791 3181 αὐτῶν

550 3236 663 3290 lmo
690 3249 867 3290 nonne
892 3232 1037 3288 omni
1078 3229 1343 3301 supplicio
1368 3228 1586 3302 gravius
1614 3238 1668 3281 et
1698 3226 2117 3292 intolerabilius,

2224 3233 2465 3306 ράξουσι,
2491 3230 2585 3283 καὶ
2634 3227 2733 3291 τὰς
2778 3225 2952 3288 οἰκίας
3002 3221 3182 3278 αὐτῶν
3212 3218 3655 3291 προνομεύσουσι,
3694 3214 3789 3270 καὶ

552 3329 739 3383 domos
766 3326 950 3380 videre
978 3322 1238 3394 direptas,
1263 3331 1317 3376 et
1338 3336 1563 3376 uxorum
1593 3319 1904 3387 pudicitiam
1951 3319 2122 3373 victo-

555 3429 675 3467 rum
710 3410 1142 3481 intemperantia:
1188 3407 1520 3463 obnoxiam?
1551 3406 1746 3461 Beatus
1779 3405 2122 3474 Psalmogra-

555 3503 692 3571 phus
718 3498 984 3568 ejusmodi
1011 3498 1266 3569 quiddam
1299 3496 1493 3552 alicubi
1534 3505 1945 3551 commemorat.
1986 3494 2119 3549 Nam

553 3593 619 3647 de
646 3590 955 3662 Babyloniis
979 3589 1137 3644 verba
1171 3588 1411 3643 faciens:
1445 3606 1464 3639 ι
1488 3586 1738 3653 Beatus,»
1765 3587 1957 3656 inquit,
1989 3604 2005 3638 ι
2030 3586 2119 3656 qui

557 3683 759 3738 tenebit
810 3693 867 3737 et
912 3681 1097 3736 allidet
1143 3680 1395 3750 parvulos
1449 3687 1573 3733 tuos
1603 3680 1667 3733 ad
1724 3679 1954 3748 lapidem
1990 3679 2057 3733 ³⁸.
2097 3697 2116 3729 ι

554 3776 819 3831 Czeterum
864 3774 980 3829 haec
1035 3773 1255 3842 quidem
1312 3771 1569 3826 historice
1614 3770 1848 3840 Assyriae
1902 3770 2124 3840 ejusque

558 3867 782 3920 urbibus
806 3873 861 3919 et
885 3863 1191 3933 regionibus
1208 3860 1567 3929 contigerunt,
1592 3859 1716 3928 quia
1747 3871 1936 3912 omnes
1960 3859 2121 3912 etiam

558 3958 858 4013 idololatraa
908 3963 962 4009 et
1009 3953 1307 4008 insolentes
1357 3967 1463 4006 non
1521 3950 1897 4013 tolerabiliter,
1928 3958 1982 4004 et
2028 3948 2122 4003 Dei

560 4051 742 4105 hostes
773 4049 967 4103 acerbe
999 4056 1053 4101 et
1081 4045 1271 4115 magiae
1309 4045 1469 4115 periti
1504 4044 1743 4099 artiﬁces
1767 4043 2122 4099 exstiterunt.

567 4137 670 4206 Ipsi
708 4150 832 4191 vero
881 4144 1122 4189 sanctam
1186 4134 1460 4188 civitatem
1502 4134 1809 4203 depopulati
1866 4142 2033 4200 sunt,
2071 4140 2125 4187 et

562 4228 655 4282 Dei
690 4238 912 4289 sortem,
950 4228 1003 4282 id
1035 4226 1196 4298 224
1226 4238 1332 4292 est,
1363 4226 1612 4282 lsraelent
1662 4235 1969 4291 vastarunt,
2027 4241 2123 4279 ca-

563 4321 832 4389 ptivorum
866 4319 984 4375 loco
1003 4334 1064 4372 ac
1090 4332 1314 4372 numero
1330 4319 1608 4381 habentes,
1629 4332 1824 4370 novum
1854 4332 1917 4371 ac
1940 4318 2126 4372 incon-

561 4421 773 4465 suetum
817 4409 920 4464 illis
955 4410 1141 4479 iugum
1189 4409 1470 4464 servitutis
1523 4408 1922 4477 imposuerunt.
1976 4408 2121 4462 (.on-

2222 3324 2320 3389 τὰς
2367 3323 2632 3392 γυναῖκας
2683 3319 2862 3373 αὐτῶν
2912 3316 3115 3383 ἕξουσι.
3145 3313 3211 3367 Τί
3254 3312 3300 3365 δ’
3344 3311 3409 3365 ἂν
3440 3310 3649 3379 γένοιτο
3679 3311 3790 3372 τοῖς

2221 3414 2573 3487 γεγεννηκόσι
2596 3410 3019 3481 δυσαχθέστερον
3040 3408 3136 3477 τῆς
3164 3404 3271 3458 τῶν
3295 3403 3499 3457 τέκνων
3533 3401 3748 3472 σφαγῆς
3773 3419 3789 3466 ;

2222 3510 2254 3580 ἢ
2291 3509 2405 3572 πῶς
2443 3508 2541 3578 οὐχ
2573 3505 2788 3575 ἁπάσης
2821 3502 2999 3564 αίκίας
3042 3498 3525 3570 δυσφορητότερον,
3560 3494 3622 3548 τὸ
3664 3494 3793 3546 ἰδεῖν

2226 3602 2322 3673 μὲν
2369 3587 2551 3663 οἴκους
2589 3594 3046 3668 διηρπασμένους,
3109 3590 3411 3660 σεμνότητα
3455 3588 3510 3641 δὲ
3556 3586 3793 3656 γυναίων

2222 3690 2602 3761 ἀδικουμένην,
2639 3688 2731 3743 καὶ
2753 3690 2875 3750 ταῖς
2893 3685 3000 3739 τῶν
3042 3681 3460 3753 κεκρατηκότων
3486 3677 3793 3747 ἀσελγείαις

2224 3779 2665 3854 ὑπενηνεγμένην
2685 3796 2699 3845 ;
2720 3775 3008 3849 Μέμνηται
3028 3791 3130 3827 που
3154 3773 3245 3827 καὶ
3267 3774 3295 3826 6
3320 3770 3588 3842 μακάριος
3611 3769 3794 3839 ψαλμ-

2224 3875 2356 3946 ῳδὺς
2407 3872 2650 3927 τοιούτου
2703 3872 2868 3934 τινός.
2921 3866 3246 3938 Ποιούμενος
3278 3863 3385 3934 γὰρ
3424 3864 3549 3926 τοὺς
3603 3863 3794 3930 λόγους

2223 3966 2352 4037 περὶ
2400 3966 2500 4037 τῆς
2547 3963 2920 4017 Βαϐυλωνίων·
2975 3978 2994 4012 ι
3032 3958 3334 4029 Μακάριος,
3368 3974 3387 4007 ι
3440 3954 3623 4025 φησὶν,
3676 3972 3693 4005 ι
3733 3954 3791 4018 ὃς

2223 4060 2503 4129 κρατήσει,
2549 4056 2643 4110 καὶ
2692 4053 2900 4123 ὲδαφιεϊ
2926 4051 2996 4105 τὰ
3036 4050 3204 4122 νήπιά
3240 4065 3333 4103 σου
3375 4046 3509 4117 πρδς
3554 4044 3651 4115 τὴν
3690 4044 3791 4097 πέ-

2223 4165 2373 4222 τραν,
2411 4167 2428 4199 ι
2462 4146 2623 4201 Ἀλλά
2646 4147 2802 4199 ταυτὶ
2828 4146 2925 4215 μὲν
2957 4144 3240 4216 ίστορικῶς
3269 4144 3334 4214 τῇ
3362 4142 3467 4195 τῶν
3495 4139 3793 4211 Ἀσσυρίων

2226 4238 2539 4311 συμϐέϐηκε
2586 4238 2759 4309 χώρᾳ,
2812 4238 2906 4291 καὶ
2959 4238 3073 4299 ταῖς
3109 4237 3166 4288 ἐν
3213 4235 3348 4304 αὐτῇ
3395 4231 3577 4285 πόλεσι
3604 4248 3663 4284 τε
3702 4231 3795 4285 καὶ

2222 4330 2448 4402 χώραις,
2473 4331 2554 4384 ὅτι
2581 4329 2676 4383 καὶ
2702 4328 2902 4391 πάντες
2922 4325 3297 4398 εἰδωλολάτραι
3326 4325 3420 4379 καὶ
3452 4324 3703 4389 ἀλαζόνες
3728 4323 3790 4376 οὺ

2225 4421 2493 4494 φορητῶς,
2519 4420 2613 4474 καὶ
2632 4419 2886 4490 θεομάχοι
2908 4418 3114 4481 δεινῶς,
3144 4419 3237 4471 καὶ
3261 4416 3437 4488 μάγου
3454 4414 3645 4486 τέχνης
3670 4415 3792 4468 ἑπι-

563 4503 719 4559 sistet
759 4512 937 4556 autem
985 4504 1098 4557 hate
1128 4502 1196 4557 de
1226 4501 1331 4557 illis
1358 4501 1568 4565 oratio,
1600 4514 1707 4555 non
1738 4500 1909 4556 solum
1944 4501 1997 4555 in
2038 4503 2117 4556 his

2229 4513 2327 4584 στή
2337 4529 2513 4583 μονες.
2535 4511 2697 4564 Αὐτοὶ
2717 4510 2775 4563 δὲ
2804 4510 2896 4562 καὶ
2911 4508 3008 4578 τὴν
3025 4508 3180 4576 ἁγίαν
3209 4505 3583 4579 πεπορθήκασι
3613 4506 3786 4571 πόλιν,

562 4609 680 4664 qua:
709 4592 967 4647 historice
981 4599 1035 4646 et
1061 4591 1350 4658 conspicue
1378 4599 1525 4657 gesta
1553 4598 1697 4651 sunt,
1724 4588 1816 4644 sed
1843 4590 2005 4644 etiam
2030 4590 2117 4660 qui

2230 4604 2324 4657 καὶ
2354 4602 2444 4655 τὸν
2472 4600 2566 4670 tot]
2597 4600 2731 4654 Θεοῦ
2765 4600 2963 4671 κλῆρον
2996 4598 3460 4670 καταδῃώσαντες,
3484 4598 3625 4651 τοῦτ’
3652 4597 3789 4662 ἐστι,

562 4683 749 4738 νοΙιιηι
771 4722 787 4747 ,
836 4690 1090 4752 poterunt
1128 4681 1431 4752 intelligere
1458 4681 1828 4749 spiritualitcr,
1861 4683 1905 4735 si
1943 4698 2122 4736 rerum

564 4784 834 4845 gestarum
878 4774 985 4826 vim
1022 4773 1087 4826 ad
1124 4774 1296 4840 ipsum
1328 4773 1506 4826 omnis
1536 4773 1843 4827 vitiositatis
1878 4773 2123 4827 invento-

568 4880 703 4932 rem,
736 4865 823 4920 Dei
860 4865 1069 4918 hostem
1095 4864 1571 4927 immanissimum,
1591 4864 1851 4918 Satanam
1882 4865 2123 4931 inquam,

569 4958 862 5026 prudenter
901 4959 1218 5021 traducaut,
1251 4956 1482 5011 maxime
1528 4956 1779 5025 quoniam
1815 4955 2125 5025 pr0pbetica

566 5047 766 5113 oratio,
792 5047 992 5102 Christi
1014 5047 1271 5118 mysterio
1288 5048 1536 5116 praescito
1553 5087 1571 5113 ,
1605 5058 1661 5103 et
1689 5048 2034 5116 praedictione
2062 5047 2128 5101 de

567 5153 634 5194 eo
657 5140 859 5209 optime
880 5140 990 5209 jam
1015 5140 1281 5205 adhibita,
1316 5139 1549 5193 vicinam
1575 5148 1765 5194 contra
1799 5137 2127 5208 Babylonem

570 5229 830 5284 visionem
864 5229 1186 5293 introduxit,
1220 5240 1424 5283 tantum
1449 5244 1553 5283 non
1585 5229 1889 5283 auditorum
1924 5239 2129 5283 mentes

570 5319 833 5384 excitans,
861 5329 923 5375 ut
946 5336 1064 5388 qute
1102 5321 1360 5375 historice
1387 5329 1441 5375 et
1485 5330 1670 5374 contra
1698 5319 2042 5389 Babylonem,
2075 5325 2130 5372 et

572 5419 757 5465 contra
805 5413 1109 5465 universam
1150 5421 1346 5466 terram
1383 5412 1727 5483 Assyriorum
1776 5410 1913 5465 facta
1967 5418 2126 5473 sunt,

573 5502 923 5570 spiritualitcr
957 5503 1342 5573 intelligantur.
1379 5503 1562 5572 Itaque
1577 5506 1740 5558 draco
1766 5505 1863 5557 iste
1882 5510 2124 5570 apostata

574 5595 756 5649 multis
787 5593 955 5649 modis
996 5595 1084 5650 Dei
1137 5596 1430 5651 cultoribus
1472 5597 1694 5651 insidias
1740 5608 1949 5650 struere
1984 5611 2122 5648 nun-

654 5769 695 5803 "
719 5768 861 5824 Psal.
890 5784 1110 5831 cunt,
1144 5770 1200 5825 9.

2221 4695 2313 4747 τὸν
2342 4694 2577 4765 Ἰσραὴλ,
2620 4695 2675 4745 ὲν
2696 4694 2759 4763 τῇ
2789 4693 2897 4745 τῶν
2925 4692 3266 4763 δορυκτήτων
3296 4690 3459 4761 μοίρᾳ
3492 4688 3793 4759 πεποιημέ-

2222 4803 2324 4849 νοι,
2360 4786 2450 4838 τὸν
2489 4784 2731 4854 ἀσυνήθη
2764 4782 2864 4852 τῆς
2903 4782 3144 4845 δουλείας
3186 4781 3367 4843 αὐτοῖς
3397 4779 3668 4851 ἐπέθηκαν
3699 4780 3794 4844 ζυ-

2224 4878 2339 4947 γόν.
2364 4877 2476 4931 Καὶ
2506 4879 2766 4947 στήσεται
2813 4875 2913 4945 μὲν
2940 4875 2969 4928 6
3011 4876 3142 4946 περὶ
3176 4871 3379 4927 τούτων
3397 4872 3573 4941 λόγος,
3611 4873 3707 4925 οὐκ
3734 4872 3791 4926 ἐν

2223 4989 2289 5041 γε
2322 4973 2432 5035 τοῖς
2456 4971 2598 5025 κατά
2623 4969 2791 5040 μόνην
2816 4966 2913 5038 τὴν
2970 4966 3230 5038 ἱστορίαν,
3273 4967 3367 5018 καὶ
3391 4967 3503 5029 τοῖς
3533 4964 3790 5034 ἐμφανῶς

2224 5060 2523 5131 γεγονόσιν·
2569 5058 2746 5123 ἔξεστι
2788 5056 2844 5109 δὲ
2887 5055 3084 5126 μᾶλλον
3123 5057 3234 5117 τοῖς
3267 5051 3506 5106 ἐθέλουσι
3529 5055 3667 5106 νοεῖν
3699 5052 3794 5107 καὶ

2223 5150 2623 5223 πνευματικῶς,
2655 5151 2702 5202 εί
2728 5148 2792 5219 δὴ
2850 5147 3225 5217 μετατάττοιεν
3265 5144 3481 5215 εὐφυῶς
3507 5144 3611 5197 τῶν
3634 5160 3793 5211 γεγο-

2223 5244 2391 5297 νότων
2437 5241 2533 5312 τὴν
2587 5241 2833 5311 δύναμιν,
2878 5238 2968 5291 ὲπί
3022 5255 3079 5291 τε
3128 5236 3288 5290 αὐτὸν
3330 5236 3419 5289 τὸν
3449 5235 3665 5305 ἀπάσης
3696 5234 3795 5302 τῆς

2226 5334 2558 5403 φαυλότητος
2582 5332 2830 5403 εὑρέτην,
2859 5330 2950 5383 τὸν
2982 5329 3243 5400 θεοστυγῆ
3275 5347 3335 5382 τε
3370 5330 3462 5381 καὶ
3490 5327 3792 5398 ἀπηνέστα-

2231 5444 2341 5492 τον,
2377 5427 2518 5496 φημί
2564 5424 2627 5495 δὴ
2668 5423 2757 5475 τὸν
2796 5423 3055 5483 Σατανᾶν,
3101 5420 3312 5492 μάλισθ’
3340 5421 3421 5473 ὅτι
3452 5420 3550 5491 τῆς
3580 5434 3790 5489 προφη·

2232 5520 2379 5583 τείας
2405 5521 2433 5571 ό
2483 5517 2638 5584 λόγος
2670 5514 2732 5566 τὸ
2786 5513 3018 5582 Χριστοῦ
3051 5513 3343 5584 μυστήριον
3386 5509 3791 5581 προσενεγκὼν,

2233 5613 2325 5666 καί⁵
2351 5612 2448 5665 τὴν
2471 5611 2554 5663 ἐπ’
2578 5607 2723 5677 αὑτῷ
2749 5608 3172 5677 προσαγόρευσιν
3222 5602 3279 5659 εὖ
3312 5605 3454 5675 μάλα
3505 5603 3793 5674 πεποιημέ-
