4148 6378
390 414 489 471 561

1525 412 1599 468 ἸΝ
1633 412 1867 468 lSAlAM
1906 414 2037 470 LIB.
2078 417 2144 471 ll.
2181 414 2423 472 ἸῸΜΠΒ
2454 416 2520 471 il.

3548 420 3662 478 362

395 545 496 593 νοι,
527 525 879 598 είσκεκόμικε
899 526 1118 595 γείτονα
1137 529 1236 598 τὴν
1266 529 1408 583 κατά
1449 530 1766 595 Βαϐυλῶνος
1799 533 1977 604 ὅρασιν

2092 547 2253 601 quam
2282 532 2513 597 destitit,
2544 531 2921 600 incumbitque
2949 531 3235 599 acerrime,
3270 548 3484 606 semper
3504 538 3576 593 ad
3602 539 3657 595 id

401 620 686 690 μονονουχὶ
735 617 846 672 τῶν
874 620 1239 691 ἀκροωμένων
1264 619 1355 673 τὸν
1387 621 1511 674 νοῦν
1539 623 1865 694 καταθήγων
1888 624 1980 677 ἐπὶ

395 713 458 766 τό
486 730 549 782 γε
573 713 772 783 χρῆναι
801 715 963 778 νοεῖν,
994 715 1090 767 καὶ
1150 715 1539 784 πνευματικῶς
1578 717 1645 769 τὰ
1695 717 1981 789 ίστορικῶς

318 840 321 845 -
393 805 677 871 γεγονότα,
713 804 857 857 κατά
902 821 962 857 τε
1021 805 1190 875 αὐτῆς
1231 806 1566 873 Βαϐυλῶνος,
1597 809 1690 860 καὶ
1744 809 1854 877 μὴν
1886 810 1980 863 καὶ

393 895 514 948 καθ’
539 894 666 965 ὅλης
702 896 800 965 τῆς
847 896 1144 966 Ἀσσυρίων
1178 897 1303 966 γῆς.
1338 897 1615 969 Κατέλήξε
1666 898 1728 970 δὴ
1774 896 1866 953 οὖν
1889 901 1981 953 οὐ·

390 985 537 1037 δὲπω
563 986 691 1038 ποτὲ
728 986 1081 1057 πολυτρόπως
1123 986 1485 1041 ἐπιϐουλεύων
1531 991 1645 1051 τοῖς
1693 990 1812 1059 Θεῷ
1855 991 1979 1043 δου-

391 1076 685 1130 λεύουσιν-ό
711 1076 925 1148 δράκων
955 1080 984 1131 ὁ
1006 1078 1338 1149 ἀποστάτης,
1357 1079 1597 1148 ἔγκειται
1629 1081 1686 1133 δὲ
1713 1082 1806 1134 καὶ
1835 1082 1980 1152 μάλα

392 1168 675 1233 νεανικῶς,
707 1172 783 1233 είς
830 1169 896 1223 cs
936 1170 1084 1240 αὐτῷ
1115 1170 1306 1225 δοκοῦν
1331 1173 1418 1225 ἀεὶ
1449 1175 1861 1244 καταστρέφων,
1884 1176 1980 1228 καὶ

392 1260 657 1329 ἀποφέρει
688 1258 1027 1323 πλειστάκις,
1050 1254 1141 1313 οἷά
1170 1276 1275 1331 περ
1303 1259 1681 1331 αἰχμαλώτους
1709 1261 1862 1327 ἑλὼν,
1885 1264 1979 1316 καὶ

390 1352 504 1412 τοῖς
531 1350 639 1403 τῶν
664 1350 860 1404 παθῶν
913 1352 1088 1423 ἐνίησι
1140 1351 1374 1422 βόθροις,
1421 1352 1664 1417 δουλείας
1701 1353 1757 1406 δὲ
1789 1353 1978 1426 ὥσπερ

391 1442 574 1506 αὐτοῖς
602 1442 865 1507 ἐπιτιθεὶς
896 1443 1069 1497 δεινόν
1093 1460 1152 1496 τε
1200 1445 1299 1497 καὶ
1323 1444 1650 1515 ἀνεξήτητον
1689 1445 1851 1514 ζυγὸν
1879 1463 1978 1500 κα-

391 1534 785 1606 ταγαυριᾷτῶν
815 1535 1183 1605 εἰλημμένων,
1235 1535 1329 1587 καὶ
1368 1533 1771 1598 ἀλαζονεύεται,
1810 1536 1979 1590 καθά-

391 1642 499 1695 περ
537 1626 726 1693 ἀμέλει
760 1625 927 1679 aculei
967 1624 1074 1681 τῶν
1125 1626 1425 1696 Ἀσσυρίων
1450 1625 1591 1679 κατὰ
1625 1629 1853 1697 καιροὺς
1885 1628 1976 1698 βε-

384 1716 778 1781 ϐασιλευκότες
800 1717 1092 1787 ἐπέχαιρον
1115 1721 1226 1780 τοῖς
1253 1720 1311 1783 ἐξ
1354 1718 1589 1789 Ἰσραὴλ,
1617 1719 1699 1772 ὅτι
1728 1720 1830 1790 γῆς
1879 1724 1978 1793 τῆς

393 1808 574 1862 αὐτῶν
606 1808 710 1873 ἔξω
732 1809 1017 1877 γεγονότες
1042 1809 1135 1861 καὶ
1168 1809 1375 1873 πόλεως
1394 1811 1496 1881 τῆς
1520 1811 1683 1880 ἁγίας
1708 1811 1977 1865 δεδουλεύ-

388 1918 517 1954 κασι
546 1903 658 1964 τοῖς
702 1899 1061 1969 ἀλλογενέσιν.
1102 1900 1245 1953 Ἀλλ’
1269 1902 1332 1955 οὑ
1366 1903 1530 1974 μέχρι
1575 1906 1775 1968 παντὸς
1810 1907 1843 1975 ή
1880 1904 1974 1957 τοῦ

2087 621 2230 687 quod
2280 620 2381 674 sibi
2412 620 2623 675 videtur
2675 621 3024 676 transversim
3065 622 3372 693 abripiens,
3412 640 3660 697 compre-

2088 709 2396 780 hensosque
2449 720 2700 781 tanquam
2758 713 2998 782 captivos
3040 728 3182 784 sape
3234 716 3486 782 abducit,
3520 721 3657 775 etin

2087 802 2557 869 perturbationum
2608 804 2893 875 voragines
2922 807 3254 876 praecipitat,
3290 819 3345 865 et
3370 810 3502 883 jugo
3537 827 3659 869 ser—

2087 889 2276 943 vitulis
2303 891 2437 945 duro
2464 900 2519 946 et
2550 891 2845 948 inevitabili
2882 894 2985 950 illis
3031 897 3315 967 imposito,
3367 902 3420 956 in
3463 913 3657 974 captos

2087 978 2365 1049 gloriatur,
2398 994 2455 1035 et
2511 983 2787 1038 insolescit
2834 1003 2847 1038 :
2898 990 3349 1055 quemadmodum
3385 1009 3518 1050 sane
3563 998 3655 1066 qui

2085 1071 2225 1138 apud
2258 1072 2510 1141 Assyrios
2532 1072 2659 1126 olim
2687 1085 2999 1145 regnarunt,
3019 1078 3347 1136 insultabant
3370 1081 3655 1152 lsraelitis,

2086 1162 2230 1230 quod
2257 1176 2293 1215 a
2329 1177 2423 1216 sua
2462 1173 2604 1217 terra
2630 1173 2685 1218 et
2710 1175 2897 1221 sancta
2925 1168 3141 1225 civitate
3161 1173 3427 1239 extranei,
3460 1175 3654 1231 alieni‘

2084 1253 2238 1322 genis
2273 1254 2579 1311 servierint.
2631 1256 2738 1311 Sed
2784 1271 2887 1311 non
2924 1273 3136 1328 semper
3174 1262 3369 1319 diaboli
3411 1269 3657 1338 tyrannis

2086 1344 2139 1398 in
2171 1358 2264 1398 eos
2286 1360 2424 1414 quos
2458 1346 2718 1417 diripuit,
2756 1349 3007 1404 obtinuit.
3042 1352 3348 1410 Excitatqu
3387 1358 3530 1412 enim
3570 1370 3657 1414 est

2083 1432 2393 1491 Servatoris
2439 1438 2652 1508 signum
2674 1480 2693 1505 ,
2746 1441 2798 1494 id
2829 1452 2950 1509 est,
2983 1445 3218 1513 pretiosa
3255 1462 3413 1513 crux,
3447 1465 3657 1520 nosque

2085 1538 2273 1583 contra
2318 1529 2466 1583 illum
2513 1531 2908 1599 jubilavimus,
2970 1536 3019 1589 id
3052 1548 3169 1602 est,
3218 1539 3469 1596 victrices
3517 1545 3655 1598 odas

2081 1615 2377 1673 obtulimus
2399 1619 2470 1684 ei,
2508 1622 2599 1690 qui
2630 1634 2849 1691 propter
2876 1641 2976 1680 nos
3003 1636 3059 1681 et
3082 1638 3267 1683 nostra
3313 1645 3477 1687 causa
3502 1634 3649 1699 vicit,

2082 1716 2137 1760 et
2185 1717 2345 1762 rectas
2382 1709 2506 1763 ﬁdei
2549 1712 2943 1770 confessionem
2981 1718 3271 1777 edidimus.
3319 1721 3430 1778 Hoc
3470 1735 3652 1782 autem

2083 1806 2187 1863 est,
2221 1808 2278 1853 ut
2322 1801 2578 1869 arbitror,
2605 1802 2776 1861 illud:
2811 1806 3035 1865 Elevate
3072 1825 3255 1866 vocem
3304 1825 3493 1871 contra
3530 1831 3647 1874 eos.

2082 1887 2346 1960 Prmcepit
2393 1893 2557 1947 etiam
2612 1896 2874 1954 Dominus
2933 1902 3119 1957 venire
3168 1906 3311 1974 genti
3350 1905 3649 1975 bellatrici,

2012 1960 2054 2015 Β
2086 1980 2333 2037 videlicet
2362 1994 2691 2056 sanctorum,
2720 1990 2914 2058 quibus
2940 1992 3085 2047 lucta
3116 1960 3396 2051 etubellum
3422 2008 3524 2065 est,
3546 2016 3651 2056 non

2082 2084 2270 2127 contra
2321 2079 2634 2147 sanguinem
2691 2091 2749 2136 et
2799 2098 3039 2151 carnem,
3095 2089 3190 2143 sed
3225 2092 3401 2157 potius
3456 2102 3647 2148 contra

2083 2167 2450 2236 principatus,
2508 2180 2564 2225 et
2620 2182 2957 2243 potestates,
3015 2189 3069 2232 et
3136 2182 3320 2238 mundi
3362 2184 3647 2250 dominos.

2084 2268 2320 2315 rectores
2357 2262 2702 2319 tenebrarum
2756 2266 2972 2335 harum,
3029 2270 3294 2328 adversus
3343 2275 3649 2344 spiritualia

382 1990 639 2045 διαϐόλου
696 1991 956 2062 τυραννὶς
1008 1992 1320 2061 κατήσχυσε
1369 1992 1477 2044 τῶν
1532 1992 1976 2064 διηρπασμένων.

403 2085 731 2156 Ἑγήγερται
790 2084 899 2154 γὰρ
955 2083 1016 2136 τὸ
1082 2082 1178 2136 τοῦ
1227 2085 1477 2155 Σωτῆρος
1541 2088 1786 2155 σημεῖον,
1837 2087 1981 2141 τοῦτ’

390 2176 557 2236 ἔστιν,
602 2175 904 2239 ἐπινικίους
932 2176 1082 2246 ᾠδὰς
1127 2175 1556 2245 ἀνατεθείκαμεν
1603 2176 1684 2247 τῷ
1736 2176 1803 2229 δι’
1833 2178 1982 2248 ἡμᾶς

385 2264 485 2315 καὶ
540 2261 683 2333 ὑπὲρ
724 2262 883 2333 ἡμῶν
914 2265 1217 2334 νικήσαντι·
1279 2265 1625 2336 πεποιήμεθα
1665 2265 1723 2319 δὲ
1760 2266 1983 2336 καὶτῆς

385 2354 553 2425 ὀρθῆς
596 2354 832 2419 πίστεως
892 2356 991 2426 τὴν
1020 2356 1402 2426 ὁμολογησίαν.
1439 2358 1609 2411 Τοῦτο
1636 2358 1764 2429 γὰρ,
1800 2353 1977 2429 οἶμαι,

385 2446 507 2498 ἐστὶ
537 2447 618 2501 τὺ,
656 2445 946 2515 ’Υψώσατε
998 2448 1096 2517 τὴν
1150 2447 1331 2519 φωνὴν
1357 2450 1593 2512 ἑαυτοῖς
1633 2448 1979 2504 Ἐντέταλται

396 2534 457 2587 δὲ
489 2537 584 2588 καὶ
604 2536 633 2587 ὁ
659 2537 866 2600 Κύριος
918 2536 1171 2607 ἔρχεσθαι
1198 2537 1343 2591 ἔθνει
1363 2538 1692 2610 ύπλομάχῳ,
1722 2539 1880 2610 δῆλον
1923 2541 1981 2595 δὲ

388 2627 604 2680 ὅτιτῶν
647 2626 838 2695 ἁγίων,
872 2623 955 2691 οἷς
993 2631 1026 2698 ἡ
1070 2629 1217 2700 μάχη
1265 2631 1418 2684 καὶό
1457 2630 1693 2703 πόλεμος
1739 2632 1800 2685 οὐ
1845 2633 1980 2705 πρὸς

386 2712 533 2789 αἷμα
562 2719 657 2771 καὶ
680 2720 910 2790 σάρκας,
935 2720 1072 2790 πρὸς
1094 2721 1267 2793 ἀρχὰς
1294 2722 1351 2774 δὲ
1371 2724 1570 2794 μᾶλλον
1590 2725 1685 2777 καὶ
1708 2725 1976 2792 ἐξουσίας,

387 2811 485 2862 καὶ
533 2811 660 2873 τοὺς
693 2813 1155 2886 ξκοσμοκράτορας
1202 2812 1295 2867 τοῦ
1353 2816 1575 2880 σκότους
1604 2817 1815 2883 τούτου,
1842 2819 1980 2892 πρὸς

391 2903 459 2955 τὰ
493 2902 838 2973 πνευματικὰ
892 2904 993 2973 τῆς
1044 2905 1309 2976 πονηρίας
1362 2909 1422 2961 ὲν
1471 2911 1584 2973 τοῖς
1612 2911 1973 2982 ἐπουρανίοις.

2083 2352 2338 2420 nequitiae
2366 2355 2424 2408 in
2460 2357 2939 2426 supercmlestibus
2967 2363 3036 2417 ⁸⁸.
3072 2362 3140 2418 Hi
3172 2366 3293 2420 acie
3344 2376 3535 2424 contra
3564 2370 3650 2425 in-

2081 2452 2283 2499 structa
2302 2446 2566 2511 vicerunt,
2586 2459 2640 2505 et
2664 2452 2841 2509 adhuc
2863 2455 3129 2523 obtinent,
3147 2460 3647 2518 etadversariarum

2076 2547 2409 2604 potestatum
2437 2555 2632 2611 agmen
2662 2557 2991 2615 oppugnant,
3021 2559 3075 2605 et
3102 2551 3458 2609 idololatriam
3480 2556 3648 2614 veluti

2078 2629 2350 2685 civitatem
2381 2635 2669 2704 quamdam
2698 2639 3000 2709 depopulati
3042 2654 3168 2698 sunt
3206 2663 3223 2700 :
3272 2644 3647 2715 Palaestinam,

2080 2720 2343 2791 inquam,
2388 2729 2736 2793 quantumvis
2791 2732 2934 2785 nulla
2986 2747 3148 2789 manu
3207 2739 3645 2809 expugnabilem.

2079 2812 2402 2883 Superiores
2466 2826 2645 2872 autem
2695 2831 2987 2877 evaserunt
3039 2826 3389 2896 adversariis,
3430 2830 3649 2888 Christo

2076 2906 2241 2960 veluti
2272 2907 2568 2962 exercitum
2617 2911 2907 2980 ductante,
2938 2924 2993 2970 et
3014 2918 3222 2975 sanctis
3251 2919 3460 2991 angelis
3486 2921 3647 2978 simul

384 2994 458 3047 υἱ
497 2994 591 3046 καὶ
625 2994 976 3059 ἀντετάξαντο
997 2996 1092 3049 καὶ
1104 2998 1476 3069 νενικήκασιν,
1499 3001 1760 3072 κρατοῦσι
1792 3002 1848 3055 δὲ
1882 3004 1977 3057 καί⁸

2079 2997 2462 3066 pugnantibus,
2491 3000 2560 3053 ita
2599 3008 2656 3054 ut
2682 3005 2834 3070 pauci
2859 3007 3080 3062 omnino
3106 3008 3218 3063 sint
3244 3010 3321 3077 hi,
3346 3012 3436 3081 qui
3459 3027 3646 3068 eorum

392 3086 477 3147 εἰς
497 3083 676 3154 δεῦρο,
710 3085 805 3138 καὶ
845 3083 905 3137 τὸ
935 3085 1043 3138 τῶν
1076 3087 1472 3157 ἀντικειμένων
1498 3089 1781 3161 δυνάμεων
1805 3092 1973 3146 ἐκπο-

387 3176 667 3247 λιορκοῦσι
701 3176 907 3245 στίφος,
948 3177 1044 3229 καὶ
1074 3173 1164 3231 οἷά
1222 3196 1345 3233 τινα
1391 3181 1544 3233 πόλιν
1579 3182 1678 3253 τὴν
1701 3182 1975 3261 εἰδωλολα-

2077 3096 2396 3154 potestatem
2455 3092 2631 3148 adhuc
2688 3107 3037 3165 venerantur,
3080 3103 3296 3172 sintque
3351 3103 3516 3159 etiam
3552 3106 3651 3160 mi-

2077 3181 2209 3244 seri,
2238 3192 2293 3236 et
2313 3181 2579 3252 imbelles,
2601 3196 2656 3239 et
2679 3187 2842 3259 225
2862 3192 3184 3258 meticulosi,
3203 3182 3402 3265 quique
3425 3212 3650 3267 prorsus

388 3267 579 3339 τρείαν
606 3266 1192 3339 ὲκπεπορθήκασι,τὴν
1215 3270 1382 3324 πάλαι
1411 3271 1591 3343 δεινὴν
1617 3274 1711 3327 καὶ
1740 3275 1972 3348 ἀχείρω-

2080 3271 2366 3341 desperent
2388 3290 2446 3329 se
2475 3278 2729 3333 resistere
2756 3296 2915 3349 posse
2938 3282 3004 3337 iis
3034 3285 3123 3353 qui
3145 3285 3361 3341 Christo
3384 3266 3648 3345 serviunt.

384 3377 504 3414 τον.
556 3360 1034 3431 Κατευμεγεθοῦσι
1087 3361 1146 3415 δὲ
1205 3361 1314 3415 τῶν
1362 3363 1770 3434 ἀνθεστηκότων
1814 3368 1975 3421 οἱονεὶ

2079 3363 2341 3419 Cancrum
2373 3380 2655 3435 percurrat
2684 3344 2826 3428 hanc
2863 3375 3125 3431 visionem
3154 3387 3208 3431 et
3236 3378 3439 3449 reliqua
3485 3382 3646 3436 verba

397 3451 829 3521 στρατηγοῦντος
876 3451 1135 3523 Χριστοῦ,
1178 3454 1274 3506 καὶ
1326 3454 1765 3520 συνασπιζόντων
1804 3458 1974 3526 ἁγίων

2079 3470 2201 3526 quae
2225 3469 2545 3528 sequuntur,
2587 3462 2822 3533 aliquam
2844 3467 3109 3535 ejusmodi
3135 3455 3431 3539 spiritualis
3454 3487 3652 3530 sensus

396 3541 665 3610 ἀγγέλων,
718 3541 861 3595 ὥστε
904 3543 998 3596 καὶ
1049 3544 1453 3617 εὐαριθμήτους
1499 3542 1638 3601 εἶναι
1698 3548 1973 3613 παντελῶς

2083 3548 2326 3603 notitiam
2396 3551 2579 3606 eliciat
2636 3554 2883 3624 quisquis
2935 3556 3173 3626 prudens
3228 3568 3347 3625 est,
3396 3559 3648 3632 valetque

387 3636 520 3696 τοὺς
541 3633 610 3686 τὰ
634 3635 856 3688 ἐκείνων
896 3635 979 3688 ἔτι
1008 3636 1265 3700 σέϐοντας
1298 3641 1495 3708 κράτη,
1526 3635 1664 3692 εἶναι
1688 3639 1745 3692 δὲ
1778 3640 1975 3703 αὐτοὺς

2080 3640 2391 3708 parabolam
2431 3652 2486 3697 et
2523 3645 2867 3701 tenebrosum
2914 3662 3246 3717 sermonem,
3283 3651 3534 3723 dictaque
3562 3668 3650 3709 sa-

388 3727 642 3796 οἰκτροὺς
679 3726 773 3779 καὶ
801 3727 1096 3800 ἀνάνδρους
1119 3730 1217 3781 καὶ
1246 3729 1534 3800 περιδεεῖς,
1550 3732 1643 3784 καὶ
1672 3731 1974 3803 ἀπειρηκό-

2079 3734 2318 3800 pientum
2341 3749 2405 3790 ac
2425 3735 2709 3806 enigmata
2735 3753 3082 3808 cognoscere.

386 3835 489 3882 τας
526 3820 799 3883 παντελῶς
834 3822 935 3893 τὴν
966 3823 1299 3889 ἀντίστασιν,
1337 3824 1436 3897 τὴν
1466 3826 1604 3897 πρός
1654 3827 1718 3895 γέ
1748 3845 1889 3898 φημι
1912 3828 2039 3891 τοὺς
2076 3829 2297 3899 Χριστῷ
2332 3830 2697 3897 δουλεύοντας.
2738 3836 3070 3908 Ἐπιτρέχων
3105 3838 3161 3892 δὲ
3196 3838 3296 3911 τὴν
3324 3839 3516 3911 ὅρασιν
3556 3857 3651 3896 και

395 3911 509 3964 τῶν
540 3913 916 3983 προκειμένων
935 3914 1005 3967 τὰ
1028 3914 1289 3985 καθεξῆς,
1312 3917 1569 3989 τοιαύτης
1614 3918 1758 3982 τινος
1819 3918 2051 3991 θεωρίας
2091 3928 2470 3997 πνευματικῆς
2521 3928 2824 3998 συλλεγέτω
2884 3931 3089 4000 γνῶσιν
3147 3933 3255 3996 πᾶς
3299 3935 3354 3989 ετ
3399 3934 3484 3999 τίς
3532 3937 3649 3990 ἐστι

385 4005 680 4074 νουνεχὴς,
730 4004 967 4059 συνιέναι
1028 4022 1087 4058 τε
1147 4006 1444 4077 δυνάμενος
1497 4007 1810 4081 παραϐολὴν
1881 4009 1977 4063 καὶ
2037 4014 2310 4068 σκοτεινὸν
2332 4016 2508 4084 λόγον,
2542 4019 2729 4089 ῥήσεις
2752 4037 2810 4073 τε
2844 4022 3023 4091 σοφῶν
3067 4023 3162 4076 κού⁵
3199 4025 3517 4097 αἰνίγματα.

470 4090 629 4147 Ἰδοὺ
658 4092 772 4161 ἐγὼ
808 4093 1086 4163 ἐπεγείρω
1130 4095 1275 4164 ὑμῖν
1301 4096 1444 4163 τοὺς
1486 4098 1753 4165 Μήδους,
1802 4101 1861 4154 οἳ
1895 4103 1969 4156 οὐ

2144 4104 2302 4161 Vens.
2331 4107 2516 4163 57-20.
2578 4107 2714 4166 Ecce
2751 4128 2844 4182 ego
2897 4116 3094 4169 suscita
3129 4118 3270 4172 vobis
3311 4090 3520 4185 .liedos,
3556 4123 3648 4193 qui

390 4182 723 4253 λογίζονται
740 4184 1043 4255 ἀργύριον,
1066 4187 1209 4243 οὐδὲ
1232 4192 1491 4258 χρυσίου
1504 4193 1715 4261 χρείαν
1732 4193 1967 4262 ἔχουσι.

2079 4198 2361 4265 respiciunt
2402 4212 2675 4271 argentum
2698 4242 2716 4269 ,
2768 4220 2860 4259 nec
2899 4224 3030 4261 astro
3064 4225 3191 4278 opus
3227 4209 3436 4270 habent.
3477 4182 3647 4270 Arcus

397 4271 733 4342 Τοξεύματα
748 4277 1089 4330 νεανίσκων
1110 4280 1542 4348 συντρίψουσι,
1568 4282 1669 4335 καὶ
1698 4282 1765 4337 τὰ
1792 4284 1972 4339 τέκνα

2079 4289 2309 4349 iuvenum
2340 4304 2629 4360 conterent,
2674 4309 2723 4351 et
2769 4298 3052 4354 liberorum
3088 4314 3375 4359 vestrorum
3415 4323 3519 4361 non
3544 4308 3648 4363 mi-

391 4364 560 4433 ὺμῶν
590 4368 662 4421 οὐ
705 4366 791 4434 μὴ
830 4368 1188 4434 ἐλεήσωσιν,
1240 4370 1384 4425 οὐδὲ
1429 4371 1528 4425 ἐπὶ
1570 4373 1694 4439 τοῖς
1740 4374 1973 4441 τέκνοις

2079 4381 2397 4450 verebuntur,
2425 4400 2515 4438 nec
2538 4386 2669 4455 ﬁh’t’s
2689 4390 2793 4441 tuis
2814 4400 3030 4455 parcent
3053 4392 3193 4445 oculi
3220 4409 3421 4451 eorum.
3451 4395 3522 4450 Ει
3546 4399 3647 4451 erit

384 4472 510 4510 σου
532 4458 840 4526 φείσονται
872 4462 927 4514 οὶ
945 4461 1237 4531 ὀφθαλμοὶ
1268 4461 1486 4519 αὐτῶν.
1516 4465 1623 4520 Καὶ
1661 4466 1831 4520 ἔσται
1851 4469 1967 4521 Βα-

2079 4467 2337 4541 Babylon,
2371 4490 2487 4543 quae
2527 4488 2746 4531 vocatur
2770 4478 2979 4553 Inclyta
3010 4499 3042 4534 ο
3073 4499 3189 4549 rege
3230 4482 3643 4554 Chaucorum,

386 4547 617 4616 ϐυλὼν,
652 4548 691 4615 ἢ
727 4551 994 4605 καλεῖται
1025 4553 1310 4621 Ἔνδοξος
1333 4555 1448 4609 ὑπὸ
1479 4556 1787 4621 βασιλέων
1820 4561 1975 4614 Χαλ-

2079 4563 2512 4627 quemadmodum
2559 4568 2806 4622 subvertit
2835 4547 2976 4625 Deus
3015 4547 3301 4627 Sodomam
3333 4587 3381 4629 et
3426 4547 3647 4633 Cantor;

392 4638 595 4701 δαίων,
651 4641 727 4694 ὃν
770 4642 992 4708 τρόπον
1036 4644 1446 4715 κατέστρεψεν
1484 4651 1518 4701 ό
1561 4648 1703 4714 Θεὸς
1742 4651 1977 4721 Σόδομα

2079 4652 2225 4703 ιοΙιαηι
2257 4667 2275 4706 :
2300 4668 2404 4708 non
2432 4655 2758 4711 habitabitur
2785 4662 2894 4714 ullo
2929 4680 3036 4717 aeuo
3060 4679 3080 4717 :
3109 4681 3270 4733 neque
3285 4665 3647 4735 ingrediatur

393 4728 491 4781 καὶ
547 4731 596 4783 Γ
600 4729 840 4798 όμορῤιι,
881 4733 952 4784 οὐ
999 4734 1499 4801 κατοικηθήσεται
1543 4739 1631 4803 εἰς
1658 4738 1767 4791 τὸν
1790 4739 1975 4795 αἰῶνα

2079 4743 2130 4795 in
2153 4759 2268 4797 eant
2288 4762 2378 4813 per
2400 4750 2593 4804 multas
2614 4762 2818 4809 (states.
2839 4752 2950 4808 Nec
2970 4758 3264 4812 transibunt
3284 4775 3401 4813 eam
3419 4762 3644 4828 Arabes,

393 4819 647 4885 χρόνον·
697 4819 827 4874 οὐδ’
853 4822 926 4875 οὐ
956 4820 1064 4891 μὴ
1090 4823 1452 4879 εἰσέλθωσιν
1503 4828 1593 4892 είς
1644 4827 1841 4897 αὐτὴν
1876 4829 1975 4885 διὰ

2079 4850 2238 4904 neque
2264 4848 2497 4907 pastores
2523 4845 2842 4914 requiescent
2873 4849 2927 4902 in
2957 4868 3039 4905 ea.

389 4915 641 4967 πολλῶν
667 4915 913 4984 γενεῶν,
976 4915 1107 4970 οὐδ’
1157 4920 1231 4972 οὐ
1284 4919 1371 4988 μὴ
1410 4919 1733 4976 amoma»
1764 4924 1962 4993 αὐτὴν
2005 4928 2262 4996 Ἄραϐες,
2334 4935 2477 4988 οὐδέ
2522 4940 2824 5009 ποιμένες,
2885 4947 2958 5001 οὐ
2983 4947 3070 5016 μὴ
3096 4949 3549 5005 ἀναπαύσονται
3577 4952 3646 5006 ἐν

463 5103 857 5175 Φανερωτάτην
888 5106 947 5159 ὲν
970 5106 1177 5170 τούτοις
1212 5110 1447 5161 ποιεῖται
1474 5107 1659 5163 λοιπὸν
1688 5110 1782 5164 τοῦ
1818 5110 1977 5164 πολέ-

398 5212 501 5264 μου
532 5195 633 5266 τὴν
690 5196 1107 5267 προαγόρευσιν,
1169 5197 1265 5251 καὶ
1336 5198 1524 5271 ὥσπερ
1570 5217 1622 5253 τι
1684 5201 1976 5255 κατασκίαο

397 5302 513 5355 σμα
561 5288 675 5349 τοῖς
728 5286 908 5354 λόγοις
949 5288 1360 5360 ἐπερῤιμμένον
1417 5290 1516 5361 τήν
1565 5292 1832 5363 ἀσάφειαν
1877 5310 1975 5347 πε-

399 5376 614 5446 ριελὼν,
658 5377 870 5449 γυμνὴν
927 5380 1021 5431 καὶ
1070 5381 1371 5450 ἀναφανδὸν
1421 5384 1515 5436 καὶ
1565 5378 1675 5437 οἷον
1735 5386 1793 5439 ὲν
1851 5384 1970 5455 ὕψει

396 5469 577 5539 τίθησι
622 5470 722 5541 τήν
782 5471 905 5523 ὅσον
946 5471 1159 5525 οὐδέπω
1215 5472 1597 5544 παρεσομένην
1663 5477 1968 5547 συμφοράν.

398 5561 623 5627 Ἣξουσι
659 5561 765 5631 γὰρ
819 5563 1011 5632 ἥξουσι
1046 5566 1093 5617 οἱ
1123 5564 1319 5633 Μῆδοι,
1366 5566 1553 5635 φησὶν,
1580 5567 1639 5619 οὐ
1673 5569 1971 5639 χρημάτων

394 5651 697 5722 ἡττώμενοι
724 5654 816 5706 καὶ
849 5653 1176 5725 δωροδοκίας
1201 5657 1302 5726 τῆς
1326 5659 1453 5731 παρ’
1491 5660 1645 5732 ὑμῶν
1673 5662 1733 5716 οὐ
1767 5680 1971 5735 πεφρο-

2149 5114 2658 5177 Luculentissimans
2702 5125 2957 5197 deinceps
2985 5128 3038 5183 in
3076 5131 3158 5187 his
3186 5131 3316 5189 facit
3352 5135 3477 5192 belli
3510 5149 3647 5209 μηθ’

2081 5204 2369 5262 dictionem
2393 5250 2408 5274 ,
2450 5221 2505 5265 et
2557 5214 2703 5268 velut
2754 5215 3167 5277 adumbratione
3203 5225 3433 5293 quadam
3464 5204 3646 5285 etob-

2078 5298 2359 5365 scuritate,
2382 5316 2545 5371 quam
2581 5306 2920 5363 sermonibus
2946 5311 3059 5366 suis
3083 5309 3293 5383 oﬂ'udit,
3324 5316 3644 5376 circumcisa

2080 5389 2278 5443 nudam
2325 5399 2379 5445 et
2406 5394 2682 5462 propalam
2721 5410 2785 5452 ac
2814 5397 2960 5455 velut
3003 5401 3056 5455 in
3096 5414 3389 5473 conspectu
3417 5407 3646 5465 collocat

2078 5492 2220 5538 eam.
2247 5496 2369 5550 qua:
2411 5498 2535 5538 mox
2563 5485 2816 5543 adfutura
2846 5502 2964 5556 est,
2995 5492 3382 5552 calamitatem.
3416 5495 3646 5555 Venieut

2076 5570 2244 5639 enim,
2278 5573 2472 5643 inquit,
2502 5578 2724 5634 venient
2751 5578 2911 5648 Medi,
2949 5598 3054 5639 non
3108 5590 3346 5659 corrupti
3381 5594 3642 5659 pecunia.

2077 5679 2184 5720 non
2242 5664 2556 5739 largitiones
2602 5680 2810 5730 vestras
2846 5685 3136 5745 curantes;
3186 5679 3296 5737 imo
3336 5683 3646 5751 superiores

402 5826 407 5829 '
472 5813 515 5844 "
557 5812 754 5877 Ephes.
787 5830 861 5879 vr,
898 5814 980 5869 12.

595 5908 868 5971 Puram...
926 5911 1042 5973 Gn.
1092 5913 1190 5974 [Χ
1207 5916 1281 5976 Χ.

3079 5896 3087 5905 ’
3285 5936 3357 5996 12
