4148 6378
479 402 585 458 363

1485 396 1545 449 S.
1585 392 1860 450 CYRILLI
1899 388 2369 447 ALEXANDRINI
2407 387 2721 443 ARCIIIEP.

3644 384 3748 439 σοι

482 527 643 571 erunt
674 518 812 570 velut
858 524 1180 584 Opportune,
1214 513 1468 567 onmihus
1508 513 1749 568 maximo
1781 512 1960 567 studio
1990 512 2057 563 ab

2181 508 2403 579 ιηκότες,
2429 508 2685 577 ἀμείνους
2716 507 2787 566 δὲζ
2817 506 3017 577 μᾶλλον
3038 507 3113 568 ὼς
3138 508 3195 557 ὲν
3225 502 3405 574 καιρῷ
3444 503 3748 570 γεγονότες,

486 612 593 665 illis
622 621 675 665 et
698 608 1073 663 elaboratione
1107 606 1438 675 comparatis
1459 643 1478 668 ,
1513 617 1575 659 ut
1617 620 1777 659 arcus
1802 605 2063 674 juvenum

484 712 792 760 couterant.
842 700 899 755 Si
946 701 1068 770 quis
1099 700 1242 753 enim
1293 697 1656 753 Barbarorum
1690 696 2067 751 infestationes

485 806 541 852 et
583 795 956 864 expeditiones
1022 801 1212 848 contra
1271 790 1519 860 regiones
1572 798 1626 844 et
1678 789 1844 844 urbes
1898 788 2068 842 factas

423 902 428 907 '
489 888 831 950 consideret,
888 899 994 939 non
1048 882 1209 936 aliam
1271 886 1339 936 ob
1378 896 1598 935 causam
1642 881 1755 933 ﬁeri
1797 881 2064 950 reperiet,

491 995 652 1049 quam
691 987 747 1030 ut
774 976 1005 1045 spolient
1033 985 1088 1029 et
1125 975 1358 1042 rapiant,
1390 985 1444 1029 et
1467 987 1598 1043 opes
1624 973 1864 1040 undique
1897 972 2067 1026 obve-

494 1071 707 1123 nientes
771 1076 1119 1123 coacervent.
1177 1065 1480 1128 Caeterum,
1533 1065 1742 1133 inquit,
1789 1063 1925 1117 Medi
1964 1080 2067 1116 non

491 1162 773 1232 capientur
817 1170 1052 1229 quaestu,
1083 1167 1138 1212 et
1167 1157 1373 1211 lucrum
1406 1156 1727 1224 despicient,
1758 1168 1815 1208 ut
1839 1154 2069 1225 Babylo-

494 1254 674 1307 nicum
703 1250 1052 1319 supercilium
1086 1248 1411 1316 deprimant.
1438 1246 1571 1301 Nam
1608 1246 1897 1315 sagittandi
1931 1247 2065 1300 dex-

492 1344 707 1399 teritate
734 1341 1025 1411 plurimum
1060 1340 1386 1408 gloriantur,
1420 1346 1470 1391 et
1506 1338 1640 1391 artis
1668 1335 1787 1402 ejus
1817 1336 2067 1407 peritiam

494 1436 713 1490 maximi
762 1434 987 1488 faciunt.
1042 1430 1332 1485 lnferiores
1375 1440 1557 1484 tamen
1607 1437 1768 1483 erunt
1803 1427 2067 1483 hostibus.

492 1527 684 1595 Asperi
741 1534 920 1579 autem
956 1534 1011 1577 et
1065 1523 1298 1577 immites
1331 1522 1466 1576 adeo
1514 1530 1673 1577 erunt
1721 1521 1981 1583 victores,
2015 1528 2073 1573 ut

496 1617 814 1673 miserandae
846 1616 1008 1669 etiam
1068 1613 1244 1667 aatatis
1295 1612 1440 1666 nulla
1488 1612 1605 1681 capi
1660 1611 1827 1665 velint
1865 1610 2071 1664 miseri-

495 1708 703 1768 cordia,
742 1719 915 1774 neque
947 1704 1300 1774 pereuntibus
1326 1702 1711 1756 miserabiliter
1754 1699 2070 1763 infantibus,

498 1800 659 1853 ullatn
698 1797 1052 1851 humanitatis
1096 1795 1390 1864 lacrymam
1424 1792 1774 1862 profundere.
1810 1791 1917 1847 Sed
1968 1790 2074 1844 Ba-

496 1894 679 1965 bylon,
709 1906 827 1960 qua:
855 1888 1057 1959 Inclyta
1086 1861 1310 1941 vocatur
1345 1902 1373 1939 a
1411 1861 1535 1955 rege
1569 1885 1969 1948 Chaldaeorum,
2004 1884 2071 1938 ad
2105 1861 2145 1914 Β

497 2003 616 2041 eam
658 1986 928 2053 redigetur
982 1982 1326 2041 Vastitatem,
1376 1980 1586 2048 inquit,
1626 1986 1743 2031 uta
1772 1978 2073 2032 combustis

498 2076 749 2133 Sodomis
788 2085 843 2129 et
886 2073 1207 2130 Comorrhis
1236 2071 1385 2125 nullo
1417 2072 1577 2126 modo
1613 2070 1867 2125 diﬂ‘erat:
1900 2084 2075 2140 neque

434 2216 444 2225 .
501 2171 800 2224 incolelnr:
842 2182 1005 2236 quam
1078 2164 1286 2233 fugient
1344 2162 1567 2233 perinde
1630 2163 1879 2237 ﬁnitimi,
1915 2173 2077 2233 atque

497 2261 663 2332 226
696 2259 784 2329 qui
822 2276 851 2312 e
881 2256 1167 2326 longinqua
1221 2264 1385 2323 gente
1434 2270 1553 2308 eam
1588 2264 1897 2323 peragrant,
1928 2262 1987 2307 ut
2011 2268 2076 2307 ne

500 2354 706 2407 Arabes
749 2350 965 2417 quidem
1025 2357 1273 2415 pastores
1322 2346 1373 2398 in
1408 2360 1473 2400 ea
1521 2360 1715 2414 pecora
1776 2359 1871 2397 sua
1912 2344 2077 2397 velint

500 2459 742 2512 pascere,
774 2442 915 2512 quod
941 2440 1163 2493 omnino
1185 2438 1423 2493 desolata
1455 2439 1526 2492 sit
1553 2448 1606 2491 et
1634 2439 1869 2492 deserta.
1892 2437 2078 2491 Sciena

500 2540 625 2590 dum
663 2544 866 2597 autem,
902 2549 1023 2587 eum
1062 2544 1252 2601 gentes
1308 2531 1736 2593 Saracenorum,
1780 2538 1835 2582 et
1864 2545 1982 2597 qua:
2010 2531 2074 2581 ad

502 2630 672 2695 ipsam
731 2638 927 2681 terram
986 2623 1330 2694 Assyriorum
1364 2622 1706 2691 pertingunt,
1737 2629 1792 2673 et
1832 2622 2075 2674 intimam

499 2736 743 2775 eremqu
773 2718 1036 2778 incolunt,
1073 2715 1359 2769 nominare
1388 2714 1617 2767 Arabas.
1654 2713 1895 2767 Vicinam
1928 2729 2077 2765 nam-

502 2828 606 2881 que
640 2811 842 2866 habent
884 2818 1083 2863 terram
1118 2804 1375 2860 Arabum.
1412 2803 1477 2858 Et
1512 2804 1788 2874 probabile
1831 2814 1914 2857 est
1958 2804 2078 2858 illos

502 2919 570 2958 ex
629 2902 825 2957 Arabia
879 2900 1179 2955 Saracenos
1229 2897 1533 2966 promiscue
1594 2897 1943 2966 Assyriorum
1979 2897 2075 2952 de-

503 3002 649 3046 serta
684 2988 1057 3043 obambulare.

583 3256 740 3313 Vens.
774 3258 866 3319 9.1,
899 3257 990 3310 2:2.
1047 3255 1109 3308 fit
1136 3255 1453 3325 requiescent
1486 3254 1557 3306 ibi
1581 3254 1777 3317 bestia’,
1822 3264 1868 3306 et
1900 3252 2083 3319 imple-

508 3354 699 3405 buntur
744 3351 928 3403 domus
986 3348 1194 3411 sonitu,-
1242 3348 1312 3401 ibi
1357 3347 1677 3416 requiescant
1729 3349 1963 3407 sirenas,
2012 3345 2085 3399 ibi

506 3442 770 3496 saltabant
818 3440 1113 3502 daemonia,
1166 3449 1212 3492 et
1258 3438 1596 3492 onocentauri
1642 3436 1715 3490 ibi
1753 3436 2083 3498 habitabant,

508 3534 655 3586 nidos
695 3541 993 3585 construent
1048 3532 1103 3583 in
1151 3530 1391 3584 domibus
1458 3544 1639 3583 eorum
1682 3529 1934 3582 erinacei.
1967 3528 2083 3582 Cito

507 3623 663 3686 vertit,
688 3636 732 3675 et
760 3639 861 3675 nun
894 3622 1144 3675 tardabit.

578 3798 728 3852 Fet-:1:
774 3798 826 3851 in
867 3798 999 3852 locis
1041 3796 1272 3851 desertis
1299 3797 1492 3867 degere
1538 3806 1758 3859 amant,
1805 3805 1858 3852 et
1912 3810 2084 3849 vacua

508 3891 640 3945 urbs
684 3889 989 3959 complures
1032 3889 1099 3943 iis
1146 3888 1432 3957 speluncas
1478 3903 1537 3941 se
1582 3896 1966 3957 contegentes,
2019 3902 2085 3943 ac

509 3983 671 4037 rudes
698 3991 754 4037 et
786 3982 931 4035 velut
964 3981 1192 4036 fortuitu
1225 3996 1289 4035 ac
1311 3991 1517 4034 temere
1554 3981 1801 4036 inventas
1828 3982 2085 4051 suppedi-

511 4083 615 4127 tat.
651 4073 704 4127 In
745 4072 975 4128 desertis
993 4083 1170 4126 autem
1202 4082 1255 4127 et
1278 4074 1477 4140 quietis
1513 4073 1642 4128 locis
1680 4073 1853 4129 tenuis
1869 4074 2083 4143 quidam

508 4166 718 4219 sonitus
774 4179 885 4233 prae
949 4180 1142 4234 magno
1200 4164 1434 4230 silentio,
1459 4165 1599 4219 haud
1644 4166 1758 4220 scio
1792 4167 2083 4235 quomodo,

507 4256 771 4323 exoritur,
802 4266 854 4311 et
886 4255 940 4311 in
966 4272 1125 4310 aures
1150 4271 1335 4310 eorum
1363 4258 1506 4310 subit
1533 4258 1623 4326 qui
1660 4273 1903 4312 eremum
1933 4258 2085 4313 inco-

507 4341 644 4401 lunt.
678 4348 896 4416 Itaque,
944 4347 1153 4415 inquit,
1187 4348 1371 4403 bestia:
1402 4351 1783 4417 requiescent,
1810 4359 1865 4404 et
1900 4349 2085 4405 sonitu

509 4441 701 4495 domus
733 4439 904 4509 plenae
926 4447 1109 4505 erunt,
1142 4441 1191 4492 id
1217 4452 1332 4506 est,
1371 4441 1574 4493 nullum
1605 4442 1828 4497 omnino
1852 4441 2082 4496 incolam

2168 601 2264 654 καὶ
2283 601 2390 652 τῶν
2412 601 2495 653 ὅτι
2532 600 2769 669 μάλιστα,
2792 597 2881 651 διὰ
2916 597 3153 667 σπουδῆς
3183 597 3369 659 αὐτοῖς
3398 595 3747 665 τεθειμένων,

2171 694 2259 746 ἵνα
2284 690 2594 761 τοξεύματα
2624 688 2922 743 νεανίσκων
2950 687 3351 757 συντρίψουσιν.
3389 686 3453 738 El
3494 685 3594 754 μὲν
3644 686 3751 757 γάρ

2167 798 2251 846 τις
2283 783 2556 850 λογίσαιτο
2584 780 2683 844 τὰς
2714 780 2823 832 τῶν
2846 779 3145 851 Βαρϐάρων
3199 777 3442 847 ἐφόδους,
3478 777 3642 847 αἴπερ
3685 776 3751 830 ἀν

2169 873 2409 940 γένοιντο
2461 871 2602 924 κατά
2650 870 2842 941 χωρῶν
2891 870 3187 940 ἥπόλεων,
3237 870 3335 939 οὐχ
3390 868 3579 939 ἐτέρου
3607 868 3751 931 τινὸς

2169 966 2331 1020 ’ἑνεκα
2361 964 2645 1038 δρωμένας
2698 965 2943 1035 εὑρήσει,
2977 962 3117 1034 πλὴν
3160 965 3244 1016 ὅτι
3282 962 3443 1033 μόνου
3474 960 3567 1014 τοῦ
3610 960 3754 1031 διαρ-

2171 1058 2341 1112 πάσαι
2381 1058 2562 1129 χάριν,
2611 1056 2857 1127 ἄθροισιν
2895 1056 2952 1109 δὲ
2992 1058 3287 1126 χρημάτων
3342 1051 3613 1105 ποιεῖσθαι
3656 1052 3754 1121 τὴν

2170 1151 2688 1223 παρεμπίπτουσαν.
2737 1148 2875 1202 Ἀλλ’
2909 1147 3149 1209 ἔσονται,
3180 1146 3334 1216 φησὶ,
3388 1145 3485 1199 καὶ
3536 1143 3755 1215 λημμά-

2169 1259 2278 1295 των
2325 1240 2580 1311 ἀμείνους
2630 1240 2680 1292 οἰ
2736 1238 2930 1309 Μῆδοι,
2960 1239 3055 1292 καὶ
3101 1236 3307 1307 κερδῶν
3352 1236 3752 1306 ἀφειδήσουσιν.

2173 1332 2260 1387 ἵνα
2282 1330 2379 1402 τὴν
2406 1330 2515 1383 τῶν
2543 1329 2895 1382 Βαϐυλωνίων
2923 1330 3098 1399 ὀφρὺν
3129 1327 3551 1381 κατασπάσωσι.
3589 1318 3752 1393 Μέγά

2176 1423 2274 1493 μὲν
2300 1422 2408 1493 γὰρ
2438 1422 2523 1475 ἀεί
2566 1438 2681 1485 πως
2718 1422 2898 1484 αὐτοῖς
2929 1421 3023 1473 ἐπὶ
3051 1423 3172 1482 ταῖς
3206 1402 3438 1485 ττιξείαις
3500 1417 3755 1489 φύσημα,

2173 1516 2267 1567 καὶ
2305 1515 2366 1566 τὸ
2398 1512 2621 1583 εὐτυχὲς
2668 1515 2726 1565 ὲν
2770 1512 2982 1575 τούτοις
3031 1510 3310 1564 ποιοῦνται
3361 1511 3490 1580 περὶ
3535 1508 3755 1562 πολλοῦ.

2186 1606 2323 1658 Ἀλλ’
2353 1607 2548 1676 ἥττους
2572 1603 2784 1658 ἔσονται
2828 1604 2938 1657 τῶν
2983 1602 3215 1673 ἐχθρῶν.
3251 1600 3485 1672 Σκληροί
3521 1601 3578 1652 δὲ
3614 1598 3758 1652 οὕτω

2174 1699 2269 1751 καὶ
2291 1694 2797 1766 ἀφιλοικτείρμονες
2842 1696 2892 1746 οἰ
2931 1691 3294 1777 νενικηκότες,
3339 1690 3414 1753 ὡς
3474 1689 3609 1759 μηδὲ
3660 1688 3760 1757 τῆς

2175 1790 2412 1860 ἐλεεινῆς
2469 1788 2681 1859 ἡλικίας
2730 1786 2894 1856 φειδῶ
2956 1764 3225 1838 ποιεῖσθαί
3263 1800 3403 1847 τινα,
3451 1782 3591 1853 μήτε
3654 1779 3760 1851 μὴν

2174 1882 2405 1954 οἰκτρῶς
2465 1879 2853 1949 ἀπολλυμένων
2907 1877 3137 1947 νηπίων,
3201 1874 3260 1928 τὸ
3312 1874 3371 1940 ἐξ
3425 1871 3760 1944 ἡμερότητος

2176 1973 2462 2038 ὲπιστάξαι
2506 1972 2760 2042 δάκρυον.
2825 1965 3080 2023 Βαϐυλὼν
3120 1966 3201 2032 δὲ,
3253 1966 3288 2035 ἢ
3336 1964 3583 2018 καλεῖται
3634 1964 3761 2016 Ἕν-

2173 2067 2321 2131 δοξος
2369 2066 2475 2120 ὐπὸ
2526 2064 2788 2134 βασιλέως
2833 2058 3313 2128 Χαλδαίων,τπρδς
3359 2056 3538 2118 τοῦτο,
3573 2054 3757 2125 φησὶν,

2177 2159 2413 2230 ἐρημίας
2466 2157 2872 2227 κατοιχήσεται,
2904 2154 2981 2216 ὡς
3032 2154 3149 2205 κατ’
3199 2150 3391 2204 οὐδένα
3442 2148 3641 2218 τρόπον
3688 2147 3761 2199 δι-

2175 2254 2418 2320 ενεγκεῖν
2457 2250 2565 2303 τῶν
2608 2245 3091 2318 ἐμπεπρησμένων
3137 2242 3384 2312 Σοδόμων
3422 2258 3478 2293 τε
3522 2241 3616 2293 καὶ
3664 2238 3701 2290 Γ
3704 2255 3761 2292 ο-

2179 2346 2383 2416 μόρρας
2403 2360 2416 2373 ο
2442 2343 2593 2395 ἔσται
2618 2342 2674 2394 δὲ
2702 2341 2795 2393 καὶ
2824 2340 3077 2409 ἀοίκητος
3100 2356 3111 2367 ο
3153 2335 3362 2405 φευκτὴ
3389 2334 3447 2387 δὲ
3476 2332 3648 2396 οὕτως
3669 2333 3762 2385 καὶ

2176 2441 2288 2501 τοῖς
2338 2437 2578 2508 ὁμόροις,
2620 2434 2697 2497 ὡς
2725 2434 2911 2496 ἔθνους
2956 2429 3169 2503 μακροῦ
3209 2426 3622 2500 περινοστοῦσιν
3665 2425 3761 2478 αὐ-

2176 2531 2299 2600 τὴν.
2339 2529 2419 2591 ὡς
2452 2527 2587 2599 μηδὲ
2617 2525 2882 2596 ποιμένας
2911 2526 3036 2587 τοὺς
3078 2521 3139 2587 ἐξ
3183 2520 3428 2593 Ἀράϐων
3451 2521 3761 2589 κατανεμῆ·

2179 2623 2268 2676 σαί
2303 2641 2357 2676 τι
2404 2622 2514 2674 τῶν
2568 2621 2713 2675 ἰδίων
2766 2618 3095 2689 θρεμμάτων
3148 2616 3207 2668 ἐν
3266 2614 3437 2684 αὐτῇ·
3494 2611 3664 2664 διάτοι
3700 2610 3763 2661 τὸ

2177 2712 2506 2785 ἠρημῶσθαι
2535 2710 2839 2773 παντελῶς.
2900 2709 3094 2762 ’ἰστέον
3116 2707 3173 2759 δὲ
3205 2707 3287 2760 ὃτι
3321 2705 3392 2757 τὰ
3430 2700 3762 2773 Σαρακηνῶν

2177 2805 2325 2876 ἔθνη,
2364 2805 2459 2860 καὶ
2519 2804 2712 2875 μέχρις
2758 2802 2927 2872 αὐτῆς
2971 2800 3227 2871 διήκοντα
3275 2797 3384 2851 τῶν
3440 2794 3757 2866 Ἀσσυοίων,

2180 2902 2273 2953 καὶ
2312 2900 2411 2970 τὴν
2442 2898 2700 2952 ὲσωτάτω
2728 2895 3060 2966 νεμομένους
3094 2894 3321 2965 ἔρημον,
3363 2889 3609 2962 ’Ἄραϐας
3645 2887 3762 2939 ὀνο-

2182 2988 2362 3060 μάζει.
2400 2989 2620 3041 Γείτονα
2653 2987 2763 3056 γὰρ
2802 2987 2985 3055 ἔχουσι
3034 2984 3136 3053 τὴν
3197 2980 3461 3053 Ἀράϐων.
3514 2978 3670 3039 Εἰκὸς
3706 2977 3763 3029 δὲ

2178 3080 2241 3151 δὴ
2268 3080 2360 3133 καὶ
2391 3081 2587 3142 αὐτοὺς
2637 3062 2760 3141 τους
2788 3076 2847 3140 ἐξ
2889 3075 3148 3147 Ἀραϐίας
3179 3071 3532 3143 Σαρακηνοὺς
3564 3070 3762 3140 ἀναμὶξ

2108 3208 2153 3265 c
2182 3176 2281 3237 τὰς
2322 3173 2620 3243 Ἀσσυρίων
2660 3174 2903 3245 ἐρήμους
2927 3172 3274 3240 περιφοιτᾷν.

2255 3262 2365 3317 Kal
2408 3261 2862 3315 ἀναπαύσονται
2883 3260 3008 3313 ἐκεῖ
3040 3259 3236 3327 θηρία,
3282 3257 3381 3311 καί
3418 3254 3764 3326 ἐμπλησθή-

2187 3366 2398 3404 σονται
2451 3353 2509 3405 al
2560 3351 2741 3403 οἰκίαι
2796 3349 2971 3419 ἤχου.
3005 3350 3115 3402 Kal
3147 3348 3602 3405 ἀναπαύσονται
3642 3345 3766 3399 ἐκεῖ

2186 3443 2484 3510 σειρῆιηιες,
2502 3443 2598 3495 καὶ
2631 3441 2906 3510 δαιμόνια
2925 3441 3053 3494 ἐκεῖ
3079 3440 3466 3509 ὀρχήσονται.
3497 3436 3605 3491 Kal
3633 3438 3765 3490 ὀνο-

2186 3532 2499 3601 κένταυροι
2542 3533 2667 3586 ἐκεῖ
2707 3530 3201 3597 κατοικήσουσιν,
3261 3531 3359 3585 καὶ
3393 3527 3766 3596 νοσσοποιή-

2187 3641 2408 3680 σουσιν
2433 3625 2621 3693 ἐχῖνοι
2648 3626 2719 3679 ἐν
2734 3625 2857 3691 τοῖς
2881 3625 3067 3686 οἷκοις
3085 3622 3302 3677 αὐτῶν.
3326 3621 3488 3689 Ταχὺ
3507 3622 3764 3690 ἔρχεται,

2186 3715 2287 3769 καὶ
2317 3719 2388 3769 οὐ
2421 3715 2666 3784 χρονιεῖ.

2176 3826 2179 3831 ν
2257 3802 2409 3856 Φίλον
2459 3820 2576 3866 πως
2616 3805 2701 3857 ἀεὶ
2733 3808 2844 3866 τοῖς
2874 3802 3169 3875 ἀνημέροις
3222 3802 3329 3854 τῶν
3388 3800 3539 3866 ζώων
3570 3800 3767 3854 ἐνδιαί-

2187 3911 2335 3965 τημα
2381 3894 2648 3948 ποιεῖσθαι
2698 3895 2767 3948 τὰ
2817 3894 2924 3946 τῶν
2976 3895 3188 3965 χωρίων
3258 3893 3619 3964 ἠρημωμένα,
3672 3894 3768 3947 καὶ

2187 3987 2339 4049 πόλις
2386 3987 2713 4057 ὲρειπομένη
2750 3987 3005 4048 πλείστας
3026 4003 3085 4038 τε
3116 3988 3245 4050 ὅσας
3286 3987 3488 4049 αὐτοῖς,
3536 3987 3629 4038 καὶ
3660 3984 3768 4055 μὴν

2189 4080 2280 4131 καὶ
2311 4080 2487 4149 εὐρεῖς
2545 4079 2643 4141 τὰς
2676 4079 2998 4142 καταδύσεις
3028 4080 3282 4131 ἀποτελεῖ
3329 4078 3663 4149 αὐτορόφους
3706 4094 3767 4130 τε

2188 4173 2281 4224 καὶ
2315 4170 2760 4240 ὲσχεδιασμένας,
2797 4171 2890 4223 καὶ
2921 4171 2997 4234 ὡς
3028 4171 3136 4223 ἀπό
3164 4187 3226 4238 γε
3245 4171 3339 4225 τοῦ
3366 4170 3771 4241 συμϐεϐηκότος

2187 4260 2510 4330 αὐτομάτως
2561 4258 2960 4329 ἐξηυρημένας·
3020 4261 3078 4311 ἑν
3123 4262 3349 4330 ἐρήμοις
3394 4277 3452 4312 τε
3504 4260 3597 4313 καὶ
3655 4261 3769 4322 τοῖς

2189 4353 2433 4406 σιωπῶσι
2465 4353 2572 4405 τῶν
2604 4353 2804 4416 τόπων,
2844 4351 2971 4422 ἠχὼ
3017 4370 3098 4416 τις
3153 4354 3329 4424 ἰσχνὴ,
3375 4356 3469 4407 καὶ
3506 4349 3616 4406 οἷον
3656 4353 3768 4407 ἀπὸ

2191 4446 2345 4517 σιγῆς
2366 4448 2463 4515 τῆς
2480 4445 2639 4514 ἄγαν,
2657 4446 2756 4498 οὐκ
2781 4440 2876 4497 οἷδ’
2893 4446 3061 4508 ὅπως,
3084 4445 3291 4515 ἀνίσχει
3322 4462 3381 4497 τε
3411 4445 3503 4497 καὶ
3525 4447 3640 4508 ταῖς
3658 4444 3768 4497 τῶν

509 4530 810 4595 habentes,
874 4546 1065 4584 sonum
1134 4530 1298 4585 edent
1355 4530 1585 4587 desertis
1645 4534 2079 4589 convenientem.

2188 4537 2539 4607 ἠρεμούντων
2580 4538 2771 4599 ἀκοαῖς
2815 4537 3166 4607 εἰσκρίνεται.
3205 4537 3413 4591 Οὐκοῦν
3455 4538 3621 4607 θηρία
3670 4537 3769 4607 μὲν

510 4620 797 4674 Saltabunt
825 4660 841 4684 ,
884 4619 1079 4688 inquit,
1132 4620 1239 4676 illic
1280 4631 1335 4677 et
1381 4622 1666 4677 tltenmnia.
1716 4623 1910 4679 Dicunt
1936 4626 2079 4680 enim

510 4710 615 4763 illis
647 4725 861 4779 quoque
892 4711 1167 4780 proprium
1197 4728 1316 4766 esse
1345 4712 1394 4765 in
1421 4712 1653 4768 desertis
1682 4716 1818 4770 locis
1851 4716 2085 4772 libenter

509 4801 858 4864 commorari,
890 4810 943 4853 et
990 4802 1143 4870 quasi
1197 4804 1558 4858 diversorium
1608 4805 1850 4873 quietum
1889 4808 2090 4861 consti-

512 4905 680 4948 tuere.
722 4893 943 4948 Sitlenes
982 4904 1161 4949 autem
1189 4896 1319 4949 dicit
1348 4898 1595 4953 volucres
1625 4900 1867 4955 suaviter
1892 4915 2088 4955 canen-

511 4996 612 5051 tes,
647 4986 751 5050 vel,
782 4985 1078 5040 secundum
1136 4984 1487 5042 Hebraeorum
1538 4991 1955 5059 expositionem,
1987 5010 2085 5048 no-

509 5086 711 5129 ctuam.
753 5076 1011 5146 Agrestes
1058 5077 1243 5132 asinos
1284 5090 1685 5137 onocentauros
1736 5085 2000 5148 nominat,
2031 5095 2088 5139 et

508 5166 753 5230 echinos,
790 5167 841 5218 id
870 5173 973 5231 est,
1006 5167 1310 5231 eriuaceos,
1332 5184 1512 5224 mures
1534 5173 1708 5226 acutis
1736 5173 1907 5241 spinis
1940 5176 2087 5229 velut

512 5257 683 5311 hirtos
732 5268 786 5310 et
819 5259 1125 5313 horrentes.
1179 5258 1301 5315 Ιιίεο
1363 5265 1544 5318 omnia
1587 5267 1779 5320 merito
1820 5270 2083 5333 vastatis,

512 5349 592 5403 vel
630 5350 876 5416 urbibus,
924 5350 1008 5405 vel
1057 5353 1307 5407 domibus
1351 5356 1643 5411 convenire
1694 5369 1932 5427 possent.
1990 5359 2085 5414 llis

510 5452 687 5497 autem
746 5444 925 5497 subdit
965 5463 977 5499 :
1025 5445 1144 5499 Cito
1197 5446 1372 5510 venit,
1405 5456 1460 5502 et
1491 5463 1594 5502 non
1652 5450 1884 5504 tardabit
1929 5469 1941 5503 :
1995 5462 2087 5503 aut

510 5532 749 5605 Assyriis
780 5536 1042 5589 acriorem
1070 5554 1254 5590 curam
1286 5541 1552 5603 excitans,
1587 5552 1679 5594 aut
1729 5540 1930 5612 bisqui
1961 5552 2087 5597 sunt

511 5640 577 5681 ex
605 5630 811 5682 sentiae
838 5627 1015 5698 ,lsrael
1048 5632 1474 5687 consolationem
1526 5634 1663 5688 haud
1690 5636 1936 5705 exiguam
1988 5652 2083 5691 ea-

511 5720 631 5774 dem
660 5735 821 5789 opera
858 5720 1110 5776 all'erens.
1145 5724 1276 5777 Cum
1316 5727 1458 5778 enim
1505 5726 1558 5779 in
1596 5728 1910 5793 captivitate
1958 5742 2074 5780 ver-

511 5825 783 5879 sarentur,
822 5824 873 5868 et
911 5812 1049 5886 Cyro
1078 5830 1199 5869 cum
1244 5814 1424 5872 Persis
1456 5827 1510 5871 et
1559 5816 1723 5873 Medis
1762 5816 2080 5889 Babylonio-

2184 4629 2575 4694 ἀναπαύσεται,
2612 4630 2797 4700 φησιν,
2832 4631 2962 4699 ἡχου
2989 4629 3045 4682 δὲ
3065 4631 3121 4683 αἰ
3151 4630 3317 4683 οἰκίαι
3346 4629 3765 4701 πλησθήσονται·

2184 4722 2328 4776 τοῦτ’
2357 4723 2523 4785 ἐστιν,
2554 4723 2745 4778 οὐδένα
2779 4724 3059 4787 παντελῶς
3097 4724 3185 4777 τὸν
3233 4724 3490 4778 οἰκοῦντα
3525 4724 3767 4795 ἔχουσαι,

2192 4817 2293 4885 τὴν
2321 4819 2442 4880 ταῖς
2491 4817 2748 4887 ἐρημίαις
2792 4818 3107 4887 πρέπουσαν
3152 4816 3268 4886 ἡχῶ
3311 4818 3766 4887 κατακτήσονται.

2198 4908 2547 4978 Ὀρχήσονται
2580 4907 2655 4971 δὲ,
2701 4908 2885 4976 φησιν,
2914 4908 3029 4959 ἐκεῖ
3070 4908 3164 4958 καὶ
3194 4905 3464 4975 δαιμόνια.
3500 4905 3634 4957 Φασὶ
3662 4904 3772 4975 γάρ

2191 5014 2309 5061 πως
2362 5001 2459 5052 καὶ
2488 4999 2630 5053 αὐτά
2655 5001 2768 5062 τοῖς
2807 4998 3076 5069 ὴρεμοῦσι
3106 4998 3213 5050 τῶν
3246 4997 3426 5051 τόπων
3449 4996 3578 5049 [διον
3607 4998 3769 5067 ἐμφι-

2191 5091 2474 5161 λοχωρεῖν,
2529 5093 2625 5145 καὶ
2674 5086 2786 5144 οἷον
2831 5090 3132 5160 ὲναύλισμα
3175 5089 3445 5144 ποιεῖσθαι
3502 5090 3770 5159 σχολαῖον.

2189 5182 2455 5252 Σειρῆνας
2474 5182 2552 5245 δὲ,
2593 5179 2766 5252 οἶμαι,
2804 5184 2937 5252 φησί
2961 5184 3029 5235 τὰ
3052 5183 3333 5252 εὐστομεῖν
3364 5182 3542 5235 εἰδότα
3570 5184 3770 5251 πτηνά,

2189 5271 2247 5340 ἦ,
2280 5272 2421 5324 κατά
2439 5288 2502 5339 γε
2529 5272 2627 5343 τὴν
2672 5272 2938 5342 Ἐϐραίων
2972 5272 3205 5339 ἔκδοσιν,
3240 5274 3340 5342 τὴν
3366 5271 3599 5341 γλαῦκα.
3633 5272 3773 5336 Τοὺς

2188 5362 2244 5416 δέ
2282 5381 2346 5429 γε
2383 5365 2491 5416 τῶν
2526 5365 2661 5417 ὄνων
2703 5366 2929 5435 ἀγρίους
2981 5366 3403 5441 όνοκενταύρους
3455 5368 3770 5438 ὠνόμασεν-

2192 5455 2287 5508 καὶ
2322 5455 2427 5526 μὴν
2474 5458 2567 5509 καὶ
2613 5457 2823 5526 ἐχίνους
2882 5459 3009 5521 τούς
3055 5457 3319 5521 ἀκάνθαις
3368 5459 3570 5525 ὀξείαις
3615 5459 3775 5512 οἱονεὶ

2193 5548 2512 5618 φρίττοντας
2536 5550 2645 5601 τῶν
2672 5548 2846 5620 μυῶν.
2880 5550 2923 5603 Τ
2926 5553 3050 5604 αυτί
3073 5552 3129 5604 δὲ
3160 5553 3452 5622 σύμπαντα
3477 5551 3677 5622 πρέποι
3705 5549 3775 5604 ἂν

2193 5639 2415 5702 εἰκότως
2440 5643 2558 5702 ταῖς
2592 5641 2823 5695 εἰσάπαν
2861 5644 3317 5715 ἡρημωμέναιςῆ
3364 5643 3580 5696 πόλεσιν
3622 5643 3654 5713 ἢ
3693 5644 3772 5694 οἰ-

2190 5728 2357 5792 κίαις.
2410 5731 2766 5799 Ἐπιλέγειδὲ
2794 5732 3019 5797 τούτοις,
3074 5735 3154 5786 ὅτι
3200 5736 3337 5804 ταχύ
3388 5734 3627 5805 ἔρχεται,
3677 5734 3773 5786 καὶ

2190 5818 2249 5872 οὗ
2285 5825 2506 5893 χρονιεῖ.
2588 5825 2657 5877 Ἢ
2708 5826 2820 5888 τοῖς
2875 5826 3180 5895 Ἀσσυρίοις
3234 5824 3564 5894 πικροτέραν
3612 5823 3774 5889 ἐνιεὶς
