4148 6378
386 433 493 494 365

1505 430 1573 488 1N
1618 431 1850 488 lSAlAll
1893 428 2020 487 LIB.
2066 434 2129 489 ll.
2175 429 2412 489 ΤΟδῖυὸ
2447 430 2511 486 ll.

3520 431 3630 486 566

388 557 489 625 τὴν
519 555 797 626 φροντίδα,
836 549 1003 624 imm
1030 555 1148 616 ’τοῖς
1180 553 1237 616 ἐξ
1264 553 1492 622 αἵματος
1537 551 1750 621 Ἰσραὴλ
1793 550 1969 619 παρὰ·

2077 567 2191 604 rum
2230 551 2364 605 ﬁnes
2399 559 2767 621 expugnante,
2804 549 3086 604 liberatum
3130 548 3195 603 iri
3221 562 3280 603 se
3313 558 3633 617 sperarent.

390 646 581 715 κλησιν
607 645 668 697 οὐ
720 644 922 714 μικρὰν
942 643 1002 695 τὸ
1028 644 1215 713 χρῆμα
1241 642 1580 712 ποιούμενος.
1622 640 1837 710 Ἐπειδὴ
1859 639 1967 709 γὰρ

387 733 529 807 ἦσαν
575 739 632 789 ὲν
680 734 1059 805 αἰχμαλωσίᾳ,
1108 734 1466 805 ἀνεθήσεσθαί
1524 750 1588 802 γε
1636 734 1743 804 μὴν
1798 749 1967 803 προσ-

2072 644 2301 699 celerem
2326 644 2457 714 ipsis
2495 642 2859 699 molestiarum
2896 642 3221 697 levationem
3247 641 3549 712 pollicetur,
3580 652 3637 697 et

2070 735 2212 803 quod
2242 749 2303 791 ea
2336 748 2456 804 quas
2498 733 2552 788 in
2595 734 2733 789 votis
2763 743 2941 797 erant,
2989 748 3093 787 non
3128 734 3218 788 diu
3260 734 3631 795 dill‘errentur,

393 828 598 880 εδόκων
639 826 1212 899 καταστρατεύσαντος
1262 827 1358 896 τῆς
1407 824 1761 877 Βαϐυλωνίων
1822 821 1961 892 ὁμοῦ

2077 827 2163 880 sed
2193 828 2348 894 quasi
2372 839 2537 896 prope
2558 834 2686 883 ante
2712 826 2877 895 pedes
2907 837 3112 893 essent,
3142 838 3198 883 et
3223 827 3425 881 dictum
3449 840 3647 896 seque—-

390 919 627 989 Πέρσαις
656 937 715 973 τε
748 922 842 974 καὶ
878 920 1082 991 Μήδοις
1135 921 1229 974 τοῦ
1280 920 1483 988 Κύρου,
1528 919 1747 988 ταχεῖαν
1778 918 1961 980 αὐτοῖς
2066 927 2269 975 rentur.

392 1013 727 1082 ὑπισχνεῖται
752 1013 861 1067 τῶν
892 1016 1130 1086 ἀνιαρῶν
1181 1016 1279 1086 τὴν
1343 1013 1513 1080 λύσιν,
1563 1013 1657 1066 καὶ
1698 1014 1783 1066 ὅτι
1828 1011 1899 1065 τὰ
1944 1013 2003 1066 ὲν
2036 1013 2221 1083 εὐχαῖς
2286 1014 2387 1067 οὐκ
2450 1015 2528 1079 είς
2576 1014 2871 1086 ἁνάϐλησιν
2904 1014 3054 1067 ἔσται
3094 1014 3330 1086 μακρὰν,
3378 1014 3495 1069 ἀλλ’
3524 1009 3639 1068 οἷον

387 1111 674 1179 δραμεῖται
697 1111 836 1163 κατὰ
863 1111 997 1164 πόδα
1029 1111 1122 1165 τοῦ
1156 1111 1339 1179 λόγου.

464 1203 569 1257 Καὶ
604 1202 847 1269 ἐλεήσει
888 1206 1102 1273 Κύριος
1134 1206 1241 1259 τὸν
1281 1205 1494 1268 Ἰακὼϐ,
1525 1205 1624 1257 καὶ
1650 1205 1959 1269 ἐκλέξεται

2138 1203 2267 1259 CAP.
2296 1202 2434 1265 XIV,
2455 1217 2603 1256 vens.
2623 1202 2741 1256 1-5.
2764 1202 2924 1272 227
2952 1200 3016 1254 Et
3040 1203 3367 1257 miserebitur
3382 1204 3638 1259 Dominus

389 1289 477 1342 ἔτι
510 1290 615 1344 τὸν
658 1292 925 1361 Ἰσραὴλ,
959 1293 1056 1347 καὶ
1092 1294 1543 1348 ἀναπαύσονται
1578 1293 1679 1348 ἐπὶ
1709 1294 1820 1363 τῆς
1848 1293 1963 1363 τῆς

2077 1294 2257 1360 Iacob,
2276 1304 2324 1349 et
2351 1294 2503 1364 eliget
2526 1295 2697 1347 adhuc
2714 1292 2959 1357 Isralem,
2989 1304 3038 1347 et
3070 1296 3384 1362 requiescant
3414 1296 3467 1349 in
3496 1304 3640 1350 terra

389 1377 608 1441 αὐτῶν,
637 1382 732 1434 καί
772 1385 805 1434 ό
852 1382 1083 1451 γηῶρας
1102 1384 1569 1453 προστεθήσεται
1601 1384 1693 1437 ἐπ’
1721 1385 1964 1450 αὐτούς.

390 1469 500 1524 Καὶ
523 1470 997 1540 προστεθήσεται
1045 1478 1195 1541 πρὸς
1230 1476 1336 1528 τὸν
1384 1471 1554 1529 οἷκον
1590 1473 1795 1529 Ἰακώό
1820 1492 1836 1507 ο
1866 1475 1966 1529 καὶ

388 1557 695 1625 λήψονται
734 1561 956 1627 αὐτοὺς
981 1564 1151 1630 ἔθνη,
1203 1564 1302 1617 καὶ
1354 1565 1708 1629 είσάξουσιν
1741 1568 1829 1632 εις
1856 1565 1963 1619 τὸν

393 1651 580 1702 τόπον
643 1651 859 1706 αύτῶνη⁵
912 1654 1024 1707 Καὶ
1080 1656 1762 1725 κατακληρονομήσουσι
1779 1697 1796 1723 ,
1864 1656 1965 1712 καὶ

392 1742 922 1811 πληθύν-θήσονται
953 1744 1049 1797 ἐπὶ
1074 1743 1182 1813 τῆς
1210 1743 1322 1814 τῆς
1352 1745 1458 1799 τοῦ
1498 1745 1667 1811 Θεοῦ,
1701 1748 1790 1812 εις
1820 1745 1964 1799 6mi-

2071 1401 2189 1449 sua,
2232 1393 2280 1437 et
2308 1385 2506 1437 advena
2528 1383 2637 1437 illis
2662 1382 2998 1453 adjungetur,
3029 1393 3075 1437 et
3105 1383 3421 1453 adjungetur
3447 1384 3635 1440 domui

2073 1474 2260 1539 Jacob,
2280 1484 2328 1527 et
2352 1474 2604 1541 accipient
2630 1483 2827 1542 gentes,
2855 1481 2903 1525 et
2927 1472 3256 1526 introducsnt
3276 1475 3330 1528 in
3358 1474 3531 1530 locum
3550 1494 3642 1531 eo-

2072 1578 2212 1630 rum,
2227 1573 2276 1615 et
2294 1564 2651 1631 possidebunt,
2671 1572 2722 1617 et
2738 1563 3290 1632 multiplicabunturin
3308 1574 3450 1618 terra
3473 1566 3569 1620 Dei
3584 1567 3641 1619 in

2071 1672 2238 1710 servos
2262 1667 2309 1709 et
2342 1673 2534 1710 servas.
2569 1654 2644 1708 Et
2674 1669 2824 1709 erunt
2856 1657 3047 1723 captivi
3075 1658 3164 1724 qui
3195 1658 3257 1720 in
3286 1658 3639 1726 captivitatem

2071 1747 2331 1801 disserant
2353 1764 2462 1813 eos,
2500 1758 2546 1800 st
2570 1747 2865 1801 dominatui
2892 1747 3235 1817 subjicientur
3265 1752 3354 1821 qui
3383 1752 3641 1809 deminuti

390 1834 544 1897 .lovc
571 1833 669 1885 καὶ
694 1836 783 1899 εις
804 1832 1028 1899 δούλας
1046 1851 1061 1863 ·
1095 1835 1195 1888 καὶ
1221 1837 1464 1889 ἔσονται
1494 1835 1877 1905 αἰχμάλωτοι,
1911 1839 1966 1891 οί

2077 1851 2221 1894 erant
2248 1839 2380 1894 illis.
2424 1840 2489 1892 Et
2523 1841 2622 1893 erit
2651 1842 2706 1894 in
2742 1840 2829 1894 die
2859 1840 2976 1903 illa,
3024 1843 3340 1909 requiescere
3386 1854 3435 1897 te
3480 1844 3639 1913 faciet

388 1926 987 1992 αλχμαλωτεύσαντες
1014 1927 1258 1994 αὐτοὺς,
1316 1929 1413 1982 καὶ
1469 1928 1970 1997 κυριευθήσονται

393 2020 450 2070 ol
478 2018 903 2084 κυριεύσαντες
948 2019 1146 2073 αὐτῶν
1167 2036 1180 2050 ·
1212 2022 1311 2075 καὶ
1332 2021 1505 2075 ἔσται
1542 2022 1612 2074 ἐν
1664 2021 1738 2090 τῇ
1780 2022 1970 2092 ἡμέρᾳ

2077 1930 2213 1984 Deus
2240 1946 2305 1983 ea:
2333 1930 2513 1983 dolore
2565 1939 2676 1996 tuo,
2708 1944 2755 1984 et
2796 1931 3074 1986 iracundia
3115 1943 3227 1998 tua,
3264 1945 3311 1988 et
3342 1951 3375 1988 a
3397 1938 3642 1992 servitute

2074 2025 2208 2075 dura
2236 2039 2339 2093 qua
2377 2024 2603 2076 serviisti
2637 2023 2764 2078 illis.

389 2110 617 2178 ἐκείνῃ,
645 2112 979 2167 ἀναπαύσει
1012 2130 1085 2167 σε
1121 2118 1153 2167 ό
1183 2116 1327 2181 Θεὸς
1361 2116 1429 2169 ἐκ
1456 2115 1564 2185 τῆς
1610 2116 1832 2183 ὀδύνης
1880 2117 1979 2171 καὶ
2014 2117 2123 2173 τοῦ
2161 2118 2350 2187 θυμοῦ
2378 2134 2520 2181 σου,
2551 2119 2651 2172 καὶ
2692 2118 2803 2186 τῆς
2860 2119 3136 2187 danista;
3181 2123 3291 2192 τῆς
3341 2124 3638 2193 σκληρᾶς,

395 2197 472 2271 ἧς
502 2203 870 2270 ἐϐούλευσας
910 2208 1132 2271 αὐτοῖς.

472 2295 564 2358 Εἰς
584 2295 771 2348 ἐλπίδα
803 2296 1044 2367 χρηστὴν
1084 2298 1404 2369 ἀνακομίζει
1438 2301 1815 2372 πεπονηκότας
1846 2303 1972 2364 τοὺς

393 2385 457 2448 ἐξ
494 2385 725 2454 αἵματος
761 2388 994 2458 Ἰσραὴλ,
1025 2390 1117 2441 καὶ
1140 2389 1494 2460 ὑποσχέσεσιν
1521 2393 1750 2461 ἀγαθαῖς
1788 2395 1968 2466 ἀναῤ-

406 2476 669 2547 ρώννυσιν
695 2481 774 2542 είς
801 2478 1084 2550 εὐθυμίαν,
1113 2484 1576 2553 κατηχθισμένους
1600 2486 1658 2537 οὐ
1696 2487 1968 2558 φορητῶς,

396 2571 518 2630 ταῖς
551 2569 662 2622 τῶν
687 2570 915 2624 ἑλόντων
951 2571 1306 2639 πλεονεξίαις.
1361 2576 1481 2627 ’Ὁτι
1510 2575 1619 2646 γὰρ
1660 2577 1975 2631 ἁνελεύσον-

398 2675 489 2713 ται
517 2660 617 2730 μὲν
640 2660 739 2731 τῆς
766 2662 1157 2732 αἰχμαλωσίας,
1188 2665 1584 2737 ἀποστήσονται
1606 2666 1661 2719 δὲ
1685 2668 1784 2737 τῆς
1814 2668 1978 2721 ἀσυν-

398 2751 567 2822 ήθους
625 2752 866 2815 δουλείας
903 2754 996 2806 τὸν
1042 2756 1224 2822 ζυγὸν,
1278 2756 1701 2828 πεπορθημένης
1746 2762 1846 2829 τῆς
1876 2760 1980 2813 Βα-

400 2842 658 2910 ϐυλῶνος,
720 2846 814 2897 καὶ
873 2846 1088 2916 ἁπάσης
1137 2846 1193 2898 δὲ
1258 2848 1355 2916 τῆς
1410 2849 1710 2920 Ἀσσυρίων
1772 2850 1975 2921 χώρας,

402 2935 771 3005 προηγόρευσε
803 2938 1007 3006 σαφῶς.
1039 2938 1114 2990 Οὐ
1162 2940 1269 3010 γὰρ
1298 2939 1603 3011 ἀπόϐλητος
1650 2942 1821 3007 ἔσται,
1876 2960 1978 3014 φη-

404 3028 511 3087 σὶν,
553 3029 784 3081 εἰσάπαν
808 3031 837 3081 ό
874 3030 1117 3101 ’1σραήλ’
1152 3031 1272 3084 οὐδὲ
1331 3033 1439 3085 τῶν
1486 3033 1976 3105 πλημμελημάτων

401 3118 789 3189 ἀτελευτήτους
826 3121 1010 3189 ὑφέξει
1034 3123 1189 3185 δίκας
1212 3140 1227 3154 ·
1266 3124 1615 3194 ὲλεηθήσεται
1646 3124 1703 3179 δὲ
1734 3128 1827 3178 καὶ
1846 3128 1976 3180 ἀνα-

2150 2298 2227 2350 Ex
2261 2298 2520 2367 sanguine
2554 2297 2768 2352 lsraelis
2789 2309 2939 2352 ortos
2986 2298 3215 2355 afﬂictos
3248 2315 3302 2357 et
3335 2303 3639 2362 laborantes

2080 2388 2133 2442 in
2189 2391 2383 2443 bonam
2454 2403 2603 2459 spem
2647 2404 2830 2443 rursus
2861 2392 3036 2460 erigit,
3070 2403 3124 2445 et
3160 2394 3313 2449 bonis
3366 2397 3643 2463 promissis

2080 2489 2138 2534 ut
2161 2481 2300 2535 bono
2325 2480 2435 2535 sint
2466 2484 2647 2535 animo
2665 2482 2973 2545 confirmat,
3000 2484 3088 2551 qui
3111 2484 3435 2553 capientium
3457 2497 3641 2559 tyran-

2080 2572 2204 2626 nide
2236 2571 2413 2625 vexati
2443 2580 2597 2626 erant
2632 2572 3061 2627 intolerabiliter.
3093 2574 3242 2640 Quod
3277 2577 3421 2631 enim
3462 2594 3642 2634 rever-

2079 2663 2190 2715 suri
2227 2672 2406 2716 essent
2431 2676 2462 2716 e
2499 2661 2829 2730 captivitate,
2861 2672 2915 2715 et
2943 2677 3114 2729 nova»,
3142 2672 3195 2718 et
3250 2665 3500 2721 inaudita:
3526 2681 3644 2723 ser-

2080 2754 2266 2809 vitutis
2299 2755 2799 2825 jugumexcussuri,
2856 2764 3065 2809 vastata
3086 2755 3370 2827 Babylone,
3388 2760 3641 2830 omnique

2078 2846 2294 2915 regione
2359 2846 2742 2916 Assyriorum,
2808 2845 3106 2901 luculenter
3163 2849 3410 2917 praedixit
3456 2868 3469 2904 :
3525 2849 3642 2907 Non

2076 2936 2239 2994 enim.
2278 2934 2469 3002 inquit,
2508 2934 2561 2987 in
2595 2945 2908 3004 perpetuum
2937 2936 3208 3002 rejicietur
3257 2937 3442 3005 Israel,
3472 2957 3644 3010 neque

2077 3026 2393 3080 delictorum
2417 3029 2698 3080 continuas
2716 3040 2899 3095 poenas
2917 3027 3083 3093 dabit,
3108 3031 3201 3083 sed
3218 3030 3641 3088 miscricordiam

2077 3127 2436 3186 consequetur
2479 3126 2534 3171 et
2600 3120 2883 3189 resilirabit
2940 3120 3230 3188 aliquando
3294 3123 3385 3193 qui
3442 3125 3645 3182 electus

404 3209 625 3264 πνεύσει
652 3211 793 3264 κατὰ
816 3213 1038 3283 καιροὺς
1078 3215 1106 3266 ὁ
1143 3214 1547 3283 ὲξειλεγμένος·
1595 3215 1691 3269 καὶ
1731 3216 1851 3269 ὲπεί
1899 3234 1974 3270 τοι

2085 3219 2186 3264 est.
2231 3209 2297 3263 Et
2325 3209 2449 3277 quia
2476 3210 2682 3277 positus
2712 3219 2794 3264 est
2821 3213 3207 3283 primogenitus
3242 3216 3295 3269 in
3332 3215 3478 3281 ﬁliis,
3513 3216 3646 3272 vlsl-

403 3301 639 3355 τέθειται
692 3304 1032 3374 πρωτότοκος
1059 3305 1116 3357 ὲν
1147 3305 1378 3369 τέκνοις,
1429 3307 1736 3376 ἐπισκοπῆς
1781 3324 1842 3360 τε
1883 3308 1979 3361 καὶ

405 3395 686 3463 εὐμενείας
714 3396 812 3462 τῆς
832 3396 982 3468 παρὰ
1000 3396 1134 3450 Θεοῦ
1158 3396 1425 3462 τεύξεται.
1476 3399 1896 3471 ’Υπονοστήσειν
1921 3400 1978 3452 δὲ

407 3485 603 3548 αὐτοὺς
627 3487 705 3549 είς
727 3486 824 3556 τὴν
855 3485 1199 3553 ἐνεγκοῦσαν,
1256 3487 1407 3557 φησὶ,
1433 3487 1899 3558 συναναϐήσεσθαι
1922 3488 1979 3541 δὲ

408 3576 501 3627 καὶ
540 3575 633 3628 τὸν
693 3574 940 3646 γηώραν.
996 3576 1220 3646 Γηώραν
1273 3576 1330 3629 δέ
1376 3594 1538 3646 φησιν
1584 3578 1676 3630 τὸν
1720 3579 1979 3649 αὐθιγενῆ

409 3666 501 3719 καὶ
556 3666 871 3737 αὐτόχθονα,
920 3667 1066 3720 τοῦτ’
1117 3668 1254 3733 ἔστι,
1307 3667 1643 3723 Βαϐυλώνιον
1669 3686 1681 3700 ⁸
1738 3669 1979 3723 πλεῖστοι

408 3758 517 3828 γὰρ
543 3758 655 3810 ὅσοι
681 3758 787 3811 τῶν
820 3758 1174 3813 Βαϐυλωνίων
1201 3758 1411 3814 εἵποντό
1430 3777 1489 3813 τε
1514 3762 1626 3823 τοῖς
1648 3758 1707 3825 ἐξ
1742 3761 1977 3832 Ἰσραὴλ,

410 3850 566 3901 τοῦτο
617 3851 714 3918 μὲν
756 3851 854 3921 τὴν
899 3852 1034 3923 πρὸς
1072 3852 1268 3915 αὐτους
1326 3853 1640 3921 συγγένειαν
1668 3852 1977 3923 ἐσχηκότες,

409 3941 567 3994 τούτο
605 3942 662 3995 δὲ
717 3945 783 4013 τῇ
838 3944 978 3997 κατὰ
1033 3943 1196 4014 νόμον
1240 3945 1461 4018 λατρεία
1503 3946 1975 4016 προσνενευκότες.

420 4032 638 4105 Ἐπειδὴ
661 4033 770 4105 γὰρ
797 4036 1039 4105 μακροὺς
1059 4036 1489 4091 διατετελέκασιν
1520 4040 1577 4091 ἐν
1614 4040 1679 4109 τῇ
1702 4037 1980 4109 αίχμαλω-

414 4126 505 4194 σία
564 4126 807 4196 χρόνους,
863 4128 1005 4191 είκὸς
1037 4128 1101 4197 δή
1135 4146 1238 4182 που
1288 4128 1396 4182 τῶν
1425 4128 1744 4195 αὐθιγενῶν,
1785 4131 1847 4182 οὐ
1879 4147 1977 4200 με-

409 4214 566 4283 τρίαν
594 4215 774 4276 αὐτοῖς
797 4217 1263 4287 προπενεμῆσθαι
1286 4218 1510 4289 πληθύν.
1548 4218 1979 4289 Προστεθήσεται

412 4304 591 4357 τοίνυν
618 4306 647 4357 ὁ
691 4303 934 4375 γηὼρας,
986 4307 1170 4378 φησὶν,
1207 4309 1409 4371 αὐτοῖς,
1430 4307 1572 4361 τοῦτ’
1601 4307 1763 4371 ἔστιν,
1791 4308 1979 4377 ἕψεται

415 4398 511 4449 καὶ
561 4396 915 4468 ἀκολουθήσει
955 4400 1048 4452 καὶ
1075 4400 1102 4451 ὁ
1146 4398 1420 4470 αὐτόχθων
1452 4400 1653 4463 αὐτοῖς.
1704 4400 1978 4471 Λὴψονται

412 4489 469 4540 δὲ
507 4488 703 4551 αὐτοὺς
736 4489 885 4561 ἔθνη.
938 4491 1032 4544 καὶ
1086 4490 1390 4558 εἰσάεουσιν
1446 4492 1525 4555 είς
1568 4492 1658 4545 τὸν
1692 4492 1853 4546 τόπον
1882 4494 1979 4547 αὐ-

2084 3300 2284 3354 tatione
2326 3311 2382 3355 et
2418 3302 2789 3356 misericordia
2830 3304 3009 3358 diviua
3049 3321 3153 3361 non
3204 3308 3540 3365 destituetur.
3579 3311 3646 3364 Et

2084 3391 2348 3446 redituros
2383 3392 2512 3446 dicit
2567 3408 2660 3447 eos
2710 3394 2763 3448 in
2787 3395 3040 3464 patriam,
3076 3407 3129 3451 et
3160 3412 3263 3451 una
3294 3413 3642 3456 ascensurum

2079 3481 2361 3536 advenam.
2402 3484 2675 3537 Advenam
2742 3492 2922 3539 autem
2995 3496 3150 3541 vocat
3218 3489 3524 3557 indigenam
3588 3502 3645 3545 et

2080 3579 2459 3644 vernaculum,
2516 3582 2567 3635 id
2614 3590 2715 3646 est,
2772 3581 2974 3650 inquit,
3035 3581 3405 3654 Babylonium.
3442 3584 3645 3652 Quam-

2080 3670 2259 3738 plures
2333 3670 2477 3724 enim
2544 3671 2820 3742 Babylonii
2889 3674 3251 3741 sequebantur
3331 3674 3647 3741 lsraelitas.»

2080 3761 2273 3831 partim
2303 3774 2424 3815 cum
2449 3761 2579 3828 ipsis
2607 3761 2930 3831 cognatione
2957 3763 3252 3833 conjuncti,
3283 3766 3476 3834 partim
3514 3767 3647 3838 legis

2078 3851 2258 3905 studio
2296 3859 2350 3903 et
2393 3851 2556 3904 cultui
2590 3852 2809 3906 addicti.
2850 3851 2982 3907 Cum
3026 3854 3169 3907 enim
3218 3853 3374 3924 longo
3406 3865 3647 3926 tempore

2079 3942 2132 3995 in
2180 3941 2489 4012 captivitate
2532 3943 2984 4010 permansissent,
3015 3943 3308 3998 verisimile
3347 3954 3426 4000 est
3455 3957 3523 4000 ex
3553 3946 3645 4005 illa

2078 4042 2237 4101 gente
2266 4048 2370 4088 non
2394 4034 2722 4089 mediocrem
2756 4034 2863 4087 illis
2891 4035 3187 4088 accessisse
3221 4036 3641 4091 uudtitudinem.

2078 4122 2412 4193 Adjungetur
2459 4124 2666 4194 igitur,
2713 4124 2908 4193 inquit,
2958 4124 3162 4178 advena
3232 4116 3381 4193 ipsis,
3421 4127 3474 4181 id
3532 4136 3640 4192 est,

2079 4220 2333 4279 sequetur
2380 4220 2435 4265 et
2484 4211 2830 4267 comitabitur
2872 4212 3039 4281 ipsius
3086 4220 3244 4268 terra:
3299 4213 3547 4269 alumnus
3588 4225 3647 4269 et

2081 4303 2351 4373 indigena.
2412 4304 2691 4371 Accipient
2719 4313 2900 4359 autem
2945 4318 3039 4359 eos
3081 4316 3288 4374 gentes,
3314 4316 3368 4360 et
3396 4306 3642 4361 introdu-

2078 4403 2205 4447 cent
2232 4394 2283 4446 in
2324 4393 2498 4448 locum
2520 4409 2701 4447 suum.
2740 4392 2967 4460 Quando
3019 4395 3161 4449 enim
3192 4395 3366 4466 Cyrus
3396 4396 3645 4453 liberavit

2078 4484 2351 4548 lsraelem,
2399 4486 2677 4554 regionum
2732 4486 3065 4555 principibus
3093 4487 3367 4541 mandavit
3419 4498 3477 4541 ut
3516 4503 3641 4544 cum

411 4579 539 4632 τῶν.
575 4581 707 4633 Ὅτε
731 4582 838 4653 γαρ
876 4580 1056 4650 Κύρος
1104 4584 1274 4654 ἀνῆκε
1330 4581 1422 4636 τὸν
1453 4582 1687 4655 Ἰσραὴλ,
1719 4587 1830 4647 τοῖς
1868 4586 1974 4640 τῶν

2080 4591 2324 4630 securum
2350 4591 2415 4630 ac
2440 4577 2643 4631 salvum
2682 4576 3026 4631 deducerent.
3046 4576 3331 4632 Factitavit
3356 4579 3494 4633 idem
3523 4590 3644 4648 post

414 4672 603 4742 χωρῶν
636 4671 861 4742 ἄρχουσι
900 4671 1290 4743 παραπέμπειν
1318 4673 1603 4729 ἐκέλευσεν
1645 4675 1867 4746 ἄπληγά
1916 4692 1974 4727 τε

414 4765 507 4815 καὶ
563 4762 1028 4816 ἀνεπιϐούλευτον.
1071 4766 1324 4836 Πέπραχε
1362 4766 1418 4819 δὲ
1450 4768 1604 4821 τοῦτο
1645 4767 1740 4821 καὶ
1778 4767 1808 4819 ὁ
1859 4766 1974 4836 μετ’

412 4852 573 4905 αὐτὸν
624 4853 690 4905 τὰ
731 4854 839 4905 τῶν
898 4854 1192 4925 Ἀσσυρίων
1268 4857 1520 4929 σκῆπτρα
1573 4857 1973 4929 διαδεξάμενος*

414 4942 616 5015 Ξέρξης
643 4938 794 5006 οὗτος
826 4939 914 5015 ἦν.
946 4943 1161 5009 Ἔξεστι
1182 4946 1240 4998 δὲ
1270 4950 1381 5010 τοῖς
1440 4948 1710 5003 ἐθέλουσιν
1766 4948 1978 5018 ἐξακρι-

412 5034 542 5088 ϐοῦν
577 5035 647 5088 τὰ
673 5036 849 5089 τοιάδε
878 5040 1188 5107 περιτυχεῖν
1211 5040 1322 5102 τοῖς
1357 5040 1559 5111 Ἔσδρα
1593 5041 1839 5110 βιϐλίοις,
1883 5040 1975 5095 καὶ

411 5125 821 5196 ἁπλανεστάτην
855 5126 938 5194 ἐφ’
973 5127 1143 5181 ἅπασι
1164 5131 1273 5192 τοῖς
1309 5131 1611 5199 εἰρημένοις
1639 5130 1735 5200 τὴν
1778 5130 1976 5198 γνῶσιν

413 5214 572 5270 δλεῖν.
639 5211 943 5271 ’Δνέϐαινον
995 5219 1106 5290 γὰρ
1162 5220 1228 5273 ὲκ
1267 5219 1368 5289 τῆς
1407 5220 1705 5292 ’Δσσυρίων
1754 5223 1835 5284 εὶς
1878 5222 1977 5291 τὴν

425 5305 702 5371 Ἰουδαίαν,
730 5307 1003 5373 διέποντος
1055 5309 1157 5380 μὲν
1189 5309 1287 5381 τὴν
1353 5309 1629 5379 βασιλείαν
1677 5311 1977 5382 Ζοροϐάϐελ

413 5397 507 5450 τοῦ
538 5398 832 5470 Σαλαθιήλ,
872 5398 930 5464 ὃς
949 5395 1018 5469 ἦν
1064 5402 1128 5454 ἐκ
1157 5400 1328 5471 φυλῆς
1363 5399 1550 5468 Ἰούδα,
1592 5402 1890 5472 ἡγουμένου
1921 5402 1977 5455 δὲ

415 5488 509 5541 τοῦ
543 5488 689 5559 ἱεροῦ
718 5490 999 5561 τάγματος
1045 5492 1219 5563 Ἰησοῦ
1253 5492 1348 5546 τοῦ
1394 5492 1637 5547 Ἰωσεδὲκ
1666 5496 1759 5546 τοῦ
1790 5494 1978 5563 ἱερέως

414 5580 503 5632 τοῦ
542 5581 797 5650 μεγάλου.
832 5580 997 5652 Ἔθνη
1032 5582 1097 5655 δὴ
1126 5576 1223 5637 οὖν
1265 5583 1723 5656 παραπέμψουσιν
1759 5585 1976 5648 αὐτοὺς,

412 5673 569 5741 φησὶ,
623 5672 717 5726 καὶ
758 5671 1060 5737 είσὰξουσιν
1110 5676 1191 5738 είς
1227 5675 1329 5746 τὴν
1373 5676 1478 5744 γῆν
1535 5674 1732 5741 αὐτῶν,
1766 5675 1860 5729 καὶ
1888 5676 1980 5729 τὸν

414 5763 624 5818 ἄνωθεν
647 5765 829 5828 αὐτοῖς
862 5766 1229 5837 ἐκνεμηθέντα
1272 5765 1557 5833 καθέξουσι
1596 5765 1814 5838 κλῆρον.
1866 5767 1979 5821 Καὶ

412 5852 472 5907 τὸ
526 5853 603 5907 ἐτι
651 5855 1097 5929 παραδοξότερον,
1130 5858 1185 5910 οἴ
1220 5873 1349 5911 ποτε
1393 5856 1501 5913 τῶν
1547 5855 1777 5913 εἰδώλων
1822 5856 1982 5928 θερα-

2079 4667 2226 4720 illum
2272 4668 2318 4721 is
2352 4668 2439 4737 qui
2474 4677 2687 4735 sceptra
2721 4670 3062 4738 Assyriorum
3124 4672 3376 4746 suscepit,
3413 4670 3637 4727 Xerxes.

2079 4755 2311 4811 Possunt
2334 4767 2510 4813 autem
2541 4759 2631 4828 qui
2656 4761 2896 4819 exactius
2914 4762 3026 4814 haec
3054 4763 3414 4833 pervestigare
3439 4763 3639 4829 volunt,

2079 4846 2245 4901 libros
2285 4845 2468 4901 Esdrte
2498 4847 2698 4917 legere,
2727 4857 2782 4902 et
2808 4851 3048 4903 omnium
3074 4865 3194 4919 quae
3222 4857 3638 4906 commemoravi

2078 4936 2445 4992 certissimam
2493 4939 2855 5009 cognitionem
2908 4955 3221 5010 excerpere.
3271 4940 3643 4996 Ascenderunt.

2078 5028 2221 5080 enim
2268 5042 2334 5081 ex
2368 5030 2717 5099 Assyriorum
2769 5037 2909 5084 terra
2971 5032 3022 5085 in
3079 5029 3340 5094 Judaeum,
3380 5044 3641 5102 regnante

2076 5119 2245 5189 228
2281 5118 2608 5175 Zorobabele
2641 5122 2754 5176 lilio
2797 5119 3105 5178 Salathielis
3161 5138 3226 5177 ex
3284 5118 3428 5177 tribu
3478 5121 3636 5188 .luda,

2077 5212 2330 5280 praefecto
2390 5227 2514 5267 vero
2573 5213 2715 5269 sacri
2779 5214 2986 5270 ordinis
3035 5213 3184 5281 Iesu,
3241 5216 3348 5269 tilio
3393 5215 3638 5281 Josedec,

2078 5304 2331 5374 pontiﬁce
2366 5304 2620 5359 maximo.
2645 5304 2846 5360 Gentes
2881 5305 3065 5375 igitur,
3123 5305 3317 5374 inquit,
3372 5306 3641 5362 deducent

2077 5410 2194 5461 eos,
2226 5406 2279 5450 et
2305 5395 2655 5451 introducent
2688 5398 2741 5451 in
2786 5405 2986 5452 terram
3015 5398 3270 5467 ipsorum,
3343 5406 3398 5452 et
3437 5410 3639 5453 sortem

2080 5487 2209 5558 ipsis
2245 5501 2476 5555 superne
2509 5487 2854 5542 distributam
2880 5488 3200 5544 obtinebunt
3229 5507 3242 5543 ι
3279 5500 3333 5542 et
3384 5491 3525 5558 quod
3557 5501 3643 5543 est

2079 5584 2254 5639 adhuc
2288 5583 2356 5637 ab
2387 5582 2640 5653 opinione
2673 5583 2842 5652 magis
2892 5584 3147 5647 alienum,
3173 5585 3261 5653 qui
3306 5586 3433 5639 olim
3468 5586 3641 5640 culto-

2082 5691 2171 5731 res
2192 5675 2454 5730 idolorum
2481 5681 2659 5741 erant,
2687 5675 2778 5745 qui
2810 5676 2939 5731 deos
2964 5676 3162 5732 multos
3213 5686 3270 5734 et
3325 5678 3636 5735 innumera-

2081 5767 2217 5822 biles
2243 5766 2639 5837 nuncupabant,
2681 5766 2734 5821 in
2783 5774 2929 5821 terra
2962 5767 3054 5823 Dei
3087 5769 3140 5823 in
3177 5784 3364 5826 servos
3390 5780 3443 5824 et
3471 5770 3643 5824 nncil.

2082 5856 2162 5915 las
2195 5859 2727 5930 multiplicabuntur,
2755 5868 3020 5930 eruntque
3044 5861 3240 5933 captivi
3275 5860 3641 5943 quiceperunt
3718 5902 3721 5903 ν
