4148 6378
529 420 637 479 567

1511 414 1575 470 S,
1615 411 1895 467 CYRILLI
1933 408 2411 468 ALEXANDNNI
2454 408 2775 465 ARCHIEP.

3692 416 3798 473 563

524 554 639 595 eos.
672 535 773 604 Qui
805 538 950 592 enim
981 535 1251 605 captivum
1277 531 1619 589 abduxerunt
1648 532 1922 594 lsraeletn.
1950 530 2099 586 simul

2215 531 2433 593 πευταὶ,
2479 532 2527 583 oi
2573 530 2729 594 θεοὺς
2751 531 3182 601 ἐπιγραφόμενοι
3214 533 3438 597 πολλοὺς
3482 536 3579 588 καὶ
3611 535 3801 608 ἀναρια

520 631 742 689 adducti
768 645 890 685 cum
913 644 1000 693 eo,
1034 639 1090 682 et
1111 629 1482 691 adventantes,
1522 626 1717 696 inquit,
1753 627 1807 680 in
1838 624 2101 689 Jutheant,

522 724 658 794 legis
706 722 835 791 jngo
863 719 1130 775 cervicem
1171 726 1494 789 supponent,
1526 726 1582 771 et
1606 717 1750 771 velut
1789 715 2103 786 prteclaram

521 827 578 870 et
617 816 913 871 salutarem
966 810 1331 880 captivitatem
1387 808 1661 879 perpessi,
1714 807 1998 862 Dominum
2050 816 2106 862 et

523 906 691 961 Deum
725 901 1026 959 inscriheut
1067 910 1121 954 et
1148 901 1537 970 nuncupabant
1565 913 1717 962 eum,
1749 899 1839 969 qui
1862 898 2102 954 omnium

520 1007 604 1051 est
638 995 842 1065 opifex.
880 994 977 1050 Vel
1017 994 1162 1050 enim
1195 993 1336 1048 istuc
1384 994 1535 1057 dicit,
1570 993 1652 1047 vel
1682 992 1813 1047 illud
1859 990 2106 1046 fortassis

518 1092 634 1144 vult
664 1091 908 1154 innuere,
959 1087 1104 1157 quod
1131 1085 1223 1155 qui
1249 1086 1379 1140 olim
1407 1085 1635 1141 victoria
1673 1085 1827 1156 potiti
1870 1094 2020 1148 sunt,
2050 1093 2106 1139 et

520 1179 778 1235 lsraelem
830 1176 1017 1233 Juda’a
1072 1176 1452 1242 abduxerunt,
1487 1190 1691 1245 suoque
1752 1174 2104 1245 subiecerunt

2209 623 2454 695 θμήτους
2489 622 2956 694 πληθυνθήσονται
2998 624 3089 678 ἐπὶ
3120 624 3223 695 τῆς
3249 626 3354 697 γῆς
3383 624 3481 680 τοῦ
3527 626 3688 690 Θεοῦ,
3718 631 3804 692 είς

2206 714 2431 778 δούλους
2470 716 2566 769 καὶ
2615 714 2827 781 δούλας,
2888 716 3106 770 ἔσονται
3142 716 3318 771 δὲκαὶ
3350 718 3708 790 αἰχμάλωτοι,
3747 723 3798 773 oi

2207 806 2756 877 αἰχμαλωτεύσαντες
2802 807 3018 873 αὐτούς.
3058 810 3120 863 Oi
3153 809 3261 881 7&9
3320 810 3663 881 αἰχμάλωτον
3704 812 3799 868 λαι

2207 898 2393 962 ϐόντες
2444 900 2538 952 τὸν
2597 899 2844 971 Ἰσραὴλ,
2896 900 3455 972 συνανακομισθέντες
3501 902 3668 974 αὐτῷ,
3698 905 3797 959 καὶ

2206 990 2521 1059 ἀφιγμένοι,
2546 991 2732 1061 φησὶν,
2761 992 2841 1054 είς
2863 992 2963 1063 τήν
3018 991 3299 1059 Ἰουδαίαν,
3345 994 3457 1057 τοῖς
3487 994 3583 1047 τοῦ
3626 997 3793 1067 νόμου

2206 1079 2397 1147 ζυγοῖς
2436 1080 2770 1151 ὑποθήσουσι
2794 1080 2887 1136 τὸν
2944 1080 3168 1152 αὐχένα,
3203 1082 3296 1136 καὶ
3321 1077 3432 1137 οἷον
3483 1084 3654 1156 καλὴν
3699 1089 3795 1139 καὶ

2207 1170 2478 1241 σωτήριον
2540 1169 2929 1240 ὑπομείναντες
2976 1171 3075 1242 τὴν
3130 1173 3531 1243 αἰχμαλωσίαν,
3590 1176 3796 1249 Κύριον

2204 1259 2299 1313 καὶ
2320 1258 2451 1313 Θεὸν
2485 1259 2881 1332 έπιγρὰψονται
2938 1262 3029 1315 τὸν
3078 1263 3189 1317 τῶν
3238 1264 3377 1319 ὅλων
3424 1269 3792 1338 Δημιουργόν.

2206 1352 2276 1403 Ἥ
2324 1352 2436 1422 γὰρ
2462 1352 2643 1417 τοῦτο,
2671 1353 2855 1425 φησὶν,
2908 1354 3149 1424 ἢὲκεῖνό
3204 1375 3307 1410 που
3357 1359 3498 1429 τάχα
3545 1360 3794 1430 βούλεται

518 1275 676 1344 iugo,
736 1270 1094 1327 dominationi
1154 1268 1514 1337 subjicientur
1550 1279 1607 1325 et
1647 1268 2099 1338 captivabuntur:

519 1367 661 1436 Cyro
694 1364 948 1418 nimirum
989 1372 1045 1415 et
1074 1360 1255 1415 Persis
1282 1369 1338 1413 et
1375 1359 1547 1416 Medis
1568 1374 1666 1414 eos
1692 1360 1755 1413 ad
1786 1357 2100 1413 vastitatem

522 1455 913 1528 redigentibus.
951 1454 1048 1509 Die
1077 1453 1219 1507 enim
1274 1452 1386 1515 illa,
1412 1456 1514 1507 hoc
1551 1460 1658 1516 est,
1717 1450 1814 1505 illo
1865 1460 2099 1519 tempore

2202 1442 2416 1513 δηλοῦν,
2448 1446 2530 1499 ὃτι
2554 1446 2602 1497 οί
2626 1445 2795 1499 πάλαι
2823 1448 3191 1517 κρατήσαντες
3224 1451 3318 1502 καὶ
3357 1453 3795 1524 ἀποκομίσαντες

520 1546 854 1604 recreaberis
881 1560 948 1599 ex
971 1545 1157 1599 dolore
1194 1552 1251 1596 et
1283 1541 1561 1597 iracundia
1614 1551 1727 1605 tua,
1779 1541 1831 1595 id
1871 1552 1994 1607 est,
2035 1554 2099 1595 ex

2207 1537 2306 1607 μὲν
2354 1537 2442 1591 τὸν
2490 1537 2703 1610 Ἰσραὴλ
2751 1538 2847 1609 τῆς
2892 1538 3175 1605 Ἰουδαίας,
3237 1540 3533 1607 ὑποθέντες
3575 1544 3633 1597 δὲ
3680 1548 3794 1610 τοῖς

528 1640 606 1693 ira
666 1637 760 1691 tibi
825 1634 1205 1706 impendente,
1268 1647 1461 1704 nempe
1522 1633 1724 1697 divina,
1776 1631 2099 1702 ell‘ugiesque

2207 1630 2359 1693 ἰδίοις
2392 1630 2599 1698 ζυγοῖς,
2640 1630 3094 1702 κυριευθήσονται
3120 1636 3215 1687 καὶ
3246 1634 3791 1707 αίχμαλωτευθήσον-

520 1732 711 1785 duram
736 1728 1079 1791 servitutem,
1100 1735 1157 1783 et
1184 1724 1516 1782 recreaberis
1564 1739 1629 1778 ex
1670 1723 1965 1779 doloribus.
1998 1723 2099 1778 Sed

2205 1740 2319 1788 ται,
2366 1722 2572 1795 Κύρου,
2609 1723 2847 1794 δηλονότι
2886 1724 3112 1796 Περσῶν
3137 1743 3196 1779 τε
3232 1728 3327 1781 καὶ
3361 1729 3561 1800 Μήδων
3593 1731 3791 1795 αὐτοὺς

519 1824 747 1893 agedum
803 1837 1034 1889 rursus,
1091 1833 1353 1892 quantum
1404 1820 1525 1874 licet
1566 1834 1813 1875 crassam
1866 1819 2099 1874 historiae

2205 1815 2511 1887 ⁴ᾑρηκότων.
2566 1816 2655 1869 Ἑν
2694 1816 2803 1886 γάρ
2834 1819 2901 1889 τῇ
2951 1820 3139 1891 ἡμέρᾳ
3191 1821 3396 1892 ἐκείνῃ,
3452 1821 3601 1875 τοῦτ’
3652 1823 3787 1886 ἔστι,

519 1916 863 1985 superﬁciem
901 1913 968 1967 ad
1018 1912 1506 1967 considerationem
1558 1910 1897 1979 spiritualem
1929 1918 2099 1964 trans‘

2211 1909 2333 1963 κατ’
2354 1911 2531 1964 ἐκεῖνο
2552 1909 2766 1981 καιροῦ,
2795 1911 3034 1985 ἀνεθήσῃ
3064 1913 3161 1984 μὲν
3202 1916 3267 1968 ὲκ
3308 1914 3410 1985 τῆς
3463 1916 3654 1987 ὀδύνης
3692 1919 3790 1971 καλ.

522 2008 776 2070 ferentes,
809 2005 986 2061 simile
1014 2004 1268 2075 quiddam
1317 2004 1368 2057 in
1398 2003 1623 2068 Satana,
1669 2013 1721 2056 et
1758 2004 1811 2056 in
1843 2002 1926 2057 bis
1950 2002 2040 2071 qui
2072 2018 2099 2056 a

2205 1999 2302 2053 τοῦ
2331 1998 2503 2071 θυμοῦ
2533 2017 2626 2054 σου
2649 2016 2663 2030 ⁶
2703 2001 2846 2054 τοῦτ’
2880 2001 3024 2056 ἐστιν
3047 2006 3116 2058 ἐκ
3130 2005 3233 2075 τῆς
3278 2006 3447 2077 ὀργῆς
3483 2007 3582 2078 τῆς
3620 2010 3791 2080 ἐπηρ-

519 2100 736 2154 (ὶιιτὶειο
820 2097 1082 2166 redempti
1139 2105 1298 2161 sunt,
1350 2094 1553 2150 factum
1655 2095 2100 2165 contemplemur.

522 2190 690 2243 Erant
722 2188 989 2258 siquidem
1032 2186 1230 2256 captivi
1275 2186 1536 2240 idolorum
1571 2185 1795 2241 servitio
1854 2184 2018 2249 allixi,
2046 2195 2105 2240 et

517 2281 636 2348 ejus
691 2281 782 2351 qui
838 2294 1105 2334 summam
1170 2279 1457 2333 exercebat
1497 2276 1831 2348 tyrannidem
1879 2278 2103 2347 imperia

517 2384 873 2440 venerantes;
920 2372 1015 2428 sed
1059 2371 1315 2427 misertus
1356 2380 1439 2424 est
1472 2385 1569 2425 nos
1600 2379 1658 2424 ut
1693 2368 1889 2438 injuste
1936 2369 2103 2424 viola-

519 2481 603 2522 tos
644 2467 1013 2522 universitatis
1067 2463 1448 2534 0pifex,misit
1496 2464 1650 2518 nobis
1678 2478 1712 2517 e
1737 2463 1877 2517 cwlo
1895 2463 2103 2517 redem-

520 2572 754 2629 ptorem,
797 2558 1071 2629 proprium
1106 2555 1301 2611 Filium
1328 2558 1381 2609 in
1406 2555 1624 2609 nomine
1650 2553 1882 2618 Domini,
1916 2555 1968 2608 id
1995 2564 2100 2618 cst,

519 2668 628 2705 non
675 2660 733 2703 nt
772 2664 803 2704 e
852 2650 1059 2703 sanctis
1108 2646 1401 2717 prophetis
1430 2643 1761 2714 quempiam,
1799 2644 1893 2699 sed
1922 2644 1975 2698 in
2008 2646 2103 2698 do-

520 2743 841 2798 minationis
891 2740 1080 2810 gloria,
1139 2738 1230 2808 qui
1285 2737 1571 2792 demolitus
1600 2746 1685 2792 est
1739 2736 2098 2792 idololatriam

518 2836 663 2890 velut
694 2833 968 2888 civitatem
994 2832 1304 2901 quampiam
1329 2830 1615 2900 superbam
1642 2838 1699 2887 et
1743 2829 2089 2895 insolentem,

525 2944 684 2999 opem
714 2942 866 2980 suam
888 2924 1304 2980 conferentibus
1331 2923 1686 2980 bellatoribus
1713 2926 1941 2980 annalis
1963 2926 2098 2992 suis,

520 3022 573 3074 id
621 3029 722 3084 est,
779 3018 982 3074 sanctis
1036 3017 1293 3085 apostolis
1326 3054 1344 3081 ,
1379 3015 1470 3084 qui
1532 3025 1643 3070 tota
1694 3016 2099 3085 quodammodo

522 3112 737 3182 regione
758 3109 953 3165 diaboli
990 3110 1193 3171 excisa.
1224 3122 1408 3163 secum
1443 3108 1495 3161 in
1524 3119 1769 3162 sanctam
1797 3106 2095 3170 civitatem,

517 3202 819 3258 Jerusalem
874 3200 1244 3272 intelligentiae
1282 3199 1605 3268 subiectam,
1664 3198 1962 3255 Ecclesiam
2008 3199 2094 3253 in-

2205 2089 2447 2161 τημένης
2474 2107 2578 2158 σοι,
2621 2091 2770 2155 Θείας
2803 2091 3079 2163 δηλονότι·
3109 2093 3368 2166 διαφεύξῃ
3410 2095 3517 2168 γὰρ
3552 2097 3652 2167 τὴν
3700 2116 3790 2151 m-

2202 2183 2345 2253 κρὰν
2371 2182 2636 2247 δουλείαν,
2665 2184 2757 2238 καὶ
2793 2185 3038 2258 ἁνεθήσῃ
3063 2185 3173 2240 τῶν
3210 2188 3407 2243 πόνων.
3477 2190 3635 2244 Ἀλλά
3659 2193 3791 2265 φέρε

2204 2272 2269 2344 δὴ
2304 2273 2488 2337 πάλιν,
2542 2273 3015 2343 μεταπλὰττοντες
3066 2276 3143 2341 ὼς
3190 2277 3267 2332 ἔνι
3294 2279 3396 2349 τῆς
3434 2281 3675 2354 ίστορίας
3725 2285 3791 2336 τὸ

2207 2367 2399 2436 πάχος,
2424 2369 2502 2430 εἰς
2536 2367 2770 2439 θεωρίαν
2798 2370 3178 2441 πνευματικὴν
3214 2371 3455 2425 τοιοῦτόν
3490 2390 3543 2426 τι
3569 2375 3788 2443 γεγονὸς

2206 2462 2641 2532 καταθρήσομεν.
2689 2457 2869 2515 Ἦσαν
2903 2463 3002 2533 μὲν
3023 2463 3134 2535 γὰρ
3165 2466 3501 2535 αίχμὰλωτοι
3531 2470 3652 2531 ταῖς
3681 2470 3789 2521 τῶν

2202 2553 2437 2607 είδώλων
2492 2555 2771 2626 λατρείαις
2810 2556 3221 2627 προσκείμενοι,
3266 2560 3360 2612 καί⁵
3387 2560 3455 2614 τὰ
3496 2562 3660 2615 αὑτοῦ
3694 2562 3789 2615 τοῦ

2204 2648 2697 2719 πλεονεκτήσαντος
2746 2649 2995 2713 σέϐοντες
3026 2652 3228 2722 κράτη.
3275 2651 3414 2705 ’.ἀλλ’
3444 2653 3675 2725 ἠλέησεν
3715 2657 3788 2719 ὡς

2203 2736 2564 2807 ἠδικημένους
2593 2739 2621 2791 ό
2649 2739 2866 2792 πάντων
2906 2742 3269 2813 Δημιουργὸς,
3321 2743 3612 2815 πέπομφεν
3659 2748 3791 2817 ἡμῖν

2201 2828 2260 2896 ἐξ
2284 2828 2516 2899 οὐρανοῦ
2537 2829 2816 2902 λυτρωτὴν
2846 2832 2937 2884 τὸν
2984 2832 3116 2886 ἴδιον
3151 2833 3299 2898 Υίδν,
3340 2838 3397 2888 ὲν
3422 2837 3643 2909 ὀνόματι
3677 2840 3789 2893 Κυ-

2205 2921 2342 2991 ρίου,
2375 2921 2519 2975 τοῠτ’
2553 2923 2722 2987 ἐστιν,
2749 2924 2845 2995 οὐχ
2874 2927 2951 2988 ὼς
2976 2926 3071 2980 ἕνα
3103 2926 3213 2981 τῶν
3247 2928 3417 2997 ἁγίων
3471 2931 3788 3003 προφητῶν,

2199 3012 2314 3065 ἀλλ’
2373 3015 2431 3066 ὲν
2481 3015 2801 3087 κυριότητος
2819 3015 2982 3087 δόξῃο
3037 3018 3097 3082 ὃς
3152 3020 3245 3073 καὶ
3299 3020 3648 3092 πεπόρθηκεν
3701 3020 3792 3078 οἷά

2205 3120 2327 3158 τινα
2359 3106 2512 3159 πόλιν
2534 3106 2770 3170 ἀλαζόνα
2806 3109 2901 3162 καὶ⁵
2940 3108 3310 3181 ὑϐρίστρειαν,
3354 3114 3791 3180 συνασπιζόντων

2202 3196 2353 3268 αὐτῷ
2391 3197 2501 3250 τῶν
2529 3198 2854 3269 ὁπλομάχων
2897 3199 3084 3268 αὑτοῦ,
3114 3201 3256 3255 τοῦτ’
3289 3204 3425 3269 ἐστι,
3476 3205 3585 3259 τῶν
3620 3207 3791 3275 ἁγίων

518 3311 704 3365 quam,
747 3296 1017 3349 duxerunt
1062 3308 1156 3349 eos
1188 3294 1277 3363 qui
1310 3294 1518 3362 decepti
1550 3303 1697 3358 sunt,
1743 3300 1798 3349 et
1824 3293 1958 3364 jugo
1984 3307 2099 3347 ser-

2207 3290 2521 3344 ἀποστόλων
2548 3309 2558 3319 ·
2623 3293 2672 3345 οἳ
2701 3293 2880 3347 πᾶσαν
2907 3292 3097 3365 ὥσπερ
3124 3294 3219 3349 τοῦ
3261 3296 3507 3351 διαϐόλου
3541 3300 3641 3369 τὴν
3686 3300 3792 3370 χὼ-

518 3386 709 3441 vitutis
741 3386 1010 3455 oppressi.
1050 3386 1151 3451 Qui
1196 3384 1362 3439 etiam
1414 3384 1468 3438 in
1513 3394 1656 3439 terra
1708 3383 1800 3439 Dei
1842 3383 2104 3454 multipli-

519 3481 625 3533 cati
656 3495 802 3544 sunt,
837 3488 892 3534 ct
926 3479 979 3533 in
1023 3493 1212 3534 servos
1254 3494 1318 3533 ac
1347 3493 1533 3534 servas
1563 3487 1874 3533 evaserunt.
1907 3477 1973 3532 Et
2003 3477 2097 3547 qui

518 3582 642 3626 ante
671 3571 723 3624 in
760 3570 966 3625 ditione
1000 3584 1064 3623 ac
1104 3584 1265 3624 manu
1301 3582 1396 3623 sua
1429 3570 1698 3624 habebant
1738 3567 2002 3639 captivos,
2048 3566 2100 3620 id

517 3673 624 3729 est,
680 3663 1068 3718 daemoniorum
1120 3661 1377 3725 cultores,
1414 3672 1470 3715 et
1497 3661 1587 3730 qui
1614 3676 1802 3715 eorum
1840 3660 1975 3715 ritus
2003 3660 2097 3713 do-

518 3758 734 3823 cebant,
795 3768 861 3811 ac
920 3755 988 3809 ad
1042 3754 1320 3808 interitum
1368 3754 1725 3817 irreliebaut,
1778 3752 1829 3806 bi
1901 3750 2101 3820 captivi

520 3851 652 3905 lacti
690 3857 838 3914 sunt,
897 3848 947 3901 id
983 3856 1088 3911 cst,
1151 3844 1283 3900 victi
1343 3854 1470 3900 sunt
1520 3844 1902 3915 praedicatione
1939 3842 2104 3914 229

520 3952 829 3995 sanctorum
882 3936 1274 4007 apostolorum,
1314 3945 1369 3990 et
1416 3936 1519 3989 sub
1570 3934 1787 3990 Christo
1828 3947 2053 4005 egerunt
2087 3954 2099 3989 :

520 4027 821 4083 dominatui
845 4040 1080 4095 namque
1102 4040 1201 4080 suo
1227 4040 1322 4081 eos
1351 4025 1609 4088 subdidit,
1644 4026 1802 4080 iidem
1844 4026 2097 4081 nimirum

519 4122 876 4191 amplexatos.
918 4116 1364 4187 Conquieveruut
1419 4117 1563 4172 enim
1593 4132 1621 4170 a
1654 4119 1937 4181 servitute,
1992 4132 2097 4187 qua

522 4214 672 4286 prius
698 4210 1029 4275 servierunt,
1054 4218 1343 4279 antequam
1400 4208 1629 4263 Domino
1676 4207 1902 4279 ejusque
1955 4209 2098 4263 mili-

521 4303 665 4358 tibus
688 4301 1070 4356 subderentur.

2208 3397 2308 3450 9av
2343 3381 2795 3452 καταδηώσαντες
2840 3386 3271 3457 συνανεκόμισαν
3319 3389 3553 3454 ἑαυτοῖς,
3583 3390 3662 3454 ὡς
3710 3393 3791 3449 είς

2200 3473 2363 3542 ἁγίαν
2397 3472 2551 3526 πόλιν
2580 3475 2680 3542 τὴν
2731 3477 2926 3547 νοητὴν
2988 3478 3364 3550 Ἰερουσαλὴμ,
3398 3483 3540 3552 φημὶ
3580 3483 3645 3553 δὴ
3689 3484 3790 3551 τὴν

2212 3568 2555 3637 Ἐκκλησίαν,
2606 3571 2733 3632 τοὺς
2761 3571 3151 3640 ἠπατημένους
3196 3574 3287 3626 καὶ
3331 3574 3480 3646 ζυγῷ
3540 3575 3787 3638 δουλείας

2197 3658 2633 3728 ὲνησχημένους,
2677 3658 2726 3711 οἲ
2763 3657 2859 3711 καὶ
2889 3658 3305 3729 ὲπληθύνθησαν
3353 3664 3412 3715 ὲν
3455 3664 3521 3734 τῇ
3578 3665 3649 3735 γῇ
3692 3662 3790 3717 τοῦ

2202 3748 2361 3813 Θεοῦ,
2395 3748 2652 3818 γεγόνασί
2676 3766 2735 3802 τε
2766 3750 2845 3813 είς
2870 3749 3091 3815 δούλους
3116 3757 3210 3805 καὶ
3236 3753 3449 3818 δούλας.
3491 3756 3553 3809 Ol
3582 3756 3637 3809 δὲ
3658 3758 3790 3828 πρὶν

2206 3842 2310 3896 ὑπὸ
2336 3845 2494 3914 χεῖρα
2532 3844 2626 3896 καὶ
2674 3842 3051 3913 αἰχμαλώτους
3086 3844 3321 3916 ἔχοντες,
3372 3847 3518 3901 τοῦτ’
3559 3847 3708 3903 ἔστιν
3735 3854 3786 3904 οί

2203 3932 2313 3985 τῶν
2342 3933 2635 4005 δαιμονίων
2664 3933 3021 4005 θεραπευταὶ,
3048 3937 3143 3989 καὶ
3170 3937 3240 3990 τὰ
3267 3939 3490 3991 ἐκείνων
3507 3938 3789 3994 διδάσκον-

2202 4040 2297 4088 τες
2347 4024 2482 4096 έθη,,
2512 4027 2602 4078 καὶ
2661 4027 3051 4096 σαγηνεύοντες
3111 4029 3192 4092 είς
3240 4029 3536 4096 ἀπώλειαν,
3589 4034 3790 4103 αἰχμά-

2205 4114 2366 4168 λωτοι
2409 4117 2686 4185 γεγόνασι,
2720 4116 2865 4171 τοῦτ’
2919 4119 3059 4185 ἐστι,
3094 4121 3401 4192 νενίκηνται
3450 4125 3565 4187 τοῖς
3618 4126 3789 4195 κηρύο

2204 4224 2378 4278 γμασι
2402 4210 2511 4262 τῶν
2541 4211 2710 4277 ἁγίων
2740 4212 3088 4278 ἀποστόλων,
3126 4215 3221 4267 καὶ
3274 4216 3380 4268 ὑπὸ
3422 4216 3645 4289 Χριστῷ
3692 4235 3788 4271 πε-

2204 4301 2490 4371 πράχασι·
2540 4303 2930 4371 κατεκυρίευσε
2978 4303 3087 4375 γὰρ
3122 4304 3300 4359 αὐτῶν
3350 4308 3788 4380 προσηκαμένων

516 4395 761 4468 δηλονότι
807 4395 905 4465 τὴν
943 4395 1147 4450 πίστιν.
1192 4395 1593 4449 Ἀνεπαύσαντο
1641 4395 1750 4467 γὰρ
1798 4396 1892 4451 καὶ
1936 4397 2002 4449 ὲκ
2036 4396 2135 4467 τῆς
2206 4395 2449 4460 δουλείας
2484 4396 2585 4467 τῆς
2643 4398 2905 4470 σκληρᾶς,
2932 4395 3000 4471 ἦς
3032 4400 3134 4472 ἤδη
3171 4402 3477 4471 φθάσαντες
3514 4403 3787 4458 δεδουλεύ⁴

520 4509 670 4559 κασι,
692 4493 821 4564 πρὶν
852 4491 956 4544 ὑπὸ
997 4492 1187 4564 Κυρίῳ
1211 4491 1488 4561 γενέσθαι,
1516 4492 1613 4546 καὶ
1641 4495 1755 4556 τοῖς
1814 4493 2146 4563 ὁπλομάχοις
2185 4492 2371 4545 αὑτοῦ.

593 4585 758 4641 Vsus.
778 4584 894 4639 4-7.
925 4587 995 4638 Et
1015 4586 1176 4638 uteris
1207 4587 1303 4637 hoc
1338 4583 1484 4637 luctu
1513 4584 1567 4637 in
1590 4600 1757 4652 regem
1782 4584 2093 4654 Babylonis,

2270 4586 2381 4639 Kal
2404 4586 2578 4653 λήψῃ
2604 4587 2710 4640 τὸν
2737 4586 2965 4657 θρῆνον
2992 4591 3207 4645 τοῦτον
3236 4593 3336 4645 ἐπὶ
3376 4594 3484 4647 τὸν
3518 4595 3784 4659 βασιλέα

519 4690 567 4736 et
594 4675 993 4733 dicesillarlie:
1026 4674 1299 4741 Quomodo
1334 4677 1547 4729 cessavit
1577 4688 1810 4741 exactor,
1827 4688 1873 4729 et
1888 4678 2101 4730 cessavit

518 4766 871 4825 sollicitatur?
896 4766 1153 4820 Contrivit
1184 4764 1523 4834 Deutjugum
1557 4775 1912 4834 peccatorum,
1936 4775 1985 4819 et
2005 4766 2100 4835 ju-

520 4877 644 4931 gum
677 4858 997 4929 principum,
1037 4857 1333 4926 percutiens
1369 4868 1573 4926 gentem
1617 4856 1915 4919 iracundia,
1944 4856 2100 4927 plaga

518 4952 826 5013 insanabili,
849 4951 1123 5005 verberam
1144 4960 1344 5019 gentem
1383 4952 1541 5021 plaga
1574 4950 1691 5017 ire,
1730 4966 1849 5020 qua:
1877 4966 1980 5004 non
2007 4967 2097 5019 pe-

518 5046 705 5111 percit,
748 5042 996 5114 requtevt't
1020 5040 1313 5111 conlidens.

593 5216 823 5273 Tantam
851 5220 1201 5272 acerbitatem
1226 5217 1462 5272 futuram
1492 5218 1568 5272 ait
1606 5217 1919 5274 bellicarum
1953 5220 2094 5275 cala-

521 5310 773 5364 mitatum
828 5310 1135 5381 Babyloniis
1192 5309 1403 5381 ipsique
1438 5309 1991 5375 Nabuchodonosoro,
2039 5321 2097 5366 ut

522 5402 685 5457 etiam
754 5402 939 5458 hostes
977 5404 1044 5458 ad
1106 5403 1530 5458 misericordiam
1609 5417 2093 5461 commoveantur:

523 5503 580 5548 et
603 5509 736 5562 quos
760 5509 856 5564 par
885 5506 1004 5549 erat
1030 5510 1133 5550 non
1172 5494 1391 5552 l'ereuda
1426 5511 1713 5567 perpessos
1741 5506 1949 5552 tantum
1989 5513 2095 5554 non

523 5584 788 5640 insultare
834 5584 1065 5656 iacenti,
1105 5588 1181 5640 illi
1238 5601 1270 5642 e
1322 5602 1585 5644 converso
1631 5588 1796 5644 etiam
1843 5589 2097 5659 deinceps

522 5674 870 5741 condoleant,
920 5688 974 5732 et
1008 5675 1354 5733 multitudine
1387 5692 1571 5734 eorum
1620 5694 1740 5748 qua:
1809 5680 1875 5735 iis
1907 5695 2100 5736 evene-

523 5775 671 5834 runt,
707 5769 774 5822 ad
799 5768 1324 5824 commiserationem
1383 5770 1711 5826 descendant
1763 5789 1778 5825 :
1822 5771 1907 5826 vel
1934 5773 2097 5827 etiam

528 5867 585 5914 ut
621 5858 730 5915 alio
763 5860 926 5919 modo
975 5857 1254 5930 deplorent
1294 5872 1407 5930 eos,
1438 5861 1526 5934 qui
1558 5861 1949 5933 occubuerunt,
1992 5880 2096 5922 non

2202 4674 2583 4743 Βαϐυλῶνος,
2625 4678 2723 4731 καί
2764 4678 2919 4746 ἐρεῖς
2955 4681 3024 4734 £7-
3052 4681 3125 4748 τῇ
3150 4682 3341 4751 ἡμέρᾳ
3376 4684 3577 4756 ἐκείνῃ
3603 4703 3617 4717 ·
3650 4687 3784 4753 Πῶς

2198 4770 2614 4825 ἀναπέπαυται
2643 4776 2675 4826 ό
2702 4774 2990 4838 ἀπαιτῶν,
3023 4778 3121 4829 καί
3162 4779 3573 4833 ἀναπέπαυται
3604 4784 3637 4835 ό
3660 4782 3783 4834 ἐπι-

2198 4860 2624 4929 σπουδαστής;
2668 4866 3039 4936 Συνέτριψεν
3084 4872 3116 4922 ὀ
3160 4871 3303 4936 Θεὸς
3330 4870 3435 4924 τὸν
3462 4872 3637 4943 ζὶνγὸν
3663 4873 3783 4927 τῶν

2195 4955 2581 5023 ἁμαρτωλῶν,
2623 4958 2729 5011 τὸν
2770 4958 2947 5029 ζυγὸν
2990 4959 3108 5015 τῶν
3139 4962 3481 5030 ἀρχόντων
3512 4966 3782 5034 πατάξας

2202 5044 2377 5111 ἔθνος
2409 5045 2592 5115 θυμῷ,
2620 5049 2825 5120 πληγῇ
2871 5050 3112 5117 ἀνιάτῳ,
3145 5055 3337 5107 παίων
3372 5055 3547 5122 ἔθνος
3578 5058 3781 5128 πληγῇ

2203 5137 2413 5206 θυμοῦ,
2440 5139 2538 5193 καί
2570 5142 2681 5194 οὐκ
2705 5142 3009 5209 ἐφείσατο,
3052 5144 3436 5201 ἀνεπαύσατο
3465 5150 3780 5216 πεποιθώς.

2274 5230 2368 5293 Είς
2412 5230 2570 5285 τοῦτο
2614 5234 2977 5307 σκληρότητος
3012 5239 3127 5301 τοῖς
3153 5238 3513 5305 Βαϐυλωνίοις
3542 5241 3782 5297 διελάσαι

2203 5324 2335 5394 φησὶ
2359 5324 2457 5387 τὰς
2481 5327 2544 5378 ὲκ
2569 5325 2662 5379 τοῦ
2691 5326 2929 5397 πολέμου
2972 5328 3277 5400 συμφορὰς,
3310 5332 3403 5385 καὶ
3430 5332 3577 5404 αύτῷ
3618 5334 3674 5386 δὲ
3706 5334 3784 5403 τῷ

2200 5412 2699 5487 Ναϐουχοδονόσορ,
2745 5416 2821 5479 ὡς
2862 5421 3331 5493 κατοικτείρεσθαι
3382 5423 3511 5494 παρ’
3548 5424 3777 5495 ἐχθρῶν,

2201 5506 2293 5559 καὶ
2323 5504 2416 5570 οὓς
2442 5502 2509 5578 ἦν
2541 5510 2685 5572 είκὸς
2706 5511 2765 5563 ού
2790 5510 2998 5581 φορητᾶ
3023 5514 3359 5579 πεπονθότας
3383 5519 3662 5588 μονονουχὶ
3686 5519 3780 5572 καὶ

2192 5596 2536 5667 ὲ-πορχεῖσθαι
2589 5600 2844 5673 κειμένῳ.
2894 5602 3117 5667 τούτους
3164 5606 3227 5658 ἐκ
3275 5608 3633 5679 περιτροπῆς,
3684 5609 3779 5661 καὶ

2195 5685 2503 5757 ὲπαλγῆσαι
2534 5687 2739 5752 λοιπὸν,
2773 5691 2866 5743 καὶ
2888 5691 2965 5763 τῷ
2992 5692 3183 5764 πλήθει
3213 5692 3322 5747 τῶν
3350 5695 3777 5768 συμϐεϐηκότων

2195 5775 2376 5840 αὐτοῖς
2407 5777 2485 5840 είς
2515 5774 2693 5831 οἶκτον
2720 5780 2914 5843 ἐλθεῖν,
2946 5784 3113 5854 ἤγουν
3144 5787 3237 5838 καὶ
3262 5785 3463 5856 ἑτέρως
3503 5784 3774 5858 θρηνῆσαι

2198 5870 2487 5936 πεσόντας,
2522 5871 2615 5924 καὶ
2653 5872 2772 5942 οὐχὶ
2814 5873 2879 5944 δὴ
2935 5876 3152 5941 πάντως
3185 5878 3649 5950 ὲποικτείροντας,
3684 5881 3774 5949 ἑφ-
