4148 6378
372 387 481 446 $69

1508 390 1576 447 IN
1616 389 1850 447 ISAIAM
1888 390 2017 447 LIB.
2057 391 2122 449 Il.
2164 393 2403 451 τωιυε
2442 392 2509 449 Π.

3544 394 3650 451 370

376 510 674 583 ηδομένους
698 510 755 564 δὲ
788 508 1008 581 μᾶλλον,
1038 511 1133 566 καὶ
1156 514 1268 576 τοῖς
1297 511 1636 584 παρ”έλπίδα
1667 516 1968 585 κατειλημ-

2090 515 2247 571 mlum
2289 515 2744 579 commiserando,
2766 515 3137 573 sed'lartanrlo
3157 517 3358 586 potius.
3388 525 3444 572 et
3475 517 3652 571 homi-

379 605 561 676 μένοις
592 603 1374 674 ἑπιτοῆάξονταςεεξυφαίνει
1407 605 1465 659 δὲ
1502 606 1596 661 καὶ
1634 608 1727 661 τὸν
1771 607 1970 680 θρῆνον

378 696 563 759 αὐτοῖς
601 692 758 765 ᾆσμά
802 711 862 748 τε
902 695 1117 750 δίδωσιν
1163 696 1340 761 ἐοικὸς
1383 698 1497 761 τοῖς
1544 696 1968 769 συμϐεϐηκόσιν.

393 788 567 858 Ἐρεῖς
596 788 731 859 γὰρ,
762 788 920 858 φησὶ,
952 788 1077 852 Πῶς
1119 788 1506 842 ἀναπέπαυται
1536 790 1566 842 6
1588 788 1870 854 ἀπαιτῶν;
1898 788 1973 843 Τὸ

378 877 765 932 ἀναπέπαυται
814 894 980 949 φησιν
1026 880 1312 950 εὐφήμως,
1347 879 1467 933 ἀντὶ
1503 878 1621 942 τοῦ,
1652 878 1873 934 διόλωλέ
1911 896 1989 932 τε·

381 968 476 1021 καὶ
510 968 686 1040 πέρας
728 968 1241 1039 έχει.’Δπαιτοῦντα
1289 970 1347 1024 δὲ
1392 970 1485 1025 καὶ
1531 968 1972 1042 ἐπισπουδαστὴν

380 1061 638 1130 ὀνομάζει
663 1060 756 1114 τὸν
796 1060 1160 1124 Βαϐυλώνιον,
1195 1062 1254 1126 ὃς
1283 1062 1348 1116 ἐκ
1388 1062 1589 1133 πολλῆς
1625 1064 1767 1131 ἀγαν
1804 1063 1975 1135 ὑπερ-

383 1153 564 1221 οψίας,
606 1154 729 1224 οὐχὶ
771 1156 884 1218 τοῖς
913 1153 1132 1226 ὁμόροις
1166 1155 1408 1209 ἐπετίθει
1441 1156 1623 1227 μόνοις
1652 1156 1750 1227 τῆς
1777 1155 1973 1210 ἑαυτοῦ

382 1242 699 1307 πλεονεξίας
728 1244 815 1297 τὸν
844 1246 1028 1312 ζυγὸν.
1052 1243 1187 1299 ἀλλά
1219 1244 1328 1318 γὰρ
1352 1247 1411 1300 ὲν
1436 1248 1559 1311 ταῖς
1587 1246 1728 1315 ἄγαν
1753 1247 1975 1318 ἀπῳκι-

386 1337 612 1406 σμέναις
657 1336 842 1389 πόλεσί
875 1355 933 1390 τε
970 1338 1064 1390 καὶ
1096 1336 1299 1407 χώραις
1346 1339 1473 1402 τοὺς
1505 1338 1834 1408 φορολόγους
1881 1338 1975 1391 ὲκ-

387 1429 623 1501 πέμπων
649 1430 890 1500 δασμοὺς
920 1430 1118 1500 ἀπῄτει
1152 1430 1246 1483 καὶ
1291 1430 1440 1502 τέλη.
1475 1429 1826 1501 Θαυμάζουσι
1864 1431 1975 1483 τοί-

385 1539 484 1575 νυν
514 1520 632 1584 πῶς
669 1522 699 1573 ὀ
750 1520 958 1574 τοιόσδε
996 1518 1292 1588 πέπαυται,
1326 1521 1422 1575 καὶ
1451 1524 1484 1592 ὴ
1513 1521 1692 1576 πάντα
1721 1520 1976 1574 πλεονεκ-

384 1613 554 1668 τοῦσα
576 1613 841 1684 κατέληξε
862 1614 1133 1685 χείρ.Ὀτι
1156 1613 1212 1667 δὲ
1234 1614 1334 1667 ούκ
1358 1614 1659 1687 ἠγνοήκασι
1677 1613 1770 1668 τοῦ
1789 1616 1976 1667 πεσεῖν

387 1707 550 1761 αὐτὸν
595 1705 695 1769 τάς
724 1704 905 1769 αἰτίας
954 1704 1405 1770 καταδεικνῦντες
1456 1705 1616 1775 φασί’
1652 1704 1978 1777 Συνέτριψεν

388 1800 419 1851 ὀ
461 1797 593 1861 Θεὸς
634 1796 727 1851 τὸν
770 1794 934 1864 ζυγὸν
978 1796 1089 1850 τῶν
1124 1796 1485 1868 ἁμαρτωλῶν,
1518 1797 1608 1851 τὸν
1654 1796 1817 1865 ζυγὸν
1868 1796 1979 1849 τῶν

391 1890 684 1962 ἀρχόντων.
702 1888 945 1955 Ἀκούεις
975 1890 1125 1953 ὅπως
1145 1891 1411 1961 ἄρχοντας
1442 1889 1698 1961 ὀνομάζει
1723 1888 1978 1960 φρόνημα
2013 1867 2052 1922 Β

391 1981 452 2033 τὸ
479 1981 762 2052 ἀγέρωχον
789 1980 1090 2052 περιτιθεὶς
1128 1982 1345 2047 αὐτοῖςς
1390 1981 1709 2053 Ἐπεπήδων
1741 1981 1871 2052 γὰρ,
1903 1981 1978 2044 ὡς

393 2072 549 2142 ῑφην,
580 2073 806 2137 ἀπασιν,
838 2072 914 2136 ὡς
961 2071 1091 2136 ἔπος
1139 2074 1339 2139 εἰπεῖν,
1367 2074 1479 2135 τοῖς
1516 2074 1618 2126 ἀνά
1659 2074 1841 2126 πᾶσαν
1882 2071 1980 2142 τὴν

393 2167 517 2235 γῆν,
557 2168 667 2230 τοίς
713 2166 864 2230 ἰδίοις
901 2166 1103 2230 αὐτοὺς
1141 2164 1507 2238 ὑποφέροντες
1545 2165 1982 2235 ζυγοῖς.”Δρχειν

392 2259 447 2312 δὲ
473 2255 542 2331 ἧν
565 2258 677 2313 ἔσθ’
701 2259 791 2313 ὅτε
815 2257 955 2330 ὁμοῦ
982 2258 1077 2311 καὶ
1104 2258 1306 2322 σκοπὸς
1334 2258 1536 2321 αὐτοῖς.
1555 2257 1693 2311 Ἀλλ’
1719 2256 1980 2321 ἐπάταξε,

398 2352 581 2422 φησὶν,
606 2353 635 2405 ὀ
662 2350 796 2414 Θεὸς
824 2351 885 2404 τὸ
918 2350 1204 2420 ύπέροφρυ
1236 2349 1410 2418 γένος,
1439 2350 1608 2420 ἤγουν
1633 2349 1784 2412 έθνος
1808 2349 1982 2403 πατάο

396 2439 490 2504 ξας
534 2441 715 2511 πληγῇ
766 2440 1068 2511 ἀνιάτῳ.⁹0
1098 2438 1155 2491 δὲ
1195 2439 1471 2502 πεποιθὼς
1514 2439 1602 2508 ἐφ’
1626 2438 1804 2509 ἑαυτῷ
1839 2439 1985 2509 μέγα

397 2533 490 2587 καὶ
536 2532 920 2605 πεφρονηκὼς.
956 2533 1048 2586 καὶ
1098 2532 1196 2603 οὐχ
1246 2531 1389 2586 ἑκὼν
1437 2531 1803 2595 ἀνεπαύσατο,
1837 2530 1982 2584 τοῦτ’

399 2624 565 2687 εστιν,
594 2624 800 2696 οἴχεται
844 2624 980 2694 πρὸς
1026 2623 1199 2694 πέρας
1234 2624 1294 2677 τὸ
1328 2621 1478 2693 αύτῷ
1510 2622 1983 2694 πρεπωδέστατον,

399 2716 613 2788 πληγὴν
658 2716 959 2787 ὑπομείνας
1011 2716 1229 2771 ἀνίατον
1275 2716 1470 2786 θυμοῦ,
1503 2714 1719 2784 φειδοῦς
1767 2715 1986 2785 ἀπάσης

399 2806 947 2879 ἑξῃρημένης.⁹Αλλά
994 2808 1153 2861 ταυτὶ
1198 2807 1263 2877 δὴ
1319 2808 1484 2875 φάναι
1529 2807 1732 2878 πρέποι
1785 2807 1852 2859 ἂν
1896 2807 1987 2861 καὶ

404 2901 549 2970 ἡμᾶς
590 2899 810 2965 αὐτοὺς,
841 2900 935 2954 καὶ
974 2894 1087 2953 οἷον
1124 2897 1485 2962 έπαλαλάζειν
1510 2898 1586 2969 τῷ
1616 2900 1853 2969 Σατανᾷ,
1883 2900 1989 2953 ἀπ-

402 2992 642 3047 αιτοῦντι
676 2993 769 3046 καὶ
797 2990 1270 3055 έπισπουδάζοντι,
1305 2992 1399 3045 καὶ
1436 2990 1580 3062 μάλα
1615 2991 1990 3063 πικρῶς.”Εγ-

405 3101 583 3138 κειται
625 3084 734 3155 γὰρ
778 3086 844 3155 τῇ
896 3085 1127 3139 ἑκάστου
1157 3084 1387 3155 διανοίᾳ,
1420 3084 1788 3155 παρατρέπων
1820 3083 1990 3154 αὐτὴν

2074 609 2233 664 nibus
2263 619 2457 678 praeter
2484 622 2633 678 spem
2687 609 2861 679 captis
2904 608 3236 665 insultando.
3284 608 3523 666 Pertcsit
3549 624 3648 663 sn-

2073 710 2181 755 tem
2241 700 2685 756 lamentationem
2730 714 2908 765 suam,
2944 716 3009 756 ac
3053 716 3276 757 carmen
3344 701 3509 757 etiam
3559 701 3652 755 dat

2072 793 2303 850 eventui
2323 794 2675 849 conveniens.
2711 792 2875 849 Dices
2925 794 3096 859 enim,
3126 794 3301 865 inquit
3332 793 3651 862 :Quomodo

2072 887 2304 943 cessavit
2336 885 2878 948 esactoriCessare.
2951 888 3198 943 molliore
3232 888 3450 943 nomine
3495 887 3650 951 dicit,

2075 993 2173 1049 pro
2229 980 2427 1051 perire,
2478 989 2533 1036 et
2576 978 2737 1035 finem
2785 980 3015 1036 habere.
3056 979 3375 1037 Exactorem
3424 993 3555 1034 vero
3598 986 3653 1033 et

2076 1073 2447 1144 instigatorem
2513 1072 2757 1127 nominat
2813 1072 3204 1142 Babylonium,
3281 1070 3375 1142 qui
3431 1081 3653 1142 propter

2077 1165 2393 1220 immensam
2415 1163 2746 1232 superbiam,
2774 1180 2879 1218 non
2909 1164 3151 1220 ﬁnitimis
3171 1166 3331 1219 modo
3351 1164 3653 1235 tyrannidis

2076 1270 2199 1311 suae
2208 1253 2397 1325 jugum
2420 1255 2699 1325 imposuit,
2727 1258 2823 1311 sed
2849 1256 2914 1310 in-
2929 1254 3311 1311 remotissimis
3343 1254 3655 1309 civitatibus

2078 1363 2144 1402 ac
2186 1347 2494 1415 regionibus
2538 1347 2877 1402 tributorum»
2907 1347 3251 1402 exactoribus
3307 1348 3523 1403 emissis
3557 1362 3652 1399 vc-

2077 1436 2291 1505 ctigalla
2320 1436 2569 1507 exigebat
2601 1451 2665 1491 ac
2692 1436 2912 1490 tributa.
2960 1435 3221 1491 Mirantur
3254 1437 3416 1506 igitur
3457 1437 3547 1505 qui
3596 1435 3656 1490 Ilt

2078 1536 2135 1582 ut
2159 1527 2281 1583 talis
2307 1528 2631 1592 cessaverit,
2666 1535 2721 1583 et
2766 1541 3072 1592 ea‘manus,
3108 1543 3230 1597 quae
3259 1528 3441 1583 omnia
3487 1529 3657 1595 rapie-

2080 1620 2191 1684 bat,
2233 1619 2523 1675 destiterit.
2565 1618 2718 1687 Quod
2751 1628 2933 1674 autem
2970 1633 3073 1674 non
3104 1620 3474 1689 ignoraverint
3498 1634 3658 1675 occa-

2080 1724 2175 1766 sus
2225 1711 2366 1766 illius
2399 1726 2613 1776 causas,
2667 1710 3038 1766 ostendunt'et
3064 1711 3352 1782 inquiunt:
3392 1711 3660 1767 Contrivit

2085 1801 2433 1871 Deusjugum
2469 1808 2845 1870 peccatorum,
2902 1799 3091 1871 iugum
3121 1801 3443 1871 principum.
3493 1801 3661 1855 Audis

2080 1909 2187 1963 quo
2209 1901 2366 1964 pacto
2385 1892 2655 1963 principes
2676 1891 2938 1960 nominat,
2971 1903 3205 1948 mentem
3221 1892 3355 1949 .ill'ts-
3371 1894 3657 1962 superbam

2081 1984 2425 2041 attribuens?
2467 1983 2803 2040 lusuitabant
2854 1985 3022 2051 enim,
3074 1995 3133 2040 ut
3191 1986 3328 2050 dixi,
3385 1985 3656 2050 erunibus,

2082 2077 2479 2144 quodammodo
2539 2093 2636 2146 per
2683 2092 2901 2133 omnem
2959 2087 3185 2143 terram,
3233 2094 3332 2133 suo
3382 2092 3478 2134 eos
3527 2079 3658 2148 jugo

2082 2168 2487 2224 submittentes.
2530 2166 2805 2238 Imperare
2841 2178 3021 2224 autem
3050 2179 3106 2224 et
3151 2170 3402 2226 solebant
3468 2169 3564 2224 illi'
3607 2180 3665 2224 et

2084 2259 2357 2316 volebant.
2392 2260 2499 2314 Sed
2529 2261 2798 2329 percussit
2829 2260 2992 2325 Deus,
3020 2261 3216 2331 inquit,
3248 2262 3663 2332 superciliosmu

2084 2363 2273 2419 genus,
2317 2348 2433 2403 sive
2486 2357 2702 2419 gentem
2778 2351 3090 2419 percutiens
3146 2351 3300 2423 plaga
3358 2352 3663 2407 insanabili.

2046 2490 2053 2493 _
2086 2442 2177 2498 llle
2210 2456 2343 2497 vero
2392 2440 2670 2497 conlidens
2696 2441 2797 2496 sibi
2831 2442 2954 2511 ipsi,
2987 2448 3041 2497 et
3068 2442 3211 2498 elato
3246 2443 3426 2497 animo
3477 2442 3666 2499 nolens

2086 2533 2342 2601 cessavit,
2370 2532 2420 2587 id
2458 2541 2562 2597 est,
2588 2532 2748 2588 linem
2775 2533 2963 2588 habuit
2984 2534 3150 2605 23o
3172 2548 3231 2589 se
3252 2534 3628 2604 dignissimum
3647 2573 3663 2599 ,

2093 2628 2307 2698 plagam
2331 2626 2552 2682 subiens
2581 2624 2901 2681 insanabilis
2925 2626 3041 2689 irae,
3076 2628 3225 2681 omni
3254 2626 3465 2682 sublata
3504 2626 3666 2691 mise-

2088 2718 2345 2776 ricordia.
2388 2719 2493 2774 Sed
2555 2720 2670 2774 haec
2737 2733 2835 2773 nos
2896 2718 3043 2788 ipsos
3079 2718 3262 2775 dicere
3307 2718 3578 2782 convenit,
3611 2726 3669 2772 et

2089 2811 2236 2866 velut
2264 2809 2572 2866 acclamare
2608 2806 2827 2862 Satanae
2863 2806 3100 2877 exigenti
3146 2805 3476 2876 etmrgenti,
3506 2804 3669 2875 idque

2089 2903 2304 2959 acriter.
2353 2902 2640 2974 Oppugnat
2675 2901 2818 2958 enim
2845 2901 3109 2971 cujusque
3140 2907 3397 2963 mentem,
3440 2912 3561 2953 eam
3593 2896 3663 2951 ah

2096 2993 2321 3065 optimis
2385 3002 2443 3047 et
2507 2991 2752 3047 honestis
2790 2989 3005 3051 studiis,
3056 2987 3293 3059 pietatis,
3335 2986 3575 3057 inquam,
3614 2990 3671 3039 et

2088 3083 2316 3153 justitize
2370 3091 2663 3147 avertens,
2714 3088 2774 3135 et
2820 3080 2872 3134 vi
2924 3091 3248 3149 quocunque
3311 3075 3460 3132 lubet
3522 3073 3671 3129 velut

400 3177 513 3231 τῶν
544 3177 782 3247 ἀρίστων
816 3176 909 3230 καὶ
939 3175 1163 3245 ἀγαθῶν
1193 3176 1624 3245 σπουδασμάτων
1653 3174 1764 3229 τῶν
1803 3178 1862 3229 έν
1901 3177 1990 3229 εὑ-

2094 3173 2357 3229 aul‘erens
2400 3191 2413 3227 :
2447 3181 2503 3227 et
2538 3186 2635 3227 ceu
2680 3168 2885 3239 rigidus
2915 3167 3181 3238 quispiam
3206 3174 3430 3221 exactor
3462 3162 3670 3233 peccati

406 3268 595 3340 σεὸείᾳ
620 3269 716 3323 καὶ
738 3267 1054 3340 δικαιοσύνῃ
1081 3268 1243 3339 φημὶ,
1276 3269 1372 3322 σὺν
1410 3267 1503 3339 βίᾳ
1542 3267 1599 3321 δὲ
1631 3268 1820 3339 ῶσπερ
1849 3270 1991 3323 ἀπο.

335 3354 338 3356 ⁷
406 3361 589 3433 φέρων
614 3361 706 3413 ἐπὶ
742 3360 803 3413 τὸ
831 3359 982 3431 αὑτῷ
1016 3358 1242 3413 δοκοῦνο
1286 3359 1380 3412 καὶ
1417 3351 1533 3413 οἶόν
1561 3375 1644 3422 τις
1670 3360 1866 3430 πικρὸς
1896 3360 1990 3412 δα-

409 3448 675 3519 σμολόγος
711 3449 769 3501 τὸ
796 3449 878 3514 εἰς
904 3448 1182 3520 ἁμαρτίαν
1210 3448 1467 3519 ἐπιμελὲς
1495 3450 1623 3520 παρ’
1646 3449 1876 3503 ἑκάστου
1904 3450 1994 3522 ζη-

406 3541 534 3595 τῶν.
554 3540 714 3594 Ἀλλά
742 3540 1062 3613 συνέτριψεν
1089 3540 1118 3594 6
1147 3542 1342 3613 Σωτὴρ
1374 3543 1465 3595 τὸν
1493 3541 1656 3609 ζυγὸν
1682 3540 1788 3594 τῶν
1814 3543 1992 3614 ἀμαρ-

408 3633 616 3700 τωλῶν,
641 3632 930 3687 ἀποδαλὼν
971 3633 1071 3705 μὲν
1100 3634 1328 3696 ἐκεῖνον,
1361 3634 1679 3704 ύπενεγκὼν
1707 3636 1764 3690 δὲ
1792 3636 1992 3707 μᾶλλον

412 3726 556 3794 ἡμᾶς
596 3728 709 3788 τοῖς
755 3724 949 3778 ἑαυτοῦ
990 3726 1194 3795 ζυγοῖς,
1228 3726 1321 3780 καὶ
1347 3728 1590 3793 πατάξας
1620 3726 1772 3791 ἔθνος
1806 3728 1988 3800 πληγῇ

410 3816 634 3887 ἀνιάτῳ.
663 3816 853 3881 Ἐθνος
878 3817 937 3871 δὲ
966 3820 1138 3883 ποῖον,
1170 3818 1203 3889 ἥ
1239 3820 1458 3884 πάντως
1508 3838 1610 3874 που
1644 3821 1704 3874 τὸ
1736 3822 1844 3875 τῶν
1876 3822 1992 3875 δαι-

415 3908 635 3978 μονίων,
666 3903 748 3973 οἷς
770 3909 864 3962 καὶ
886 3908 1182 3964 ἐπέταττεν
1205 3912 1285 3973 εἰς
1313 3911 1411 3981 τὴν
1438 3911 1677 3967 ἄϐυσσον
1705 3912 1991 3978 ἀπελθεῖνς

414 3998 510 4052 καὶ
559 3998 665 4069 μὴν
714 3997 809 4052 καὶ
856 3998 1041 4063 αἰκίας
1072 3999 1171 4064 τὰς
1196 4001 1580 4071 παγχαλέπους
1610 4003 1847 4072 ὲπῆγενο
1902 4004 1996 4057 καὶ

415 4085 546 4154 γοῦν
574 4086 985 4159 ἀνακεκράγασι
1016 4086 1293 4157 λέγοντες’
1335 4092 1495 4153 ιἘα,
1522 4091 1574 4145 τί
1607 4093 1739 4161 ἡμῖν
1800 4092 1893 4144 καὶ
1925 4093 2030 4158 σοὶ,

500 4183 642 4245 ἃς.»

500 4183 584 4245 ἃς.
624 4200 642 4233 ι

416 4183 662 4330 ἡμιιᾶσα
692 4277 732 4343 ἡ
770 4275 845 4345 τῆ
866 4275 988 4343 βοᾷ
1009 4277 1136 4345 μετ’
1160 4279 1565 4347 εὐφροσύνης,
1596 4282 1696 4335 καί
1733 4283 1805 4337 τὰ
1833 4282 1991 4347 ξύλα

2096 3265 2477 3321 assiduitatem
2533 3271 2590 3318 et
2650 3261 2985 3333 diligentiam
3021 3259 3304 3329 requirens
3347 3272 3377 3312 a
3422 3255 3668 3325 singulis.

2096 3358 2202 3413 Sed
2241 3356 2495 3413 contrivit
2534 3355 2674 3411 Deus
2714 3354 2901 3425 jugutn
2937 3360 3307 3422 peccatorum,
3365 3348 3494 3403 illud
3534 3345 3671 3413 abji-

2096 3453 2267 3517 ciens,
2301 3464 2508 3519 nosque
2540 3448 2714 3518 magis
2749 3460 2849 3501 suo
2879 3445 3048 3515 ipsius
3086 3442 3215 3513 iugo
3257 3454 3591 3511 supponens,
3618 3446 3674 3492 et

2096 3542 2391 3597 verberans
2415 3548 2627 3611 gentem
2662 3536 2815 3607 plaga
2851 3532 3161 3590 insanabili.
3192 3530 3323 3599 Quae
3350 3538 3435 3585 est
3457 3541 3660 3595 autem,

2100 3636 2185 3690 vel
2221 3636 2309 3689 ubi
2336 3648 2559 3704 prorsus
2582 3639 2669 3686 est
2700 3629 2813 3684 haec
2841 3642 2974 3699 gens
3001 3625 3413 3689 daemoniorum,
3453 3636 3574 3692 qua:
3606 3622 3662 3675 in

2098 3728 2354 3798 abyssum
2405 3725 2487 3779 ire
2533 3722 2695 3793 jussit
2742 3732 2799 3777 et
2837 3735 3028 3791 prunas
3060 3718 3182 3772 illas
3219 3716 3435 3786 quidem
3482 3726 3690 3784 graves

2101 3817 2333 3871 inﬂixit?
2369 3815 2683 3871 Clamabam
2713 3811 2979 3882 siquidem
3009 3849 3027 3873 ,
3067 3824 3128 3864 ac
3166 3808 3460 3863 dicebant:
3494 3822 3513 3856 ι
3547 3804 3631 3859 Ab
3658 3805 3681 3856 ι,

2101 3911 2229 3981 quid
2282 3910 2437 3964 nobis
2466 3918 2523 3963 et
2579 3907 2696 3972 tibi,
2758 3905 2885 3961 Jesu
2943 3899 3264 3957 Nazarene?
3316 3898 3510 3954 venisti
3572 3897 3677 3951 huc

2104 4013 2231 4056 ante
2257 4012 2468 4067 tempus
2497 3999 2727 4069 perdere
2760 4014 2860 4051 nos
2881 3996 2949 4048 ".
3004 4013 3021 4046 ι

2083 4091 2257 4163 Ἰησοῦ
2302 4090 2625 4163 Ναζαρηνέ;
2677 4084 2879 4151 Ἦλθες
2910 4080 3011 4140 ὧδε
3046 4083 3152 4156 πρὸ
3191 4080 3384 4151 καιροῦ
3417 4078 3678 4134 ἀπολέσαι

2173 4280 2334 4335 Vens.
2379 4281 2432 4335 8.
2484 4278 2666 4335 Omnis
2736 4287 2878 4331 terra
2942 4274 3136 4329 clamat
3185 4288 3304 4326 cum
3339 4270 3549 4336 (milia,
3621 4282 3672 4326 st

419 4368 524 4423 τοῦ
553 4368 810 4422 Λιϐάνου
842 4366 1283 4436 ηὑφράνθησαν
1309 4370 1404 4424 ἐπὶ
1437 4372 1560 4433 σοὶ,
1599 4374 1695 4426 καὶ
1726 4374 1765 4440 ὴ
1794 4372 1990 4441 κέδρος

2106 4373 2248 4444 ligna
2271 4372 2459 4425 Libani
2496 4372 2675 4425 latam
2706 4380 2826 4422 sunt
2856 4382 3012 4434 super
3032 4378 3081 4419 le
3110 4374 3201 4418 τρι
3236 4364 3424 4417 cedrus
3448 4360 3664 4426 Libani,

420 4461 525 4514 τοῦ
555 4458 814 4513 Λιϐάνου
847 4462 946 4527 ἀφ’
978 4452 1049 4514 οὗ
1080 4458 1162 4511 σὺ
1191 4462 1571 4531 κεκοίμησαι,
1591 4465 1704 4517 οὐκ
1752 4464 1933 4532 ἀνέϐη
1968 4466 2001 4517 ό

417 4552 655 4605 κόπτωο
681 4550 857 4621 ἡμᾶς.

490 4645 673 4716 Μέρος
699 4644 793 4698 τοῦ
824 4644 1022 4717 θρήνου
1049 4646 1318 4701 καὶτοῦτο
1339 4663 1351 4677 ο
1379 4647 1473 4699 καὶ
1496 4647 1619 4700 ὅσον
1650 4649 1745 4718 μὲν
1772 4643 1905 4720 ἧκεν
1924 4648 2004 4711 εἰς

421 4754 484 4806 γε
502 4737 595 4791 τὸν
612 4737 714 4807 τῆς
736 4738 975 4825 ἱστορίας
995 4738 1170 4808 λόγον,
1192 4739 1498 4811 εὐφροσύνη
1522 4740 1744 4808 γέγονεν
1768 4742 1826 4794 ἐν
1852 4740 2005 4814 πάσῃ

420 4831 489 4899 τῇ
505 4830 601 4899 γῇ,
623 4829 721 4899 τῆς
756 4828 1057 4898 ’Δσσυρίων
1081 4830 1528 4903 πεπορθημένης.
1546 4832 1643 4885 καὶ⁵
1668 4831 2005 4903 καταλήξαν-

419 4937 513 4983 τος
550 4918 643 4974 τοῦ
689 4922 1146 4987 ὲπισπουδαστοῦ,
1174 4925 1269 4977 καὶ
1305 4922 1458 4996 παρά
1486 4924 1703 4978 πάντων
1728 4923 2007 4988 αἰτοῦντος

418 5013 483 5065 τὸ
507 5012 901 5068 ὑποτάττεσθαι
932 5014 1046 5069 δεῖν
1071 5015 1242 5087 αύτῷ,
1260 5014 1352 5079 οὓς
1376 5014 1622 5081 καὶξύλα
1644 5015 1741 5071 τοῦ
1767 5016 2004 5071 Λιϐάνου

422 5106 453 5155 ὁ
485 5105 821 5178 προφητικὸς
863 5106 1119 5178 ὀνομάζει
1164 5107 1351 5177 λόγος’
1387 5109 1512 5172 τοὺς
1558 5111 1617 5162 ὲν
1662 5110 1856 5182 ἀρχαῖς
1904 5128 2012 5165 που

425 5197 663 5260 πάντως,
696 5198 790 5249 καὶ
822 5198 881 5249 ὲν
924 5198 1187 5269 δυνάμεσι
1218 5199 1327 5252 τῶν
1360 5198 1530 5255 ἐθνῶν
1561 5200 1773 5271 κέδροις
1811 5219 2008 5273 παρει-

431 5288 628 5352 κάζων.
662 5288 813 5360 Πλὴν
857 5286 947 5344 οἷά
990 5307 1078 5354 τις
1121 5290 1416 5361 δρυοτόμος
1459 5294 1488 5345 ὀ
1535 5290 2008 5367 Ναϐουχοδονόσορ

430 5382 739 5435 κατασείων
765 5382 961 5447 αὐτοὺς
991 5386 1105 5446 τοῖς
1138 5382 1285 5449 ἰδίοις
1313 5384 1555 5438 ὑπετίθει
1586 5384 1789 5455 ζυγοῖς.
1816 5389 2008 5460 Λίλκέ-

434 5474 541 5544 Spei
570 5473 769 5537 τοίνυν,
802 5476 984 5546 φησὶν,
1014 5477 1110 5529 ἐπὶ
1157 5478 1241 5529 σοὶ
1283 5477 1569 5548 χαίρουσαι
1601 5478 1922 5548 φασίνοΆφ⁹
1948 5472 2010 5533 οὗ

430 5568 494 5619 σὺ
526 5567 875 5638 κεκοίμησαι,
907 5569 1008 5622 οὐκ
1054 5568 1222 5639 ἀνέῆη
1252 5570 1281 5623 ὀ
1312 5569 1529 5624 κόπτων
1574 5571 1742 5641 ἡμᾶς.
1771 5571 1834 5623 Εἰ
1860 5570 1916 5624 δὲ
1946 5571 2010 5644 δὴ

433 5657 671 5727 βούλοιτό
698 5676 785 5722 τις
821 5660 912 5713 τὸν
939 5660 1139 5714 τοιόνδε
1172 5661 1329 5730 λόγον
1357 5661 1662 5732 ἐφαρμόσαι
1694 5662 1872 5734 μόνοις
1901 5668 2011 5717 τοῖ’

499 5816 546 5845 ’⁸
576 5813 741 5870 Mair.
776 5832 818 5880 ι,
844 5815 939 5871 2L

2102 4480 2167 4520 ea:
2204 4480 2305 4534 quo
2369 4474 2424 4517 tu
2472 4461 2794 4527 dormivisti,
2841 4476 2945 4513 non
2985 4456 3220 4511 ascendit
3275 4454 3368 4525 qui
3427 4455 3674 4508 succidat

2106 4574 2221 4614 nos.

2175 4649 2238 4703 Et
2260 4647 2376 4703 haec
2402 4654 2486 4702 est
2510 4659 2634 4717 pars
2657 4642 2901 4714 quaedam
2932 4638 3355 4703 lamentationis,
3408 4645 3463 4691 et
3492 4650 3671 4704 quan-

2108 4748 2218 4793 tum
2266 4737 2482 4807 quidem
2538 4736 2729 4790 attinet
2766 4734 2832 4787 ad
2862 4731 3164 4797 historiam,
3205 4727 3388 4784 laetitia
3430 4725 3532 4780 fuit
3572 4738 3670 4793 per

2107 4838 2274 4884 totam
2342 4838 2563 4892 terram,
2622 4823 2968 4895 Assyriorum
3033 4820 3250 4890 regione
3292 4818 3596 4880 devastata,
3628 4821 3684 4867 et

2106 4920 2334 4976 cadente
2359 4927 2645 4981 exactore,
2666 4926 2722 4971 et
2744 4930 2810 4970 eo
2853 4914 2944 4985 qui
2983 4913 3052 4967 ab
3086 4910 3340 4968 omnibus
3373 4906 3672 4977 subiectio—

2108 5028 2232 5071 nem
2295 5014 2476 5082 exegit
2531 5028 2545 5065 :
2605 5025 2742 5079 quos
2804 5016 2861 5062 et
2933 5006 3076 5078 ligna
3131 5002 3324 5060 Libani
3367 4998 3687 5072 prophetica

2110 5103 2352 5159 nominat
2379 5102 2578 5167 oratio,
2600 5100 2653 5154 in
2683 5098 2987 5168 principatu
3022 5095 3274 5149 nimirum
3315 5101 3373 5146 et
3404 5097 3676 5160 potestate

2108 5196 2316 5267 positos
2342 5193 2479 5264 apud
2511 5201 2701 5264 gentes
2734 5190 2913 5245 cedria
2942 5201 3263 5257 comparans
3292 5201 3308 5251 ;
3345 5197 3533 5239 verum
3567 5191 3684 5236 tan-

2109 5304 2273 5361 quam
2323 5286 2602 5343 frondator
2647 5283 2917 5354 quiSpiam
2956 5280 3514 5337 Nabuchodonosorus
3551 5292 3686 5347 qua-

2112 5382 2253 5440 tiens
2302 5395 2400 5438 eos
2446 5394 2547 5436 suo
2589 5378 2717 5450 jugo
2766 5374 3036 5432 submisit.
3086 5372 3244 5427 Cedri
3274 5371 3455 5442 igitur,
3487 5370 3685 5440 inquit,

2113 5477 2409 5547 gaudentes
2437 5482 2657 5544 propter
2694 5480 2767 5535 te,
2798 5469 2947 5524 aiunt
2977 5486 2988 5521 :
3018 5466 3092 5520 Ει
3128 5481 3236 5536 quo
3263 5474 3317 5520 tu
3358 5463 3682 5525 dormivisti,

2117 5583 2222 5624 non
2249 5566 2494 5623 ascendit
2517 5564 2609 5636 qui
2634 5563 2876 5620 succidat
2915 5576 3033 5616 nos.
3089 5558 3147 5614 Si
3198 5558 3319 5628 quis
3341 5566 3517 5611 autem
3544 5557 3686 5609 hanc

2115 5661 2425 5716 orationem
2462 5656 2592 5717 velit
2639 5655 2768 5712 solis
2807 5653 3069 5711 lsraelitis
3122 5652 3407 5720 ndaptare,
3444 5649 3586 5703 hunc
3619 5646 3701 5700 ad.
