4148 6378
525 423 585 478 Ἡ
1471 418 1529 475 S.
1571 415 1849 474 εῐιιιιιι
1888 412 2100 469 ALEX.‘

2198 413 2355 467 )lllM
2398 410 2713 469 ARCHIEP.

3635 393 3744 450 3'79

490 542 712 596 modum
735 539 1015 613 intelliget.
1049 539 1285 597 libarius
1324 554 1479 596 mons
1508 542 1698 608 ingens
1719 548 1803 594 est
1835 538 1892 592 in
1915 547 2058 592 terra
2089 566 2100 598 λ

2198 535 2223 600 ξ
2267 536 2502 607 Ἰσραὴλ,
2532 506 2846 607 περινοήσει
2901 530 3143 585 τοιῶσδε.
3180 526 3410 588 Λίϐανος
3454 522 3583 593 ὅρος
3632 519 3749 573 ἐστὶ

489 633 834 695 Ριιωιιίευηι.
875 633 1054 690 cedris
1107 643 1165 688 et
1218 625 1672 702 thuribus'quasi
1738 641 1983 686 comatus
2018 638 2071 684 et

491 722 799 785 decoratus,
848 729 903 776 et
961 721 1164 776 densus
1210 736 1275 777 ac
1326 722 1539 790 spissus
1583 720 1887 775 arboribus.
1918 719 2073 787 Saepe

494 813 676 901 itaque
692 811 1131 882 illumScriptura
1150 812 1672 882 divinitusinspirata
1691 822 1847 866 terra:
1863 810 2073 866 indeco-

498 918 615 955 rum
656 913 959 972 comparat,
994 914 1285 975 propterea
1339 906 1482 975 quod
1524 903 1831 972 complures
1885 914 2074 959 essent

496 994 551 1048 in
589 1008 654 1049 ea
702 1003 758 1048 et
807 997 1049 1064 potentia
1101 1007 1156 1052 et
1188 998 1358 1068 gloria
1407 999 1717 1060 clarissimi.
1789 1007 2076 1064 essentque

497 1086 662 1141 etiam
707 1086 796 1139 alii
851 1088 1141 1143 sacerdotii
1191 1089 1493 1159 insignibus
1547 1091 1653 1144 alte
1702 1088 1968 1151 subvecti,
2023 1096 2078 1142 et

498 1178 646 1231 velut
689 1180 855 1233 odore
887 1178 1324 1251 ﬂagrantissimi.
1358 1182 1423 1236 Et
1464 1198 1595 1237 sane
1631 1180 1923 1236 Zacharias
1953 1195 2079 1247 pro-

503 1271 663 1338 pheta
711 1285 833 1326 cum
896 1271 1106 1330 Libano
1166 1273 1380 1328 confert
1434 1272 1675 1329 Iudaeam
1722 1290 1737 1326 :
1782 1273 1874 1343 qui
1926 1274 1980 1325 in
2014 1287 2081 1325 ea

504 1372 685 1430 erant,
718 1363 894 1418 cedris
922 1374 975 1419 et
1005 1367 1317 1433 quercubus
1353 1375 1409 1419 et
1447 1366 1684 1436 pinubus
1708 1384 1729 1419 εκ
1750 1365 1858 1434 igni
1900 1374 2079 1418 autem

502 1454 820 1510 cunctivoro
846 1454 1146 1522 Romanum
1190 1458 1487 1513 exercitum
1510 1497 1530 1521 ,
1561 1459 1652 1526 qui
1708 1465 1830 1525 post
1879 1457 2080 1512 Christi

502 1560 720 1600 crucem
789 1546 947 1617 23],
1003 1557 1167 1603 totam
1230 1563 1416 1604 eorum
1481 1549 1757 1619 regionem
1807 1548 2078 1615 incendit;

505 1638 693 1707 sicque
723 1638 799 1692 ait
834 1657 847 1692 :
895 1657 917 1691 ι
946 1639 1127 1708 Aperi,
1162 1638 1380 1701 Libane,
1427 1651 1610 1710 portas
1641 1650 1779 1705 tuas,
1810 1650 1864 1693 et
1890 1642 2085 1693 exedat

509 1729 649 1799 ignis
664 1732 850 1784 cedrus
870 1741 1027 1786 tuas:
1065 1739 1236 1798 ploret
1254 1734 1435 1801 pinus.
1469 1733 1595 1803 quia
1626 1732 1825 1787 cecidit
1862 1733 2077 1797 cedrus,

2172 627 2526 698 παμμεγεθὲς
2554 627 2695 680 κατά
2719 627 2821 696 τὴν
2847 622 3108 678 Φοινίκων
3138 620 3264 690 γῆν,
3293 616 3507 687 κέδροις
3544 629 3604 666 τε
3654 613 3753 665 καὶ

2172 718 2408 781 λιϐάνοις
2452 719 2783 788 κατάκομον,
2810 714 2941 769 δασύ
2971 729 3032 766 τε
3072 713 3167 765 καὶ
3201 708 3511 778 εὔδενδρον·
3560 718 3754 772 παρει-

2175 809 2331 872 κάζει
2364 810 2544 863 τοίνυν
2586 808 2717 863 αὐτὸ
2743 806 3059 867 πλειστάκις
3094 805 3128 872 ή
3176 800 3531 859 Θεὸπνευστος
3562 791 3755 864 Γραφὴ

2174 904 2241 972 τῇ
2282 901 2392 954 τῶν
2432 900 2697 954 Ἰουδαίων
2732 899 2908 970 χώρα,
2932 897 3103 951 διάτοι
3125 893 3188 947 τὸ
3221 891 3506 951 πλείστους
3531 890 3589 941 ἐν
3618 887 3753 956 αὐτῇ

2175 991 2675 1063 διαπρεπεστάτους
2705 987 2845 1043 εἶναι
2870 987 3015 1042 κατά
3038 1003 3097 1039 τε
3118 981 3435 1038 δυναστείαν
3459 978 3553 1032 καὶ
3577 977 3753 1043 δόξαν,
3790 988 3796 998 ·

2178 1079 2316 1136 εἷναί
2341 1099 2405 1151 γε
2434 1083 2543 1153 μὴν
2571 1084 2663 1136 καὶ
2695 1083 2914 1154 ἐτέρους
2939 1082 3052 1141 τοῖς
3075 1080 3175 1147 τῆς
3208 1074 3492 1146 ἱεροσύνης
3515 1069 3759 1140 αιῖιχήμα⁸

2180 1192 2264 1228 σιν
2315 1174 2450 1243 ὑψοῦ
2501 1192 2560 1228 τε
2605 1173 2877 1244 ἠρμένους
2916 1170 3008 1224 καὶ
3048 1163 3160 1221 οἷον
3193 1165 3609 1233 εύοσμοτάτους.
3650 1160 3757 1214 Καὶ

2179 1267 2311 1336 γοῦν
2341 1269 2373 1320 6
2407 1268 2689 1337 προφήτης
2718 1265 3010 1335 Ζαχαρίας,
3041 1261 3258 1329 Λιϐάνῳ
3286 1257 3384 1329 μὲν
3411 1252 3759 1325 παρεικάζων

2180 1361 2280 1431 τὴν
2316 1358 2598 1412 ἰουδαίανι
2624 1357 2831 1429 κέδροις
2877 1372 2933 1408 τε
2982 1352 3136 1426 δρυσί
3176 1367 3234 1403 τε
3287 1347 3383 1400 καί¹
3428 1345 3610 1398 πίτυσι
3636 1344 3776 1404 τοὺς

2183 1451 2241 1504 ὲν
2267 1450 2423 1521 αὐτῇ.
2450 1450 2589 1520 [lupi
2612 1448 2667 1501 δὲ
2698 1446 2979 1517 παμφάγῳ
3006 1444 3104 1513 τὴν
3133 1438 3421 1509 Ῥωμαίων
3450 1433 3761 1505 στρατείαν,

2184 1542 2281 1613 τὴν
2313 1540 2450 1611 μετά
2486 1539 2579 1593 τὸν
2606 1539 2698 1592 τοῦ
2727 1540 2975 1608 Σωτῆρος
3003 1533 3234 1604 σταυρόν
3269 1531 3397 1592 ὅλην
3420 1526 3596 1581 αὐτῶν
3628 1542 3762 1578 κατ-

2185 1631 2658 1705 εμπρήσασαντὴν
2680 1630 2882 1701 χώραν.
2908 1627 3062 1682 Οὕτω
3089 1624 3250 1696 φησί·
3277 1642 3295 1674 t
3315 1618 3604 1684 Διάνοιξον,
3623 1619 3651 1669 6
3674 1615 3766 1669 Δί-

2188 1728 2371 1793 ϐανος,
2399 1725 2498 1788 τὰς
2519 1723 2688 1795 θύρας
2723 1740 2837 1776 σου,
2872 1723 2980 1774 Καὶ
3009 1714 3373 1786 καταφαγέτω
3403 1711 3515 1783 πῦρ
3547 1709 3645 1771 τὰς
3674 1708 3767 1760 κέ-

512 1822 1002 1891 plorate,quercus
1061 1824 1254 1891 Busan,
1307 1826 1432 1895 quia
1488 1801 1711 1880 evulsus
1773 1833 1858 1878 est
1909 1823 2080 1877 saltus

2198 1820 2348 1889 δρους
2384 1814 2851 1882 σου.ὐλολυξάτω
2884 1812 3063 1874 πίτυς,
3102 1809 3234 1861 διότι
3266 1806 3520 1859 πέπτωκε
3554 1801 3761 1895 κέδρος.

512 1916 860 1971 εοιιδίιυεθν.
891 1936 911 1969 ι
949 1915 1029 1971 Sit
1060 1919 1221 1985 igitur
1242 1917 1546 1973 Judaeorum
1580 1919 1692 1973 haec
1720 1918 1912 1979 oratio,
1944 1916 2085 1971 velut

2205 1908 2543 1973 Ὀλολύξατε,
2565 1906 2723 1978 δρύες
2748 1905 2846 1974 τῆς
2873 1899 3241 1960 Βασανίτιδος,
3264 1898 3343 1949 ὅτι
3365 1890 3715 1957 κατεσπάσθη
3738 1890 3767 1940 6

516 2022 551 2060 θ.
588 2004 757 2075 lignis.
775 2004 963 2060 Libani
1010 2020 1242 2075 sumpta,
1275 2022 1394 2076 quae
1430 2007 1661 2076 gaudent
1698 2016 1753 2060 et
1784 2006 1964 2060 dicunt
1991 2003 2091 2057 Ba-

521 2101 754 2171 bylonio
792 2103 1068 2172 ipsiusque
1112 2103 1331 2158 servis:
1374 2102 1453 2157 Ει
1503 2117 1611 2171 quo
1660 2111 1713 2153 ttt
1765 2098 2087 2161 dormivisti.

516 2209 622 2251 non
653 2195 894 2249 ascendit
919 2194 1009 2263 qui
1059 2194 1299 2250 succidat
1357 2208 1474 2249 nos.
1529 2190 1941 2259 Elegantissime
1963 2204 2092 2243 vero

518 2281 698 2335 inhac
725 2282 992 2339 sermonis
1027 2282 1389 2337 translatione
1440 2283 1759 2336 immoratus
1805 2289 1907 2335 est.
1959 2278 2090 2333 Nam

525 2378 651 2445 quia
685 2372 830 2432 velut
868 2388 900 2432 a
944 2374 1103 2449 lignis
1159 2374 1348 2432 Libani
1397 2374 1539 2430 facta
1570 2384 1655 2442 est
1676 2389 1801 2439 vox,
1844 2373 1963 2427 ideo
2008 2372 2092 2425 in-

517 2470 709 2538 quiunt
751 2487 765 2524 :
810 2468 927 2524 Non
978 2470 1221 2525 ascendit
1248 2467 1339 2539 qui
1371 2466 1616 2523 succidat
1653 2456 1771 2522 nos.
1805 2464 1939 2519 Nam
1970 2474 2091 2533 post

520 2562 750 2617 reditum
839 2561 1204 2616 Israelitarum
1272 2574 1339 2614 ex
1392 2559 1684 2629 Babylone,
1754 2573 2092 2627 nequaquam

522 2660 711 2708 contra
748 2652 865 2707 illos
889 2651 1088 2707 bellum
1118 2667 1184 2706 ex
1230 2660 1376 2705 terra
1406 2650 1752 2721 Assyriorum
1798 2649 2093 2704 excitatum

526 2752 637 2801 est.
679 2743 929 2798 Dicemus
980 2752 1035 2798 et
1094 2757 1192 2797 nos
1227 2742 1420 2798 merito
1460 2741 1695 2806 Satanae,
1746 2743 1833 2811 qui
1862 2742 1989 2797 olim
2028 2742 2095 2796 ab

528 2832 620 2885 illo
652 2833 848 2897 eversi,
878 2832 1125 2887 stabilem
1165 2832 1420 2902 deinceps
1477 2840 1712 2886 mentem
1758 2833 1813 2885 in
1877 2831 2095 2885 Christo

532 2923 818 2989 habemus,
856 2923 1202 2993 animumque
1228 2924 1279 2976 in
1311 2924 1510 2992 pietate
1556 2922 1769 2977 ﬁrmum
1796 2933 1852 2976 et
1886 2922 2096 2976 radices

529 3025 798 3084 agentem,
837 3025 891 3070 et
952 3024 1139 3085 pectus
1205 3013 1643 3070 ﬂorentissimum
1686 3035 1701 3071 :
1756 3015 1831 3069 Ex
1879 3030 1989 3084 quo
2039 3023 2096 3066 tu

530 3108 923 3175 obdormivisti,
953 3124 1057 3165 non
1085 3107 1333 3163 ascendit
1367 3107 1459 3178 qui
1488 3122 1589 3162 nos
1616 3107 1884 3163 succidat.

611 3395 768 3451 Vens.
802 3394 956 3451 9-H.
1017 3394 1265 3463 infernus
1298 3391 1480 3446 subtus
1521 3389 1859 3445 eamcerbntus
1891 3396 1967 3442 est
2003 3386 2102 3439 tibi

538 3503 844 3551 occurrens;
867 3488 1083 3541 excitati
1108 3494 1227 3539 sunt
1251 3483 1409 3537 simul
1436 3482 1529 3535 tibi
1551 3497 1727 3536 omnes
1750 3481 1984 3551 gigantes
2012 3479 2103 3547 qui

538 3579 945 3635 dominabantur-
987 3588 1161 3639 terra',
1207 3574 1296 3643 qui
1326 3573 1619 3627 excitabant
1654 3573 1720 3625 de
1765 3570 1963 3624 thronis
2000 3568 2106 3621 suis

542 3688 718 3725 omnes
757 3686 899 3739 reges
935 3671 1185 3738 gentium.
1222 3665 1416 3719 Omnes
1465 3661 1864 3731 respondebunt,
1915 3660 2108 3727 tibique

546 3764 718 3817 dicent
752 3779 771 3815 :
807 3760 873 3815 Et
904 3772 960 3813 tu
992 3771 1174 3827 captus
1196 3775 1249 3811 es
1276 3754 1709 3821 quemadmodum
1733 3762 1781 3806 et
1812 3769 1926 3806 nos.
1962 3750 2109 3803 Inter

506 3892 509 3895 λ
544 3871 636 3908 nos
680 3865 853 3908 autem
884 3862 1154 3921 reputatus
1181 3866 1257 3905 es.
1308 3846 1584 3902 Descendit
1616 3848 1687 3899 ad
1720 3845 1917 3914 inferos
1939 3845 2110 3913 gloria

545 3958 657 4010 tua,
677 3944 851 3997 multa
870 3944 1054 3999 (milia
1076 3954 1185 3995 tua.
1236 3940 1351 3995 Tibi
1397 3938 1720 3994 substernent
1760 3936 2110 4007 putredinent,

546 4047 592 4093 st
620 4034 903 4103 hospitium
931 4042 1076 4089 tuum
1098 4030 1307 4085 vermis.

618 4206 675 4262 In
707 4223 858 4263 more
888 4215 970 4262 est
1003 4204 1293 4275 Scripturze
1310 4204 1494 4260 divino
1511 4204 1689 4259 alﬂntn
1711 4204 2112 4273 prreditze,per-

549 4317 715 4359 sonas
738 4306 948 4371 tingere
984 4301 1292 4369 aliquando,
1318 4307 1374 4352 et
1397 4298 1559 4353 veluti
1605 4297 1733 4366 ipsis
1768 4297 1928 4353 rebus
1956 4312 2117 4352 voces

550 4394 995 4451 accommodare:
1024 4392 1183 4461 quale
1224 4390 1354 4445 illud
1385 4400 1506 4446 est:
1543 4407 1564 4440 ι
1598 4390 1900 4452 Erubesce,
1927 4388 2115 4456 Sidon,

550 4485 688 4542 dixit
714 4499 861 4539 mare
877 4502 896 4551 ;
910 4494 965 4538 et
982 4483 1251 4538 fortitudo.
1265 4482 1439 4537 maris
1454 4480 1564 4534 ait:
1586 4480 1705 4535 Non
1726 4480 2006 4549 parturivi,
2021 4495 2118 4533 ne-

554 4590 657 4646 que
691 4575 894 4645 peperi,
947 4588 1119 4643 neque
1165 4571 1399 4627 enutrivi
1446 4570 1897 4635 adolescentulos,
1935 4586 2100 4641 neque

2213 4571 2333 4625 οὐδὲ
2380 4568 2585 4631 ἔτεκον,
2631 4562 2751 4617 οὐδὲ
2801 4557 3002 4631 ἔθρεψα
3045 4553 3394 4616 νεανίσκους,

552 4667 707 4724 υνθιί
737 4666 973 4737 virgines
995 4666 1065 4720 ".
1094 4664 1374 4733 sApplicat
1403 4678 1533 4718 vero
1564 4667 1706 4718 hunc
1738 4678 2039 4719 sermonem
2065 4665 2117 4717 in

555 4763 659 4817 hoc
711 4760 997 4831 Tyriorum
1039 4756 1268 4821 civitati,
1299 4772 1417 4826 quae
1442 4756 1570 4809 olim
1617 4771 1645 4808 a
1676 4754 1985 4826 Babyloniis
2017 4770 2115 4809 ex-

555 4855 665 4908 cisa
700 4862 816 4918 est;
849 4850 1185 4917 dicimusqne
1208 4850 1347 4904 hanc
1372 4849 1673 4904 orationem
1704 4857 1910 4901 natura
1942 4862 2119 4901 rerum

556 4945 849 5013 quadrare.
883 4943 975 4997 Sic
994 4952 1050 4997 et
1072 4939 1334 4996 Michaeas
1359 4940 1622 5010 propheta
1661 4939 1873 4993 induxit
1907 4936 2153 5012 ιρι-ωδεχ

559 5036 684 5102 lem,
725 5035 1055 5107 Babylonem
1085 5034 1441 5102 adloquentem
1473 5050 1486 5086 :
1519 5051 1537 5085 ι
1580 5030 1662 5088 Ne
1693 5032 1915 5087 insultes
1963 5030 2120 5094 mihi,

561 5128 777 5184 inimica
808 5142 947 5188 mea,
981 5127 1121 5194 quod
1152 5125 1522 5184 ceciderint.et
1544 5137 1844 5191 resurgam.
1867 5120 2123 5190 PrOpter-

520 5256 525 5259 -
559 5232 623 5273 ea
686 5218 729 5271 si
770 5219 960 5272 sedero
994 5216 1046 5271 in
1083 5214 1337 5280 tenebris,
1368 5214 1624 5268 Dominus
1666 5212 1940 5269 illucescet
1962 5211 2125 5277 mihi;

564 5309 698 5361 iram
727 5308 941 5363 Domini,
964 5306 1267 5372 sustinebo,
1299 5306 1429 5375 quia
1460 5306 1673 5376 peccavi
1706 5304 1803 5369 illi,
1834 5303 2004 5358 dunec
2043 5301 2132 5369 jn-

565 5410 701 5452 stam
730 5400 1159 5468 pronuntietipse
1170 5414 1384 5454 causam
1405 5412 1577 5451 meam
1599 5414 1614 5462 ;
1635 5406 1688 5449 et
1702 5396 1860 5449 faciet
1872 5392 2131 5461 judicium

568 5507 767 5554 meum,
804 5502 858 5545 et
893 5494 1084 5548 educet
1140 5506 1223 5545 me
1265 5491 1317 5545 in
1372 5490 1564 5545 lucem.
1605 5487 1806 5542 Videbo
1865 5486 2130 5555 justitiam

569 5584 711 5652 ejus,
735 5592 791 5638 et
826 5584 1027 5637 videbit
1073 5584 1288 5637 inimica
1333 5597 1473 5646 mea,
1502 5589 1559 5634 et
1591 5579 1852 5634 vestietur
1904 5578 2134 5650 ignomi-

2190 2001 2392 2074 δρυμὸς
2414 2003 2442 2053 6
2465 1999 2761 2069 σύμφυτος.
2789 2016 2810 2048 ι
2835 1996 3015 2048 Ἔστω
3031 1989 3319 2061 τοιγαροῦν
3352 1985 3613 2040 Ἰουδαίων
3634 1984 3660 2035 ό
3681 1981 3766 2074 16-

2191 2073 2287 2165 γος
2310 2094 2385 2159 ὡς
2411 2093 2518 2147 ἀπὸ
2557 2092 2727 2157 ξύλων
2748 2088 2842 2141 τοῦ
2865 2086 3099 2140 Λιϐάνου
3127 2077 3570 2151 εὐφραινομένων
3591 2090 3648 2125 τε
3673 2073 3767 2165 καὶ

2192 2158 2458 2257 λεγόντων
2486 2185 2562 2258 τῷ
2592 2182 2915 2252 Βαϐυλωνίῳ
2942 2181 3035 2234 καὶ
3063 2182 3176 2243 τοῖς
3201 2178 3337 2249 ἀμφ’
3371 2168 3687 2236 αὑτόν-Ἀφ’
3706 2158 3765 2218 οὗ

2195 2284 2259 2336 σὺ
2293 2281 2643 2352 κεκοίμησαι,
2673 2279 2772 2332 οὐκ
2812 2275 2978 2345 ἀνέϐη
3016 2276 3045 2326 6
3082 2271 3299 2326 κόπτων
3341 2258 3768 2339 ήμᾶςυΔστειόι

2192 2388 2328 2425 τατα
2376 2370 2433 2424 δὲ
2485 2369 2691 2439 σφόδρα
2753 2365 3026 2437 μεμένηκε
3091 2363 3158 2431 τῇ
3209 2357 3304 2412 τοῦ
3359 2356 3519 2423 λόγου
3568 2352 3768 2439 τροπῇ,

2206 2458 2423 2515 Ἐπειδὴ
2472 2457 2579 2527 γὰρ
2622 2438 2698 2519 ὡς
2742 2454 2849 2508 ἀπὸ
2897 2450 3067 2517 ξύλων
3098 2446 3193 2501 τοῦ
3225 2443 3459 2499 Λιϐάνου
3483 2439 3705 2509 γέγονεν
3733 2438 3766 2505 ἡ

2194 2550 2365 2622 φωνὴ,
2399 2546 2655 2621 ταύτῃτοί
2684 2563 2814 2617 φασι
2839 2544 2923 2606 τὸ,
2954 2542 3069 2595 Οὐκ
3102 2538 3274 2607 ἀνέϐη
3300 2538 3328 2588 6
3357 2536 3573 2589 κόπτων
3602 2531 3766 2622 quas:

2194 2617 2347 2697 Πετά
2397 2639 2503 2708 γάρ
2545 2617 2633 2690 τοι
2669 2636 2768 2707 τὴν
2811 2635 2874 2686 ὲκ
2906 2628 3222 2691 Βαϐυλῶνος
3264 2623 3524 2677 ἐπάνοδον
3577 2618 3684 2672 τῶν
3712 2617 3773 2683 ἐξ

2208 2730 2441 2801 Ἰσραὴλ,
2466 2728 2647 2782 οὐκέτι
2687 2725 2825 2797 πρὸς
2857 2722 3050 2783 αὐτοὺς
3073 2722 3102 2773 6
3124 2720 3188 2771 ὲκ
3217 2718 3316 2786 τῆς
3356 2711 3651 2782 Ἀσσυρίων
3681 2726 3771 2801 κεῖ

2195 2798 2412 2894 κίνηται
2458 2820 2712 2890 πόλεμος.
2732 2814 2992 2886 Ἐροῦμεν
3037 2812 3093 2864 δὲ
3136 2810 3230 2863 καὶ
3254 2810 3415 2879 ἡμεῖς
3445 2804 3669 2894 εἰκότως
3694 2798 3778 2869 τῷ

2196 2892 2430 2982 Σατανᾷ,
2472 2913 2521 2963 οί
2572 2909 2741 2962 πάλαι
2784 2906 2884 2976 μὲν
2930 2904 3057 2974 παρ’
3084 2901 3292 2954 ἐκείνου
3344 2892 3774 2966 πεπορθημένοι,

2196 3009 2406 3079 ἑδραῖον
2434 3006 2491 3060 δὲ
2516 3005 2700 3058 λοιπὸν
2728 3002 3020 3073 ἐσχηκότες
3050 3001 3107 3051 ὲν
3136 2994 3356 3069 Χριστῷ
3397 2993 3458 3045 τὸ
3498 2990 3772 3079 φρόνημα,

2198 3078 2292 3161 καὶ
2321 3099 2442 3154 νοῦν
2467 3102 2544 3161 εἰς
2575 3096 2853 3151 εὐσέϐειαν
2880 3091 3117 3161 ἀσφαλῆ,
3149 3089 3243 3142 καὶ
3269 3081 3656 3158 ὲρῤιζωμένον,
3682 3078 3776 3131 καὶ

2128 3228 2173 3288 C
2202 3193 2427 3264 καρδίαν
2467 3189 2883 3257 εὐθαλεστάτην·
2916 3183 3033 3253 Ἀφ’
3061 3175 3127 3237 οὗ
3164 3180 3227 3233 σὺ
3272 3176 3623 3246 κεκοίμησαι,
3676 3170 3778 3223 οὒκ

2203 3288 2373 3358 ἀνέϐη
2401 3286 2430 3339 6
2463 3285 2680 3338 κόπτων
2708 3282 2875 3352 ἡμᾶς.

2285 3382 2349 3434 '0
2385 3377 2534 3446 ᾅδης
2566 3374 2832 3429 κάτωθεν
2855 3369 3181 3437 ἐπικράνθη
3221 3359 3615 3429 συναντήσας
3641 3373 3739 3411 σοι
3760 3372 3776 3385 ·

2204 3465 2669 3541 συηγέρθησὰν
2695 3481 2793 3519 σοι
2815 3464 3037 3526 πάντες
3054 3462 3106 3513 οί
3128 3459 3399 3528 γίγαντες
3420 3456 3473 3507 οἱ
3494 3450 3784 3541 ἄρξαντες

2204 3565 2315 3634 τῆς
2338 3539 2468 3634 γῆς,
2487 3564 2541 3614 οἱ
2569 3559 2901 3628 ἐγείραντες
2921 3555 2988 3607 ἐκ
3007 3552 3125 3606 τῶν
3158 3550 3387 3618 θρόνων
3406 3543 3603 3599 αὐτῶν
3628 3539 3781 3634 uda:

2206 3630 2313 3721 τάξ
2332 3630 2614 3718 ,Βασιλεῖς
2635 3644 3094 3713 ἐθνῶνκηάντες
3123 3636 3651 3706 ἀποκριθήσονται,
3682 3630 3782 3683 καί

2208 3745 2417 3816 ἑροῦσί
2453 3759 2552 3798 σοι
2574 3758 2587 3772 ·
2619 3739 2730 3795 Καί
2759 3737 2840 3793 σὺ
2870 3726 3072 3800 ἑάλως
3103 3733 3305 3797 ὥσπερ
3334 3728 3432 3782 καί
3470 3724 3671 3816 ἡμεῖς’
3716 3722 3787 3816 εν

2208 3813 2356 3906 ημῖν
2386 3833 2455 3888 δὲ
2482 3830 2912 3900 κατελογίσθης
2933 3844 2945 3856 ·
2993 3824 3207 3889 κατέϐη
3248 3824 3335 3887 εὶς
3371 3819 3519 3887 ᾅδου
3562 3818 3602 3884 οή
3636 3813 3788 3878 δόξα

2210 3945 2327 3982 σου
2351 3966 2366 3992 ,
2413 3927 2453 3995 ’ἡ
2494 3921 2694 3991 πολλὴ
2736 3918 3081 3989 εὐφροσύνη
3136 3928 3253 3967 σου
3274 3930 3286 3944 ⁶
3334 3908 3613 3967 ὑποκάτω
3669 3921 3787 3960 σου

2212 4019 2554 4089 στρώσουσι
2586 4014 2803 4084 σῆψιν,
2829 4010 2924 4066 καὶ
2948 4009 3014 4063 τὸ
3046 4001 3475 4073 κατακάνιυμμά
3494 4017 3610 4057 σου
3632 3996 3789 4053 σκώ-

2287 4177 2449 4267 Ἔθος
2494 4203 2560 4271 τῇ
2598 4194 2937 4265 θεοπνεύστῳ
2968 4191 3160 4263 Γραφῇ
3209 4183 3642 4259 προσωποποιεῖν
3674 4177 3789 4231 ἔσθ’

2216 4299 2327 4361 ὅτε,
2358 4297 2454 4350 καὶ
2484 4290 2594 4347 οἷον
2617 4292 2800 4352 αὐτοῖς
2825 4290 2935 4350 τοῖς
2964 4285 3282 4356 πράγμασιν
3314 4274 3647 4361 ἐφαρμόζειν
3672 4290 3790 4343 φω-

2218 4360 2335 4452 νὰς,
2369 4384 2550 4438 ὁποῖόν
2587 4382 2703 4433 ὲστι
2743 4380 2804 4431 τὸ
2830 4419 2847 4443 ,
2881 4394 2899 4427 t
2942 4371 3270 4443 Αίσχύνθητι
3318 4366 3506 4431 Σιδὼν,
3556 4360 3706 4417 εἶπεν
3754 4362 3789 4430 ἡ

2219 4476 2534 4546 omen-ﬁ
2559 4472 2617 4526 δὲ
2646 4471 2797 4541 lexin;
2818 4468 2915 4537 τῆς
2942 4465 3218 4533 θαλάσσης
3238 4458 3413 4515 εἶπενο
3440 4458 3555 4512 Οὐκ
3580 4455 3789 4546 ῶδὲινον,

3442 4546 3561 4601 οὐδὲ
3603 4543 3794 4613 ὖψωσα

2217 4660 2537 4732 παρθένους,
2571 4676 2589 4709 ι
2649 4652 2965 4725 Περιτίθησι
3007 4648 3106 4719 μὲν
3139 4645 3249 4715 γὰρ
3289 4643 3378 4697 τὸν
3412 4641 3506 4732 sui
3535 4637 3673 4707 τῷδε
3701 4634 3792 4732 λό-

2221 4726 2317 4822 γον
2362 4753 2428 4822 τῇ
2484 4747 2696 4820 Τυρίων
2745 4744 2896 4798 πόλει
2945 4736 3333 4810 πεπορθημένῃ
3382 4731 3525 4785 κατά
3572 4726 3795 4822 καιρούς

2221 4815 2372 4914 παρά
2402 4815 2523 4894 ’τῶν
2566 4815 2953 4892 Βαϐυλωνίων·
3002 4831 3182 4903 φαμὲν
3214 4828 3271 4881 δὲ
3302 4824 3536 4897 πρέπειν
3571 4821 3639 4889 τῇ
3684 4815 3795 4870 τῶν

2220 4913 2558 5006 πραγμάτων
2589 4930 2746 5000 φύσει
2781 4928 2875 4980 τὸν
2904 4926 3080 4994 λόγον.
3110 4920 3269 4975 Οὕτω
3301 4918 3398 4971 καὶ
3442 4918 3471 4968 ὁ
3512 4913 3797 5006 προφήτης

2220 5000 2461 5095 Μιχαίας
2493 5019 2841 5091 είσκεκόμικέ
2875 5034 2979 5070 που
3014 5016 3113 5085 τὴν
3151 5007 3506 5083 Ἰερουσαλὴμ
3534 5003 3672 5095 πρός
3697 5000 3799 5071 τὴν

2224 5093 2518 5168 Βαϐυλῶνα
2544 5111 2807 5180 λέγουσαν
2831 5126 2845 5142 ο
2882 5127 2899 5159 ι
2934 5106 3025 5177 Μὴ
3051 5101 3302 5173 ἐπίκαιρέ
3332 5116 3443 5170 μοι,
3473 5093 3642 5165 ἐχθρά
3673 5106 3796 5161 μου.

2225 5211 2308 5262 ὅτι
2337 5209 2598 5262 πέπτωκα
2626 5205 2719 5259 καὶ
2747 5202 3140 5270 ἁναστήσομαι.
3180 5195 3327 5248 Διότι
3360 5191 3458 5244 ὲάν
3500 5187 3716 5270 καθίσω
3741 5185 3799 5234 ἐν

2227 5298 2307 5369 τῷ
2329 5298 2532 5359 σκότει,
2567 5298 2595 5348 6
2624 5293 2826 5363 Κύριος
2877 5269 3070 5357 φωτιεῖ
3119 5298 3235 5353 μοι’
3270 5279 3438 5351 ὀργὴν
3470 5272 3673 5369 Κυρίου
3700 5269 3800 5369 ὑπ-

2200 5438 2206 5442 .
2232 5393 2384 5457 οίσω,
2408 5390 2489 5443 ὅτι
2519 5389 2763 5459 ἥμαρτον
2792 5380 2960 5452 αὐτῷ,
2982 5378 3085 5440 ἕως
3106 5376 3198 5429 τοῦ
3222 5371 3505 5427 δικαιῶσαι
3521 5362 3685 5419 αὐτὸν
3703 5360 3800 5428 τὴν

2229 5454 2383 5556 δίκην
2415 5454 2668 5555 μου
2694 5479 2908 5548 ποιήσει
2947 5475 3007 5528 τὸ
3036 5472 3209 5544 κρίμα
3245 5485 3368 5539 μου,
3399 5463 3493 5556 καὶ
3527 5454 3704 5556 ἐξάξει
3731 5471 3800 5524 με

2229 5576 2310 5638 εἰς
2324 5547 2385 5627 ’έδ
2402 5571 2786 5643 φῶς.”οιξιομαι
2808 5566 2903 5638 τὴν
2924 5562 3270 5629 δικαιοσύνην
3290 5553 3479 5617 αὑτοῦ,
3499 5551 3592 5605 xa‘t
3612 5547 3801 5615 ὄψεται

571 5641 827 5744 οῖθίίιιιῖε
846 5675 978 5729 dicit
1011 5674 1177 5744 232,
1199 5672 1327 5729 mihi
1350 5688 1373 5729 εν
1389 5641 1484 5728 Ubi
1518 5671 1776 5727 Dominus
1801 5641 1954 5727 Deus
1983 5681 2100 5726 tuus

2235 5641 2467 5739 ἡὲχθρά
2500 5682 2621 5737 μου,
2666 5661 2759 5717 καὶ
2806 5656 3174 5734 περιϐαλεῖται
3220 5648 3446 5719 αἰσχύνη
3488 5646 3522 5712 ἡ
3570 5641 3815 5707 λέγουσα.

646 5836 709 5877 *⁸⁸
741 5833 905 5897 Zach.
937 5833 1098 5901 χιιι,
1137 5831 1198 5890 ⁸2..
1268 5834 1309 5863 ⁸⁷
1354 5831 1452 5886 lsa.
1507 5844 1663 5897 nm,
1717 5828 1777 5887 4.,
