4148 6374
392 410 500 470 373

1452 426 1455 429 '
1534 416 1601 471 ΓΝ
1642 417 1883 473 ῘδᾹΙᾹΜ
1919 416 2046 473 Llll.
2090 418 2155 475 ll.
2198 412 2445 477 TOMUS‘
2479 420 2538 479 ll.

3555 419 3664 474 δτι

393 526 534 599 πρὸς
570 526 668 598 με’
695 528 814 582 H06
844 528 1053 601 Κύριος
1075 532 1104 585 6
1131 530 1264 596 Θεός
1305 551 1433 601 σου;
1466 537 1535 589 Οί
1573 538 1842 609 ὀφθαλμοί
1879 558 1980 610 μου

2108 541 2239 597 )culi
2265 543 2367 598 mei
2392 543 2649 597 videbunt
2692 542 2889 611 ipsam,
2916 553 3060 596 nunc
3090 541 3194 597 erit
3247 541 3661 606 conculcationi,

395 617 698 686 ὲπόψονται
726 620 898 689 αὑτήν
922 635 936 650 ⁸
967 620 1061 674 νῦν
1091 620 1243 675 ἔσται
1268 626 1348 689 εἰς
1373 627 1750 699 καταπάτημα
1780 630 1855 693 ώς
1881 648 1984 698 πη-

396 710 487 773 λὸς
516 713 574 764 ἐν
599 714 720 775 ταῖς
744 712 882 775 ὁδοῖς
912 714 1125 784 ἡμέρας
1160 715 1389 788 ἀλοιφῆς
1428 718 1650 773 πλίνθου
1674 738 1687 753 ·
1714 720 1985 791 ὲξάλειψίς

402 818 496 854 σου
520 804 555 873 ή
593 804 775 875 ἡμέρα
817 806 1021 874 ἐκείνη.
1059 827 1078 860 ι
1111 808 1249 862 Καθ’
1274 812 1341 881 ἢν
1368 811 1612 881 δηλονότι
1654 815 1683 866 6
1714 813 1894 885 Κύρος
1928 831 1985 868 τε

402 897 498 948 καὶ
518 896 692 966 Μῆδοι
716 896 956 969 Πέρσαις
1003 900 1207 971 ἀναμὶξ
1228 903 1466 973 ᾑρήκασι
1492 902 1589 973 τὴν
1610 903 1982 958 Βαϐυλωνίων.

408 987 822 1057 Προσωποποιεῖ
852 992 1139 1061 τοιγαροῦν
1169 994 1261 1046 καὶ
1301 994 1397 1047 νῦν
1429 995 1581 1048 οὐδὲν
1607 990 1769 1067 ἦττον
1809 996 1838 1046 6
1882 1013 1986 1066 μα-

406 1078 596 1147 κάριος
621 1081 924 1151 προφήτης-⁸
958 1083 1309 1153 παρωξύνθαι
1335 1086 1395 1139 τέ
1420 1104 1605 1156 φησιν,
1629 1088 1798 1159 ήγουν
1823 1104 1988 1140 πεπιο

408 1170 639 1240 κράνθαι
684 1173 773 1225 τὸν
815 1173 946 1245 ᾅδην
985 1176 1365 1231 καταϐαίνοντι
1406 1180 1836 1249 συναντήσαντα.
1880 1178 1989 1232 Καί

413 1279 504 1332 μοι
550 1262 644 1316 τοῦ
683 1265 843 1332 λόγου
883 1266 1172 1338 περιάθρει
1212 1268 1313 1339 τὴν
1357 1270 1691 1340 οἰκονομίαν.
1737 1271 1992 1324 Καταδεί-

411 1370 569 1406 κνυσι
613 1354 722 1426 γὰρ
762 1356 852 1410 διά
886 1358 1077 1411 τούτου
1130 1360 1411 1430 μιαιφόνον
1454 1360 1581 1415 ὄντα
1616 1364 1711 1416 καὶ
1742 1363 1991 1432 αίμάτων

414 1447 621 1517 πλήρη,
650 1446 788 1501 ὥστε
817 1449 914 1503 καὶ
939 1449 1099 1519 ἔργον
1125 1452 1229 1522 τῆς
1269 1452 1498 1523 ἐνούσης
1530 1454 1813 1525 ὠμότητος
1848 1454 1993 1525 αὐτῷ

415 1540 596 1593 πάντα
629 1541 813 1611 σχεδὸν
843 1542 1096 1609 γενέσθαι
1127 1544 1218 1597 τὸν
1255 1543 1410 1616 ᾅδην,
1442 1545 1559 1617 ῆτοι
1591 1546 1717 1610 τοὺς
1745 1547 1905 1610 ὄντας
1938 1550 1994 1601 ὲν

413 1630 562 1702 ᾅδου.
594 1633 669 1685 06
694 1633 801 1703 γάρ
822 1632 1157 1688 διαλέλοιπεν
1192 1637 1220 1687 6
1251 1636 1466 1700 ἀλαζὼν
1484 1635 1612 1706 ἔθνη
1628 1654 1687 1690 τε
1714 1639 1808 1691 καὶ
1837 1638 1993 1708 βασι-

422 1725 535 1788 λεῖς
568 1725 736 1795 ἄρδην
766 1726 1095 1799 ἀποκείρων,
1122 1728 1218 1781 καὶ¹
1263 1727 1450 1799 ψυχῶν
1496 1730 1697 1783 ἀθλίων
1739 1730 1829 1783 τὸν
1864 1730 1997 1801 ᾅδην

416 1816 793 1887 ἀναπιμπλάς.
845 1818 1053 1883 Πάντες
1097 1816 1190 1873 οὖν
1234 1822 1283 1873 οί
1327 1821 1603 1889 γίγαντες,
1652 1823 1807 1891 φησὶ,
1851 1822 1996 1876 τοῦτ’

418 1885 665 1966 lcum—0i
711 1907 830 1959 κατ’
864 1906 1017 1976 ἰσχὺν
1046 1908 1307 1979 ἐπίσημοι
1333 1885 1638 1978 γεγονότες,
1663 1885 1759 1965 καὶ
1788 1911 1999 1965 πολλῶν
2032 1885 2072 1940 Β

418 1994 679 2065 ἄρξαντες
731 1996 920 2060 ἐθνῶν,
953 2000 1287 2072 ἀνῃρημένοι
1328 2002 1384 2054 δὲ
1425 2001 1512 2055 διὰ
1547 2001 1664 2065 σοῦ,
1702 2004 2001 2075 ἀποκριθή-

422 2101 626 2150 σονται,
660 2087 754 2140 καὶ
794 2088 999 2160 ἐροῦσι,
1035 2092 1140 2144 Καὶ
1168 2095 1232 2146 σὺ
1272 2093 1445 2156 ἑάλως
1473 2092 1662 2166 ὥσπερ
1692 2100 1785 2147 καὶ
1816 2096 1997 2165 ἡμεῖς.

420 2172 602 2231 Ἤσθα
646 2178 744 2247 μὲν
789 2180 896 2251 γὰρ
946 2181 1250 2252 ἄνθρωπος,
1288 2200 1471 2252 φασιν,
1520 2184 1635 2237 ἀλλ’
1665 2186 1766 2239 οὐκ
1818 2184 2005 2256 ἠξίους

420 2267 579 2322 τοῦτο
610 2270 806 2326 εἰδέναι
852 2273 944 2326 καὶ
988 2277 1206 2345 φρονεῖν
1226 2291 1241 2306 θ
1274 2276 1388 2329 ἀλλ’
1421 2276 1530 2330 οὐδ’
1557 2278 1625 2330 ἂν
1675 2277 1884 2349 ᾠήθης,
1916 2279 2005 2333 ὅτι

425 2364 518 2416 καὶ
544 2363 813 2429 κρείσσων
844 2366 997 2420 ἔσται
1021 2384 1102 2430 τις
1130 2370 1230 2438 τῆς
1257 2368 1355 2439 σῆς
1381 2368 1603 2439 ὀφρύος,
1632 2371 1845 2441 καὶτῆς
1876 2370 2004 2424 δυσ-

424 2456 653 2525 αντήτου
689 2457 891 2527 χειρὸς,
924 2459 1032 2512 είσὶ
1073 2460 1130 2513 δὲ
1172 2462 1256 2514 ὅτι
1304 2462 1399 2514 καὶ
1455 2462 1687 2516 θανάτου
1719 2464 2002 2534 κρείττων,

424 2546 524 2599 οὐκ
550 2547 654 2611 ἔξω
682 2565 785 2601 που
814 2549 956 2620 τάχα
979 2551 1233 2616 τέθεικας
1263 2554 1361 2623 τῆς
1389 2553 1626 2619 ἐλπίδος,
1655 2556 1808 2625 μόλις
1832 2556 1888 2609 δὲ
1912 2559 2005 2609 καὶ

426 2640 523 2708 οὐχ
566 2640 762 2695 ἑκόντα
812 2659 867 2694 σε
912 2642 1159 2715 μάχαιρα
1185 2645 1412 2699 πέπεικε
1438 2647 1652 2717 Μηδικὴ
1679 2648 1767 2701 διὰ
1813 2648 2007 2719 πείρας

427 2731 597 2802 αὐτῆς
624 2733 905 2803 ἐκμαθεῖν,
937 2737 1018 2788 ὃτι
1046 2738 1165 2790 καθ’
1193 2740 1339 2809 ἡμᾶς
1368 2736 1513 2810 ἦσθα
1546 2742 1639 2793 καὶ
1667 2741 1848 2804 αὑτός.
1896 2742 2008 2795 Καὶ

429 2822 560 2889 γοῦν
588 2824 780 2889 ἑάλως,
816 2824 1005 2899 ὥσπερ
1031 2828 1124 2881 καὶ
1154 2831 1337 2899 ήμεῖς.
1368 2830 1590 2902 Κατέὅη
1620 2832 1677 2885 δὲ
1703 2834 1782 2895 είς
1813 2831 1939 2903 ᾇδου
1971 2835 2005 2903 ή

428 2914 557 2980 δόξα
588 2932 702 2981 σου,
740 2918 862 2971 ἀντὶ
895 2921 1011 2984 τοῦ,
1044 2921 1274 2992 ἐσϐέσθη
1306 2921 1554 2993 θανάτῳο
1576 2924 1672 2976 καλ⁸
1702 2924 1764 2977 16
1789 2923 2009 2995 ἀμειδὲς

430 3010 531 3079 τῆς
556 3007 764 3081 φθορᾶς
783 3012 1140 3084 ἐπενήνεκται
1171 3015 1393 3081 κράτος.
1410 3016 1522 3086 Τὴν
1547 3015 1645 3087 σὴν
1668 3016 2009 3087 εὐφροσύνην

430 3100 623 3170 ὄψεται
656 3102 752 3157 καὶ
789 3104 941 3175 μόλις
963 3106 1204 3170 τεθεικὸς
1235 3107 1299 3160 ἐκ
1332 3107 1520 3178 μέσου,
1553 3109 1931 3181 Στρωθήσεται
1952 3110 2010 3163 δὲ

433 3192 597 3264 σῆψις
620 3195 716 3264 μὲν
743 3196 1003 3251 ὑποκάτω
1035 3215 1150 3264 σου,
1168 3202 1457 3269 γενήσεται
1486 3200 1544 3254 δέ
1568 3218 1649 3253 σοι
1680 3202 1774 3255 καὶ
1805 3201 2010 3271 ἅμφιον
2037 3222 2080 3279 ο

430 3284 507 3349 ὡς
545 3286 780 3357 σκώληξ.
819 3289 927 3342 Καὶ
976 3291 1151 3344 κοινὸν
1208 3292 1307 3362 μὲν
1355 3291 1534 3348 10610.
1564 3293 1863 3347 Πεπονθόσι
1905 3294 2014 3366 γὰρ

434 3376 583 3443 ἅπαξ
613 3382 727 3443 τοῖς
760 3380 1119 3450 ἀνθρωπίνοις
1149 3384 1361 3455 σώμασι
1380 3384 1441 3438 τὸ
1467 3385 1776 3449 ἀποθανεῖν,
1807 3384 2014 3456 συμϐή-

436 3489 588 3526 σεται
622 3475 840 3538 πάντως
876 3475 1042 3545 σῆψις
1076 3477 1171 3529 καὶ
1215 3475 1451 3547 σκώληξ.
1505 3476 1653 3547 Πλὴν
1692 3477 1778 3529 ἐπ’
1804 3476 2014 3530 ἐκείνου

436 3562 650 3631 λέγεται
697 3565 899 3631 καλῶς,
923 3567 999 3630 ὼς
1029 3570 1086 3620 ἐν
1117 3568 1269 3634 τάξει
1319 3569 1536 3639 πικρῶν
1582 3568 1921 3638 ὀνειδισμῶν.
1951 3570 2015 3623 Οἱ

437 3654 546 3725 γὰρ
591 3658 668 3719 εἰς
712 3657 879 3730 λήθην
932 3659 1186 3722 πεσόντες
1215 3663 1312 3732 τῆς
1342 3661 1550 3713 ἑαυτῶν
1579 3660 1885 3727 ἀσθενείας,
1919 3662 2015 3715 καὶ

439 3746 503 3799 ὲκ
553 3747 759 3816 πολλῆς
811 3751 951 3818 άγαν
1004 3751 1324 3824 ὑπεροψίας,
1354 3752 1476 3805 οὐδὲ
1507 3753 1590 3807 ὅτι
1624 3753 1901 3807 πείσονται
1948 3753 2017 3807 τὰ

438 3835 755 3909 ἀνθρώπινα
783 3841 1272 3913 προσδοκήσαντες,
1298 3842 1743 3908 κατονειδίζοιντο
1776 3845 1842 3898 ἂν
1874 3846 2018 3898 εἰκό-

438 3943 548 3991 τως
572 3944 587 3961 ⁸
633 3929 709 3991 ὡς
752 3930 810 3982 ἔν
846 3947 910 3999 γε
953 3931 1032 4002 τῷ
1081 3933 1274 3986 παθεῖν
1302 3934 1441 3988 αὐτά
1472 3934 1733 4005 μαθόντες
1780 3935 1951 4005 μόλις,
1980 3935 2017 3990 ἃ

441 4020 578 4091 χρῆν
608 4022 817 4086 είδότας
847 4022 1063 4089 ἑλέσθαι
1094 4027 1313 4096 φρονεῖν
1343 4025 1705 4099 μετριώτερα.
1725 4027 1783 4079 '0
1810 4028 2013 4093 τοίνυν,

442 4111 628 4180 φησιν,
654 4111 920 4183 ὲξιτήλοις
952 4115 1049 4168 καὶ
1093 4113 1399 4184 βασιλικαῖς
1440 4116 1857 4189 ὲνσπαταλήσας
1895 4135 2019 4192 τρυ⁸

442 4204 592 4270 φαῖς,
621 4202 765 4273 ὁμοῦ.
787 4208 901 4268 τοῖς
926 4205 1105 4270 ἄλλοις
1134 4207 1375 4261 κείσεται
1404 4209 1731 4281 περιστολῆς
1758 4210 1901 4282 δίχα,
1925 4214 2020 4265 καὶ

439 4291 741 4363 ἠξιωμένος
782 4294 994 4360 οὐδενὸς
1021 4296 1131 4349 τῶν
1162 4300 1275 4361 τοῖς
1302 4298 1559 4353 τεθνεῶσι
1592 4302 2015 4371 νενομισμένων.

511 4383 646 4451 Πῶς
674 4385 968 4449 ἐξέπεσεν
1009 4386 1079 4441 ἐκ
1121 4388 1228 4442 τοῦ
1263 4390 1525 4457 οὐρανοῦ
1554 4393 1587 4444 ὁ
1623 4391 1958 4460 Ἑωσφόρος
1986 4396 2020 4446 ὀ

445 4477 594 4545 πρωῒ
637 4478 1024 4544 ἁνατέλλων;
1053 4481 1375 4550 συνετρίϐη
1404 4485 1492 4548 είς
1526 4483 1639 4552 τὴν
1663 4483 1780 4553 γῆν
1813 4488 1845 4538 ό
1868 4484 2021 4539 ἀπο-

444 4569 723 4623 στέλλων
754 4571 904 4639 πρὸς
936 4572 1135 4627 πάντα
1167 4574 1239 4627 τὰ
1270 4574 1454 4642 ἕθνη;

528 4663 727 4735 Ἀστὴρ
758 4664 865 4717 τῶν
892 4666 975 4718 ὅτι
1016 4665 1248 4736 μάλιστα
1271 4668 1755 4737 περιφανεστάτων
1792 4672 1822 4724 6
1856 4670 2023 4725 Ἑωσ-

445 4755 611 4829 φόρος
660 4754 802 4808 ἐστίν
822 4773 835 4786 -
879 4756 1088 4826 ἀνίσχει
1111 4757 1168 4809 δὲ
1195 4756 1366 4828 βραχὺ
1394 4760 1499 4828 πρὸ
1526 4761 1722 4831 αὐγῆς,
1744 4762 1839 4814 καὶ
1858 4761 2020 4814 οίονεί

443 4865 529 4912 τις
560 4848 902 4919 προάγγελος
926 4849 1026 4918 τῆς
1054 4847 1203 4919 ἡλίου
1237 4851 1760 4921 μαρμαρυγῆς.“οτι
1778 4852 1835 4906 δὲ
1854 4852 2020 4906 πλου-

447 4938 548 5010 σίῳ
568 4941 709 5008 φωτὶ
738 4939 1176 5010 καταλάμπεται,
1211 4940 1525 5005 διαδείξειεν
1546 4942 1613 4996 ἂν
1637 4943 1771 4996 αὐτὸ
1792 4947 1943 4998 τουτὶ
1962 4946 2021 4998 τὸ

445 5032 620 5103 βραχὺ
671 5032 955 5102 φαίνεσθαι
1003 5033 1111 5105 πρὸ
1162 5033 1356 5104 αὐγῆς.
1396 5033 1542 5096 Ἕως
1589 5034 1686 5105 μὲν
1725 5034 1833 5107 γὰρ
1859 5036 2027 5090 ἔτιτὸ

443 5123 683 5193 αίθὲριον
716 5125 1173 5195 καταμελαίνεται
1209 5125 1389 5196 σῶμα,
1422 5128 1705 5198 μονονουχὶ
1740 5128 2026 5199 φριγώσης

445 5213 659 5277 νυκτὸς,
694 5214 789 5267 καὶ
839 5217 897 5267 ὲν
940 5217 1146 5285 ἀκμαῖς
1205 5216 1358 5278 ὄντος
1399 5217 1493 5269 τοῦ
1529 5218 1774 5282 σκότους,
1804 5209 2045 5287 ἐκφανεῖ

446 5306 643 5379 στὲραν
675 5307 859 5377 ἔχουσι
902 5309 1002 5380 τὴν
1049 5308 1320 5380 ἔκλαμψιν
1366 5311 1415 5363 οἱ
1468 5311 1587 5363 κατ’
1611 5310 1841 5383 οὐρανὸν
1875 5312 2026 5376 ὄντες

444 5402 670 5469 ἀστέρες
688 5418 701 5431 ·
727 5401 940 5472 ἡμέρας
960 5401 1018 5455 δὲ
1038 5401 1206 5473 οὔσης
1233 5404 1419 5471 ἐγγὺς,
1443 5403 1537 5456 καὶ
1564 5398 1675 5456 οἷον
1700 5405 1757 5457 ὲν
1780 5404 2023 5476 πρώταις

446 5493 721 5563 ἐσχατιαῖς
750 5495 843 5547 τοῦ
873 5494 1098 5566 ἡλιακοῦ
1124 5496 1408 5564 γεγονότος
1430 5495 1650 5561 κύκλου,
1676 5497 2021 5552 συστέλλεταί

446 5603 563 5650 πως
593 5586 655 5639 16
690 5589 918 5642 ἑκάστου
949 5588 1062 5657 φῶς
1090 5588 1451 5659 παραχωροῦν
1482 5588 1560 5659 τῷ
1589 5588 1894 5659 προῦχοντι,
1928 5591 2023 5644 καὶ

446 5678 759 5750 ήττώμενον
806 5680 885 5752 τῷ
931 5681 1137 5752 μείζονι
1192 5682 1696 5752 σέλα.’Λμφιλαφὲς
1743 5682 1799 5736 δὲ
1848 5682 2022 5747 οὕτως

516 5839 563 5871 ⁸⁸
608 5839 769 5894 Mich.
826 5855 921 5905 \‘ll,
962 5840 1112 5895 8-11.

2090 643 2148 688 ιιι
2177 634 2347 688 lutum
2373 635 2424 688 in
2452 635 2572 697 viis,
2604 634 2796 689 diehtts
2830 634 3007 687 liturae
3031 632 3216 687 lateris
3233 631 3431 687 delebit
3466 642 3516 686 te
3548 633 3667 688 dies

2087 726 2178 781 ille
2197 726 2261 778 ’⁸.
2299 744 2318 777 ι
2356 725 2472 791 Quo
2506 725 2714 779 scilicet
2739 725 2913 793 Cyrus
2945 732 2999 779 et
3031 722 3165 778 Medi
3185 738 3307 777 cum
3326 721 3505 777 Persis
3532 738 3665 776 con—

2084 818 2317 888 junctim
2349 829 2547 870 terram
2598 817 3020 888 Babyloniorum
3072 817 3425 871 sustulerunt.
3481 816 3671 884 Itaque

2091 909 2439 963 nihilominus
2451 919 2507 963 et
2527 910 2613 963 hic
2634 924 2728 979 per
2740 908 3170 978 prosopopmiam
3196 910 3387 963 beatus
3406 909 3668 979 propheta

2088 1000 2400 1054 exacerbari
2432 1000 2564 1055 dicit
2608 1010 2663 1054 et
2690 999 3004 1067 exasperari
3052 999 3274 1065 inferos,
3321 1008 3671 1054 occursantes

2059 1093 2203 1165 .regi
2262 1091 2681 1163 Babyloniorum
2718 1091 3092 1146 descendenti.
3154 1092 3220 1146 Et
3268 1091 3398 1145 mihi
3460 1093 3671 1145 intuere

2091 1183 2353 1238 orationis
2396 1184 2758 1239 meonomiam
2823 1198 2887 1237 ac
2939 1184 3371 1252 dispositionem.
3422 1182 3673 1236 Ostendit

2092 1275 2237 1328 enim
2261 1274 2587 1328 homicidam
2622 1287 2745 1325 eum
2799 1286 2920 1326 esse
2943 1281 2998 1325 et
3025 1272 3305 1341 sanguinis
3333 1270 3574 1338 plenum,
3606 1276 3667 1321 ut

2093 1374 2241 1421 totus
2283 1365 2397 1419 fere
2450 1364 2712 1427 infernus,
2746 1364 3000 1417 nimirum
3057 1363 3108 1416 hi
3156 1362 3247 1430 qui
3296 1362 3433 1431 apud
3472 1361 3675 1414 inferos

2095 1467 2243 1518 sunt,
2270 1471 2406 1526 opus
2436 1465 2492 1510 et
2524 1457 2746 1509 materia
2782 1454 2980 1507 fuerint
3007 1454 3150 1521 ejus,
3180 1453 3367 1521 quaeiu
3400 1453 3515 1518 ipso
3533 1460 3672 1512 erat,

2096 1546 2452 1602 crudelitatis.
2510 1545 2621 1601 Non
2675 1546 2816 1598 enim
2850 1544 3056 1599 destitit
3098 1544 3363 1611 Superbus
3395 1551 3449 1595 et
3488 1551 3678 1611 gentes

2097 1648 2152 1693 et
2179 1653 2333 1709 reges
2364 1638 2612 1705 stirpitus
2633 1636 2883 1700 evellere,
2911 1644 2965 1689 et
2989 1634 3204 1688 miseris
3232 1633 3513 1687 animabus
3537 1630 3680 1685 inl'e-

2098 1744 2189 1785 ros
2223 1728 2452 1799 replere.
2484 1727 2687 1783 Omnes
2720 1727 2884 1797 igitur
2918 1727 3187 1794 gigantes,
3243 1724 3443 1793 inquit,
3476 1723 3528 1777 id
3571 1732 3676 1782 est.

2102 1820 2305 1874 viribus
2340 1822 2598 1889 insignes,
2630 1830 2684 1874 et
2717 1819 2899 1872 multis
2938 1818 3311 1885 imperitantes
3334 1815 3604 1884 gentibus,
3627 1824 3683 1867 et

2104 1928 2198 1983 per
2223 1923 2274 1966 te
2297 1912 2493 1966 sublati
2539 1911 2959 1979 respondebunt,
2992 1919 3045 1963 et
3074 1910 3274 1969 dicent,
3301 1907 3365 1960 Et
3405 1918 3457 1961 ιιι
3494 1915 3682 1973 captus

2103 2020 2183 2069 es,
2229 2005 2677 2072 quemadmodum
2725 2013 2787 2056 et—
2837 2016 2955 2058 nos.
3007 2002 3139 2056 Eras
3189 2001 3357 2063 enim,
3409 2000 3681 2067 inquiunt,

2105 2096 2287 2161 homo,
2316 2094 2409 2149 sed
2446 2110 2550 2148 non
2579 2095 2829 2164 dignatus
2846 2111 2906 2148 es
2942 2096 3043 2148 hoc
3062 2108 3221 2148 nosse
3251 2107 3423 2160 neque
3443 2090 3680 2144 sentire:

2106 2190 2199 2243 sed
2231 2203 2329 2244 nec
2348 2188 2668 2243 existimasti
2695 2202 3018 2255 quemquam
3049 2185 3163 2239 fore
3187 2184 3276 2253 qni
3338 2180 3683 2250 supercilium

2106 2290 2280 2345 tuum,
2313 2288 2368 2334 et
2396 2294 2613 2332 manum
2674 2278 2967 2332 immanem
3016 2291 3080 2330 ac
3134 2274 3460 2329 horrendam
3505 2280 3687 2341 posset

2106 2388 2382 2442 superare,
2418 2374 2526 2426 imo
2566 2372 2706 2426 forte
2760 2381 2811 2424 te
2854 2380 3081 2424 mortem
3128 2382 3284 2438 posse
3312 2369 3530 2419 vincere
3578 2379 3684 2418 non

2109 2464 2468 2534 desperabas;
2505 2463 2593 2516 vix
2626 2471 2801 2516 autent
2832 2463 2994 2516 etiam
3027 2459 3228 2515 nolenti
3275 2458 3487 2527 gladius
3518 2456 3689 2511 Medi»

2109 2572 2204 2611 cus
2233 2556 2522 2626 persuasit,
2553 2564 2608 2608 ut
2640 2555 2743 2609 hoc
2768 2553 3138 2624 experimento
3180 2552 3442 2612 disceres,
3476 2559 3526 2604 te
3586 2564 3687 2601 no-

2111 2657 2240 2701 strae
2262 2661 2476 2716 quoque
2493 2646 2824 2701 conditionis
2855 2660 2919 2698 ac
2936 2645 3104 2700 sortis
3126 2642 3384 2698 fuisse.Et
3418 2652 3473 2696 tu
3500 2649 3689 2709 captus

2108 2754 2167 2792 es
2197 2740 2337 2793 sicut
2361 2748 2416 2791 et
2444 2752 2544 2791 nos
2579 2756 2593 2790 :
2632 2737 3017 2805 descenditque
3047 2735 3113 2789 ad
3150 2734 3352 2788 inferos
3378 2732 3547 2803 gloria
3573 2742 3687 2795 tua,

2110 2850 2230 2903 pro,
2261 2832 2527 2887 exstincta
2550 2841 2633 2886 est
2655 2838 2861 2894 morte;
2886 2840 2941 2885 et
2972 2830 3124 2883 triste
3148 2827 3491 2884 mortalitatis
3519 2826 3692 2894 impe-

2112 2929 2249 2978 rium
2273 2923 2539 2979 invectum
2562 2930 2668 2986 est,
2703 2930 2958 2990 tuamque
2998 2920 3239 2975 laetitiam
3288 2935 3450 2987 quam
3507 2927 3684 2971 sustu-

2112 3014 2193 3077 lit,
2238 3016 2327 3067 vix
2368 3014 2611 3084 aspiciet.
2646 3011 3043 3067 Substernetur
3087 3011 3250 3066 etiam
3296 3011 3389 3065 tibi
3435 3015 3691 3079 putredo,

2113 3106 2311 3176 lietque
2341 3106 2435 3160 tibi
2463 3105 2664 3160 vermis
2689 3104 3134 3175 proindumeuto.
3152 3103 3327 3171 Atque
3351 3102 3453 3157 hoc
3475 3100 3693 3171 quidem

2112 3207 2197 3252 εει
2239 3212 2521 3252 commune
2552 3218 2563 3251 Ζ
2603 3213 2727 3250 nam
2768 3213 2888 3252 cum
2924 3195 3090 3250 semel
3124 3208 3279 3262 passa
3308 3201 3433 3247 sunt
3465 3201 3695 3246 mortem

2118 3289 2349 3342 humana
2377 3304 2626 3357 corpora,
2658 3304 2874 3358 semper
2913 3298 2967 3341 et
3024 3286 3346 3357 putrefactio
3393 3293 3448 3339 et
3496 3282 3696 3338 vermis

2116 3382 2382 3436 accident.
2418 3382 2523 3435 Sed
2554 3382 2618 3435 de
2649 3382 2740 3435 illo
2772 3380 2993 3450 pulchre
3040 3379 3237 3432 dicitur
3267 3377 3479 3431 acerbae
3505 3384 3698 3429 contu-

2119 3470 2289 3523 melia:
2324 3471 2442 3526 loco
2476 3487 2492 3523 :
2527 3471 2616 3539 qui
2647 3472 2793 3524 enim
2833 3470 2885 3523 in
2934 3468 3262 3523 oblivionem
3295 3472 3562 3518 venerunt
3584 3480 3697 3518 sure

2118 3561 2355 3630 ipsorum
2387 3563 2736 3623 inﬁrmitatis,
2769 3571 2822 3615 et
2866 3570 3086 3629 propter
3114 3559 3378 3629 insignem
3408 3557 3695 3627 quamdam

2118 3654 2481 3720 insolentiam,
2515 3669 2574 3708 se
2624 3654 2759 3707 nihil
2805 3668 3060 3723 passuros
3129 3652 3438 3706 humanitus
3498 3663 3699 3716 exspe-

2117 3756 2284 3814 ctant,
2321 3747 2513 3801 merito
2548 3747 2759 3816 probris
2783 3747 3196 3816 exagitanturet
3222 3744 3482 3807 dicteriis,
3515 3752 3570 3796 ut
3596 3744 3696 3795 ista

2119 3839 2372 3908 patiendo
2402 3855 2544 3909 :egre
2583 3840 2704 3893 licet
2733 3840 2945 3893 discant
2966 3836 3422 3906 quemadmodum
3454 3842 3698 3904 oporteat

2120 3932 2325 3987 sentire
2351 3931 2420 3987 de
2441 3947 2501 3987 se
2530 3933 2843 3987 modestius.
2873 3933 2974 3999 Qui
3004 3932 3189 4002 igitur,
3224 3930 3422 3999 inquit,
3451 3926 3699 3981 mollibus

2121 4038 2184 4079 ac
2222 4024 2488 4095 regalibus
2526 4025 2753 4080 dillluxit
2781 4036 2835 4080 et
2873 4026 3165 4080 luxuriavit
3192 4022 3421 4087 deliciis,
3454 4024 3502 4077 is
3537 4020 3700 4076 simul

2119 4129 2244 4168 cum
2276 4114 2399 4170 aliis
2433 4115 2626 4184 iacebit
2651 4118 2768 4171 sine
2794 4118 3018 4181 amictu,
3052 4131 3150 4170 nec
3180 4116 3265 4169 his
3291 4128 3410 4183 quae
3454 4122 3580 4169 sunt
3604 4113 3699 4168 de-

2120 4219 2265 4260 creta
2283 4217 2337 4262 et
2361 4201 2566 4262 saucita
2598 4209 2829 4265 mortuis
2879 4210 3074 4279 dignus
3106 4206 3411 4261 habebitur.

2194 4389 2361 4443 Vens.
2390 4389 2481 4443 l2.
2516 4389 2791 4454 Quomodo
2837 4389 3020 4442 cecidit
3079 4388 3143 4439 de
3196 4386 3321 4439 caelo
3374 4384 3583 4453 Lucifer
3610 4386 3701 4452 qui

2121 4500 2275 4537 mane
2304 4485 2571 4538 oriebatur
2594 4484 2620 4536 ?
2644 4484 2861 4536 auritus
2896 4492 2972 4536 est
3019 4485 3071 4535 in
3104 4494 3299 4535 terram
3326 4482 3414 4551 qui
3463 4483 3699 4534 mittebat

2051 4583 2095 4638 Ι)
2120 4577 2188 4628 ad
2218 4592 2394 4629 omnes
2416 4586 2589 4644 gentes
2619 4578 2643 4631 Σ)

2187 4666 2349 4737 233
2406 4666 2570 4722 Stella
2634 4667 2965 4721 lucidissima
3038 4676 3123 4721 est
3186 4664 3423 4727 Lucifer,
3475 4674 3530 4718 et
3576 4674 3702 4716 ante

2117 4759 2454 4828 splendorem
2489 4773 2698 4813 aurorae
2719 4758 2995 4829 paululum
3026 4758 3219 4823 oritur,
3283 4767 3336 4812 et
3365 4754 3701 4811 coruscatio-

2121 4851 2205 4903 nis
2232 4849 2392 4904 veluti
2418 4849 2550 4904 solis
2578 4850 2798 4919 quidam
2841 4858 2922 4904 est
2952 4848 3307 4918 praenuntius.
3340 4847 3493 4913 Quod
3519 4856 3701 4899 autem

2119 4942 2434 5008 abundanti,
2460 4950 2515 4997 et
2546 4943 2701 5012 quasi
2730 4943 2897 4997 divite
2930 4942 3048 4996 luce
3069 4941 3401 5011 ell‘ulgescat,
3448 4938 3576 4992 illud
3620 4938 3702 4990 in-

2121 5036 2271 5091 dicio
2283 5050 2405 5090 esse
2425 5035 2798 5105 poterit,quod
2818 5034 2977 5104 paulo
3000 5043 3124 5088 ante
3143 5031 3437 5087 diluculum
3467 5030 3698 5083 eluceat.

2122 5128 2370 5194 Quandin
2416 5128 2558 5183 enim
2602 5129 2884 5183 aetherium
2937 5142 3137 5196 corpus
3178 5135 3355 5178 atrum
3406 5134 3493 5177 est
3544 5131 3699 5175 nocte

2122 5217 2276 5289 quasi
2310 5221 2660 5285 condensata,
2686 5229 2740 5276 et
2770 5220 3245 5289 invalescentibus
3276 5216 3534 5283 tenebris,
3569 5215 3700 5269 luci-

2123 5314 2328 5367 diorem
2363 5312 2563 5367 habent
2589 5312 2889 5368 claritatem
2916 5313 3163 5368 caelestes
3190 5310 3361 5366 stella:
3395 5325 3408 5361 :
3440 5324 3563 5363 cum
3600 5323 3696 5361 au--

2132 5415 2238 5460 tem
2277 5405 2532 5461 adventat
2578 5405 2716 5470 dies,
2766 5415 2819 5461 et
2854 5405 3017 5460 veluti
3055 5403 3185 5459 solis
3219 5412 3461 5458 extremo
3491 5399 3704 5456 circulo

2136 5497 2403 5561 imminet,
2424 5498 2763 5552 contrahitur
2788 5496 3188 5566 quodammodo
3226 5510 3411 5550 earum
3458 5494 3700 5548 omnium

2132 5591 2243 5657 lux,
2272 5594 2469 5645 cedens
2498 5590 2882 5661 prtestantiori,
2924 5600 2979 5645 et
3008 5605 3038 5644 a
3073 5588 3261 5658 majori
3306 5588 3508 5642 lumine
3551 5601 3707 5655 supc-

2132 5694 2269 5739 rata.
2297 5684 2361 5738 At
2390 5684 2623 5739 Luciferi
2665 5685 2844 5739 lumen
2874 5684 3009 5740 adeo
3042 5683 3317 5752 copiosum
3341 5689 3451 5746 est,
3484 5688 3541 5731 ιιι
3576 5677 3683 5731 dilu
