4148 6378
495 431 601 489 ’575

1489 427 1547 483 5.
1590 424 1866 483 CYRlLLl
1901 419 2366 480 ALEXANDRINI
2403 418 2730 475 ARCHIEP.

3656 421 3761 478 576

496 549 622 604 culo
650 556 935 618 appareat,
959 535 1016 604 et
1029 534 1410 606 Eihicationem
1433 547 1647 603 emittat
1674 548 1839 602 radiis
1877 547 2071 602 solari-

2198 544 2295 596 ιστὶ
2324 542 2386 597 τὸ
2418 542 2533 611 φῶς
2564 541 2659 595 τοῦ
2701 540 3031 611 Ἑωσφόρου,
3065 542 3141 604 ὠς
3171 540 3265 593 καὶ
3296 542 3355 593 ἐν
3394 539 3539 612 αὐγῇ
3576 540 3763 609 φαίνε-

493 641 599 697 bus
656 640 984 710 proximam.
1045 640 1334 710 Componit
1396 639 1577 709 itaque
1640 654 1763 693 cum
1826 636 2074 692 Lucifero

501 731 879 804 Babylonium.
905 746 970 786 eo
995 731 1138 800 quod
1164 722 1705 794 antecellatcasteris,
1740 738 1794 783 et
1833 743 1996 782 nemo
2023 726 2072 780 ei

499 824 696 878 similis
729 823 973 892 imperiis
1011 832 1065 877 et
1100 823 1279 893 regnis
1312 822 1699 891 conspiciatur,
1739 822 1921 890 itaque
1949 835 2077 875 con—

498 917 717 987 spicuus
744 925 797 970 ct
828 915 1054 969 illustris
1090 915 1183 979 sit,
1228 924 1287 968 ut
1318 915 1471 984 quasi
1509 916 1649 969 inter
1679 922 1825 967 astra
1872 911 2074 979 reliqua

499 1008 719 1066 Lucifer
778 1009 1063 1064 habeatur.
1119 1008 1393 1065 Caeterum
1468 1025 1825 1078 quacunque,
1878 1008 2073 1079 inquit,

497 1102 666 1174 gloria
697 1102 1089 1168 circumdatus,
1131 1111 1186 1157 et
1233 1104 1285 1156 in
1337 1102 1564 1157 sublime
1595 1102 1865 1166 elevatus,
1904 1112 1959 1156 et
1991 1103 2075 1155 in-

499 1196 639 1250 victa
679 1192 965 1249 nobilitate
994 1193 1365 1264 reSplendens,
1396 1194 1664 1262 quomodo
1705 1192 1906 1248 decidit
1932 1193 2078 1246 velut

498 1299 566 1338 ex
597 1283 775 1343 σαὶιοῖ
800 1284 1132 1353 attritusque
1159 1292 1241 1339 est
1279 1287 1343 1337 ad
1371 1293 1569 1338 terram
1601 1282 1691 1352 qui
1719 1283 1970 1337 mittebat
2011 1283 2077 1337 ad

500 1384 728 1431 cunctas
758 1373 983 1445 gentes?
1013 1372 1146 1427 Illud
1166 1381 1371 1437 autem,
1398 1372 1583 1433 mittit.
1614 1387 1709 1442 pro
1733 1371 2083 1441 jubet,dicit,

504 1465 587 1521 vel
614 1465 776 1520 etiam
813 1465 920 1521 alio
969 1464 1149 1520 modo.
1182 1464 1389 1520 Placuit
1410 1466 1552 1519 enim
1583 1465 1696 1517 fere
1724 1478 1940 1531 semper
1976 1464 2081 1518 Ba-

504 1557 845 1627 byloniorum
887 1558 1130 1628 tyrannis
1157 1572 1326 1627 genus
1353 1557 1655 1610 humanum
1684 1574 1842 1610 Ollllte
1861 1557 1910 1610 in
1930 1572 2080 1611 suam

505 1665 724 1704 manum
750 1665 812 1704 ac
841 1659 1164 1718 potestatem
1194 1650 1461 1720 redigere,
1498 1659 1553 1702 et
1598 1648 1664 1701 ad
1689 1649 1877 1718 jugum
1910 1649 2086 1704 servi-

506 1743 636 1799 tutis
662 1744 898 1799 trahere.
944 1742 1206 1798 llliserunt
1238 1758 1365 1812 ergo
1390 1742 1454 1796 ad
1479 1755 1689 1804 omnes,
1733 1741 1942 1811 glebam
1992 1756 2085 1810 pe-

2178 637 2324 702 σθαι,
2356 636 2449 689 καὶ
2480 637 2599 698 ταῖς
2647 633 2797 705 ἡλίου
2856 632 3039 704 βολαῖς
3070 632 3288 701 γείτονά
3332 648 3450 696 πως
3492 632 3767 685 ποιεῖσθαι

2178 730 2274 800 τὴν
2303 726 2591 792 ἀνάδειξιν.
2630 724 2963 797 Παρεικάζει
2990 725 3171 778 τοίνυν
3213 724 3508 796 Ἑωσφόρῳ
3543 726 3633 778 τὸν
3662 725 3764 777 Βα-

2179 819 2459 882 ϐυλώνιον,
2487 819 2658 874 διάτοι
2686 818 2749 871 τό
2787 816 3049 889 προῦχειν
3072 816 3180 870 τῶν
3217 815 3410 875 ἄλλων.
3436 818 3531 870 καὶ
3560 815 3762 885 μηδένα

2179 912 2303 966 κατ’
2331 911 2492 964 αὐτὸν
2519 910 2749 981 ὁρᾶσθαι
2779 909 2891 963 τῶν
2924 911 2983 962 ἐν
3004 910 3202 982 ἀρχαῖς
3224 925 3283 961 τε
3310 908 3405 962 καὶ
3434 907 3731 976 βασιλείαις
3748 923 3761 937 ’

2179 999 2321 1057 εἶναι
2344 1003 2403 1057 δὲ
2436 1000 2585 1056 οὕτω
2610 1000 2886 1073 περιφανῆ
2921 1001 3018 1055 καὶ
3049 1000 3361 1072 περίοπτον,
3394 999 3469 1061 ὡς
3499 998 3565 1051 ἂν
3592 1000 3766 1050 νοοῖτο

2180 1096 2275 1148 καὶ
2299 1097 2365 1148 ἐν
2391 1097 2501 1158 τοῖς
2528 1093 2709 1158 ἄλλοις
2740 1092 2945 1147 ἅπασιν
2974 1094 3194 1163 ἄστροις
3218 1095 3246 1146 ὁ
3277 1090 3603 1159 Ἑωσφόρος.
3622 1087 3764 1141 Ἀλλ’

2179 1188 2448 1260 ότοιαὺτῃ
2466 1189 2597 1259 δόξῃ,
2613 1187 3022 1259 περιχεάμενος,
3043 1187 3229 1258 φησὶν,
3252 1185 3388 1255 ὑψοῦ
3410 1200 3470 1236 τε
3496 1182 3765 1253 ἠρμένος,

2182 1282 2276 1333 καὶ
2313 1281 2593 1351 ἀνικήτοις
2642 1278 2919 1343 εὐκλείαις
2952 1274 3465 1348 λελαμπρυσμένος,
3518 1273 3634 1336 πῶς
3679 1272 3765 1339 ἐξ·

2182 1372 2379 1427 ἐπεσεν
2399 1373 2475 1435 ὡς
2510 1371 2572 1436 ἐξ
2598 1370 2865 1442 οὐρανοῦς
2908 1368 3194 1440 συνετρίϐη
3223 1368 3282 1421 δὲ
3310 1368 3404 1421 καὶ⁸
3432 1368 3512 1430 εἰς
3548 1367 3647 1438 τὴν
3662 1368 3771 1436 γῆν

2182 1463 2257 1527 ὡς
2284 1464 2629 1518 ἀποστέλλων
2658 1462 2795 1533 πρὸς
2823 1461 3003 1515 πάντα
3028 1462 3097 1515 τὰ
3129 1460 3255 1533 ἔθνη
3277 1478 3299 1528 ',
3321 1459 3395 1512 Τδ
3414 1458 3471 1513 δὲ
3504 1458 3773 1512 ἀποστέλ-

2182 1554 2311 1619 λων,
2342 1554 2465 1608 am
2506 1554 2599 1607 τοῦ
2649 1554 2908 1617 κελεύων,
2943 1554 3128 1623 φησὶν,
3173 1552 3209 1623 ﬁ
3262 1549 3384 1605 καθ’
3410 1550 3599 1621 ἕτερον
3643 1550 3771 1619 τρό-

2185 1663 2305 1701 πον.
2323 1646 2529 1699 Ἐδόκει
2566 1646 2674 1716 γάρ
2702 1663 2818 1708 πως
2844 1645 2934 1698 ἀεὶ
2959 1646 3072 1708 τοῖς
3098 1642 3454 1698 Βαϐυλωνίων
3486 1642 3774 1712 τυράννοις

2184 1739 2332 1793 άπαν
2360 1736 2663 1810 ἀνθρώπων
2701 1736 2852 1800 ἔθνος
2884 1736 2989 1789 ὑπὸ
3018 1738 3177 1807 χεῖρα
3214 1734 3486 1788 ποιεῖσθαι
3521 1732 3618 1804 τὴν
3647 1734 3768 1786 ἑαυ-

504 1846 682 1894 tentes
744 1847 926 1903 terrae,
983 1848 1039 1892 et
1076 1852 1268 1907 aquam
1308 1839 1361 1891 in
1420 1852 1516 1892 vas
1551 1854 1571 1890 :
1610 1836 1773 1889 veluti
1817 1849 1887 1889 ex
1935 1845 2086 1904 parte

2198 1833 2314 1895 τῶν,
2349 1832 2533 1905 χώρας
2580 1848 2639 1885 τε
2681 1830 2901 1893 ἁπάσας
2947 1827 3057 1881 ὑπὸ
3104 1826 3247 1896 ζυγὰ
3287 1824 3529 1887 δουλείας
3570 1823 3770 1877 ἐλθεῖν.

503 1940 811 2001 quaerentes
845 1939 1037 1994 totum,
1075 1940 1295 1995 terram,
1334 1929 1594 1999 inquam,
1621 1935 1677 1983 ct
1717 1940 1889 1989 mare,
1927 1924 2082 1994 quasi

2200 1894 2568 1978 Ἀποστέλλων
2601 1921 2732 1992 γοῦν
2776 1921 2912 1992 πρὸς
2952 1920 3129 1974 πάντα
3174 1894 3245 1972 τὰ
3294 1918 3443 1988 ἔθνη,
3482 1916 3652 1986 βῶλον
3681 1918 3769 1968 αξ·-

506 2022 707 2078 domini
728 2031 911 2078 essent
931 2035 1110 2077 rerum
1135 2021 1401 2075 omnium.

578 2293 747 2349 Vens.
778 2293 961 2349 15-17.
997 2291 1073 2346 Tu
1095 2301 1268 2347 autem
1301 2293 1513 2346 dixeras
1550 2293 1604 2343 in
1644 2288 1823 2343 animo
1865 2298 1992 2342 tuo:
2021 2285 2089 2340 In

509 2387 693 2442 talum
738 2389 1038 2448 ascendam,
1092 2401 1253 2453 supra
1316 2394 1461 2439 astra
1507 2382 1630 2438 caeli
1659 2395 1851 2450 ponam
1899 2378 2089 2433 solium

508 2497 705 2546 meum,
754 2480 938 2535 sedebo
966 2480 1023 2533 in
1063 2487 1240 2533 monte
1279 2476 1439 2539 celso,
1489 2491 1644 2543 super
1674 2482 1873 2527 montes
1924 2470 2087 2526 celsos

507 2575 599 2643 qui
631 2574 701 2627 ad
734 2573 1062 2643 Aquilonem,
1099 2570 1378 2623 ascendam
1428 2583 1585 2633 supra
1616 2566 1796 2631 nubes,
1825 2580 1918 2619 ero
1942 2562 2092 2618 simi-

510 2665 577 2719 lis
598 2664 891 2719 Altissimo.
932 2660 1086 2715 Nunc
1109 2670 1283 2714 autem
1312 2660 1380 2711 ad
1408 2658 1603 2726 inferos
1630 2657 1904 2710 descendas
1946 2663 1997 2707 et
2020 2653 2091 2707 ad

512 2757 857 2826 fundamenta
882 2765 1054 2809 terra.
1090 2752 1193 2818 Qui
1222 2751 1463 2806 uidebunt
1500 2760 1569 2813 te,
1594 2748 2088 2809 admirabunturte,

510 2860 559 2905 et
580 2848 750 2903 dicent
774 2864 798 2902 :
822 2846 925 2901 Iste
939 2846 1113 2911 homo,
1144 2845 1235 2915 qui
1260 2845 1501 2898 irritabat
1536 2853 1728 2896 terram
1769 2841 2089 2901 universam,

513 2940 941 3013 quicomutiebat
971 2956 1137 3010 reges,
1175 2940 1262 3008 qui
1289 2937 1511 3007 ponebat
1545 2936 1721 2989 orbem
1742 2942 1910 2986 totum
1932 2932 1984 2983 in
2006 2947 2093 2984 so-

514 3036 880 3094 litudinem,et
914 3031 1064 3085 urbes
1079 3032 1281 3094 evertit,
1306 3038 1354 3082 et
1380 3028 1469 3098 qui
1500 3028 1554 3081 in
1575 3024 1887 3078 obductinne
1919 3032 2089 3087 erant,

517 3143 620 3181 non
650 3125 824 3181 solvit.

588 3302 886 3376 lnopinaIi-s
911 3301 1313 3358 calamitatibus
1330 3302 1501 3368 ipsum
1531 3296 1828 3353 involutum
1849 3309 1969 3352 esse
1991 3294 2091 3358 ait,

517 3400 646 3457 etin
675 3397 832 3455 malis
861 3404 1059 3468 praeter
1084 3410 1232 3465 spem
1263 3403 1318 3448 et
1352 3390 1517 3463 235
1548 3389 1857 3460 opinionem
1910 3401 2096 3441 νει-εει

523 3503 658 3565 tum,
682 3491 770 3545 vix
807 3488 1020 3543 tandem
1049 3501 1118 3541 ex
1143 3484 1305 3540 rebus
1342 3483 1474 3553 ipsis
1529 3480 1788 3536 didicisse
1834 3492 1893 3533 se
1917 3475 2093 3532 homi-

521 3596 645 3635 nem
670 3592 812 3642 esse,
848 3587 901 3632 et
931 3575 1246 3633 hominibus
1277 3583 1403 3627 ante
1453 3584 1512 3626 se
1562 3569 1795 3625 mortuis
1838 3566 2093 3623 similem.

520 3672 791 3738 Quantum
843 3670 995 3725 enim
1043 3676 1252 3736 spectat
1308 3666 1373 3718 ad
1401 3664 1562 3719 verba
1596 3661 1885 3732 superbiai,
1920 3669 1976 3715 et
2027 3659 2097 3713 ad

522 3764 762 3818 animum
814 3760 909 3816 Dei
953 3760 1078 3815 odio
1115 3757 1453 3829 ﬂagrantem,
1504 3765 1669 3825 atque
1701 3754 1837 3809 adeo
1875 3767 2100 3807 summa:

523 3854 827 3911 insolentia
891 3866 951 3907 ac
1002 3850 1177 3905 fastus
1218 3849 1589 3920 plenissimum
1617 3887 1632 3911 ,
1698 3844 1982 3901 Paululum
2026 3852 2099 3908 te,

526 3945 733 4015 inquit,
790 3957 821 3997 a
891 3942 1086 3996 divinae
1140 3939 1463 4009 priestantize
1531 3936 1853 3993 celsitudine
1908 3934 2100 3989 abesse

524 4033 1099 4107 putabas,e(elumque
1121 4032 1261 4087 forte
1288 4032 1461 4101 ipsum
1484 4030 1581 4085 tibi
1606 4029 1721 4083 fore
1747 4027 1989 4098 pervium
2007 4042 2103 4079 ex-

525 4130 852 4202 spectabas,
908 4138 1169 4196 tuumque
1204 4126 1398 4182 solium
1433 4139 1555 4180 cum
1601 4137 1854 4193 supremo
1906 4124 2103 4175 throno

525 4234 894 4282 certaturum:
923 4221 1037 4277 Deo
1063 4220 1323 4290 arqualem
1354 4228 1405 4273 te
1428 4232 1551 4272 esse
1584 4229 1636 4271 et
1662 4225 1832 4283 supra‘
1877 4222 2100 4268 creatu-

528 4332 643 4372 ram
672 4313 1251 4375 stolideexistimasti;
1285 4319 1335 4365 te
1377 4309 1515 4363 ultra
1543 4308 1713 4361 nubes
1739 4306 2023 4365 scandere,
2052 4310 2107 4355 et

528 4410 582 4466 in
613 4409 745 4479 ipsis
773 4408 944 4477 stellis
960 4405 1248 4463 considere
1279 4401 1578 4459 credidisti.
1614 4400 1883 4456 Caeterum
1909 4398 2104 4467 depre-

526 4502 730 4557 hensus
775 4516 832 4556 es
860 4499 1061 4554 frustra
1105 4498 1220 4553 hac
1262 4495 1557 4565 cogitasse.
1603 4492 1797 4563 Arguit
1834 4500 1980 4544 tuam
2029 4492 2107 4544 si-

2187 2018 2406 2081 τοῦντες
2458 2018 2586 2089 γῆς,
2614 2016 2709 2069 καὶ
2760 2013 2903 2083 ὕδωρ
2951 2015 3031 2077 εἰς
3078 2012 3268 2079 ἄγγος,
3300 2004 3412 2063 οἷον
3458 2011 3523 2061 ἐκ
3570 2008 3769 2078 μέρους

2189 2110 2478 2184 ζητοῦντες
2529 2110 2592 2162 τὸ
2644 2110 2774 2173 πᾶν,
2812 2107 2918 2177 γῆν
2950 2106 3009 2158 τὲ
3040 2122 3182 2175 φημι
3226 2104 3321 2157 καὶ
3369 2101 3664 2162 θάλασσαν,
3694 2098 3776 2161 ὡς

2186 2202 2295 2255 τῶν
2318 2201 2455 2255 ὅλων
2480 2199 2632 2263 ὄντες
2652 2198 2930 2253 δεσπόται.

2258 2292 2343 2347 Σὺ
2363 2291 2431 2345 δὲ
2462 2287 2635 2356 εἶπας
2660 2291 2730 2345 ἐν
2757 2287 2833 2357 τῇ
2873 2286 3105 2352 διανοίᾳ
3142 2300 3288 2339 σουο
3326 2283 3427 2348 Ek;
3458 2280 3563 2334 τὸν
3596 2280 3776 2346 oivpa-

2188 2387 2300 2440 νύν
2334 2383 2734 2453 ἀναϐήσομαι,
2775 2380 2979 2435 ἐπάνω
3017 2377 3136 2431 τῶν
3175 2376 3413 2443 ἄστρων
3446 2371 3551 2426 τοῦ
3585 2373 3775 2438 οὐρα-

2188 2478 2298 2533 νοῦ
2326 2477 2491 2544 θήσω
2517 2476 2624 2530 τὸν
2656 2475 2873 2542 θρόνον
2899 2489 3035 2541 μου,
3069 2465 3252 2522 καθιῶ
3290 2467 3361 2519 ἐν
3383 2463 3504 2533 ὄρει
3529 2460 3771 2531 ὑψηλῷ,

2189 2572 2288 2625 ἐπὶ
2312 2570 2383 2624 τὰ
2413 2570 2520 2638 ὄρη
2548 2567 2619 2621 τὰ
2660 2564 2809 2634 πρὸς
2839 2563 3074 2633 βορρὰν
3103 2561 3174 2615 τὰ
3201 2557 3430 2628 ὑψηλὰ,
3468 2553 3774 2619 ἀναϐήσο-

2184 2680 2292 2734 μαι
2318 2660 2520 2715 ἐπάνω
2552 2658 2672 2714 τῶν
2694 2653 2989 2726 νεφελῶν,
3019 2653 3237 2722 ἔσομαι
3260 2651 3462 2719 ὅμοιος
3494 2645 3576 2711 τῷ
3611 2644 3773 2713 Ὑψί-

2190 2773 2333 2822 (rth
2358 2753 2489 2807 Νῦν
2523 2753 2611 2817 είς
2634 2750 2782 2817 ᾅδου
2814 2745 3148 2813 καταϐήσῃ.
3180 2742 3277 2796 καὶ
3305 2743 3392 2805 εὶς
3428 2738 3503 2792 τὰ
3534 2735 3779 2806 θεμέλια

2190 2844 2302 2913 τῆς
2322 2843 2455 2915 τῆς.
2479 2845 2542 2895 Οἱ
2572 2841 2799 2905 ιδόντες
2826 2853 2901 2892 σε
2928 2834 3349 2904 θαυμάσουσιν
3377 2830 3477 2884 ἐπὶ
3503 2830 3627 2891 σοὶ,
3673 2827 3776 2881 καί

2190 2937 2436 3005 ἐροῦσιν
2456 2953 2469 2965 ·
2488 2929 2677 2999 Οὗτος
2714 2934 2747 2986 ὁ
2776 2931 3086 2999 ἅνθρωπος
3110 2930 3142 2981 ό
3181 2925 3541 2994 παροξύνων
3567 2920 3781 3005 πᾶσαν

2192 3004 2307 3095 τὴν
2338 3024 2479 3097 γῆν,
2524 3026 2556 3076 ὁ
2584 3022 2767 3076 σείων
2804 3016 3110 3085 βασιλεῖς,
3141 3016 3174 3068 ό
3215 3012 3338 3079 θεὶς
3364 3010 3479 3077 τὴν
3507 3004 3773 3075 οικουμέ-

2192 3139 2311 3190 νην
2338 3121 2492 3185 ὅλην
2528 3118 2776 3186 ἔρημον,
2816 3113 2917 3167 καὶ
2947 3110 3051 3177 τὰς
3083 3110 3292 3174 πόλεις
3318 3102 3577 3159 καθεῖλε.
3603 3098 3773 3163 τοὺς

2119 3241 2161 3297 C
2193 3215 2264 3268 ἐν
2292 3208 2570 3281 ἐπαγωγῇ
2610 3210 2719 3262 οὐκ
2750 3206 2959 3260 ἔλυσε.

2278 3304 2587 3372 Ἀδοκήτοις
2619 3299 2781 3353 αὑτὸν
2836 3296 3142 3367 συμφοραῖς
3186 3288 3452 3346 ἐναλῶναι
3494 3285 3649 3357 φησὶ,
3681 3282 3779 3338 καὶ

2196 3400 2307 3460 τοῖς
2351 3396 2483 3466 παρ’
2521 3393 2711 3447 ἐλπίδα
2761 3387 3083 3461 παραδόξοις
3122 3381 3463 3453 ὡμιληκότα,
3495 3378 3571 3433 δι’
3598 3375 3777 3431 αὐτῶν

2198 3490 2292 3543 καὶ
2323 3487 2475 3559 μόλις
2508 3482 2807 3555 ἁναμαθεῖν
2834 3479 2945 3532 τῶν
2973 3475 3340 3549 πραγμάτων,
3366 3472 3448 3524 ὅτι
3478 3485 3539 3522 τε
3579 3466 3781 3534 ἀνθρω⁸

2199 3599 2298 3645 πος
2328 3580 2438 3651 εἴη,
2475 3578 2571 3632 καὶ
2589 3578 2701 3639 τοῖς
2733 3572 2841 3643 πρὸ
2887 3569 3051 3625 αὐτοῦ
3082 3565 3340 3628 τεθνεῶσι
3376 3559 3774 3633 παραπλήσιος.

2200 3677 2367 3728 Ὅσον
2406 3650 2507 3743 μὲν
2549 3670 2662 3742 γὰρ
2688 3664 2827 3740 ἦκεν
2874 3667 2951 3728 είς
2982 3663 3173 3730 λόγους
3212 3655 3539 3729 ὑπεροψίας,
3566 3651 3659 3705 καὶ
3702 3650 3781 3743 είς

2202 3740 2455 3839 φρόνημα
2486 3764 2546 3816 τὸ
2574 3740 2845 3831 θεομισὲς,
2878 3754 3097 3825 καὶτῆς
3138 3755 3218 3815 είς
3250 3750 3420 3821 ἄκρον
3464 3740 3781 3839 ἀλαζονείας

2203 3836 2475 3931 ἔμπλεων·
2529 3857 2714 3924 Ὀλίγα
2752 3851 3103 3924 παραχωρεῖν
3131 3845 3302 3898 ἐδόκει
3348 3858 3455 3931 σοι,
3481 3836 3647 3931 φησὶ.-
3670 3836 3784 3931 τοῖς

2202 3922 2299 4022 τῆς
2328 3950 2478 4013 θείας
2524 3922 2800 4019 ὑπεροχῆς
2837 3922 3129 4012 γὺψὼμασι,
3168 3935 3398 4008 βάσιμον
3430 3925 3647 4022 ἔσεσθαί
3702 3922 3791 4022 σοί

2205 4016 2321 4108 quo;
2352 4042 2447 4096 καὶ
2494 4016 2655 4093 αὐτόν
2698 4053 2801 4090 που
2841 4035 2981 4103 τάχα
3018 4026 3352 4101 προσεδόκας
3395 4022 3487 4075 τὸν
3532 4016 3782 4089 οὐρανὸν,

2205 4136 2299 4189 καὶ
2332 4134 2541 4206 θρόνοις
2582 4133 2695 4192 τοῖς
2739 4125 3064 4196 ὑπερτάτοις
3111 4120 3203 4173 τὸν
3252 4117 3345 4206 sou
3389 4108 3787 4206 ἁμιλλήσεσθαι
3868 4121 3875 4129 ”

2207 4198 2409 4280 θᾶκον·
2450 4222 2709 4292 ἐνόμισας
2742 4213 2994 4287 ἀμαθῶς,
3030 4211 3236 4271 ἰσόθεος
3256 4204 3395 4261 εἷναί
3420 4220 3503 4267 τις
3523 4201 3618 4255 καὶ
3645 4198 3787 4292 ὺπέρ

2206 4317 2303 4389 τὴν
2332 4316 2509 4370 κτίσιν
2530 4290 2554 4341 ’ὴ
2576 4311 2780 4371 ἐδόκεις
2812 4301 3121 4377 ὑπερνεφὴς
3150 4296 3288 4355 εἷναί
3323 4314 3403 4360 τε,
3449 4295 3545 4349 καὶ
3573 4293 3659 4347 ἐπ’
3684 4290 3792 4389 -

2207 4381 2316 4463 των
2348 4407 2531 4479 ίζῆσαι
2562 4404 2673 4458 τῶν
2717 4401 2953 4470 ἄστρων.
3000 4393 3137 4448 Ἀλλ’
3162 4392 3307 4462 ἥλως
3347 4386 3472 4479 εἰκῆ
3502 4384 3580 4479 ,τά
3607 4381 3788 4479 τοιάδε

2210 4472 2590 4571 πεφροντικώς.
2647 4489 2879 4559 Ἥλεγξε
2930 4485 3028 4558 τὴν
3080 4484 3180 4554 σὴν
3228 4475 3621 4534 εἰκαιοϐουλίαν
3679 4472 3794 4525 τῶν

530 4594 758 4648 nistram
814 4591 1225 4661 incogitantiam
1288 4602 1472 4643 rerum
1532 4585 1729 4639 exitus.
1800 4582 2096 4638 Descendes

2214 4568 2554 4668 πραγμάτων
2586 4589 2646 4644 τὸ
2681 4587 2872 4657 πέρας
2909 4577 3356 4668 καταδήσῃᾷγάρ
3394 4575 3473 4634 εἰς
3507 4571 3655 4668 ᾂδρυ,
3693 4568 3791 4668 καὶ

528 4688 673 4744 enim
708 4686 775 4742 ad
809 4685 1030 4747 inferos.
1069 4693 1124 4740 et
1151 4683 1221 4739 ad
1274 4681 1620 4738 fundamenta
1669 4688 1848 4735 terrae.
1900 4677 1970 4732 Et
1997 4676 2110 4730 haec

531 4784 628 4848 ait,
658 4789 717 4834 ut
742 4780 881 4834 forte
914 4777 1091 4833 locum
1132 4775 1402 4847 significet
1430 4773 1695 4840 infimum,
1730 4772 1781 4825 id
1813 4779 1922 4833 est,
1952 4777 2109 4823 exte-

532 4872 709 4926 riores
759 4868 1031 4924 tenebras.
1094 4865 1216 4920 Eris
1270 4873 1476 4927 autem,
1522 4862 1716 4931 inquit,
1792 4858 2109 4913 miraculum

534 4963 861 5024 videntibus,
886 4962 1047 5031 idque
1100 4959 1223 5029 jure
1251 4959 1479 5028 optimo.
1521 4954 1738 5010 Crebra:
1764 4954 1906 5007 enim
1939 4960 2113 5005 muta-

538 5060 737 5125 tiones,
786 5056 1023 5111 maxime
1055 5069 1176 5123 qure
1209 5061 1407 5122 praeter
1437 5064 1611 5118 spem,
1656 5045 1960 5116 percellunt
1991 5058 2112 5109 spe-

535 5163 765 5209 ctantes.
798 5149 1085 5218 Quodnam
1133 5157 1314 5201 autem
1347 5141 1736 5213 spectaculum,
1762 5148 1817 5195 et:
1841 5152 1961 5208 quze
2012 5136 2116 5190 erit

537 5244 713 5299 oratio
764 5244 831 5297 de
873 5240 1010 5297 illo?
1039 5239 1228 5293 Dicent
1274 5236 1473 5303 quippe
1500 5253 1517 5286 :
1551 5233 1659 5287 Istc
1692 5239 1776 5286 est
1821 5229 2029 5286 homo?
2060 5236 2116 5281 at

538 5351 660 5392 cum
691 5349 883 5403 passus
914 5333 1098 5395 fuerit,
1124 5331 1212 5384 vix
1248 5328 1518 5383 hominem
1546 5325 1847 5387 nominant,
1868 5320 2117 5377 fortassis

537 5423 669 5479 olim
702 5424 805 5477 hoc
849 5424 1029 5478 dicere
1060 5423 1261 5477 veriti:
1293 5418 1491 5474 Verum
1541 5416 1750 5472 hiccine
1803 5414 1891 5468 ille
1931 5415 2115 5473 homo,

539 5516 631 5585 qui
662 5515 900 5569 concitat
927 5516 1236 5569 universam
1273 5523 1497 5575 terram,
1537 5510 1629 5580 qui
1672 5521 1825 5578 reges
1854 5504 2118 5568 concutit,

539 5607 631 5677 qui
665 5605 857 5675 redigit
888 5604 1074 5658 orbem
1105 5614 1371 5660 terrarum
1409 5604 1459 5656 in
1494 5600 1860 5663 solitudinem,
1881 5603 1935 5651 et
1958 5594 2119 5649 urbes

539 5695 782 5755 evertit?
835 5695 1011 5750 Mirati
1068 5707 1192 5751 sunt
1252 5710 1357 5750 non
1405 5693 1500 5748 abs
1549 5708 1627 5755 re,
1673 5690 1938 5759 siquidem
1982 5702 2119 5740 unus

541 5793 705 5849 homo
725 5800 913 5847 contra
939 5798 1110 5844 totum
1138 5788 1325 5843 orbem
1348 5796 1616 5839 terrarum
1645 5781 1843 5837 bellum
1864 5778 2115 5848 gesserit,

546 5901 709 5957 regna
733 5880 1133 5953 eonquassarit,
1166 5880 1351 5936 orbem
1390 5875 1735 5933 habitabilem
1772 5875 1826 5927 in
1876 5870 2117 5927 solitudi-

2211 4657 2292 4748 εἰς
2421 4679 2647 4751 θεμέλια
2677 4676 2776 4748 τῆς
2820 4674 2946 4743 γῆς.
2976 4669 3090 4725 Καὶ
3129 4666 3304 4720 ταῦτά
3343 4679 3528 4733 φησιν,
3562 4657 3797 4751 ῖναᾼτὸν

2213 4778 2389 4849 χῶρον
2419 4749 2560 4844 τάχα
2594 4787 2697 4824 που
2729 4764 2967 4837 σημαίνῃ
3008 4762 3101 4816 τὸν
3132 4755 3451 4817 κατωτάτω,
3481 4752 3624 4805 τοῦτ’
3651 4749 3793 4813 ἐστι,

2211 4842 2274 4925 τὸ
2298 4842 2467 4936 ’ἐξὼτε
2479 4842 2566 4938 ρον
2588 4864 2798 4926 σκότος.
2828 4860 2969 4928 "Ean
2990 4857 3047 4910 δέ
3072 4852 3256 4921 θαῦμα
3277 4852 3390 4912 τοῖς
3414 4844 3602 4938 ὁρῶσι,
3635 4842 3790 4938 φησὶ,

2214 4959 2308 5012 καὶ
2340 4932 2489 5029 μάλα
2509 4953 2755 5013 εἰκότως.
2796 4949 2860 5000 Αἱ
2891 4946 2999 5016 γὰρ
3034 4942 3218 5013 ἀθρόοι
3260 4938 3491 5029 μάλιστα
3523 4934 3641 5029 τῶν.
3660 4932 3794 5000 παρ’

2214 5025 2403 5103 ἐλπίδα
2454 5043 2767 5116 μεταϐολαὶ,
2803 5037 3241 5107 καταπλήττουσι
3290 5032 3416 5093 τοὺς
3465 5025 3795 5116 θεωμένους.

2215 5139 2280 5193 Τί
2315 5138 2370 5191 δὲ
2406 5113 2467 5188 τδ
2511 5132 2716 5203 θαῦμα,
2766 5130 2859 5184 καὶ
2909 5125 3026 5188 πῶς
3071 5123 3137 5178 ἂν
3178 5122 3389 5191 γένοιτο
3440 5117 3597 5184 λόγος
3686 5113 3795 5203 ,ἐπ’

2216 5230 2400 5299 αὑτῷζ
2448 5202 2664 5297 Ἐροῦσι
2710 5219 2841 5291 γὰρ,
2892 5208 3062 5278 Οὗτος
3110 5216 3138 5267 ὁ
3184 5212 3521 5299 ἄνθρωποςί
3553 5202 3797 5299 παθόντα.

2221 5293 2374 5391 μόλις
2405 5293 2691 5385 ἄνθρωπον
2723 5306 3081 5380 ὀνομάζουσι·
3116 5304 3257 5371 τάχα
3298 5317 3403 5353 που
3432 5297 3588 5351 τοῦτο
3621 5293 3797 5345 εἰπεῖν

2216 5383 2443 5471 δεδιότες
2462 5383 2652 5461 πάλαιο
2690 5402 2833 5473 Πλὴν
2863 5394 3015 5460 οὗτος
3043 5399 3069 5450 ὁ
3094 5396 3403 5465 ἄνθρωπος,
3424 5393 3453 5444 ὁ
3476 5383 3798 5458 παροξύνων

2221 5503 2399 5555 πᾶσαν
2429 5498 2527 5568 τὴν
2555 5497 2678 5566 γῆν,
2718 5494 2877 5547 σείων
2913 5489 3171 5561 βασιλεῖς.
3207 5488 3234 5538 ὁ
3263 5484 3376 5545 θεὶς
3414 5481 3514 5550 τὴν
3554 5473 3799 5545 οἰκουμέ⁸

2218 5611 2316 5663 νην
2347 5564 2727 5661 ὃλην-ἔρημον,
2763 5586 2855 5639 καὶ
2886 5583 2985 5647 τὰς
3023 5578 3205 5640 πόλεις
3240 5573 3488 5635 καθεῖλες
3521 5564 3802 5663 τεθαυμά-

2220 5657 2382 5740 κασιν
2410 5657 2652 5746 εἰκότως,
2683 5682 2731 5733 εί
2758 5677 3042 5748 ἄνθρωπος
3061 5669 3141 5733 εἷς
3163 5670 3292 5741 ὅλης
3318 5682 3455 5735 κατη
3466 5662 3677 5734 ρέθιστο
3702 5657 3803 5726 τῆς

2222 5775 2312 5829 ὑπ’
2347 5772 2593 5846 οὐρανὸν,
2643 5768 2965 5833 κατεδόνησε
3004 5762 3262 5833 βασιλεῖς.
3293 5758 3506 5827 ἐρήμην
3555 5750 3802 5817 ἀπέφηνε

2222 5867 2329 5921 τῶν
2356 5865 2647 5919 οἰκούντων
2675 5862 2771 5931 τὴν
2795 5856 3143 5927 οἰκουμένην,
3178 5850 3459 5905 κατέσεισε
3493 5845 3550 5897 δὲ
3582 5842 3675 5896 καὶ
3702 5837 3810 5904 τὰς
