4148 6378
401 403 508 461 3⁸17

1542 403 1609 458 IN
1649 402 1885 460 ISAIAM
1927 404 2058 460 LIB.
2099 407 2163 464 ll.
2206 406 2447 467 TUIIU'S
2487 408 2561 463 fl.

3563 402 3677 460 378

404 523 609 586 πόλεις.
641 522 754 575 Καὶ
776 521 829 577 τί
855 520 991 594 πρὸς
1018 520 1224 586 τούτοις
1245 521 1451 594 ἕτερον,
1476 523 1614 585 Τοὺς
1640 524 1699 576 ἐν
1724 525 1995 594 ἐπαγωγῇ

2112 543 2214 581 tem
2244 528 2535 600 redegerit,
2572 526 2841 595 urbesque
2891 521 3247 579 concusserit.
3294 520 3364 577 Et
3406 529 3667 590 praeterea

404 613 506 667 οὑκ
539 611 751 677 ἐλυσεν;
769 612 920 664 Ἐπεὶ
946 611 1003 664 δέ
1026 628 1147 665 τινα
1172 611 1279 666 τῶν
1307 612 1658 684 ἀντιγράφων
1684 612 1817 684 ἔχει·
1850 615 1988 678 Τοὺς

406 708 463 758 ἐν
492 705 788 775 ἀπαγωγῇ,
816 703 866 755 εί
903 702 1003 773 μέν
1039 720 1123 766 τις
1154 703 1324 767 οὕτως
1356 703 1597 774 βούλοιτο
1633 708 1792 770 νοεῖν,
1838 704 1991 777 ἐροῦ-

409 813 531 868 μεν.
572 795 652 850 δτι
683 796 743 849 τὸ
774 794 873 865 τῆς
921 796 1222 866 ἀπαγωγῆς
1278 794 1447 867 ὄνομα
1479 796 1578 868 τὴν
1615 797 1995 868 αἰχμαλωσίαν

408 890 506 943 καὶ
535 888 633 960 τὴν
662 887 1019 952 ἐξανάστασιν
1048 888 1158 941 τῶν
1178 887 1240 953 ἐξ
1275 889 1489 961 Ἰσραὴλ
1525 890 1989 960 κατασημαίνειεν

409 980 496 1034 ἀν.
542 978 1020 1049 Ἀπεκομίσθησαν
1058 980 1167 1050 γὰρ
1211 980 1277 1031 ἐκ
1318 979 1419 1050 τῆς
1480 980 1739 1044 Ἰουδαίας
1772 981 1852 1044 είς
1894 980 1997 1051 τὴν

425 1070 743 1141 Ἀσσυρίων.
787 1068 852 1123 Εἰ
908 1070 965 1124 δὲ
1018 1069 1082 1142 δὴ
1128 1071 1254 1134 τοὺς
1297 1071 1357 1125 ἐν
1406 1072 1669 1142 ἐπαγωγῇ
1730 1070 1877 1140 λέγοι
1932 1072 1994 1125 τὸ

410 1159 645 1231 γράμμα
677 1159 738 1213 τδ
766 1159 931 1232 ἱερὸν,
972 1157 1122 1213 οὐδὲν
1151 1154 1316 1232 ἦττον
1364 1160 1428 1213 σὺ
1478 1162 1713 1231 νοήσεις,
1744 1162 1826 1214 ὅτι
1866 1160 1994 1225 τοὺς

411 1246 568 1309 ὂντας
617 1247 676 1299 ἐν
729 1247 993 1317 ἐπαγωγῇ
1038 1247 1212 1318 θυμοῦ
1263 1248 1493 1321 Κυρίου.
1539 1250 1842 1323 Ἐπηνέχθη
1886 1250 1994 1325 γὰρ

413 1338 597 1401 αὐτοῖς
624 1337 765 1410 ὀργὴ
792 1338 879 1392 διὰ
900 1338 1100 1411 πολλὴν
1119 1341 1415 1410 ἁμαρτίαν,
1452 1341 1511 1394 '0
1526 1341 1995 1413 Ναϐουχοδονόσορ

413 1431 511 1483 οὐκ
548 1429 727 1495 ἔλυσε,
762 1429 908 1485 τοῦτ’
940 1430 1107 1493 ἔστιν,
1142 1433 1241 1485 οὐκ
1270 1432 1440 1501 ἀνῆκε
1468 1435 1565 1505 τῆς
1596 1435 1992 1506 ταλαιπωρίας.

420 1523 563 1576 Ἔδει
584 1522 714 1593 γὰρ,
743 1522 851 1576 ἔδει
870 1524 961 1577 τὸν
981 1524 1136 1597 ἁλιτή
1147 1542 1280 1595 ριον,
1304 1526 1403 1579 οὐκ
1417 1525 1655 1589 ἀλαζόνα
1681 1528 1840 1597 μόνον
1865 1528 1996 1599 ὁρᾶ-

416 1613 559 1679 σθαι,
597 1614 734 1668 ἀλλά
781 1614 888 1687 γὰρ
918 1618 1013 1669 καὶ
1041 1615 1330 1689 θεομάχον,
1360 1620 1454 1671 καὶ
1485 1618 1870 1689 πεπορθηκότα
1895 1619 1995 1690 τὴν

416 1705 542 1775 γῆν,
557 1707 650 1760 καὶ
667 1706 923 1778 σκληρὸν,
938 1709 1032 1761 καὶ
1048 1708 1387 1781 ἀφιλοικτείρ
1394 1727 1549 1780 μονα,
1567 1709 1661 1763 καὶ
1679 1711 1798 1764 κατ’
1811 1709 1999 1764 οὐδένα

414 1797 615 1868 τρόπον
640 1798 819 1853 εἰδότα
847 1798 1016 1853 ἐλεεῖν
1046 1802 1171 1864 τοὺς
1214 1803 1272 1855 ἐν
1303 1802 1560 1873 ἐσχάταις
1587 1802 1747 1866 ὄντας
1786 1818 1996 1872 συμφο-

2091 623 2218 692 quid
2257 620 2388 676 illud
2435 620 2666 675 alterum
2708 619 2810 674 sibi
2840 615 2952 671 vult
2985 634 2998 670 :
3029 614 3095 669 Et
3125 615 3216 685 qui
3268 615 3321 668 in
3354 612 3673 667 inductione

2091 722 2249 769 erant
2275 727 2379 766 non
2413 710 2613 767 solvit?
2651 708 2915 777 Quoniam
2945 722 3072 762 vero
3108 707 3355 774 quaedam
3392 703 3671 772 exempla-

2095 805 2172 858 ria
2205 804 2403 859 habent
2431 817 2458 857 ::
2480 802 2581 869 Qui
2612 812 2770 856 erant
2793 800 2847 854 in
2880 799 3151 869 ἀπαγωγῇ
3177 798 3245 862 θ’,
3267 797 3318 850 id
3350 805 3455 859 est,
3505 794 3677 848 abdu-

2094 897 2298 960 etione,
2322 896 2371 951 si
2397 895 2522 965 quis
2573 896 2648 948 ita
2678 893 2808 949 velit
2853 890 3177 962 intelligere,
3213 889 3459 943 dicemus
3506 886 3676 940 abdu-

2094 988 2293 1043 ctionis
2360 1001 2602 1052 nomen,
2668 985 3038 1053 captivitatem
3117 979 3487 1035 lsraelitarmn
3543 986 3598 1031 et
3645 992 3678 1030 ο

2096 1081 2324 1135 mortuis
2374 1079 2825 1134 resurrectionem
2865 1089 3021 1144 posse
3068 1072 3407 1143 significare.
3445 1069 3685 1124 Ahducti.

2095 1180 2223 1227 sunt
2256 1170 2400 1225 enim
2431 1184 2496 1224 ex
2541 1166 2724 1223 Judtea
2756 1167 2810 1221 in
2861 1166 3163 1236 Assyriam.
3197 1161 3292 1217 Sin
3340 1178 3435 1217 eos
3467 1162 3557 1232 qui
3623 1160 3685 1214 in

2096 1261 2358 1331 ἐπαγωγῇ
2393 1259 2436 1325 ³,
2491 1260 2542 1312 id
2578 1267 2682 1323 est,
2730 1256 3048 1311 inductione
3095 1260 3283 1317 erant,
3326 1267 3479 1306 sacra
3523 1250 3680 1306 Seri—

2098 1363 2251 1422 ptura
2285 1353 2452 1417 dicat,
2483 1346 3378 1417 nihilo-seciusintelliges,quippe
3402 1342 3491 1412 qui
3522 1350 3685 1396 erant

2099 1447 2150 1499 in
2184 1443 2503 1499 inductione
2532 1442 2624 1495 ira:
2658 1439 2889 1493 Domini.
2923 1437 3145 1493 Inducta
3170 1445 3256 1490 est
3294 1435 3437 1489 enim
3464 1433 3573 1487 illis
3602 1434 3689 1487 ira-

2099 1543 2318 1605 propler
2350 1532 2518 1587 multa
2543 1541 2786 1601 peccata.
2829 1529 3335 1584 Nabuchodonosor
3364 1542 3468 1581 non
3497 1525 3690 1590 solvit,

2100 1626 2151 1681 id
2181 1637 2297 1693 est,
2331 1640 2397 1680 ex
2449 1622 2665 1679 miseria
2715 1635 2822 1676 non
2871 1621 3158 1677 relaxavit.
3213 1618 3468 1687 Oportuit
3511 1616 3689 1680 enim,

2098 1719 2337 1790 oportuit
2375 1715 2642 1771 nefarium
2678 1713 2953 1769 hominem
2998 1728 3104 1766 non
3154 1710 3476 1765 insolentem
3524 1709 3688 1760 modo

2100 1809 2363 1879 conspici,
2388 1807 2480 1862 sed
2511 1816 2567 1862 et
2590 1806 2699 1861 Deo
2726 1813 3115 1875 repugnantem
3143 1813 3199 1856 et
3223 1810 3421 1856 terram
3467 1806 3692 1853 vastan-

422 1891 562 1958 ραϊς,
590 1891 685 1944 καὶ
723 1892 1073 1962 πεπραχότας
1107 1892 1328 1957 ἀθλίως.
1375 1894 1715 1966 Ἐφαρμόσαι
1742 1894 1785 1948 δ’
1815 1893 1881 1948 ἀν
1921 1911 2003 1957 τις

2112 1912 2237 1966 tem,
2260 1909 2315 1954 et
2340 1898 2533 1954 durum
2565 1904 2622 1951 et
2649 1894 3137 1950 immisericordem
3166 1901 3218 1947 et
3244 1890 3335 1960 qui
3358 1889 3504 1943 nullo
3527 1887 3699 1943 modo

419 1981 512 2033 καὶ
546 1981 689 2051 μάλα
734 1983 959 2046 εἰκότως
998 1986 1064 2054 τῇ
1110 1982 1206 2036 τοῦ
1251 1984 1429 2038 πάντα
1476 1984 1863 2057 συντρίψαντος
1910 2000 2003 2038 κε-

419 2068 585 2141 φαλῇ,
612 2072 754 2142 φημὶ
783 2071 847 2143 δὴ
879 2071 974 2125 τοῦ
1004 2072 1316 2144 ἀρχεκάκου
1357 2072 1671 2145 δράκοντος,
1700 2073 1771 2127 τὰ
1804 2075 1997 2144 ἱστοριο

419 2159 532 2222 πῶς
558 2160 844 2232 εἰρημένα.
875 2157 984 2215 Ἦν
1018 2162 1117 2234 μὲν
1146 2164 1251 2236 γὰρ
1273 2165 1519 2218 ἀπαιτῶν
1549 2164 1642 2219 καὶ
1677 2165 2005 2219 ἐπισπουδα-

421 2248 574 2322 στὴς,
615 2252 739 2305 καθ’
768 2251 862 2317 οὓς
889 2254 992 2325 ἠδη
1028 2256 1373 2326 προείπαμεν
1415 2258 1653 2328 τρόπους
1677 2274 1691 2288 ·
1733 2258 2005 2311 πέπαυται

421 2341 498 2407 δὲ,
547 2345 643 2397 καὶ
695 2345 760 2397 ἐκ
813 2345 977 2416 μέσου
1008 2346 1221 2416 γέγονε,
1274 2349 1666 2412 καταπαίοντος
1707 2350 1870 2403 αὐτὸν
1912 2349 2004 2402 τοῦ

423 2431 562 2486 Θεοῦ
612 2433 797 2507 πληγῇ
834 2435 989 2508 θυμῷ
1038 2437 1263 2509 ἀνιάτῳ,
1313 2438 1407 2492 καὶ
1454 2438 1715 2511 κατέληξε
1765 2440 2005 2505 κόπτων,

421 2521 511 2580 οἷά
540 2544 625 2591 τις
651 2528 947 2600 δρυοτόμος
973 2530 1255 2601 εὐσθενὴς,
1292 2530 1392 2595 τὰς
1426 2532 1647 2604 κέδρους
1666 2532 1762 2598 τὰς
1790 2533 2006 2605 νοητὰς,

421 2613 498 2672 ὧν
526 2620 622 2676 καὶ
652 2624 681 2675 ό
727 2623 1001 2692 μακάριος
1047 2623 1215 2677 Δαϐὶδ
1244 2624 1610 2695 διαμέμνηται
1661 2624 1835 2693 λέγων
1873 2625 2011 2695 πρὸς

423 2712 515 2766 τὸν
557 2711 667 2768 τῶν
711 2712 847 2767 ὅλων
879 2713 1013 2767 Θεόν
1039 2730 1055 2745 ο
1094 2734 1112 2765 ι
1167 2715 1235 2768 Ai
1284 2715 1464 2787 κέδροι
1517 2715 1612 2769 τοῦ
1665 2716 1897 2770 Λιϐάνου
1945 2714 2011 2779 ἀς

424 2804 746 2874 ἐφύτευσας.
789 2824 809 2857 ι
859 2806 1078 2877 Ἐπειδὴ
1125 2806 1183 2861 δὲ
1231 2807 1705 2879 καταπεφοίτηκεν
1759 2809 1838 2871 είς
1881 2807 2009 2878 ᾅδου

427 2897 643 2962 πάντως
691 2915 793 2952 που
845 2899 1368 2970 καταδεδικασμένος
1416 2901 1444 2953 ὁ
1481 2900 1737 2965 δείλαιος,
1789 2902 1906 2953 ἐκεῖ
1940 2903 2007 2971 τῇ

426 2990 710 3062 παμφάγῳ
774 2991 1130 3063 συνεχόμενος
1181 2991 1375 3063 φλογὶ,
1428 2992 1808 3064 τεθαυμάκασι
1856 2991 2013 3047 τοῦτο

428 3079 693 3145 παθόντα,
728 3081 871 3134 κατά
925 3097 986 3149 γε
1028 3080 1090 3135 τὸ
1123 3081 1290 3150 εἰκὸς,
1321 3082 1376 3135 αἱ
1410 3083 1645 3155 πονηραί
1671 3100 1731 3137 τε
1756 3083 1871 3137 ,καὶ
1922 3082 2012 3136 ὑπ’

430 3171 591 3225 αὐτὸν
622 3171 902 3243 δυνάμεις,
936 3174 1030 3227 καὶ
1054 3174 1195 3243 τάχα
1226 3191 1329 3226 που
1369 3174 1463 3227 καὶ
1505 3174 1873 3246 τεθρηνήκασι
1923 3176 2014 3228 λέ-

2107 1994 2250 2049 norit
2285 1991 2531 2047 misereri
2558 2004 2771 2054 eorum,
2812 1988 2903 2058 qui
2939 1988 2991 2042 in
3014 1986 3286 2042 extremis
3334 1983 3554 2036 fuerunt
3591 1995 3687 2034 ca-

2108 2085 2464 2151 lamitatibus,
2494 2082 2800 2150 misereque
2843 2090 3090 2151 egerunt.
3165 2076 3453 2145 Adaptare-
3505 2082 3687 2127 autem

2106 2180 2226 2250 quis
2244 2176 2466 2250 poterit,
2492 2183 2548 2232 et
2573 2173 2792 2245 quidem
2815 2171 2974 2226 valde
3005 2169 3235 2234 merito,
3262 2168 3377 2222 haec
3400 2180 3520 2235 qua:
3542 2164 3688 2217 dicta

2107 2280 2233 2327 sunt
2264 2269 2542 2335 historice,
2596 2265 2760 2336 capiti
2808 2264 2928 2334 ejus
2971 2262 3064 2333 qui
3118 2261 3300 2317 omnia
3346 2254 3700 2316 comminuit.

2109 2361 2380 2428 draconis,
2398 2362 2639 2431 inquam,
2654 2355 2914 2429 principis
2930 2346 3529 2420 malorum.235Erat
3545 2344 3690 2399 enim

2109 2463 2330 2510 exactor
2360 2462 2417 2509 et
2450 2452 2755 2522 instigator,
2784 2448 2891 2503 illis
2913 2460 3048 2516 quos
3070 2443 3181 2512 jam
3221 2440 3458 2494 diximus
3495 2436 3706 2491 modis..

2109 2547 2352 2602 Cessavit
2405 2554 2585 2600 autem
2625 2552 2680 2598 et
2722 2557 2753 2597 e
2782 2541 2961 2596 medio
2994 2536 3240 2593 sublatus
3272 2544 3378 2596 est,
3402 2531 3510 2585 Deo
3541 2529 3691 2583 illum

2113 2640 2455 2709 pereutiente
2508 2637 2660 2707 plaga
2701 2634 2900 2690 furoris
2949 2627 3258 2691 insanabili,
3296 2634 3357 2680 et
3391 2621 3703 2691 supersedit

2112 2744 2300 2786 secare
2317 2730 2460 2784 velut
2490 2727 2772 2783 frondator
2806 2725 3060 2780 robustus
3081 2720 3272 2775 cedros
3305 2713 3707 2784 intelligibiles,

2112 2838 2343 2893 quarum
2377 2821 2540 2876 etiam
2583 2821 2774 2875 beatus
2809 2816 2975 2873 David
3031 2811 3298 2875 meminit,
3343 2807 3538 2861 affatus
3577 2804 3708 2858 uni-

2113 2915 2385 2972 versitatis
2422 2914 2592 2969 Deum
2638 2928 2654 2968 :
2692 2928 2711 2962 ι
2739 2909 2898 2965 Cedri
2928 2906 3116 2962 Libani
3143 2918 3283 2974 quas
3312 2899 3566 2971 plantasti
3602 2898 3644 2951 '.
3672 2915 3707 2949 ιι

2116 3006 2408 3076 Postquam
2448 3012 2627 3058 autem
2684 2998 2965 3056 descendit
2996 2997 3049 3052 in
3085 2994 3286 3051 Oreum
3321 2990 3542 3046 omnino
3570 3003 3703 3043 con-

2116 3102 2404 3157 demnatus
2449 3099 2634 3163 miser,
2681 3095 2753 3150 ibi
2796 3092 3013 3148 ﬂamma
3044 3089 3288 3144 omnium
3329 3099 3505 3141 rerum
3531 3082 3702 3137 edace

2117 3192 2390 3256 detentus,
2446 3189 2786 3244 mirabantur
2820 3188 2923 3242 hoc
2962 3200 3086 3241 eum
3141 3180 3275 3251 pati,
3324 3187 3382 3232 ut
3409 3173 3713 3232 verisimile

430 3280 624 3332 γουσαι
644 3279 658 3293 ·
700 3265 811 3317 Καὶ
842 3265 906 3317 σὺ
940 3264 1111 3329 ἑάλως
1139 3264 1327 3336 ὥσπερ
1366 3268 1460 3318 καὶ
1489 3244 1671 3337 ημείς,
1705 3244 1762 3320 ἐν
1798 3268 1928 3337 ἡμῖν
1959 3266 2014 3320 δὲ

2119 3291 2224 3349 est,
2252 3296 2484 3351 nequam
2516 3296 2580 3335 ac
2607 3280 2681 3334 illi
2706 3278 2938 3334 subditae
2968 3244 3269 3346 potestates
3299 3286 3313 3323 :
3356 3279 3411 3325 et
3451 3267 3706 3323 fortassis

432 3356 839 3425 κατελογίσθης,
870 3357 965 3410 καὶ
999 3357 1067 3411 τὰ
1098 3358 1309 3421 τούτοις
1344 3357 1429 3427 ἐφ’
1459 3356 1608 3427 ἑξῆς.
1644 3353 1751 3411 Ἦν
1778 3358 1876 3429 μὲν
1909 3356 2016 3427 γὰρ

430 3446 491 3500 τό
532 3465 598 3517 γε
629 3441 766 3519 ἧκον
796 3449 877 3511 είς
908 3446 1087 3513 δόξαν,
1118 3447 1389 3518 ἐπίσημος
1431 3448 1488 3500 ἐν
1531 3446 1803 3516 ἀγγέλοις,
1839 3448 1931 3499 καὶ
1959 3448 2017 3498 ἐν

432 3544 550 3606 ταῖς
580 3541 694 3596 ἀνω
723 3542 1019 3611 δυνάμεσιν
1051 3541 1378 3613 περιφανὴς,
1416 3540 1670 3613 καθάπερ
1699 3537 1891 3612 ἀμέλει
1924 3540 2019 3593 καὶ⁵

433 3634 493 3687 ἐν
518 3635 630 3697 τοῖς
650 3632 868 3705 ἄστροις
897 3632 1226 3703 Ἐωσφόρος.
1254 3632 1510 3699 Ἐξέπεσε
1529 3631 1586 3683 δὲ
1610 3631 1706 3684 καὶ
1729 3628 2015 3701 συνετρίϐη

434 3730 795 3803 πεφρονηκὼς
859 3730 1142 3802 ὑπέρογκα
1172 3770 1187 3796 ,
1236 3730 1331 3783 καὶ
1363 3729 1463 3799 τὴν
1518 3728 1656 3801 μόνῃ
1703 3727 2021 3799 πρέπουσαν

433 3826 502 3896 τῇ
524 3824 805 3894 ὑπερτάτη
829 3823 990 3892 φύσει
1016 3824 1183 3893 τιμήν
1215 3840 1275 3874 τε
1314 3822 1409 3875 καὶ
1437 3821 1594 3886 δόξαν
1628 3818 1872 3891 ἁρπάσαι
1900 3818 2021 3872 τολ-

439 3917 641 3988 μήσας,
675 3917 736 3969 τό
778 3934 842 3985 γε
877 3910 1012 3989 ἧκον
1065 3918 1142 3978 είς
1190 3915 1606 3986 ἐγχειρημάτων
1647 3913 1877 3985 δύναμιν
1926 3913 2021 3966 καὶ

437 4009 518 4072 είς
551 4008 674 4061 νοῦν
707 4009 799 4061 τὸν
848 4009 906 4061 ἐν
934 4007 1101 4077 αὐτῷ.
1152 4006 1291 4059 Ἀλλ’
1320 4006 1395 4069 ὥς
1429 4022 1592 4075 φησιν
1620 4004 1650 4056 ό
1690 4003 1978 4075 προφήτης
2004 4017 2016 4030 ·

437 4101 828 4173 Καταῦέὸηκεν
880 4102 961 4164 εἰς
989 4100 1139 4172 ᾅδου,
1180 4100 1275 4153 καὶ
1306 4100 1386 4163 είς
1419 4098 1489 4152 τὰ
1520 4096 1747 4169 θεμέλια
1789 4097 1888 4166 τῆς
1920 4096 2023 4166 γῆς

436 4196 468 4248 ὸ
494 4195 661 4250 πάλαι
697 4194 858 4248 σείων
890 4195 1071 4247 πᾶσαν
1103 4192 1202 4264 τὴν
1237 4192 1363 4262 γῆν,
1406 4194 1434 4245 ὁ
1468 4189 1582 4254 θεὶς
1626 4189 1727 4261 τὴν
1768 4189 2023 4259 οἰκουμέ-

434 4304 537 4376 γην
557 4287 633 4351 ὡς
659 4287 865 4359 ἔρημον
886 4303 900 4316 ·
923 4286 1136 4357 ἐρήμην
1164 4284 1276 4355 γὰρ
1306 4284 1405 4355 τῆς
1432 4282 1667 4354 ἀληθοῦς
1696 4280 2022 4351 θεογνωσίας

439 4372 687 4448 ἀπέφηνε
739 4377 837 4448 τὴν
891 4377 983 4430 ὑπ’
1042 4374 1292 4447 οὐρανὸν,
1353 4374 1449 4428 καὶ
1501 4372 1692 4427 οὐδένα
1746 4372 2024 4434 παντελῶς

2119 3370 2406 3442 plorarunt
2454 3370 2697 3423 dicentes
2726 3382 2740 3419 :
2770 3364 2837 3420 Et
2866 3376 2919 3419 tu
2953 3374 3143 3434 captus
3171 3376 3231 3416 cs
3250 3356 3704 3429 quemadmodum

2117 3474 2171 3518 et
2197 3477 2317 3528 nos,
2345 3461 2440 3516 sed
2495 3461 2638 3515 inter
2688 3475 2786 3514 nos
2824 3466 3106 3526 reputatus
3137 3469 3218 3517 es,
3251 3462 3307 3506 et
3345 3465 3465 3519 qtnn
3510 3462 3694 3502 conse-

2118 3563 2375 3625 quuntur.
2401 3554 2531 3607 Erat
2546 3551 2715 3618 enim,
2741 3549 2883 3620 quod
2906 3549 2973 3604 ad
2996 3546 3225 3618 gloriam
3244 3546 3460 3610 attinet,
3482 3542 3714 3611 insignis

2119 3648 2260 3701 inter
2286 3645 2528 3714 angelos.
2559 3651 2613 3698 et
2645 3641 2698 3695 in
2731 3639 2945 3709 superis
2975 3633 3700 3708 potestatibusspectabilis.

2118 3736 2283 3792 veluti
2308 3735 2567 3789 nimirum
2600 3735 2740 3787 inter
2778 3740 2925 3786 astra
2976 3727 3217 3783 Lucifer.
3243 3726 3449 3783 Cecidit
3496 3740 3624 3779 vero
3653 3730 3709 3776 et

2119 3828 2484 3884 comminatus
2526 3833 2610 3881 est
2655 3824 2891 3895 superba
2929 3822 3196 3892 cegitans,
3238 3829 3292 3873 et
3329 3821 3592 3873 honorem
3644 3831 3709 3870 ac

2121 3922 2349 3992 gloriam
2401 3919 2503 3975 soli
2552 3932 2780 3973 summa:
2833 3927 3045 3970 naturai
3087 3925 3476 3983 congruentem
3518 3925 3717 3980 rapere

2122 4013 2366 4081 cupiens,
2398 4018 2661 4079 quantum
2695 4005 2971 4062 molimine
2998 4016 3056 4061 et
3089 4007 3269 4060 animo
3323 4012 3553 4074 poterat.
3603 4000 3716 4056 Sed

2124 4114 2184 4158 ut
2212 4104 2473 4175 propheta
2507 4101 2584 4156 ait
2612 4115 2625 4151 :
2660 4097 2957 4155 Descendit
2988 4099 3055 4153 ad
3093 4097 3301 4153 inferos
3333 4108 3389 4153 et
3426 4098 3478 4151 in
3522 4095 3719 4150 funda-

2124 4202 2305 4250 menta
2344 4202 2524 4257 t‘errse,
2581 4191 2671 4261 qui
2704 4190 2833 4246 olim
2880 4199 3046 4245 totam
3102 4199 3302 4245 terram
3345 4186 3718 4251 concutiebat,

2125 4288 2215 4357 qui
2247 4287 2555 4342 universum
2586 4285 2773 4340 orbem
2823 4281 3028 4353 redegit
3068 4282 3120 4336 in
3154 4281 3468 4344 desertum;
3522 4278 3712 4331 descr-

2128 4388 2238 4433 tum
2268 4381 2411 4434 enim
2442 4391 2658 4433 omnem
2686 4385 2841 4431 terra:
2866 4374 3057 4429 orbem
3088 4370 3269 4426 effecit
3292 4385 3416 4424 vera
3450 4368 3544 4423 Dei
3576 4368 3719 4424 noti-

442 4469 669 4541 ιχουσαν
710 4470 812 4539 τῆς
859 4468 1061 4540 ἀρετῆς
1106 4467 1369 4540 ἐργάτην.
1420 4467 1531 4520 Καὶ
1577 4466 1677 4519 οὐκ
1721 4465 1877 4518 ἔλυσε
1925 4464 2014 4535 μὲν

2129 4473 2225 4537 tia,
2258 4485 2378 4541 quat
2414 4469 2613 4524 nullum
2638 4482 2862 4538 prorsus
2910 4466 3140 4520 haberet
3170 4464 3385 4519 virtutis
3419 4461 3713 4517 cultorem.

440 4562 567 4626 τοὺς
608 4563 668 4618 ἐν
713 4562 1000 4632 ἐπαγωγῇ.
1057 4560 1393 4632 Κεχάρισται
1431 4559 1488 4612 δὲ
1536 4556 1694 4611 τοῦτο
1735 4560 1848 4620 τοῖς
1894 4555 2014 4609 αὐτὸ

2130 4561 2240 4617 Nec
2278 4560 2436 4617 solvit
2464 4573 2557 4614 eos
2580 4558 2673 4627 qui
2701 4566 2859 4612 erant
2896 4557 2951 4610 in
3003 4555 3315 4611 inductione
3341 4568 3404 4607 ac
3450 4552 3721 4607 custodia.

444 4650 762 4706 πεποιθόσιν
815 4652 845 4704 ὁ
879 4650 1105 4720 Κύριος,
1139 4648 1376 4720 εἰρηκὼς
1420 4666 1439 4698 ι
1482 4649 1593 4711 τοῖς
1650 4649 1707 4699 ἐν
1767 4646 2014 4716 δεσμοῖςε

2134 4653 2238 4708 Sed
2270 4654 2373 4707 hoc
2402 4651 2629 4721 largitus
2650 4658 2735 4703 est.
2754 4648 3013 4704 Dominus
3042 4647 3128 4701 his
3161 4646 3252 4716 qui
3277 4646 3329 4699 in
3380 4645 3498 4713 ipso
3529 4645 3711 4698 credi-

456 4742 754 4810 Ἐξέλθετε,
787 4743 1016 4805 καὶτοῖς
1050 4743 1108 4794 ἐν
1128 4740 1208 4812 τῷ
1258 4741 1468 4794 σκότειο
1518 4737 2014 4809 Ἀνακαλύφθητε.ι

2132 4746 2351 4810 derunt,
2371 4742 2561 4798 dicens
2589 4759 2608 4793 ι
2637 4740 2876 4796 vinctis:
2907 4738 3095 4804 Exite;
3132 4747 3187 4792 et
3218 4736 3325 4791 illis
3351 4735 3440 4804 qui
3475 4744 3631 4787 erant
3662 4734 3719 4787 in

442 4837 554 4891 Kal.
587 4835 694 4907 μὴν
746 4835 842 4889 καὶ
872 4837 986 4899 τοῖς
1023 4834 1130 4889 ὑπὸ
1160 4833 1313 4888 θείαν
1356 4832 1528 4905 ὀργὴν
1561 4831 1806 4901 γεγονόσι
1848 4829 1939 4884 διά
1966 4830 2014 4883 τὲ

2134 4836 2400 4892 tenebris:
2429 4833 2860 4900 Revelamini";
2887 4832 3012 4887 ised
3041 4841 3095 4887 et
3117 4830 3312 4885 divinae
3330 4829 3422 4883 ira:
3447 4825 3721 4894 obnoxiis,

442 4930 557 4991 τοῖς
585 4926 752 4990 θείοις
774 4927 1181 5000 ὲμπαροινῆσαι
1210 4926 1415 4997 νόμοις,
1443 4922 1839 4996 άμνησικάκως
1867 4922 2014 4991 ἀφεὶς

2131 4927 2274 4999 quod
2322 4927 2375 4983 in
2412 4926 2621 4981 divinas
2670 4926 2817 4996 leges
2881 4924 3376 4988 debaccharentur,
3433 4920 3728 4975 remittens

443 5016 516 5071 τὰ
545 5016 889 5089 ἐγκλήματα,
926 5018 1020 5071 καὶ
1064 5016 1379 5082 ἀπαλλάξας
1418 5016 1570 5087 δίκης
1599 5018 1726 5080 τοὺς
1755 5014 1815 5080 ἐξ
1858 5012 2024 5068 ἀσθε-

444 5109 591 5175 νείας
616 5111 967 5183 ἀνθρωπίνης
995 5110 1211 5175 πολλοῖς
1251 5109 1724 5181 ὑπενηνεγμένους
1759 5109 2031 5179 πταίσμαο

450 5216 553 5253 σιν.

520 5293 751 5359 Πάντες
788 5296 843 5348 ol
891 5292 1177 5358 ,ϐασιλεῖς
1224 5290 1342 5345 τῶν
1391 5289 1583 5344 ἐθνῶν
1623 5288 2033 5359 ἐκοιμήθησαν

448 5385 521 5439 ἐν
551 5384 710 5455 τιμῇ,
763 5383 1075 5454 ἅνθρωπος
1130 5385 1201 5438 ὲν
1246 5383 1325 5449 τῷ
1378 5384 1522 5448 οἴκῳ
1569 5383 1774 5437 αὐτοῦ.
1836 5383 1920 5437 Σὺ
1965 5381 2034 5435 δὲ

449 5477 680 5548 ῥιφήσῃ
708 5478 779 5532 ἐν
809 5477 935 5544 τοῖς
977 5476 1184 5545 ὄρεσιν
1211 5476 1291 5543 ὡς
1339 5477 1552 5545 νεκρὸς
1599 5474 2069 5547 ἐϐδελυγμένοςλι

454 5570 601 5642 μετὰ
635 5568 885 5624 πολλῶν
930 5569 1305 5636 τεθνηκότων
1352 5568 1870 5638 ὲκκεκεντημένων
1914 5586 2029 5639 μα-

454 5664 709 5733 χαίραις,
741 5662 1223 5716 καταϐαινόντων
1259 5663 1347 5728 εὶς
1374 5660 1544 5728 ᾅδου.

529 5842 573 5873 ’³
605 5841 889 5907 Abductio,
927 5840 1199 5899 exsilium.
1280 5842 1293 5872 ‘
1352 5838 1615 5904 luducdo,
1682 5836 1974 5903 vinculum,
2008 5850 2211 5890 carcer.

2132 5016 2342 5084 culpas,
2362 5013 2635 5070 oblivione
2655 5021 2875 5084 peccata
2898 5010 3241 5075 oblitterans,
3257 5023 3311 5065 et
3327 5008 3590 5079 supplicio
3611 5008 3723 5062 exi-

2138 5122 2291 5161 meus
2364 5105 2455 5175 qui
2512 5118 2581 5159 ex
2639 5104 2957 5160 infirmitate
3022 5103 3256 5159 humana
3328 5101 3510 5155 multis
3573 5100 3723 5155 vitiis

2138 5196 2577 5268 implicabantur.

2212 5290 2372 5346 Vens.
2402 5291 2489 5353 18,
2523 5288 2609 5344 l9.
2644 5288 2836 5343 Omnes
2877 5304 3019 5356 reges
3046 5288 3274 5356 gentium
3307 5286 3637 5340 dormierunt
3669 5284 3725 5337 in

2138 5383 2355 5448 honore,
2378 5383 2531 5434 homo
2566 5380 2619 5434 in
2661 5383 2815 5434 domo
2858 5396 2979 5434 sua.
3023 5377 3099 5431 Tu
3124 5391 3296 5432 autem
3323 5377 3582 5446 projectus
3619 5376 3728 5429 eris

2139 5478 2192 5529 in
2222 5474 2506 5538 montibus,
2534 5474 2685 5544 quasi
2716 5484 2954 5526 mortuus
2986 5471 3351 5525 abominabilis
3388 5486 3504 5522 cum
3544 5468 3730 5522 multis

2140 5569 2356 5623 mortuis
2396 5568 2651 5636 confossis
2702 5567 2901 5637 gladio,
2940 5565 3369 5620 descendentibus
3394 5565 3461 5615 ml
3499 5561 3723 5631 inferos.

2292 5837 2308 5865 ’
2337 5834 2478 5889 [δεδι.
2516 5848 2633 5895 cm,
2673 5832 2753 5889 lli.
2830 5834 2871 5859 "
2906 5831 3012 5883 Isa.
3044 5845 3191 5893 μιν,
3225 5829 3275 5880 9.
