4148 6378
436 350 546 410 379

515 474 591 530 Ex
630 475 790 530 rebus
818 475 1112 546 prateritis
1138 474 1447 548 aliquando,
1480 478 1679 548 inquit,
1720 476 2022 548 graviorem
2051 482 2104 543 Α

445 567 564 635 ejus
592 563 960 622 calamitatem
989 568 1227 624 ostendit
1253 585 1267 634 ;
1296 579 1349 625 et
1382 582 1570 624 verum
1595 580 1679 624 est
1700 571 1843 640 quod
1866 570 1975 624 dixi
2007 587 2022 624 :

445 659 717 727 siquidem
772 675 892 715 non.
928 660 1050 729 pari
1085 670 1235 716 sorte
1290 676 1412 716 cum
1457 661 1680 730 reliquis
1712 663 1872 733 potiri
1902 678 2023 717 eum

447 751 697 819 contigit,
733 750 825 819 qui
866 749 946 805 sic
997 751 1274 805 fastuosus
1310 760 1394 805 est
1417 759 1473 806 et
1501 752 1831 820 cervicosus,
1864 762 1917 807 et
1943 756 2026 809 in-

445 841 800 911 comparabili
853 841 1112 911 dignitate
1159 850 1410 905 evectus,
1463 852 1522 895 ut
1563 844 1616 896 in
1638 842 1748 898 alto
1794 844 2030 901 culmine

446 930 655 987 locatus
707 932 973 987 videatur.
1012 929 1091 984 llli
1131 931 1276 986 enim
1308 973 1324 999 ,
1370 932 1582 1002 inquit,
1620 933 2031 990 obdormierunt

444 1037 553 1077 non
578 1022 785 1092 absque
815 1023 1042 1089 honore,
1072 1038 1246 1092 neque
1273 1025 1390 1077 sine
1418 1024 1759 1080 charissimis
1794 1026 1894 1080 sibi
1928 1026 2027 1081 ho-
2096 1046 2103 1053 ο

446 1114 647 1184 spitiis.
679 1115 748 1170 At
788 1124 843 1170 tu
886 1114 1078 1169 horum
1117 1129 1310 1170 exsors
1355 1116 1601 1182 omnino,
1652 1116 1703 1169 in
1760 1117 2031 1172 montibus

442 1206 653 1268 iacebis
672 1208 1047 1261 exsecrandus
1070 1215 1125 1261 et
1147 1206 1442 1275 projectus,
1466 1205 1632 1277 236
1666 1206 1715 1261 id
1739 1218 1845 1271 est,
1866 1208 2029 1263 olitus

447 1308 503 1352 et
526 1308 751 1367 aspectu
776 1298 1116 1354 invenustus.
1143 1296 1284 1364 Quid
1308 1298 1452 1351 enim
1486 1312 1713 1368 corpore
1742 1310 1957 1354 mortuo
1977 1310 2033 1354 et

446 1391 702 1445 vestitum
748 1406 853 1445 non
897 1390 1130 1466 habente
1169 1405 1292 1446 esse
1343 1393 1544 1457 poterit
1600 1395 2033 1449 exsecrabilius?

447 1480 758 1538 Occumbes
816 1482 980 1551 igitur
1025 1497 1151 1537 cum
1204 1484 1429 1555 reliquis
1474 1486 1564 1556 qui
1614 1485 1807 1541 Medici
1866 1488 2031 1558 gladii

448 1589 616 1644 opera
643 1575 990 1639 interierunt,
1017 1575 1163 1630 nullo
1188 1585 1243 1632 te
1264 1581 1509 1646 lugente,
1539 1593 1714 1647 neque
1734 1578 2031 1650 lacrymum

451 1676 799 1723 mortuorum
835 1670 1091 1724 comitem
1143 1669 1462 1738 distillante,
1498 1686 1601 1725 non
1642 1674 2033 1741 parentationis

451 1759 658 1814 honore
704 1761 1138 1817 cobonestanle:
1180 1762 1272 1817 sed
1325 1764 1397 1817 ita
1430 1764 1772 1829 miserabilis,
1807 1767 1877 1818 ita
1909 1779 2034 1834 pro-

1434 355 1493 412 S.
1543 352 1821 411 CYRILLI
1859 354 2328 415 ALEXANDRlNI
2366 361 2687 419 ARCHIEP.‘

3602 368 3709 428 380

2212 482 2307 536 ’Ex
2346 484 2456 539 τῶν
2491 485 2879 559 ὑπαρχθέντων
2911 485 3021 541 ἐσθ’
3058 487 3168 552 ὅτε,
3199 488 3357 560 φησι,
3381 494 3702 561 φορτικωτέ-

2130 589 2229 644 ραν
2266 573 2431 629 αὐτοῦ
2474 576 2574 648 τὴν
2625 577 2911 649 συμφορὰν
2957 577 3323 632 διαδείκνυσι·
3370 582 3463 633 καὶ
3509 581 3712 653 ἀληθὲς

2124 668 2262 739 ὅπερ
2291 667 2428 740 ἔφην
2452 686 2466 700 ·
2514 671 2562 722 εἰ
2596 671 2670 741 μὴ
2714 670 2771 723 δὲ
2817 670 2923 725 τῶν
2973 671 3101 725 ίσων
3136 672 3334 745 συνέϐη
3372 676 3555 743 τυχεῖν
3598 678 3711 739 τοῖς

2126 761 2326 826 ἄλλοις,
2348 762 2438 814 τὸν
2458 761 2601 816 οῦτω
2624 764 2894 835 περιφανῆ
2918 765 3012 817 καὶ
3034 764 3310 835 ὑψαυχένα
3328 765 3424 819 καὶ⁴
3450 767 3712 838 ἀσυγκρίο

2126 870 2240 917 τοις
2270 855 2585 925 ὑπεροχαῖς,
2617 857 2695 919 εἰς
2732 856 2795 909 τὸ
2828 856 2961 926 ὑψοῦ
3009 857 3283 911 τεθεῖσθαι
3311 859 3486 913 δοκεῖν
3530 861 3702 931 ἠρμέ-

2128 961 2235 999 νον.
2265 947 2328 999 Οί
2366 946 2465 1017 μὲν
2494 947 2602 1019 γὰρ
2635 948 3014 1019 κεκοίμηνται,
3047 950 3233 1022 φησιν,
3273 944 3336 1004 ού
3373 951 3496 1020 δίχα
3518 952 3706 1021 τιμῆς,

2128 1033 2249 1088 οὔτε
2288 1035 2393 1107 μὴν
2427 1035 2531 1103 ἔξω
2568 1054 2671 1090 που
2717 1037 2825 1090 τῶν
2865 1039 2946 1091 ὅτι
2982 1038 3221 1109 μάλιστα
3250 1039 3582 1108 φιλαιτάτων
3612 1042 3711 1093 αύ-

2128 1128 2241 1188 τοῖς
2272 1126 2724 1198 ἐνδιαιτημάτων.
2778 1129 2850 1182 Σὺ
2899 1129 2956 1182 δὲ
3006 1130 3100 1183 καὶ
3153 1129 3360 1183 τούτων
3404 1131 3712 1203 ἀμοιρήσας

2131 1219 2428 1283 παντελῶς.
2462 1223 2521 1273 ὲν
2549 1220 2698 1291 ὄρεσι
2727 1221 2883 1293 κείσῃ
2914 1221 3187 1293 βδελυρὸς,
3234 1223 3337 1276 καὶ
3361 1224 3711 1295 ἐρριμμένος,

2130 1310 2272 1364 τοῦτ’
2298 1310 2464 1377 ἔστιν,
2494 1309 2703 1374 όδωδώς
2732 1329 2788 1364 τε
2816 1312 2909 1365 καὶ
2940 1312 3184 1385 ἀτερπὴς
3212 1314 3293 1378 εἰς
3331 1313 3479 1367 θέαν.
3511 1314 3576 1366 Τί
3606 1314 3714 1384 γὰρ

2130 1402 2197 1457 ἂν
2243 1402 2454 1470 γένοιτο
2496 1401 2894 1475 βδελυρώτερον
2944 1403 3195 1474 σώματος
3241 1403 3436 1475 νεκροῦ
3469 1405 3565 1459 καὶ
3613 1422 3714 1458 πε-

2136 1491 2383 1563 ριστολὴν
2413 1493 2513 1545 οὐκ
2562 1491 2806 1563 ἕχοντος;
2839 1491 3012 1563 Κείσῃ
3054 1491 3118 1564 δὴ
3173 1488 3265 1547 οὖν
3299 1494 3433 1564 ὁμοῦ
3476 1497 3589 1558 τοῖς
3622 1495 3714 1549 ἄλ·
3778 1563 3783 1568 ⁸

2133 1585 2262 1647 λοις,
2291 1583 2341 1636 οἳ
2375 1584 2651 1655 μαχαίρας
2681 1584 2841 1654 ἔργον
2892 1585 3149 1653 γεγόνασι
3190 1587 3460 1656 Μηδικῆς,
3505 1586 3718 1651 οὐδενὸς

2134 1678 2228 1730 ἐπὶ
2255 1677 2338 1730 σοὶ
2372 1676 2760 1747 θρηνήσαντος,
2787 1677 2847 1729 οὐ
2876 1676 2937 1730 τὸ
2965 1679 3078 1740 τοῖς
3107 1676 3360 1731 τεθνεῶσι
3390 1678 3719 1732 ἀκολουθοῦν

2136 1768 2526 1835 ὲπιστάξαντος
2566 1769 2823 1840 δάκρυον,
2880 1769 2982 1823 οὐκ
3029 1770 3300 1838 ἐνταφίοις
3352 1771 3715 1841 τιμήσαντοςο

451 1851 695 1909 calcatus
724 1854 856 1922 eris,
897 1862 956 1908 ut
988 1870 1019 1908 a
1052 1854 1283 1910 subditis
1318 1856 1442 1921 tuis,
1477 1856 1653 1925 iisque
1688 1828 2033 1926 despectissi-

2147 1828 2363 1930 οἰκτρὸς,
2393 1859 2450 1913 δὲ
2481 1828 2651 1923 οὕτως
2676 1828 3191 1930 ’καῖ’ὲρῤιμμένος,
3236 1828 3311 1922 ὡς
3343 1828 3567 1931 μηδενὸς
3608 1828 3717 1913 τιῦν

451 1946 576 2010 mis,
611 1947 753 2000 nulla
783 1946 836 2001 in
876 1963 933 2002 rc
959 1947 1197 2003 dilleras.
1229 1947 1333 2004 Sed
1362 1958 1416 2004 et
1440 1950 1720 2005 sciendum
1747 1958 1828 2004 est
1860 1965 2032 2021 usque

452 2040 519 2093 ad
548 2038 634 2093 illa
672 2055 1055 2111 processuram
1096 2041 1563 2096 lamentationem.

525 2218 691 2275 Vens.
715 2217 807 2275 20.
833 2219 1287 2285 Quemadmodum
1309 2220 1464 2275 vestis
1484 2222 1740 2292 sanguine
1756 2240 2036 2289 conspersa

454 2329 558 2367 non
588 2323 661 2367 est
692 2315 912 2380 munda,
948 2314 1025 2367 sic
1058 2329 1221 2381 neque
1253 2322 1309 2366 tu
1332 2315 1435 2369 eris
1462 2316 1688 2369 mundus
1715 2330 1734 2369 :
1764 2327 2035 2386 propterea

453 2405 593 2472 quod
620 2413 814 2458 terram
843 2421 1012 2458 meam
1054 2405 1354 2473 perdidisti,
1387 2415 1435 2459 et
1474 2406 1723 2475 populum
1750 2423 1922 2460 meum
1952 2410 2035 2461 in-

457 2496 732 2565 terfecisti,
784 2512 1109 2566 nequaquam
1144 2496 1473 2566 permanebis
1525 2497 1581 2549 in
1636 2502 2039 2567 perpetuitatem

455 2592 725 2657 temporis.

527 2679 660 2747 Qum
710 2682 893 2751 gravia
932 2682 1221 2738 admodum
1263 2682 1463 2753 ﬂagitia
1511 2693 1657 2749 sunt,
1701 2698 1930 2754 quaeque
1971 2686 2042 2738 ab

459 2774 775 2829 auctoribus
815 2775 930 2830 suis
970 2774 1255 2831 diﬂiculter
1285 2776 1389 2830 elui
1425 2786 1672 2847 possunt,
1701 2792 1763 2832 ea
1794 2777 2043 2832 tinctura:

474 2864 757 2933 cujusdam
790 2866 961 2921 instar
988 2867 1227 2923 colorata
1258 2867 1443 2922 videre
1467 2869 1614 2924 licet.
1639 2868 1888 2925 Ostendit
1916 2884 2044 2925 vero

462 2971 557 3011 eos
593 2957 929 3013 commisisse
969 2958 1128 3029 digna
1172 2969 1411 3014 extrema
1454 2960 1558 3026 ira,
1595 2971 1649 3016 et
1683 2962 1875 3032 dignos
1920 2977 2045 3033 sup-

464 3047 627 3115 plicio
653 3049 802 3103 vitiis
845 3064 911 3104 ex
942 3064 1097 3119 aequo
1130 3052 1505 3120 respondente.
1536 3050 1702 3120 Igitur
1730 3067 1836 3106 non
1864 3051 2044 3107 absol—

464 3138 633 3204 veris,
661 3138 856 3209 inquit,
887 3154 918 3194 a
952 3142 1191 3210 peccatis
1250 3157 1427 3212 neque
1455 3145 1687 3198 mundus
1707 3143 1838 3212 eris,
1872 3159 2045 3215 neque

468 3227 845 3284 misericordia
898 3232 1111 3302 dignus.
1167 3232 1289 3288 Eris
1325 3243 1504 3288 autem
1536 3236 1956 3301 contaminatus,
1994 3247 2050 3292 et

472 3320 743 3376 indelebili
774 3324 938 3378 credis
964 3324 1198 3379 crimine
1228 3326 1677 3393 commaculatos,
1703 3329 2051 3398 quemadmo-

469 3413 598 3467 dum
645 3430 776 3470 sane
823 3417 1207 3473 vestimentum
1254 3421 1515 3492 sanguine
1563 3422 1805 3476 mistum.
1865 3420 2051 3477 Perdi-

469 3506 597 3561 disti
642 3509 787 3562 enim
832 3518 1032 3565 terram
1080 3521 1345 3578 sanctam,
1390 3522 1445 3567 et
1488 3511 1736 3568 occidisti
1794 3513 2048 3583 populum

467 3600 601 3654 Inibi
646 3602 981 3670 deputatum.
1036 3623 1054 3655 ι
1098 3603 1327 3672 Quando
1361 3625 1380 3658 ι
1428 3607 1596 3674 enim,
1631 3606 1828 3677 inquit,
1860 3626 1879 3659 ι
1920 3606 2054 3663 divi-

468 3692 628 3746 debat
652 3692 970 3751 Altissimus
996 3705 1211 3766 gentes,
1245 3696 1387 3752 tilios
1410 3697 1584 3751 Adam
1610 3683 1747 3767 quos
1770 3698 2051 3767 dispersit,

467 3786 748 3840 constituit
790 3786 925 3843 lines
949 3788 1189 3857 gentium
1223 3790 1523 3843 secundum
1560 3805 1849 3844 numerum
1890 3804 2053 3861 ange-

468 3874 643 3930 lorum
676 3878 808 3947 Dei;
836 3890 891 3934 et
925 3878 1101 3933 factus
1131 3892 1214 3935 est
1250 3896 1377 3950 pars
1405 3880 1618 3935 Domini
1651 3882 1880 3951 populus
1912 3883 2051 3952 ejus,

465 3966 681 4030 Jacob;
729 3971 1001 4027 funiculus
1063 3973 1400 4031 haereditalis
1459 3974 1575 4044 ejus
1623 3975 1786 4030 Israel
1819 3976 1860 4028 ³.
1895 3995 1915 4027 ι
1958 3976 2055 4033 Est

470 4059 637 4128 igitur
662 4062 1043 4130 gravissimqu
1075 4076 1350 4120 se-coutra
1385 4076 1585 4121 terram
1618 4067 1857 4130 Domini,
1882 4068 1935 4121 id
1971 4076 2057 4124 est

469 4150 793 4222 Ecclesiam,
848 4156 1120 4223 attollere,
1175 4167 1231 4213 et
1268 4159 1531 4215 adversus
1555 4160 1811 4230 populum
1838 4159 2057 4217 Christo

473 4245 790 4315 deputatum
815 4248 1019 4304 audere
1044 4251 1324 4307 homicidii
1371 4253 1548 4308 scelus
1571 4253 1878 4309 admittere.
1897 4252 2057 4309 Nullo

469 4338 615 4391 enim
655 4340 812 4394 modo
850 4340 955 4395 erit
988 4343 1244 4409 mundus,
1290 4345 1383 4415 qui
1426 4354 1535 4398 tam
1572 4345 1900 4415 prodigiosis
1939 4360 2058 4401 sce-

473 4432 678 4487 leribus
736 4432 999 4490 irretitur.
1059 4434 1270 4491 Dixerit
1324 4445 1506 4491 autem
1550 4436 1844 4507 quispiam,
1867 4438 2052 4501 credo,

2077 3190 2124 3253 C

2140 1952 2315 2006 άλλων
2359 1952 2677 2021 διενεγκεῖν,
2712 1952 2762 2005 οί
2813 1952 2906 2005 xui.
2932 1951 3219 2021 γεγόνασιν
3254 1952 3357 2005 ὑπὸ
3404 1954 3560 2023 χεῖρα
3598 1952 3720 2023 σὴν,

2141 2046 2235 2098 καὶ
2263 2046 2599 2116 ἀσημότατοι
2626 2044 2923 2107 παντελῶς.
2957 2045 3169 2098 Εἰδέναι
3210 2044 3267 2098 δὲ
3299 2045 3611 2114 ἀναγκαῖον,
3632 2046 3722 2101 ὅτι

2145 2136 2309 2208 μέχρι
2347 2136 2551 2191 τούτων
2578 2139 2605 2191 ό
2633 2136 2827 2208 θρῆνος
2858 2137 3133 2206 στήσεται.

2219 2232 2329 2285 Ὃν
2380 2231 2603 2299 τρόπον
2657 2229 2887 2299 Ιμάτιον
2940 2228 3324 2299 πεφυρμένον
3368 2228 3439 2283 ἐν
3497 2230 3722 2299 αἵματι,

2144 2318 2344 2372 οὐκέτι
2398 2318 2677 2386 καθαρόν,
2732 2319 2921 2384 οὕτως
2967 2318 3108 2373 οὐδὲ
3145 2319 3228 2372 σὺ
3275 2318 3389 2387 ἔσῃ
3432 2320 3722 2387 καθαρός-ο

2145 2410 2294 2464 διότι
2324 2409 2440 2477 τὴν
2465 2410 2593 2480 τῆν’
2609 2429 2729 2480 μου
2767 2409 3105 2475 ἀπώλεσας,
3140 2409 3238 2462 καὶ
3267 2409 3373 2462 τὸν
3406 2410 3562 2463 λαόν
3605 2426 3729 2476 μου

2145 2502 2519 2570 ἀπέκτεινας,
2552 2506 2624 2559 οὐ
2657 2503 2743 2573 μὴ
2770 2504 2987 2573 μείνῃς
3013 2504 3101 2569 εἰς
3131 2501 3236 2555 τόν
3262 2501 3446 2555 αὶῶνα
3479 2502 3721 2571 χρόνον.

2214 2684 2294 2737 Τὰ
2324 2683 2649 2754 παγχάλεπα
2681 2681 2787 2734 τῶν
2833 2680 3259 2751 δυσσεϐημάτων
3285 2677 3630 2732 δυσέκπλυτά
3664 2678 3727 2730 τέ

2149 2779 2286 2839 ἐστι,
2327 2776 2420 2829 καὶ
2463 2779 2573 2837 τοῖς
2618 2773 2936 2845 δεδρακόσιν
2978 2772 3116 2826 αὐτὰ
3166 2770 3346 2842 βαφῆς
3386 2787 3530 2834 τινος
3571 2769 3730 2839 δίκην

2150 2864 2574 2937 ἐγκεχρωσμένα
2618 2862 2932 2933 καταθεῷτό
2987 2879 3070 2926 τις
3109 2861 3195 2916 ἄν.
3236 2859 3609 2915 Ἀποδείκνυσι
3638 2873 3732 2927 γε·

2154 2959 2262 3031 μὴν
2313 2958 2510 3020 αὐτοὺς
2557 2956 2657 3025 τῆς
2702 2957 2782 3019 είς
2828 2953 2981 3026 λῆξιν
3022 2953 3261 3025 ἡκούσης
3304 2950 3731 3034 ἀγανακτήσεως

2152 3050 2507 3120 πεπραχότας
2557 3048 2706 3112 ἄξια,
2752 3048 2846 3100 καὶ
2890 3046 3044 3117 δίκης
3079 3045 3261 3109 ἀξίους
3305 3045 3405 3115 τῆς
3442 3044 3733 3116 ἰσορρόπου

2153 3147 2265 3207 τοῖς
2287 3144 2623 3212 αἰτιάμασιν.
2650 3139 2859 3193 Οὐκοῦν
2887 3140 2986 3192 οὐκ
3005 3137 3422 3209 ἀπαλλαχθήσῃ,
3448 3137 3599 3207 φησι,
3624 3135 3732 3188 τῶν

2159 3233 2665 3305 πλημμελημάτων,
2705 3230 2813 3284 οὐδ’
2842 3230 2908 3285 ἂν
2951 3233 3130 3298 γένοιο
3176 3229 3437 3300 καθαρὸς,
3468 3230 3560 3282 καὶ
3598 3245 3733 3280 κατ-

2162 3322 2523 3393 οικτείρεσθαι
2572 3320 2819 3393 πρέπων.
2852 3320 2991 3390 Ἐσῃ
3031 3318 3087 3372 δὲ
3120 3319 3262 3372 οὕτω
3303 3317 3742 3389 μεμολυσμένοῆ

2158 3417 2253 3470 καὶ
2279 3413 2650 3484 ἀναπόϐλητον
2684 3411 2823 3483 ἔχων
2854 3411 2955 3480 τῆς
2998 3411 3309 3481 μιαιφονίας
3356 3410 3416 3463 τὸ
3464 3409 3733 3480 ἔγκλημα,

2159 3509 2410 3579 καθάπερ
2467 3506 2661 3576 ἀμέλει
2714 3505 2809 3559 καὶ
2858 3505 3073 3575 ἱμάτιον
3123 3504 3314 3574 αἵματι
3367 3503 3731 3575 πεφυρμένον.

2172 3600 2485 3664 Ἀπώλεσας
2519 3599 2629 3670 γὰρ
2669 3598 2770 3670 τὴν
2799 3597 2906 3667 γῆν
2945 3597 3045 3668 τὴν
3083 3596 3263 3664 ἁγίαν,
3320 3595 3642 3657 ἀπέκτεινας
3679 3594 3737 3647 δὲ

2161 3694 2256 3748 xui.
2281 3694 2371 3745 τὸν
2399 3692 2771 3762 ἐκνεμηθέντα
2795 3688 3047 3761 μοιλαόν·
3083 3709 3100 3739 ι
3130 3690 3257 3741 Ὅτε
3280 3685 3735 3758 γάρζδιεμὲριζε,›

2163 3788 2347 3860 φησὶν,
2380 3806 2398 3837 ι
2418 3784 2726 3853 δ”Υψιστος
2754 3782 2904 3854 ἔθνη,
2936 3781 3029 3844 οὓς
3044 3782 3350 3852 διέσπειρεν
3378 3778 3737 3848 υἱοὺςἋδάμ,

2162 3882 2388 3951 ἔστησεν
2427 3880 2552 3951 ὅρια
2583 3876 2775 3938 ἐθνῶν,
2810 3874 2952 3929 κατὰ
2995 3874 3226 3947 ἀριθμὸν
3271 3873 3517 3941 ἀγγέλων
3562 3869 3698 3924 Θεοῦ
3725 3889 3738 3903 ·

2163 3975 2258 4028 καὶ
2288 3971 2519 4042 ἐγενήθη
2553 3970 2710 4040 μερὶς
2748 3968 2957 4038 Κυρίου
2996 3966 3121 4029 λαὸς
3149 3965 3314 4019 αὑτοῦ
3348 3964 3565 4029 Ἰακὼϐ,
3596 3965 3744 4033 σχοὶὲ

2166 4082 2331 4137 νισμα
2362 4062 2726 4134 κληρονομίας
2765 4061 2931 4113 αὐτοῦ
2976 4058 3215 4129 Ἰσραήλ.
3259 4077 3277 4108 ι
3334 4058 3623 4111 Πάνδεινον
3650 4051 3745 4109 οὖν

2164 4160 2271 4231 ἄρα
2291 4158 2352 4211 τὸ
2375 4151 2806 4225 κατεπαίρεσθαι
2826 4154 2925 4222 τῆς
2949 4150 3042 4204 τοῦ
3066 4149 3271 4222 Κυρίου
3293 4150 3419 4221 γῆς,
3441 4147 3536 4203 τοῦ
3547 4150 3587 4202 τ’
3605 4147 3744 4215 ἐστι,

2162 4252 2263 4321 τῆς
2311 4246 2659 4316 Ἐκκλησίας,
2704 4243 2799 4296 καὶ
2839 4241 2910 4295 τὰ
2935 4244 3036 4312 τῆς
3079 4240 3391 4311 μιαιφονίας
3424 4238 3748 4310 τολμήματα

2165 4340 2425 4413 πληροῦν,
2469 4337 2612 4391 κατά
2649 4334 2743 4389 τοῦ
2781 4332 3176 4404 ὲκνεμηθὲντος
3216 4331 3349 4386 λαοῦ
3400 4331 3476 4403 τῷ
3503 4330 3742 4402 Χριστῷ.

2170 4437 2363 4488 Ἔσται
2393 4432 2503 4502 γὰρ
2536 4428 2655 4482 κατ’
2683 4425 2871 4481 οὐδένα
2903 4425 3103 4496 τρόπον
3141 4424 3401 4496 καθαρὸς,
3450 4425 3479 4477 ὁ
3516 4426 3628 4486 τοῖς
3656 4421 3749 4475 οὖ-

473 4521 670 4579 ιιιόειειε
706 4533 781 4583 ει,
802 4525 1040 4594 ipsorum
1076 4524 1541 4599 Jerosolymorum
1573 4527 1917 4585 calamitates
1944 4530 2045 4584 ani-

2169 4546 2276 4592 τως
2306 4524 2558 4587 ὲκτόποις
2589 4519 2811 4581 ὲναλοὺς
2849 4518 3209 4588 ἐγκλήμασιν.
3240 4518 3377 4589 Φαίη
3421 4516 3466 4569 δ’
3501 4514 3568 4570 ἂν
3596 4511 3749 4586 οἶμαι

475 4628 568 4668 mo
614 4623 670 4669 et
705 4617 1037 4686 cogitatione
1078 4634 1308 4675 versans
1339 4638 1354 4675 :
1384 4620 1599 4691 Ergone
1631 4633 1727 4674 sua
1753 4630 1946 4691 sponte
1972 4636 2045 4676 ve

2156 4644 2261 4689 τις»
2290 4620 2389 4682 τὰς
2417 4616 2509 4671 ἐπί
2546 4632 2609 4683 γε
2637 4616 2705 4684 τῇ
2763 4610 3019 4683 Ἰουδαίᾳ,
3048 4609 3144 4664 καὶ
3186 4611 3370 4673 αὐτοῖς
3408 4609 3463 4662 δὲ
3502 4612 3613 4673 τοῖς
3654 4609 3750 4661 '1':-

475 4707 559 4761 nit
607 4705 1029 4779 Babyloniorum
1084 4722 1345 4782 tyrannus
1374 4753 1391 4778 ,
1426 4722 1482 4767 et
1524 4711 1810 4767 Judaicam
1856 4720 2045 4768 terrarr

2161 4712 2481 4791 ροσολύμοις
2524 4703 2810 4777 συμφορὰς
2842 4702 3180 4774 ἐκνενοηκώς
3208 4719 3222 4733 ·
3250 4697 3397 4771 Ἀρα
3442 4701 3551 4771 γὰρ
3598 4699 3751 4753 αὑτό.

477 4800 829 4870 oppugnavit,
880 4803 1136 4872 cepitque
1188 4815 1437 4858 sanctam
1477 4805 1777 4869 civitatem,
1808 4821 1914 4860 non
1941 4820 2045 4875 per

2164 4808 2324 4881 μολος
2363 4799 2500 4875 ἧκεν
2540 4801 2569 4852 ὁ
2598 4795 2958 4850 Βαϐυλωνίων
2985 4795 3272 4865 τύραννος,
3308 4794 3403 4847 καὶ
3444 4793 3752 4863 κατεστρά-

479 4893 731 4947 mittente
773 4893 849 4948 illi
892 4893 1003 4950 Deo
1052 4895 1157 4949 hoc
1200 4895 1421 4960 facere,
1469 4896 1581 4950 imo
1616 4913 1719 4951 non
1769 4898 2045 4952 tradente‘

2160 4915 2319 4953 τευσε
2344 4897 2444 4966 τῆς
2478 4888 2744 4945 Ἰουδαίων
2768 4888 2895 4958 γῆς,
2927 4882 3040 4940 εἷλε
3089 4886 3146 4939 δὲ
3181 4885 3277 4939 καὶ
3316 4885 3414 4956 τὴν
3444 4885 3608 4953 ἀγίαν
3649 4883 3750 4936 πόο

481 4984 743 5055 Equidem
774 4988 950 5057 inquit
978 4988 1095 5059 ipse
1124 4989 1384 5059 propheta
1412 4990 1581 5045 Isaias
1617 4992 1773 5047 nobis
1805 5010 1819 5046 :
1854 5009 1874 5043 ι
1896 4991 2045 5047 δίὺίιι

2164 4993 2267 5056 λιν,
2299 4988 2401 5041 οὐκ
2429 4984 2662 5053 ἀφέντος
2685 4980 2836 5051 αὐτῷ
2860 4978 3019 5032 τοῦτο
3044 4977 3240 5049 δράσαι
3280 4975 3435 5040 Θεοῦ,
3476 4974 3675 5046 μᾶλλον
3695 4974 3752 5028 δὲ

482 5078 701 5133 vocabit
741 5078 1001 5135 Dominus
1041 5096 1257 5137 muscas
1278 5096 1398 5151 quae
1422 5081 1770 5137 dominantur
1795 5084 1934 5153 parti
1959 5082 2062 5138 ilu-

483 5167 557 5221 vii
598 5167 842 5241 Egypli,
890 5181 946 5226 et
985 5173 1069 5241 api
1103 5188 1224 5242 quae
1249 5182 1334 5227 est
1366 5175 1419 5227 in
1446 5174 1666 5241 regione
1691 5174 2036 5246 Assyriorum

2171 5195 2271 5248 της
2316 5175 2451 5247 ἡμῖν
2513 5169 2763 5233 Ἡσαΐας,
2814 5167 2897 5219 ὅτι
2945 5183 2963 5215 ι
3011 5164 3197 5235 Συριεῖ
3256 5162 3460 5233 Κύριος
3505 5162 3688 5231 μυῒας,
3728 5158 3754 5211 δ

483 5269 540 5316 et
566 5264 787 5317 venient
808 5280 1017 5331 omnes,
1055 5274 1109 5320 et
1146 5267 1489 5337 requiescent
1511 5267 1568 5321 in
1602 5266 1763 5323 fossis
1787 5268 1949 5338 237
1982 5283 2039 5323 re

2175 5268 2421 5339 κυριεύει
2476 5265 2676 5335 μέρους
2722 5257 2969 5329 ποταμοῦ
3023 5254 3334 5325 Αἰγύπτου,
3390 5253 3484 5306 καὶ
3536 5254 3601 5323 τῇ
3661 5267 3753 5320 με-

487 5358 666 5429 gionis
690 5365 817 5424 tuae,
841 5367 896 5412 et
923 5357 977 5412 in
1003 5359 1272 5427 specubus
1290 5368 1591 5427 petrarum,
1613 5369 1667 5413 et
1692 5360 1743 5413 in
1771 5359 2042 5429 speluncis

2174 5359 2355 5428 λίσσῃ,
2402 5357 2438 5426 ἦ
2489 5357 2639 5408 ἐστιν
2673 5356 2731 5406 ὲν
2776 5351 2931 5422 χώρᾳ
2972 5348 3081 5401 τῶν
3128 5346 3451 5417 Ἀσσυρίων,
3484 5345 3577 5398 καὶ
3608 5341 3755 5395 ἐλεύ-

489 5463 546 5508 et
574 5452 629 5507 in
655 5452 803 5509 omni
834 5453 1093 5518 scissura,
1122 5460 1177 5506 et
1198 5452 1250 5506 in
1282 5452 1429 5507 omni
1456 5451 1599 5521 ligno
1635 5451 1675 5507 ‘.
1723 5469 1741 5503 ι
1776 5451 1876 5517 Qui
1904 5453 2045 5522 igitu‘

2180 5465 2363 5502 σονται
2393 5446 2616 5509 πάντες,
2671 5446 2767 5498 καὶ
2813 5440 3218 5496 ἀναπαύσονται
3253 5440 3309 5490 ἐν
3355 5440 3477 5499 ταῖς
3518 5432 3763 5507 φάραγξι

492 5545 695 5601 factum
728 5554 811 5600 est
848 5554 908 5599 ut
948 5560 1016 5600 ex
1053 5545 1235 5599 divino
1267 5556 1399 5600 nutu
1428 5545 1671 5613 pendens
1720 5544 2045 5615 Babylonius

2178 5543 2277 5612 τῆς
2304 5540 2509 5612 χώρας,
2545 5538 2637 5591 καὶ
2685 5540 2744 5589 ἐν
2780 5538 2899 5597 ταῖς
2937 5532 3207 5605 τρώγλαις
3240 5530 3349 5584 τῶν
3382 5528 3616 5600 πετρῶνν
3665 5526 3757 5579 καὶ

495 5635 779 5694 insanabili
803 5634 1011 5692 scelere
1026 5636 1268 5707 perditus
1303 5637 1394 5700 sit.
1428 5638 1676 5705 adeoque
1706 5636 1948 5706 graviter
1982 5652 2045 5706 pu

2182 5636 2260 5698 εἰς
2294 5634 2361 5687 τά
2397 5632 2655 5703 σπήλαια,
2687 5631 2779 5685 καὶ
2810 5631 2889 5693 είς
2923 5628 3102 5681 πᾶσαν
3127 5624 3355 5697 ραγάδα,
3386 5623 3476 5678 καὶ
3506 5622 3565 5674 ὲν
3599 5617 3759 5678 παντὶ

569 5789 591 5824 θ
623 5790 778 5849 Deut.
813 5806 986 5858 xxxu,
1020 5789 1071 5860 8,
1097 5792 1148 5847 9.
1224 5793 1246 5823 ⁸
1273 5791 1376 5849 lsa.
1408 5791 1714 5864 vu,l8~19.

2171 5085 2271 5138 οὐκ
2306 5077 2456 5149 αὐτῷ
2491 5075 2804 5139 δεδωκότος,
2852 5073 3034 5127 καίτοι
3079 5070 3243 5140 φησὶν
3283 5070 3446 5131 αὐτὸς
3482 5071 3510 5122 ὁ
3541 5067 3753 5139 προφή-
3846 5146 3853 5151 .
