4148 6378
397 398 497 459 381

1535 398 1600 454 ΙΝ
1641 399 1874 456 lSAlMl
1916 401 2047 457 LlB.
2090 405 2156 459 ll.
2200 403 2440 465 TOMUS
2479 408 2543 466 ll.

3558 407 3669 463 333

404 520 564 590 ξύλῳ.
601 538 621 572 ι
666 520 791 584 Πῶς
828 513 919 575 οὖν
963 519 1071 593 ἄρα
1110 522 1222 598 τοῖς
1254 519 1519 592 νεύμασιν
1558 523 1911 595 ὑπηρετήσας
1956 527 1984 578 6

2106 528 2286 593 tiatur,
2317 540 2376 583 ut.
2402 530 2635 599 amplius
2673 546 2786 586 non
2815 532 3205 602 conspiciatur,
3241 531 3321 587 ira
3353 531 3403 586 ei
3434 529 3665 586 inﬂicta?

406 613 751 679 Βαϐυλώνιος
784 614 1095 685 ἀνεξίτητον
1128 614 1240 686 ἔχει
1283 614 1345 668 τὸ
1387 614 1670 686 ἔγκλημα,
1716 620 1810 671 καὶ
1841 616 1984 671 οὓτω

407 705 731 762 κεκόλασται
770 704 977 771 δεινῶς,
1010 706 1084 769 ὡς
1112 706 1370 760 ἐπέκεινα
1413 707 1579 777 μηδὲν
1616 707 1843 778 ὁρᾶσθαι
1888 710 1984 779 τῆς

406 795 791 867 ἐπενεχθείσης
832 797 1002 868 ὀργῆς
1035 796 1214 869 enimp;
1261 797 1371 850 Nati.
1403 800 1496 851 καὶ
1547 799 1694 869 μάλα
1737 801 1981 864 εἰκότως.

419 886 680 957 Ἠθέλησε
728 887 827 957 μὲν
860 888 968 960 γὰρ
1001 889 1028 940 6
1073 888 1182 942 τῶν
1228 889 1364 942 ὅλων
1408 890 1541 954 Θεὸς
1586 892 1985 947 ἁπονενευκότα

406 978 542 1048 πρὸς
571 979 874 1033 ἀπόστασιν
893 980 1109 1048 ἐλέγξαι
1136 980 1225 1034 τὸν
1268 982 1504 1054 Ἰσραὴλ,
1536 985 1632 1038 καὶ
1654 986 1987 1057 συμμέτροις

407 1072 611 1134 αἰκίαις
648 1071 937 1125 ἀναπεῖσαι
986 1071 1369 1144 παλινδρομεῖν
1422 1076 1500 1138 είς
1543 1074 1643 1147 τὴν
1679 1076 1832 1147 αὐτῷ
1865 1095 1986 1130 συν-

409 1162 515 1232 ήθη
544 1162 824 1233 λατρείαν,
857 1163 1001 1234 φημὶ
1045 1163 1107 1234 δὴ
1156 1163 1254 1235 τὴν
1286 1165 1537 1236 νομικήν.
1576 1166 1633 1219 '0
1679 1166 1758 1232 δὲ,
1808 1168 1986 1220 καίτοι

409 1254 544 1324 πρὸς
572 1252 730 1306 τοῦτο
761 1254 1018 1323 ὴγμένος,
1038 1254 1226 1326 θηρίου
1252 1254 1408 1327 δίκην
1433 1256 1745 1328 ἀμείλικτος
1775 1254 1863 1330 ἦν,
1894 1262 1987 1313 καὶ

409 1346 681 1416 ἀχαλίνοις
707 1347 976 1418 ἐχρήσατο
1008 1350 1118 1411 τοῖς
1146 1347 1358 1418 θυμοῖς,
1395 1350 1491 1403 καὶ
1522 1351 1648 1419 γοῦν
1678 1353 1988 1421 ἐγκαλεῖται

409 1437 544 1491 Θεοῦ
570 1437 819 1505 λέγοντος
844 1439 1087 1511 ἐναργῶς
1110 1456 1123 1471 ·
1155 1459 1173 1492 t
1197 1441 1479 1513 Ἐζήλωκα
1498 1442 1597 1514 τὴν
1613 1444 1986 1516 Ἰερουσαλήμ,

411 1530 503 1583 καὶ
528 1529 625 1601 τήν
658 1530 797 1583 Σιὼν
828 1529 990 1600 ζῆλον
1036 1531 1228 1602 μέγαν,
1274 1534 1370 1587 καὶ
1402 1534 1574 1605 θυμῷ
1610 1537 1831 1607 μεγάλῳ
1877 1539 1989 1606 ἐγὼ

410 1623 698 1694 ὀργίζομαι
720 1624 810 1676 ἐπὶ
830 1623 899 1677 τὰ
922 1623 1048 1694 ἔθνη
1066 1624 1134 1678 τὰ
1150 1625 1600 1696 συνεπιτιθέμενα
1621 1645 1631 1655 ·
1652 1628 1768 1681 ἀνθ’
1788 1623 1861 1683 ὧν
1878 1630 1987 1699 ἐγὼ

414 1714 513 1783 μὲν
535 1714 813 1786 ὠργίσθην
834 1715 1010 1784 ὀλίγαο
1037 1715 1189 1769 αὐτοὶ
1214 1716 1270 1770 δὲ
1290 1717 1646 1771 συνεπέθεντο
1671 1721 1751 1782 είς
1772 1720 1938 1775 κακά.
1965 1739 1983 1773 ι

414 1808 627 1878 Ὠσπερ
654 1808 711 1861 δὲ
746 1807 941 1872 σκεῦος
974 1809 1103 1879 ὄντα
1132 1806 1309 1878 θυμοῦ
1341 1811 1436 1863 καὶ
1468 1810 1639 1881 ὀργῆς
1668 1812 1760 1864 τὸν
1789 1811 1991 1884 Φαραὼ

412 1901 505 1955 καὶ
551 1901 911 1972 ὑποκείμενον
952 1902 1054 1973 ’ήδη
1089 1902 1309 1956 κολάσει
1355 1903 1423 1956 δι’
1455 1904 1631 1956 οἰκεῖα
1679 1906 1993 1976 πταίσματα
2024 1886 2067 1941 Β

411 1993 682 2065 ἐξήγειρε,
716 1993 859 2047 καθά
882 2010 1046 2065 φησιν
1086 1994 1267 2061 αὐτὸς,
1303 1994 1368 2048 ἵν’
1400 1994 1698 2067 ἐνδείξηται
1733 1998 1790 2052 ἐν
1817 1997 1989 2069 αὐτῷ,

410 2085 510 2155 τήν
546 2100 605 2138 τε
636 2084 771 2140 ἰδίαν
794 2083 1042 2154 δύναμιν,
1077 2086 1171 2137 καὶ
1197 2084 1294 2156 τῆς
1319 2085 1719 2155 δικαιοκρισίας
1749 2086 1807 2139 τὸ
1829 2088 1991 2159 ἀκρι-

412 2176 504 2240 ϐές
524 2194 536 2207 ·
575 2175 720 2230 οὕτω
749 2177 962 2246 νοήσεις
993 2177 1088 2230 καὶ
1122 2177 1215 2229 ἐπὶ
1241 2179 1352 2239 τοῖς
1388 2175 1771 2242 Βαϐυλωνίοις.
1815 2180 1992 2252 Σκεύη

2086 619 2249 676 Certe
2284 622 2408 692 iure
2458 624 2679 692 Optimo.
2725 621 2908 678 Voluit
2937 624 3081 679 enim
3111 623 3501 678 universitatis
3525 626 3669 681 Deus

2085 712 2440 769 declinantem
2485 719 2550 769 ad
2601 715 2956 772 defectionem
3005 717 3255 773 lsraelem
3304 732 3572 787 arguere,
3612 728 3668 774 et

2088 808 2308 865 modico
2343 810 2609 880 supplicio
2641 813 2987 881 persuadere,
3025 824 3083 867 ut
3113 812 3291 868 denuo
3329 814 3401 866 ad
3439 826 3670 867 consue-

2087 906 2203 953 tum
2255 900 2480 961 cultum.
2513 902 2758 971 legalem,
2803 905 3046 972 inquam,
3089 912 3416 958 recurreret.
3447 902 3553 957 Iste
3581 918 3671 955 au-

2087 1001 2195 1046 tem
2250 992 2377 1047 licet
2425 994 2489 1047 ad
2548 996 2648 1049 hoc
2672 996 2883 1061 ductus,
2920 996 3049 1051 ferae
3081 1011 3233 1050 more
3268 995 3493 1049 immitis
3523 1000 3665 1054 erat,

2089 1093 2144 1136 et
2166 1083 2429 1140 eﬂ'renato
2451 1085 2632 1140 lurore
2662 1087 2938 1155 agebatur.
2986 1086 3265 1155 Siquidem
3306 1095 3596 1141 accusatur
3636 1100 3667 1137 a

2094 1175 2203 1231 Deo
2225 1176 2511 1232 manifeste
2540 1178 2756 1233 dicente
2784 1198 2797 1233 :
2836 1198 2853 1229 ι
2881 1178 3188 1234 ᾹΞιιιιιΙιιιιιε
3215 1193 3333 1233 sum
3363 1175 3667 1232 Jerusalem

2089 1278 2143 1323 et
2184 1268 2317 1325 Sion
2361 1271 2704 1327 aemulatione
2758 1285 2972 1338 magna,
3021 1282 3075 1324 et
3115 1269 3300 1323 furore
3341 1282 3538 1337 magno
3567 1279 3670 1334 ego

2088 1363 2296 1415 irascor
2348 1362 2598 1430 gentibus
2650 1360 3108 1431 conspirantibus,
3166 1374 3262 1429 pro
3292 1374 3357 1413 eo
3392 1357 3535 1427 quod
3570 1371 3671 1425 ego

2070 1452 3104 1522 .snccensuiparum,illiconspirarunt
3143 1450 3196 1505 in
3236 1433 3373 1504 mala
3393 1450 3492 1502 δ’.»
3530 1449 3671 1501 Pha-

2092 1557 2315 1597 raonem
2360 1543 2487 1597 item
2538 1553 2794 1612 tanquam
2840 1558 2937 1597 vas
2985 1542 3185 1596 furoris
3224 1557 3289 1595 ac
3317 1543 3432 1605 ira},
3459 1548 3514 1591 et
3539 1552 3672 1606 pro-

2092 1646 2210 1704 pter
2235 1651 2333 1689 sua
2367 1645 2586 1703 peccata
2617 1636 3085 1690 animadversione
3111 1635 3223 1702 jam
3249 1632 3493 1703 dignum,
3524 1629 3673 1683 exci-

2094 1726 2245 1790 tavit,
2299 1725 2458 1780 sicuti
2499 1727 2611 1795 ipse
2643 1727 2738 1792 ait,
2777 1735 2835 1780 ut
2874 1729 2928 1779 in
2962 1726 3087 1794 ipso
3105 1734 3160 1778 et
3193 1737 3346 1777 suam
3377 1718 3672 1790 potentiam

2094 1828 2148 1874 et
2176 1818 2307 1886 justi
2352 1817 2541 1885 judicii
2574 1819 2922 1872 severitatem
2979 1817 3314 1870 ostenderet.
3350 1812 3428 1866 ita
3460 1823 3675 1878 quoque

2099 1910 2167 1967 de
2184 1910 2491 1981 Babyloniis
2516 1910 2805 1979 intelliges.
2842 1909 2977 1963 Cum
3001 1908 3144 1961 enim
3172 1915 3352 1960 essent
3389 1918 3516 1956 vasa
3555 1900 3671 1962 irae,

2098 2011 2153 2057 et
2178 2002 2323 2070 juste
2344 2000 2634 2071 plectendi.
2664 2000 2979 2053 invaserunt
3010 1993 3367 2065 Jerosolyma,
3395 1999 3454 2045 ut
3476 1985 3677 2044 lsraele

2098 2092 2381 2160 castigato,
2433 2103 2486 2145 et
2535 2090 2649 2161 ipsi.
2677 2105 2800 2144 cum
2835 2088 2926 2143 illo
2956 2088 3022 2141 ad
3067 2100 3281 2157 poenam
3324 2099 3383 2138 se
3416 2080 3672 2152 dignissi—

2102 2200 2244 2236 mam
2271 2183 2722 2251 deposcerentur.

413 2271 520 2341 γὰρ
562 2271 714 2334 ὄντες
756 2270 947 2341 ὀργῆς.
1022 2271 1117 2322 καὶ
1180 2269 1510 2341 κολασθῆναι
1558 2272 1784 2337 δικαίως
1852 2274 2180 2345 ὀφείλοντες,
2221 2277 2600 2349 ἐπηνέχθησαν
2666 2277 2779 2338 τοῖς
2837 2269 3275 2343 Ἰεροσολύμοιςον
3322 2268 3411 2320 ἵνα
3458 2258 3681 2317 ιιταιδεύ⁹

416 2380 606 2427 σαντες
661 2364 751 2417 τὸν
814 2361 1058 2435 Ἰσραὴλ,
1115 2362 1447 2433 ὲξαιτηθεῖεν
1524 2365 1664 2435 μετὰ
1720 2366 1879 2420 τοῦτο
1929 2369 2024 2421 καὶ
2097 2372 2253 2424 αὐτοὶ
2307 2371 2406 2442 τὴν
2457 2371 2643 2433 αὐτοῖς
2682 2371 2767 2423 ὅτι
2822 2368 3060 2439 μάλιστα
3111 2362 3428 2436 πρέπουσάν
3473 2377 3534 2412 τε
3584 2362 3681 2412 καὶ

415 2454 829 2528 ἀρμοδιωτάτην
860 2452 1103 2509 κόλασιν.

488 2552 729 2621 Σπέρμα
778 2548 1078 2618 πονηρὸν,
1131 2548 1455 2619 ἑτοίμασω·
1503 2549 1579 2604 τὰ
1639 2553 1826 2607 τέκνα
1875 2569 1995 2610 σου

416 2641 726 2713 σφαγῆναι
778 2642 907 2706 ταῖς
944 2643 1255 2712 ἁμαρτίαις
1302 2644 1413 2699 τοῦ
1464 2647 1690 2715 πατρός
1724 2665 1866 2715 σου,
1892 2649 1995 2702 ἵνα

414 2739 499 2809 μὴ
545 2737 913 2803 ἀναστῶσιν,
952 2738 1051 2791 καὶ
1087 2736 1485 2806 ἐμπλήσωσιν
1506 2737 1623 2807 τὴν
1657 2738 1776 2808 γῆν
1831 2739 2002 2794 πολέ-

414 2846 564 2899 μων.
610 2829 720 2884 Kal
766 2827 1263 2898 ἐπαναστήσομαι
1304 2828 1531 2894 αὐτοῖς,
1567 2828 1731 2899 λέγει
1786 2832 2003 2897 Κύριος

420 2917 683 2981 Σαϐαὼθ.
721 2916 821 2971 καὶ
848 2916 1054 2973 ἀπολῶ
1080 2914 1280 2971 αὐτῶν
1317 2917 1525 2988 ὄνομα,
1566 2919 1667 2973 καί
1698 2919 2005 2990 κατάλειμ-

416 3028 522 3079 μα,
553 3009 652 3063 καὶ
673 3012 931 3078 σπέρμα.

492 3101 761 3156 Πάνδεινα
796 3101 896 3173 μὲν
926 3101 1149 3174 δέδρακε
1191 3102 1334 3156 κατά
1361 3103 1565 3168 παντὸς
1595 3102 1782 3167 ἔθνους
1827 3104 1855 3155 6
1887 3105 2003 3159 Να-

2176 2553 2336 2610 νειιε.
2377 2556 2470 2620 21,
2509 2553 2600 2609 22.
2636 2553 2821 2609 Semen
2874 2552 3189 2620 improbant,
3226 2565 3465 2617 pra'para
3490 2548 3681 2602 liberos

2103 2660 2221 2703 tuos
2265 2658 2319 2702 ut
2363 2648 2674 2701 occidantur
2697 2645 2758 2698 ob
2787 2645 2968 2712 culpas
2994 2643 3158 2710 patris
3188 2642 3288 2702 tui,
3318 2656 3380 2693 ne
3406 2651 3681 2709 resurgunt

2103 2748 2152 2792 et
2205 2748 2357 2792 terra:
2403 2737 2763 2792 haereditatem
2802 2735 3040 2795 adeant,
3090 2729 3440 2799 impleantque
3488 2739 3684 2782 terram

2107 2827 2275 2881 bellis.
2304 2826 2372 2880 Et
2428 2841 2744 2894 consurgant
2772 2839 2925 2889 super
2970 2838 3079 2886 eos,
3110 2820 3240 2873 dicit
3285 2818 3543 2871 Dominus
3579 2815 3684 2871 Sa-

2111 2918 2288 2982 baoth,
2322 2927 2370 2970 et
2419 2918 2637 2986 perdunt
2682 2930 2865 2967 nomen
2912 2928 3091 2966 eorum
3118 2948 3134 2975 ,
3186 2918 3235 2962 et
3293 2907 3544 2977 reliquias
3574 2945 3590 2970 ,
3634 2914 3689 2959 et

2104 3026 2300 3067 semen.

2178 3102 2513 3158 Gravissime
2549 3101 2742 3155 alllixit
2788 3114 2977 3154 onmes
3019 3106 3204 3167 gentes
3254 3091 3685 3148 Nabuchodono-

422 3193 829 3264 6ουχοδονόσορ,
857 3195 950 3246 καὶ
995 3195 1044 3247 οἱ
1076 3194 1194 3265 μετ’
1223 3194 1385 3248 αὐτὸν
1415 3194 1471 3247 δὲ
1497 3196 1589 3248 καὶ
1624 3195 1684 3262 ἐξ
1714 3195 1880 3249 αὑτοῦ
1913 3213 2006 3265 γε·

2109 3208 2289 3257 sorus,
2323 3202 2380 3247 et
2428 3200 2549 3261 post
2583 3207 2705 3245 entn
2750 3199 2805 3244 et
2832 3203 2897 3243 ex
2933 3203 2999 3243 eo
3025 3187 3161 3250 nati,
3204 3199 3375 3255 usque
3405 3184 3472 3236 ad
3505 3181 3688 3234 Balta-

421 3287 661 3355 γονότες.
692 3286 853 3357 μέχρι
876 3286 1186 3358 Βαλτάσαρ,
1233 3288 1351 3350 ταῖς
1380 3285 1477 3339 τοῦ
1509 3288 1715 3357 πατρὸς
1754 3289 2007 3359 ἑπόμενοι

424 3379 796 3451 δυστροπίαις,
853 3378 1193 3450 ὑπερήλαντο
1252 3379 1320 3433 τὰ
1366 3379 1599 3445 ἐκείνου,
1663 3381 1803 3451 ὠμοί
1831 3398 1890 3434 τε
1915 3381 2010 3434 καὶ

426 3472 655 3534 ἀπηνεῖς
684 3470 826 3524 κατὰ
849 3471 1046 3533 παντὸς
1069 3470 1354 3540 γεγόνασιν
1372 3470 1578 3537 ἔθνους,
1603 3471 2010 3541 κατεπεφύοντό

427 3579 486 3615 τε
524 3560 618 3615 τοῦ
655 3562 897 3632 Ἰσραὴλ,
926 3560 1105 3615 καίτοι
1134 3562 1424 3631 γεγόνασιν
1447 3563 1506 3616 ὲν
1534 3563 1884 3634 αἰχμαλωσίᾳ
1916 3565 2011 3617 καὶ

429 3653 579 3724 ζυγῷ
604 3653 846 3719 δουλείας
873 3655 1253 3726 ὲνησχημένοι.
1284 3656 1668 3727 Πεφρονήκασι
1703 3656 1761 3709 δὲ
1790 3656 1933 3709 οὕτω
1956 3673 2010 3710 τι

432 3746 599 3815 μέγα,
624 3747 718 3800 καί⁵
742 3747 863 3800 κατ’
889 3748 1057 3819 αὐτῆς
1082 3750 1182 3818 τῆς
1208 3746 1302 3800 τοῦ
1331 3747 1467 3801 Θεοῦ
1516 3747 1696 3819 δόξης,
1738 3746 1879 3801 ὥστε
1916 3748 2011 3801 καὶ

428 3837 521 3891 τὸν
552 3838 830 3909 ἀλιτήριον
876 3839 1184 3911 Βαλτάσαρ,
1230 3840 1486 3894 ποιοῦντα
1517 3841 1679 3894 πότον
1720 3844 1833 3905 τοῖς
1858 3858 2013 3911 μεγι-

432 3931 621 3983 στᾶσιν
640 3930 824 3995 αὐτοῦ,
882 3934 1242 4001 παρενεγκεῖν
1290 3933 1371 3995 είς
1425 3932 1588 4002 μέσον
1642 3931 1711 3985 τὰ
1746 3932 1911 4002 σκεύη
1944 3931 2014 3984 τὰ

432 4024 585 4092 ἆγια,
616 4024 712 4077 καὶ
750 4026 892 4078 πιεῖν
918 4024 977 4077 ἐν
1013 4025 1195 4087 αὐτοῖς
1224 4027 1345 4086 ταῖς
1381 4025 1706 4079 παλλακίσιν
1744 4024 1878 4095 ὁμοῦ
1920 4026 2013 4078 καὶ

430 4117 550 4179 ταῖς
576 4116 936 4187 παρακοίταις
956 4115 1143 4180 αὐτοῦ,
1174 4117 1264 4171 ὅτε
1282 4115 1377 4170 καὶ
1406 4115 1627 4187 ἐξῆλθεν
1670 4117 2013 4189 ἀστράγαλος

432 4207 635 4278 χειρὸς,
654 4205 799 4259 καθά
831 4222 995 4278 φησιν
1017 4208 1045 4259 6
1066 4203 1282 4276 Δανιὴλ,
1306 4206 1399 4259 καὶ
1424 4205 1637 4277 γραφὴν
1662 4206 1721 4259 ὲν
1747 4206 1824 4276 τῷ
1851 4205 2014 4277 τοίχῳ

435 4299 745 4371 πεποίηται’
778 4298 973 4366 Μάνη,
1028 4297 1235 4366 Θεκὲλ,
1268 4297 1478 4366 Φαρές·
1510 4298 1539 4350 ὃ
1579 4298 1644 4369 δὴ
1671 4299 1763 4351 καὶ
1789 4298 2015 4369 διερμη-

433 4390 605 4445 νεύων
639 4394 669 4445 6
694 4391 980 4455 θεσπέσιος
1024 4391 1243 4462 Δανιὴλ,
1283 4389 1609 4462 μεμερίσθαι
1656 4390 1754 4459 μὲν
1782 4390 1885 4460 ἔφη
1916 4389 2015 4459 τὴν

436 4484 711 4555 βασιλείαν
741 4485 930 4551 αὐτοῦ,
965 4486 1209 4541 δεδόσθαι
1268 4485 1327 4539 δὲ
1370 4484 1576 4555 Μήδοις
1610 4484 1705 4538 καὶ
1749 4484 2008 4554 Πέρσαις.
2044 4513 2088 4568 D

434 4576 570 4631 Φασὶ
622 4577 912 4649 τοιγαροῦν
961 4577 1241 4648 ὁλόρριζον
1284 4575 1581 4630 ἀπολέσθαι
1625 4574 1749 4628 τότε
1801 4575 1863 4627 τὸ
1916 4572 2012 4626 τοῦ

439 4669 907 4743 Ναϐουχοδονόσορ
959 4670 1133 4740 γένος,
1174 4670 1269 4724 καὶ
1322 4669 1423 4740 μέν
1474 4686 1557 4723 τοι
1609 4658 1673 4721 τὸ
1708 4667 2017 4737 Βαλτάσαρ,

441 4764 589 4818 ὥστε
606 4764 809 4835 μηδένα
836 4764 898 4818 τὸ
923 4764 1187 4835 παράπαν
1211 4762 1273 4828 ἐξ
1301 4763 1533 4834 αἵματος
1559 4759 1737 4816 αὐτῶν
1766 4758 2020 4829 ἐπιϐῆναι

434 4856 560 4926 μετ’
589 4858 785 4921 αὐτοὺς
803 4859 917 4918 τοῖς
941 4858 1069 4926 παρ’
1097 4857 1280 4917 αὐτοῖς
1300 4853 1578 4926 βασιλείας
1599 4852 1807 4915 θάκοις.
1825 4850 2018 4917 Τοῦτο,

438 4945 616 5018 οἶμαι,
644 4947 735 5001 διὰ
755 4948 864 5001 τῶν
890 4948 1268 5018 προκειμένων
1298 4947 1430 5017 ήμῖν
1473 4947 1502 4998 6
1534 4944 1873 5015 προφητικὺς
1900 4942 2022 4995 δια-

437 5040 677 5093 δείκνυσι
736 5040 911 5109 λόγος.
948 5038 1141 5110 Ἀθρει
1200 5038 1308 5109 γὰρ
1334 5038 1482 5101 ὅπως
1515 5035 1656 5091 κατά
1698 5034 1899 5098 παντὸς
1926 5034 2020 5088 τοῦ

440 5132 679 5201 πονηροῦ
718 5131 1034 5204 σπέρματος
1066 5132 1099 5202 ή
1130 5130 1249 5183 θεία
1290 5128 1605 5201 κεχώρηκεν
1638 5129 1800 5200 ὀργή.
1849 5129 2024 5181 Ἐτοί·

444 5239 614 5290 μασον
636 5223 766 5295 γὰρ,
792 5224 949 5295 φησὶ,
973 5224 1041 5278 τὰ
1079 5224 1248 5278 τέκνα
1273 5240 1366 5276 σου
1400 5222 1673 5292 σφαγῆναι
1698 5223 1815 5284 ταῖς
1846 5221 2026 5290 ἀμαρ-

444 5315 583 5379 τίαις
614 5315 706 5368 τοῦ
740 5317 944 5387 πατρός
974 5333 1089 5371 σου.
1129 5314 1348 5385 Ἐπειδὴ
1387 5314 1496 5386 γὰρ
1520 5316 1569 5368 οἱ
1606 5312 1840 5383 πατέρες
1860 5312 2024 5380 γεγό-

442 5423 597 5465 νασιν
630 5407 867 5472 ἀσεϐεῖς,
900 5408 1175 5462 πέπαυται
1203 5408 1262 5461 τὸ
1282 5408 1342 5472 ὲξ
1369 5408 1548 5460 αὐτῶν
1580 5406 1799 5477 σύμπαν
1824 5404 2016 5476 ἐσόμε-

443 5514 533 5551 νον
557 5499 730 5567 γένος.
746 5499 846 5553 Διὰ
867 5500 1027 5553 ποίαν
1047 5499 1226 5554 αἰτίαν
1246 5515 1262 5564 ;
1294 5500 1409 5552 Ἵνα
1435 5499 1511 5568 μὴ
1533 5496 1829 5562 ἀναστῶσι,
1858 5496 2010 5566 φησι,

445 5590 539 5644 καὶ
574 5592 673 5663 τὴν
700 5593 802 5663 γῆν
836 5592 1303 5663 κληρονομήσωσι,
1335 5590 1427 5643 καὶ
1448 5589 1767 5660 ὲμπλήσωσι
1793 5588 1891 5659 τὴν
1912 5588 2015 5656 γῆν

446 5680 716 5752 πολέμων·
776 5683 918 5735 τοῦτ’
970 5682 1134 5746 ἔστιν,
1169 5682 1257 5735 ἵνα
1317 5680 1391 5750 μὴ
1446 5683 1562 5745 ταῖς
1605 5682 1712 5733 τῶν
1769 5679 2015 5749 πατέρων

521 5844 562 5880 λ’
594 5842 755 5900 Zach.
788 5859 825 5901 ι.
863 5842 944 5901 ιι,
980 5843 1064 5896 15.
1144 5843 1163 5871 ⁵
1204 5842 1335 5895 Dan.
1373 5855 1426 5901 ιν,
1453 5837 1523 5891 9.5

2109 3299 2317 3349 sarum,
2352 3281 2632 3352 patriaque
2687 3282 2770 3335 sui
2809 3277 3221 3350 perversitatem
3254 3284 3525 3330 sectantes
3564 3289 3686 3328 eum

2113 3376 2275 3430 etiam
2312 3384 2663 3443 superarunt,
2699 3369 3055 3439 crudelesque
3095 3378 3150 3424 et
3197 3368 3462 3421 immanes
3493 3368 3547 3418 itt
3579 3381 3690 3418 om-

2112 3484 2210 3524 nes
2271 3476 2456 3538 gentes
2505 3467 2869 3529 exstiterunt,
2919 3468 2974 3515 et
3024 3458 3282 3514 lsraelitis
3339 3456 3687 3517 insultarunt,

2115 3562 2327 3619 tametsi
2365 3562 2415 3615 in
2451 3557 2763 3627 captivitate
2791 3556 3010 3610 luerunt
3040 3564 3091 3607 et
3115 3554 3246 3623 jugo
3274 3551 3553 3608 servitutis
3588 3564 3690 3619 ops

2114 3655 2307 3726 pressi.
2341 3654 2596 3721 Adeoque
2633 3666 2693 3705 se
2718 3650 2884 3704 etiam
2923 3657 3112 3703 contra
3148 3646 3387 3699 divinam
3430 3643 3688 3710 majesta-

2112 3757 2219 3803 tent
2259 3744 2574 3809 ell'erebant,
2626 3751 2685 3794 ut
2734 3739 3034 3794 sceleratus
3089 3735 3405 3789 Baltasarns
3437 3732 3691 3787 convivio

2115 3836 2455 3908 maguatibus
2503 3833 2617 3887 suis
2665 3831 2929 3885 adornato
2974 3843 3128 3883 sacra
3177 3841 3306 3880 vasa
3362 3822 3581 3878 aﬁerret
3634 3822 3688 3875 in

2116 3930 2386 3993 medium,
2441 3939 2495 3982 et
2535 3942 2603 3981 ex
2653 3924 2758 3978 illis
2806 3937 2929 3977 cum
2978 3920 3262 3992 pellicibus
3294 3928 3348 3973 et
3378 3914 3693 3971 concubinis

2114 4023 2363 4078 biberet:
2394 4019 2609 4090 quando
2657 4018 2821 4072 etiam
2867 4028 3120 4085 egressus
3160 4010 3425 4066 articulus
3473 4024 3687 4070 manus,

2115 4115 2275 4172 sicuti
2322 4115 2397 4167 ait
2448 4110 2659 4174 Daniel,
2700 4109 3030 4178 scripturam
3081 4106 3134 4160 in
3178 4104 3386 4175 pariete
3432 4101 3687 4156 iecisset:

2116 4209 2294 4265 MANE.
2332 4206 2567 4269 Τιιεοει,
2598 4202 2809 4258 Puanss
2841 4203 2862 4233 ⁵
2896 4199 3081 4271 :quod
3140 4200 3506 4268 interpretans
3552 4196 3692 4249 divi-

2116 4316 2220 4357 nus
2262 4299 2448 4355 Daniel
2489 4297 2674 4369 238,
2721 4295 2952 4350 divisum
2985 4306 3107 4347 esse
3140 4290 3275 4344 dixit
3304 4304 3525 4358 regnum
3552 4290 3693 4357 ejus,

2116 4405 2169 4447 et
2206 4391 2375 4446 Medis
2407 4406 2471 4445 ac
2496 4387 2680 4443 Persis
2724 4386 3003 4440 traditum.
3035 4383 3203 4436 Aiunt
3238 4382 3402 4453 igitur
3437 4392 3565 4435 tunc
3596 4394 3693 4449 ge-

2118 4500 2219 4540 nus
2246 4480 2763 4539 Nabuchodonosori
2793 4488 2847 4533 et
2876 4476 3139 4530 Baltasari
3170 4475 3410 4529 funditus
3440 4472 3691 4543 periisse,

2117 4587 2176 4631 ut
2223 4590 2384 4631 nemo
2422 4587 2648 4644 prorsus
2690 4582 2813 4641 post
2848 4568 2970 4623 illos
3008 4567 3270 4634 sanguine
3293 4580 3478 4619 eorum
3515 4562 3694 4617 miun-

2116 4668 2216 4723 dus
2270 4665 2472 4735 regiam
2530 4662 2674 4717 illam
2737 4661 2920 4715 sedem
2980 4656 3376 4713 conscenderit.
3436 4653 3587 4717 Hoc,
3638 4662 3696 4706 ut

2115 4757 2331 4826 opinor,
2372 4753 2458 4808 bis
2499 4750 2681 4806 verbis
2727 4763 2847 4818 quat
2887 4748 3161 4818 proposita
3201 4744 3362 4800 nobis
3399 4753 3548 4804 sunt,
3577 4758 3695 4810 prn-

2116 4846 2365 4918 pbeticus
2403 4858 2583 4899 sermo
2614 4841 2881 4897 declarat.
2914 4839 3130 4895 Intuere
3179 4838 3323 4892 enim
3379 4851 3485 4904 quo
3538 4846 3694 4905 pacto

2120 4941 2174 4995 in
2221 4938 2531 4992 universum
2567 4948 2752 4990 semen
2802 4931 3105 5001 improbum
3151 4928 3330 4983 divina
3374 4930 3455 4981 ira
3489 4942 3695 4997 grasse-

2121 5042 2227 5087 tur.
2260 5027 2511 5096 Prmpara
2543 5026 2712 5087 enim,
2750 5023 2944 5093 inquit,
2978 5022 3181 5077 liberos
3205 5028 3324 5074 tuos
3363 5028 3420 5071 ut
3449 5020 3697 5073 occidat»

2120 5136 2207 5181 tur
2248 5133 2466 5193 propter
2513 5120 2701 5190 culpas
2745 5118 2916 5189 patris
2973 5115 3070 5171 tui.
3125 5115 3259 5169 Cum
3315 5112 3460 5167 enim
3517 5124 3696 5180 patres

2120 5224 2304 5276 essent
2358 5215 2530 5286 impii,
2582 5211 2760 5268 omnis
2806 5223 2992 5263 eorum
3040 5207 3332 5278 posteritas
3382 5202 3557 5257 deleta
3589 5215 3692 5255 est.

2121 5312 2292 5378 Quam
2344 5308 2413 5360 ob
2472 5302 2739 5359 causam?
2784 5300 2855 5356 Ut
2915 5314 3021 5354 non
3065 5304 3371 5367 resurgant,
3404 5294 3605 5363 inquit,
3640 5300 3697 5346 ιιι

2124 5412 2280 5457 terra:
2302 5399 2666 5455 luereditatem
2692 5395 2912 5458 adeant,
2933 5403 2989 5446 et
3017 5402 3214 5445 terram
3237 5388 3392 5442 bellis
3415 5384 3697 5454 impleant.

2122 5494 2173 5547 id
2206 5502 2309 5565 est,
2334 5506 2402 5543 ne
2432 5498 2707 5559 paternam
2736 5484 3080 5539 insolentiam
3118 5489 3412 5543 sectantes,
3450 5485 3506 5533 et
3538 5477 3700 5530 avitte

2122 5583 2415 5652 impietatis
2460 5578 2663 5643 aemuli,
2697 5577 2850 5632 bellis
2882 5586 3080 5630 terram
3115 5572 3393 5642 impleant,
3426 5568 3587 5624 sicuti
3622 5567 3698 5621 illi

2125 5676 2396 5743 videlicet,
2438 5674 2676 5744 ﬁantque
2706 5672 2820 5743 ejus
2851 5669 3077 5725 domini.
3111 5667 3171 5723 Et
3203 5667 3474 5736 insurgam
3508 5671 3695 5719 contra
