4148 6374
482 378 592 436 333

1478 389 1539 444 S.
1579 390 1851 447 CYRILLI
1890 392 2360 449 ALKXANDRINI
2398 390 2721 448 ARL’BIEP.

3642 396 3747 452 336

483 515 600 565 eos,
644 498 777 556 dicit
820 502 1083 559 Dominus
1109 503 1372 570 Sabaoth,
1399 517 1456 563 et
1478 509 1703 578 perdam
1726 526 1916 567 eorum
1946 529 2049 569 n0-

2160 509 2493 582 ἀγερωχίαις
2537 508 2827 579 ἑπόμενοι,
2880 505 2975 561 καὶ
3043 505 3372 577 προγονικῆς
3429 505 3754 581 δυσσεϐείας-

483 606 629 656 men,
665 599 722 646 et
774 589 1053 662 reliquias,
1095 604 1152 650 et
1181 610 1389 651 semen.
1423 598 1886 665 Quemadmodum
1916 605 2061 659 enim

484 681 625 736 Deus
684 685 933 752 promisit
990 688 1208 759 regibus
1256 689 1422 745 lsracl
1473 694 1564 762 qui
1622 696 1671 749 ei
1725 695 2061 765 placuerunt,

481 774 643 827 etiam
696 788 949 846 quartam
1012 780 1221 849 prolem
1278 783 1331 837 in
1372 783 1526 839 soliis
1562 799 1750 840 eorum
1780 802 2064 844 consessu-

482 878 628 929 ram,
683 867 1114 925 benedictionem
1166 873 1218 927 in
1256 872 1498 929 futurum
1546 891 1733 932 eorum
1766 892 1938 949 genus
1964 896 2064 935 ex-

484 956 712 1014 tcttdens
744 977 757 1012 :
813 961 893 1016 sic
943 977 1132 1017 eorum
1162 967 1254 1036 qui
1286 968 1432 1037 impii
1469 970 1624 1024 valde
1656 981 1806 1035 sunt,
1846 974 2064 1042 generis

483 1051 923 1120 propagationcm
954 1064 1223 1123 amputat.
1264 1055 1415 1127 lmpii
1444 1060 1611 1124 enim,
1655 1061 1890 1129 inquit“,
1916 1063 2063 1118 radi-

482 1138 622 1194 citus
682 1156 751 1197 es
808 1153 952 1198 terra
1015 1146 1287 1216 peribunt.
1341 1150 1541 1206 Audiat
1612 1152 1775 1222 igitur
1848 1170 2091 1224 quoque.

479 1231 721 1286 onmium
757 1233 949 1304 hostis,
985 1240 1196 1307 peccati
1232 1244 1506 1308 inventor,
1547 1255 1604 1300 et
1632 1246 1876 1301 omnium
1904 1249 2061 1303 nobis

482 1335 647 1375 causa
717 1325 1036 1383 malorum:
1096 1328 1563 1396 Quemadmodum
1640 1335 1807 1391 vestis
1869 1352 2064 1394 cruore

478 1425 772 1480 conspersa
833 1431 938 1470 non
980 1419 1085 1473 erit
1128 1421 1346 1483 munda,
1399 1424 1479 1477 sic
1502 1438 1676 1493 neque
1699 1437 1753 1479 tu
1773 1427 1886 1481 eris
1912 1442 2061 1482 mun-

477 1500 598 1567 dus,
654 1520 720 1559 eo
748 1507 891 1575 quod
935 1519 1137 1564 terram
1181 1528 1354 1567 meam
1394 1515 1695 1581 perdidisti,
1726 1528 1780 1570 et
1805 1518 2059 1587 populum

476 1608 656 1650 meum
712 1599 985 1656 occidisti.
1042 1600 1161 1656 Non
1200 1606 1337 1659 satis
1365 1606 1467 1661 fuit
1495 1611 1712 1678 generis
1744 1612 1915 1665 nostri
1950 1612 2061 1666 ori-

476 1685 656 1754 ginem
685 1690 752 1744 ad
787 1695 1277 1762 transgressionem
1339 1700 1709 1767 convertisse,
1771 1702 1869 1758 sed
1894 1703 2058 1758 etiam

477 1783 648 1831 totum
701 1788 971 1838 terrarum
1023 1788 1212 1843 orbem
1241 1804 1270 1842 a
1308 1790 1493 1845 divino
1519 1793 1646 1847 ovili
1673 1796 1980 1859 seductum,
2002 1805 2058 1850 et

2161 604 2444 673 γενόμενοι
2472 600 2736 672 ζηλωταὶ,
2789 598 3221 671 κατεμπλήσωσι
3248 599 3351 671 μὲν
3376 598 3616 671 πολέμου
3649 604 3748 671 τὴν
3782 666 3787 669 _

2160 698 2286 766 γῆν,
2319 693 2569 764 καθάπερ
2590 692 2785 764 ἀμέλει
2817 692 3081 755 κάκεῖνοι,
3103 689 3346 759 γένοιντο
3376 690 3432 743 δὲ
3458 690 3629 759 αὐτῆς
3657 692 3749 745 καὶ

2163 785 2365 856 κύριοι.
2415 784 2525 838 Καὶ
2579 783 3033 854 ἐπαναστήσομαι
3072 782 3284 846 αὐτοῖς,
3338 781 3487 850 λέγει
3543 781 3747 854 Κύριος

2163 880 2416 946 Σαϐαὼθ,
2474 880 2569 936 καί.
2595 879 2782 933 ἀπολῶ
2810 878 2992 931 αὐτῶν
3021 877 3195 948 ὄνομα
3232 877 3325 931 καὶ
3374 878 3744 949 κατάλειμμα,

2162 976 2258 1028 καὶ
2306 975 2547 1046 σπέρμα.
2576 974 2783 1045 Ὀνπερ
2812 972 2922 1043 γὰρ
2952 970 3153 1043 τρόπον
3200 974 3314 1035 τοῖς
3346 972 3746 1043 εὐαρεστήσασι

2160 1068 2271 1121 τῶν
2310 1066 2577 1137 βασιλέων
2627 1065 2721 1119 τοῦ
2786 1064 3001 1136 Ἰσραὴλ
3055 1064 3207 1127 υίοὺς
3236 1063 3531 1135 τετάρτους
3569 1065 3743 1133 ἐπηγ-

2162 1159 2378 1228 γείλατο
2426 1158 2558 1221 Θεὸς
2607 1156 2944 1229 διαθήσεσθαι
3006 1157 3101 1209 ἐπὶ
3142 1156 3252 1209 τῶν
3308 1154 3514 1227 θρόνων
3542 1154 3741 1219 αὐτῶν,

2162 1246 2418 1300 ἐκτείνων
2462 1245 2560 1317 τήν
2603 1243 2857 1313 εὐλογίαν
2886 1244 2979 1297 καί
3003 1246 3082 1309 εἰς
3108 1243 3169 1297 τὸ
3201 1243 3259 1307 ἐξ
3288 1242 3466 1296 αὐτῶν
3489 1243 3745 1314 ἐσόμενον

2162 1341 2336 1409 γένος·
2382 1338 2525 1393 οὕτω
2572 1337 2682 1392 τῶν
2730 1337 2871 1405 ἄγαν
2926 1338 3229 1405 γεγονότων
3283 1335 3558 1390 δυσσεϐὧν
3611 1336 3743 1389 ἀνα-

2163 1434 2353 1487 κόπτει
2389 1430 2486 1485 τοῦ
2523 1432 2715 1500 γένους
2770 1430 2870 1502 τὴν
2920 1431 3184 1487 ἐπίδοσιν.
3239 1431 3303 1484 Οἰ
3362 1428 3473 1501 γὰρ
3503 1428 3740 1491 ἀσεϐεῖς,

2161 1527 2347 1596 φησίν,
2378 1523 2649 1595 ὁλόρριζοι
2697 1525 2761 1577 ἐκ
2798 1522 2901 1593 γῆς
2944 1522 3217 1578 όλοῦνται.
3262 1522 3530 1575 Ἀκουέτω
3557 1520 3621 1592 δὴ
3651 1516 3744 1573 οὖν

2162 1619 2257 1672 καὶ
2292 1619 2320 1672 ὁ
2354 1617 2574 1672 πάντων
2604 1614 2818 1686 ἐχθρὸς.
2859 1617 2888 1669 ό
2939 1615 3038 1685 τῆς
3064 1614 3343 1685 ἁμαρτίας
3372 1613 3622 1685 εὐρέτης.
3650 1613 3743 1665 καί
3815 1625 3824 1636 ⁵

2159 1711 2415 1764 ἁπάντων
2449 1710 2585 1779 ἡμῖν
2639 1706 2928 1778 παραίτιος
2959 1704 3199 1775 γεγονὼς
3238 1705 3349 1759 τῶν
3404 1704 3614 1759 κακῶν·
3649 1706 3743 1757 Ὃν

2159 1798 2359 1867 τρόπον
2409 1796 2625 1867 ἱμάτιον
2681 1798 2739 1848 ἐν
2778 1796 2971 1865 αἵματι
3023 1796 3394 1866 πεφυρμένον,
3436 1796 3537 1849 οὐκ
3592 1794 3741 1847 ἔσται

474 1868 750 1926 hominem
803 1883 1078 1931 terrenum
1135 1895 1165 1932 a
1216 1879 1508 1938 dilectione
1560 1883 1651 1937 Dei
1715 1884 2049 1950 abductum,

2167 1865 2444 1959 καθαρὸν,
2469 1886 2641 1949 οὕτως
2661 1884 2785 1938 οὐδὲ
2813 1886 2878 1938 σὺ
2912 1885 3009 1956 έσῃ
3056 1865 3314 1955 καθαρὸς,
3340 1886 3477 1940 διότι
3508 1887 3607 1957 τὴν
3636 1887 3741 1956 γῆν

472 1975 632 2017 suum
684 1965 945 2021 cultorem
992 1968 1136 2033 fecit,
1165 1980 1220 2026 et
1251 1973 1303 2026 in
1334 1973 1546 2028 foveam
1584 1974 1840 2031 interitus
1867 1978 2059 2046 praeci-

473 2053 686 2120 pitavit.
712 2054 949 2115 Proinde
981 2063 1213 2119 mundus
1234 2081 1339 2121 non
1364 2068 1492 2133 erit,
1521 2070 1616 2123 sed
1643 2083 1816 2138 neque
1841 2070 2060 2125 durabit

475 2145 525 2198 in
578 2150 996 2217 perpetuitatem
1056 2158 1362 2226 temporis;
1420 2176 1526 2215 non
1575 2161 1719 2215 enim
1748 2177 1844 2230 per
1875 2162 2054 2216 oumiu

472 2236 752 2307 injustitite
799 2242 1042 2300 habenas
1072 2247 1330 2315 obtinuit,
1365 2249 1476 2305 Deo
1506 2253 1847 2322 tyrannidem
1878 2264 2056 2308 retra-

472 2330 655 2395 hente,
712 2344 767 2388 et
817 2338 1107 2405 proterviae
1160 2342 1211 2395 in
1261 2358 1361 2398 nos
1384 2343 1645 2414 impetum
1669 2345 1959 2401 cohibente
2000 2355 2056 2401 et

471 2425 804 2481 retardante.
871 2427 1041 2485 Periit
1092 2433 1239 2487 enim
1299 2436 1461 2490 simul
1518 2452 1641 2491 cum
1679 2437 1805 2491 ﬁliis
1832 2438 1969 2503 suis,
2002 2439 2052 2493 id

466 2523 550 2569 est
602 2517 827 2587 impuris
882 2520 1220 2579 daemonibus
1263 2544 1279 2580 :
1336 2542 1522 2582 semen
1567 2530 1712 2584 enim
1746 2538 1905 2584 erant
1938 2545 2052 2585 nta-

468 2609 601 2663 lnm.
636 2609 930 2667 Perierunt
965 2626 1147 2671 autem
1184 2620 1394 2673 catenis
1445 2622 1794 2676 tenebrarum
1842 2623 2049 2677 detenti

468 2700 524 2755 in
579 2700 832 2769 Tartaro,
863 2709 1318 2775 quemadmodum
1351 2712 1483 2766 dicit
1533 2710 1844 2770 Servatoris
1881 2715 2048 2771 disci-

468 2794 625 2863 pulus
640 2796 681 2827 "
707 2814 721 2850 :
756 2813 822 2853 ne
848 2811 1153 2870 resurgant,
1175 2812 1227 2857 et
1253 2813 1413 2858 terrae
1432 2805 1804 2861 btereditatem
1828 2809 2047 2870 adeant,

465 2897 522 2941 et
549 2888 808 2958 impleant
838 2902 1042 2948 terrain
1070 2894 1245 2950 bellis.
1276 2896 1441 2968 239
1469 2898 1680 2969 Depulsi
1725 2911 1853 2955 sunt
1905 2904 2047 2956 enim

465 2995 565 3034 sua
599 2982 651 3035 in
683 2999 781 3037 nos
810 2988 1116 3056 tyrannide,
1142 3000 1197 3044 et
1223 2989 1398 3045 lactus
1427 3001 1511 3046 est
1544 2993 1698 3047 nobis
1742 3009 1843 3063 pax
1882 2994 2047 3049 Chri-

464 3082 601 3127 stus.
643 3072 1105 3139 Quemadmodum
1129 3082 1274 3135 enim
1302 3082 1367 3136 Β.
1392 3080 1590 3137 Paulus
1623 3085 1813 3139 scribit
1841 3103 1853 3137 :
1885 3104 1906 3136 ι
1937 3085 2047 3139 Pax

466 3161 670 3217 Christi
715 3181 835 3233 qua:
889 3178 1109 3239 superat
1135 3187 1350 3227 omnem
1388 3173 1742 3240 intellectum,
1779 3178 2049 3233 custodiat

470 3256 632 3308 corda
686 3272 872 3313 nostra
918 3269 973 3315 et
1016 3263 1377 3332 cogitationes
1415 3276 1629 3321 nostras
1665 3266 1704 3320 ‘.
1750 3286 1770 3319 ι
1804 3269 1874 3323 At
1905 3284 2043 3339 quo-

465 3362 588 3400 nam
640 3358 802 3418 pacto
845 3352 948 3408 hoc
1001 3353 1109 3410 illis
1162 3356 1447 3423 acciderit,
1482 3358 1711 3427 ipsemet
1744 3362 1904 3415 nobis
1926 3361 2044 3415 uni-

2170 1998 2272 2051 μου
2302 1978 2609 2043 ἀπώλεσας,
2633 1978 2838 2032 καὶτὸν
2864 1978 2992 2032 λαόν
3021 1996 3123 2048 μου
3150 1978 3497 2042 ἀπέκτεινας.
3524 1980 3600 2033 Οὐ
3632 1980 3744 2050 γάρ

2165 2074 2409 2145 ἠρκέσθη
2459 2072 2538 2144 τῷ
2591 2076 2930 2146 μεταστῆσαι
2971 2072 3106 2144 πρὸς
3152 2070 3462 2143 παράϐασιν
3510 2072 3609 2143 τὴν
3647 2073 3740 2126 τοῦ

2163 2166 2351 2234 γένους
2380 2166 2539 2237 ήμῶν
2570 2164 2766 2235 ἀρχὴν,
2822 2163 2957 2218 ἀλλὰ
2988 2163 3097 2235 γὰρ
3130 2163 3223 2216 καί
3252 2162 3471 2217 ἅπασαν
3502 2163 3601 2235 τὴν
3649 2164 3739 2216 ὑπ’

2162 2256 2391 2326 οὐρανὸν
2422 2254 2863 2325 ἀποϐουκολήσαι
2911 2252 3070 2320 Θεοῦ,
3105 2253 3201 2307 καὶ
3246 2253 3348 2322 τῆς
3402 2252 3540 2325 πρὸς
3580 2253 3742 2308 αὑτὸν

2160 2344 2506 2414 ἀποκομίσας
2556 2344 2773 2415 ἀγάπης
2816 2344 2910 2399 τὸν
2957 2344 3052 2397 ἐπὶ
3104 2345 3207 2413 γῆς
3263 2343 3574 2416 ἄνθρωπον,
3611 2343 3741 2397 ίὸιον

2160 2436 2407 2508 ἀπέφηνε
2444 2437 2853 2509 προσκυνητὴν,
2884 2436 2980 2489 καὶ
3005 2438 3119 2499 τοίς
3144 2436 3245 2506 τῆς
3268 2435 3546 2501 ἀπωλείας
3577 2438 3741 2508 ἐνῆκε

2163 2525 2399 2597 βάθροις.
2440 2524 2651 2579 Οὐκοῦν
2701 2526 2803 2579 οὐκ
2844 2525 2996 2579 ἐσται
3047 2525 3311 2597 καθαρὸς,
3350 2526 3464 2579 ἀλλ’
3490 2526 3612 2580 οὑδέ
3640 2544 3737 2598 με-

2163 2618 2399 2689 μένηκεν
2423 2619 2503 2681 εἱς
2528 2620 2619 2671 τὸν
2638 2618 2813 2673 αἰῶνα
2852 2619 3063 2691 χρόνονο
3102 2618 3165 2671 οὐ
3194 2618 3300 2691 γὰρ
3348 2619 3507 2690 μέχρι
3541 2620 3740 2684 παντὸς

2159 2711 2471 2782 κεκράτηκε
2523 2709 2637 2764 τῶν
2691 2709 3071 2782 ἠδικημένων,
3124 2711 3574 2781 ἀνασειράζοντος
3602 2712 3745 2766 Θεοῦ

2157 2804 2257 2871 τὴν
2282 2802 2618 2867 πλεονεξίαν,
2664 2802 2758 2857 καί
2807 2801 3209 2866 ἀνακόπτοντος
3268 2802 3370 2872 τῆς
3416 2802 3539 2855 καθ’
3582 2803 3739 2874 ήμῶν

2158 2896 2483 2967 σκαιότητος
2542 2895 2643 2959 τὰς
2705 2895 2902 2965 ὁρμάς.
2958 2894 3228 2949 ’Δπόλωλε
3274 2894 3385 2966 γὰρ
3437 2894 3571 2966 ὁμοῦ
3625 2898 3738 2960 τοῖς

2159 2992 2311 3055 ἰδίοις
2355 2988 2589 3053 τέκνοις,
2645 2987 2786 3041 τοῦτ’
2816 2986 2954 3055 ἐστι,
2977 2989 3090 3051 τοῖς
3114 2986 3447 3058 ἀκαθάρτοις
3495 2987 3738 3059 δαίμοσι·

2158 3082 2383 3153 σπέρμα
2401 3080 2511 3152 γὰρ
2531 3076 2672 3151 ἦσαν
2703 3096 2838 3151 πονη
2848 3078 2958 3151 ρόν.
2983 3076 3319 3131 Ἀπολώλασι
3350 3080 3549 3150 σειροῖς
3574 3077 3742 3146 ζόφου

2154 3173 2655 3246 τεταρταρωμένοι,
2689 3172 2832 3226 καθά
2858 3188 2992 3242 φησι
3010 3170 3104 3224 τοῦ
3132 3170 3383 3241 Σωτῆρος
3413 3172 3442 3223 ὁ
3468 3168 3733 3240 μαθητής,

2153 3268 2240 3321 ἵνα
2276 3268 2349 3338 μὴ
2375 3264 2647 3319 ἀναστῶσι
2702 3266 2797 3317 καὶ
2843 3262 2941 3334 τὴν
2982 3265 3087 3334 γῆν
3131 3263 3603 3333 κληρονομήσωσι,
3642 3262 3743 3315 καὶ

2153 3360 2476 3431 ἐμπλήσωσι
2502 3359 2605 3429 τήν
2619 3358 2723 3428 γῆν
2754 3356 3028 3426 πολέμων.
3078 3354 3464 3426 Ἐκϐέϐληνται
3495 3355 3604 3426 γὰρ
3638 3355 3737 3424 τῆς

464 3440 738 3498 versitatis
792 3443 937 3501 Deus
985 3449 1280 3514 ostendet,
1346 3450 1584 3506 dicens:
1635 3452 1702 3506 Et
1760 3452 2041 3524 insurgam

2153 3454 2270 3507 καθ’
2303 3452 2460 3524 ήμῶν
2490 3449 2824 3521 τυραννίδος,
2850 3449 2942 3502 καὶ
2968 3449 3196 3517 γέγονεν
3235 3450 3367 3519 ἡμῖν
3390 3448 3578 3518 εἰρήνη
3603 3448 3741 3517 Χρι-

461 3542 652 3588 contra
698 3535 818 3591 illos
842 3575 859 3602 ,
922 3539 998 3593 ait
1024 3540 1284 3595 Dominus
1329 3541 1592 3598 Sabaoth.
1627 3544 1691 3599 Et
1712 3546 1932 3614 perdam
1957 3561 2045 3600 eo-

2153 3546 2291 3609 στός.
2339 3545 2427 3608 Ὠς
2454 3542 2568 3613 γὰρ
2596 3545 2624 3596 ὁ
2670 3541 2939 3613 μακάριος
2988 3541 3192 3612 γράφει
3248 3539 3476 3603 Παῦλος·
3518 3558 3536 3591 ι
3570 3539 3635 3591 Ἦ
3666 3540 3737 3591 εἰ-

463 3638 582 3678 rum
616 3641 833 3693 nomen,
869 3638 925 3684 et
952 3630 1229 3700 reliquias,
1272 3643 1327 3687 et
1365 3649 1574 3690 semen.

2153 3639 2287 3709 ρήνη
2350 3636 2447 3689 τοῦ
2508 3634 2779 3708 Χριστοῦ,
2842 3636 2876 3703 ή
2922 3632 3267 3703 ὑπερέχουσα
3336 3632 3515 3685 πάντα
3571 3629 3741 3694 νοῦν,

461 3719 757 3788 φρουρήσει
811 3720 913 3785 τὰς
974 3724 1202 3794 καρδίας
1258 3726 1452 3797 ήμῶν,
1508 3728 1603 3781 καὶ
1660 3730 1730 3784 τά
1782 3733 2035 3804 νοήματα
2103 3730 2279 3801 ἡμῶν.
2311 3749 2330 3783 ι
2393 3727 2602 3799 Συνέϐη
2639 3727 2698 3780 δὲ
2758 3726 2916 3780 τοῦτο
2938 3724 3132 3779 παθεῖν
3154 3724 3350 3788 αὐτοὺς
3370 3724 3493 3777 τίνα
3512 3724 3735 3795 τρόπον,

459 3816 621 3881 αὐτὸς
647 3818 777 3889 ἡμῖν
821 3820 851 3871 ὁ
897 3819 1007 3874 τῶν
1052 3820 1189 3875 ὅλων
1233 3823 1366 3887 Θεὸς
1429 3830 1684 3897 σαφηνιεῖ
1725 3828 1919 3897 λέγων’
1970 3828 2079 3881 Καὶ
2154 3827 2604 3897 ἐπαναστήσομαι
2656 3824 2864 3889 αὐτοῖς,
2902 3821 3052 3892 λέγει
3099 3820 3306 3892 Κύριος
3359 3818 3606 3881 Σαϐαὼθ,
3640 3820 3733 3872 καὶ

459 3910 648 3965 ἀπολῶ
717 3911 896 3965 αὐτῶν
953 3914 1015 3967 τδ
1081 3914 1291 3986 ὄνομα,
1355 3919 1451 3970 καὶ
1522 3920 1908 3991 κατάλειμμα,
1960 3920 2056 3974 καὶ
2094 3921 2342 3992 σπέρμα.

533 4004 695 4060 Vsus.
739 4008 830 4062 2'5.
878 4006 1008 4061 Ila'c
1055 4010 1182 4062 dicit
1232 4008 1487 4064 Dominus
1521 4025 1540 4063 :
1584 4010 1652 4065 Et
1704 4030 1895 4081 ponam
1939 4012 2047 4065 Ba-

460 4096 725 4165 byloniam
754 4099 808 4152 in
841 4098 1123 4163 desertum,
1158 4109 1212 4152 ut
1245 4100 1533 4156 inhabitant
1580 4102 1831 4169 erinacei,
1874 4114 1922 4158 et
1962 4122 2043 4158 re-

459 4189 673 4256 digetur
709 4190 764 4242 iit
800 4190 1047 4253 nihilum,
1087 4199 1137 4244 et
1163 4208 1351 4256 ponant
1382 4209 1497 4246 eam
1525 4193 1625 4248 luti
1650 4195 1955 4250 barathrum
1985 4200 2039 4252 in

457 4281 822 4348 perditionem.

529 4369 820 4427 Oraculum
851 4374 954 4430 hoc
979 4375 1134 4431 nobis
1160 4375 1272 4446 jam
1298 4376 1629 4447 propositum
1668 4379 1883 4432 videtur
1913 4394 2034 4436 esse

2226 4011 2377 4066 Τόδε
2408 4010 2571 4080 λέγει
2594 4010 2834 4078 Κύριος’
2861 4009 2970 4064 Kal
3000 4008 3168 4077 θήσω
3193 4006 3308 4076 τὴν
3339 4006 3734 4060 Βαϐυλωνίαν

2143 4108 2390 4177 ἔρημον,
2423 4105 2581 4158 ὥστε
2631 4104 2941 4159 κατοικεῖν
2978 4103 3246 4171 ἐχίνους,
3295 4100 3392 4154 καὶ
3437 4100 3608 4154 ἔσται
3646 4103 3733 4165 εἰς

2142 4198 2341 4253 οὐδέν*
2366 4196 2468 4251 καί
2491 4196 2659 4264 θήσω
2686 4195 2881 4264 αὐτὴν
2908 4194 3110 4263 πηλοῦ
3148 4193 3458 4262 ,ϐάραθρον
3503 4194 3591 4259 εἰς
3618 4194 3732 4246 ἀτι-

2138 4291 2375 4346 ώλειαν.

2217 4381 2434 4436 Ἔοικεν
2461 4379 2599 4434 εἶναί
2619 4396 2702 4442 τις
2731 4378 2842 4432 τῶν
2868 4378 3011 4432 κατά
3036 4377 3236 4441 πλάτος
3261 4374 3567 4447 εἰρημένων
3600 4375 3731 4427 ἀνω-

457 4464 703 4532 qutedam
757 4480 945 4520 eorum
992 4484 1112 4537 qure
1158 4469 1322 4525 latius
1370 4485 1433 4526 ac
1484 4470 1659 4526 fusius
1711 4472 1852 4526 dicta
1909 4485 2037 4527 sunt

2153 4472 2517 4542 κεφαλαίωσις
2592 4470 2979 4541 συντομωτάτη
3046 4468 3109 4522 τὸ
3170 4466 3533 4540 προκείμενον
3596 4466 3727 4537 ἡμῖν

459 4550 676 4613 concisa
736 4564 790 4607 et
860 4555 1183 4612 brevissima
1241 4560 1718 4629 anacepbalteosis.
1792 4559 2043 4619 Ostendit

456 4642 602 4695 enim
643 4642 788 4697 aliud
839 4644 972 4700 nihil
1021 4662 1182 4716 quam
1246 4649 1375 4703 illud
1424 4650 1669 4717 omnino,
1729 4652 2042 4710 hominibus

464 4746 691 4787 vacuam
723 4732 840 4789 fore
875 4734 1250 4807 Babyloniam,
1293 4749 1349 4792 et
1392 4740 1759 4795 animantibus
1803 4742 2038 4810 plenam,

458 4825 657 4891 quibus
686 4827 1053 4884 habitaculum
1082 4839 1294 4899 gratum
1324 4840 1408 4886 est
1432 4832 1690 4887 solitudo.
1713 4834 1848 4889 Cum
1884 4850 2035 4899 vero,

456 4925 516 4970 ιιι
542 4926 786 4987 apparet,
836 4907 1132 4974 maximum
1180 4922 1445 4976 undarum
1490 4922 1761 4979 deﬂuxum
1815 4926 2034 4992 habeat,

456 5023 690 5076 cumque
715 5009 912 5065 fluvius
943 5026 1087 5078 eam,
1113 5022 1172 5066 ut
1194 5012 1387 5077 fertur,
1417 5014 1470 5069 in
1499 5015 1632 5071 duas
1656 5027 1802 5071 secet
1826 5027 2029 5087 partes,

457 5101 654 5158 accidit
685 5114 768 5171 ut,
806 5104 932 5173 quia
966 5104 1144 5160 nullus
1181 5106 1329 5162 rivus
1375 5108 1442 5161 ad
1484 5121 1547 5161 ea
1599 5122 1720 5177 qua:
1767 5124 1862 5179 par
1911 5118 2033 5166 erat

458 5192 574 5248 loca
624 5194 735 5251 vim
788 5211 941 5251 suam
991 5196 1286 5261 derivaret,
1341 5213 1437 5268 per
1474 5212 1691 5253 omnem
1752 5202 2028 5273 regionem

454 5285 870 5354 diffunderetur,
892 5299 946 5345 et
971 5300 1288 5357 stagnorum
1326 5292 1722 5348 multitudinem
1750 5294 1987 5351 ediceret
2013 5312 2027 5347 :

456 5388 513 5429 ut
535 5392 657 5446 quae
688 5382 835 5451 regio
862 5381 989 5437 olim
1022 5383 1168 5438 clara
1198 5392 1253 5439 et
1280 5383 1633 5441 celeberrima
1675 5396 1816 5454 erat,
1852 5399 1908 5444 et
1950 5405 2032 5444 re-

457 5468 727 5537 liquarnm
762 5473 965 5542 regina,
993 5485 1048 5528 et
1080 5474 1472 5543 gloriosissima
1502 5475 1805 5543 dicebatur,
1838 5494 1901 5534 ea
1934 5479 2029 5534 luti

459 5557 774 5615 barathrum
800 5578 862 5618 ac
885 5575 1077 5633 puteus
1117 5569 1373 5624 evaderet
1404 5569 1781 5627 corruentibus
1824 5573 1875 5626 in
1916 5588 2037 5641 per-

460 5648 740 5703 ditionem.

499 5650 740 5708 itionem.

534 5808 555 5841 ⁸
588 5809 733 5868 Psal.
774 5829 955 5881 XXXVI,
990 5815 1077 5869 58.
1159 5819 1195 5848 ’⁸
1227 5816 1373 5880 .lud.,
1409 5818 1459 5884 5,
1492 5821 1543 5875 6.
1622 5821 1641 5853 ⁶
1672 5820 1864 5891 Philip.
1901 5837 1969 5889 tv,
2001 5822 2054 5875 Ἰ.

2143 4565 2326 4637 ῥητόν.
2363 4564 2526 4635 Δηλοί⁹
2572 4562 2681 4635 γάρ
2732 4562 2921 4633 ἕτερον
2981 4560 3155 4625 οὐδὲν,
3216 4559 3358 4631 πλὴν
3420 4560 3597 4612 ἐκεῖνό
3624 4574 3733 4611 που

2140 4659 2378 4719 πάντως.
2404 4656 2481 4719 ὠς
2506 4655 2810 4728 ἀνθρώπων
2837 4655 2937 4726 μὲν
2959 4654 3165 4725 ἔρημος
3198 4652 3351 4706 ἔσται
3383 4653 3730 4706 παντάπασιν

2138 4752 2172 4821 ή
2218 4748 2594 4811 Βαϐυλωνίων,
2643 4746 2799 4812 ζώων
2856 4747 2914 4800 δέ
2963 4746 3197 4817 πλήρης,
3266 4740 3351 4809 οἷς
3405 4744 3729 4815 ἐνδιαίτημα

2138 4842 2288 4912 φίλον
2318 4843 2350 4911 ή
2389 4840 2613 4913 ἐρημία.
2648 4839 2866 4911 Ἐπειδὴ
2896 4839 2953 4893 δὲ
2985 4838 3263 4911 πλείστην,
3299 4840 3441 4891 κατά
3468 4837 3529 4890 τὸ
3557 4837 3726 4901 εἰκὸς,

2138 4934 2348 4988 ὑδάτων
2383 4933 2497 5004 ἔχει
2531 4932 2871 5005 καταφορὰν,
2905 4932 3039 5002 φασί
3069 4931 3125 4985 δὲ
3154 4931 3249 4986 καὶ
3289 4930 3532 5002 ποταμὸν
3560 4930 3737 5001 αὐτήν

2137 5026 2360 5097 τέμνειν
2389 5025 2533 5096 δίχα,
2565 5024 2915 5096 συμϐέϐηκεν
2937 5023 3151 5086 οὐδενὸς
3196 5022 3309 5077 τῶν
3338 5024 3597 5094 ναμάτων
3627 5022 3728 5093 τὴν

2137 5118 2318 5190 ῥύμην
2352 5117 2824 5190 παροχετεύοντος,
2856 5118 2940 5186 ἐφ’
2967 5114 3061 5180 οὓς
3084 5112 3153 5187 ἦν
3174 5116 3465 5170 ἀκόλουθον
3487 5115 3622 5169 ἰέναι
3641 5114 3728 5169 τό-

2136 5227 2296 5275 πους,
2335 5210 2743 5265 διασκίδνασθαί
2776 5227 2836 5264 τε
2885 5210 3028 5264 κατά
3079 5210 3263 5280 πάσης
3319 5208 3383 5261 τὸ
3433 5206 3600 5276 ὕδωρ,
3632 5205 3726 5259 καὶ

2135 5303 2422 5374 τελμάτων
2450 5303 2773 5358 ἀποτελέσαι
2798 5303 2897 5375 τὴν
2913 5302 3145 5374 πληθὺν,
3166 5303 3241 5366 ὡς
3271 5301 3438 5356 πάλαι
3465 5299 3724 5372 λαμπρὰν

2140 5396 2235 5450 καὶ
2258 5396 2563 5467 διαϐόητον,
2595 5395 2845 5466 βασιλίδα
2872 5412 2932 5448 τε
2964 5394 3073 5448 τῶν
3094 5394 3293 5460 ἄλλων,
3322 5396 3418 5449 καὶ
3448 5392 3723 5457 ἐνδοξοτά-

2137 5506 2242 5559 την
2281 5489 2805 5562 κατωνομάσμένην,
2838 5488 3011 5556 πηλοῦ
3043 5489 3317 5562 βάραθρον
3347 5487 3605 5559 γενέσθαι
3630 5486 3727 5541 καὶ

2145 5585 2254 5646 τοῖς
2296 5583 2661 5653 ἐμπίπτουσιν
2694 5582 2775 5647 εἰς
2807 5578 3102 5634 ἀπώλειαν.
