4148 6378
408 425 514 477 585
1554 416 1625 472 ΙΝ
1669 417 1904 472 lSAlAM
1949 415 2079 475 LIB.
2122 417 2186 473 li.
2231 416 2466 475 TUMUS
2508 417 2571 471 ll.

3571 414 3675 471 383

484 538 629 595 Τάδε
656 536 819 609 λέγει
850 537 1064 606 Κύριος
1083 534 1343 589 Σαεαώθν
1370 534 1477 587 Ὃν
1512 536 1738 605 τρόπον
1769 535 1991 605 εἴρηκα,

2175 539 2339 593 Vsus.
2375 540 2464 603 ει,
2514 538 2608 593 ‘25.
2657 537 2785 592 [ια-ε
2826 539 2954 591 dicit
3006 536 3264 591 Dominus
3291 535 3519 592 Sabaoth
3551 551 3569 589 :
3606 535 3676 590 Ut

410 635 600 698 οὕτως
620 632 815 693 ἔσται,
848 630 945 683 καί
980 630 1052 682 ὃν
1080 628 1306 696 τρόπον
1342 627 1770 698 βεϐούλευμαι,
1806 629 1994 696 οὕτως

404 724 595 796 μενεῖ,
649 722 756 777 τοῦ
800 722 1103 777 ἀπολέσαι
1155 720 1299 786 τοὺς
1340 722 1704 789 Ἀσσυρίους
1735 722 1833 774 ἐπὶ
1886 721 1996 791 τῆς

407 815 522 886 τῆς
544 815 655 883 τῆς
674 814 843 885 ἐμῆς,
872 815 969 868 καί
998 811 1237 868 ἐπὶτῶν
1255 813 1441 882 ὀρέων
1456 831 1596 882 μου·
1621 813 1720 867 καί
1751 814 1995 869 ἔσονται

404 912 495 976 εἰς
530 906 946 976 καταπάτημα,
972 906 1074 961 καί
1123 906 1587 976 ἀφαιρεθήσεται
1646 908 1747 962 ἀπ’
1794 909 1995 963 αὐτῶν

408 1004 443 1054 ό
494 998 669 1069 ζυγός
716 997 933 1053 αὐτῶν·
966 998 1064 1052 καί
1134 997 1202 1052 τὸ
1250 997 1436 1065 κῦδος
1473 999 1672 1053 αὐτῶν
1709 1000 1829 1055 ἀπὸ
1874 1000 1996 1055 τῶν

406 1092 582 1161 ὤμων
606 1088 1087 1160 ἀφαιρεθήσεται.

482 1183 823 1256 Προφητεύει
858 1184 956 1254 μὲν
1007 1185 1034 1236 ὁ
1070 1185 1336 1254 μακάριος
1384 1185 1610 1244 Ἡσαΐας
1661 1187 1717 1238 ὲν
1750 1184 1995 1257 βασιλείᾳ

422 1277 622 1340 Ὀζίου.
669 1276 763 1331 καὶ
823 1276 1081 1346 Ἰωάθαμ,
1144 1278 1238 1329 καί¹
1298 1277 1476 1346 Ἀχαζ
1495 1316 1510 1339 ,
1578 1278 1671 1330 καὶ
1730 1278 1989 1347 Ἐςεχίου·

406 1370 553 1422 ἔοικε
577 1369 633 1422 δὲ
658 1368 894 1422 τουτοισί
920 1366 1190 1421 ποιεῖσθαι
1223 1367 1347 1430 τοὺς
1372 1368 1583 1436 λόγους,
1616 1370 1744 1432 τοὺς
1768 1370 1909 1423 κατά
1929 1386 1991 1437 γε

409 1460 551 1531 φημί
582 1462 679 1531 τῆς
710 1458 1049 1523 Βαϐυλῶνος,
1085 1458 1118 1529 ἦ
1169 1459 1266 1511 καὶ
1298 1458 1518 1529 ἀπάσης
1549 1459 1650 1528 τῆς
1696 1461 1992 1531 Ἀσσυρίων

408 1552 534 1622 γῆς·
572 1552 857 1622 περιόντος
880 1550 958 1604 ἔτι
992 1550 1089 1604 καὶ
1112 1550 1212 1619 τὴν
1243 1550 1490 1621 βασιλίδα
1523 1551 1689 1621 τιμὴν
1715 1551 1852 1622 μετά
1880 1552 1992 1622 χεῖ-

414 1656 513 1710 ρας
538 1639 751 1710 ἔχοντος
772 1640 867 1693 τοῦ
896 1640 1097 1705 Ὀζίου,
1117 1640 1174 1703 ὃς
1197 1642 1314 1693 ἐστι
1351 1641 1446 1693 καὶ
1474 1640 1747 1711 ’Δζαρίας,
1777 1641 1994 1713 Ἐπειδὴ

406 1732 466 1785 δὲ
503 1730 880 1801 βασιλεύοντος
944 1731 1185 1802 Ἐζεκίου
1220 1734 1654 1803 κατεστράτευσε
1705 1733 1805 1803 τῆς
1865 1734 1993 1787 Ἰου-

406 1823 562 1885 δαίας
595 1823 979 1895 Σενναχειρείμ
1010 1825 1038 1877 ό
1095 1822 1398 1893 ’Δσσύριος,
1455 1824 1548 1877 καὶ
1593 1822 1852 1886 πλείστας
1895 1823 1993 1895 μὲν

2100 631 2236 695 dixi,
2272 632 2343 683 ita
2375 634 2494 693 erit,
2530 640 2579 683 et
2616 640 2667 681 ut
2704 631 2922 695 decrevi,
2967 628 3044 681 ita
3088 628 3334 692 manebit,
3369 640 3421 679 ιιι
3461 628 3675 693 perdant

2099 722 2345 791 Assyrios
2372 725 2423 773 in
2449 732 2589 774 terra
2624 738 2759 783 mea,
2785 732 2832 774 et
2856 722 2909 775 in
2940 721 3200 775 montibus
3233 720 3379 773 meis.
3413 717 3480 771 lit
3523 730 3675 772 erunt

2096 811 2501 876 conculcnlioui,
2541 825 2587 865 et
2620 812 2894 881 auferetur
2926 813 2990 865 ab
3028 812 3131 865 illis
3160 813 3351 882 jugum
3392 827 3592 874 eorum,
3625 820 3674 865 ct

2096 905 2254 957 decus
2275 920 2455 956 eorum
2494 919 2559 956 ex
2590 903 2819 958 humeris
2851 904 3106 958 demetur.

2168 1191 2463 1259 Prophetat
2481 1190 2642 1259 igitur
2661 1190 2851 1242 beatus
2881 1188 3049 1242 Isaias
3076 1196 3335 1258 regnante
3366 1184 3519 1249 θείη,
3546 1186 3674 1238 Joa-

2100 1280 2303 1345 thamo,
2335 1280 2554 1335 Aehazo
2592 1288 2648 1335 et
2674 1276 2903 1332 Ezechia
2938 1294 2954 1335 :
2992 1277 3309 1347 videturque
3341 1286 3534 1332 contra
3566 1274 3668 1330 Ba-

2096 1373 2366 1443 bylonem,
2398 1373 2640 1442 inquam,
2670 1380 2902 1424 totamve
2926 1378 3125 1424 terram
3172 1369 3515 1441 Assyriorum
3549 1384 3673 1422 nra-

2098 1469 2298 1522 tionem
2338 1466 2561 1529 habere,
2596 1462 2887 1532 superstite
2918 1461 3210 1517 etiamnum
3246 1469 3303 1515 et
3331 1460 3538 1527 regium
3574 1459 3673 1514 ho-

2105 1573 2291 1613 norem
2344 1557 2645 1612 sustinente
2685 1552 2815 1608 Ozia
2845 1593 2862 1621 ,
2929 1554 3019 1622 qui
3077 1561 3161 1605 est
3204 1552 3367 1606 etiam
3423 1551 3670 1611 Azarias.

2095 1650 2229 1704 Cum
2261 1657 2463 1714 autem,
2500 1658 2759 1717 regnante
2792 1643 3047 1709 Ezechia,
3083 1642 3473 1698 Sennacherim
3500 1643 3672 1717 Assy-

2100 1742 2213 1796 rius
2242 1740 2439 1795 .lndaea:
2478 1739 2675 1794 bellum
2723 1738 3028 1803 indixisset,
3087 1737 3456 1807 plurimasque
3509 1736 3673 1791 urbes

2098 1832 2562 1886 Samaritanorum
2597 1830 2852 1899 cepisset,
2883 1843 2946 1882 ac
2993 1842 3089 1898 per
3126 1842 3343 1881 manum
3372 1825 3466 1882 Dei
3495 1840 3672 1897 repre-

408 1909 519 1967 εἷλε
552 1915 651 1984 τῆς
675 1916 989 1986 Σαμαρείας
1017 1914 1223 1979 πόλεις,
1271 1914 1594 1986 ὲλήλεγκται
1627 1914 1683 1968 δὲ
1711 1914 1796 1968 διὰ
1820 1915 1991 1985 χειρὸς

2106 1925 2306 1978 hensus
2328 1932 2493 1985 esset,
2530 1920 2876 1989 quantumvis
2908 1919 3040 1988 ipsis
3074 1915 3467 1989 Hierosolymis
3505 1918 3674 1973 insul-

411 2005 567 2067 Θεοῦ,
624 2006 718 2058 καὶ
774 2006 956 2069 αὐτοῖς
996 2006 1341 2077 ἐπιπηδήσας
1392 2008 1505 2069 τοῖς
1564 2006 1988 2077 Ἰεροσολύμοιςο

406 2095 681 2147 ἀπέθανον
716 2095 824 2167 γὰρ
853 2097 911 2149 ὲν
948 2097 1046 2166 μιᾷ
1094 2097 1250 2149 νυκτὶ
1299 2096 1409 2149 τῶν
1459 2096 1772 2166 ἀλλοφύλων
1798 2098 1993 2151 ἑκατὸν

410 2187 504 2239 καὶ
526 2187 857 2256 ὀγδοήκοντα
884 2187 1045 2240 πέντε
1078 2188 1334 2258 χιλιάδες,
1368 2189 1600 2257 ἀγγέλου
1643 2190 1787 2261 χειρὶ
1822 2189 1993 2243 δαπα-

408 2278 669 2349 νώμεναι·
729 2278 934 2350 ταύτης
962 2280 1123 2334 ἕνεκα
1152 2280 1253 2350 τῆς
1306 2282 1506 2345 αἰτίας,
1556 2282 1643 2334 ἵνα
1696 2283 1768 2353 μή
1804 2299 1857 2335 τι
1885 2282 1993 2335 τῶν

411 2376 564 2446 παρὰ
590 2374 726 2427 Θεοῦ
768 2374 904 2445 πρὸς
929 2372 1275 2443 παράκλησιν
1306 2371 1400 2425 τοῦ
1443 2372 1657 2443 Ἰσραὴλ
1688 2373 1992 2443 εἰρημένων

406 2467 717 2522 διαπίπτειν
748 2465 913 2529 δοκεῖ,
945 2465 1326 2536 προαναφωνεῖ
1355 2464 1450 2517 καὶ
1488 2462 1647 2517 τοῦτο
1682 2464 1775 2516 καί
1805 2480 1990 2533 φησιν,

410 2560 493 2611 ὅτι
521 2561 623 2612 ’ον
650 2560 852 2629 τρόπον
900 2557 1117 2628 εἴρηκα,
1170 2554 1343 2618 οὕτως
1386 2556 1559 2609 ἔσται·
1613 2557 1991 2626 κατοιχήσεται

410 2650 541 2719 γὰρ,
559 2652 743 2719 φησὶν,
782 2652 861 2711 εἰς
883 2648 1056 2718 πηλοῦ
1083 2646 1353 2719 βάραθρον
1383 2650 1416 2719 ἡ
1440 2646 1809 2702 Βαϐυλωνίων’
1839 2647 1991 2700 ἔσται

411 2743 468 2795 δὲ
505 2742 602 2794 καὶ
628 2740 993 2812 ὴρημωμένη,
1026 2745 1178 2811 μενεῖ
1208 2741 1265 2794 δὲ
1313 2742 1552 2793 κάκεῖνο·
1598 2740 1695 2793 καὶ
1729 2742 1904 2809 πάντη
1931 2757 1991 2793 τε

412 2834 505 2887 καὶ
531 2834 744 2897 πάντως
776 2835 1177 2905 ἐκτελευτήσει,
1204 2834 1391 2904 φησὶν,
1427 2836 1506 2897 εἰς
1536 2834 1710 2887 αῐσιον
1730 2833 1925 2904 πέρας,
1966 2832 1994 2884 ὃ

415 2926 772 2997 βεϐούλευμαι
819 2943 878 2979 τε
926 2926 1019 2980 καὶ
1066 2929 1188 2989 ταῖς
1239 2928 1367 2997 παρ’
1412 2925 1650 2997 ἐμαυτοῦ
1702 2924 1993 2995 κεκύρωκα

411 3020 634 3089 ψήφοις,
662 3018 756 3072 τοῦ
802 3017 1060 3071 ἀπολέσαι
1087 3017 1214 3080 τοὺς
1256 3016 1571 3088 ’Λσσυρίους
1618 3016 1711 3068 ἐπὶ
1756 3015 1855 3085 τῆς
1892 3016 1995 3084 γῆς

412 3113 511 3184 τῆς
539 3112 698 3183 ἐμῆς,
732 3112 828 3165 καί
857 3112 950 3164 ἐπὶ
995 3110 1103 3164 τῶν
1133 3109 1305 3181 ὀρέων
1341 3126 1465 3180 μου·
1516 3109 1610 3162 καὶ
1658 3108 1868 3162 ἔσονται
1914 3108 1995 3169 εἰς

414 3203 809 3275 καταπάτημα·
863 3201 1295 3275 ἀφαιρεθήσεται
1338 3200 1393 3253 δὲ
1427 3200 1521 3254 καὶ
1566 3197 1730 3268 ζυγὸς
1790 3198 1989 3264 αὐτῶν,

2094 2026 2212 2069 tans
2234 2013 2451 2086 (mortui
2504 2024 2633 2067 sunt
2685 2013 2828 2066 enim
2861 2027 2965 2065 una
3031 2020 3189 2065 nocte
3248 2010 3671 2080 alienigenarum

2092 2118 2309 2163 centum
2376 2108 2654 2176 octoginta
2714 2106 2952 2174 quinque
3006 2102 3210 2171 millia,
3270 2100 3443 2172 angeli
3510 2117 3671 2155 manu

2091 2200 2429 2270 consumpta)
2460 2216 2473 2253 :
2515 2199 2654 2252 hanc
2686 2195 2849 2266 240
2887 2197 2956 2249 ob
2985 2209 3229 2257 causam,
3265 2207 3333 2248 ne
3375 2191 3671 2262 quidquam

2092 2306 2282 2345 eorum
2311 2305 2430 2359 quae
2459 2305 2487 2342 ιι
2526 2288 2637 2343 Deo
2681 2293 2747 2342 ad
2796 2286 3181 2342 consolandum
3227 2283 3480 2341 lsraelem
3529 2283 3673 2339 dicta

2092 2381 2241 2447 sunt,
2278 2381 2603 2436 intercidere
2652 2381 2914 2444 videatur,
2964 2378 3263 2448 proclamat
3307 2388 3363 2431 et
3414 2376 3566 2441 illud,
3617 2386 3675 2431 et

2094 2476 2272 2545 inquit
2301 2492 2315 2528 :
2353 2472 2426 2530 Ut
2454 2473 2585 2539 dixi,
2616 2472 2687 2526 ita
2709 2472 2834 2538 erit,
2874 2469 3164 2525 descendet
3197 2469 3339 2524 enim
3367 2470 3421 2522 in
3450 2468 3545 2523 luti
3579 2469 3674 2523 ba-

2094 2566 2338 2619 rathrum
2368 2562 2682 2635 Babylonia,
2724 2562 2936 2632 eritque
2982 2559 3244 2622 desolata,
3288 2558 3523 2628 illudque
3551 2573 3675 2612 om-

2100 2658 2232 2713 nino
2256 2656 2494 2710 manebit
2531 2669 2547 2708 :
2589 2655 2656 2707 ad
2700 2654 3059 2721 auspicatum,
3111 2652 3308 2720 inquit,
3352 2653 3510 2705 linem
3551 2665 3675 2720 per-

2095 2747 2277 2804 veniet
2306 2746 2447 2815 quod
2475 2744 2711 2807 decrevi,
2742 2744 2884 2812 quod
2932 2758 3048 2797 mea
3078 2742 3345 2798 sententia
3377 2741 3673 2797 conﬁrma-

2093 2841 2166 2907 vi,
2193 2847 2252 2894 ιιι
2279 2838 2485 2893 deleam
2508 2835 2760 2907 Assyrios
2796 2836 2849 2890 in
2883 2845 3025 2889 terra
3060 2848 3199 2901 mea,
3236 2843 3292 2889 et
3320 2834 3373 2887 in
3398 2831 3674 2890 montibus

2095 2932 2252 2993 meis,
2294 2939 2348 2985 et
2379 2938 2539 2983 erunt
2582 2925 2999 2990 conculcationi,
3050 2927 3437 2994 aufereturque
3482 2924 3673 2997 juguni

2094 3035 2302 3083 eorum,
2332 3029 2387 3072 et
2414 3020 2577 3073 decus
2611 3033 2677 3073 ex
2713 3017 2956 3071 humeris
3002 3016 3264 3085 ipsorum.
3304 3015 3499 3072 Ilissus
3524 3017 3671 3071 enim

2095 3122 2179 3168 est
2216 3116 2284 3167 ab
2307 3114 2423 3182 ipso
2455 3110 2842 3166 Senuacherim
2864 3107 3136 3179 Rapsaces
3163 3125 3227 3165 ex
3265 3108 3476 3166 Laches
3501 3110 3554 3165 in
3580 3107 3673 3165 Je-

2100 3203 2351 3267 rusalem,
2378 3203 2572 3257 deinde
2605 3201 3021 3272 Babyloniorum
3057 3202 3226 3271 copiis
3274 3211 3382 3255 Iota
3438 3200 3674 3269 undique

414 3296 510 3349 sui.
534 3296 596 3349 τὸ
623 3296 781 3359 κῦδος
806 3295 983 3350 αὐτῶν
1002 3296 1111 3348 ἀπὸ
1130 3293 1238 3348 τῶν
1254 3292 1420 3363 ὤμων
1436 3290 1636 3347 αὐτῶν.
1666 3291 1991 3344 ’Δπέσταλτο

2096 3293 2453 3359 circumdata,
2492 3302 2547 3347 et
2589 3269 2827 3346 divinam
2884 3269 3220 3357 majestatem
3291 3289 3432 3344 haud
3480 3304 3672 3359 parum

417 3388 514 3457 μὲν
547 3387 655 3458 γάρ
678 3388 831 3458 παρὰ
857 3386 952 3439 τοῦ
975 3388 1213 3457 Σενναχη
1224 3388 1349 3458 ρείμ
1365 3389 1394 3439 ό
1422 3385 1700 3455 Ῥαψάκης
1716 3383 1780 3438 ὲκ
1799 3386 1997 3455 Λαχεῖς

415 3480 493 3539 εἰς
532 3477 908 3548 Ἰερουσαλὴμ.
947 3472 1079 3530 Εἶτα
1125 3479 1245 3539 ταῖς
1298 3474 1657 3529 Βαϐυλωνίων
1720 3476 1997 3546 στρατιαῖς

412 3570 541 3640 ελην
576 3571 634 3623 ἐν
664 3568 849 3640 κύκλῳ
877 3568 1175 3640 περισχὼν.
1205 3569 1308 3638 τῆς
1336 3567 1430 3621 τοῦ
1465 3566 1598 3621 Θεοῦ
1642 3565 1800 3637 δόξης
1823 3584 1989 3621 κατα-

414 3662 799 3732 πεφλυάρηκεν
830 3662 889 3715 οὺ
934 3664 1189 3733 μετρίως·
1213 3663 1307 3715 καὶ
1339 3657 1659 3733 βαρϐαρικῷ
1687 3659 1993 3730 φρονήματι

413 3754 731 3823 πρέπουσαν
764 3754 916 3823 ἠφίει
948 3756 1154 3825 φωνήνσ
1186 3775 1203 3805 ι
1236 3754 1327 3825 Μὴ
1357 3754 1466 3824 γὰρ
1497 3754 1779 3820 ἀπατάτω,
1809 3754 1995 3826 φησὶν,

417 3845 560 3915 ὑμᾶς
603 3844 850 3915 Ἐζεκίας
890 3846 1082 3915 λέγων,
1114 3847 1196 3899 ὅτι
1249 3845 1474 3917 ῥύσεται
1527 3848 1672 3918 ὑμᾶς
1705 3849 1735 3900 ὁ
1769 3846 1901 3911 Θεὸς
1931 3849 1997 3900 ὲκ

416 3936 597 4007 χειρὸς
636 3939 995 4009 Ἀσσυρίωνοι
1048 3940 1210 4007 ζυγὸν
1252 3938 1309 3991 δὲ
1362 3938 1602 4003 δουλείας
1647 3942 1761 4004 τοῖς
1790 3938 1995 3993 ἀνωθεν

412 4029 717 4099 ἐλευθέροις
763 4030 1049 4102 ὲπιρρἴαι
1106 4028 1304 4101 ζητῶν,
1343 4030 1485 4099 μέγα
1532 4031 1594 4084 τὸ
1642 4030 1821 4094 κῦδος,
1850 4030 1993 4084 τοῦτ’

410 4121 549 4184 εστι,
580 4120 759 4186 δόξαν,
790 4120 969 4191 ἐαυτῷ
1004 4138 1065 4174 τε
1094 4123 1185 4174 καὶ
1207 4120 1283 4190 τῷ
1313 4121 1499 4190 οἰκείῳ
1518 4120 1752 4194 δεσπότῃ
1783 4138 1985 4192 περιτιο

413 4208 546 4272 θεὶς,
581 4210 661 4273 εἰς
689 4209 948 4281 ἀδόκητον
983 4210 1377 4280 κατενήνεκται
1422 4211 1727 4281 συμφοράν.
1767 4228 1785 4260 ι
1832 4211 1986 4262 Ἀνα-

414 4299 637 4362 στάντες
659 4300 788 4372 γὰρ,
818 4301 969 4371 φησί,
995 4302 1055 4354 τὸ
1085 4303 1247 4373 πρωῒ,
1268 4295 1425 4372 εὗρον
1455 4303 1633 4355 πάντα
1657 4302 1726 4355 τὰ
1759 4302 1986 4372 σώματα

2095 3383 2401 3447 ludiﬁcans,
2436 3382 2721 3437 barbarico
2764 3382 2945 3435 animo
2984 3381 3201 3449 dignam
3237 3395 3423 3435 vocem
3455 3378 3669 3435 edidit:

2099 3497 2115 3526 ι
2150 3474 2229 3530 Ne
2258 3477 2421 3540 enim,
2466 3473 2660 3544 inquit,
2712 3471 2947 3541 decipiat
2987 3486 3080 3525 vos
3120 3469 3380 3524 Ezechias
3430 3470 3617 3524 dicens
3654 3487 3670 3524 :

2092 3567 2371 3623 Liberabit
2401 3581 2495 3621 vos
2519 3564 2659 3620 Deus
2679 3580 2711 3619 e
2738 3578 2901 3618 manu
2929 3562 3346 3633 Assyriorum";
3380 3579 3399 3613 ι
3437 3576 3672 3631 cumque

2092 3661 2371 3716 servitutis
2402 3658 2589 3729 jngutn
2628 3656 2937 3712 hominibus
2979 3655 3261 3727 superiore
3310 3656 3571 3710 memoria
3594 3654 3667 3709 li-

2095 3752 2241 3806 beris
2280 3751 2523 3806 studeret
2558 3751 2857 3819 imponere,
2902 3763 3153 3819 magnum
3211 3747 3399 3812 decus,
3460 3746 3513 3800 id
3564 3756 3671 3812 est,

2094 3843 2320 3912 gloriam
2346 3842 2449 3898 sibi
2486 3857 2551 3896 ac
2580 3858 2681 3897 suo
2733 3842 2956 3895 domino
3005 3840 3271 3907 tribuens,
3308 3840 3361 3894 in
3394 3837 3675 3893 calamita-

2097 3944 2201 3987 tem
2227 3932 2488 3988 deductus
2515 3944 2597 3987 est
2626 3935 3071 3999 inesspectatam.
3112 3947 3132 3982 ι
3173 3930 3468 3999 Surgentes
3505 3928 3673 3997 enim,

2091 4024 2288 4093 inquit,
2319 4038 2498 4091 mane,
2535 4023 2856 4079 invenerunt
2882 4024 3062 4077 omnia
3086 4036 3312 4093 corpora
3340 4033 3552 4077 mortua
3574 4022 3617 4077 ⁸.
3646 4038 3669 4075 s

2096 4118 2275 4185 Atque
2302 4116 2676 4185 experimento
2703 4116 2980 4184 cognovit,
3016 4114 3370 4169 fortissimum
3401 4129 3523 4170 esse
3548 4128 3676 4169 san-

2093 4220 2309 4263 ctorum
2342 4209 2669 4279 principem,
2698 4209 2989 4278 divinaque
3025 4208 3146 4277 ejus
3192 4206 3344 4262 nutui
3398 4208 3532 4263 nihil
3577 4209 3678 4264 oh-

2094 4303 2307 4357 sistere.

412 4394 596 4466 νεκρά.
627 4414 645 4446 ι
687 4396 868 4462 Ἔγνω
895 4396 950 4448 δὲ
974 4395 1061 4448 διὰ
1093 4396 1307 4467 πείρας,
1332 4396 1496 4451 ὅτιτέ
1536 4400 1682 4453 ἐστιν
1713 4396 1991 4466 παναλκὴς
2028 4396 2057 4448 δ
2086 4397 2196 4450 τῶν
2255 4397 2427 4467 ἁγίων
2481 4394 2858 4469 προεστηκὼς,
2885 4394 2981 4449 καὶ
3021 4396 3135 4458 τοῖς
3157 4393 3322 4459 θείοις
3357 4393 3521 4448 αὐτοῦ
3550 4393 3673 4451 νεύ-

414 4506 548 4558 μασι
577 4490 637 4542 τὸ
661 4490 1012 4543 ἁντιστατοῦν
1043 4492 1215 4546 οὐδέν.

480 4582 641 4647 Αὗτη
677 4583 714 4649 ἡ
741 4580 944 4649 ,ϐουλὴ
976 4581 1057 4649 ἢν
1081 4583 1476 4646 βεϐούλευται
1508 4585 1722 4652 Κύριος
1749 4583 1847 4637 ἐπὶ
1876 4582 1989 4651 τὴν

2162 4583 2325 4638 Vens.
2361 4583 2453 4646 9.7,
2495 4582 2587 4638 28.
2634 4580 2752 4635 Hoc
2791 4590 2866 4635 est
2933 4579 3211 4635 consilium
3264 4580 3405 4649 quod
3448 4580 3672 4635 decrevit

412 4674 773 4740 οἰκουμένην
808 4672 987 4740 ὅλην·
1021 4676 1119 4728 καὶ
1155 4676 1305 4743 αὕτη
1348 4679 1387 4744 ἡ
1419 4677 1550 4746 χεὶρ
1576 4678 1615 4745 ἡ
1646 4676 1857 4745 ὑψηλὴ
1886 4673 1985 4728 ἐπὶ

413 4759 610 4813 πάντα
625 4761 696 4815 τὰ
715 4761 859 4829 ἔθνη
894 4763 1004 4830 τῆς
1034 4764 1388 4832 οἰκουμένης
1417 4765 1585 4832 ὅλης.
1612 4766 1671 4817 Ὅ
1705 4764 1814 4835 γὰρ
1842 4765 1987 4831 Θεὸς

414 4855 446 4904 ό
475 4852 640 4921 ἅγιος
667 4853 1086 4917 βεϐούλευται,
1136 4845 1225 4921 τίς·
1258 4856 1684 4923 διασκεδάσει;
1741 4858 1837 4910 καὶ
1874 4855 1989 4923 τὴν

414 4943 580 5012 χεῖρα
606 4944 721 5013 τὴν
753 4945 1006 5013 ὑψηλὴν
1039 4946 1130 5013 τίς
1156 4947 1560 5017 ἀποστρέψευ

498 5035 692 5089 Ίστέον
722 5035 786 5106 δὴ
813 5036 996 5103 πάλιν,
1031 5038 1107 5101 ὡς
1128 5038 1189 5090 οὐ
1218 5040 1359 5093 κατὰ
1380 5040 1559 5109 πάσης
1599 5040 1700 5110 τῆς
1737 5038 1993 5110 οἰκουμέ-

414 5144 531 5197 νης,
582 5128 703 5199 ἦτοι
740 5132 839 5199 τῆς
883 5129 974 5182 ὑπ’
1017 5129 1266 5200 οὐρανὸν,
1296 5132 1330 5201 η
1374 5132 1475 5202 τῆς
1530 5132 1863 5203 προφητείας
1894 5135 1994 5204 τῆς

415 5220 473 5272 εν
494 5237 560 5288 γε
592 5221 805 5284 τούτοις
857 5221 1075 5293 ἔρχεται
1122 5220 1374 5293 δύναμις,
1420 5222 1613 5291 γέγονε
1653 5222 1711 5275 δὲ
1742 5223 1941 5294 μᾶλλον
1964 5223 1993 5274 ό

414 5311 512 5381 τῆς
532 5313 979 5383 προαγορεύσεως
1004 5313 1159 5383 λόγος
1195 5314 1336 5367 κατὰ
1366 5315 1546 5384 πάσης
1566 5315 1666 5385 τῆς
1690 5314 1994 5386 Ἀσσυρίων

414 5402 539 5471 γῆς.
580 5404 648 5473 ἢν
693 5404 789 5456 καὶ
839 5406 1162 5476 οἰκουμένην
1193 5406 1478 5469 ἀποκαλεῖ,
1529 5406 1701 5459 διὰτοι
1747 5406 1810 5460 τὸ
1849 5403 1987 5461 εἶναι

415 5491 612 5563 πολλὴν
631 5496 725 5547 καὶ
762 5495 999 5566 εὐρεῖαν,
1029 5495 1204 5550 ἔθνεσί
1231 5513 1290 5550 τε
1341 5498 1555 5567 μυρίοις
1601 5498 1696 5551 καὶ
1752 5498 1986 5570 ἀριθμοῦ

415 5587 718 5657 κρείττοσιν
743 5588 1157 5659 ἀναπεπλῆσθαι
1190 5588 1481 5652 πλουσίως.
1502 5587 1712 5642 Οὐκοῦν
1743 5589 1809 5643 τὰ
1836 5592 1988 5661 εἰρη-

416 5677 576 5746 μένα,
606 5679 765 5748 φησὶ,
791 5680 934 5734 κατὰ
988 5680 1168 5751 πάσης
1209 5680 1326 5750 ἦξει
1374 5681 1475 5751 τῆς
1532 5680 1831 5753 Ἀσσυρίων
1860 5682 1985 5753 γῆς,

486 5828 523 5916 1
555 5828 655 5887 lsa.
692 5847 876 5901 xxxvi,
916 5834 1003 5888 18.
1105 5836 1126 5867 ⁸
1160 5837 1259 5891 lsa.
1295 5850 1501 5902 xxx-.11,
1539 5832 1627 5888 '56.

2092 4673 2347 4728 Dominus
2373 4689 2529 4741 super
2569 4682 2738 4726 totum
2770 4684 2923 4726 terra
2967 4675 3143 4725 orbem
3182 4687 3201 4724 :
3250 4682 3298 4724 et
3336 4672 3449 4725 lucc
3484 4689 3672 4726 manus

2091 4765 2294 4819 excelsa
2322 4779 2479 4833 super
2510 4781 2687 4819 omnes
2722 4774 2897 4833 gentes
2934 4774 3107 4820 terre.
3157 4761 3300 4816 Nam
3349 4765 3489 4832 quod
3532 4763 3671 4818 Deus

2092 4866 2308 4911 sanctus
2331 4857 2576 4921 decreuit,
2617 4857 2733 4925 quis
2765 4856 3065 4912 rescindat?
3087 4864 3135 4908 et
3165 4868 3379 4907 manum
3413 4855 3672 4909 excelsam

2093 4951 2210 5021 quis
2249 4960 2437 5004 auertet
2449 4951 2474 5003 ?

2163 5039 2371 5095 Rursus
2421 5040 2698 5095 sciendum
2741 5049 2827 5094 est
2869 5038 2977 5092 vim
3024 5037 3320 5108 praphetixe
3363 5036 3522 5107 hujus
3562 5053 3669 5092 non

2090 5147 2188 5202 per
2209 5147 2425 5186 omnem
2461 5141 2684 5195 terram,
2703 5139 2796 5184 aut
2822 5143 2916 5199 per
2941 5128 3128 5183 orbem
3153 5138 3420 5182 terrarum
3452 5130 3664 5199 vagari,

2090 5224 2185 5278 sed
2214 5223 2316 5278 hoc
2344 5223 2659 5278 vaticinium
2699 5222 2883 5292 potius
2925 5230 3115 5276 contra
3162 5234 3377 5274 omnem
3419 5221 3673 5291 Assyrio-

2095 5328 2212 5367 rum
2276 5325 2472 5369 terram
2519 5313 2749 5378 institui,
2802 5328 2962 5382 quam
3016 5323 3071 5368 et
3121 5312 3310 5367 orbem
3369 5312 3667 5380 appellitat,

2092 5402 2236 5474 quod
2261 5403 2437 5473 atupla
2463 5405 2534 5458 sit
2557 5414 2614 5458 et
2652 5404 2916 5473 spatiosa,
2950 5404 3205 5473 quodque
3250 5403 3503 5470 gentibus
3544 5404 3668 5456 inii-

2095 5495 2224 5550 nitis
2264 5510 2329 5550 ac
2368 5494 2666 5551 innumeris
2715 5495 2934 5565 copiose
2988 5495 3279 5564 repleatur.
3319 5494 3524 5563 Itaque,
3579 5494 3668 5548 iu-

2093 5588 2234 5656 quit,
2285 5595 2474 5642 contra
2528 5601 2745 5641 omnem
2798 5597 2998 5642 terram
3048 5587 3393 5658 Assyriorum
3453 5586 3673 5640 venient

2093 5696 2212 5753 qua:
2239 5680 2510 5747 dicuntur,
2545 5690 2600 5736 et
2628 5680 2694 5735 ad
2725 5680 2928 5736 exitum
2959 5682 3276 5750 pervenient
3305 5693 3531 5750 prorsus
3552 5692 3672 5751 qua
