4148 6378
509 415 616 474 ’587

1510 418 1567 473 S.
1604 414 1882 474 CYRILLI
1921 416 2387 475 ALEXANDRINI
2426 415 2747 475 ARlllllEP.

3664 420 3767 477 583

510 534 963 605 praenuntiantur.
1024 537 1159 592 Cum
1217 538 1380 606 igitur
1427 554 1584 593 nemo
1627 541 1842 594 vincula
1889 538 2080 603 solvat,

2189 540 2269 592 ὅτι
2303 558 2361 592 τε
2411 540 2587 612 πάντη
2615 559 2673 594 τε
2705 542 2799 594 καὶ
2828 542 3043 605 πάντως
3070 540 3147 605 είς
3175 538 3349 611 πέρας
3380 538 3672 610 ἐκϐήσεται
3702 544 3769 593 τά

514 638 605 683 aut
638 639 785 682 certe
828 633 998 698 possit
1039 632 1232 685 divinae
1276 632 1367 685 ira:
1398 632 1647 687 obnoxiis
1678 650 1834 702 opem
1867 634 2081 697 afferre,

511 722 684 791 pergit
734 737 894 789 porro
945 725 1298 779 sermocinari
1359 740 1421 778 ac
1471 726 1648 779 dicere
1694 745 1707 780 :
1752 726 1884 780 Nam
1941 728 2083 795 quod

512 813 652 867 Deus
673 823 895 868 sanctus
944 816 1205 879 decrevit,
1247 816 1369 886 quis
1409 819 1711 873 rescindet?
1757 830 1811 872 et
1864 836 2081 875 manum

510 906 781 960 excelsam
835 906 957 975 quis
1017 907 1256 962 avertet?
1305 908 1625 964 Praesciudit
1676 913 1818 965 enim
1866 928 2081 966 omnem

514 996 808 1068 Babylonio
846 1014 1017 1068 spem,
1053 1014 1117 1055 ae
1157 1010 1458 1070 opportune
1509 1003 1867 1058 corroborare
1913 1004 2084 1074 pergit

512 1088 801 1151 lsraelitas,
831 1088 989 1161 24],
1028 1104 1135 1158 quo
1173 1091 1356 1147 animo
1384 1091 1494 1145 sint
1531 1093 1825 1157 constanti,
1866 1103 1921 1149 et
1967 1110 2084 1148 om-

512 1180 997 1249 nipotentissimam
1042 1196 1259 1234 manum
1289 1181 1468 1235 omnia
1519 1181 1849 1249 domantem,
1879 1193 2081 1238 rectam

510 1280 673 1340 atque
702 1287 1004 1341 supremam
1028 1272 1289 1342 promissa
1323 1284 1660 1329 servaturam
1684 1291 1808 1330 vere
1824 1278 2080 1331 sentiant.

513 1363 651 1419 Cum
686 1366 830 1419 enim
866 1365 1163 1421 terribilem
1204 1375 1367 1433 atque
1400 1366 1789 1423 formidabilem
1834 1367 2084 1440 Assyrio-

512 1472 631 1510 rum
666 1457 961 1526 potentiam
1010 1458 1406 1523 existimarent,
1449 1474 1569 1528 qua:
1610 1460 1811 1515 nemini
1869 1463 2084 1517 cederet

508 1562 575 1601 ac
601 1546 744 1601 vinci
777 1561 836 1602 se
885 1564 990 1604 non
1044 1558 1337 1617 pateretur,
1371 1564 1435 1604 ac
1470 1560 1753 1619 propterea
1797 1564 2084 1607 consenta-

512 1654 675 1693 neum
710 1648 859 1694 essct
886 1639 1215 1709 propheticis
1254 1643 1596 1695 sermonibus
1630 1641 1866 1697 dillidere
1901 1661 1915 1697 :
1960 1644 2085 1698 hinc

518 1730 641 1800 jure
667 1731 869 1799 optimo
912 1729 1014 1785 hoc
1059 1729 1161 1784 illis
1191 1729 1437 1785 accidere
1475 1745 1577 1784 non
1607 1731 1755 1795 sinit,
1791 1746 1854 1785 ac
1878 1741 2082 1786 tantum

519 1838 625 1875 non
662 1820 994 1875 contrarium
1043 1821 1250 1881 suadet,
1296 1831 1352 1875 et
1406 1820 1793 1877 incredulitatis
1838 1824 2082 1879 morbum

2191 633 2631 701 προηγγελμένα,
2666 633 3037 704 παραλύοντος
3066 634 3125 687 δὲ
3183 634 3395 699 οὐδενὸς
3423 637 3523 706 τὴν
3548 637 3767 702 ἐπαγωο

2190 720 2312 791 γὴν,
2349 721 2515 791 ἡγουν
2543 721 2847 792 ἐπαμύνειν
2876 724 2989 786 τοῖς
3031 722 3137 775 ὑπὸ
3169 722 3317 775 Θείαν
3345 721 3515 794 ὀργὴν
3560 721 3765 790 ἰσχύον-

2189 830 2301 875 τος,
2334 814 2767 883 προσαποφαίνει
2824 814 3020 881 λέγων·
3059 816 3125 866 Ἀ
3177 814 3285 884 γὰρ
3349 816 3377 866 ὁ
3416 812 3548 876 Θεὸς
3611 811 3765 878 ἅγιος

2192 900 2562 969 βεϐούλευται,
2610 904 2695 968 τίς
2756 904 3127 972 διασκεδάσει;
3196 906 3292 958 καὶ
3324 904 3423 976 τὴν
3478 907 3634 976 χεῖρα
3666 904 3763 974 τὴν

2192 994 2401 1064 ὑψηλὴν
2433 996 2519 1060 τίς
2541 997 2871 1067 ἀποστρέψει
2891 1014 2906 1063 ;
2927 999 3239 1069 Ἀποκείρει
3273 997 3369 1070 μὲν
3399 998 3508 1069 γὰρ
3533 999 3762 1052 είσάπαν

2188 1085 2287 1156 τὴν
2315 1086 2424 1139 τῶν
2447 1087 2804 1141 Βαϐυλωνίων
2845 1089 3054 1143 ἐλπίδα·
3099 1089 3467 1161 προσεμπεδοῖ
3489 1088 3545 1140 δέ
3575 1085 3762 1159 χρησί-

2193 1196 2309 1249 μως
2332 1180 2459 1241 τοὺς
2480 1181 2541 1243 ἐξ
2572 1180 2807 1251 Ἰσραὴλ,
2838 1183 2919 1244 είς
2946 1182 3006 1234 τὸ
3037 1182 3318 1255 ἀραρότως
3340 1179 3641 1234 διακεῖσθαι
3667 1180 3762 1234 καὶ

2190 1271 2427 1339 φρονεῖν,
2460 1270 2542 1323 ὅτι
2597 1270 2771 1340 πάντη
2807 1286 2865 1322 τε
2923 1270 3017 1323 καὶ
3062 1270 3279 1334 πάντως
3338 1270 3669 1338 ἀποπερανεῖ
3694 1270 3762 1323 τὰ

2188 1362 2574 1433 ἐπηγγελμένα
2602 1362 3041 1433 πανσθενεστάτη
3065 1380 3125 1416 τε
3156 1363 3493 1435 ὑπάρχουσα,
3534 1362 3626 1415 καὶ
3657 1377 3759 1416 κα·

2188 1453 2533 1524 τακρατοῦσα
2565 1454 2672 1507 τῶν
2694 1453 2851 1515 ὅλων,
2888 1455 3064 1527 ήθεία
3089 1472 3149 1507 τε
3182 1454 3276 1507 καὶ
3310 1454 3586 1524 ὑπερτάτη
3618 1453 3758 1524 χείρ.

2202 1544 2415 1617 Ἐπειδὴ
2444 1545 2551 1617 γὰρ
2577 1547 2745 1618 ᾤοντο
2800 1548 2976 1619 δεινὴν
3005 1548 3099 1602 καὶ
3150 1548 3477 1619 δυσάντητον
3511 1547 3608 1619 τὴν
3653 1546 3763 1599 τῶν

2201 1639 2500 1710 Ἀσσυρίων
2528 1642 2794 1712 ὑπάρχειν
2820 1642 2972 1713 ἰσχὺν
2999 1643 3092 1695 καὶ
3111 1641 3546 1713 παραχωροῦσαν
3565 1640 3761 1701 οὐδενὶ,

2189 1728 2282 1782 καὶ
2306 1731 2367 1783 τὸ
2393 1732 2656 1802 ἡττᾶσθαι
2679 1731 3110 1803 παραιτουμένη,
3136 1732 3443 1801 ἀπιστῆσαι
3467 1730 3521 1783 δὲ
3559 1724 3626 1800 ἦν
3672 1727 3763 1781 διὰ

2180 1821 2345 1875 ,τοῦτο
2381 1824 2527 1887 εἰκὸς
2572 1825 2686 1886 τοῖς
2732 1824 2831 1894 τῆς
2873 1821 3209 1896 προφητείας
3271 1821 3469 1890 λόγοις·
3511 1820 3762 1890 ταὲτῃτοι

516 1923 746 1979 resecat,
786 1928 910 1968 eum
949 1913 1080 1969 dicit
1135 1930 1149 1966 :
1197 1912 1410 1967 Manum
1455 1914 1726 1969 excelsam
1775 1918 1897 1985 quis
1932 1932 2080 1971 aver.

2189 1914 2285 1967 καὶ
2335 1914 2480 1985 μάλα
2541 1915 2766 1979 είκότως
2808 1915 2967 1968 τοῦτο
3023 1914 3213 1968 παθεῖν
3256 1914 3355 1966 οὐκ
3394 1913 3477 1982 ἐᾷ·
3525 1911 3683 1981 μόνον
3703 1910 3761 1963 δέ

508 2004 623 2058 tet?

579 2271 741 2326 Vens.
794 2271 886 2336 28,
940 2270 1030 2327 29.
1088 2273 1238 2324 Anno
1284 2288 1386 2341 quo
1432 2282 1671 2325 mortuus
1717 2282 1791 2326 est
1840 2273 2081 2329 Achaeus

508 2381 620 2427 rex,
658 2365 854 2433 factum
899 2374 973 2418 est
1014 2364 1221 2417 verbum
1259 2363 1355 2416 hoc
1408 2381 1425 2417 :
1466 2362 1547 2417 Ne
1587 2365 1864 2432 thamini,
1906 2384 2081 2421 omnes

507 2457 836 2524 alienigena).
872 2454 1170 2509 Contritum
1198 2466 1272 2509 eu
1316 2458 1452 2510 enim
1501 2456 1691 2527 jugum
1748 2461 2080 2525 percutientis

509 2566 615 2603 eos.
662 2548 803 2602 Nam
847 2565 912 2603 ea:
943 2550 1136 2603 semine
1181 2560 1473 2614 serpentum
1513 2551 1843 2619 egredientur
1892 2570 2080 2625 proge-

510 2642 618 2694 m’es
644 2642 909 2709 aspidum,
935 2652 980 2694 et
1003 2641 1270 2711 progenies
1304 2656 1483 2694 eorum
1513 2643 1839 2711 egrerlientur
1871 2661 2081 2714 serpen-

506 2742 581 2785 tes
612 2732 844 2798 pennati.

586 2825 836 2879 Diversas
875 2824 1144 2880 habebant
1172 2825 1405 2880 diversis
1433 2827 1765 2895 temporibus
1798 2830 2083 2884 revelatio.

510 2931 611 2971 nes
648 2916 820 2970 saneti
867 2918 1161 2985 prophetae,
1208 2931 1388 2970 rerum
1443 2927 1649 2971 naturae
1695 2932 2079 2987 congruentes,

508 3008 575 3059 ad
605 3022 791 3061 eorum
816 3008 908 3076 qui
938 3017 1047 3061 tum
1070 3008 1317 3062 vixerunt
1347 3008 1654 3064 utilitatem.
1681 3011 1890 3066 Etenim
1912 3014 2082 3069 Israe-

509 3097 636 3161 lem,
662 3097 753 3165 qui
797 3108 1106 3160 exaruerat,
1144 3108 1199 3152 et
1221 3099 1524 3154 divinarum
1566 3100 1740 3169 legum
1768 3118 1952 3158 curam
1986 3110 2083 3161 ab-

505 3190 731 3257 iecerat,
787 3190 1159 3246 universitatis
1217 3191 1357 3245 Deus
1402 3194 1467 3247 ad
1523 3193 1796 3248 meliorem
1846 3208 2078 3252 mentem

511 3282 798 3337 traducere
827 3282 996 3336 voluit
1025 3300 1040 3337 :
1079 3282 1264 3338 multis
1287 3283 1564 3340 beneﬁciis
1595 3285 1899 3354 alliciendo,
1926 3298 1982 3343 et
2025 3289 2077 3344 in

510 3375 628 3429 illos
649 3376 740 3444 qui
788 3376 837 3430 ei
881 3376 1308 3431 adversabantur
1344 3379 1481 3433 iram
1514 3380 1880 3447 accendendo,
1921 3393 2085 3453 atque

506 3482 601 3522 eos
629 3467 720 3537 qui
745 3477 989 3522 sanctam
1025 3468 1324 3532 civitatem,
1358 3470 1658 3525 Jerusalem
1692 3472 1834 3537 dico,
1871 3474 2082 3529 habita-

510 3560 660 3625 bant,
693 3560 760 3613 ad
792 3560 987 3614 bonam
1027 3575 1174 3629 spem
1226 3562 1548 3629 revocando,
1594 3578 1702 3632 quo
1758 3580 1924 3619 unum
1974 3568 2082 3621 sci-

510 3658 631 3707 rent
677 3665 741 3707 ac
795 3651 969 3706 solum
1021 3652 1390 3708 universitatis
1438 3654 1747 3721 Dominum,
1812 3666 1868 3710 et
1920 3658 2081 3712 alium

511 3754 771 3814 praeterea
808 3743 1098 3798 neminem.
1128 3745 1199 3797 At
1245 3758 1374 3799 vero
1422 3745 1496 3800 illi
1539 3758 1843 3803 creaturam
1888 3761 2084 3818 prater

508 3840 822 3893 Creatorem
879 3838 1083 3892 honore
1140 3852 1204 3891 ac
1268 3840 1615 3895 veneratione
1672 3854 2080 3911 prosequentes,

512 3942 676 4000 atque
708 3930 843 3984 falso
884 3930 1177 3984 nominatis
1211 3930 1313 3986 diis
1346 3932 1450 3986 liba
1500 3932 1810 4000 oll'ereutes,
1848 3934 2083 3991 oll'ensa-

514 4032 637 4077 runt
669 4038 773 4075 non
807 4022 1170 4076 mediocriter.
1207 4021 1392 4077 Talem
1442 4025 1606 4093 igitur
1658 4041 1801 4082 nunc
1834 4027 2079 4081 ordinem

510 4131 575 4168 ac
601 4113 891 4169 artiﬁcium
926 4124 1080 4169 tenor
1108 4116 1436 4185 prophetica;
1478 4116 1723 4173 lectionis
1766 4120 1922 4174 nobis
1959 4136 2082 4189 pro-

511 4209 697 4276 positae
721 4206 1042 4261 subindicat.
1069 4207 1335 4263 Caeterum
1372 4209 1601 4278 primum
1651 4212 1865 4279 aperire
1903 4226 2080 4279 operae

511 4301 740 4369 pretium
770 4308 854 4354 est
874 4300 1150 4366 historica,
1178 4310 1231 4354 et
1264 4300 1469 4369 singula
1499 4316 1769 4372 exponere
1798 4303 2026 4358 dilucide
2064 4323 2074 4357 :

513 4392 629 4445 Erit
657 4391 856 4461 quippe
880 4392 960 4444 sie
983 4390 1206 4445 lecturis
1237 4391 1579 4459 perspicuum
1605 4393 1838 4447 maxime
1861 4394 1911 4447 id
1936 4400 2079 4464 quod

507 4482 850 4547 explanatur.
878 4480 1143 4550 Regnavit
1180 4482 1341 4551 igitur
1374 4481 1759 4553 Hierosolymis
1788 4483 1842 4537 in
1882 4482 2079 4540 lsraele

2184 2005 2308 2074 οὐχ),
2368 2007 2463 2058 καὶ
2518 2006 2843 2069 ἐκδυσωπεϊ,
2887 2007 2981 2059 καὶ
3026 2006 3124 2077 τῆς
3173 2004 3433 2067 ἀπιστίας
3466 2004 3564 2073 τὴν
3608 2003 3761 2055 νόσον

2185 2097 2576 2168 προαποκείρει
2605 2097 2797 2167 λέγων·
2832 2098 2942 2169 Τὴν
2974 2101 3131 2170 χεῖρα
3170 2098 3269 2169 τὴν
3296 2096 3504 2168 ὑψηλὴν
3526 2095 3606 2159 τίς
3627 2097 3761 2149 ἀπο-

2185 2190 2404 2260 στρέψει
2423 2208 2438 2257 ;

2260 2283 2369 2337 Τοῦ
2393 2283 2570 2349 ἔτους
2590 2277 2662 2338 οὗ
2687 2284 2986 2338 ἀπέθανεν
3008 2280 3197 2353 Ἀχαᾷ
3229 2282 3481 2353 ἐγενήθη
3506 2281 3569 2334 τὸ
3592 2280 3759 2348 ῥῆμα

2182 2374 2360 2429 τοῦτο
2386 2392 2399 2405 ·
2430 2374 2528 2443 Μὴ
2564 2376 3011 2445 εὐφρανθείητε,
3044 2374 3271 2440 ,πάντες
3295 2376 3348 2429 ol
3380 2375 3716 2441 ἀλλόφυλοι
3740 2388 3753 2400 ·

2182 2468 2501 2535 συνετρίϐη
2537 2466 2647 2538 γὰρ
2685 2471 2718 2521 ὁ
2760 2467 2932 2537 ζυγὸς
2963 2466 3069 2521 τοῦ
3114 2468 3394 2531 παίοντος
3426 2464 3599 2534 ὑμᾶς.
3657 2464 3757 2516 Ἐκ

2184 2562 2294 2630 γὰρ
2371 2563 2713 2630 σπέρματος
2785 2562 2979 2629 ὄφεων
3044 2561 3467 2625 ἐξελεύσονται
3540 2557 3758 2624 ἔκγονα

2182 2651 2484 2715 ἀσπίδων,
2542 2652 2641 2705 καὶ
2698 2650 2770 2705 τὰ
2823 2650 3041 2721 ἔκγονα
3091 2649 3288 2703 αὐτῶν
3337 2647 3757 2712 ἐξελεύσονται

2183 2743 2348 2813 ὄφεις
2379 2746 2711 2814 πετόμενοι.

2252 2835 2507 2906 Διάφοροι
2536 2835 2676 2889 κατά
2710 2834 2934 2904 καιροὺς
2964 2832 3332 2902 ἀποκαλύψεις
3376 2831 3621 2899 ἐγένοντο
3641 2828 3754 2891 τοῖς

2181 2927 2357 2995 ἁγίοις
2410 2929 2736 2998 προφήταις,
2788 2924 2885 2979 καὶ
2936 2926 3002 2995 τῇ
3056 2922 3213 2991 φύσει
3260 2921 3368 2974 τῶν
3415 2917 3754 2991 πραγμάτων

2183 3018 2577 3090 συμϐαίνουσαι
2608 3019 2745 3090 πρὸς
2773 3018 2958 3087 ὄνησιν
2985 3014 3093 3067 τῶν
3133 3012 3404 3083 τηνικάδε.
3436 3011 3627 3063 Καίτοι
3647 3010 3754 3079 γὰρ

2180 3112 2569 3183 ἀπεσκληκότα
2623 3112 2713 3164 τὸν
2778 3106 2994 3181 Ἰσραὴλ
3055 3108 3144 3159 καὶ
3206 3106 3313 3158 τῶν
3363 3104 3521 3157 θείων
3576 3103 3754 3172 νόμων

2183 3204 2517 3274 ἀφειδηκότα
2567 3202 2966 3274 μεταπλάττειν
3013 3197 3202 3269 ἢθελεν
3244 3198 3322 3261 εῐς
3365 3213 3427 3264 γε
3459 3195 3521 3248 τὸ
3559 3193 3755 3264 χρῆναι

2184 3297 2252 3350 τὰ
2299 3296 2504 3367 ἀμείνω
2556 3297 2771 3367 φρονεῖν
2814 3296 2843 3346 ὁ
2888 3293 2997 3347 τῶν
3032 3291 3169 3345 ὅλων
3209 3289 3361 3352 θεὸς,
3407 3286 3759 3356 πολυτρόπως

2184 3386 2507 3456 εὐεργετῶν,
2556 3386 2648 3439 καὶ
2694 3388 2804 3448 τοῖς
2845 3384 2943 3455 μὲν
2991 3380 3381 3453 ἀνθεστηκόσιν
3425 3377 3574 3448 αὐτῷ
3625 3393 3757 3431 κατ-

2184 3478 2467 3544 εξανιστάς
2495 3477 2593 3549 τὴν
2621 3479 2812 3549 ὀργὴν,
2841 3475 3188 3548 ἀνακομίζων
3231 3473 3287 3527 δὲ
3317 3474 3442 3536 τοὺς
3474 3473 3572 3542 τὴν
3598 3470 3755 3538 ἁγίαν

2184 3570 2464 3634 οἰκοῦντας
2497 3571 2671 3635 πόλιν,
2705 3570 2849 3641 φημί¹
2870 3569 2949 3640 δὴ⁸
2965 3571 3061 3641 τὴν
3096 3566 3468 3640 Ἰερουσαλὴμ,
3498 3566 3579 3630 είς
3603 3564 3756 3622 ἐλπί·

2183 3662 2280 3725 δας
2321 3661 2550 3729 ἀγαθὰς,
2594 3661 2659 3713 ἵν’
2689 3663 2877 3714 εἰδεῖεν
2918 3661 2993 3724 ὡς
3022 3654 3102 3725 είς
3130 3678 3188 3713 τε
3222 3660 3316 3713 καὶ
3362 3660 3520 3729 μόνος
3552 3660 3697 3712 ἐστὶν
3724 3661 3755 3712 ό

2182 3754 2291 3807 τῶν
2316 3753 2450 3807 ὅλων
2481 3753 2704 3825 Κύριος,
2738 3754 2830 3806 καὶ
2861 3752 3045 3824 ἕτερος
3078 3752 3177 3820 μὲν
3203 3753 3332 3821 παρ’
3363 3750 3524 3804 αὐτὸν
3560 3750 3751 3813 οὐδείς.

2183 3847 2346 3900 Αὐτοὶ
2374 3846 2431 3900 δὲ
2463 3849 2531 3917 τῇ
2564 3845 2817 3900 κτίσειτὸ
2852 3846 3015 3908 σέϐας
3059 3845 3209 3916 παρά
3251 3844 3342 3898 τὸν
3377 3844 3616 3913 Κτίστην
3658 3845 3753 3896 ἀν-

2183 3938 2461 3999 ἀπτοντες,
2478 3935 2571 3988 καὶ
2592 3936 2826 3998 σπουδὰς
2847 3938 2957 3998 τοῖς
2968 3934 3205 4004 ψευδωνύ
3215 3952 3335 4003 μοις
3354 3934 3752 4005 προσκομίζον⁴⁹

2181 4045 2272 4091 τες
2306 4028 2467 4091 θεοῖς,
2512 4029 3018 4100 προσκεκρούκασιν
3067 4027 3129 4079 οὐ
3179 4027 3431 4097 μετρίως.
3487 4026 3753 4097 Τοιαύτην

2182 4119 2303 4174 τινὰ
2336 4120 2431 4173 καὶ
2483 4120 2578 4173 νῦν
2624 4119 2935 4190 οίκονομίαν
2983 4121 3017 4190 ἡ
3062 4119 3171 4172 τῶν
3206 4120 3581 4191 προκειμένων
3622 4122 3754 4189 ἡμῖν

2182 4213 2536 4283 προφητικῶν
2615 4213 3057 4284 ἀναγνωσμάτων
3119 4214 3447 4282 ύπεμφαίνει
3502 4211 3751 4277 δύναμις.

2182 4305 2273 4357 Δεῖ
2317 4304 2394 4371 δέ,
2427 4301 2600 4375 οἶμαι,
2635 4304 2703 4357 τὰ
2749 4304 3036 4375 ίστορικῶς
3065 4303 3323 4372 γεγονότα
3358 4303 3753 4373 προαφηγήσα-

2182 4396 2327 4460 σθαι,
2365 4398 2459 4449 καὶ
2494 4397 2720 4450 διειπεῖν
2766 4396 2971 4450 ἕκαστα
3021 4396 3239 4464 σαφῶς·
3276 4395 3427 4449 ἔσται
3472 4400 3580 4467 γὰρ
3611 4395 3754 4449 οὕτω

2180 4490 2291 4553 τοῖς
2315 4488 2717 4557 ἐντευξομένοις
2751 4490 2978 4559 ἐναργὲς
3005 4489 3089 4541 ὅτι
3135 4488 3369 4559 μάλιστα
3404 4488 3465 4541 τὸ
3490 4488 3751 4559 δηλούμε-

506 4575 667 4629 (lzias
691 4573 782 4642 qui
811 4584 866 4626 et
896 4573 1142 4628 Azarias.
1176 4572 1275 4626 llic
1305 4572 1519 4641 quidem
1567 4574 1668 4628 fuit
1708 4574 1884 4629 cultor
1909 4576 2079 4645 pieta-

2184 4597 2292 4633 νον.
2337 4580 2697 4633 Βεϐασίλευκε
2739 4581 2918 4633 τοίνυν
2958 4581 3017 4633 ἐν
3061 4582 3173 4643 τοῖς
3229 4580 3615 4651 Ἰεροσολύμοις
3660 4579 3753 4632 ἐπὶ

509 4667 579 4721 tis
613 4664 780 4719 :lceit
805 4665 950 4717 enim
987 4675 1189 4718 rectum
1232 4665 1285 4717 in
1318 4665 1488 4719 oculis
1534 4664 1767 4731 Domini,
1813 4676 1872 4720 ut
1914 4668 1980 4721 de
2014 4683 2080 4722 eo

508 4757 771 4824 scriptum
803 4766 886 4808 est
913 4754 978 4806 ⁹¹.
1006 4744 1424 4811 Potentissirnus
1458 4766 1635 4811 autem
1660 4767 1777 4810 erat
1813 4766 1869 4811 et
1895 4756 2080 4812 formi-

508 4846 703 4900 dabilis
742 4844 1031 4899 admodum
1065 4845 1331 4911 hostibus,
1375 4846 1629 4900 nimirum
1657 4848 1709 4901 in
1756 4847 2082 4918 alienigenas

511 4937 885 4991 fortitudinem
915 4936 1164 4992 bellicam
1192 4952 1440 4992 exerens.
1471 4938 1605 4992 Cum
1646 4938 1807 5007 igitur
1852 4941 2081 5003 obsedit,

507 5030 670 5096 cepit,
723 5039 886 5098 atque
936 5028 1165 5082 vastavit
1208 5028 1402 5083 multas
1444 5033 1604 5082 urbes
1649 5029 2076 5097 Philistinorum,

508 5119 717 5173 scilicet
746 5120 1188 5187 alienigenarum,
1216 5119 1268 5172 id
1298 5128 1406 5185 est,
1441 5119 1843 5175 Palaestinorum
1870 5136 2084 5176 eorum-

510 5226 614 5279 que
651 5211 741 5281 qui
775 5226 839 5265 ex
879 5210 1025 5266 Caele
1060 5210 1238 5283 Syria.
1272 5211 1544 5279 Scriptum
1589 5210 1750 5284 242
1779 5222 1862 5268 εει
1899 5224 2077 5269 autem

509 5302 590 5354 sic
618 5301 685 5354 de
716 5300 806 5355 illo
837 5302 889 5354 in
929 5303 1163 5357 secundo
1197 5301 1643 5370 Paralipomenon
1671 5319 1685 5357 :
1726 5322 1746 5355 ι
1795 5303 1861 5357 Et
1890 5306 2079 5368 exivit,

509 5405 565 5444 ct
599 5391 930 5461 belligeravit
984 5395 1245 5448 adversus
1294 5395 1646 5463 alienigenas,
1695 5404 1748 5449 et
1798 5396 2081 5451 debellavit

509 5498 694 5537 muros
722 5483 881 5549 Geth,
915 5495 967 5538 et
1002 5501 1185 5543 muros
1204 5484 1453 5550 lamnizr,
1490 5494 1546 5540 et
1581 5502 1764 5542 muros
1794 5486 1970 5552 Azoti,
2022 5497 2077 5540 et

507 5574 1062 5630 aahlieaviteivitates
1087 5577 1263 5640 Azoti,
1300 5588 1354 5630 et
1395 5577 1447 5630 in
1491 5577 1820 5648 alienigenas
1851 5580 2077 5634 robora-

509 5676 587 5717 vit
612 5677 732 5717 eum
763 5662 1036 5729 Dominus,
1065 5676 1118 5721 et
1144 5668 1197 5722 in
1231 5668 1436 5725 Arabas
1477 5670 1780 5728 habitantes
1809 5671 1860 5726 in
1893 5671 2075 5740 Petra,

579 5828 600 5857 ³
628 5824 669 5878 ll
699 5822 871 5879 Paral.
902 5842 1045 5893 xxvn,
1084 5828 1135 5885 4.

2181 4672 2272 4726 τὸν
2330 4672 2547 4743 Ἰσραὴλ
2590 4671 2789 4736 Ὀζίας,
2829 4674 2857 4725 ὁ
2903 4672 2996 4723 καί
3038 4671 3312 4742 Ἀζαρίας.
3360 4664 3528 4735 Οὗτος
3562 4671 3752 4739 γέγονε

2182 4766 2283 4834 μὲν
2329 4764 2609 4827 εὐσεϐείας
2648 4764 3002 4835 ἐπιμελητής.
3067 4764 3318 4835 Ἐποίησε
3359 4763 3467 4834 γὰρ
3507 4764 3569 4817 τὸ
3600 4763 3752 4826 εύθές

2182 4859 2239 4908 ἐν
2268 4856 2567 4926 ὀφθαλμοῖς
2615 4856 2845 4927 Κυρίου,
2877 4855 3021 4908 καθὰ
3060 4857 3364 4927 γέγραπται
3409 4856 3536 4926 περὶ
3564 4856 3749 4909 αὐτοῦ.

2182 4945 2560 5010 Δυνατώτατος
2589 4946 2645 4999 δὲ
2670 4947 2763 4999 καὶ
2793 4946 3115 5016 δυσάντητος
3139 4946 3333 5017 κομιδῇ
3372 4947 3484 5009 τοῖς
3515 4942 3752 4998 δι’ἐναν-

2184 5038 2326 5101 τίας,
2379 5037 2546 5106 ἢγουν
2573 5038 2684 5100 τοῖς
2713 5036 3045 5105 ἀλλογενέσι,
3095 5038 3194 5107 τὴν
3238 5038 3296 5089 ἐν
3338 5039 3449 5099 τοῖς
3496 5036 3753 5107 πολέμοις

2180 5128 2490 5195 ἀντεξάγων
2519 5127 2691 5198 ἰσχύν.
2748 5127 2958 5191 Πολλὰς
2989 5126 3118 5199 γοῦν
3164 5127 3593 5199 ἐκπολιορκήσας
3639 5121 3752 5180 εἷλέ

2178 5237 2237 5272 τε
2272 5222 2366 5273 καὶ
2401 5220 2712 5291 πεπόρθηκε
2748 5220 2931 5284 πόλεις
2958 5219 3065 5273 τῶν
3108 5218 3444 5289 Φυλιστιεὶμ,
3486 5220 3603 5290 ἦτοι
3642 5218 3751 5274 τῶν

2178 5311 2509 5381 ἀλλοφύλων,
2559 5312 2703 5366 τοῦτ’
2750 5308 2887 5378 ἐστι,
2941 5313 3046 5366 τῶν
3099 5310 3501 5378 Παλαιστινῶν,
3545 5311 3639 5366 καὶ
3688 5312 3752 5363 ἐκ

2178 5402 2287 5456 τῶν
2334 5404 2432 5473 τῆς
2466 5402 2805 5474 καλουμένης
2834 5402 3037 5475 Κοίλης
3084 5403 3306 5475 Συρίας.
3340 5402 3652 5473 Γέγραπται
3692 5400 3751 5453 δὲ

2182 5495 2323 5549 οὓτω
2354 5496 2481 5566 περὶ
2511 5496 2694 5557 αὑτοῦ,
2739 5497 2797 5548 ἐν
2830 5498 2893 5566 τῇ
2927 5495 3155 5568 δευτέρᾳ
3187 5496 3295 5549 τῶν
3336 5494 3753 5567 Παραλειπομέ·

2183 5605 2289 5643 νων
2309 5604 2320 5616 ·
2370 5607 2388 5637 ι
2416 5588 2525 5641 Καὶ
2550 5585 2735 5658 ἐξῆλθε
2760 5588 2853 5641 καὶ
2877 5587 3183 5658 ἐπολέμησε
3206 5587 3342 5659 πρὸς
3366 5587 3491 5650 τοὺς
3522 5583 3754 5653 ἀλλοφύα

2182 5676 2306 5739 λους
2372 5679 2463 5731 καὶ
2502 5679 2794 5743 κατίσγυσε
2851 5679 2918 5734 τὰ
2973 5680 3126 5752 τείχη
3178 5678 3302 5750 Γέθ,
3353 5682 3448 5734 καὶ
3480 5678 3549 5734 τὰ
3596 5676 3754 5749 τείχη
