4148 6378
414 384 515 438 539

1539 391 1605 447 IN
1651 390 1882 448 ISAIAM
1928 391 2052 446 LIB.
2096 391 2162 444 Il.
2207 388 2440 445 TOMUS
2480 391 2542 445 Il.

3566 400 3673 458 590

428 497 684 563 Ἀζώτου,
738 503 831 555 καὶ
864 501 1183 577 ᾠκοδόμησε
1240 505 1423 568 πόλεις
1490 506 1749 571 Ἀζώτου,
1794 507 1886 559 καὶ
1934 507 1983 559 ὲν

2095 504 2222 557 etin
2245 503 2484 560 Minae-os.
2523 504 2591 559 Et
2618 504 2884 560 dederunt
2919 504 3094 563 Minzei
3134 507 3278 566 Ozim
3320 512 3483 577 dona,
3513 519 3673 572 etin-

411 595 522 654 τοῖς
550 592 891 662 ἀλλοφύλοις.
916 598 1258 667 Κατίσχυσεν
1294 598 1455 651 αὑτὸν
1481 597 1707 668 Κύριος,
1740 599 1841 650 ἐπὶ.
1867 598 1994 660 τοὺς

413 682 742 753 ἀλλοφύλους
776 688 870 740 καὶ
900 688 1163 757 Ἄραϐας,
1186 693 1312 753 τοὺς
1347 689 1733 753 κατοικοῦντας
1761 690 1852 743 ἐπὶ
1896 689 1996 760 τῆς

415 773 644 845 Πέτρας,
682 777 777 828 καὶ
808 778 901 829 ἐπὶ
931 777 1055 842 τοὺς
1091 780 1372 843 Μιναίους.
1414 779 1523 832 Καὶ
1569 780 1773 834 ἔδωκαν
1800 781 1849 833 οἱ
1891 781 1996 833 Μι-

412 865 655 936 ναῖοιτῷ
700 866 855 939 Ὀζίᾳ
886 868 1057 941 δῶρα,
1094 870 1190 925 καὶ
1235 867 1303 942 ἦν
1360 871 1420 924 τὸ
1464 871 1633 943 ὄνομα
1674 871 1840 925 αὑτοῦ
1889 873 1994 936 ’ἑως

412 958 620 1011 εἰσόδου
650 959 947 1027 Αἰγύπτου,
980 961 1061 1015 ὃτι
1094 962 1418 1034 κατίσχυσεν
1451 963 1555 1028 ἕως
1583 964 1713 1018 ἄνω.
1773 965 1992 1036 Ἐπειδὴ

411 1048 468 1101 δὲ
516 1050 750 1117 ἀπεδίω,
805 1053 1102 1124 διαδέχεται
1157 1056 1255 1126 τὴν
1314 1055 1589 1125 βασιλείαν
1640 1057 1807 1110 αὑτοῦ
1857 1060 1886 1111 6
1932 1058 1993 1123 ἐξ

411 1139 574 1193 αὐτοῦ
610 1141 849 1210 γεγονὼς
911 1146 1170 1216 Ἰωάθαμ.
1229 1143 1361 1201 Εἶτα
1411 1149 1550 1219 μετά
1577 1148 1764 1203 τοῦτον
1795 1148 1990 1220 Ἀχαζ,

412 1233 647 1304 πονηρός
672 1252 731 1288 τε
764 1237 856 1289 καὶ
896 1238 1206 1309 ἀποστάτης
1250 1240 1556 1312 ἄνθρωπος,
1588 1242 1683 1295 καὶ
1732 1245 1845 1305 τοῖς
1891 1241 1992 1313 τῆς

410 1325 624 1393 ἀπάτης
649 1327 910 1397 τέλμασιν
943 1330 1291 1403 ἐμϐεϐηκώς.
1313 1333 1656 1406 Λελάτρευκε
1683 1336 1790 1407 γὰρ
1815 1335 1991 1402 ξύλοις
2033 1376 2039 1384 .

408 1434 467 1469 τε
502 1418 594 1471 καὶ
622 1419 808 1483 λίθοις,
846 1422 938 1474 καὶ
979 1424 1165 1495 ἁπάσῃ
1206 1428 1271 1496 τῇ
1318 1429 1549 1499 στρατιᾷ
1586 1427 1679 1481 τοῦ
1723 1429 1986 1498 ούρανοῦ·

407 1508 633 1579 διήγαγε
673 1511 731 1565 δὲ
758 1513 972 1568 καὶτὸν
1022 1515 1136 1570 υἰὸν
1170 1516 1334 1571 αὐτοῦ
1371 1520 1428 1571 ὲν
1466 1521 1619 1591 πυρὶ,
1648 1520 1840 1573 τέθυκε
1879 1521 1988 1592 γὰρ

408 1602 516 1663 τοῖς
574 1601 868 1673 δαιμονίοις
913 1607 1095 1661 αὐτόν.
1160 1628 1177 1661 ι
1240 1610 1551 1681 Γέγραπται
1594 1612 1650 1665 δὲ
1696 1611 1839 1666 οὕτω
1891 1614 1987 1667 καὶ

408 1694 536 1764 περὶ
583 1695 749 1749 αὑτοῦ
798 1698 855 1749 ὲν
900 1701 965 1769 τῇ
1010 1699 1245 1771 τετάρτῃ
1289 1701 1399 1755 τῶν
1447 1702 1776 1757 Βασιλειῶν·
1815 1723 1835 1756 ι
1874 1706 1985 1759 Καὶ

406 1787 505 1839 οὐκ
552 1787 805 1857 ἐποίησεν
842 1790 996 1853 εύθὲς
1027 1794 1084 1844 ὲν
1125 1792 1419 1863 ὀφθαλμοῖς
1470 1796 1672 1867 Κυρίου
1705 1795 1799 1849 τοῦ
1845 1795 1982 1851 Θεοῦ

2097 594 2292 648 claruit
2328 610 2529 651 nomen
2565 595 2680 665 ejus
2733 611 2900 666 usque
2964 598 3027 652 ad
3088 599 3387 669 ingressum
3428 602 3670 679 Egypti,

2094 687 2217 755 quia
2246 686 2480 743 obtinuit
2509 690 2673 742 etiam
2711 704 2897 758 supra.
2948 690 3081 745 Cum
3115 702 3295 747 autem
3329 710 3360 750 e
3397 696 3532 752 vivis
3561 700 3672 756 dis-

2094 777 2297 842 cessit,
2373 779 2608 848 capessit
2669 793 2890 847 regnum
2945 779 3063 849 ejus
3119 793 3282 838 natus
3328 783 3667 844 Joathamus.

2097 866 2231 922 Dein
2259 880 2377 935 post
2414 884 2536 923 eum
2575 868 2846 936 Achazns,
2891 886 3121 940 nequam
3149 884 3204 928 et
3232 884 3497 943 apostata,
3528 887 3583 931 et
3614 879 3668 934 in

2092 956 2297 1011 erroris
2327 971 2486 1011 caeno
2519 957 2811 1011 volutatus.
2848 959 3025 1013 Coluit
3072 962 3214 1016 enim
3254 962 3395 1033 ligna
3444 978 3498 1020 et
3534 966 3670 1034 lapi-

2093 1044 2210 1110 des,
2243 1054 2298 1099 et
2331 1060 2545 1100 omnem
2591 1045 2835 1102 militiam
2879 1050 3003 1104 coeli
3040 1069 3054 1105 :
3096 1053 3437 1123 traduxitque
3499 1056 3667 1112 ﬁlium

2092 1154 2247 1191 suum
2273 1154 2368 1208 per
2393 1138 2590 1208 ignem,
2611 1139 2876 1207 siquidem
2902 1156 3023 1195 eum
3044 1141 3323 1198 daemoniis
3343 1145 3534 1200 obtulit
3554 1144 3618 1200 ιο.
3641 1165 3662 1201 ι

2088 1229 2360 1297 Scriptum
2390 1240 2472 1286 est
2500 1234 2643 1285 enim
2678 1232 2746 1286 de
2773 1247 2837 1287 eo
2866 1233 2945 1287 sic
2968 1242 3166 1303 quarto
3194 1233 3396 1303 Regum
3441 1254 3456 1290 :
3498 1254 3518 1289 α
3557 1236 3666 1293 Ne—

2090 1337 2195 1392 que
2225 1323 2352 1378 fecit
2384 1336 2589 1377 rectum
2624 1324 2677 1378 in
2701 1323 2874 1378 oculis
2899 1324 3110 1379 Domini
3149 1324 3240 1379 Dei
3290 1325 3370 1381 sui
3410 1326 3664 1394 ﬁdeliter,

2089 1412 2540 1481 quemadmodum
2566 1411 2732 1467 David
2772 1423 2923 1482 pater
2958 1412 3146 1482 ipsius,
3179 1415 3580 1486 ambulavitque
3610 1418 3665 1472 in

2089 1499 2173 1553 via
2199 1515 2383 1571 regum
2415 1499 2602 1566 Israel,
2624 1509 2680 1556 et
2705 1500 2869 1555 ﬁlium
2890 1517 3045 1557 suum
3072 1504 3311 1559 traduxit
3338 1520 3432 1573 per
3463 1506 3663 1577 ignem,

2089 1593 2386 1647 secundum
2417 1592 2845 1650 abominationes
2878 1598 3142 1665 gentium,
3180 1614 3315 1668 quas
3344 1601 3664 1656 evertitDo-

2088 1683 2270 1737 minus
2304 1692 2428 1738 ante
2453 1681 2646 1738 faciem
2692 1683 2923 1739 ﬁliorum
2973 1685 3160 1741 Israel.
3215 1687 3278 1741 Et
3328 1688 3563 1744 adolevit
3609 1692 3663 1746 in

2087 1772 2317 1829 excelsis
2346 1783 2399 1829 et
2436 1775 2487 1828 in
2518 1774 2766 1840 collibus,
2798 1786 2852 1830 et
2893 1778 2993 1831 sub
3030 1778 3176 1832 omni
3212 1779 3357 1850 ligno
3404 1781 3661 1836 silvestri.

408 1876 569 1930 αὑτοῦ
604 1878 809 1943 πιστῶς
836 1878 909 1944 ὡς
942 1881 1143 1935 Δαὸὶδό
1166 1884 1347 1955 πατὴρ
1373 1883 1536 1937 αὐτοῦ
1556 1903 1569 1916 ·
1594 1885 1685 1938 καὶ
1714 1885 1981 1959 ἐπορεύθη

2087 1863 2241 1919 Tunc
2300 1867 2542 1920 ascendit
2601 1866 2883 1922 Rhaasson
2937 1885 3029 1923 rex
3085 1871 3276 1942 Syriaa,
3346 1880 3400 1926 et
3456 1872 3665 1927 Phacee

406 1969 463 2019 ἑν
490 1967 593 2038 ὁδῷ
620 1968 880 2038 βασιλέων
939 1973 1175 2045 Ἰσραὴλ,
1211 1974 1302 2026 καί
1332 1991 1395 2043 γε
1439 1974 1528 2028 τὸν
1560 1976 1674 2029 υἱὸν
1705 1977 1870 2030 αὑτοῦ
1904 1978 1985 2031 δι-

407 2061 615 2130 ήγαγεν
658 2064 713 2113 ὲν
747 2065 900 2138 πυρὶ,
931 2065 1071 2119 κατά
1099 2066 1167 2120 τά
1198 2066 1543 2137 βδελύγματα
1572 2069 1681 2123 τῶν
1712 2068 1882 2121 ἐθνῶν
1910 2063 1985 2124 ὧν

405 2156 599 2226 ἐξῆρεν
652 2155 855 2227 Κύριος
907 2159 1016 2212 ἀπὸ
1059 2159 1353 2230 προσώπου
1400 2161 1510 2214 τῶν
1553 2162 1686 2215 υἰῶν
1746 2163 1980 2235 Ἰσραήλ.

405 2245 514 2298 Καὶ
543 2244 835 2317 έθυμίασεν
862 2249 920 2301 ἐν
947 2251 1061 2313 τοῖς
1091 2249 1336 2319 ὑψηλοῖς,
1368 2250 1461 2303 καὶ
1494 2252 1587 2304 ἐπὶ
1618 2252 1725 2305 τῶν
1756 2251 1981 2322 βουνῶν,

405 2338 499 2390 καὶ
552 2338 809 2392 ὑποκάτω
857 2340 1056 2402 παντὸς
1091 2340 1249 2405 ξύλου
1293 2341 1584 2407 ἀλσὼδους.
1634 2344 1767 2396 Τότε
1816 2343 1983 2415 ἀνέϐη

415 2427 696 2481 Ῥαασσὼν
729 2428 977 2498 βασιλεὺς
1014 2431 1242 2502 Συρίας·
1274 2432 1366 2486 καὶ
1410 2432 1582 2486 Φακεὲ
1622 2434 1734 2497 υίὸς
1776 2434 1983 2505 Ῥωμε-

405 2518 519 2573 λίου
552 2521 648 2574 καὶ
693 2521 942 2591 βασιλεὺς
983 2522 1196 2594 Ἰσραὴλ
1238 2524 1332 2577 ἐπὶ
1380 2525 1737 2596 Ἰερουσαλὴμ
1769 2527 1847 2589 εἰς
1877 2527 1976 2579 πό-

402 2610 567 2681 λεμον
589 2630 602 2642 ·
638 2614 731 2666 καὶ
759 2613 1109 2684 ἐπολιόρκουν
1137 2616 1231 2669 ἐπὶ
1253 2616 1448 2685 Ἄχας,
1474 2617 1568 2669 καὶ
1600 2618 1700 2670 οὐκ
1721 2616 1981 2686 ἠδύναντο

403 2703 662 2773 πολεμεῖν
687 2721 699 2731 ·
729 2723 747 2755 ι
780 2705 875 2759 καὶ
901 2706 1019 2774 μεθ’
1048 2706 1229 2778 ἕτεραο
1269 2725 1287 2758 ι
1318 2707 1429 2760 Καὶ
1459 2706 1777 2761 ἀπέστειλεν
1805 2708 1980 2779 ’Δχαζ

401 2794 667 2862 ἀγγέλους
710 2796 846 2866 πρὸς
898 2796 1369 2870 Θεγλαφαλαασάρ
1418 2796 1641 2868 βασιλέα
1667 2798 1981 2870 Ἀσσυρίων

402 2890 606 2957 λέγων·
656 2889 848 2953 Δοῦλός
894 2907 1009 2955 σου,
1064 2890 1157 2944 καί
1198 2892 1312 2954 υἱός
1363 2908 1455 2944 σου
1510 2889 1643 2960 ἐγώ.
1692 2888 1977 2961 Ἀνάδηθι,

403 2982 577 3034 σῶσόν
612 2998 678 3051 με
714 2983 777 3034 ἐκ
806 2981 988 3051 χειρὸς
1030 2981 1293 3051 βασιλέως
1325 2984 1543 3055 Συρίας,
1578 2984 1671 3038 καί
1700 2986 1763 3036 ἐκ
1798 2981 1981 3053 χειρὸς

413 3069 673 3140 βασιλέως
714 3070 929 3141 Ἰσραὴλ
970 3071 1077 3124 τῶν
1111 3073 1561 3144 ἐπανισταμένων
1598 3073 1686 3127 ἐπ’
1711 3072 1835 3143 ἐμέ.
1870 3074 1981 3127 Καὶ

401 3161 593 3214 ἔλαϐεν
626 3160 799 3232 "Ala:
844 3161 1104 3233 ἀργύριον
1147 3163 1241 3215 καὶ
1289 3165 1510 3235 χρυσίον
1540 3164 1600 3217 τὸ
1648 3162 1870 3235 εὑρεθὲν
1919 3164 1978 3217 ὲν
2006 3196 2051 3256 c

402 3251 699 3325 θησαυροῖς
736 3254 887 3308 οἴκου
940 3254 1171 3325 Κυρίου,
1207 3255 1301 3308 καὶ
1346 3257 1495 3309 οῖκου
1545 3255 1639 3309 τοῦ
1694 3256 1977 3327 βασιλέως,

401 3346 497 3399 καὶ
524 3346 809 3400 ἀπέστειλε
837 3347 914 3416 τῷ
962 3345 1172 3415 βασιλεῖ
1201 3346 1371 3419 δῶρα.
1415 3348 1523 3401 Καὶ
1548 3348 1779 3418 ἤκουσεν
1812 3348 1978 3401 αὑτοῦ

404 3438 657 3506 βασιλεὺς
708 3439 1029 3510 Ἀσσυρίων,
1061 3440 1156 3492 καί⁴
1196 3441 1524 3512 παρεγένετο
1546 3442 1625 3504 είς
1668 3439 1976 3511 Δαμασκὸν,

402 3530 497 3583 καὶ
528 3530 818 3583 συνέλαὸεν
855 3531 1024 3606 αὐτὴν
1058 3531 1151 3584 καὶ
1188 3531 1481 3603 ἀπῴκησεν
1520 3532 1710 3602 αὐτὴν,
1755 3533 1849 3585 καὶ
1887 3531 1980 3585 τὸν

415 3621 695 3676 Ῥαασσὼν
732 3622 1092 3676 ἐθανάτωσεν.
1126 3623 1337 3676 Οὐκοῦν
1365 3624 1579 3694 πρῶτον
1611 3624 1708 3695 μὲν
1745 3624 1926 3688 Ὀζίας
1951 3624 1980 3677 6

402 3714 496 3766 καὶ
530 3712 788 3785 Ἀζαρίας
826 3714 1206 3787 ὲκπεπόρθηκε
1245 3714 1370 3777 τοὺς
1402 3714 1752 3785 ἀλλοφύλους,
1800 3715 1978 3769 πᾶσάν

400 3822 462 3857 τε
486 3804 665 3858 αὐτῶν
710 3805 1068 3879 καταδῃώσας
1108 3808 1205 3878 τὴν
1236 3806 1360 3876 γῆν,
1405 3805 1645 3876 δασμοὺς
1692 3806 1979 3876 ἐκομίζετο

401 3899 495 3950 καὶ
533 3896 685 3969 τέλη.
731 3897 989 3969 Δεύτερος
1034 3898 1090 3952 δὲ
1144 3900 1281 3968 μετά
1333 3897 1518 3950 τοῦτον
1555 3898 1584 3949 6
1625 3896 1798 3967 Ἀχαζ
1844 3913 1976 3950 κατ-

399 3988 694 4060 εμισθοῦτο
733 3990 823 4042 τὸν
871 3990 1175 4062 Ἀσσινριον,
1206 3990 1300 4042 καὶ
1346 3988 1627 4058 ἐπαφῆκεν
1655 3989 1869 4051 αὐτοῖς’
1918 3987 1977 4051 ὃς

402 4082 497 4134 καὶ
556 4083 737 4134 πᾶσαν
786 4080 1157 4149 ἐξαναστήσας
1209 4079 1308 4150 τὴν
1357 4077 1725 4131 Παλαιστινῶν
1772 4078 1974 4149 χώραν,

400 4174 599 4236 αὐτοὺς
626 4172 734 4243 γάρ
768 4168 908 4225 εἶναί
938 4188 1070 4241 φησι
1098 4171 1223 4235 τοὺς
1261 4169 1608 4239 ἀλλοφύλους,
1641 4170 1976 4240 ἀπεκόμισεν

400 4264 781 4336 αἰχμαλώτους
818 4266 897 4329 εἰς
925 4264 1021 4336 τὴν
1069 4262 1284 4328 ἑαυτοῦ,
1319 4264 1445 4326 τοὺς
1492 4265 1557 4317 ὲκ
1596 4262 1691 4315 τοῦ
1738 4262 1974 4332 πολέμου

401 4355 937 4427 περιλελειμμένους.
1027 4354 1248 4424 Ἐπειδὴ
1326 4354 1385 4407 δὲ
1470 4352 1855 4422 τετελεύτηκεν
1947 4352 1975 4403 6

406 4447 604 4517 ’Δχαζ,
647 4447 1046 4517 ἀνεσκίρτησαν
1095 4447 1187 4498 ἐπὶ
1222 4444 1394 4514 τούτῳ
1418 4444 1526 4496 τῶν
1562 4442 1875 4512 ἀλλοφύλων
1917 4443 1974 4496 αἰ

2090 1954 2230 2009 ﬁlius
2260 1951 2556 2009 Rhomelize
2583 1971 2673 2010 rex
2706 1955 2871 2011 Israel
2920 1958 2971 2011 in
3016 1956 3314 2014 Jerusalem
3343 1961 3409 2015 ad
3439 1960 3661 2030 bellum,

2085 2056 2139 2100 et
2154 2046 2477 2100 obsederunt
2500 2045 2798 2110 Achazuin,
2824 2058 2877 2100 et
2895 2062 2999 2101 non
3017 2057 3307 2115 potuerunt
3328 2066 3660 2121 expugnare,

2086 2149 2190 2192 etc.
2236 2137 2303 2191 Et
2338 2137 2515 2192 emisit
2544 2139 2792 2193 Achazus
2818 2140 3036 2194 nuntios
3070 2141 3135 2194 ad
3178 2140 3663 2211 Theglaphalassa-

2086 2244 2203 2281 rum
2239 2243 2416 2298 regem
2452 2229 2825 2300 Assyriorum,
2872 2229 3057 2286 dicens
3104 2248 3117 2284 :
3180 2230 3379 2287 Servus
3433 2242 3556 2289 tuus
3607 2246 3663 2289 et

2088 2320 2228 2374 ﬁlius
2273 2332 2394 2375 tuus
2419 2335 2539 2390 ego,
2571 2322 2821 2387 ascende,
2873 2336 3027 2375 serva
3077 2338 3163 2377 me
3208 2339 3274 2376 ex
3316 2341 3475 2378 manu
3519 2327 3664 2397 regis

2086 2408 2278 2481 Syrim,
2305 2420 2357 2465 et
2388 2424 2451 2465 ex
2501 2426 2658 2463 manu
2689 2410 2832 2475 regis
2870 2409 3055 2475 Israel,
3089 2412 3178 2479 qui
3217 2412 3501 2482 insurgunt
3528 2428 3661 2468 con-

2084 2508 2167 2554 tra
2199 2514 2304 2554 me.
2339 2499 2399 2552 Et
2433 2499 2573 2568 cepit
2612 2500 2863 2552 Achazus
2896 2511 3179 2566 argentum
3227 2506 3281 2555 et
3331 2517 3521 2555 aurum
3574 2503 3660 2556 in-

2083 2596 2298 2641 ventum
2325 2588 2375 2641 in
2409 2588 2681 2641 thesauris
2708 2589 2897 2642 domus
2929 2586 3162 2653 Domini,
3194 2596 3247 2642 et
3276 2592 3465 2643 domus
3494 2593 3658 2658 regis,

2086 2689 2143 2733 et
2174 2679 2321 2733 misit
2350 2680 2462 2746 regi
2501 2694 2749 2734 munera.
2791 2680 2854 2732 Et
2895 2667 3250 2735 audivit-eum
3290 2696 3378 2735 rex
3410 2682 3663 2754 Assyriv

2086 2786 2225 2836 rum,
2258 2786 2323 2826 ac
2370 2772 2516 2826 venit
2571 2770 2931 2835 Damascum,
2970 2781 3025 2825 et
3082 2786 3201 2827 eam
3230 2784 3442 2842 captain
3488 2784 3662 2832 trans-

2086 2862 2234 2927 tulit,
2271 2870 2325 2916 et
2362 2859 2645 2916 Rhaasson
2678 2862 2967 2917 interfecit.
2996 2861 3164 2933 Igitur
3184 2863 3415 2933 primum
3441 2865 3661 2935 quidem

2087 2953 2251 3009 Ozias
2272 2955 2361 3024 qui
2396 2964 2448 3007 et
2474 2955 2700 3007 Azarias
2720 2964 2823 3011 est.
2856 2955 3097 3022 captivos
3130 2955 3281 3008 duxit
3304 2956 3660 3027 alienigenas,

2090 3048 2345 3117 omnique
2380 3062 2567 3100 eorum
2624 3056 2765 3100 terra
2812 3058 3045 3108 vastata,
3103 3048 3299 3102 tributa
3351 3051 3558 3121 accepit
3606 3061 3661 3105 ct

2084 3137 2389 3208 vectigalia.
2416 3136 2696 3192 Secundus
2722 3152 2849 3191 vero
2883 3146 3004 3206 post
3036 3137 3210 3207 ipsum
3236 3139 3485 3195 Achaztis
3515 3157 3660 3194 mer-

2084 3229 2215 3284 cede
2239 3229 2496 3283 conduxit
2526 3230 2829 3300 Assyrium,
2858 3237 2913 3282 et
2951 3228 3149 3285 invasit
3172 3245 3289 3297 eos,
3327 3234 3415 3301 qui
3447 3241 3502 3287 et
3542 3235 3662 3287 uni-

2083 3335 2296 3375 versam
2319 3322 2513 3377 evertit
2550 3322 2825 3392 regionem
2882 3319 3292 3378 Palmstinorum
3344 3326 3460 3397 (eos
3512 3327 3658 3381 enim
3729 3339 3737 3347 '

2082 3417 2212 3471 dicit
2237 3430 2359 3470 esse
2381 3413 2735 3484 alienigenas)
2782 3415 3112 3486 abduxitque
3145 3417 3388 3486 captivos
3425 3416 3476 3471 in
3504 3434 3658 3472 suam

2084 3517 2304 3570 terram,
2330 3522 2422 3560 eos
2446 3506 2534 3574 qui
2570 3520 2600 3558 e
2643 3506 2780 3559 bello
2806 3516 2965 3561 erant
3000 3507 3194 3562 relicti.
3228 3506 3439 3564 Mortuo
3476 3519 3657 3564 autem

2078 3600 2317 3660 Achazo,
2350 3598 2417 3651 ob
2467 3595 2869 3652 idresilierunt
2898 3597 3321 3669 alienigenarum
3384 3600 3653 3669 civitates,

2079 3688 2240 3761 243
2263 3687 2404 3742 velut
2439 3700 2471 3740 e
2511 3689 2689 3741 medio
2720 3688 2929 3743 sublato
2960 3703 3025 3743 eo
3048 3690 3137 3758 qui
3169 3700 3536 3759 percusserat,
3580 3708 3645 3747 ac

2082 3781 2418 3837 intolerabile
2454 3780 2600 3834 velut
2650 3780 2838 3851 jugum
2880 3782 3183 3851 tyrannidis
3215 3782 3518 3841 induxerat.
3555 3785 3658 3841 De-

2077 3874 2270 3929 bilitati
2304 3874 2447 3928 enim
2488 3873 2655 3927 semel
2685 3882 2740 3927 et
2762 3872 2929 3927 excisi
2978 3889 3140 3928 manu
3181 3875 3548 3948 Assyriorum,
3577 3880 3654 3933 ira

2079 3964 2543 4019 cxacerbabantur
2580 3965 2794 4035 quidem
2855 3965 2906 4018 in
2961 3965 3258 4033 Acbazum,
3288 3977 3343 4021 at
3369 3968 3554 4026 ulcisci
3584 3984 3646 4026 se

2080 4074 2183 4112 non
2206 4056 2458 4112 valebant
2482 4058 2546 4112 ¹¹.
2580 4076 2598 4109 ι
2637 4056 2682 4112 Ο
2715 4057 2877 4127 igitur
2902 4073 3022 4121 vos,
3060 4058 3269 4128 inquit;
3298 4061 3652 4131 alienigenae:

2078 4151 2513 4220 cuandoquidem
2562 4152 2704 4204 sicut
2766 4150 2945 4204 dicitis
2995 4160 3049 4205 et
3098 4153 3343 4219 creditis,
3402 4154 3657 4211 defuncto

2076 4242 2311 4306 Achazo,
2347 4243 2638 4297 contritum
2690 4252 2771 4296 est
2827 4243 3174 4311 imposternm
3208 4242 3396 4316 jugum
3455 4262 3653 4317 percn-

2080 4334 2259 4389 tientis
2286 4349 2400 4401 vos,
2452 4335 2504 4389 id
2540 4344 2643 4400 est,
2669 4336 3020 4398 conterentis,
3056 4346 3342 4403 propterea
3404 4354 3472 4393 ne
3524 4356 3650 4409 gau-

2078 4431 2219 4484 dete.
2247 4429 2564 4496 Quanquam
2606 4427 2806 4481 dixerit
2842 4429 3134 4498 quispiam,
3174 4430 3446 4484 Achazum
3485 4431 3654 4487 idolo-

400 4539 607 4604 πόλεις,
659 4538 734 4600 ὠς
782 4540 846 4589 ἐκ
894 4536 1068 4589 ποδῶν
1111 4536 1391 4605 γεγονότος
1440 4536 1534 4589 τοῦ
1578 4535 1971 4598 καταπαίοντος

2084 4536 2194 4574 rum
2221 4519 2478 4572 cultorem
2519 4516 2702 4584 fuisse,
2739 4529 2792 4572 et
2821 4518 3130 4588 profanum,
3160 4530 3214 4573 et
3249 4521 3338 4575 Dei
3376 4524 3585 4575 hostem
3630 4540 3648 4581 :

402 4630 601 4692 αὐτοὺς
622 4666 638 4691 ,
684 4628 779 4681 καὶ
819 4627 1153 4698 δυσφὸρητον
1185 4627 1371 4700 ὥσπερ
1397 4628 1489 4681 τὸν
1522 4628 1620 4699 τῆς
1665 4627 1978 4695 πλεονεξίας

401 4714 736 4784 ἐπιτιθέντος
799 4720 983 4788 ζυγόν.
1046 4720 1431 4789 Ἦσθενηκότες
1492 4719 1600 4791 γὰρ
1656 4718 1833 4784 ἅπαξ,
1883 4721 2001 4774 καὶη

401 4812 809 4885 πεπορθημένω
865 4812 954 4865 διὰ
994 4812 1093 4882 τῆς
1151 4812 1448 4881 Ἀσσυρίων
1507 4811 1709 4884 χειρὸς,
1755 4828 1979 4864 κατεπι-

400 4904 687 4973 κραίνοντο
734 4900 832 4970 μὲν
895 4900 986 4953 ἐπὶ
1037 4899 1114 4970 τῷ
1161 4898 1355 4969 Ἄχας,
1409 4898 1715 4968 ἀμύνασθαί
1764 4914 1823 4949 τε
1872 4897 1978 4966 μὴν

400 4995 503 5047 οὐκ
532 4989 675 5064 ἦσαν
706 4990 900 5045 ἱκανοί.
917 5009 935 5042 ›
956 4986 1028 5041 Ὦ
1055 4989 1555 5059 τοίνυνλάλλόφυλοι,
1582 4990 1767 5059 φησὶν,
1790 4986 1976 5058 ἐπειδὴ

403 5086 547 5140 καθά
578 5100 715 5152 φατε
748 5082 843 5136 καὶ
869 5080 1137 5152 νομίζετε,
1166 5080 1610 5150 τετελευτηκότος
1631 5078 1727 5132 τοῦ
1775 5076 1971 5148 Ἀχαζ,

404 5176 695 5247 συνετρίϐη
727 5174 914 5228 λοιπὸν
946 5174 974 5226 6
1007 5171 1168 5241 ζυγὸς
1209 5172 1302 5225 τοῦ
1346 5172 1595 5236 παίοντος
1621 5172 1785 5241 ὑμᾶς,
1827 5170 1974 5225 τοῦτ’

402 5269 541 5331 ἐστι,
571 5266 667 5321 τοῦ
697 5264 1089 5337 συντρίϐοντος,
1123 5263 1216 5317 ἐπὶ
1238 5263 1412 5334 τούτῳ
1444 5263 1520 5333 μὴ
1554 5261 1967 5334 εύφρανθείητε.

401 5362 597 5414 Καίτοι
635 5358 768 5429 φαίη
814 5375 899 5421 τις
943 5358 1039 5421 ἂν,
1091 5356 1167 5419 ὡς
1211 5355 1599 5425 εἰδωλολάτρης
1644 5357 1672 5408 6
1700 5355 1875 5425 ¹Ἀχαζ
1902 5350 1972 5425 ἦν

404 5452 632 5525 βέῦηλός
661 5469 721 5505 τε
747 5451 843 5503 καί⁵
886 5449 1145 5519 θεομισής
1165 5464 1181 5479 ο
1223 5443 1343 5502 εἶτα
1374 5448 1491 5511 πῶς
1518 5447 1807 5502 ἀνακόπτει
1840 5447 1974 5511 Θεὸς

400 5540 493 5601 τὸν
524 5542 612 5594 ἐπ’
653 5538 801 5610 αὑτῷ
830 5537 1044 5607 γέλωτα
1081 5537 1190 5589 τῶν
1233 5536 1298 5590 δι’
1345 5538 1623 5601 ἐναντίας;
1660 5536 1868 5589 Οὐκοῦν
1911 5537 1972 5589 ού

401 5634 523 5687 κατ’
556 5632 765 5685 ἐκείνου
795 5648 897 5684 που
928 5629 1144 5693 πάντως
1170 5624 1238 5699 ἦν
1263 5631 1291 5682 ὀ
1321 5628 1495 5698 γέλως
1516 5642 1533 5661 ⁸
1574 5628 1689 5683 ἀλλ’
1731 5629 1885 5681 εἵπου
1919 5646 1972 5682 τι

2073 4613 2252 4683 quiﬁt
2298 4626 2426 4680 ergo
2462 4620 2519 4664 ut
2566 4620 2784 4680 pr0pter
2828 4612 2969 4664 hunc
3008 4612 3266 4681 impediat
3293 4611 3433 4667 Deus
3477 4613 3648 4669 risum

2075 4701 2548 4758 adversariorum?
2578 4701 2693 4755 Non
2731 4711 2918 4755 contra
2956 4702 3099 4755 illiilli
3131 4703 3352 4757 omnino
3392 4704 3478 4758 hic
3511 4706 3653 4759 risus

2072 4805 2214 4859 erat,
2240 4794 2334 4849 sed
2358 4794 2403 4848 si
2432 4794 2557 4863 quid
2589 4792 2797 4846 adversi
2832 4793 3028 4847 .luda'a:
3051 4798 3385 4865 contigisset,
3408 4810 3513 4849 non
3538 4804 3648 4850 tam

2075 4888 2362 4956 patientes,
2419 4902 2580 4955 quant
2630 4884 2723 4938 Dei
2763 4896 2977 4937 manum
3007 4898 3127 4954 qua:
3178 4885 3429 4942 lsraelem
3488 4889 3645 4958 quasi

2081 4989 2234 5033 scuto
2257 4976 2517 5040 defendit,
2554 4975 2739 5029 sannis
2772 4971 3139 5043 conviciisque
3198 4979 3533 5031 conabantur
3562 4979 3651 5032 in-

2079 5076 2271 5129 sectari
2323 5073 2639 5127 adversarii.
2692 5070 2959 5126 Putabant
3006 5070 3272 5135 siquidem
3316 5077 3647 5123 attenuatam

2078 5176 2131 5220 et
2171 5165 2499 5219 inﬁrmatam
2522 5179 2643 5218 esse
2661 5162 3089 5231 potentissimam
3131 5161 3500 5223 dexteram,et
3526 5177 3652 5216 suos

2081 5263 2214 5317 deos
2237 5258 2460 5316 custode
2493 5260 2706 5315 lsraelis
2730 5259 2897 5313 fuisse
2921 5256 3190 5311 meliores.
3213 5253 3450 5312 Proinde
3484 5269 3631 5324 quan

2080 5368 2242 5421 quam
2278 5351 2537 5423 profanus
2581 5351 2744 5406 fuerit
2784 5349 3052 5411 Achazus,
3088 5354 3267 5400 tamen
3295 5346 3419 5414 quia
3466 5344 3655 5400 alieni-

2080 5461 2252 5514 genas,
2282 5455 2339 5500 ut
2374 5445 2483 5515 iam
2515 5445 2783 5510 dicebam,
2820 5441 3053 5496 ludibrio
3091 5440 3395 5495 habuerunt
3437 5434 3650 5491 lsraelim

2084 5546 2189 5605 tas,
2226 5538 2530 5607 comprimit
2562 5536 2826 5601 laetitiam,
2846 5544 2901 5588 et
2935 5532 3085 5602 quasi
3118 5531 3351 5587 retrahit
3383 5546 3446 5584 ac
3481 5530 3651 5584 refre-

2084 5639 2175 5683 nat
2226 5628 2502 5696 gaudium,
2542 5628 2727 5683 dicens
2760 5646 2772 5682 :
2809 5642 2913 5682 non
2959 5625 3217 5683 liberatos
3247 5641 3366 5683 esse
3399 5641 3494 5682 eos
3522 5626 3655 5697 iugo

474 5792 519 5824 ³⁸
550 5789 593 5844 ιι
630 5789 805 5843 Paral.
840 5803 986 5855 xxvi,
1015 5785 1143 5855 6-8;
1173 5755 1344 5853 κίνει,
1377 5785 1436 5849 l;
1475 5799 1658 5850 xxvm,
1690 5782 1804 5837 1-4.
1867 5784 1925 5865 _“
1951 5780 2014 5836 ιγ
2049 5783 2183 5853 Reg.
2211 5798 2321 5848 im,
2355 5781 2376 5834 ι
2416 5794 2571 5849 seqq.
