4148 6378
527 398 630 458 391

1510 394 1571 447 S.
1614 386 1886 447 CYlilL‘lJ
1926 388 2397 445 ALEXANDBINI
2437 387 2753 443 ARCHIEP.

3686 387 3792 442 392

531 531 830 591 premente,
858 520 950 575 sed
975 530 1232 588 passuros
1264 528 1322 567 se
1347 512 1532 581 digna,
1562 523 1615 565 et
1645 513 1886 566 volentes
1923 511 2112 564 nolen-

2216 510 2324 563 τῶν
2371 511 2700 565 καταλυπεῖν
2757 508 3026 563 είωθότων
3080 510 3178 580 τὴν
3240 510 3497 563 Ἰουδαίαν
3540 508 3789 576 γενέσθαι

533 624 613 668 tes
640 613 983 678 cruciandos,
1012 625 1119 664 non
1152 605 1520 662 mediocriter.
1556 604 1695 670 Quid
1729 604 1872 657 enim
1902 602 2015 657 ait?
2038 601 2113 656 Ne

531 706 810 771 laztatnini,
837 705 1079 759 dicentes
1113 700 1468 772 percutientis
1500 713 1596 751 vos
1623 697 1808 767 jugum
1832 710 1954 750 esse
1984 709 2114 748 cono

528 799 742 853 tritum.
778 796 986 852 Scitote
1011 810 1140 849 vero
1168 793 1343 864 potius
1372 791 1512 861 quod
1545 804 1608 844 ex
1654 788 1861 843 semine
1892 802 2113 857 serpen-

532 890 604 944 tis
629 888 975 959 egredientur
1001 885 1143 940 fetus
1171 884 1443 953 aspidum.
1483 880 1743 936 Bil'ariam
1781 881 1882 935 hoc
1912 878 2115 933 intelli-

526 996 649 1050 gas.
680 979 811 1033 Erat
863 977 1118 1031 nimirum
1150 974 1314 1030 Ozias
1352 976 1443 1044 qui
1483 983 1538 1029 et
1578 973 1826 1038 Asarias,
1854 971 1931 1026 uti
1979 970 2111 1037 dixi,

530 1083 647 1125 tum
677 1069 923 1134 immitis,
962 1079 1075 1123 tum
1117 1067 1537 1131 bellacissitnus,
1567 1076 1619 1121 et
1667 1064 1744 1120 ita
1773 1064 1953 1119 manui
2004 1079 2115 1118 sua:

530 1178 599 1217 ac
626 1153 881 1232 potestati
919 1176 1014 1215 eos
1049 1158 1297 1228 subjecit,
1331 1167 1391 1212 ιιι
1418 1168 1618 1227 ιιι-αξιοι·
1647 1156 1862 1211 solitum
1890 1155 2027 1210 vicis
2061 1163 2115 1208 et

527 1253 760 1308 urbibus
795 1252 999 1307 tributa
1028 1251 1329 1320 imperarit.
1364 1248 1569 1304 Deinde
1596 1258 1718 1318 post
1750 1246 1897 1301 illum
1934 1247 2113 1302 Acha-

527 1361 651 1411 zus,
674 1344 889 1398 tametsi
927 1358 1033 1397 non
1056 1355 1153 1395 sua
1182 1339 1400 1411 quidem
1429 1356 1587 1394 manu
1622 1339 1870 1394 fortassis
1903 1356 2001 1394 nec
2025 1355 2115 1393 ar-

530 1439 635 1493 mis
665 1436 876 1507 patriis,
908 1432 1254 1502 Assyriorum
1289 1440 1469 1486 tamen
1503 1430 1900 1499 viribus,paria
1934 1430 1987 1484 in
2019 1444 2112 1485 eos

530 1529 718 1598 gessit.
752 1524 906 1596 Cepit
938 1523 1084 1578 enim
1145 1521 1467 1575 Damascum
1522 1519 2110 1591 Theglaphalassarus,

532 1620 893 1687 civitatesque
950 1615 1423 1684 alienigenarum,
1477 1622 1531 1666 et
1590 1611 2110 1682 ipsum.Rhaasson

531 1712 847 1766 trucidavit.
889 1709 1179 1763 Demortuo
1207 1707 1445 1769 Achazo,
1500 1706 1551 1757 iu
1606 1720 1834 1775 regnum
1874 1704 2115 1760 succedit

535 1808 719 1872 justus
750 1803 839 1857 ille
878 1800 1094 1870 quidem
1141 1814 1204 1853 ac
1253 1798 1370 1867 pius
1403 1796 1681 1851 Ezechias.
1710 1796 1982 1867 Scriptum
2031 1807 2115 1852 est

530 1867 712 1949 autem
767 1896 833 1948 de
882 1867 948 1947 eo
991 1892 1041 1947 in
1084 1901 1277 1962 quarto
1329 1890 1641 1958 Regnorum
1670 1903 1685 1942 :
1721 1907 1738 1939 ι
1766 1887 1830 1942 Et
1858 1888 2055 1944 defecit
2084 1904 2117 1943 a
2149 1867 2190 1921 Β

536 2003 664 2057 rege
720 1987 1088 2059 Assyriorum,
1129 1999 1230 2041 nec
1280 1984 1504 2039 servivit
1554 1982 1626 2038 ei.
1683 1981 1804 2052 Ipse
1853 1982 2117 2050 percussit

535 2078 867 2148 alienigenas
899 2092 1070 2146 usque
1100 2078 1165 2130 ad
1194 2075 1425 2137 Gazam.
1453 2083 1508 2130 et
1533 2086 1703 2141 usque
1727 2074 1795 2127 ad
1826 2072 2115 2127 terminum

526 2172 650 2240 ejus
677 2186 704 2223 a
748 2180 893 2225 turre
932 2169 1374 2233 custodientium,
1409 2180 1579 2236 usque
1604 2165 1671 2219 ad
1697 2164 1970 2219 civitatem
1999 2180 2117 2218 mu-

534 2263 702 2316 nitam
731 2262 792 2315 η.
826 2279 845 2312 ι
881 2261 1067 2330 Itaque
1094 2259 1247 2314 velut
1294 2274 1361 2313 ex
1398 2257 1606 2312 semine
1646 2256 1912 2325 serpentis
1942 2254 2113 2319 θεῖαι,

530 2353 677 2408 fetus
702 2353 946 2422 aspidum
970 2363 1124 2405 ortus
1149 2360 1231 2405 est
1260 2348 1425 2422 244
1464 2349 1748 2403 Achaeus:
1777 2349 1897 2403 dein
1923 2365 2115 2404 secun-

532 2442 661 2496 dum
723 2443 869 2496 illum
926 2458 1153 2511 serpens
1196 2442 1405 2504 volans,
1430 2443 1481 2496 id
1535 2452 1639 2507 est,
1673 2458 1800 2497 acer
1832 2442 2108 2499 Ezechias.

536 2533 855 2588 Mordebaut
888 2536 1038 2588 enim
1087 2534 1488 2604 quodammodo
1533 2534 1881 2604 alienigenas,
1928 2533 2116 2587 deletis

546 2640 736 2678 eorum
796 2624 1041 2679 urbibus.
1086 2624 1198 2680 Etsi
1251 2636 1430 2679 autent
1484 2634 1765 2695 serpentes
1809 2622 1936 2678 dicti
1990 2630 2117 2676 sunt

539 2717 709 2773 Ozias
734 2729 785 2772 et
810 2718 1091 2784 Ezechias,
1118 2719 1243 2774 licet
1270 2718 1473 2788 alioqui
1496 2718 1596 2789 pii,
1625 2717 1752 2772 illud
1780 2726 1960 2772 tamen
1990 2732 2117 2785 pru-

529 2809 848 2864 dentissime
877 2809 1305 2879 intelligendum,
1341 2810 1612 2865 sermonis
1649 2822 1873 2876 scopum
1907 2807 1973 2861 ad
2015 2820 2111 2860 ex-

535 2900 849 2969 primendos
887 2898 1204 2956 Philistiuos
1249 2901 1363 2955 sive
1405 2900 1740 2969 alienigenas
1766 2897 1921 2965 dirigi
1953 2907 2114 2967 atque

532 2994 876 3048 collimitare.
908 2992 1232 3062 vOportebat
1267 3007 1397 3062 ergo
1422 3007 1515 3047 eos
1555 3007 1660 3045 non
1693 2991 1955 3061 placidos,
2009 3005 2112 3044 non

534 3086 695 3140 mites
712 3084 848 3151 fore,
867 3086 961 3139 sed
989 3096 1169 3138 truces
1194 3094 1251 3139 et
1277 3099 1452 3147 acres,
1479 3093 1790 3152 serpentum
1822 3082 1874 3136 in
1908 3098 2113 3136 morem

534 3178 591 3232 in
627 3176 968 3231 adversarios
1020 3175 1231 3229 insilire
1263 3175 1477 3228 solitos.
1510 3173 1688 3239 Quare
1747 3173 1831 3228 vel
1878 3174 2018 3227 hunc
2048 3173 2112 3226 ad
2137 3205 2185 3263 ρ

539 3269 757 3321 modum
810 3267 1079 3338 intelliges
1119 3266 1270 3331 illud,
1312 3265 1391 3320 Ex
1422 3266 1627 3322 semine
1655 3265 1921 3336 serpentis
1964 3279 2119 3334 egre-

542 3361 761 3414 dientur
811 3360 1094 3428 progenies
1136 3360 1402 3429 aspidum,
1454 3357 1539 3413 vel
1586 3358 1691 3412 alia
1743 3359 1788 3413 si
1821 3358 2005 3427 placet:
2039 3371 2118 3409 ra-

537 3452 709 3506 tione.
741 3450 1086 3506 Conduxerat
1127 3465 1320 3519 nempe
1368 3450 1619 3506 Achaeus
1658 3450 2115 3521 Theglaphalasa-

534 3556 655 3597 rum
676 3542 979 3613 Assyrium,
998 3551 1051 3596 et
1073 3543 1351 3614 regionem
1390 3541 1811 3613 alienigenarum
1835 3541 2115 3605 invadens,

534 3651 659 3690 cum
723 3646 892 3689 totam
952 3633 1308 3705 depopulatus
1355 3634 1721 3701 esset,ipsum
1790 3646 2027 3702 quoque,
2059 3643 2118 3685 ut

536 3726 674 3790 dixi,
706 3740 887 3796 regem
930 3724 1171 3780 Raasson
1222 3726 1517 3779 interemit.
1563 3723 1916 3793 Temporibus
1939 3733 2116 3777 autem

537 3818 684 3885 regis
718 3814 984 3881 Ezechiae,
1020 3825 1209 3870 contra
1239 3814 1544 3870 Samariam
1593 3813 1780 3869 eduxit
1816 3811 2115 3870 exercitum

535 3907 977 3972 Salmanasarus,
1011 3908 1126 3976 ipse
1163 3922 1379 3976 quoque
1411 3922 1503 3961 rex
1531 3906 1902 3978 Assyriorum.
1944 3904 2114 3960 Gras-

537 4014 775 4068 sansque
822 3999 1060 4070 primum
1119 3998 1172 4053 in
1225 3999 1500 4070 regionem
1553 3998 1961 4053 Palaestinorum
2022 4012 2117 4053 seu

538 4091 990 4159 alienigenarum.
1012 4090 1347 4145 barbaricam
1373 4091 1427 4146 in
1450 4106 1639 4146 omnes
1662 4091 1903 4145 exercuit
1922 4090 2115 4146 crude-

540 4182 770 4248 litatem,
809 4183 881 4236 ita
910 4193 969 4237 ut
994 4198 1057 4236 es
1079 4183 1283 4237 semine
1307 4184 1575 4254 serpentis
1600 4182 2110 4253 Theglaphalassar,

539 4275 681 4330 fetus
720 4276 921 4343 aspidis
973 4275 1166 4331 exierit
1222 4275 1633 4330 Salmanasarus
1696 4285 1949 4344 tauquam
2000 4289 2111 4330 ser-

537 4382 674 4436 pcns
699 4377 753 4421 et
794 4369 926 4434 ipse,
943 4383 1047 4421 non
1081 4367 1145 4420 ad
1177 4369 1412 4421 assultus
1439 4365 1612 4435 piger,
1643 4382 1747 4421 non
1789 4366 1854 4419 ad
1884 4366 2119 4435 impetus

542 4460 597 4512 in
634 4460 933 4514 obsidendo
967 4460 1172 4524 tardus,
1206 4460 1300 4514 sed
1340 4473 1464 4514 acer
1508 4458 1706 4528 potius,
1734 4468 1789 4513 et
1826 4458 1980 4529 quasi
2020 4473 2115 4512 vo-

541 4551 708 4604 lucris
739 4554 962 4605 urbibus
998 4554 1306 4609 imminens.

2218 600 2586 673 συμϐἐϐηκεν,
2637 601 2700 654 ού
2754 603 2880 665 τοὺς
2928 600 3198 664 παθόντας
3240 600 3459 671 μᾶλλον,
3509 598 3642 653 ἀλλά
3696 600 3790 654 τού

2217 692 2355 746 Θεοῦ
2401 696 2581 765 χεῖρα,
2623 696 2723 763 τὴν
2759 694 2839 765 τῷ
2892 694 3108 765 Ἰσραὴλ
3134 694 3591 763 συνασπίζουσαν,
3626 709 3793 747 κατα-

2213 788 2504 856 κερτομεῖν
2553 785 2869 857 ἐπεχείρουν
2930 788 2980 840 οἱ
3029 786 3099 840 δι’
3147 784 3412 848 ἐναντίας.
3467 784 3792 853 Ἀσθενῆσαι

2213 878 2322 950 γὰρ
2350 876 2519 949 ᾤοντο
2551 877 2651 949 τὴν
2696 878 2945 948 παναλκῆ
2975 877 3176 944 δεξιὰν,
3223 878 3319 932 καὶ
3358 876 3485 940 τούς
3526 893 3589 945 γε
3632 877 3791 940 ὄντας

2214 970 2366 1042 παρά
2396 969 2550 1039 σφίσι
2587 970 2744 1034 Θεοὺς
2780 970 3036 1041 ἀμείνους
3064 969 3317 1038 γενέσθαι
3340 969 3439 1038 τῆς
3458 969 3552 1023 τοῦ
3587 968 3788 1038 φυλάτ-

2218 1081 2408 1127 τοντος
2436 1064 2526 1118 τὸν
2565 1062 2799 1135 Ἰσραήλ.
2832 1062 3043 1117 Οὐκοῦν
3084 1063 3134 1115 εί
3174 1062 3267 1116 καὶ
3302 1061 3527 1134 βέϐηλος
3555 1064 3584 1115 6
3611 1061 3788 1133 ’Δχαζ

2212 1150 2302 1225 ἦν,
2343 1153 2459 1208 ἀλλ’
2491 1153 2721 1221 ἐπείπερ
2748 1151 3092 1217 ἐπετώθαζον
3119 1154 3168 1205 οἱ
3205 1150 3512 1221 ἀλλόφυλοι,
3541 1150 3789 1222 καθάπερ

2214 1249 2352 1320 ἔφην
2380 1248 2602 1320 ἀρτίως,
2633 1248 2744 1309 τοῖς
2772 1246 2830 1312 ἐξ
2862 1244 3099 1315 Ἰσραὴλ,
3132 1243 3375 1313 ἀνείργει
3401 1243 3503 1313 τὴν
3527 1240 3793 1313 εύφροσύο

2211 1358 2334 1410 νην,
2362 1340 2456 1393 καὶ
2481 1334 2591 1393 οἷον
2610 1335 2956 1408 ἀνασειράζει
2980 1336 3079 1408 τὴν
3107 1335 3404 1407 εὐφημίαν,
3421 1336 3521 1389 οὐκ
3547 1334 3790 1405 ἀπηλλά-

2214 1433 2339 1504 χθαι
2370 1432 2545 1500 λέγων
2570 1431 2773 1493 αὐτοὺς
2793 1429 2887 1482 τοῦ
2913 1428 3189 1492 θλίϐοντος
3217 1427 3404 1497 ζυγοῦ,
3427 1426 3712 1481 πείσεσθαι
3735 1426 3791 1479 δέ

2218 1523 2419 1595 μᾶλλον
2449 1523 2517 1575 τά
2546 1521 2631 1592 ἐφ’
2663 1514 2744 1585 οἷς
2776 1515 2846 1591 ἦν
2883 1520 3029 1584 εἰκὸς
3079 1519 3174 1573 καὶ
3201 1519 3297 1588 οὐχ
3333 1519 3560 1582 ἐκόντας
3594 1519 3792 1581 αὐτοὺς

2213 1616 2574 1687 δυσφορήσειν
2602 1613 2664 1666 ού
2701 1612 2957 1685 μετρίως.
2988 1612 3053 1664 Τί
3086 1612 3195 1682 γάρ
3223 1628 3390 1682 φησι;
3435 1611 3525 1682 Μὴ
3560 1612 3795 1682 εὐφραν-

2212 1708 2416 1778 θείητε,
2464 1704 2846 1773 συντετρίφθαι
2879 1702 3128 1771 λέγοντες
3150 1701 3241 1756 τὸν
3270 1702 3366 1755 τοῦ
3399 1701 3794 1765 καταπαίοντος

2219 1801 2363 1871 ὑμᾶς
2405 1798 2589 1867 ζυγόν.
2638 1797 2778 1850 Ἴστε
2828 1797 2884 1850 δέ
2934 1793 3153 1866 μᾶλλον,
3198 1794 3280 1848 ὅτι
3329 1794 3437 1848 ἀπὸ
3481 1792 3794 1864 σπέρματος

2218 1891 2394 1960 ὄφεως
2475 1889 2815 1953 ἐξελεύσεται
2873 1886 3071 1956 ἔκγονα
3126 1887 3387 1940 ἀσπίδων.
3449 1885 3581 1956 Διχῆ
3636 1884 3794 1938 τοῦτο

2218 1982 2465 2054 νοήσειςο
2497 1981 2685 2052 γέγονε
2722 1980 2819 2051 μὲν
2850 1979 2957 2049 γὰρ
2994 1978 3175 2043 Ὀζίας
3203 1979 3233 2031 6
3273 1978 3370 2032 καὶ
3407 1976 3682 2048 Ἀζαρίας,
3717 1976 3794 2040 ὡς

2218 2074 2390 2145 ἔφην,
2424 2074 2641 2144 ἀπηνής
2682 2089 2739 2125 τε
2778 2072 2871 2125 καὶ
2908 2070 3325 2142 μαχιμώτατοςο
3358 2067 3795 2141 κατεχειρώσατο

2211 2166 2276 2219 δὲ
2302 2164 2476 2229 οὕτως
2507 2166 2704 2227 αὐτοὺς
2729 2162 2914 2227 ,ὥστε
2950 2163 3045 2218 καὶ
3076 2163 3359 2233 ἀσυνήθως
3386 2161 3793 2234 δασμολογῆσαι

2219 2259 2316 2322 τὰς
2359 2258 2490 2330 παρ’
2541 2257 2723 2321 αὐτοῖς
2767 2256 2947 2321 πόλεις
2989 2274 3049 2309 τε
3101 2255 3194 2309 καὶ
3224 2254 3435 2326 κώμας.
3492 2249 3627 2308 Εἶτα
3676 2254 3793 2324 μετ’

2219 2349 2426 2401 ἐκεῖνον
2477 2352 2504 2401 6
2546 2346 2743 2418 Ἀχαζ,
2791 2349 2839 2399 εἰ
2881 2346 2975 2400 καὶ
3007 2346 3085 2417 μὴ
3129 2346 3273 2416 χειρὶ
3322 2344 3485 2415 τυχὸν
3536 2344 3643 2416 ἰδίᾳ
3698 2345 3794 2399 καὶ

2217 2438 2479 2509 δυνάμεσι
2508 2441 2630 2502 ταῖς
2662 2437 3001 2508 ἐπιχωρίοις,
3027 2436 3140 2490 ἀλλ’
3166 2432 3259 2491 οὖν
3282 2437 3349 2507 τῇ
3373 2435 3795 2505 τῶνἉσσυρίων

2217 2528 2285 2582 τὰ
2303 2524 2396 2582 ἶσα
2418 2528 2702 2599 πέπρακεν
2735 2531 2815 2592 είς
2846 2528 3063 2592 αὐτούς.
3094 2522 3221 2582 Εἷλε
3245 2528 3354 2598 γὰρ
3377 2528 3474 2598 τὴν
3506 2526 3793 2598 Δαμασκὸν

2210 2624 2244 2676 6
2278 2621 2781 2694 Θεγλαφαλαασάρ,
2816 2622 2913 2675 καὶ
2950 2621 3048 2685 τὰς
3092 2620 3201 2675 τῶν
3240 2619 3553 2691 ἀλλοφύλων
3578 2619 3789 2684 πόλεις’

2223 2713 2488 2768 ἀπέκτονε
2518 2712 2578 2765 δὲ
2604 2714 2697 2766 καὶ
2723 2712 2890 2765 αὑτὸν
2909 2712 2999 2765 τὸν
3032 2710 3334 2768 Ῥαασσὼν.
3353 2710 3794 2781 Τελευτήσαντος

2218 2805 2275 2859 δὲ
2319 2804 2414 2859 τοῦ
2444 2803 2620 2875 Ἀχαζ
2637 2844 2653 2867 ,
2704 2804 3006 2874 διαδέχεται
3035 2804 3134 2875 τὴν
3172 2801 3449 2872 βασιλείαν
3485 2799 3692 2863 δίκαιός
3728 2815 3791 2852 τι

2216 2898 2312 2949 καὶ
2344 2895 2574 2967 εὐσεϐὴς
2602 2898 2630 2949 ό
2670 2894 2934 2965 Ἐζεχίας.
2972 2894 3280 2966 Γέγραπται
3322 2892 3384 2947 δὲ
3413 2892 3507 2946 καὶ
3538 2893 3667 2963 περὶ
3692 2890 3792 2944 αύ-

2217 2988 2313 3043 τοῧ
2355 2991 2412 3042 ἐν
2452 2992 2517 3059 τῇ
2553 2988 2790 3059 τετάρτῃ
2819 2988 2926 3041 τῶν
2957 2985 3286 3041 Βασιλειῶν·
3336 3004 3354 3036 ι
3386 2986 3497 3039 Καὶ
3530 2983 3794 3055 ἠθέτησεν

2221 3083 2278 3134 ἐν
2307 3080 2385 3152 τῷ
2421 3079 2634 3150 βασιλεῖ
2670 3079 2991 3150 Ἀσσυρίων,
3030 3078 3123 3133 καὶ
3150 3078 3247 3132 οὐκ
3279 3077 3592 3131 ἐδούλευσεν
3619 3074 3790 3145 αὐτῷ.

2219 3164 2385 3236 οὗτος
2418 3170 2653 3238 ἐπάταξε
2684 3172 2811 3234 τοὺς
2838 3170 3169 3240 ἀλλοφύλους
3197 3169 3302 3233 ἕως
3333 3167 3533 3240 Γάζης,
3568 3167 3663 3223 καὶ
3688 3168 3794 3231 ἕως

2217 3261 2366 3333 ὁρίου
2399 3261 2591 3332 αὐτῆς,
2640 3263 2748 3316 ἀπὸ
2775 3262 2985 3332 πύργου
3017 3261 3419 3332 φυλασσόντων,
3455 3262 3559 3326 ἕως
3588 3260 3795 3323 πόλεως

2216 3348 2443 3421 ὀχυρᾶς.
2476 3369 2495 3403 ι
2530 3350 2740 3404 Οὐκοῦν
2761 3351 2837 3415 ὼς
2864 3352 2927 3404 ἐκ
2956 3351 3269 3423 σπέρματος
3293 3351 3474 3421 ὄφεως
3498 3349 3590 3403 τού
3619 3350 3793 3415 Ὀζίου

2216 3442 2439 3512 ἔκγονον
2497 3442 2799 3514 ἐκϐέϐηκεν
2860 3444 3084 3507 ἀσπίδος
3142 3446 3175 3497 6
3225 3443 3434 3514 ’Λχαζο
3498 3438 3617 3495 εἶτα
3676 3442 3793 3513 μετ’

2217 3538 2426 3589 ἐκεῖνον
2458 3536 2585 3607 ὄφις
2614 3538 2931 3608 πετόμενος,
2953 3537 3099 3592 τοῦτ’
3122 3538 3287 3604 ἔστιν,
3317 3538 3443 3603 ὀξὺς
3465 3540 3493 3593 6
3526 3536 3791 3609 Ἐζεχίας.

2218 3628 2562 3685 Κατέδακνον
2595 3629 2702 3703 γὰρ
2731 3631 2931 3700 τρόπον
2974 3632 3096 3685 τινὰ
3141 3634 3266 3696 τοὺς
3310 3632 3666 3702 ἀλλοφύλους,
3700 3632 3796 3684 καὶ

2217 3720 2621 3792 δεδαπανήκασι
2649 3722 2747 3786 τάς
2781 3723 2964 3787 πόλεις
2990 3724 3188 3779 αὐτῶν.
3219 3725 3281 3779 Εἰ
3308 3726 3365 3779 δὲ
3401 3725 3554 3795 ὄφεις
3574 3726 3794 3797 ὠνομά-

2221 3812 2428 3886 σθησαν
2480 3815 2661 3880 Ὀζίας
2704 3833 2765 3870 τε
2821 3818 2917 3872 καὶ
2972 3817 3245 3890 Ἐζεχίας,
3294 3819 3467 3873 καίτοι
3512 3819 3794 3887 γεγονότες

2221 3907 2481 3972 εὐσεϐεῖς,
2538 3907 2653 3961 ἀλλ’
2699 3909 2898 3963 ἐννοεῖν
2955 3911 3131 3964 ἐκεῖνο
3190 3913 3455 3983 προσήκει
3507 3911 3601 3964 καὶ
3650 3910 3797 3982 μάλα

2219 4000 2528 4072 ἐμφρόνως,
2557 4002 2635 4064 ὡς
2666 4002 2695 4053 6
2718 4001 2810 4055 τοῦ
2841 4002 3002 4071 λόγου
3042 4004 3243 4068 σκοπὸς
3270 4004 3572 4075 τέτραπται
3608 4021 3668 4057 τε
3701 4004 3798 4059 καὶ

2221 4090 2407 4161 βλέπει
2430 4092 2566 4162 πρὸς
2588 4094 2668 4146 ὅτι
2691 4093 2924 4164 μάλιστα
2949 4093 3155 4148 τυποῦν
3173 4095 3297 4159 τοὺς
3323 4095 3659 4165 Φυλιστιεὶμ,
3677 4095 3795 4165 ἦτοι

2219 4184 2345 4249 τοὺς
2366 4183 2718 4255 ἀλλοφύλους.
2746 4186 2895 4239 Ἔδει
2921 4186 3119 4253 τοίνυν,
3150 4187 3249 4259 οὐχ
3270 4186 3511 4258 ἡμέρους
3530 4185 3680 4249 τινὰς
3702 4185 3797 4238 καὶ

2222 4276 2430 4347 πράους
2488 4274 2708 4329 ἔσεσθαι
2767 4276 2948 4345 λέγειν
3000 4277 3215 4341 αὐτοὺς,
3261 4276 3396 4331 ἀλλὰ
3449 4277 3657 4339 δεινοὺς
3702 4274 3798 4329 καὶ

2218 4367 2378 4431 ὀξεῖς,
2425 4367 2501 4430 ὼς
2541 4367 2717 4437 ὄφεων
2762 4367 2919 4437 δίκην
2963 4369 3232 4440 ἐπιπηδᾷν
3273 4368 3533 4432 εἰωθότας
3564 4370 3674 4430 τοῖς
3726 4365 3797 4420 δι’

2220 4460 2487 4521 ἐναντίας.
2514 4458 2723 4514 Οὐκοῦν
2758 4459 2791 4530 ἢ
2834 4459 3055 4515 τοιῶσδε
3092 4462 3341 4533 συνήσεις
3381 4461 3460 4524 τὸ,
3497 4460 3595 4513 Ἐκ
3630 4458 3798 4528 σπέρ-

2148 4545 2193 4600 D
2224 4567 2392 4620 ματος
2418 4551 2595 4621 ὄφεως
2632 4551 3001 4618 ἐξελεύσονται
3042 4553 3237 4623 ἔκγονα
3262 4553 3523 4618 ἀσπίδιον,
3556 4553 3590 4620 ἡ
3620 4568 3672 4604 τι
3703 4549 3799 4604 καὶ

538 4639 661 4697 καθ’
693 4642 910 4714 ἓτερον,
948 4644 1000 4697 εί
1043 4644 1241 4714 βούλει,
1275 4644 1497 4715 τρόπον.
1536 4640 1951 4712 Κατεμισθούτο
1997 4639 2095 4711 μὲν
2126 4643 2154 4695 6
2194 4639 2372 4709 Ἀχαζ
2423 4640 2888 4714 Θεγλαφαλαασάρ
2952 4642 3045 4696 τὸν
3094 4642 3397 4714 Ἀσσύριον,
3445 4643 3539 4695 καὶ
3582 4643 3647 4711 τῇ
3688 4637 3798 4692 τῶν

537 4738 853 4808 ἀλλοφύλων
880 4739 1132 4809 ἐπαφῆκε
1162 4737 1317 4810 χώρᾳ
1335 4778 1349 4802 ,
1380 4737 1439 4802 ὃς
1485 4735 1843 4808 καταδῃώσας
1870 4736 2110 4798 ἅπασαν,
2144 4735 2432 4790 ἀπέκτεινε
2458 4736 2551 4789 καὶ
2573 4736 2755 4801 αὑτὸν,
2781 4736 2856 4799 ὡς
2906 4737 3065 4809 ἔφην,
3082 4738 3175 4791 τὸν
3236 4737 3459 4809 βασιλέα
3486 4732 3790 4790 Ῥαασσών.

553 4832 697 4885 Ἀλλ’
728 4832 785 4883 ἐν
818 4828 1167 4902 καιροῖςτοῦ
1208 4828 1474 4899 βασιλέως
1551 4826 1796 4897 Ἐζεκίου
1867 4826 2309 4897 κατεστράτευσε
2345 4825 2446 4894 τῆς
2512 4825 2826 4897 Σαμαρείας
2861 4831 2887 4882 6
2951 4828 3353 4900 Σαλαμανασὰρ
3391 4827 3661 4899 βασιλεὺς,
3703 4826 3801 4881 καὶ

541 4926 704 4987 αὐτὸς
762 4923 1026 4994 ὑπάρχων
1072 4923 1181 4976 τῶν
1238 4920 1556 4990 Ἀσσυρίων.
1616 4921 2008 4990 Ἐπιφοιτήσας
2064 4917 2123 4970 δὲ
2163 4916 2356 4990 πρώτῃ
2383 4919 2448 4989 τῇ
2509 4918 2618 4970 τῶν
2643 4919 3016 4975 Παλαιστινῶν
3038 4920 3211 4993 χώρα,
3243 4921 3360 4991 ἦτοι
3411 4923 3476 4991 τῇ
3501 4920 3611 4973 τῶν
3645 4920 3801 4974 ἀλλο.

544 5018 761 5088 φύλων,
833 5016 903 5068 τὰ
940 5016 1005 5069 ἐκ
1050 5013 1392 5086 βαρϐαρικῆς
1435 5012 1717 5082 ὠμότητος
1764 5006 1906 5063 κατά
1980 5016 2198 5061 παντων
2236 5005 2536 5078 εἰργάζετο.
2586 5008 2797 5062 Οὐκοῦν
2851 5011 2928 5074 ὡς
2983 5012 3048 5065 ἐκ
3091 5012 3403 5083 σπέρματος
3444 5011 3654 5080 ὄφεως,
3705 5009 3799 5064 τοῦ

540 5108 1020 5180 Θεγλαφαλαασάρ
1048 5108 1271 5176 ἔκγονον
1298 5106 1523 5170 ἀσπίδος
1552 5103 1779 5176 ἐξῆλθεν
1802 5106 1832 5158 6
1865 5102 2290 5175 Σαλαμανασάρ,
2323 5098 2443 5157 οἷον
2478 5102 2602 5172 ὄφις
2627 5104 2720 5157 καὶ
2784 5105 2971 5170 αὐτὸς,
2998 5106 3100 5159 οὐκ
3128 5105 3357 5176 ὀκνηρὸς
3388 5105 3475 5158 ἐπ’
3538 5105 3785 5174 ἐφόδους,

541 5207 603 5259 ού
643 5205 840 5273 βραδὺς
868 5205 949 5269 είς
982 5203 1195 5272 κίνησιν
1225 5203 1323 5271 τὴν
1351 5202 1442 5256 ἐπί
1480 5220 1540 5256 τε
1573 5203 1634 5255 τὸ
1660 5203 1856 5273 χρῆναι
1903 5199 2229 5269 πολιορκεῖν,
2261 5198 2390 5263 ὀξὺς,
2446 5198 2502 5253 δὲ
2568 5199 2788 5271 μᾶλλον,
2818 5201 2911 5255 καὶ
2969 5201 3176 5272 πτηνοῦ
3241 5201 3399 5272 δίκην
3433 5204 3552 5265 ταῖς
3581 5200 3802 5255 πόλεσιν

544 5296 928 5366 ἐφιστάμενος.
2676 5290 2679 5293 ’
3500 5291 3504 5295 ’

621 5387 780 5441 Vsus.
822 5386 909 5441 50.
957 5386 1024 5440 Et
1071 5399 1351 5456 pascentur
1396 5387 1616 5441 mendici
1681 5404 1770 5456 per
1808 5387 1975 5455 ipsum
2006 5427 2021 5451 ,
2071 5394 2117 5439 et

2294 5377 2402 5431 Kal
2426 5377 2927 5446 ,βοσκηθήσονται
2968 5382 3192 5451 πτωχοὶ
3224 5383 3298 5435 δι’
3327 5383 3513 5437 αὐτοῦ
3532 5399 3546 5413 ·
3576 5385 3800 5454 πτωχοὶ

545 5494 797 5547 pauperes
830 5479 885 5531 in
914 5495 1040 5548 pace
1067 5481 1408 5549 requiescant,
1432 5489 1478 5533 et
1518 5480 1733 5547 perimet
1779 5479 1918 5549 [ante
1948 5497 2117 5537 semen

2221 5464 2290 5518 δὲ
2342 5466 2557 5535 ἄνδρες
2617 5470 2711 5523 ἐπ’
2761 5471 3007 5540 εἰρήνης
3071 5473 3558 5527 ἁναπαύσονταιο
3601 5475 3805 5528 ἀνελει

547 5584 717 5634 tuum,
749 5578 795 5622 et
818 5569 1068 5637 reliquias
1092 5581 1210 5625 tuas
1250 5571 1549 5638 interﬁciat.
1807 5636 1817 5638 ἡ

2218 5554 2289 5700 ἑὲ
2315 5557 2467 5626 λιμῷ
2495 5560 2559 5614 τὸ
2596 5560 2836 5632 σπέρμα
2880 5579 3022 5633 σου,
3060 5563 3249 5620 καὶτὸ
3284 5565 3655 5635 κατάλειμμά
3685 5582 3805 5620 σου

2263 5650 2439 5700 νελεῖ.

2263 5650 2439 5703 νελεῖ.

620 5792 664 5822 ¹⁹
689 5789 756 5847 iV
788 5790 921 5862 Reg.
946 5808 1099 5863 xvm,
1134 5794 1155 5849 l
1195 5809 1325 5865 seqq
