4148 6378
371 402 377 407 “
396 394 498 458 393

1526 396 1593 452 lN
1635 397 1867 453 lSAIAM
1903 398 2033 454 LIB.
2067 397 2415 455 ll.‘TOMUS
2451 397 2517 455 ll.

3542 408 3646 463 ΞΜ

464 512 682 576 Φθάσας
710 511 865 583 ἔφην,
900 503 981 565 ὅτι
1008 512 1301 576 τεθνεῶτος
1341 509 1433 564 τοῦ
1468 509 1665 581 Ἄχας,
1700 509 1970 564 κατεπλα-

2149 510 2321 578 Supra
2372 513 2504 577 dixi,
2549 505 2761 568 mo'rtuo
2796 514 3032 578 Achaeo,
3073 514 3271 570 etl‘usos
3307 518 3358 571 in
3405 518 3642 574 laetitiam

395 606 618 660 τύνοντο
660 605 760 675 μὲν
791 607 871 669 είς
892 602 1156 673 εὐθυμίαν
1182 605 1231 657 οἱ
1261 601 1577 671 ἀλλόφυλοιο
1612 602 1971 672 κατεμειδίων

397 713 461 765 γε
502 695 608 766 μὴν
656 697 756 749 οὐκ
804 695 1013 748 ἐκείνου
1050 696 1273 765 μᾶλλον,
1321 696 1459 751 ἀλλά
1493 697 1594 768 τῆς
1644 696 1974 759 πανσθενοῦς

394 788 576 855 δεξιᾶς
604 788 703 859 τῆς
726 787 819 842 τοῦ
848 786 1113 852 σώζοντος
1146 789 1238 843 τὸν
1276 790 1512 861 Ἰσραὴλ,
1552 789 1697 861 φημὶ
1727 790 1791 860 δὴ
1814 789 1968 843 Θεοῦ.

410 878 549 931 Ἀλλ’
593 880 676 933 ὅτι
722 881 818 951 μὲν
872 881 972 934 οὐκ
1018 880 1386 950 ἐπιλείψουσιν
1442 882 1488 934 οἱ
1537 883 1832 952 μαχόμενοι
1880 884 1973 935 καὶ

401 968 540 1038 μετά
562 967 652 1021 τὸν
691 969 891 1035 Ὀζίαν,
924 965 986 1024 εὖ
1013 970 1159 1041 μάλα
1178 970 1607 1042 διαμεμήνυκεν,
1639 972 1706 1024 ἐκ
1729 971 1972 1041 σπέρμα-

396 1075 489 1122 τος
541 1059 721 1127 ὄφεως
771 1060 1149 1126 ἐξελεύσεσθαι
1206 1061 1382 1131 λέγων
1446 1060 1646 1129 ἔκγονα
1706 1062 1967 1117 ἀσπίδων.

409 1151 627 1221 Ἐπειδὴ
651 1151 707 1204 δὲ
723 1146 822 1221 τῆς
837 1151 988 1216 θείας
1013 1153 1272 1224 κατωρχή
1281 1170 1439 1207 σαντο
1456 1153 1634 1224 δόξης,
1654 1153 1969 1221 ἀναγκαίως

392 1243 670 1298 δείκνυσιν
703 1246 835 1317 ἡμῖν
865 1247 895 1299 ὁ
924 1246 1215 1317 προφήτης
1251 1249 1308 1300 ὲν
1335 1244 1567 1313 τούτοις,
1599 1246 1682 1299 ὄτι
1723 1249 1816 1300 καὶ
1853 1246 1969 1299 δια-

396 1335 562 1388 σώσει
602 1335 694 1389 τδν
753 1336 970 1407 Ἰσραὴλ
1028 1339 1057 1390 ὁ
1107 1336 1463 1407 προασπίζων
1512 1335 1701 1403 αὐτοῦ,
1748 1339 1841 1391 καὶ
1885 1340 1969 1391 ὅτι

394 1431 510 1492 τοῖς
538 1429 607 1482 δι’
652 1430 900 1495 ἐναντίας
932 1429 1109 1502 πάντη
1145 1446 1206 1483 τε
1235 1430 1328 1484 καὶ
1372 1431 1592 1494 πάντως
1634 1430 1842 1483 ἐποίσει
1876 1431 1968 1485 τὸν

389 1521 632 1593 ὄλεθρον.
671 1520 1082 1595 Πεπολιόρκηκε
1119 1523 1221 1593 μὲν
1250 1522 1358 1592 γάρ
1390 1523 1489 1593 τὴν
1546 1522 1903 1593 Ἰερουσαλὴμ
1940 1524 1969 1576 ὁ

395 1613 795 1686 Σαλαμανασὰρ
833 1614 972 1685 μετὰ
996 1615 1056 1668 τὸ
1085 1617 1264 1669 πᾶσαν
1288 1614 1429 1668 ἑλεῖν
1461 1614 1557 1685 τὴν
1585 1616 1965 1686 Σαμαρειτῶν.

394 1703 809 1776 Πεπολιόρκηκε
852 1705 912 1759 δὲ
949 1704 1229 1775 Ῥαψάκην
1265 1706 1591 1769 ἀποστείλας
1642 1707 1704 1759 ἐκ
1746 1708 1963 1777 Λαχεῖς,

393 1795 541 1849 καθά
582 1796 916 1866 γέγραπται,
964 1796 1103 1850 ἀλλά
1138 1797 1377 1850 σέσωκεν
1421 1796 1700 1866 ἀδοκήτως
1738 1798 1866 1859 τοὺς
1908 1796 1967 1860 eg

2080 601 2245 659 fuisse
2274 603 2624 675 alienigenas,
2648 612 2702 659 et
2728 606 2984 662 derisisse
3015 622 3118 662 non
3158 606 3307 662 illum
3341 613 3519 677 modo.
3551 618 3646 669 sed

2077 692 2427 747 fortissimam
2455 694 2724 761 dextram,
2742 698 3200 753 conservatricem
3238 700 3455 770 inquam
3484 702 3649 758 Israe-

2074 782 2161 839 lis.
2197 784 2459 840 Carterum
2502 802 2606 840 non
2664 788 2956 843 destituros
3008 805 3244 860 pugnare
3307 794 3469 848 etiam
3527 807 3646 864 post

2070 870 2282 937 Oziam,
2329 872 2624 927 declaravit
2669 876 2903 943 optime,
2953 892 3076 932 cum
3121 880 3273 943 dicit,
3327 896 3393 937 ex
3439 886 3646 938 semine

2072 974 2381 1029 serpentum
2416 965 2657 1019 orituros
2682 964 2825 1020 fetus
2857 968 3124 1035 aspidum.
3159 972 3420 1037 Quoniam
3462 986 3642 1031 autem

2075 1054 2270 1108 divina:
2320 1055 2584 1123 tnajestati
2648 1057 3006 1124 insultabant,
3057 1065 3365 1119 necessario
3408 1070 3647 1122 ostendit

2072 1146 2230 1200 nobis
2254 1145 2344 1200 bis
2383 1147 2565 1201 verbis
2610 1148 2870 1217 propheta
2894 1188 2910 1215 ,
2945 1162 3285 1208 servaturum
3316 1172 3439 1211 esse
3482 1156 3646 1214 Israe-

2072 1238 2198 1305 lem,
2228 1241 2317 1308 qui
2367 1250 2641 1308 protector
2665 1241 2781 1309 ejus
2823 1253 2927 1309 est,
2958 1255 3014 1299 et
3045 1248 3371 1303 adversariis
3402 1250 3644 1307 interue-

2071 1333 2279 1387 cionetn
2309 1346 2527 1401 prorsus
2564 1334 2885 1405 penitusque
2912 1336 3205 1393 illaturum.
3233 1340 3452 1396 Obsedit
3484 1358 3640 1397 nant-

2071 1438 2177 1492 que
2203 1421 2501 1477 Jerusalem
2538 1424 2975 1491 Salmanasarus,
3011 1436 3124 1482 tota
3158 1429 3402 1485 Samaria
3438 1441 3635 1503 capta:

2070 1515 2290 1570 obsedit
2324 1516 2452 1569 item
2486 1514 2815 1583 llbapsaces,
2865 1520 3209 1588 expeditione
3240 1523 3401 1577 missa
3447 1538 3513 1578 ex
3540 1525 3644 1579 La-

2071 1608 2223 1672 ches,
2277 1607 2353 1660 uti
2407 1607 2667 1675 scriptum
2702 1606 2865 1679 25.5
2905 1620 2986 1664 est
3020 1628 3034 1664 :
3067 1620 3123 1665 at
3172 1616 3408 1667 servavit
3448 1625 3643 1685 praeter

2070 1700 2374 1767 opinionem
2394 1700 2665 1755 lsraelitas
2688 1702 3055 1757 universitatis
3090 1702 3253 1760 Deus.
3274 1704 3641 1763 Conciderunt

2076 1790 2219 1843 enim
2278 1789 2510 1861 Assyrii,
2544 1806 2896 1847 consumente
2946 1808 3040 1848 eos
3076 1796 3267 1864 angelo
3297 1797 3509 1852 Domini
3539 1817 3556 1856 ι
3586 1814 3642 1857 et

381 1878 623 1964 ίἾσραὴλ
650 1888 677 1940 ὁ
703 1887 811 1941 τῶν
839 1888 975 1942 ὅλων
1017 1889 1169 1952 Θεός.
1214 1887 1572 1942 Πεπτώκασιν
1618 1890 1726 1958 γὰρ
1760 1890 1808 1941 οἱ
1848 1889 1968 1941 Ἀσ-

2073 1895 2255 1934 semen
2278 1875 2719 1951 alienigenarum,
2744 1894 2797 1939 et
2818 1886 3083 1943 universae
3112 1890 3350 1959 reliquiae
3377 1908 3440 1946 ex
3466 1894 3637 1962 prima

394 1977 572 2049 σύριοι
594 2018 608 2042 ,
639 1978 990 2042 δαπανῶντος
1030 1982 1226 2043 αὐτοὺς
1266 1979 1499 2048 ἀγγέλου
1531 1979 1737 2050 Κυρίου
1759 1995 1773 2008 θ
1822 1979 1881 2031 τὺ
1910 1978 1968 2032 δὲ

379 2070 503 2143 ,τῶν
531 2071 846 2141 ἀλλοφύλων
873 2073 1114 2144 σπέρμα,
1152 2075 1245 2127 καὶ
1275 2075 1383 2127 πᾶν
1420 2074 1479 2126 τὸ
1521 2073 1873 2144 κατάλειμμα
1908 2074 1968 2126 τὸ

380 2150 466 2213 ’ὲκ
494 2161 592 2231 τῆς
628 2160 850 2231 πρώτης
878 2162 1197 2234 πολιορκίας
1222 2163 1321 2233 τῆς
1348 2163 1406 2217 ὲν
1438 2164 1646 2234 καιροῖς
1668 2164 1968 2233 γενομένης

390 2251 487 2305 τοῦ
535 2252 1009 2325 Θεγλαφαλαασάρ
1056 2255 1326 2326 ἀνῄρηται
1378 2253 1658 2317 παντελῶς
1709 2255 1802 2313 καὶ
1862 2255 1969 2307 ἀπ-

386 2342 591 2395 όλωλεν
606 2345 685 2407 είς
711 2343 856 2397 ἅπαν
886 2344 1027 2415 λιμῷ
1045 2345 1185 2416 τάχα
1207 2362 1310 2398 που
1333 2345 1715 2416 πεπιεσμένον.
1734 2346 1962 2399 Ἔπεται

390 2430 502 2501 γὰρ
528 2432 613 2485 ἀεί
657 2450 773 2495 πως
794 2432 881 2503 »τῷ
924 2432 1329 2504 πολιορκεῖσθαι
1365 2434 1547 2497 πόλεις
1577 2433 1671 2487 καὶ
1697 2435 1764 2487 τὰ
1800 2434 1964 2507 ἔτερα

391 2526 592 2598 βλάϐη.
625 2526 834 2580 Οὐκοῦν
865 2526 1301 2598 βοσκηθήσονται
1329 2527 1427 2598 μὲν
1457 2527 1545 2581 διὰ
1573 2526 1710 2580 Θεοῦ
1736 2530 1962 2598 πτωχοὶ,

389 2620 491 2673 καὶ
539 2620 927 2691 μετριόφρονες
964 2621 1176 2692 ἄνδρες,
1213 2619 1357 2673 τοῦτ’
1388 2618 1525 2685 ἔστι,
1566 2620 1965 2692 νεμηθήσονται

391 2713 492 2781 τὴν
537 2711 768 2777 ἔαυτῶν,
811 2712 905 2765 καὶ
949 2715 1036 2766 ἐπ’
1077 2713 1301 2783 εἰρήνης
1331 2712 1760 2767 ἀναπαύσονται.
1802 2712 1875 2764 Τὸ
1911 2712 1969 2765 δὲ

380 2796 489 2869 ίσὸν
516 2801 758 2871 ἂπέρμα,
804 2801 991 2854 καὶτὸ
1040 2802 1392 2872 κατάλειμμα
1427 2801 1762 2872 καταφθερεῖ
1802 2800 1965 2872 λιμῷ.

387 2892 626 2964 Φοὸερὸν
652 2889 746 2947 οὖν
768 2894 829 2946 τὸ
858 2894 1218 2957 ὲπιτωθάζειν
1246 2898 1361 2957 τοῖς
1387 2894 1492 2947 ὑπὸ
1511 2897 1670 2967 χεῖρα
1693 2892 1787 2947 τοῦ
1809 2892 1965 2959 Θεοῦ,

394 2984 490 3038 καὶ
538 2984 968 3055 κατεπαίρεσθαι
1011 2984 1119 3038 τῶν
1190 2985 1296 3037 ὑπὸ
1352 2985 1610 3057 φροντίδα
1664 2983 1968 3052 γεγονότων

393 3074 491 3145 τὴν
556 3078 686 3146 παρ’
738 3075 926 3129 αὑτοῦ.
981 3074 1313 3146 Περιὸψεται
1369 3075 1477 3145 γὰρ
1532 3074 1813 3144 οὐδαμῶς,
1870 3074 1969 3126 ὲπ-

2068 1970 2349 2025 obsidione
2387 1975 2718 2042 temporibus
2762 1974 3263 2048 Theglaphalassari
3301 1982 3464 2050 facta,
3515 2000 3638 2039 om-

2067 2064 2198 2117 nino
2231 2064 2453 2119 sublatae
2478 2077 2623 2133 sunt,
2655 2077 2709 2123 et
2748 2070 2805 2124 in
2833 2080 3003 2125 totum
3033 2074 3331 2142 perierunt,
3356 2076 3498 2133 fame
3523 2078 3639 2134 for-

2068 2155 2226 2210 tassis
2256 2158 2521 2226 oppressi.
2552 2156 2685 2213 Nam
2729 2162 3067 2218 obsidionem
3101 2166 3314 2221 urbium
3348 2184 3561 2240 semper
3585 2181 3642 2226 et

2066 2245 2169 2300 alia
2196 2248 2335 2301 mala
2364 2261 2786 2319 consequuntur.
2830 2251 2996 2324 Igitur
3027 2266 3317 2325 pascentur
3350 2274 3444 2329 per
3471 2261 3640 2317 Deum

2072 2339 2329 2405 mendici,
2358 2350 2412 2395 et
2457 2344 2721 2397 mansueti
2761 2343 3028 2408 homines,
3064 2346 3115 2401 id
3162 2357 3266 2412 est,
3306 2364 3456 2404 suam
3498 2352 3642 2421 ipso-

2070 2444 2190 2483 rum
2222 2438 2423 2484 terram
2455 2431 2708 2499 incolent,
2737 2443 2790 2488 et
2816 2435 2867 2487 in
2895 2449 3026 2504 pace
3062 2437 3420 2507 requiescent.
3463 2441 3637 2497 Tuum

2072 2536 2202 2577 vero
2240 2538 2424 2578 semen
2466 2535 2519 2578 et
2548 2526 2806 2595 reliquias
2848 2528 3039 2596 perdet
3078 2529 3265 2585 rantes.
3299 2529 3638 2589 Horrenduut

2074 2614 2240 2684 igitur
2270 2625 2355 2683 est
2384 2618 2568 2671 sannis
2593 2620 2843 2688 excipere
2872 2620 2960 2673 Dei
2987 2622 3252 2688 subditos,
3270 2638 3435 2694 seque
3454 2635 3642 2681 contra

2064 2720 2158 2760 eos
2188 2707 2280 2776 qui
2305 2723 2449 2762 cura:
2479 2710 2597 2779 ejus
2628 2713 2903 2767 commissi
2948 2725 3076 2769 sunt
3124 2717 3388 2772 attollere.
3424 2717 3646 2775 Minime

2064 2799 2209 2854 enim
2244 2801 2529 2870 despiciet,
2560 2805 2655 2859 sed
2688 2806 2908 2861 omnino
2944 2809 3057 2863 suis
3089 2810 3230 2864 notis
3263 2819 3318 2865 et
3367 2809 3646 2866 familiari-

2065 2888 2167 2944 bus
2196 2902 2499 2959 succurret,
2530 2908 2599 2947 ne
2625 2893 2794 2950 eil‘use
2824 2912 2889 2951 ac
2913 2912 3009 2953 ore
3043 2899 3259 2955 diducto
3304 2900 3519 2956 rideant
3548 2902 3646 2958 ad-

2074 2980 2328 3043 versarii,
2362 2980 2639 3050 Deumque
2664 2985 2940 3039 incessant
2964 2987 3246 3053 conviciis,
3268 2989 3359 3058 qui
3388 3006 3492 3045 non
3523 3004 3646 3061 pos-

2074 3082 2158 3126 set
2188 3071 2435 3126 subditos
2464 3089 2590 3127 suos
2625 3076 2760 3128 tueri
2792 3077 2925 3132 satis
2953 3086 3007 3131 et
3034 3094 3376 3135 conservare.

390 3173 592 3239 αμυνεῖ
629 3169 686 3222 δὲ
732 3171 950 3233 πάντως
999 3174 1111 3233 τοῖς
1154 3168 1346 3224 ἑαυτοῦ
1386 3170 1716 3243 γνωρίμοις,
1791 3169 1878 3222 ἵνα
1932 3168 2007 3239 μὴ
2080 3168 2257 3222 πλατὺ
2301 3168 2505 3238 γελῷεν
2562 3170 2610 3221 οἱ
2658 3170 2725 3222 δι’
2773 3172 3045 3236 ἐναντίας,
3094 3176 3187 3228 καὶ
3238 3176 3644 3242 κατονειδίζωα

391 3260 559 3327 Θεὸν,
609 3260 685 3323 ὡς
736 3261 836 3313 οὐκ
883 3261 1077 3332 ἔχοντα
1133 3261 1372 3336 διαρκῶς
1425 3262 1506 3325 είς
1559 3261 1621 3314 τὸ
1679 3259 1965 3324 διασώζειν
2002 3259 2263 3315 δύνασθαι
2328 3261 2455 3323 τοὺς
2514 3261 2673 3333 οἵπερ
2699 3257 2807 3315 εἷεν
2832 3265 2921 3316 ἐπ’
2950 3264 3099 3336 αὐτῷ
3128 3267 3468 3332 πεποιθότες.

478 3350 861 3415 Ὀλολύξατε,
891 3352 1081 3406 πύλαι
1108 3354 1364 3417 πόλεων,
1386 3351 1840 3421 κεκραγέτωσαν
1866 3352 1970 3404 πό-

2155 3351 2318 3405 νεεε.
2345 3352 2433 3404 5i.
2484 3351 2717 3419 Ululate,
2746 3364 2911 3422 parte
2956 3358 3185 3423 urbium,
3224 3360 3445 3415 clament
3493 3366 3645 3418 urbes

382 3445 524 3506 ’λεις
578 3443 1023 3511 τεταραγμέναι,
1074 3446 1128 3496 οὶ
1185 3445 1528 3513 ἀλλόφυλοι
1584 3441 1826 3508 πάντες,
1882 3442 1972 3496 ὅτι

384 3518 627 3597 ’καπνὸς
678 3532 797 3587 ἀπὸ
839 3532 1037 3603 ,βοιέῥᾶ
1069 3533 1328 3602 ἔρχεται,
1378 3536 1479 3590 καὶ
1533 3536 1646 3588 οὐκ
1699 3536 1833 3588 ἐστι
1863 3532 1972 3587 τοῦ

383 3612 569 3678 δεἶναι.

361 3741 367 3747 η
462 3717 557 3781 Τὸ,
590 3718 685 3772 Ἐκ
707 3718 1019 3789 σπέρματος
1031 3718 1208 3788 ὄφεως
1232 3717 1571 3784 ἐξελεύσεται
1587 3716 1786 3785 ἔκγονα
1809 3715 1975 3770 ἀσπί-

385 3809 530 3882 ξδων,
571 3809 744 3875 οὓτως
771 3812 836 3865 ἂν
865 3811 1104 3865 νοεῖσθαι
1153 3812 1373 3882 πρέποι,
1416 3810 1493 3874 ὡς
1527 3809 1974 3882 διερμηνεύοντες

385 3876 681 3975 ξὲλέγομεν.
735 3905 817 3958 ὃτι
874 3876 1209 3975 πεπόρθηκε
1245 3905 1343 3974 μὲν
1380 3903 1479 3967 τὰς
1515 3876 1624 3957 τῶν
1649 3876 1971 3972 *ἀλλοφύλων

655 3950 767 4049 εἷλε
795 3996 853 4050 δὲ
874 3997 970 4050 καὶ
988 3950 1085 4067 τιην
1105 3950 1392 4067 λαμαδσκὺν
1419 3950 1971 4064 ὁῖθεγλαφαλαέισάρ,

386 4070 520 4159 ξεῖτα
550 4087 667 4159 μετ’
694 4090 922 4153 ἐκεῖνον,
954 4091 1073 4151 ταῖς
1106 4089 1183 4142 ἔτι
1210 4086 1635 4159 φορτικωτέραις
1654 4088 1845 4157 ἐνῆκεν
1871 4088 1973 4139 αὑ-

385 4151 914 4271 ίτοὺξσυμφοραῖε
948 4180 979 4231 ὁ
1042 4151 1447 4249 Σαλαιέαέασάρ
1508 4151 1566 4229 έν
1612 4151 1822 4247 καιρὰς
1851 4178 1974 4271 ,τῆς

386 4268 653 4367 ιἘζεχίου
686 4271 980 4341 βασιλείας,
1011 4271 1107 4335 τὰς
1156 4269 1509 4341 Σαμαρειτῶν
1539 4268 1975 4367 ἐκπολιορκήσας

398 4362 606 4427 πόλεις.
644 4363 732 4427 Ὦς
756 4360 850 4418 οὖν
899 4365 999 4436 ’ήδη
1040 4365 1140 4435 τῆς
1197 4364 1388 4432 ἐφόδου
1432 4362 1972 4435 συγκεκροτημένηςν

387 4424 497 4529 fatal
528 4424 806 4528 παρούσης
831 4424 934 4526 τῆς
970 4424 1265 4526 ’Ᾰσσυρίων
1296 4457 1573 4528 στρατιᾶς,
1606 4424 1680 4517 di;
1708 4424 1809 4523 ἤδη
1855 4455 1975 4514 ταῖς

387 4544 600 4627 ξπύλαις
629 4549 748 4610 ταῖς
770 4548 828 4601 ὲν
856 4546 1060 4620 ἑκάστῃ
1086 4546 1238 4599 πόλει
1260 4547 1369 4601 τῶν
1406 4546 1702 4600 ὲλεπόλεων
1737 4562 1975 4617 προσκε-

398 4638 765 4708 κομισμένων,
813 4637 1114 4708 μελλόντων
1151 4638 1211 4693 δὲ
1255 4639 1357 4711 ἤδη
1399 4638 1817 4693 κατασείσεσθαι
1865 4636 1973 4689 τῶν

2074 3440 2316 3506 turbataz,
2347 3442 2653 3511 alienigena:
2693 3459 2890 3513 omnes,
2920 3449 3045 3515 quia
3072 3448 3252 3517 fumus
3284 3453 3349 3504 ab
3388 3455 3646 3519 Aquilone

2073 3534 2230 3599 venit,
2256 3543 2304 3588 et
2338 3550 2441 3588 non
2465 3545 2545 3588 est
2578 3545 2629 3588 ut
2653 3536 2741 3590 sit.

2150 3712 2307 3782 Illud,
2322 3714 2404 3769 Ex
2426 3717 2633 3772 semine
2649 3720 2976 3789 serpentium
3002 3722 3645 3795 egredienturprogenies

2075 3809 2344 3878 aspidum,
2376 3810 2644 3878 quomodo
2670 3810 3074 3880 intelligendum
3106 3825 3255 3869 esset
3285 3827 3642 3886 exponentes,

2074 3902 2309 3957 diximus
2369 3902 2944 3974 Tbeglapbalassarum
2999 3907 3421 3979 alienigenarum
3481 3913 3643 3967 nrbes

2076 3999 2339 4059 vastasse,
2370 4002 2425 4047 et
2456 3992 2777 4049 Damascum
2811 3997 3022 4066 cepisse
3054 4017 3068 4051 :
3099 4000 3219 4053 dein
3250 4012 3372 4069 post
3405 4000 3554 4056 illum
3590 4003 3643 4057 in

2074 4087 2353 4155 graviores
2375 4102 2470 4142 eos
2502 4088 2839 4144 calamitates
2876 4088 3315 4146 Salmanasarum
3349 4094 3646 4162 conjecisse

2078 4178 2406 4245 temporibus
2431 4178 2577 4246 regni
2611 4177 2877 4245 Ezechiae,
2913 4195 3032 4233 cum
3056 4182 3524 4237 Samaritanorum
3551 4199 3646 4238 ur-

2074 4267 2171 4322 bes
2194 4268 2481 4322 obsideret.
2502 4268 2665 4335 Quasi
2699 4271 2841 4325 eltim
2868 4271 2978 4337 jam
3010 4272 3155 4327 acies
3186 4273 3453 4330 instructa
3476 4285 3645 4341 esset,

2073 4368 2132 4414 et
2157 4360 2497 4430 Assyriorum
2547 4363 2760 4418 adesset
2792 4363 3082 4429 exercitus,
3109 4367 3263 4433 quasi
3299 4364 3410 4433 jam
3438 4366 3646 4430 hostes,

2077 4451 2144 4505 ad
2175 4464 2357 4521 portas
2407 4453 2671 4522 cujusque
2713 4454 2861 4509 urbis
2908 4453 3152 4520 adducti,
3179 4456 3407 4525 jamjam
3449 4456 3646 4512 intole-

2077 4543 2264 4596 randis
2315 4542 2429 4596 suis
2463 4543 2746 4598 tormentis
2790 4559 2976 4599 muros
3016 4556 3301 4613 percutere
3340 4556 3600 4616 pararent
3625 4564 3643 4601 :

2075 4633 2291 4703 plorare
2328 4633 2481 4701 jubet
2517 4645 2722 4704 portas,
2750 4644 2807 4690 et
2845 4636 3088 4691 clamare
3150 4639 3335 4703 urbes,
3373 4654 3477 4692 non
3535 4655 3647 4691 ant-

387 4727 615 4799 ,τειχῶη
645 4770 661 4796 ,
691 4732 810 4794 ταῖς
840 4731 1136 4801 ἀφορήτοις
1165 4731 1343 4784 αὐτῶν
1376 4730 1703 4802 προσϐολαῖς
1728 4745 1741 4760 ·
1785 4727 1970 4781 ὀλολύ-

2080 4725 2240 4795 plius,
2270 4738 2459 4780 contra
2497 4728 2756 4796 sanguine
2776 4728 3070 4784 Israelitico
3094 4740 3294 4797 cretus,
3328 4729 3645 4800 gloriantes,

389 4802 515 4886 γζειν
566 4822 667 4893 μὲν
721 4822 934 4876 κελεύει
990 4823 1091 4887 τάς
1138 4822 1334 4886 πύλας,
1364 4822 1758 4894 ἀνακεκράγειν
1789 4818 1846 4873 δὲ
1877 4817 1977 4882 τὰς

388 4896 609 4988 ξπύλεις,
664 4916 765 4970 οὐκ
827 4915 1237 4988 ὲπιγαυριώσας
1294 4915 1379 4970 ἔτι
1440 4919 1552 4979 τοῖς
1629 4913 1687 4979 ἐξ
1750 4914 1978 4983 αἵματος

415 5006 650 5077 Ἰσραὴλ,
689 5006 811 5077 οὐχὶ
846 5007 946 5077 τὴν
987 5006 1082 5059 τοῦ
1117 5006 1294 5059 πάντα
1336 5004 1611 5075 ἰσχύοντος
1638 5002 1772 5057 Θεοῦ
1806 5018 1976 5066 κατα-

400 5096 773 5168 κερτομούσας
797 5096 976 5162 δόξαν,
1007 5098 1068 5150 οὐ
1105 5097 1359 5150 τεθνεῶτι
1385 5095 1464 5165 τῷ
1496 5095 1670 5165 Ἄχας
1715 5096 1979 5163 ἐπορχου-

402 5191 592 5263 μένας,
619 5190 935 5261 μελετώσας
951 5191 1008 5244 δὲ
1038 5191 1238 5263 μᾶλλον
1267 5190 1480 5261 κομμόν
1502 5206 1560 5241 τε
1594 5188 1691 5241 καὶ
1720 5186 1973 5257 θρήνους,

399 5281 496 5333 καὶ
536 5283 656 5344 ταῖς
701 5282 826 5335 ὅσον
878 5282 1089 5335 οὐδέπω
1141 5270 1544 5352 παρεσομέναις
1588 5278 1889 5348 συμφοραῖς
1914 5275 1973 5327 οὐ

400 5372 637 5442 μετρίως
661 5373 1180 5443 ὲπιστυγναζούσας.
1222 5373 1363 5426 Ἀνθ’
1396 5373 1518 5425 ὅτου
1553 5369 1660 5441 γὰρ
1702 5368 1768 5439 δὴ
1808 5383 1978 5437 προσ-

399 5461 625 5532 τέταχα,
656 5464 843 5535 φησὶν,
880 5464 1207 5536 ἁνοιμώζειν
1257 5465 1357 5527 τάς
1409 5462 1612 5525 πόλεις,
1658 5460 1741 5513 ὅτι
1772 5457 1979 5519 καπνὸς

397 5552 511 5606 ἀπὸ
536 5553 708 5626 βορρᾶ
738 5555 979 5628 ἔρχεται,
1006 5558 1100 5611 καὶ
1124 5559 1227 5612 οὐκ
1290 5557 1405 5610 ἐστι
1438 5555 1531 5609 τοῦ
1567 5551 1726 5607 εἶναι.
1754 5550 1974 5607 Καπνὸν

398 5644 460 5703 ιν
493 5642 702 5708 τούτοις
728 5646 818 5699 τὸν
840 5647 948 5701 ἀπὸ
974 5646 1171 5719 βορρᾶ,
1200 5648 1291 5703 τὸν
1312 5649 1374 5700 ἐκ
1393 5649 1493 5718 τῆς
1541 5642 1840 5715 ’Λσσυρίων
1868 5641 1972 5712 γῆς

401 5733 719 5807 ὁρμώμενον
738 5738 1012 5809 ὀνομάζει,
1060 5741 1093 5811 ἢ
1148 5739 1309 5795 αὐτὸν
1339 5740 1429 5793 τὸν
1460 5734 1881 5808 Σαλαμανασάρ,
1939 5732 1973 5803 ἢ

398 5828 504 5901 τὴν
554 5828 819 5884 συνοῦσαν
871 5832 1020 5903 αὐτῴ
1064 5833 1342 5905 στρατιάν.
1386 5830 1700 5901 Νοτιωτὰτη
1732 5827 1831 5900 μὲν
1867 5826 1975 5897 γάρ

725 5926 988 5989 Pauor.
1040 5926 1160 5989 Gn.
1195 5927 1390 5992 LXX.

2075 4833 2180 4872 non
2208 4818 2591 4887 omnipotentis
2618 4820 2711 4873 Dei
2746 4819 3079 4889 majestatem
3106 4822 3368 4877 conviciis
3393 4831 3449 4877 et
3475 4822 3647 4878 dicte—

2077 4910 2172 4965 riis
2208 4909 2639 4980 proscindentes,
2675 4925 2784 4965 non
2832 4913 2900 4967 de
2933 4921 3147 4967 mortuo
3190 4913 3412 4969 Achazo
3472 4915 3645 4969 insul-

2077 5007 2276 5064 tantes,
2304 4998 2396 5053 sed
2426 4998 2685 5069 tragicum
2732 5001 2911 5071 potius
2950 5001 3150 5058 luctum
3182 5013 3237 5058 et
3260 5003 3493 5059 lamenta
3534 5020 3647 5058 me-

2079 5090 2336 5155 ditantes,
2362 5099 2417 5143 et
2461 5104 2529 5145 ex
2568 5090 2801 5147 miseriis
2836 5092 3061 5162 jamjam
3102 5095 3459 5164 pmsentibus
3501 5094 3648 5149 baud

2074 5182 2177 5236 levi
2217 5181 2400 5237 dolore
2441 5180 2736 5239 confectas.
2774 5183 3064 5256 Propterea
3103 5185 3272 5249 enim,
3314 5185 3508 5255 inquit,
3538 5186 3648 5256 plo-

2078 5289 2199 5329 rare
2228 5275 2389 5329 urbes
2415 5272 2574 5341 jussi,
2596 5276 2726 5345 quia
2770 5275 2950 5332 fumus
2976 5278 3044 5332 ab
3092 5279 3358 5347 Aquilone
3395 5280 3562 5345 venit,
3594 5290 3651 5335 et

2078 5380 2183 5421 non
2211 5374 2295 5421 est
2340 5376 2399 5419 ut
2431 5366 2523 5420 sit.
2554 5366 2781 5422 Fumum
2816 5370 2869 5423 in
2907 5370 2991 5424 bis
3021 5372 3089 5424 ab
3120 5370 3387 5439 Aquilone
3423 5371 3650 5426 venieu-

2078 5468 2210 5523 tem,
2239 5458 2389 5526 dicit,
2411 5458 2495 5513 vel
2522 5458 2698 5529 ipsum
2743 5460 3184 5518 Salmanasarum
3212 5478 3281 5519 ex
3307 5472 3449 5519 terra
3479 5464 3651 5535 Assy-

2081 5552 2284 5605 riorum
2327 5562 2787 5621 prorumpentem,
2826 5554 2909 5609 vel
2947 5552 3110 5626 246
3140 5556 3382 5625 quicum
3431 5569 3498 5611 eo
3533 5563 3654 5610 erat

2079 5640 2398 5697 exercitum.
2430 5640 2695 5696 Australis
2735 5644 2880 5697 enim
2931 5660 3165 5699 tuamne
3220 5656 3305 5701 est
3342 5643 3654 5701 Iudaeorum

2083 5735 2251 5802 regio,
2285 5733 2454 5803 magis
2480 5742 2660 5788 autem
2689 5735 3038 5803 Aquilonaris
3075 5738 3438 5809 Assyriorum.
3480 5734 3654 5791 Fumo

2085 5838 2268 5882 autem
2306 5826 2562 5882 bellacem
2599 5829 2894 5884 exercitum
2931 5840 3228 5901 comparat,
3268 5840 3327 5882 ut
3356 5830 3447 5900 qui
3507 5829 3651 5885 velut
3678 5850 3701 5859 -

3258 5920 3336 6001 13,
