4148 6378
550 372 653 428 395

1536 366 1594 423 S.
1635 366 1910 422 CYRILLI
1948 366 2418 426 ALEXANDRINI
2459 369 2780 426 ARCHIEP.

3698 372 3801 427 396

549 489 816 556 lacrymas
838 484 1011 552 captis
1054 482 1273 539 excitat.
1307 481 1621 537 Elicitenim
1663 498 1876 552 semper
1904 498 1969 538 ex
1997 499 2122 539 ocu-

2228 488 2377 541 ἐστιν
2417 489 2447 557 ἡ
2483 488 2590 540 τῶν
2640 486 2906 539 Ἰουδαίων
2950 485 3121 558 χώρα,
3159 486 3486 558 βορειωτέρα
3535 488 3589 541 δέ
3633 493 3798 563 πωςή

549 580 616 633 lis
659 578 836 632 fumus
867 576 1181 647 lacrymam.
1223 573 1335 627 Non
1383 582 1469 629 est
1500 583 1678 629 autem
1715 574 2121 631 dissentaneum

550 671 697 737 ﬁdei,
733 671 786 726 in
826 670 909 726 his
948 669 1123 724 verbis
1172 667 1275 722 alia
1309 666 1377 723 de
1402 680 1565 722 causa
1621 666 1761 722 bella
1820 668 2121 738 comparari

549 762 718 818 fumo.
759 761 1222 828 Quemadmodum
1246 760 1388 815 enim
1418 759 1602 813 fumus
1644 758 1886 814 incidens
1917 759 1971 813 in
2002 773 2123 815 cor—

551 856 697 926 poris
721 855 926 917 oculos,
947 854 1093 908 visus
1123 852 1294 908 aciem
1324 851 1431 907 illis
1453 851 1675 907 adimit:
1708 850 1789 906 sic
1808 860 1863 906 et
1892 849 2123 907 formido

552 948 742 1002 mortis
767 954 971 1001 tantum
1005 961 1108 999 non
1146 944 1382 1000 inebriat
1422 954 1684 1008 mentem,
1727 959 1821 999 cor
1845 942 2119 999 turbidum

552 1039 745 1105 reddit,
774 1048 829 1094 et
855 1036 1110 1109 gravibus
1143 1052 1207 1093 ac
1238 1037 1592 1092 intolerandis
1626 1036 1924 1091 terroribus
1953 1049 2123 1105 prope

550 1131 796 1202 denigrat
825 1140 881 1186 et
909 1128 1153 1186 offuscat.
1194 1128 1387 1185 Veniet
1429 1130 1594 1201 igitur
1634 1128 1815 1183 fumus
1841 1130 1910 1183 ab
1947 1127 2122 1198 Aqui-

552 1223 693 1279 lone.
730 1223 800 1277 At
820 1223 941 1293 quis
961 1224 1065 1278 erit
1095 1220 1255 1291 hujus
1296 1221 1620 1277 incursionis
1648 1220 1869 1276 exitus?
1893 1219 2009 1274 Non
2041 1227 2127 1274 est

550 1323 609 1369 ut
664 1316 757 1379 sit,
803 1314 997 1385 inquit,
1028 1315 1079 1368 id
1133 1322 1237 1379 est,
1271 1323 1515 1368 extrema
1552 1310 1853 1367 internecio
1885 1312 2046 1366 urbes
2072 1319 2127 1364 et

550 1407 757 1472 domos,
782 1415 837 1461 et
870 1407 962 1475 qui
1004 1406 1057 1460 in
1086 1405 1191 1460 illis
1219 1414 1345 1459 sunt
1371 1404 1755 1474 pessumdabit.

2219 577 2328 630 τῶν
2384 576 2702 648 Ἀσσυρίων.
2751 577 2959 647 Καπνῷ
3018 595 3081 645 γε
3131 577 3238 647 μὴν
3286 577 3386 647 τὴν
3443 576 3803 651 φιλοπόλεμον

2220 671 2543 742 παρεικάζει
2573 668 2851 740 στρατιὰν,
2889 670 2964 733 ὡς
3013 670 3267 740 δακρύων
3310 674 3423 732 τοῖς
3462 670 3682 725 ἁλοῦσιν
3712 664 3815 744 ὲμ-’

2220 762 2528 833 ποιητικήν.
2589 761 2828 828 Ἐξέλκει
2857 761 2966 832 γὰρ
3020 762 3107 816 ἀεί
3152 780 3269 826 πως
3298 762 3407 815 τῶν
3452 764 3714 835 ὀμμάτων
3744 767 3805 819 τὸ

2219 854 2451 925 δάκρυον
2475 856 2503 907 6
2536 854 2762 918 καπνός.
2805 853 2920 908 Οὐκ
2974 853 3234 908 ἀπίθανον
3266 854 3323 907 δὲ
3360 855 3452 908 καὶ
3480 856 3683 926 ἑτέρως
3703 874 3802 909 κα-

2228 946 2347 1018 πνῷ
2396 945 2822 1019 παρεικάζεσθαι
2866 947 2992 1010 τοὺς
3042 946 3327 1017 πολέμους.
3370 948 3580 1019 Ὥσπερ
3626 949 3734 1018 γάρ
3774 952 3807 1002 6

2228 1036 2434 1100 καπνὸς
2458 1038 2571 1100 τοῖς
2602 1034 2696 1090 τοῦ
2740 1034 2991 1107 σώματος
3014 1037 3304 1107 ἐμπίπτων
3332 1038 3631 1110 ὀφθαλμοῖς
3660 1058 3803 1111 παρ-

2224 1126 2458 1195 αιρεῖται
2485 1124 2703 1189 πάντως
2731 1125 2923 1189 αὐτοὺς
2951 1127 3011 1180 τὸ
3043 1129 3143 1199 τῆς
3168 1126 3344 1197 ὅψεως
3373 1130 3618 1200 ἀκριϐὲς,
3662 1130 3804 1184 οὕτω

2228 1219 2320 1272 καὶ
2373 1218 2605 1273 Θανάτου
2665 1218 2829 1288 φόϐος
2891 1221 3173 1290 μονονουχὶ
3254 1222 3663 1292 καταμεθύσκει
3710 1225 3803 1277 τὸν

2230 1310 2375 1374 νοῦν,
2445 1310 2539 1364 καὶ
2589 1310 2879 1365 καταθολοῖ
2934 1311 3033 1380 τὴν
3085 1312 3327 1383 καρδίαν,
3370 1313 3561 1377 δεινοῖς
3597 1331 3657 1367 τε
3710 1316 3806 1367 καὶ

2231 1401 2526 1472 ἁφορήτοις
2559 1401 2807 1472 δείμασιν
2844 1402 3125 1472 μονονουχὶ
3157 1403 3572 1474 καταμελαίνων
3602 1404 3800 1472 αὐτήν.

553 1498 711 1565 ’Ἥξει
733 1502 911 1554 τοίνυν
944 1499 1150 1562 καπνὸς
1172 1498 1279 1552 ἀπὸ
1314 1499 1504 1570 βορρᾶ.
1545 1494 1677 1552 Εἶτα
1706 1498 1859 1551 ποῖόν
1882 1500 1997 1551 ἐστι
2056 1497 2157 1568 τῆς
2186 1497 2377 1563 ἐφόδου
2440 1499 2501 1551 τὸ
2537 1498 2726 1566 τέλος;
2766 1500 2949 1555 οὐκέτι
2994 1497 3086 1551 τοῦ
3132 1495 3269 1555 εἷναί
3301 1518 3456 1572 φησι,
3484 1501 3629 1555 τοῦτ’
3665 1502 3807 1569 ἔστι,

550 1598 927 1671 πανωλεθρεία
973 1596 1307 1668 καταφθερεῖ
1349 1597 1530 1661 πόλεις
1562 1613 1620 1649 τε
1654 1596 1749 1649 καί¹
1795 1596 1998 1661 οἴκους,
2050 1596 2145 1649 καί
2181 1597 2307 1660 τοὺς
2333 1596 2390 1649 ὲν
2419 1596 2630 1661 αὑταῖς.

623 1696 787 1750 Vens.
820 1696 907 1750 32.
975 1694 1041 1748 Et
1076 1695 1201 1764 quid
1233 1692 1609 1760 respondebunt
1668 1707 1809 1761 reges
1844 1692 2121 1761 gentium?

553 1787 693 1853 Quia
724 1786 975 1840 Dominus
1005 1784 1245 1852 fundavit
1269 1783 1419 1850 Sion,
1451 1794 1498 1838 et
1521 1800 1613 1854 per
1649 1783 1801 1837 illum
1832 1782 2119 1837 servabuno

551 1889 640 1933 tur
667 1877 887 1933 humiles
912 1877 1117 1948 populi.

622 1970 982 2041 lmpressione
1019 1969 1364 2041 Assyriorum
1398 1968 1558 2035 facta,
1586 1980 1759 2042 captae
1785 1982 1912 2027 sunt
1936 1970 2125 2026 alieni-

550 2077 810 2134 genarum
861 2062 1041 2126 urbes,
1074 2062 1367 2117 devastata:
1407 2063 1756 2120 nihilominus
1809 2066 1971 2120 etiam
2025 2063 2125 2120 Sa-

551 2156 947 2211 maritanorum
987 2153 1233 2209 civitates
1271 2173 1285 2209 :
1328 2163 1541 2210 servata
1580 2166 1662 2211 est
1696 2167 1876 2212 autem
1911 2158 2126 2227 egregie

548 2262 662 2317 prae
687 2246 896 2303 caeteris
924 2260 987 2301 ac
1012 2246 1334 2302 mirabiliter
1366 2247 1477 2302 sola
1517 2246 1838 2315 Jerusalem,
1870 2248 2123 2320 Assyrio-

547 2355 670 2396 rum
700 2338 871 2409 copiis
898 2356 913 2401 ;
947 2353 1163 2393 manum
1196 2338 1524 2394 admoliente
1546 2340 1938 2410 eo,quiomnia
1969 2339 2127 2397 facile

559 2447 625 2486 ac
657 2441 805 2487 recte
833 2439 1010 2501 potest
1036 2430 1269 2486 eﬂicere.
1301 2430 1493 2486 lllortui
1523 2443 1646 2487 sunt
1676 2433 1821 2488 enim
1840 2448 1942 2488 una
1968 2443 2128 2490 nocte

551 2522 972 2592 alienigenarum
1018 2530 1234 2577 centum
1296 2524 1575 2592 octoginta
1624 2524 1862 2594 quinque
1932 2525 2122 2581 millia.

494 2680 505 2693 _
551 2616 779 2683 Quando
804 2615 966 2685 igitur
987 2614 1345 2685 Aquilonares
1378 2614 1466 2669 isti
1508 2616 1846 2671 incenderint
1870 2616 2127 2689 alienige-

552 2722 744 2762 narum
776 2708 961 2769 urbes,
988 2706 1229 2776 p0pulati
1259 2706 1455 2761 fuerint
1489 2709 1650 2761 etiam
1675 2706 1871 2764 Judaaaa
1893 2709 2125 2765 vicinam

554 2800 884 2865 Samariam,
910 2799 1104 2855 deinde
1124 2801 1402 2870 cingentes
1436 2800 1671 2870 undique
1715 2802 1882 2871 ipsum
1909 2801 2125 2858 Jerusa-

546 2894 688 2958 lem,
718 2892 865 2947 nullo
905 2891 1207 2955 resistente,
1254 2907 1357 2945 una
1400 2900 1554 2946 nocte
1588 2894 1891 2947 corruerint
1930 2913 1941 2947 :
1976 2903 2123 2961 tunc,

518 2996 702 3052 'tunc,
754 2984 946 3054 inquit,
991 2983 1161 3038 velint
1194 2982 1387 3048 nolint,
1422 2983 1827 3038 conﬁtebuntur
1885 2984 2124 3055 gentium

551 3090 729 3147 reges,
748 3078 889 3145 quod
914 3074 1171 3130 Dominus
1194 3074 1438 3128 fundavit
1467 3075 1619 3139 Sion,
1643 3085 1697 3129 et
1716 3077 1859 3144 quod
1884 3092 1979 3145 per
2001 3093 2124 3133 eum

550 3169 912 3223 servabuntur
964 3166 1195 3221 humiles
1230 3166 1429 3236 populi.
1484 3165 1725 3222 Humiles
1751 3168 1929 3239 populi
1969 3180 2126 3225 vocat

550 3276 667 3325 eos,
703 3259 878 3329 quiin
917 3258 1007 3313 illo
1037 3257 1152 3311 solo
1207 3270 1357 3327 spem
1405 3256 1594 3311 salutis
1648 3272 1759 3313 sua:
1819 3259 2121 3327 collocant;

552 3355 729 3426 qualis
757 3362 876 3408 erat
936 3351 1051 3421 ipse
1102 3365 1195 3405 rex
1256 3348 1540 3413 Ezechias,
1572 3360 1627 3404 et
1655 3351 1746 3421 qui
1785 3353 1929 3407 circa
1979 3354 2125 3409 illum

551 3456 711 3502 erant
760 3443 1104 3514 procidentes
1132 3450 1187 3496 et
1231 3442 1511 3496 dicentes:
1550 3459 1568 3491 ι
1594 3442 1824 3511 Exaudi,
1878 3445 2124 3515 Domine,

555 3537 783 3606 respice,
813 3532 1058 3595 Domine,
1099 3540 1152 3585 et
1185 3530 1304 3584 vide
1332 3544 1611 3584 sermones
1632 3529 1947 3600 Rhapsacm,
1989 3548 2128 3602 quos

551 3628 731 3683 emisit
759 3641 854 3681 rex
878 3625 1247 3695 Assyriorum,
1292 3620 1487 3690 probra
1519 3622 1731 3693 jaciens
1760 3623 1811 3677 in
1846 3623 2013 3678 Deum
2042 3626 2126 3681 vi-

550 3737 678 3776 vum
711 3721 776 3773 ’³.
810 3738 829 3771 ι
874 3716 1073 3771 Verum
1117 3729 1149 3769 e
1179 3715 1394 3769 diverso
1435 3715 1551 3785 ipse
1597 3716 1800 3771 audivit
1843 3714 2011 3772 Deum
2046 3718 2127 3775 lo-

551 3821 809 3882 quentem
844 3820 1028 3880 aperte
1064 3827 1077 3863 :
1115 3826 1133 3860 ι
1164 3806 1290 3862 Haec
1326 3808 1401 3861 ait
1430 3808 1687 3863 Dominus
1722 3825 1738 3864 :
1770 3808 2125 3879 Propugnabo

552 3903 829 3957 civitatem
872 3900 1013 3954 hanc
1045 3906 1261 3968 propter
1304 3911 1408 3963 me,
1440 3906 1494 3952 et
1526 3909 1744 3967 propter
1792 3900 1959 3954 David
1990 3915 2125 3969 pue-

555 4010 676 4047 rum
712 3992 973 4047 meum“.
1007 4010 1025 4043 ι
1061 4009 1079 4041 ι
1109 3990 1409 4044 Bonumest
1427 3990 1586 4058 igitur
1601 3991 1871 4047 conﬁdere
1887 3991 2076 4048 Deo".
2099 4010 2121 4044 ι

555 4084 709 4151 Quod
750 4084 912 4137 etiam
959 4081 1102 4136 beati
1137 4081 1409 4151 prophetae
1457 4097 1562 4135 non
1617 4082 1952 4150 ignorarunt.
1976 4083 2128 4140 lere-

553 4174 694 4227 mias
721 4173 919 4242 quippe
951 4171 1082 4226 dicit
1125 4189 1140 4225 :
1183 4190 1201 4223 ι
1228 4169 1426 4226 Beatus
1470 4172 1632 4226 homo
1660 4173 1749 4240 qui
1807 4174 2028 4229 conﬁdit
2072 4176 2123 4230 in

554 4263 801 4330 Domino,
839 4273 890 4317 et
921 4264 1025 4317 erit
1054 4262 1310 4318 Dominus
1350 4278 1475 4333 spes
1522 4264 1638 4334 ejus
1670 4264 1734 4318 ¹⁶.
1766 4284 1784 4317 ι
1827 4265 2127 4335 Sapientis-

554 4356 725 4410 simus
745 4353 906 4426 247
925 4355 1088 4408 etiam
1124 4353 1289 4408 David
1314 4369 1332 4406 ε
1371 4372 1389 4406 ι
1423 4353 1649 4408 Domine
1678 4355 1818 4409 Deus
1843 4356 2121 4421 virtutum,

551 4448 746 4501 beatus
774 4448 934 4500 homo
953 4444 1042 4513 qui
1074 4453 1259 4514 sperat
1296 4444 1348 4499 in
1374 4450 1424 4499 te
1448 4444 1547 4497 ιτ.»
1569 4442 1735 4498 Nemo
1762 4445 1905 4499 enim
1936 4445 2126 4515 perdet

2299 1692 2409 1747 Καὶ
2434 1693 2493 1746 τί
2524 1693 3035 1762 ἀποκριθήσονται
3073 1692 3358 1759 βασιλεῖς
3397 1692 3624 1756 emerim;
3675 1692 3806 1748 Ὀτι

2226 1782 2446 1852 Κύριος
2474 1783 2831 1853 ἐθεμελίωσε
2869 1784 3040 1848 Σιὼν,
3065 1785 3161 1838 καί
3186 1782 3259 1838 δι’
3281 1784 3469 1838 αὐτοῦ
3498 1781 3809 1849 σωθήσον-

2157 1855 2201 1911 B
2227 1888 2323 1927 ται
2348 1875 2403 1927 οἱ
2427 1872 2695 1926 ταπεινοὶ
2719 1873 2824 1927 τοῦ
2856 1873 3031 1928 λαοῦ.

2297 1964 2409 2036 Τῆς
2440 1965 2628 2034 ἐφόδου
2657 1964 2767 2019 τῶν
2831 1965 3126 2038 ’Δσσυρίων
3173 1966 3547 2037 γεγενημένης
3588 1965 3806 2036 ἥλωσαν

2233 2058 2332 2129 μὲν
2364 2060 2421 2112 αἱ
2447 2058 2554 2112 τῶν
2603 2057 2918 2128 ἀλλοφύλων
2970 2058 3174 2122 πόλεις.
3238 2057 3701 2129 Ἐκπεπόρθηνται
3745 2057 3804 2111 δὲ

2226 2150 2384 2204 οὐδὲν
2418 2144 2581 2223 ἧττον
2606 2151 2702 2204 καὶ
2756 2152 2812 2205 al
2848 2151 2956 2205 τῶν
2993 2151 3348 2223 Σαμαρειτῶν
3375 2166 3391 2182 ·
3451 2149 3715 2204 σέσωσται
3746 2149 3805 2203 δὲ

2237 2241 2595 2313 Ἰερουσαλὴμ
2653 2241 2972 2313 παραδόξως
3033 2243 3169 2314 μόνη
3233 2242 3383 2313 παρὰ
3445 2242 3643 2307 πάσας,
3684 2242 3829 2306 ταῖς·

2224 2332 2333 2386 τῶν
2397 2332 2696 2404 Ἀσσυρίων
2759 2336 3037 2406 στρατιαῖς
3078 2335 3447 2403 ὲνενεγκόντος
3487 2334 3585 2405 τὴν
3646 2336 3804 2406 χεῖρα

2224 2423 2320 2478 τοῦ
2354 2424 2533 2478 πάντα
2568 2424 2805 2488 εὐκόλως
2829 2423 3127 2496 κατορθοῦν
3157 2423 3451 2494 ἰσχύοντος.
3512 2424 3805 2478 Ἀπέθανον

2226 2519 2335 2589 γὰρ
2378 2517 2437 2571 ὲν
2463 2519 2618 2571 νυκτὶ
2658 2520 2757 2590 μιᾷ
2801 2518 2909 2571 τῶν
2949 2518 3261 2587 ἀλλοφύλων
3312 2517 3506 2571 ἑκατὸν
3560 2517 3655 2572 καὶ
3708 2516 3804 2585 ὀγ-

2224 2608 2487 2680 δοήκοντα
2524 2609 2681 2662 πέντε
2711 2609 2968 2680 χιλιάδες.
3003 2609 3172 2664 Ὅταν
3203 2610 3380 2662 τοίνυν
3409 2610 3803 2679 καταπρήσωσι

2229 2702 2328 2773 μὲν
2354 2700 2453 2766 τὰς
2477 2700 2585 2756 τῶν
2620 2701 2933 2772 ἀλλοφύλων
2958 2700 3139 2766 πόλεις
3189 2703 3237 2754 οἱ
3271 2701 3377 2754 ἀπὸ
3418 2700 3611 2771 βορρᾶ,
3640 2715 3803 2751 κατα-

2225 2792 2475 2866 δῃώσωσι
2527 2793 2620 2847 καὶ
2653 2792 2752 2863 τὴν
2790 2791 2889 2862 τῆς
2951 2791 3207 2856 Ἰουδαίας
3252 2790 3469 2860 γείτονα
3495 2790 3593 2859 τὴν
3623 2790 3803 2858 Σαμα-

2230 2884 2444 2955 ρειτῶν,
2510 2881 2627 2938 εἶτα
2686 2883 3039 2956 περισχόντες
3102 2883 3287 2954 κύκλῳ
3340 2884 3433 2936 κα)⁸
3485 2882 3653 2954 αὐτὴν
3704 2882 3804 2952 τὴν

2240 2975 2615 3047 Ἰερουσαλὴμ,
2643 2975 2856 3038 οὐδενὸς
2902 2974 3289 3045 ἀντεξάγοντος
3347 2977 3405 3029 ἐν
3452 2976 3548 3046 μιᾷ
3594 2975 3802 3027 πέσωσι

2227 3069 2382 3123 νυκτί
2407 3085 2421 3099 ·
2453 3069 2574 3121 τότε
2608 3068 2694 3140 δὴ,
2723 3069 2847 3122 τότε
2882 3069 2978 3122 καὶ
3007 3069 3105 3139 ούχ
3134 3067 3369 3132 ἑκόντες,
3393 3067 3576 3138 φησὶν,
3609 3066 3803 3137 ὁμολο-

2227 3162 2470 3233 γήσωσιν
2507 3162 2557 3215 οἱ
2586 3162 2692 3214 τῶν
2728 3161 2897 3216 ἐθνῶν
2929 3161 3189 3231 βασιλεῖς,
3242 3162 3323 3215 ὅτι
3368 3160 3570 3233 Κύριος
3608 3159 3803 3231 ἐθεμε-

2229 3254 2393 3309 λίωσε
2429 3254 2567 3308 Σιών
2593 3271 2606 3284 ·
2642 3254 2737 3308 καὶ
2769 3254 2852 3306 ὅτι
2881 3254 2950 3307 δι’
2969 3252 3134 3307 αὑτοῦ
3166 3253 3499 3325 σωθήσονται
3539 3254 3588 3306 οί
3616 3268 3805 3305 ταπει-

2206 3346 2309 3409 ,νοὶ
2338 3345 2434 3400 τοῦ
2470 3345 2622 3402 λαοῦ.
2668 3346 2972 3411 Ταπεινοὺς
3000 3346 3057 3399 δέ
3096 3364 3226 3417 φησι
3261 3345 3354 3400 τοῦ
3383 3345 3533 3410 λαοῦ,
3564 3346 3690 3408 τοὺς
3716 3344 3803 3397 ἐπ’

2225 3438 2373 3511 αύτῷ
2401 3438 2465 3511 δὴ
2525 3440 2621 3494 καὶ
2656 3440 2802 3510 μόνῳ
2832 3440 2931 3510 τὴν
2965 3440 3073 3494 τῶν
3100 3438 3370 3504 σώζεσθαι
3420 3438 3682 3509 θεμένους
3713 3436 3804 3490 ὲλ-

2225 3532 2375 3597 πίδα,
2431 3532 2611 3596 ὁποῖός
2634 3532 2695 3585 τέ
2727 3551 2811 3597 τις
2840 3529 2908 3604 ἦν
2941 3532 3102 3597 αὐτὸς
3123 3535 3151 3586 6
3182 3531 3476 3603 βασιλεύων
3536 3530 3801 3601 Ἐζεχίας,

2225 3626 2317 3678 καὶ
2345 3626 2393 3679 οἱ
2447 3625 2584 3697 ἀμφ’
2617 3625 2778 3679 αὐτὸν
2827 3624 2947 3697 Θεῷ
2990 3626 3444 3698 προσπίπτοντες,
3502 3624 3597 3678 καὶ
3620 3623 3805 3693 λέγον-

2224 3735 2351 3782 τεςο
2391 3738 2410 3770 ι
2444 3718 2797 3784 Είσάκουσον,
2853 3719 3049 3793 Κύριε,
3111 3719 3413 3789 εἴσϐλεψον,
3464 3717 3658 3790 Κύριε,
3708 3717 3802 3769 καὶ

2225 3810 2302 3864 ἴδε
2325 3810 2451 3874 τοὺς
2484 3810 2672 3887 λόγους
2711 3810 2806 3865 τού
2868 3812 3159 3883 Ῥαψάκου,
3218 3810 3311 3874 οὒς
3353 3808 3735 3876 ἐξαπέστειλεν
3775 3810 3806 3861 6

2226 3901 2479 3972 βασιλεὺς
2514 3904 2834 3976 Ἀσσυρίων,
2864 3905 3145 3970 ὀνειδίζειν
3168 3904 3300 3958 Θεὸν
3328 3903 3525 3984 ζῷντα.
3569 3922 3588 3955 ι
3640 3900 3803 3955 Ἀλλὰ

2224 3993 2317 4046 καὶ
2350 3992 2513 4056 αὐτὸς
2555 3994 2849 4065 ἀντήκουεν
2878 3994 3012 4048 Θεοῦ
3041 3995 3289 4064 λέγοντος
3330 3992 3601 4065 ὲναργῶςο
3643 4011 3661 4044 ι
3695 3992 3806 4045 Τά-

2223 4084 2280 4138 δε
2304 4084 2455 4151 λέγει
2482 4084 2686 4156 Κύριος
2706 4102 2719 4116 ο
2762 4085 3113 4159 Ὠπερασπιῷ
3136 4088 3275 4157 ὑπὲρ
3306 4086 3404 4157 τῆς
3434 4086 3641 4149 πόλεως
3667 4084 3803 4140 ταύο-

2225 4193 2323 4247 της
2350 4177 2415 4231 δι’
2446 4178 2567 4249 ἐμὲ,
2608 4179 2700 4233 καὶ
2728 4178 2814 4232 διὰ
2843 4180 3009 4233 Δαϐὶδ
3036 4180 3125 4234 τὸν
3172 4180 3335 4236 παῖδά
3364 4198 3488 4251 μου.
3522 4198 3541 4229 ι
3577 4197 3597 4231 ι
3646 4179 3806 4247 Ἀγα-

2227 4268 2318 4321 θὸν
2343 4264 2435 4323 οὖν
2464 4270 2571 4342 ἄρα
2601 4272 2664 4325 τὸ
2696 4273 2788 4326 ἐπὶ
2817 4272 2935 4343 Θεῷ
2987 4273 3328 4327 πεποιθέναι.
3397 4293 3415 4325 ι
3480 4272 3589 4326 Καὶ
3644 4271 3806 4325 τοῦτο

2224 4363 2421 4427 εἰδότες
2447 4366 2497 4417 οἱ
2546 4367 2805 4437 μακάριοι
2848 4367 3124 4438 προφῆταί
3145 4383 3328 4436 φασιν,
3379 4366 3645 4439 Ἱερεμίας
3681 4365 3802 4437 μὲν,

2226 4455 2332 4520 ὅτι,
2360 4475 2379 4508 ‹
2404 4457 2693 4530 Μακάριος
2714 4457 3001 4531 ἄνθρωπος
3020 4462 3050 4513 6
3072 4462 3347 4525 πεποιθὼς
3368 4462 3461 4515 ἐπὶ
3482 4461 3561 4531 τῷ
3590 4462 3802 4533 Κυρίῳ,

552 4552 674 4593 eum
704 4537 795 4607 qui
828 4538 1008 4591 divino
1041 4536 1156 4605 ejus
1174 4546 1304 4591 nutu
1338 4535 1553 4606 adjutus
1573 4546 1675 4602 est,
1703 4545 1757 4592 et
1783 4551 2017 4608 superno
2047 4538 2122 4594 fa-

2230 4546 2323 4599 καὶ⁵
2353 4547 2503 4601 ἔσται
2542 4548 2746 4619 Κύριος
2786 4549 2940 4614 ἐλπὶς
2985 4549 3171 4604 αὑτοῦ.
3221 4570 3243 4603 a
3288 4552 3346 4604 '0
3393 4551 3449 4605 δὲ
3494 4552 3803 4621 σοφώτατος

550 4645 683 4685 vore
713 4645 779 4684 ac
808 4629 1182 4685 benevolentia
1229 4631 1382 4699 quasi
1425 4646 1581 4686 muro
1608 4631 1773 4701 probe
1802 4632 2119 4687 obvallatus.

553 4722 814 4791 Dignatur
839 4721 981 4775 enim
1015 4736 1143 4774 cura
1177 4735 1272 4775 sua
1319 4731 1562 4777 amantes
1594 4736 1675 4788 se,
1696 4732 1752 4777 et
1774 4722 1865 4792 qui
1891 4722 2125 4792 diligen-

552 4823 633 4867 ter
656 4828 776 4882 quaz
801 4813 899 4882 ipsi
934 4814 1152 4883 placent
1184 4814 1424 4880 cogitare
1452 4824 1505 4869 et
1528 4830 1689 4883 agere
1711 4817 1949 4885 student,
1983 4817 2037 4872 hi
2068 4826 2126 4873 ut

552 4901 724 4957 ﬁrmis
758 4913 813 4959 et
844 4904 1115 4958 diuturnis
1142 4904 1296 4959 bonis
1326 4905 1604 4971 potiantur
1632 4904 1790 4962 facile
1820 4918 2048 4964 annuet.

2227 4637 2419 4691 Δαϐίδ·
2454 4657 2473 4690 ι
2506 4638 2678 4711 Κύριε
2699 4642 2727 4693 6
2750 4640 2882 4705 Θεὸς
2914 4640 3022 4696 τῶν
3053 4642 3358 4713 δυνάμεων,
3403 4645 3672 4715 μακάριος
3709 4644 3804 4698 ἄν·

2225 4729 2441 4800 θρωπος
2460 4732 2488 4782 6
2512 4730 2746 4795 ἐλπίζων
2767 4732 2860 4786 ὲπὶ
2883 4734 2962 4791 σέ.
3001 4754 3020 4786 ι
3071 4734 3347 4788 Ἀπολέσει
3375 4736 3483 4807 γὰρ
3516 4736 3689 4799 οὐδεὶς
3710 4736 3803 4789 τὸν

2220 4824 2331 4886 τοῖς
2362 4823 2525 4887 θείοις
2554 4824 2720 4878 αὐτοῦ
2760 4826 3023 4897 νεύμασιν
3052 4827 3532 4900 ὲπικουρούμενον,
3568 4829 3662 4881 καὶ
3680 4831 3802 4891 ταῖς

2217 4913 2423 4967 ἄνωθεν
2469 4916 2780 4986 εύμενείαις
2834 4914 2893 4972 εὖ
2947 4918 3095 4990 μάλα
3154 4920 3575 4991 τετειχισμένον.
3640 4919 3805 4985 Ἀξιοῖ

551 4996 658 5066 γὰρ
684 4996 959 5068 φροντίδος
986 4998 1112 5060 τοὺς
1172 4997 1501 5065 ἀγαπῶντας
1552 4998 1734 5063 αὐτὸν,
1786 5002 2026 5066 καὶτοῖς
2079 5003 2148 5058 τὰ
2223 5007 2373 5078 αύτῷ
2423 5007 2684 5064 δοκοῦντα
2748 5016 2966 5084 φρονεῖν
3019 5031 3079 5067 τε
3111 5014 3203 5067 καὶ
3259 5014 3390 5086 δρᾷν
3426 5015 3509 5068 ὄτι
3570 5015 3803 5086 μάλιστα

552 5091 983 5156 διεσπουδακὼι,
1032 5091 1093 5143 τὸ
1146 5091 1203 5143 ἐν
1263 5089 1465 5161 βεϐαίῳ
1515 5093 1726 5147 κεῖσθαι
1762 5092 1872 5147 τῶν
1899 5094 2119 5163 ἀγαθῶν
2157 5101 2443 5156 κατανεύει
2472 5106 2798 5178 προχείρως.

1160 5221 1396 5280 TOMUS
1433 5224 1517 5280 ΙΙΙ.

622 5332 750 5386 CAP.
778 5331 890 5385 XV.
918 5332 1212 5387 VERBUM
1239 5335 1533 5391 CONTRA
1556 5339 2057 5402 ΜΟΑΒΙΤΙΠΕΜ.

618 5443 879 5498 Confecto
916 5460 1169 5501 sermone
1206 5447 1273 5502 de
1311 5446 1619 5520 Babyloniis
1659 5452 1887 5525 aliisque
1930 5459 2125 5514 rectis-

551 5535 704 5599 sime,
737 5550 922 5590 rursus
953 5537 1020 5590 ad
1053 5537 1416 5609 Moabitidem,
1476 5543 1527 5598 id
1562 5553 1663 5611 est,
1697 5558 1884 5603 contra
1920 5548 2127 5605 Moabi-

553 5638 729 5683 tarum
767 5630 1103 5698 metropolim
1144 5633 1522 5705 regionemque
1562 5637 1871 5695 universam
1922 5641 2125 5712 ipsum-

2826 5245 3057 5299 ΤΟΜΟΣ
3102 5246 3141 5298 Γ
3142 5252 3175 5301 ’.

2337 5351 2424 5405 T0
2447 5356 2648 5409 ΡΗΜΑ
2692 5359 2777 5409 T0
2824 5361 3014 5412 KATA
3053 5360 3188 5413 ΤΗΣ
3230 5360 3698 5414 ΜΩΑΒΙΤΙΔΟΣ.

2294 5466 2638 5537 Διαπεράνας
2670 5462 2731 5521 εὖ
2764 5468 2908 5538 μάλα
2935 5469 3026 5523 τὸν
3059 5470 3152 5525 ἐπί
3188 5487 3252 5540 γε
3289 5472 3403 5534 τοῖς
3440 5468 3805 5533 Βαϐυλωνίοις

2226 5556 2320 5609 καὶ
2380 5561 2492 5621 τοῖς
2534 5559 2854 5629 ἀλλοφύλοις
2899 5561 3077 5631 λόγον,
3140 5563 3424 5634 μεθίστησι
3486 5563 3651 5617 πάλιν
3704 5561 3805 5633 τὴν

2226 5648 2622 5718 προαγόρευσιν
2674 5652 2767 5705 ἐπὶ
2816 5654 2883 5725 τῇ
2931 5653 3266 5708 Μωαϐίτιδι·
3304 5654 3449 5711 τοῦτ’
3485 5657 3602 5711 ἐστι
3662 5658 3805 5713 κατὰ

626 5786 670 5817 ⁸³
700 5784 766 5842 ιγ
796 5783 925 5858 Reg.
965 5803 1075 5856 xix,
1102 5788 1187 5843 16.
1267 5788 1307 5820 ’³
1337 5789 1463 5846 ibid.
1496 5792 1584 5849 δι.
1663 5796 1705 5827 ¹⁸
1745 5794 1882 5854 Psal.
1916 5798 2124 5867 cum!

2240 5803 2283 5833 ¹⁶
2308 5800 2507 5860 Jerem.
2538 5821 2673 5876 xvn,
2702 5808 2753 5862 7.
2836 5809 2875 5841 ⁸⁷
2908 5809 3045 5866 Psal.
3079 5826 3313 5881 unm,
3358 5813 3443 5870 15.
