  <div class='ocr_page' id='page_1' title='image "/cluster/home/n/w/nwhite01/storage/ocr_20150623/70/nnc1.0046980253/216.png"; bbox 0 0 4148 6378; ppageno 0'>
   <div class='ocr_carea' id='block_1_1' title="bbox 416 350 520 416">
    <p class='ocr_par' dir='ltr' id='par_1_1' title="bbox 416 350 520 416">
     <span class='ocr_line' id='line_1_1' title="bbox 416 350 520 416; baseline -0.01 -1"><span class='ocrx_word' id='word_1_1' title='bbox 416 350 520 416; x_wconf 72' lang='lat'><strong>397</strong></span> 
     </span>
    </p>
   </div>
   <div class='ocr_carea' id='block_1_2' title="bbox 1551 342 2552 406">
    <p class='ocr_par' dir='ltr' id='par_1_2' title="bbox 1551 342 2552 406">
     <span class='ocr_line' id='line_1_2' title="bbox 1551 342 2552 406; baseline 0.001 -2"><span class='ocrx_word' id='word_1_2' title='bbox 1551 349 1616 404; x_wconf 76' lang='lat' dir='ltr'><strong>IN</strong></span> <span class='ocrx_word' id='word_1_3' title='bbox 1654 343 1882 404; x_wconf 77' lang='lat' dir='ltr'><strong>lSAlAM</strong></span> <span class='ocrx_word' id='word_1_4' title='bbox 1925 342 2054 402; x_wconf 79' lang='lat' dir='ltr'><strong>LIB.</strong></span> <span class='ocrx_word' id='word_1_5' title='bbox 2081 343 2148 403; x_wconf 86' lang='lat' dir='ltr'><strong>ll.</strong></span> <span class='ocrx_word' id='word_1_6' title='bbox 2189 344 2426 406; x_wconf 80' lang='lat' dir='ltr'><strong>TOMUS</strong></span> <span class='ocrx_word' id='word_1_7' title='bbox 2465 349 2552 406; x_wconf 85' lang='lat' dir='ltr'><strong>lli.</strong></span> 
     </span>
    </p>
   </div>
   <div class='ocr_carea' id='block_1_3' title="bbox 3565 347 3666 403">
    <p class='ocr_par' dir='ltr' id='par_1_3' title="bbox 3565 347 3666 403">
     <span class='ocr_line' id='line_1_3' title="bbox 3565 347 3666 403; baseline -0.01 0"><span class='ocrx_word' id='word_1_8' title='bbox 3565 347 3666 403; x_wconf 69' lang='lat'><strong>398</strong></span> 
     </span>
    </p>
   </div>
   <div class='ocr_carea' id='block_1_4' title="bbox 417 464 2026 544">
    <p class='ocr_par' dir='ltr' id='par_1_4' title="bbox 417 465 1994 544">
     <span class='ocr_line' id='line_1_4' title="bbox 417 465 1994 544; baseline -0.008 -16"><span class='ocrx_word' id='word_1_9' title='bbox 417 477 517 544; x_wconf 76' lang='grc' dir='ltr'><strong>τῆς</strong></span> <span class='ocrx_word' id='word_1_10' title='bbox 543 472 650 526; x_wconf 90' lang='grc' dir='ltr'><strong>τῶν</strong></span> <span class='ocrx_word' id='word_1_11' title='bbox 677 469 986 526; x_wconf 74' lang='grc' dir='ltr'>Μωαϐιτῶν</span> <span class='ocrx_word' id='word_1_12' title='bbox 1022 467 1404 539; x_wconf 69' lang='grc' dir='ltr'>μητροπόλεως</span> <span class='ocrx_word' id='word_1_13' title='bbox 1442 466 1623 538; x_wconf 82' lang='grc' dir='ltr'>χώρας</span> <span class='ocrx_word' id='word_1_14' title='bbox 1675 484 1734 520; x_wconf 90' lang='grc' dir='ltr'><strong>τε</strong></span> <span class='ocrx_word' id='word_1_15' title='bbox 1779 465 1994 534; x_wconf 79' lang='grc' dir='ltr'>ἁπάσης</span> 
     </span>
    </p>
   </div>
   <div class='ocr_carea' id='block_1_5' title="bbox 2129 464 3671 544">
    <p class='ocr_par' dir='ltr' id='par_1_5' title="bbox 2129 464 3671 537">
     <span class='ocr_line' id='line_1_5' title="bbox 2129 464 3671 537; baseline 0.001 -19"><span class='ocrx_word' id='word_1_16' title='bbox 2129 479 2206 532; x_wconf 43' lang='lat' dir='ltr'><strong>lue</strong></span> <span class='ocrx_word' id='word_1_17' title='bbox 2249 467 2384 523; x_wconf 90' lang='lat' dir='ltr'><strong>adeo</strong></span> <span class='ocrx_word' id='word_1_18' title='bbox 2427 481 2648 537; x_wconf 73' lang='lat' dir='ltr'><strong>regnum</strong></span> <span class='ocrx_word' id='word_1_19' title='bbox 2693 465 2950 522; x_wconf 88' lang='lat' dir='ltr'><strong>transfert</strong></span> <span class='ocrx_word' id='word_1_20' title='bbox 2985 464 3318 519; x_wconf 84' lang='lat' dir='ltr'><strong>vaticinium.</strong></span> <span class='ocrx_word' id='word_1_21' title='bbox 3353 465 3498 520; x_wconf 84' lang='lat' dir='ltr'><strong>Gens</strong></span> <span class='ocrx_word' id='word_1_22' title='bbox 3545 483 3671 520; x_wconf 72' lang='lat' dir='ltr'><strong>vero</strong></span> 
     </span>
    </p>
   </div>
   <div class='ocr_carea' id='block_1_6' title="bbox 419 555 1999 633">
    <p class='ocr_par' dir='ltr' id='par_1_6' title="bbox 419 555 1999 633">
     <span class='ocr_line' id='line_1_6' title="bbox 419 555 1999 633; baseline -0.007 -14"><span class='ocrx_word' id='word_1_23' title='bbox 419 568 514 619; x_wconf 71' lang='grc' dir='ltr'><strong>καὶ</strong></span> <span class='ocrx_word' id='word_1_24' title='bbox 560 565 730 633; x_wconf 73' lang='grc' dir='ltr'>αὐτῆς</span> <span class='ocrx_word' id='word_1_25' title='bbox 773 562 876 631; x_wconf 80' lang='grc' dir='ltr'>τῆς</span> <span class='ocrx_word' id='word_1_26' title='bbox 906 560 1202 630; x_wconf 83' lang='grc' dir='ltr'>βασιλείας.</span> <span class='ocrx_word' id='word_1_27' title='bbox 1248 558 1441 622; x_wconf 88' lang='grc' dir='ltr'>Ἐθνος</span> <span class='ocrx_word' id='word_1_28' title='bbox 1470 559 1565 611; x_wconf 71' lang='grc' dir='ltr'>καὶ</span> <span class='ocrx_word' id='word_1_29' title='bbox 1605 559 1760 613; x_wconf 63' lang='grc' dir='ltr'><strong>αὐτοὶ⁹</strong></span> <span class='ocrx_word' id='word_1_30' title='bbox 1796 555 1999 628; x_wconf 82' lang='grc' dir='ltr'>βάρϐα-</span> 
     </span>
    </p>
   </div>
   <div class='ocr_carea' id='block_1_7' title="bbox 423 648 2001 726">
    <p class='ocr_par' dir='ltr' id='par_1_7' title="bbox 423 648 2001 726">
     <span class='ocr_line' id='line_1_7' title="bbox 423 648 2001 726; baseline -0.006 -17"><span class='ocrx_word' id='word_1_31' title='bbox 423 674 535 726; x_wconf 84' lang='grc' dir='ltr'>ρον,</span> <span class='ocrx_word' id='word_1_32' title='bbox 590 652 976 724; x_wconf 86' lang='grc' dir='ltr'>άπηχθημένον</span> <span class='ocrx_word' id='word_1_33' title='bbox 1015 651 1166 722; x_wconf 88' lang='grc' dir='ltr'>παρὰ</span> <span class='ocrx_word' id='word_1_34' title='bbox 1227 649 1384 720; x_wconf 80' lang='grc' dir='ltr'>Θεῷ,</span> <span class='ocrx_word' id='word_1_35' title='bbox 1417 649 1586 704; x_wconf 89' lang='grc' dir='ltr'>διάτοι</span> <span class='ocrx_word' id='word_1_36' title='bbox 1627 650 1688 702; x_wconf 82' lang='grc' dir='ltr'>τὸ</span> <span class='ocrx_word' id='word_1_37' title='bbox 1723 648 2001 716; x_wconf 84' lang='grc' dir='ltr'>ἐγκεῖσθαι</span> 
     </span>
    </p>
   </div>
   <div class='ocr_carea' id='block_1_8' title="bbox 425 739 2003 815">
    <p class='ocr_par' dir='ltr' id='par_1_8' title="bbox 425 739 2003 815">
     <span class='ocr_line' id='line_1_8' title="bbox 425 739 2003 815; baseline -0.003 -19"><span class='ocrx_word' id='word_1_38' title='bbox 425 746 522 815; x_wconf 78' lang='grc' dir='ltr'><strong>μὲν</strong></span> <span class='ocrx_word' id='word_1_39' title='bbox 547 743 856 814; x_wconf 79' lang='grc' dir='ltr'>ὀλοτρόπως</span> <span class='ocrx_word' id='word_1_40' title='bbox 882 744 1002 806; x_wconf 86' lang='grc' dir='ltr'>ταῖς</span> <span class='ocrx_word' id='word_1_41' title='bbox 1023 741 1131 794; x_wconf 88' lang='grc' dir='ltr'><strong>τῶν</strong></span> <span class='ocrx_word' id='word_1_42' title='bbox 1155 739 1388 794; x_wconf 80' lang='grc' dir='ltr'><strong>εἰδώλων</strong></span> <span class='ocrx_word' id='word_1_43' title='bbox 1435 740 1733 811; x_wconf 78' lang='grc' dir='ltr'><strong>λατρείαις,</strong></span> <span class='ocrx_word' id='word_1_44' title='bbox 1778 739 2003 809; x_wconf 83' lang='grc' dir='ltr'>ἐπιθαρ-</span> 
     </span>
    </p>
   </div>
   <div class='ocr_carea' id='block_1_9' title="bbox 425 830 2001 905">
    <p class='ocr_par' dir='ltr' id='par_1_9' title="bbox 425 830 2001 905">
     <span class='ocr_line' id='line_1_9' title="bbox 425 830 2001 905; baseline -0.003 -17"><span class='ocrx_word' id='word_1_45' title='bbox 425 839 537 890; x_wconf 87' lang='grc' dir='ltr'>σεῖν</span> <span class='ocrx_word' id='word_1_46' title='bbox 565 836 621 889; x_wconf 82' lang='grc' dir='ltr'>δὲ</span> <span class='ocrx_word' id='word_1_47' title='bbox 656 835 891 905; x_wconf 87' lang='grc' dir='ltr'>μάλιστα</span> <span class='ocrx_word' id='word_1_48' title='bbox 930 837 997 905; x_wconf 79' lang='grc' dir='ltr'>τῇ</span> <span class='ocrx_word' id='word_1_49' title='bbox 1033 834 1192 905; x_wconf 83' lang='grc' dir='ltr'><strong>μάγῳ</strong></span> <span class='ocrx_word' id='word_1_50' title='bbox 1240 831 1428 904; x_wconf 67' lang='grc' dir='ltr'>τέχνῃ,</span> <span class='ocrx_word' id='word_1_51' title='bbox 1474 833 1693 904; x_wconf 76' lang='grc' dir='ltr'>καὶτῆς</span> <span class='ocrx_word' id='word_1_52' title='bbox 1739 831 1832 885; x_wconf 81' lang='grc' dir='ltr'>τοῦ</span> <span class='ocrx_word' id='word_1_53' title='bbox 1867 830 2001 884; x_wconf 87' lang='grc' dir='ltr'><strong>Θεοῦ</strong></span> 
     </span>
    </p>
   </div>
   <div class='ocr_carea' id='block_1_10' title="bbox 426 917 2007 993">
    <p class='ocr_par' dir='ltr' id='par_1_10' title="bbox 426 917 2007 993">
     <span class='ocr_line' id='line_1_10' title="bbox 426 917 2007 993; baseline -0.003 -17"><span class='ocrx_word' id='word_1_54' title='bbox 426 921 855 992; x_wconf 88' lang='grc' dir='ltr'>κατεπαίρεσθαι</span> <span class='ocrx_word' id='word_1_55' title='bbox 919 922 1096 993; x_wconf 78' lang='grc' dir='ltr'>δόξης,</span> <span class='ocrx_word' id='word_1_56' title='bbox 1168 917 1308 976; x_wconf 77' lang='grc' dir='ltr'>εἶναί</span> <span class='ocrx_word' id='word_1_57' title='bbox 1369 939 1427 974; x_wconf 89' lang='grc' dir='ltr'><strong>τε</strong></span> <span class='ocrx_word' id='word_1_58' title='bbox 1475 921 1584 974; x_wconf 90' lang='grc' dir='ltr'><strong>τῶν</strong></span> <span class='ocrx_word' id='word_1_59' title='bbox 1643 923 1725 974; x_wconf 77' lang='grc' dir='ltr'><strong>οτι</strong></span> <span class='ocrx_word' id='word_1_60' title='bbox 1776 920 2007 990; x_wconf 83' lang='grc' dir='ltr'>μάλιστα</span> 
     </span>
    </p>
   </div>
   <div class='ocr_carea' id='block_1_11' title="bbox 428 1009 2007 1087">
    <p class='ocr_par' dir='ltr' id='par_1_11' title="bbox 428 1009 2007 1087">
     <span class='ocr_line' id='line_1_11' title="bbox 428 1009 2007 1087; baseline -0.003 -20"><span class='ocrx_word' id='word_1_61' title='bbox 428 1015 852 1085; x_wconf 83' lang='grc' dir='ltr'><strong>πολεμιωτάτων</strong></span> <span class='ocrx_word' id='word_1_62' title='bbox 879 1017 990 1079; x_wconf 87' lang='grc' dir='ltr'>τοῖς</span> <span class='ocrx_word' id='word_1_63' title='bbox 1041 1014 1102 1079; x_wconf 78' lang='grc' dir='ltr'>ἐξ</span> <span class='ocrx_word' id='word_1_64' title='bbox 1163 1013 1400 1087; x_wconf 86' lang='grc' dir='ltr'>Ἰσραήλ.</span> <span class='ocrx_word' id='word_1_65' title='bbox 1437 1014 1548 1067; x_wconf 76' lang='grc' dir='ltr'><strong>Καὶ</strong></span> <span class='ocrx_word' id='word_1_66' title='bbox 1581 1013 1712 1082; x_wconf 81' lang='grc' dir='ltr'>γοῦν</span> <span class='ocrx_word' id='word_1_67' title='bbox 1758 1013 1847 1064; x_wconf 81' lang='grc' dir='ltr'><strong>ὅτε</strong></span> <span class='ocrx_word' id='word_1_68' title='bbox 1897 1009 2007 1064; x_wconf 86' lang='grc' dir='ltr'><strong>τῶν</strong></span> 
     </span>
    </p>
   </div>
   <div class='ocr_carea' id='block_1_12' title="bbox 428 1102 2009 1177">
    <p class='ocr_par' dir='ltr' id='par_1_12' title="bbox 428 1102 2009 1177">
     <span class='ocr_line' id='line_1_12' title="bbox 428 1102 2009 1177; baseline -0.003 -18"><span class='ocrx_word' id='word_1_69' title='bbox 428 1107 743 1174; x_wconf 76' lang='grc' dir='ltr'><strong>Αἰγυπτίων</strong></span> <span class='ocrx_word' id='word_1_70' title='bbox 786 1106 1197 1177; x_wconf 77' lang='grc' dir='ltr'>ἀπηλλαγμένοι</span> <span class='ocrx_word' id='word_1_71' title='bbox 1251 1104 1583 1169; x_wconf 77' lang='grc' dir='ltr'>πλεονεξίας,</span> <span class='ocrx_word' id='word_1_72' title='bbox 1641 1103 1735 1156; x_wconf 67' lang='grc' dir='ltr'><strong>ἐπ)⁸</strong></span> <span class='ocrx_word' id='word_1_73' title='bbox 1779 1103 1878 1174; x_wconf 65' lang='grc' dir='ltr'><strong>τὴν</strong></span> <span class='ocrx_word' id='word_1_74' title='bbox 1911 1102 2009 1171; x_wconf 80' lang='grc' dir='ltr'>τῆς</span> 
     </span>
    </p>
   </div>
   <div class='ocr_carea' id='block_1_13' title="bbox 431 1193 2010 1268">
    <p class='ocr_par' dir='ltr' id='par_1_13' title="bbox 431 1193 2010 1268">
     <span class='ocr_line' id='line_1_13' title="bbox 431 1193 2010 1268; baseline -0.004 -18"><span class='ocrx_word' id='word_1_75' title='bbox 431 1197 762 1267; x_wconf 72' lang='grc' dir='ltr'><strong>ἐπαγγελίας</strong></span> <span class='ocrx_word' id='word_1_76' title='bbox 795 1197 1041 1268; x_wconf 79' lang='grc' dir='ltr'>ἀπῄεσαν</span> <span class='ocrx_word' id='word_1_77' title='bbox 1086 1197 1211 1267; x_wconf 81' lang='grc' dir='ltr'>γῆν,</span> <span class='ocrx_word' id='word_1_78' title='bbox 1265 1196 1463 1268; x_wconf 79' lang='grc' dir='ltr'>μικροῦ</span> <span class='ocrx_word' id='word_1_79' title='bbox 1502 1197 1612 1251; x_wconf 87' lang='grc' dir='ltr'>δεῖν</span> <span class='ocrx_word' id='word_1_80' title='bbox 1653 1195 1890 1258; x_wconf 77' lang='grc' dir='ltr'>ἅπαντες</span> <span class='ocrx_word' id='word_1_81' title='bbox 1936 1193 2010 1245; x_wconf 84' lang='grc' dir='ltr'>δι-</span> 
     </span>
    </p>
   </div>
   <div class='ocr_carea' id='block_1_14' title="bbox 433 1280 2009 1359">
    <p class='ocr_par' dir='ltr' id='par_1_14' title="bbox 433 1280 2009 1359">
     <span class='ocr_line' id='line_1_14' title="bbox 433 1280 2009 1359; baseline -0.003 -19"><span class='ocrx_word' id='word_1_82' title='bbox 433 1288 686 1353; x_wconf 84' lang='grc' dir='ltr'>ολώλασι,</span> <span class='ocrx_word' id='word_1_83' title='bbox 711 1289 774 1341; x_wconf 86' lang='grc' dir='ltr'>τό</span> <span class='ocrx_word' id='word_1_84' title='bbox 810 1306 874 1358; x_wconf 88' lang='grc' dir='ltr'><strong>γε</strong></span> <span class='ocrx_word' id='word_1_85' title='bbox 897 1284 1031 1359; x_wconf 85' lang='grc' dir='ltr'>ἦκον</span> <span class='ocrx_word' id='word_1_86' title='bbox 1065 1290 1146 1351; x_wconf 87' lang='grc' dir='ltr'><strong>είς</strong></span> <span class='ocrx_word' id='word_1_87' title='bbox 1177 1289 1238 1341; x_wconf 83' lang='grc' dir='ltr'><strong>τὸ</strong></span> <span class='ocrx_word' id='word_1_88' title='bbox 1265 1289 1573 1358; x_wconf 84' lang='grc' dir='ltr'>ἐγχείρημα</span> <span class='ocrx_word' id='word_1_89' title='bbox 1615 1287 1820 1350; x_wconf 85' lang='grc' dir='ltr'>Βαλὰκ,</span> <span class='ocrx_word' id='word_1_90' title='bbox 1857 1285 1914 1348; x_wconf 83' lang='grc' dir='ltr'>ὃς</span> <span class='ocrx_word' id='word_1_91' title='bbox 1942 1280 2009 1354; x_wconf 85' lang='grc' dir='ltr'>ἦν</span> 
     </span>
    </p>
   </div>
   <div class='ocr_carea' id='block_1_15' title="bbox 434 1375 2007 1450">
    <p class='ocr_par' dir='ltr' id='par_1_15' title="bbox 434 1375 2007 1450">
     <span class='ocr_line' id='line_1_15' title="bbox 434 1375 2007 1450; baseline -0.002 -19"><span class='ocrx_word' id='word_1_92' title='bbox 434 1377 686 1447; x_wconf 82' lang='grc' dir='ltr'>βασιλεὺς</span> <span class='ocrx_word' id='word_1_93' title='bbox 711 1380 772 1432; x_wconf 88' lang='grc' dir='ltr'><strong>τὸ</strong></span> <span class='ocrx_word' id='word_1_94' title='bbox 792 1379 1044 1450; x_wconf 84' lang='grc' dir='ltr'>τηνικάδε</span> <span class='ocrx_word' id='word_1_95' title='bbox 1073 1379 1180 1432; x_wconf 92' lang='grc' dir='ltr'><strong>τῶν</strong></span> <span class='ocrx_word' id='word_1_96' title='bbox 1227 1378 1554 1433; x_wconf 79' lang='grc' dir='ltr'>Μωαϐιτῶν.</span> <span class='ocrx_word' id='word_1_97' title='bbox 1606 1378 1923 1448; x_wconf 82' lang='grc' dir='ltr'>Γέγραπται</span> <span class='ocrx_word' id='word_1_98' title='bbox 1949 1375 2007 1428; x_wconf 84' lang='grc' dir='ltr'><strong>δὲ</strong></span> 
     </span>
    </p>
   </div>
   <div class='ocr_carea' id='block_1_16' title="bbox 432 1462 2012 1537">
    <p class='ocr_par' dir='ltr' id='par_1_16' title="bbox 432 1462 2012 1537">
     <span class='ocr_line' id='line_1_16' title="bbox 432 1462 2012 1537; baseline -0.003 -17"><span class='ocrx_word' id='word_1_99' title='bbox 432 1465 605 1529; x_wconf 81' lang='grc' dir='ltr'>οὕτως</span> <span class='ocrx_word' id='word_1_100' title='bbox 635 1469 692 1520; x_wconf 90' lang='grc' dir='ltr'><strong>ἐν</strong></span> <span class='ocrx_word' id='word_1_101' title='bbox 719 1470 832 1532; x_wconf 89' lang='grc' dir='ltr'>τοῖς</span> <span class='ocrx_word' id='word_1_102' title='bbox 869 1467 1170 1537; x_wconf 78' lang='grc' dir='ltr'>Ἀριθμοῖςο</span> <span class='ocrx_word' id='word_1_103' title='bbox 1201 1484 1219 1518; x_wconf 81' lang='lat' dir='ltr'><strong>t</strong></span> <span class='ocrx_word' id='word_1_104' title='bbox 1250 1469 1360 1520; x_wconf 80' lang='grc' dir='ltr'><strong>Καὶ</strong></span> <span class='ocrx_word' id='word_1_105' title='bbox 1382 1467 1620 1529; x_wconf 75' lang='grc' dir='ltr'>ἅπαντες</span> <span class='ocrx_word' id='word_1_106' title='bbox 1653 1467 1758 1518; x_wconf 79' lang='grc' dir='ltr'>υἱοὶ</span> <span class='ocrx_word' id='word_1_107' title='bbox 1798 1462 2012 1535; x_wconf 67' lang='grc' dir='ltr'>Ἰσραὴλ</span> 
     </span>
    </p>
   </div>
   <div class='ocr_carea' id='block_1_17' title="bbox 433 1559 2011 1631">
    <p class='ocr_par' dir='ltr' id='par_1_17' title="bbox 433 1559 2011 1631">
     <span class='ocr_line' id='line_1_17' title="bbox 433 1559 2011 1631; baseline 0 -20"><span class='ocrx_word' id='word_1_108' title='bbox 433 1559 805 1630; x_wconf 79' lang='grc' dir='ltr'>παρενέϐαλον</span> <span class='ocrx_word' id='word_1_109' title='bbox 833 1561 925 1613; x_wconf 74' lang='grc' dir='ltr'><strong>ἐπὶ</strong></span> <span class='ocrx_word' id='word_1_110' title='bbox 954 1559 1174 1630; x_wconf 85' lang='grc' dir='ltr'>δυσμῶν</span> <span class='ocrx_word' id='word_1_111' title='bbox 1204 1559 1399 1625; x_wconf 69' lang='lat' dir='ltr'><strong>Mde,</strong></span> <span class='ocrx_word' id='word_1_112' title='bbox 1423 1577 1494 1612; x_wconf 85' lang='grc' dir='ltr'><strong>πα</strong></span> <span class='ocrx_word' id='word_1_113' title='bbox 1505 1559 1574 1631; x_wconf 87' lang='grc' dir='ltr'><strong>ρὰ</strong></span> <span class='ocrx_word' id='word_1_114' title='bbox 1602 1559 1690 1612; x_wconf 86' lang='grc' dir='ltr'><strong>τὸν</strong></span> <span class='ocrx_word' id='word_1_115' title='bbox 1737 1559 2011 1629; x_wconf 84' lang='grc' dir='ltr'>Ἰορδάνην</span> 
     </span>
    </p>
   </div>
   <div class='ocr_carea' id='block_1_18' title="bbox 434 1649 2014 1723">
    <p class='ocr_par' dir='ltr' id='par_1_18' title="bbox 434 1649 2014 1723">
     <span class='ocr_line' id='line_1_18' title="bbox 434 1649 2014 1723; baseline 0 -19"><span class='ocrx_word' id='word_1_116' title='bbox 434 1652 577 1705; x_wconf 82' lang='grc' dir='ltr'>κατὰ</span> <span class='ocrx_word' id='word_1_117' title='bbox 612 1651 842 1723; x_wconf 85' lang='grc' dir='ltr'>Ἱεριχώ.</span> <span class='ocrx_word' id='word_1_118' title='bbox 879 1653 990 1706; x_wconf 69' lang='grc' dir='ltr'>Καὶ</span> <span class='ocrx_word' id='word_1_119' title='bbox 1027 1651 1149 1706; x_wconf 81' lang='grc' dir='ltr'>ἰδὼν</span> <span class='ocrx_word' id='word_1_120' title='bbox 1184 1652 1367 1705; x_wconf 83' lang='grc' dir='ltr'>Βαλὰκ</span> <span class='ocrx_word' id='word_1_121' title='bbox 1400 1653 1514 1716; x_wconf 79' lang='grc' dir='ltr'>υίὸς</span> <span class='ocrx_word' id='word_1_122' title='bbox 1550 1649 1806 1722; x_wconf 81' lang='grc' dir='ltr'>Σεπφὼρ,</span> <span class='ocrx_word' id='word_1_123' title='bbox 1835 1651 2014 1704; x_wconf 81' lang='grc' dir='ltr'>πάντα</span> 
     </span>
    </p>
   </div>
   <div class='ocr_carea' id='block_1_19' title="bbox 434 1742 2011 1816">
    <p class='ocr_par' dir='ltr' id='par_1_19' title="bbox 434 1742 2011 1816">
     <span class='ocr_line' id='line_1_19' title="bbox 434 1742 2011 1816; baseline -0.001 -20"><span class='ocrx_word' id='word_1_124' title='bbox 434 1745 536 1797; x_wconf 82' lang='grc' dir='ltr'>ὅσα</span> <span class='ocrx_word' id='word_1_125' title='bbox 573 1745 827 1814; x_wconf 87' lang='grc' dir='ltr'>ἐποίησεν</span> <span class='ocrx_word' id='word_1_126' title='bbox 865 1744 1082 1815; x_wconf 79' lang='grc' dir='ltr'>Ἰσραὴλ</span> <span class='ocrx_word' id='word_1_127' title='bbox 1106 1744 1184 1814; x_wconf 86' lang='grc' dir='ltr'>τῷ</span> <span class='ocrx_word' id='word_1_128' title='bbox 1235 1745 1581 1816; x_wconf 78' lang='grc' dir='ltr'>Ἀμορραίῳ·</span> <span class='ocrx_word' id='word_1_129' title='bbox 1642 1744 1735 1796; x_wconf 72' lang='grc' dir='ltr'>καὶ</span> <span class='ocrx_word' id='word_1_130' title='bbox 1774 1742 2011 1813; x_wconf 73' lang='grc' dir='ltr'>ἐφοϐήθη</span> 
     </span>
    </p>
   </div>
   <div class='ocr_carea' id='block_1_20' title="bbox 2101 557 3672 626">
    <p class='ocr_par' dir='ltr' id='par_1_20' title="bbox 2101 557 3672 626">
     <span class='ocr_line' id='line_1_20' title="bbox 2101 557 3672 626; baseline 0.001 -15"><span class='ocrx_word' id='word_1_131' title='bbox 2101 557 2382 613; x_wconf 86' lang='lat' dir='ltr'><strong>barbarica</strong></span> <span class='ocrx_word' id='word_1_132' title='bbox 2413 559 2633 613; x_wconf 90' lang='lat' dir='ltr'><strong>fuerunt</strong></span> <span class='ocrx_word' id='word_1_133' title='bbox 2660 559 2822 613; x_wconf 87' lang='lat' dir='ltr'><strong>etiam</strong></span> <span class='ocrx_word' id='word_1_134' title='bbox 2857 558 2935 626; x_wconf 88' lang='lat' dir='ltr'><strong>bi,</strong></span> <span class='ocrx_word' id='word_1_135' title='bbox 2969 558 3077 612; x_wconf 88' lang='lat' dir='ltr'><strong>Deo</strong></span> <span class='ocrx_word' id='word_1_136' title='bbox 3109 572 3294 622; x_wconf 86' lang='lat' dir='ltr'><strong>exosa,</strong></span> <span class='ocrx_word' id='word_1_137' title='bbox 3325 559 3467 626; x_wconf 91' lang='lat' dir='ltr'><strong>quod</strong></span> <span class='ocrx_word' id='word_1_138' title='bbox 3499 560 3672 614; x_wconf 89' lang='lat' dir='ltr'><strong>idolo-</strong></span> 
     </span>
    </p>
   </div>
   <div class='ocr_carea' id='block_1_21' title="bbox 2104 650 3675 721">
    <p class='ocr_par' dir='ltr' id='par_1_21' title="bbox 2104 650 3675 721">
     <span class='ocr_line' id='line_1_21' title="bbox 2104 650 3675 721; baseline 0.001 -16"><span class='ocrx_word' id='word_1_139' title='bbox 2104 667 2222 705; x_wconf 90' lang='lat' dir='ltr'><strong>rum</strong></span> <span class='ocrx_word' id='word_1_140' title='bbox 2277 650 2445 706; x_wconf 90' lang='lat' dir='ltr'><strong>cultui</strong></span> <span class='ocrx_word' id='word_1_141' title='bbox 2510 652 2602 706; x_wconf 92' lang='lat' dir='ltr'><strong>toti</strong></span> <span class='ocrx_word' id='word_1_142' title='bbox 2658 651 3124 714; x_wconf 66' lang='lat' dir='ltr'><strong>adhaerescerent,</strong></span> <span class='ocrx_word' id='word_1_143' title='bbox 3186 650 3512 721; x_wconf 81' lang='lat' dir='ltr'><strong>magicaeque</strong></span> <span class='ocrx_word' id='word_1_144' title='bbox 3570 653 3675 706; x_wconf 87' lang='lat' dir='ltr'><strong>arti</strong></span> 
     </span>
    </p>
   </div>
   <div class='ocr_carea' id='block_1_22' title="bbox 2104 741 3679 811">
    <p class='ocr_par' dir='ltr' id='par_1_22' title="bbox 2104 741 3679 811">
     <span class='ocr_line' id='line_1_22' title="bbox 2104 741 3679 811; baseline 0.002 -17"><span class='ocrx_word' id='word_1_145' title='bbox 2104 741 2338 796; x_wconf 90' lang='lat' dir='ltr'><strong>maxime</strong></span> <span class='ocrx_word' id='word_1_146' title='bbox 2366 741 2724 806; x_wconf 86' lang='lat' dir='ltr'><strong>confiderent,</strong></span> <span class='ocrx_word' id='word_1_147' title='bbox 2757 757 2818 796; x_wconf 89' lang='lat' dir='ltr'><strong>ac</strong></span> <span class='ocrx_word' id='word_1_148' title='bbox 2843 741 3038 796; x_wconf 75' lang='lat' dir='ltr'><strong>divinae</strong></span> <span class='ocrx_word' id='word_1_149' title='bbox 3069 741 3336 810; x_wconf 88' lang='lat' dir='ltr'><strong>majestati</strong></span> <span class='ocrx_word' id='word_1_150' title='bbox 3363 755 3484 796; x_wconf 89' lang='lat' dir='ltr'><strong>sese</strong></span> <span class='ocrx_word' id='word_1_151' title='bbox 3511 757 3679 811; x_wconf 88' lang='lat' dir='ltr'><strong>oppo-</strong></span> 
     </span>
    </p>
   </div>
   <div class='ocr_carea' id='block_1_23' title="bbox 2106 832 3679 902">
    <p class='ocr_par' dir='ltr' id='par_1_23' title="bbox 2106 832 3679 902">
     <span class='ocr_line' id='line_1_23' title="bbox 2106 832 3679 902; baseline 0.001 -17"><span class='ocrx_word' id='word_1_152' title='bbox 2106 838 2317 896; x_wconf 87' lang='lat' dir='ltr'><strong>nerent,</strong></span> <span class='ocrx_word' id='word_1_153' title='bbox 2345 843 2399 887; x_wconf 88' lang='lat' dir='ltr'><strong>et</strong></span> <span class='ocrx_word' id='word_1_154' title='bbox 2426 832 2686 888; x_wconf 90' lang='lat' dir='ltr'><strong>lsraelitis</strong></span> <span class='ocrx_word' id='word_1_155' title='bbox 2716 841 2901 888; x_wconf 81' lang='lat' dir='ltr'><strong>essent</strong></span> <span class='ocrx_word' id='word_1_156' title='bbox 2928 849 3088 902; x_wconf 91' lang='lat' dir='ltr'><strong>quam</strong></span> <span class='ocrx_word' id='word_1_157' title='bbox 3124 833 3482 888; x_wconf 74' lang='lat' dir='ltr'><strong>infestissimi.</strong></span> <span class='ocrx_word' id='word_1_158' title='bbox 3512 833 3679 888; x_wconf 82' lang='lat' dir='ltr'><strong>Cum-</strong></span> 
     </span>
    </p>
   </div>
   <div class='ocr_carea' id='block_1_24' title="bbox 2107 921 3682 992">
    <p class='ocr_par' dir='ltr' id='par_1_24' title="bbox 2107 921 3682 992">
     <span class='ocr_line' id='line_1_24' title="bbox 2107 921 3682 992; baseline 0.001 -17"><span class='ocrx_word' id='word_1_159' title='bbox 2107 936 2210 990; x_wconf 88' lang='lat' dir='ltr'><strong>que</strong></span> <span class='ocrx_word' id='word_1_160' title='bbox 2236 921 2555 992; x_wconf 68' lang='lat' dir='ltr'><strong>Egyptiaca</strong></span> <span class='ocrx_word' id='word_1_161' title='bbox 2584 924 2868 992; x_wconf 84' lang='lat' dir='ltr'><strong>tyrannide</strong></span> <span class='ocrx_word' id='word_1_162' title='bbox 2899 922 3143 988; x_wconf 88' lang='lat' dir='ltr'><strong>liberati,</strong></span> <span class='ocrx_word' id='word_1_163' title='bbox 3173 923 3240 977; x_wconf 87' lang='lat' dir='ltr'><strong>ad</strong></span> <span class='ocrx_word' id='word_1_164' title='bbox 3274 932 3474 978; x_wconf 88' lang='lat' dir='ltr'><strong>terram</strong></span> <span class='ocrx_word' id='word_1_165' title='bbox 3503 924 3682 978; x_wconf 84' lang='lat' dir='ltr'><strong>venis-</strong></span> 
     </span>
    </p>
   </div>
   <div class='ocr_carea' id='block_1_25' title="bbox 2108 1014 3681 1086">
    <p class='ocr_par' dir='ltr' id='par_1_25' title="bbox 2108 1014 3681 1086">
     <span class='ocr_line' id='line_1_25' title="bbox 2108 1014 3681 1086; baseline 0.001 -17"><span class='ocrx_word' id='word_1_166' title='bbox 2108 1023 2230 1069; x_wconf 81' lang='lat' dir='ltr'><strong>sent</strong></span> <span class='ocrx_word' id='word_1_167' title='bbox 2252 1014 2648 1083; x_wconf 86' lang='lat' dir='ltr'><strong>promissionis,</strong></span> <span class='ocrx_word' id='word_1_168' title='bbox 2691 1030 2879 1084; x_wconf 91' lang='lat' dir='ltr'><strong>parum</strong></span> <span class='ocrx_word' id='word_1_169' title='bbox 2907 1016 3098 1070; x_wconf 81' lang='lat' dir='ltr'><strong>aberat</strong></span> <span class='ocrx_word' id='word_1_170' title='bbox 3130 1016 3258 1084; x_wconf 89' lang='lat' dir='ltr'><strong>quin</strong></span> <span class='ocrx_word' id='word_1_171' title='bbox 3290 1031 3478 1071; x_wconf 88' lang='lat' dir='ltr'><strong>omnes</strong></span> <span class='ocrx_word' id='word_1_172' title='bbox 3505 1017 3681 1086; x_wconf 81' lang='lat' dir='ltr'><strong>perie-</strong></span> 
     </span>
    </p>
   </div>
   <div class='ocr_carea' id='block_1_26' title="bbox 2111 1105 3682 1180">
    <p class='ocr_par' dir='ltr' id='par_1_26' title="bbox 2111 1105 3682 1180">
     <span class='ocr_line' id='line_1_26' title="bbox 2111 1105 3682 1180; baseline 0.004 -23"><span class='ocrx_word' id='word_1_173' title='bbox 2111 1105 2246 1170; x_wconf 90' lang='lat' dir='ltr'><strong>rint,</strong></span> <span class='ocrx_word' id='word_1_174' title='bbox 2279 1115 2537 1174; x_wconf 87' lang='lat' dir='ltr'><strong>quantum</strong></span> <span class='ocrx_word' id='word_1_175' title='bbox 2581 1106 2798 1174; x_wconf 86' lang='lat' dir='ltr'><strong>quidem</strong></span> <span class='ocrx_word' id='word_1_176' title='bbox 2844 1118 3068 1163; x_wconf 90' lang='lat' dir='ltr'><strong>conatus</strong></span> <span class='ocrx_word' id='word_1_177' title='bbox 3107 1108 3325 1163; x_wconf 86' lang='lat' dir='ltr'><strong>Balachi</strong></span> <span class='ocrx_word' id='word_1_178' title='bbox 3371 1120 3498 1164; x_wconf 88' lang='lat' dir='ltr'><strong>tunc</strong></span> <span class='ocrx_word' id='word_1_179' title='bbox 3540 1111 3682 1180; x_wconf 75' lang='lat' dir='ltr'><strong>regis</strong></span> 
     </span>
    </p>
   </div>
   <div class='ocr_carea' id='block_1_27' title="bbox 2113 1194 3684 1268">
    <p class='ocr_par' dir='ltr' id='par_1_27' title="bbox 2113 1194 3684 1268">
     <span class='ocr_line' id='line_1_27' title="bbox 2113 1194 3684 1268; baseline 0.004 -20"><span class='ocrx_word' id='word_1_180' title='bbox 2113 1194 2470 1251; x_wconf 85' lang='lat' dir='ltr'><strong>Moabitarum</strong></span> <span class='ocrx_word' id='word_1_181' title='bbox 2501 1198 2676 1266; x_wconf 91' lang='lat' dir='ltr'><strong>potuit</strong></span> <span class='ocrx_word' id='word_1_182' title='bbox 2705 1198 2939 1254; x_wconf 83' lang='lat' dir='ltr'><strong>etiicere.</strong></span> <span class='ocrx_word' id='word_1_183' title='bbox 2970 1199 3247 1268; x_wconf 86' lang='lat' dir='ltr'><strong>Scriptum</strong></span> <span class='ocrx_word' id='word_1_184' title='bbox 3280 1209 3366 1254; x_wconf 87' lang='lat' dir='ltr'><strong>est</strong></span> <span class='ocrx_word' id='word_1_185' title='bbox 3395 1210 3571 1255; x_wconf 89' lang='lat' dir='ltr'><strong>autem</strong></span> <span class='ocrx_word' id='word_1_186' title='bbox 3605 1201 3684 1254; x_wconf 88' lang='lat' dir='ltr'><strong>sic</strong></span> 
     </span>
    </p>
   </div>
   <div class='ocr_carea' id='block_1_28' title="bbox 2113 1285 3685 1346">
    <p class='ocr_par' dir='ltr' id='par_1_28' title="bbox 2113 1285 3685 1346">
     <span class='ocr_line' id='line_1_28' title="bbox 2113 1285 3685 1346; baseline 0.003 -6"><span class='ocrx_word' id='word_1_187' title='bbox 2113 1287 2166 1341; x_wconf 87' lang='lat' dir='ltr'><strong>in</strong></span> <span class='ocrx_word' id='word_1_188' title='bbox 2199 1285 2446 1341; x_wconf 87' lang='lat' dir='ltr'><strong>Numeris</strong></span> <span class='ocrx_word' id='word_1_189' title='bbox 2481 1300 2497 1340; x_wconf 88' lang='lat'><strong>:</strong></span> <span class='ocrx_word' id='word_1_190' title='bbox 2542 1306 2560 1340; x_wconf 85' lang='grc'><strong><em>‹</em></strong></span> <span class='ocrx_word' id='word_1_191' title='bbox 2604 1290 2667 1342; x_wconf 78' lang='lat' dir='ltr'><strong>Et</strong></span> <span class='ocrx_word' id='word_1_192' title='bbox 2701 1287 3091 1345; x_wconf 86' lang='lat' dir='ltr'><strong>descendentes</strong></span> <span class='ocrx_word' id='word_1_193' title='bbox 3133 1290 3225 1344; x_wconf 88' lang='lat' dir='ltr'><strong>lilii</strong></span> <span class='ocrx_word' id='word_1_194' title='bbox 3273 1289 3433 1345; x_wconf 90' lang='lat' dir='ltr'><strong>Israel</strong></span> <span class='ocrx_word' id='word_1_195' title='bbox 3474 1299 3685 1346; x_wconf 86' lang='lat' dir='ltr'><strong>castra—</strong></span> 
     </span>
    </p>
   </div>
   <div class='ocr_carea' id='block_1_29' title="bbox 2115 1376 3683 1449">
    <p class='ocr_par' dir='ltr' id='par_1_29' title="bbox 2115 1376 3683 1449">
     <span class='ocr_line' id='line_1_29' title="bbox 2115 1376 3683 1449; baseline 0.002 -20"><span class='ocrx_word' id='word_1_196' title='bbox 2115 1376 2298 1429; x_wconf 87' lang='lat' dir='ltr'><strong>metati</strong></span> <span class='ocrx_word' id='word_1_197' title='bbox 2339 1385 2466 1431; x_wconf 91' lang='lat' dir='ltr'><strong>sunt</strong></span> <span class='ocrx_word' id='word_1_198' title='bbox 2507 1377 2572 1430; x_wconf 91' lang='lat' dir='ltr'><strong>ad</strong></span> <span class='ocrx_word' id='word_1_199' title='bbox 2619 1377 2952 1432; x_wconf 84' lang='lat' dir='ltr'><strong>occidentem</strong></span> <span class='ocrx_word' id='word_1_200' title='bbox 2995 1377 3180 1444; x_wconf 80' lang='lat' dir='ltr'><strong>Moab,</strong></span> <span class='ocrx_word' id='word_1_201' title='bbox 3214 1381 3354 1449; x_wconf 88' lang='lat' dir='ltr'><strong>apud</strong></span> <span class='ocrx_word' id='word_1_202' title='bbox 3392 1379 3683 1434; x_wconf 77' lang='lat' dir='ltr'><strong>Jordanem</strong></span> 
     </span>
    </p>
   </div>
   <div class='ocr_carea' id='block_1_30' title="bbox 2108 1466 3682 1540">
    <p class='ocr_par' dir='ltr' id='par_1_30' title="bbox 2108 1466 3682 1540">
     <span class='ocr_line' id='line_1_30' title="bbox 2108 1466 3682 1540; baseline 0.003 -20"><span class='ocrx_word' id='word_1_203' title='bbox 2108 1467 2260 1536; x_wconf 87' lang='lat' dir='ltr'><strong>juxta</strong></span> <span class='ocrx_word' id='word_1_204' title='bbox 2308 1466 2550 1532; x_wconf 82' lang='lat' dir='ltr'><strong>Jericho,</strong></span> <span class='ocrx_word' id='word_1_205' title='bbox 2585 1477 2638 1523; x_wconf 94' lang='lat' dir='ltr'><strong>et</strong></span> <span class='ocrx_word' id='word_1_206' title='bbox 2689 1469 2876 1524; x_wconf 86' lang='lat' dir='ltr'><strong>videns</strong></span> <span class='ocrx_word' id='word_1_207' title='bbox 2922 1469 3188 1524; x_wconf 83' lang='lat' dir='ltr'><strong>Balachus</strong></span> <span class='ocrx_word' id='word_1_208' title='bbox 3233 1472 3374 1525; x_wconf 90' lang='lat' dir='ltr'><strong>lilius</strong></span> <span class='ocrx_word' id='word_1_209' title='bbox 3421 1472 3682 1540; x_wconf 83' lang='lat' dir='ltr'><strong>Sephori,</strong></span> 
     </span>
    </p>
   </div>
   <div class='ocr_carea' id='block_1_31' title="bbox 2113 1559 3688 1632">
    <p class='ocr_par' dir='ltr' id='par_1_31' title="bbox 2113 1559 3688 1632">
     <span class='ocr_line' id='line_1_31' title="bbox 2113 1559 3688 1632; baseline 0.001 -18"><span class='ocrx_word' id='word_1_210' title='bbox 2113 1575 2450 1630; x_wconf 62' lang='lat' dir='ltr'><strong>quacunque</strong></span> <span class='ocrx_word' id='word_1_211' title='bbox 2505 1559 2632 1615; x_wconf 90' lang='lat' dir='ltr'><strong>fecit</strong></span> <span class='ocrx_word' id='word_1_212' title='bbox 2688 1560 2850 1616; x_wconf 87' lang='lat' dir='ltr'><strong>Israel</strong></span> <span class='ocrx_word' id='word_1_213' title='bbox 2902 1562 3255 1622; x_wconf 66' lang='lat' dir='ltr'><strong>Amorrhaao.</strong></span> <span class='ocrx_word' id='word_1_214' title='bbox 3307 1574 3362 1618; x_wconf 91' lang='lat' dir='ltr'><strong>et</strong></span> <span class='ocrx_word' id='word_1_215' title='bbox 3410 1565 3688 1632; x_wconf 86' lang='lat' dir='ltr'><strong>pertimuit</strong></span> 
     </span>
    </p>
   </div>
   <div class='ocr_carea' id='block_1_32' title="bbox 2117 1651 3689 1722">
    <p class='ocr_par' dir='ltr' id='par_1_32' title="bbox 2117 1651 3689 1722">
     <span class='ocr_line' id='line_1_32' title="bbox 2117 1651 3689 1722; baseline 0.002 -19"><span class='ocrx_word' id='word_1_216' title='bbox 2117 1651 2270 1705; x_wconf 85' lang='lat' dir='ltr'><strong>Moab</strong></span> <span class='ocrx_word' id='word_1_217' title='bbox 2310 1651 2565 1722; x_wconf 90' lang='lat' dir='ltr'><strong>populum</strong></span> <span class='ocrx_word' id='word_1_218' title='bbox 2603 1651 2785 1718; x_wconf 86' lang='lat' dir='ltr'><strong>valde,</strong></span> <span class='ocrx_word' id='word_1_219' title='bbox 2818 1653 2942 1722; x_wconf 84' lang='lat' dir='ltr'><strong>quia</strong></span> <span class='ocrx_word' id='word_1_220' title='bbox 2979 1652 3129 1708; x_wconf 91' lang='lat' dir='ltr'><strong>multi</strong></span> <span class='ocrx_word' id='word_1_221' title='bbox 3172 1662 3328 1708; x_wconf 86' lang='lat' dir='ltr'><strong>erant</strong></span> <span class='ocrx_word' id='word_1_222' title='bbox 3367 1672 3380 1707; x_wconf 90' lang='lat'><strong>:</strong></span> <span class='ocrx_word' id='word_1_223' title='bbox 3422 1664 3472 1708; x_wconf 89' lang='lat' dir='ltr'><strong>et</strong></span> <span class='ocrx_word' id='word_1_224' title='bbox 3510 1655 3689 1708; x_wconf 88' lang='lat' dir='ltr'><strong>timuit</strong></span> 
     </span>
    </p>
   </div>
   <div class='ocr_carea' id='block_1_33' title="bbox 2119 1728 3686 1816">
    <p class='ocr_par' dir='ltr' id='par_1_33' title="bbox 2119 1728 3686 1816">
     <span class='ocr_line' id='line_1_33' title="bbox 2119 1728 3686 1816; baseline 0.001 -21"><span class='ocrx_word' id='word_1_225' title='bbox 2119 1728 2273 1796; x_wconf 87' lang='lat' dir='ltr'><strong>Moab</strong></span> <span class='ocrx_word' id='word_1_226' title='bbox 2307 1758 2336 1796; x_wconf 89' lang='lat' dir='ltr'><strong>a</strong></span> <span class='ocrx_word' id='word_1_227' title='bbox 2372 1741 2508 1797; x_wconf 87' lang='lat' dir='ltr'><strong>facie</strong></span> <span class='ocrx_word' id='word_1_228' title='bbox 2543 1743 2778 1798; x_wconf 85' lang='lat' dir='ltr'><strong>ﬁliorum</strong></span> <span class='ocrx_word' id='word_1_229' title='bbox 2813 1743 2978 1816; x_wconf 90' lang='lat' dir='ltr'><strong>lsrael</strong></span> <span class='ocrx_word' id='word_1_230' title='bbox 3006 1743 3070 1797; x_wconf 81' lang='grc'><strong>¹⁸.</strong></span> <span class='ocrx_word' id='word_1_231' title='bbox 3112 1761 3130 1796; x_wconf 75' lang='grc' dir='ltr'><strong>ι</strong></span> <span class='ocrx_word' id='word_1_232' title='bbox 3173 1743 3377 1800; x_wconf 83' lang='lat' dir='ltr'><strong>Deinde</strong></span> <span class='ocrx_word' id='word_1_233' title='bbox 3412 1761 3529 1814; x_wconf 47' lang='lat' dir='ltr'><strong>quae.</strong></span> <span class='ocrx_word' id='word_1_234' title='bbox 3567 1755 3686 1799; x_wconf 85' lang='lat' dir='ltr'><strong>tan-</strong></span> 
     </span>
    </p>
   </div>
   <div class='ocr_carea' id='block_1_34' title="bbox 437 1818 2026 1906">
    <p class='ocr_par' dir='ltr' id='par_1_34' title="bbox 437 1830 2014 1906">
     <span class='ocr_line' id='line_1_34' title="bbox 437 1830 2014 1906; baseline -0.003 -18"><span class='ocrx_word' id='word_1_235' title='bbox 437 1835 610 1888; x_wconf 78' lang='grc' dir='ltr'>Μωὰδ</span> <span class='ocrx_word' id='word_1_236' title='bbox 643 1836 732 1888; x_wconf 78' lang='grc' dir='ltr'>τὸν</span> <span class='ocrx_word' id='word_1_237' title='bbox 749 1835 874 1888; x_wconf 84' lang='grc' dir='ltr'>λαὸν</span> <span class='ocrx_word' id='word_1_238' title='bbox 905 1835 1131 1906; x_wconf 70' lang='grc' dir='ltr'>σφόδρα,</span> <span class='ocrx_word' id='word_1_239' title='bbox 1163 1837 1244 1888; x_wconf 83' lang='grc' dir='ltr'><strong>ὅτι</strong></span> <span class='ocrx_word' id='word_1_240' title='bbox 1266 1835 1448 1888; x_wconf 76' lang='grc' dir='ltr'>πολλοὶ</span> <span class='ocrx_word' id='word_1_241' title='bbox 1479 1830 1638 1905; x_wconf 77' lang='grc' dir='ltr'>ἦσαν.</span> <span class='ocrx_word' id='word_1_242' title='bbox 1694 1833 1805 1888; x_wconf 83' lang='lat' dir='ltr'><strong>Ka‘t</strong></span> <span class='ocrx_word' id='word_1_243' title='bbox 1847 1849 2014 1903; x_wconf 80' lang='grc' dir='ltr'>προσ-</span> 
     </span>
    </p>
   </div>
   <div class='ocr_carea' id='block_1_35' title="bbox 2129 1818 3690 1906">
    <p class='ocr_par' dir='ltr' id='par_1_35' title="bbox 2129 1833 3690 1902">
     <span class='ocr_line' id='line_1_35' title="bbox 2129 1833 3690 1902; baseline 0.003 -16"><span class='ocrx_word' id='word_1_244' title='bbox 2129 1834 2241 1888; x_wconf 82' lang='lat' dir='ltr'><strong>dem</strong></span> <span class='ocrx_word' id='word_1_245' title='bbox 2269 1833 2385 1902; x_wconf 86' lang='lat' dir='ltr'><strong>ejus</strong></span> <span class='ocrx_word' id='word_1_246' title='bbox 2412 1834 2510 1889; x_wconf 90' lang='lat' dir='ltr'><strong>fuit</strong></span> <span class='ocrx_word' id='word_1_247' title='bbox 2536 1835 2896 1891; x_wconf 86' lang='lat' dir='ltr'><strong>machinatio?</strong></span> <span class='ocrx_word' id='word_1_248' title='bbox 2922 1836 3259 1892; x_wconf 83' lang='lat' dir='ltr'><strong>Conductum</strong></span> <span class='ocrx_word' id='word_1_249' title='bbox 3286 1837 3595 1892; x_wconf 83' lang='lat' dir='ltr'><strong>Balaamum</strong></span> <span class='ocrx_word' id='word_1_250' title='bbox 3621 1853 3690 1891; x_wconf 86' lang='lat' dir='ltr'><strong>ex</strong></span> 
     </span>
    </p>
   </div>
   <div class='ocr_carea' id='block_1_36' title="bbox 435 1923 2014 1999">
    <p class='ocr_par' dir='ltr' id='par_1_36' title="bbox 435 1923 2014 1999">
     <span class='ocr_line' id='line_1_36' title="bbox 435 1923 2014 1999; baseline 0 -19"><span class='ocrx_word' id='word_1_251' title='bbox 435 1926 637 1997; x_wconf 79' lang='grc' dir='ltr'>ώχθισε</span> <span class='ocrx_word' id='word_1_252' title='bbox 689 1927 863 1981; x_wconf 81' lang='grc' dir='ltr'>Μωὰϐ</span> <span class='ocrx_word' id='word_1_253' title='bbox 911 1928 976 1980; x_wconf 91' lang='grc' dir='ltr'><strong>ἐκ</strong></span> <span class='ocrx_word' id='word_1_254' title='bbox 1016 1925 1310 1999; x_wconf 83' lang='grc' dir='ltr'>προσώπου</span> <span class='ocrx_word' id='word_1_255' title='bbox 1371 1929 1503 1982; x_wconf 85' lang='grc' dir='ltr'>υίῶν</span> <span class='ocrx_word' id='word_1_256' title='bbox 1553 1927 1786 1998; x_wconf 84' lang='grc' dir='ltr'>Ἰσραήλ.</span> <span class='ocrx_word' id='word_1_257' title='bbox 1825 1946 1842 1977; x_wconf 79' lang='grc' dir='ltr'><strong>ι</strong></span> <span class='ocrx_word' id='word_1_258' title='bbox 1883 1923 2014 1980; x_wconf 76' lang='grc' dir='ltr'>Εἶτα</span> 
     </span>
    </p>
   </div>
   <div class='ocr_carea' id='block_1_37' title="bbox 437 2018 2015 2092">
    <p class='ocr_par' dir='ltr' id='par_1_37' title="bbox 437 2018 2015 2092">
     <span class='ocr_line' id='line_1_37' title="bbox 437 2018 2015 2092; baseline 0 -21"><span class='ocrx_word' id='word_1_259' title='bbox 437 2023 593 2074; x_wconf 77' lang='grc' dir='ltr'>ποῖον</span> <span class='ocrx_word' id='word_1_260' title='bbox 635 2021 783 2092; x_wconf 85' lang='grc' dir='ltr'><strong>αὺτῷ</strong></span> <span class='ocrx_word' id='word_1_261' title='bbox 829 2020 1021 2090; x_wconf 86' lang='grc' dir='ltr'>γέγονε</span> <span class='ocrx_word' id='word_1_262' title='bbox 1052 2019 1113 2072; x_wconf 87' lang='grc' dir='ltr'><strong>τὸ</strong></span> <span class='ocrx_word' id='word_1_263' title='bbox 1161 2019 1557 2091; x_wconf 87' lang='grc' dir='ltr'>κακούργημα;</span> <span class='ocrx_word' id='word_1_264' title='bbox 1603 2018 2015 2091; x_wconf 81' lang='grc' dir='ltr'>Κατεμισθούτο</span> 
     </span>
    </p>
   </div>
   <div class='ocr_carea' id='block_1_38' title="bbox 436 2108 2014 2181">
    <p class='ocr_par' dir='ltr' id='par_1_38' title="bbox 436 2108 2014 2181">
     <span class='ocr_line' id='line_1_38' title="bbox 436 2108 2014 2181; baseline -0.003 -17"><span class='ocrx_word' id='word_1_265' title='bbox 436 2111 530 2164; x_wconf 85' lang='grc' dir='ltr'><strong>τὸν</strong></span> <span class='ocrx_word' id='word_1_266' title='bbox 587 2109 817 2181; x_wconf 86' lang='grc' dir='ltr'>Βαλαὰμ</span> <span class='ocrx_word' id='word_1_267' title='bbox 847 2112 911 2162; x_wconf 89' lang='grc' dir='ltr'><strong>ἐκ</strong></span> <span class='ocrx_word' id='word_1_268' title='bbox 940 2112 1038 2180; x_wconf 82' lang='grc' dir='ltr'>τῆς</span> <span class='ocrx_word' id='word_1_269' title='bbox 1071 2110 1532 2180; x_wconf 81' lang='grc' dir='ltr'>Μεσοποταμίας’</span> <span class='ocrx_word' id='word_1_270' title='bbox 1567 2109 1924 2181; x_wconf 77' lang='grc' dir='ltr'>ψευδόμαντις</span> <span class='ocrx_word' id='word_1_271' title='bbox 1960 2108 2014 2160; x_wconf 79' lang='grc' dir='ltr'>δὲ</span> 
     </span>
    </p>
   </div>
   <div class='ocr_carea' id='block_1_39' title="bbox 438 2198 2012 2273">
    <p class='ocr_par' dir='ltr' id='par_1_39' title="bbox 438 2198 2012 2273">
     <span class='ocr_line' id='line_1_39' title="bbox 438 2198 2012 2273; baseline -0.001 -17"><span class='ocrx_word' id='word_1_272' title='bbox 438 2199 593 2266; x_wconf 73' lang='grc' dir='ltr'>οὗτος</span> <span class='ocrx_word' id='word_1_273' title='bbox 642 2204 738 2257; x_wconf 74' lang='grc' dir='ltr'>καὶ</span> <span class='ocrx_word' id='word_1_274' title='bbox 790 2202 1184 2265; x_wconf 84' lang='grc' dir='ltr'>οίωνοσκόπος·</span> <span class='ocrx_word' id='word_1_275' title='bbox 1230 2198 1350 2254; x_wconf 73' lang='grc' dir='ltr'>εἶτα</span> <span class='ocrx_word' id='word_1_276' title='bbox 1412 2202 1740 2273; x_wconf 88' lang='grc' dir='ltr'>παρακαλεῖ,</span> <span class='ocrx_word' id='word_1_277' title='bbox 1792 2202 1964 2269; x_wconf 88' lang='grc' dir='ltr'>λέγων</span> <span class='ocrx_word' id='word_1_278' title='bbox 1998 2217 2012 2232; x_wconf 84' lang='grc'><em>’</em></span> 
     </span>
    </p>
   </div>
   <div class='ocr_carea' id='block_1_40' title="bbox 454 2287 2016 2373">
    <p class='ocr_par' dir='ltr' id='par_1_40' title="bbox 454 2287 2016 2373">
     <span class='ocr_line' id='line_1_40' title="bbox 454 2287 2016 2373; baseline -0.003 -23"><span class='ocrx_word' id='word_1_279' title='bbox 454 2295 758 2368; x_wconf 84' lang='grc' dir='ltr'>Ἐπὰρασαί</span> <span class='ocrx_word' id='word_1_280' title='bbox 799 2301 889 2366; x_wconf 85' lang='grc' dir='ltr'><strong>μοι</strong></span> <span class='ocrx_word' id='word_1_281' title='bbox 915 2294 1007 2348; x_wconf 84' lang='grc' dir='ltr'><strong>τὸν</strong></span> <span class='ocrx_word' id='word_1_282' title='bbox 1049 2292 1285 2373; x_wconf 84' lang='grc' dir='ltr'>Ἰσραήλ.</span> <span class='ocrx_word' id='word_1_283' title='bbox 1344 2287 1475 2345; x_wconf 76' lang='grc' dir='ltr'>Οἶδα</span> <span class='ocrx_word' id='word_1_284' title='bbox 1508 2292 1638 2363; x_wconf 86' lang='grc' dir='ltr'>γὰρ,</span> <span class='ocrx_word' id='word_1_285' title='bbox 1695 2293 1880 2363; x_wconf 72' lang='grc' dir='ltr'>φησὶν,</span> <span class='ocrx_word' id='word_1_286' title='bbox 1936 2293 2016 2346; x_wconf 87' lang='grc' dir='ltr'><strong>ὄτι</strong></span> 
     </span>
    </p>
   </div>
   <div class='ocr_carea' id='block_1_41' title="bbox 441 2379 2017 2458">
    <p class='ocr_par' dir='ltr' id='par_1_41' title="bbox 441 2379 2017 2458">
     <span class='ocr_line' id='line_1_41' title="bbox 441 2379 2017 2458; baseline -0.003 -16"><span class='ocrx_word' id='word_1_287' title='bbox 441 2379 536 2450; x_wconf 71' lang='grc' dir='ltr'><strong>οὓς</strong></span> <span class='ocrx_word' id='word_1_288' title='bbox 583 2389 649 2442; x_wconf 84' lang='grc' dir='ltr'>ἂν</span> <span class='ocrx_word' id='word_1_289' title='bbox 690 2388 753 2441; x_wconf 75' lang='grc' dir='ltr'><strong>σὺ</strong></span> <span class='ocrx_word' id='word_1_290' title='bbox 805 2387 1122 2458; x_wconf 70' lang='grc' dir='ltr'><strong>ιεὺλογήσηςι</strong></span> <span class='ocrx_word' id='word_1_291' title='bbox 1182 2385 1531 2456; x_wconf 77' lang='grc' dir='ltr'>ηὐλόγηνται,</span> <span class='ocrx_word' id='word_1_292' title='bbox 1574 2386 1668 2438; x_wconf 79' lang='grc' dir='ltr'>καὶ</span> <span class='ocrx_word' id='word_1_293' title='bbox 1702 2383 1794 2449; x_wconf 80' lang='grc' dir='ltr'><strong>οὓς</strong></span> <span class='ocrx_word' id='word_1_294' title='bbox 1848 2384 1914 2438; x_wconf 86' lang='grc' dir='ltr'>ἂν</span> <span class='ocrx_word' id='word_1_295' title='bbox 1953 2386 2017 2437; x_wconf 78' lang='grc' dir='ltr'><strong>σὺ</strong></span> 
     </span>
    </p>
   </div>
   <div class='ocr_carea' id='block_1_42' title="bbox 442 2479 2019 2552">
    <p class='ocr_par' dir='ltr' id='par_1_42' title="bbox 442 2479 2019 2552">
     <span class='ocr_line' id='line_1_42' title="bbox 442 2479 2019 2552; baseline -0.001 -18"><span class='ocrx_word' id='word_1_296' title='bbox 442 2480 752 2552; x_wconf 74' lang='grc' dir='ltr'>καταράτῃ,</span> <span class='ocrx_word' id='word_1_297' title='bbox 792 2482 1217 2551; x_wconf 86' lang='grc' dir='ltr'>κεκατήρανται.</span> <span class='ocrx_word' id='word_1_298' title='bbox 1266 2480 1377 2538; x_wconf 79' lang='lat' dir='ltr'><strong>Kal.</strong></span> <span class='ocrx_word' id='word_1_299' title='bbox 1405 2480 1454 2531; x_wconf 87' lang='grc' dir='ltr'>οἱ</span> <span class='ocrx_word' id='word_1_300' title='bbox 1488 2479 1587 2550; x_wconf 84' lang='grc' dir='ltr'><strong>μὲν</strong></span> <span class='ocrx_word' id='word_1_301' title='bbox 1624 2479 1724 2549; x_wconf 81' lang='grc' dir='ltr'>τῆς</span> <span class='ocrx_word' id='word_1_302' title='bbox 1769 2479 2019 2549; x_wconf 82' lang='grc' dir='ltr'>γοητείας</span> 
     </span>
    </p>
   </div>
   <div class='ocr_carea' id='block_1_43' title="bbox 443 2571 2022 2645">
    <p class='ocr_par' dir='ltr' id='par_1_43' title="bbox 443 2571 2022 2645">
     <span class='ocr_line' id='line_1_43' title="bbox 443 2571 2022 2645; baseline -0.002 -19"><span class='ocrx_word' id='word_1_303' title='bbox 443 2573 776 2645; x_wconf 81' lang='grc' dir='ltr'>ἐπράττοντο</span> <span class='ocrx_word' id='word_1_304' title='bbox 813 2573 938 2643; x_wconf 88' lang='grc' dir='ltr'>παρ’</span> <span class='ocrx_word' id='word_1_305' title='bbox 985 2571 1193 2625; x_wconf 84' lang='grc' dir='ltr'>ἐκείνου</span> <span class='ocrx_word' id='word_1_306' title='bbox 1231 2572 1445 2644; x_wconf 86' lang='grc' dir='ltr'>τρόποι,</span> <span class='ocrx_word' id='word_1_307' title='bbox 1478 2571 1675 2642; x_wconf 82' lang='grc' dir='ltr'>βωμῶν</span> <span class='ocrx_word' id='word_1_308' title='bbox 1703 2588 1763 2624; x_wconf 91' lang='grc' dir='ltr'><strong>τε</strong></span> <span class='ocrx_word' id='word_1_309' title='bbox 1797 2573 2022 2642; x_wconf 90' lang='grc' dir='ltr'>ἐγηγερ-</span> 
     </span>
    </p>
   </div>
   <div class='ocr_carea' id='block_1_44' title="bbox 447 2664 2022 2736">
    <p class='ocr_par' dir='ltr' id='par_1_44' title="bbox 447 2664 2022 2736">
     <span class='ocr_line' id='line_1_44' title="bbox 447 2664 2022 2736; baseline -0.002 -16"><span class='ocrx_word' id='word_1_310' title='bbox 447 2667 646 2736; x_wconf 85' lang='grc' dir='ltr'>μένων.</span> <span class='ocrx_word' id='word_1_311' title='bbox 674 2665 768 2718; x_wconf 75' lang='grc' dir='ltr'>καὶ</span> <span class='ocrx_word' id='word_1_312' title='bbox 810 2664 1008 2719; x_wconf 86' lang='grc' dir='ltr'>θυσιῶν</span> <span class='ocrx_word' id='word_1_313' title='bbox 1062 2665 1643 2736; x_wconf 84' lang='grc' dir='ltr'>προσκεκομισμένων.</span> <span class='ocrx_word' id='word_1_314' title='bbox 1697 2664 2022 2734; x_wconf 78' lang='grc' dir='ltr'>Ἐσφάλλετο</span> 
     </span>
    </p>
   </div>
   <div class='ocr_carea' id='block_1_45' title="bbox 444 2755 2023 2830">
    <p class='ocr_par' dir='ltr' id='par_1_45' title="bbox 444 2755 2023 2830">
     <span class='ocr_line' id='line_1_45' title="bbox 444 2755 2023 2830; baseline -0.001 -19"><span class='ocrx_word' id='word_1_315' title='bbox 444 2760 504 2814; x_wconf 76' lang='grc' dir='ltr'>δὲ</span> <span class='ocrx_word' id='word_1_316' title='bbox 527 2762 625 2830; x_wconf 80' lang='grc' dir='ltr'>τῆς</span> <span class='ocrx_word' id='word_1_317' title='bbox 643 2757 859 2820; x_wconf 75' lang='grc' dir='ltr'>ἐλπίδος</span> <span class='ocrx_word' id='word_1_318' title='bbox 886 2757 914 2809; x_wconf 92' lang='lat'><strong>6</strong></span> <span class='ocrx_word' id='word_1_319' title='bbox 937 2756 1140 2821; x_wconf 84' lang='grc' dir='ltr'>Βαλὰκ,</span> <span class='ocrx_word' id='word_1_320' title='bbox 1167 2755 1262 2809; x_wconf 69' lang='grc' dir='ltr'>καὶ</span> <span class='ocrx_word' id='word_1_321' title='bbox 1292 2755 1400 2809; x_wconf 81' lang='grc' dir='ltr'><strong>τῶν</strong></span> <span class='ocrx_word' id='word_1_322' title='bbox 1432 2755 1572 2808; x_wconf 88' lang='grc' dir='ltr'>κατὰ</span> <span class='ocrx_word' id='word_1_323' title='bbox 1591 2755 1812 2827; x_wconf 84' lang='grc' dir='ltr'>γνώμην</span> <span class='ocrx_word' id='word_1_324' title='bbox 1844 2756 2023 2828; x_wconf 81' lang='grc' dir='ltr'>ἡμάρ-</span> 
     </span>
    </p>
   </div>
   <div class='ocr_carea' id='block_1_46' title="bbox 447 2849 2024 2922">
    <p class='ocr_par' dir='ltr' id='par_1_46' title="bbox 447 2849 2024 2922">
     <span class='ocr_line' id='line_1_46' title="bbox 447 2849 2024 2922; baseline -0.003 -18"><span class='ocrx_word' id='word_1_325' title='bbox 447 2867 636 2922; x_wconf 81' lang='grc' dir='ltr'>τηκεν,</span> <span class='ocrx_word' id='word_1_326' title='bbox 669 2849 1011 2918; x_wconf 76' lang='grc' dir='ltr'>εὐλογοῦντος</span> <span class='ocrx_word' id='word_1_327' title='bbox 1041 2849 1316 2918; x_wconf 85' lang='grc' dir='ltr'>ἀδοκήτως</span> <span class='ocrx_word' id='word_1_328' title='bbox 1353 2849 1443 2900; x_wconf 80' lang='grc' dir='ltr'>τὸν</span> <span class='ocrx_word' id='word_1_329' title='bbox 1474 2849 1685 2918; x_wconf 81' lang='grc' dir='ltr'>Ἰσραὴλ</span> <span class='ocrx_word' id='word_1_330' title='bbox 1709 2849 1800 2900; x_wconf 80' lang='grc' dir='ltr'>τοῦ</span> <span class='ocrx_word' id='word_1_331' title='bbox 1849 2865 2024 2919; x_wconf 88' lang='grc' dir='ltr'>παρα-</span> 
     </span>
    </p>
   </div>
   <div class='ocr_carea' id='block_1_47' title="bbox 452 2937 2024 3010">
    <p class='ocr_par' dir='ltr' id='par_1_47' title="bbox 452 2937 2024 3010">
     <span class='ocr_line' id='line_1_47' title="bbox 452 2937 2024 3010; baseline -0.002 -16"><span class='ocrx_word' id='word_1_332' title='bbox 452 2941 762 3009; x_wconf 77' lang='grc' dir='ltr'>λειφθέντος</span> <span class='ocrx_word' id='word_1_333' title='bbox 794 2943 870 3004; x_wconf 78' lang='grc' dir='ltr'><strong>εἰς</strong></span> <span class='ocrx_word' id='word_1_334' title='bbox 896 2941 956 2993; x_wconf 84' lang='grc' dir='ltr'>τὸ</span> <span class='ocrx_word' id='word_1_335' title='bbox 994 2937 1415 3008; x_wconf 85' lang='grc' dir='ltr'>παραράσασθαι</span> <span class='ocrx_word' id='word_1_336' title='bbox 1445 2938 1574 2991; x_wconf 79' lang='grc' dir='ltr'>δεῖν.</span> <span class='ocrx_word' id='word_1_337' title='bbox 1622 2939 1838 3010; x_wconf 79' lang='grc' dir='ltr'>Ἐπειδὴ</span> <span class='ocrx_word' id='word_1_338' title='bbox 1866 2939 1920 2991; x_wconf 85' lang='grc' dir='ltr'><strong>δέ</strong></span> <span class='ocrx_word' id='word_1_339' title='bbox 1944 2941 2024 3002; x_wconf 87' lang='grc' dir='ltr'><strong>είς</strong></span> 
     </span>
    </p>
   </div>
   <div class='ocr_carea' id='block_1_48' title="bbox 452 3029 2021 3104">
    <p class='ocr_par' dir='ltr' id='par_1_48' title="bbox 452 3029 2021 3104">
     <span class='ocr_line' id='line_1_48' title="bbox 452 3029 2021 3104; baseline -0.003 -18"><span class='ocrx_word' id='word_1_340' title='bbox 452 3034 515 3086; x_wconf 77' lang='grc' dir='ltr'>τὸ</span> <span class='ocrx_word' id='word_1_341' title='bbox 548 3035 678 3104; x_wconf 76' lang='grc' dir='ltr'>παρ’</span> <span class='ocrx_word' id='word_1_342' title='bbox 731 3033 948 3093; x_wconf 78' lang='grc' dir='ltr'>ἐλπίδας</span> <span class='ocrx_word' id='word_1_343' title='bbox 1007 3030 1306 3100; x_wconf 73' lang='grc' dir='ltr'>ἐκϐέϐηκεν</span> <span class='ocrx_word' id='word_1_344' title='bbox 1377 3029 1525 3099; x_wconf 80' lang='grc' dir='ltr'>αὑτῷ</span> <span class='ocrx_word' id='word_1_345' title='bbox 1579 3030 1639 3082; x_wconf 88' lang='grc' dir='ltr'><strong>τὸ</strong></span> <span class='ocrx_word' id='word_1_346' title='bbox 1695 3030 2021 3102; x_wconf 86' lang='grc' dir='ltr'>ἐγχείρημα,</span> 
     </span>
    </p>
   </div>
   <div class='ocr_carea' id='block_1_49' title="bbox 451 3118 2024 3191">
    <p class='ocr_par' dir='ltr' id='par_1_49' title="bbox 451 3118 2024 3191">
     <span class='ocr_line' id='line_1_49' title="bbox 451 3118 2024 3191; baseline -0.003 -17"><span class='ocrx_word' id='word_1_347' title='bbox 451 3124 612 3176; x_wconf 80' lang='grc' dir='ltr'>πάλιν</span> <span class='ocrx_word' id='word_1_348' title='bbox 648 3121 819 3191; x_wconf 82' lang='grc' dir='ltr'>ἑτέρῳ</span> <span class='ocrx_word' id='word_1_349' title='bbox 857 3121 1063 3190; x_wconf 86' lang='grc' dir='ltr'>μέτεισι</span> <span class='ocrx_word' id='word_1_350' title='bbox 1097 3118 1282 3188; x_wconf 83' lang='grc' dir='ltr'>τρόπῳ</span> <span class='ocrx_word' id='word_1_351' title='bbox 1318 3118 1414 3188; x_wconf 77' lang='grc' dir='ltr'>τῆς</span> <span class='ocrx_word' id='word_1_352' title='bbox 1443 3119 1558 3171; x_wconf 79' lang='grc' dir='ltr'>κατ’</span> <span class='ocrx_word' id='word_1_353' title='bbox 1583 3118 1762 3171; x_wconf 72' lang='grc' dir='ltr'>αὐτῶν</span> <span class='ocrx_word' id='word_1_354' title='bbox 1799 3119 2024 3188; x_wconf 71' lang='grc' dir='ltr'>δυστροο</span> 
     </span>
    </p>
   </div>
   <div class='ocr_carea' id='block_1_50' title="bbox 451 3171 2097 3284">
    <p class='ocr_par' dir='ltr' id='par_1_50' title="bbox 451 3171 2097 3284">
     <span class='ocr_line' id='line_1_50' title="bbox 451 3171 2097 3284; baseline 0.002 -25"><span class='ocrx_word' id='word_1_355' title='bbox 451 3171 672 3278; x_wconf 30' lang='grc' dir='ltr'>-τδ</span> <span class='ocrx_word' id='word_1_356' title='bbox 691 3171 922 3284; x_wconf 49' lang='grc' dir='ltr'><strong>⁷γξρῖλμία.</strong></span> <span class='ocrx_word' id='word_1_357' title='bbox 974 3171 1349 3280; x_wconf 70' lang='grc' dir='ltr'>Σεσαγήνευκε</span> <span class='ocrx_word' id='word_1_358' title='bbox 1372 3171 1484 3279; x_wconf 72' lang='grc' dir='ltr'><strong>⁸γέιρ</strong></span> <span class='ocrx_word' id='word_1_359' title='bbox 1525 3211 1650 3272; x_wconf 74' lang='grc' dir='ltr'>τοὺς</span> <span class='ocrx_word' id='word_1_360' title='bbox 1695 3209 1755 3274; x_wconf 80' lang='grc' dir='ltr'><strong>ἐξ</strong></span> <span class='ocrx_word' id='word_1_361' title='bbox 1789 3171 2026 3281; x_wconf 47' lang='grc' dir='ltr'>Ἱσραῖηλ,</span> <span class='ocrx_word' id='word_1_362' title='bbox 2054 3171 2097 3228; x_wconf 77' lang='lat' dir='ltr'>C</span> 
     </span>
    </p>
   </div>
   <div class='ocr_carea' id='block_1_51' title="bbox 451 3301 2031 3374">
    <p class='ocr_par' dir='ltr' id='par_1_51' title="bbox 451 3301 2031 3374">
     <span class='ocr_line' id='line_1_51' title="bbox 451 3301 2031 3374; baseline -0.002 -15"><span class='ocrx_word' id='word_1_363' title='bbox 451 3309 571 3369; x_wconf 85' lang='grc' dir='ltr'>ταῖς</span> <span class='ocrx_word' id='word_1_364' title='bbox 597 3305 706 3357; x_wconf 87' lang='grc' dir='ltr'><strong>τῶν</strong></span> <span class='ocrx_word' id='word_1_365' title='bbox 745 3301 1016 3372; x_wconf 88' lang='grc' dir='ltr'>γυναικῶν</span> <span class='ocrx_word' id='word_1_366' title='bbox 1047 3301 1217 3373; x_wconf 84' lang='grc' dir='ltr'>ὥραις</span> <span class='ocrx_word' id='word_1_367' title='bbox 1243 3301 1730 3374; x_wconf 81' lang='grc' dir='ltr'>συνηρπασμένους</span> <span class='ocrx_word' id='word_1_368' title='bbox 1760 3301 1852 3354; x_wconf 85' lang='grc' dir='ltr'><strong>ἐπί</strong></span> <span class='ocrx_word' id='word_1_369' title='bbox 1881 3319 1944 3370; x_wconf 87' lang='grc' dir='ltr'><strong>γε</strong></span> <span class='ocrx_word' id='word_1_370' title='bbox 1971 3303 2031 3356; x_wconf 82' lang='grc' dir='ltr'><strong>τὸ</strong></span> 
     </span>
    </p>
   </div>
   <div class='ocr_carea' id='block_1_52' title="bbox 452 3393 2034 3469">
    <p class='ocr_par' dir='ltr' id='par_1_52' title="bbox 452 3393 2034 3469">
     <span class='ocr_line' id='line_1_52' title="bbox 452 3393 2034 3469; baseline -0.013 -5"><span class='ocrx_word' id='word_1_371' title='bbox 452 3397 761 3469; x_wconf 74' lang='grc' dir='ltr'>κρῆναιτῆς</span> <span class='ocrx_word' id='word_1_372' title='bbox 780 3396 915 3467; x_wconf 84' lang='grc' dir='ltr'>πρὸς</span> <span class='ocrx_word' id='word_1_373' title='bbox 941 3393 1073 3447; x_wconf 80' lang='grc' dir='ltr'>Θεὸν</span> <span class='ocrx_word' id='word_1_374' title='bbox 1090 3393 1308 3464; x_wconf 82' lang='grc' dir='ltr'>ἀγάπης</span> <span class='ocrx_word' id='word_1_375' title='bbox 1340 3394 1662 3464; x_wconf 76' lang='grc' dir='ltr'>ἁποφοιτᾷν,</span> <span class='ocrx_word' id='word_1_376' title='bbox 1691 3393 1786 3446; x_wconf 74' lang='grc' dir='ltr'>καὶ</span> <span class='ocrx_word' id='word_1_377' title='bbox 1802 3411 2034 3465; x_wconf 83' lang='grc' dir='ltr'>προσκυ-</span> 
     </span>
    </p>
   </div>
   <div class='ocr_carea' id='block_1_53' title="bbox 454 3487 2033 3562">
    <p class='ocr_par' dir='ltr' id='par_1_53' title="bbox 454 3487 2033 3562">
     <span class='ocr_line' id='line_1_53' title="bbox 454 3487 2033 3562; baseline -0.005 -14"><span class='ocrx_word' id='word_1_378' title='bbox 454 3497 562 3548; x_wconf 85' lang='grc' dir='ltr'>νεῖν</span> <span class='ocrx_word' id='word_1_379' title='bbox 583 3493 795 3546; x_wconf 84' lang='grc' dir='ltr'>ἑλέσθσ.ι</span> <span class='ocrx_word' id='word_1_380' title='bbox 812 3491 888 3562; x_wconf 81' lang='grc' dir='ltr'>τῷ</span> <span class='ocrx_word' id='word_1_381' title='bbox 903 3488 1242 3561; x_wconf 71' lang='grc' dir='ltr'>Βεελφεγώρ’</span> <span class='ocrx_word' id='word_1_382' title='bbox 1258 3488 1474 3542; x_wconf 77' lang='grc' dir='ltr'>εἴδωλον</span> <span class='ocrx_word' id='word_1_383' title='bbox 1505 3488 1561 3540; x_wconf 83' lang='grc' dir='ltr'><strong>δὲ</strong></span> <span class='ocrx_word' id='word_1_384' title='bbox 1578 3487 1735 3540; x_wconf 76' lang='grc' dir='ltr'>τοῦτο</span> <span class='ocrx_word' id='word_1_385' title='bbox 1754 3487 1861 3542; x_wconf 87' lang='grc' dir='ltr'><strong>τῶν</strong></span> <span class='ocrx_word' id='word_1_386' title='bbox 1873 3489 2033 3541; x_wconf 82' lang='grc' dir='ltr'>Μωα-</span> 
     </span>
    </p>
   </div>
   <div class='ocr_carea' id='block_1_54' title="bbox 455 3579 2035 3653">
    <p class='ocr_par' dir='ltr' id='par_1_54' title="bbox 455 3579 2035 3653">
     <span class='ocr_line' id='line_1_54' title="bbox 455 3579 2035 3653; baseline -0.004 -14"><span class='ocrx_word' id='word_1_387' title='bbox 455 3585 640 3639; x_wconf 75' lang='grc' dir='ltr'>ϐιτῶν.</span> <span class='ocrx_word' id='word_1_388' title='bbox 659 3584 967 3653; x_wconf 80' lang='grc' dir='ltr'>Γέγραπται</span> <span class='ocrx_word' id='word_1_389' title='bbox 985 3581 1040 3635; x_wconf 84' lang='grc' dir='ltr'>δὲ</span> <span class='ocrx_word' id='word_1_390' title='bbox 1051 3579 1193 3633; x_wconf 75' lang='grc' dir='ltr'>οὕτω</span> <span class='ocrx_word' id='word_1_391' title='bbox 1208 3579 1366 3633; x_wconf 88' lang='grc' dir='ltr'>πάλιν</span> <span class='ocrx_word' id='word_1_392' title='bbox 1382 3580 1440 3632; x_wconf 87' lang='grc' dir='ltr'><strong>ἐν</strong></span> <span class='ocrx_word' id='word_1_393' title='bbox 1456 3581 1565 3642; x_wconf 88' lang='grc' dir='ltr'>τοῖς</span> <span class='ocrx_word' id='word_1_394' title='bbox 1583 3579 1874 3650; x_wconf 85' lang='grc' dir='ltr'>Ἀριθμοῖ;·</span> <span class='ocrx_word' id='word_1_395' title='bbox 1895 3597 1912 3630; x_wconf 81' lang='grc' dir='ltr'><strong>ι</strong></span> <span class='ocrx_word' id='word_1_396' title='bbox 1926 3581 2035 3634; x_wconf 84' lang='lat' dir='ltr'><strong>Kal.</strong></span> 
     </span>
    </p>
   </div>
   <div class='ocr_carea' id='block_1_55' title="bbox 456 3669 2030 3743">
    <p class='ocr_par' dir='ltr' id='par_1_55' title="bbox 456 3669 2030 3743">
     <span class='ocr_line' id='line_1_55' title="bbox 456 3669 2030 3743; baseline -0.003 -15"><span class='ocrx_word' id='word_1_397' title='bbox 456 3675 747 3729; x_wconf 78' lang='grc' dir='ltr'>κατέλυσεν</span> <span class='ocrx_word' id='word_1_398' title='bbox 767 3676 795 3726; x_wconf 98' lang='lat'><strong>6</strong></span> <span class='ocrx_word' id='word_1_399' title='bbox 822 3671 1035 3743; x_wconf 80' lang='grc' dir='ltr'>Ἰσραὴλ</span> <span class='ocrx_word' id='word_1_400' title='bbox 1050 3673 1107 3724; x_wconf 90' lang='grc' dir='ltr'><strong>ἐν</strong></span> <span class='ocrx_word' id='word_1_401' title='bbox 1123 3671 1379 3740; x_wconf 70' lang='grc' dir='ltr'>Σαττεὶμ,</span> <span class='ocrx_word' id='word_1_402' title='bbox 1400 3671 1494 3723; x_wconf 69' lang='grc' dir='ltr'><strong>καὶ</strong></span> <span class='ocrx_word' id='word_1_403' title='bbox 1510 3669 1818 3739; x_wconf 80' lang='grc' dir='ltr'>ἐϐεϐηλώθη</span> <span class='ocrx_word' id='word_1_404' title='bbox 1838 3673 1865 3722; x_wconf 86' lang='lat'><strong>6</strong></span> <span class='ocrx_word' id='word_1_405' title='bbox 1885 3670 2030 3736; x_wconf 76' lang='grc' dir='ltr'>λαὸς,</span> 
     </span>
    </p>
   </div>
   <div class='ocr_carea' id='block_1_56' title="bbox 457 3757 2035 3838">
    <p class='ocr_par' dir='ltr' id='par_1_56' title="bbox 457 3757 2035 3838">
     <span class='ocr_line' id='line_1_56' title="bbox 457 3757 2035 3838; baseline -0.005 -17"><span class='ocrx_word' id='word_1_406' title='bbox 457 3765 822 3838; x_wconf 74' lang='grc' dir='ltr'>ἐκπορνεύσαι</span> <span class='ocrx_word' id='word_1_407' title='bbox 853 3766 945 3816; x_wconf 69' lang='grc' dir='ltr'>ἐπὶ</span> <span class='ocrx_word' id='word_1_408' title='bbox 965 3763 1062 3826; x_wconf 85' lang='grc' dir='ltr'><strong>τὰς</strong></span> <span class='ocrx_word' id='word_1_409' title='bbox 1092 3761 1398 3832; x_wconf 84' lang='grc' dir='ltr'>θυγατέρας</span> <span class='ocrx_word' id='word_1_410' title='bbox 1421 3757 1617 3822; x_wconf 77' lang='grc' dir='ltr'>Μωὰϐ,</span> <span class='ocrx_word' id='word_1_411' title='bbox 1645 3757 1739 3812; x_wconf 73' lang='grc' dir='ltr'><strong>καὶ</strong></span> <span class='ocrx_word' id='word_1_412' title='bbox 1772 3759 2035 3813; x_wconf 73' lang='grc' dir='ltr'>ἐκάλεσαν</span> 
     </span>
    </p>
   </div>
   <div class='ocr_carea' id='block_1_57' title="bbox 458 3849 2035 3921">
    <p class='ocr_par' dir='ltr' id='par_1_57' title="bbox 458 3849 2035 3921">
     <span class='ocr_line' id='line_1_57' title="bbox 458 3849 2035 3921; baseline -0.006 -8"><span class='ocrx_word' id='word_1_413' title='bbox 458 3859 653 3921; x_wconf 78' lang='grc' dir='ltr'>αὐτοὺς</span> <span class='ocrx_word' id='word_1_414' title='bbox 672 3856 763 3910; x_wconf 76' lang='grc' dir='ltr'><strong>ἐπὶ</strong></span> <span class='ocrx_word' id='word_1_415' title='bbox 784 3858 906 3919; x_wconf 88' lang='grc' dir='ltr'>ταῖς</span> <span class='ocrx_word' id='word_1_416' title='bbox 936 3855 1148 3917; x_wconf 87' lang='grc' dir='ltr'>θυσίαις</span> <span class='ocrx_word' id='word_1_417' title='bbox 1167 3853 1273 3906; x_wconf 88' lang='grc' dir='ltr'><strong>τῶν</strong></span> <span class='ocrx_word' id='word_1_418' title='bbox 1296 3851 1530 3904; x_wconf 76' lang='grc' dir='ltr'>εἰδώλων</span> <span class='ocrx_word' id='word_1_419' title='bbox 1559 3849 1758 3912; x_wconf 78' lang='grc' dir='ltr'>αὐτῶν,</span> <span class='ocrx_word' id='word_1_420' title='bbox 1790 3850 1884 3903; x_wconf 73' lang='grc' dir='ltr'><strong>καὶ</strong></span> <span class='ocrx_word' id='word_1_421' title='bbox 1905 3852 2035 3920; x_wconf 71' lang='grc' dir='ltr'><strong>ἔφα-</strong></span> 
     </span>
    </p>
   </div>
   <div class='ocr_carea' id='block_1_58' title="bbox 457 3941 2035 4022">
    <p class='ocr_par' dir='ltr' id='par_1_58' title="bbox 457 3941 2035 4022">
     <span class='ocr_line' id='line_1_58' title="bbox 457 3941 2035 4022; baseline -0.005 -18"><span class='ocrx_word' id='word_1_422' title='bbox 457 3967 553 4022; x_wconf 87' lang='grc' dir='ltr'><strong>γεν</strong></span> <span class='ocrx_word' id='word_1_423' title='bbox 583 3950 750 4012; x_wconf 80' lang='grc' dir='ltr'>ὀλαδς</span> <span class='ocrx_word' id='word_1_424' title='bbox 777 3948 884 4001; x_wconf 89' lang='grc' dir='ltr'><strong>τῶν</strong></span> <span class='ocrx_word' id='word_1_425' title='bbox 899 3945 1099 4001; x_wconf 83' lang='grc' dir='ltr'>θυσιῶν</span> <span class='ocrx_word' id='word_1_426' title='bbox 1119 3945 1299 3999; x_wconf 83' lang='grc' dir='ltr'>αὐτῶν</span> <span class='ocrx_word' id='word_1_427' title='bbox 1317 3961 1331 3975; x_wconf 78' lang='grc' dir='ltr'><strong>ο</strong></span> <span class='ocrx_word' id='word_1_428' title='bbox 1360 3943 1453 3997; x_wconf 74' lang='grc' dir='ltr'><strong>καὶ</strong></span> <span class='ocrx_word' id='word_1_429' title='bbox 1473 3941 1894 4014; x_wconf 77' lang='grc' dir='ltr'>προσεκύνησαν</span> <span class='ocrx_word' id='word_1_430' title='bbox 1923 3946 2035 4007; x_wconf 88' lang='grc' dir='ltr'>τοῖς</span> 
     </span>
    </p>
   </div>
   <div class='ocr_carea' id='block_1_59' title="bbox 459 4037 2033 4110">
    <p class='ocr_par' dir='ltr' id='par_1_59' title="bbox 459 4037 2033 4110">
     <span class='ocr_line' id='line_1_59' title="bbox 459 4037 2033 4110; baseline -0.005 -13"><span class='ocrx_word' id='word_1_431' title='bbox 459 4043 695 4106; x_wconf 80' lang='grc' dir='ltr'>εἰδώλοις</span> <span class='ocrx_word' id='word_1_432' title='bbox 712 4041 912 4095; x_wconf 80' lang='grc' dir='ltr'>αὐτῶν·</span> <span class='ocrx_word' id='word_1_433' title='bbox 940 4041 1032 4094; x_wconf 75' lang='grc' dir='ltr'>καὶ</span> <span class='ocrx_word' id='word_1_434' title='bbox 1057 4039 1311 4110; x_wconf 79' lang='grc' dir='ltr'>ἐτελέσθη</span> <span class='ocrx_word' id='word_1_435' title='bbox 1349 4039 1565 4110; x_wconf 80' lang='grc' dir='ltr'>Ἰσραὴλ</span> <span class='ocrx_word' id='word_1_436' title='bbox 1593 4037 1670 4109; x_wconf 81' lang='grc' dir='ltr'><strong>τῷ</strong></span> <span class='ocrx_word' id='word_1_437' title='bbox 1693 4037 2033 4108; x_wconf 86' lang='grc' dir='ltr'>Βεελφεγὼρ,</span> 
     </span>
    </p>
   </div>
   <div class='ocr_carea' id='block_1_60' title="bbox 461 4128 2036 4205">
    <p class='ocr_par' dir='ltr' id='par_1_60' title="bbox 461 4128 2036 4205">
     <span class='ocr_line' id='line_1_60' title="bbox 461 4128 2036 4205; baseline -0.006 -15"><span class='ocrx_word' id='word_1_438' title='bbox 461 4137 555 4190; x_wconf 69' lang='grc' dir='ltr'>καὶ</span> <span class='ocrx_word' id='word_1_439' title='bbox 571 4133 814 4205; x_wconf 75' lang='grc' dir='ltr'>ὠργίσθη</span> <span class='ocrx_word' id='word_1_440' title='bbox 838 4132 995 4203; x_wconf 86' lang='grc' dir='ltr'>θυμῷ</span> <span class='ocrx_word' id='word_1_441' title='bbox 1017 4130 1220 4202; x_wconf 84' lang='grc' dir='ltr'>Κύριος</span> <span class='ocrx_word' id='word_1_442' title='bbox 1239 4128 1316 4200; x_wconf 82' lang='grc' dir='ltr'>τῷ</span> <span class='ocrx_word' id='word_1_443' title='bbox 1361 4129 1594 4201; x_wconf 79' lang='grc' dir='ltr'>Ἰσραήλ.</span> <span class='ocrx_word' id='word_1_444' title='bbox 1629 4149 1648 4182; x_wconf 72' lang='grc' dir='ltr'><strong>ι</strong></span> <span class='ocrx_word' id='word_1_445' title='bbox 1685 4128 1902 4199; x_wconf 83' lang='grc' dir='ltr'>Ἐπειδὴ</span> <span class='ocrx_word' id='word_1_446' title='bbox 1929 4128 2036 4199; x_wconf 86' lang='grc' dir='ltr'><strong>γὰρ</strong></span> 
     </span>
    </p>
   </div>
   <div class='ocr_carea' id='block_1_61' title="bbox 462 4218 2035 4298">
    <p class='ocr_par' dir='ltr' id='par_1_61' title="bbox 462 4218 2035 4298">
     <span class='ocr_line' id='line_1_61' title="bbox 462 4218 2035 4298; baseline -0.006 -16"><span class='ocrx_word' id='word_1_447' title='bbox 462 4227 836 4298; x_wconf 80' lang='grc' dir='ltr'>ἐπαμύνοντος</span> <span class='ocrx_word' id='word_1_448' title='bbox 877 4224 1048 4288; x_wconf 79' lang='grc' dir='ltr'>δεινὸς</span> <span class='ocrx_word' id='word_1_449' title='bbox 1091 4224 1187 4276; x_wconf 77' lang='grc' dir='ltr'><strong>καὶ</strong></span> <span class='ocrx_word' id='word_1_450' title='bbox 1240 4223 1566 4293; x_wconf 86' lang='grc' dir='ltr'>δυσάντητος</span> <span class='ocrx_word' id='word_1_451' title='bbox 1624 4218 1690 4293; x_wconf 81' lang='grc' dir='ltr'>ἦν</span> <span class='ocrx_word' id='word_1_452' title='bbox 1730 4224 1760 4275; x_wconf 91' lang='lat'><strong>6</strong></span> <span class='ocrx_word' id='word_1_453' title='bbox 1803 4222 2035 4294; x_wconf 79' lang='grc' dir='ltr'>Ἰσραὴλ,</span> 
     </span>
    </p>
   </div>
   <div class='ocr_carea' id='block_1_62' title="bbox 461 4315 2038 4391">
    <p class='ocr_par' dir='ltr' id='par_1_62' title="bbox 461 4315 2038 4391">
     <span class='ocr_line' id='line_1_62' title="bbox 461 4315 2038 4391; baseline -0.005 -17"><span class='ocrx_word' id='word_1_454' title='bbox 461 4321 633 4391; x_wconf 78' lang='grc' dir='ltr'>ταύτῃ</span> <span class='ocrx_word' id='word_1_455' title='bbox 653 4336 732 4372; x_wconf 84' lang='grc' dir='ltr'><strong>τοι</strong></span> <span class='ocrx_word' id='word_1_456' title='bbox 758 4319 852 4372; x_wconf 75' lang='grc' dir='ltr'><strong>καὶ</strong></span> <span class='ocrx_word' id='word_1_457' title='bbox 881 4317 1029 4388; x_wconf 88' lang='grc' dir='ltr'>μάλα</span> <span class='ocrx_word' id='word_1_458' title='bbox 1053 4315 1264 4387; x_wconf 87' lang='grc' dir='ltr'>πικρῶς</span> <span class='ocrx_word' id='word_1_459' title='bbox 1291 4316 1382 4368; x_wconf 67' lang='grc' dir='ltr'><strong>καὶ</strong></span> <span class='ocrx_word' id='word_1_460' title='bbox 1411 4315 1875 4386; x_wconf 77' lang='grc' dir='ltr'>φιλοκακούργως,</span> <span class='ocrx_word' id='word_1_461' title='bbox 1908 4318 2038 4384; x_wconf 79' lang='grc' dir='ltr'>ὰφι-</span> 
     </span>
    </p>
   </div>
   <div class='ocr_carea' id='block_1_63' title="bbox 2121 1915 3691 2000">
    <p class='ocr_par' dir='ltr' id='par_1_63' title="bbox 2121 1915 3691 2000">
     <span class='ocr_line' id='line_1_63' title="bbox 2121 1915 3691 2000; baseline 0.001 -20"><span class='ocrx_word' id='word_1_462' title='bbox 2121 1915 2508 1996; x_wconf 81' lang='lat' dir='ltr'><strong>MeSOpotamia</strong></span> <span class='ocrx_word' id='word_1_463' title='bbox 2541 1928 2691 1998; x_wconf 90' lang='lat' dir='ltr'><strong>(erat</strong></span> <span class='ocrx_word' id='word_1_464' title='bbox 2731 1938 2912 1986; x_wconf 89' lang='lat' dir='ltr'><strong>autem</strong></span> <span class='ocrx_word' id='word_1_465' title='bbox 2946 1929 2991 1985; x_wconf 91' lang='lat' dir='ltr'><strong>is</strong></span> <span class='ocrx_word' id='word_1_466' title='bbox 3020 1929 3189 1985; x_wconf 88' lang='lat' dir='ltr'><strong>falsus</strong></span> <span class='ocrx_word' id='word_1_467' title='bbox 3218 1939 3365 1986; x_wconf 87' lang='lat' dir='ltr'><strong>vates</strong></span> <span class='ocrx_word' id='word_1_468' title='bbox 3397 1941 3452 1984; x_wconf 91' lang='lat' dir='ltr'><strong>et</strong></span> <span class='ocrx_word' id='word_1_469' title='bbox 3483 1933 3691 2000; x_wconf 78' lang='lat' dir='ltr'><strong>augur)</strong></span> 
     </span>
    </p>
   </div>
   <div class='ocr_carea' id='block_1_64' title="bbox 2123 2013 3690 2087">
    <p class='ocr_par' dir='ltr' id='par_1_64' title="bbox 2123 2013 3690 2087">
     <span class='ocr_line' id='line_1_64' title="bbox 2123 2013 3690 2087; baseline 0.003 -15"><span class='ocrx_word' id='word_1_470' title='bbox 2123 2019 2330 2087; x_wconf 79' lang='lat' dir='ltr'><strong>rogavit</strong></span> <span class='ocrx_word' id='word_1_471' title='bbox 2351 2019 2533 2075; x_wconf 90' lang='lat' dir='ltr'><strong>dicens</strong></span> <span class='ocrx_word' id='word_1_472' title='bbox 2563 2038 2576 2074; x_wconf 88' lang='lat'><strong><em>:</em></strong></span> <span class='ocrx_word' id='word_1_473' title='bbox 2607 2019 2905 2076; x_wconf 82' lang='lat' dir='ltr'><strong>Exsecrare</strong></span> <span class='ocrx_word' id='word_1_474' title='bbox 2932 2021 3062 2076; x_wconf 89' lang='lat' dir='ltr'><strong>mihi</strong></span> <span class='ocrx_word' id='word_1_475' title='bbox 3089 2013 3362 2078; x_wconf 85' lang='lat' dir='ltr'><strong>lsraelem.</strong></span> <span class='ocrx_word' id='word_1_476' title='bbox 3384 2019 3519 2078; x_wconf 81' lang='lat' dir='ltr'><strong>Novi</strong></span> <span class='ocrx_word' id='word_1_477' title='bbox 3544 2023 3690 2079; x_wconf 87' lang='lat' dir='ltr'><strong>enim</strong></span> 
     </span>
    </p>
   </div>
   <div class='ocr_carea' id='block_1_65' title="bbox 2122 2110 3693 2184">
    <p class='ocr_par' dir='ltr' id='par_1_65' title="bbox 2122 2110 3693 2184">
     <span class='ocr_line' id='line_1_65' title="bbox 2122 2110 3693 2184; baseline 0.003 -21"><span class='ocrx_word' id='word_1_478' title='bbox 2122 2110 2267 2178; x_wconf 90' lang='lat' dir='ltr'><strong>quod</strong></span> <span class='ocrx_word' id='word_1_479' title='bbox 2307 2110 2506 2180; x_wconf 88' lang='lat' dir='ltr'><strong>quibus</strong></span> <span class='ocrx_word' id='word_1_480' title='bbox 2544 2121 2596 2166; x_wconf 95' lang='lat' dir='ltr'><strong>tu</strong></span> <span class='ocrx_word' id='word_1_481' title='bbox 2632 2113 2996 2178; x_wconf 87' lang='lat' dir='ltr'><strong>benedixeris,</strong></span> <span class='ocrx_word' id='word_1_482' title='bbox 3027 2113 3442 2182; x_wconf 87' lang='lat' dir='ltr'><strong>benedicuntur,</strong></span> <span class='ocrx_word' id='word_1_483' title='bbox 3471 2126 3525 2169; x_wconf 91' lang='lat' dir='ltr'><strong>et</strong></span> <span class='ocrx_word' id='word_1_484' title='bbox 3554 2129 3693 2184; x_wconf 89' lang='lat' dir='ltr'><strong>quos</strong></span> 
     </span>
    </p>
   </div>
   <div class='ocr_carea' id='block_1_66' title="bbox 2127 2201 3691 2275">
    <p class='ocr_par' dir='ltr' id='par_1_66' title="bbox 2127 2201 3691 2275">
     <span class='ocr_line' id='line_1_66' title="bbox 2127 2201 3691 2275; baseline 0.004 -22"><span class='ocrx_word' id='word_1_485' title='bbox 2127 2212 2181 2255; x_wconf 92' lang='lat' dir='ltr'><strong>tu</strong></span> <span class='ocrx_word' id='word_1_486' title='bbox 2247 2212 2563 2258; x_wconf 78' lang='lat' dir='ltr'><strong>exsecratus</strong></span> <span class='ocrx_word' id='word_1_487' title='bbox 2625 2201 2833 2268; x_wconf 90' lang='lat' dir='ltr'><strong>fueris,</strong></span> <span class='ocrx_word' id='word_1_488' title='bbox 2887 2205 3248 2259; x_wconf 86' lang='lat' dir='ltr'><strong>exsecrationi</strong></span> <span class='ocrx_word' id='word_1_489' title='bbox 3307 2205 3691 2275; x_wconf 83' lang='lat' dir='ltr'><strong>subjiciuntur.</strong></span> 
     </span>
    </p>
   </div>
   <div class='ocr_carea' id='block_1_67' title="bbox 2123 2280 3692 2357">
    <p class='ocr_par' dir='ltr' id='par_1_67' title="bbox 2123 2280 3692 2357">
     <span class='ocr_line' id='line_1_67' title="bbox 2123 2280 3692 2357; baseline 0.003 -12"><span class='ocrx_word' id='word_1_490' title='bbox 2123 2280 2515 2348; x_wconf 80' lang='lat' dir='ltr'><strong>incantationis</strong></span> <span class='ocrx_word' id='word_1_491' title='bbox 2545 2305 2724 2348; x_wconf 89' lang='lat' dir='ltr'><strong>autem</strong></span> <span class='ocrx_word' id='word_1_492' title='bbox 2753 2294 2944 2350; x_wconf 92' lang='lat' dir='ltr'><strong>modus</strong></span> <span class='ocrx_word' id='word_1_493' title='bbox 2974 2295 3063 2350; x_wconf 91' lang='lat' dir='ltr'><strong>hic</strong></span> <span class='ocrx_word' id='word_1_494' title='bbox 3087 2295 3153 2350; x_wconf 89' lang='lat' dir='ltr'><strong>ab</strong></span> <span class='ocrx_word' id='word_1_495' title='bbox 3179 2310 3242 2350; x_wconf 91' lang='lat' dir='ltr'><strong>eo</strong></span> <span class='ocrx_word' id='word_1_496' title='bbox 3273 2295 3545 2350; x_wconf 87' lang='lat' dir='ltr'><strong>adhibitus</strong></span> <span class='ocrx_word' id='word_1_497' title='bbox 3571 2295 3692 2357; x_wconf 87' lang='lat' dir='ltr'><strong>fuit,</strong></span> 
     </span>
    </p>
   </div>
   <div class='ocr_carea' id='block_1_68' title="bbox 2125 2376 3695 2458">
    <p class='ocr_par' dir='ltr' id='par_1_68' title="bbox 2125 2376 3695 2458">
     <span class='ocr_line' id='line_1_68' title="bbox 2125 2376 3695 2458; baseline 0.001 -18"><span class='ocrx_word' id='word_1_498' title='bbox 2125 2387 2235 2441; x_wconf 85' lang='lat' dir='ltr'><strong>aris</strong></span> <span class='ocrx_word' id='word_1_499' title='bbox 2269 2387 2547 2452; x_wconf 83' lang='lat' dir='ltr'><strong>excitatis,</strong></span> <span class='ocrx_word' id='word_1_500' title='bbox 2578 2388 2876 2456; x_wconf 85' lang='lat' dir='ltr'><strong>hostiisque</strong></span> <span class='ocrx_word' id='word_1_501' title='bbox 2908 2386 3125 2442; x_wconf 89' lang='lat' dir='ltr'><strong>oblatis.</strong></span> <span class='ocrx_word' id='word_1_502' title='bbox 3158 2376 3424 2442; x_wconf 75' lang='lat' dir='ltr'><strong>Czeterum</strong></span> <span class='ocrx_word' id='word_1_503' title='bbox 3461 2404 3556 2458; x_wconf 85' lang='lat' dir='ltr'><strong>spe</strong></span> <span class='ocrx_word' id='word_1_504' title='bbox 3589 2386 3695 2442; x_wconf 87' lang='lat' dir='ltr'><strong>fal-</strong></span> 
     </span>
    </p>
   </div>
   <div class='ocr_carea' id='block_1_69' title="bbox 2125 2468 3691 2550">
    <p class='ocr_par' dir='ltr' id='par_1_69' title="bbox 2125 2468 3691 2550">
     <span class='ocr_line' id='line_1_69' title="bbox 2125 2468 3691 2550; baseline 0 -15"><span class='ocrx_word' id='word_1_505' title='bbox 2125 2495 2219 2535; x_wconf 86' lang='lat' dir='ltr'><strong>sns</strong></span> <span class='ocrx_word' id='word_1_506' title='bbox 2251 2490 2334 2535; x_wconf 90' lang='lat' dir='ltr'><strong>est</strong></span> <span class='ocrx_word' id='word_1_507' title='bbox 2367 2479 2549 2546; x_wconf 87' lang='lat' dir='ltr'><strong>Balac,</strong></span> <span class='ocrx_word' id='word_1_508' title='bbox 2575 2488 2629 2535; x_wconf 93' lang='lat' dir='ltr'><strong>et</strong></span> <span class='ocrx_word' id='word_1_509' title='bbox 2661 2468 2829 2533; x_wconf 88' lang='lat' dir='ltr'><strong>animi</strong></span> <span class='ocrx_word' id='word_1_510' title='bbox 2864 2480 3131 2534; x_wconf 87' lang='lat' dir='ltr'><strong>sententia</strong></span> <span class='ocrx_word' id='word_1_511' title='bbox 3166 2480 3387 2545; x_wconf 80' lang='lat' dir='ltr'><strong>excidit,</strong></span> <span class='ocrx_word' id='word_1_512' title='bbox 3425 2481 3691 2550; x_wconf 82' lang='lat' dir='ltr'><strong>benepre-</strong></span> 
     </span>
    </p>
   </div>
   <div class='ocr_carea' id='block_1_70' title="bbox 2126 2553 3697 2640">
    <p class='ocr_par' dir='ltr' id='par_1_70' title="bbox 2126 2553 3697 2640">
     <span class='ocr_line' id='line_1_70' title="bbox 2126 2553 3697 2640; baseline -0.001 -16"><span class='ocrx_word' id='word_1_513' title='bbox 2126 2580 2283 2624; x_wconf 84' lang='lat' dir='ltr'><strong>cante</strong></span> <span class='ocrx_word' id='word_1_514' title='bbox 2321 2581 2517 2640; x_wconf 68' lang='lat' dir='ltr'><strong>praeter</strong></span> <span class='ocrx_word' id='word_1_515' title='bbox 2547 2569 2854 2638; x_wconf 89' lang='lat' dir='ltr'><strong>opinionem</strong></span> <span class='ocrx_word' id='word_1_516' title='bbox 2899 2553 3082 2624; x_wconf 83' lang='lat' dir='ltr'><strong>lsraeli</strong></span> <span class='ocrx_word' id='word_1_517' title='bbox 3126 2584 3191 2624; x_wconf 91' lang='lat' dir='ltr'><strong>eo</strong></span> <span class='ocrx_word' id='word_1_518' title='bbox 3235 2570 3324 2639; x_wconf 91' lang='lat' dir='ltr'><strong>qui</strong></span> <span class='ocrx_word' id='word_1_519' title='bbox 3370 2571 3571 2625; x_wconf 90' lang='lat' dir='ltr'><strong>ascitus</strong></span> <span class='ocrx_word' id='word_1_520' title='bbox 3614 2581 3697 2626; x_wconf 89' lang='lat' dir='ltr'><strong>est</strong></span> 
     </span>
    </p>
   </div>
   <div class='ocr_carea' id='block_1_71' title="bbox 2129 2659 3696 2733">
    <p class='ocr_par' dir='ltr' id='par_1_71' title="bbox 2129 2659 3696 2733">
     <span class='ocr_line' id='line_1_71' title="bbox 2129 2659 3696 2733; baseline -0.001 -17"><span class='ocrx_word' id='word_1_521' title='bbox 2129 2659 2294 2733; x_wconf 72' lang='grc'><strong>248</strong></span> <span class='ocrx_word' id='word_1_522' title='bbox 2333 2661 2400 2716; x_wconf 86' lang='lat' dir='ltr'><strong>ad</strong></span> <span class='ocrx_word' id='word_1_523' title='bbox 2441 2661 2870 2732; x_wconf 87' lang='lat' dir='ltr'><strong>imprecandum.</strong></span> <span class='ocrx_word' id='word_1_524' title='bbox 2904 2660 3036 2716; x_wconf 88' lang='lat' dir='ltr'><strong>Cum</strong></span> <span class='ocrx_word' id='word_1_525' title='bbox 3081 2671 3258 2716; x_wconf 89' lang='lat' dir='ltr'><strong>autem</strong></span> <span class='ocrx_word' id='word_1_526' title='bbox 3300 2662 3401 2717; x_wconf 90' lang='lat' dir='ltr'><strong>hoc</strong></span> <span class='ocrx_word' id='word_1_527' title='bbox 3442 2663 3696 2717; x_wconf 88' lang='lat' dir='ltr'><strong>molimen</strong></span> 
     </span>
    </p>
   </div>
   <div class='ocr_carea' id='block_1_72' title="bbox 2133 2754 3701 2824">
    <p class='ocr_par' dir='ltr' id='par_1_72' title="bbox 2133 2754 3701 2824">
     <span class='ocr_line' id='line_1_72' title="bbox 2133 2754 3701 2824; baseline 0.002 -16"><span class='ocrx_word' id='word_1_528' title='bbox 2133 2754 2182 2808; x_wconf 90' lang='lat' dir='ltr'><strong>ei</strong></span> <span class='ocrx_word' id='word_1_529' title='bbox 2239 2763 2436 2822; x_wconf 67' lang='lat' dir='ltr'><strong>prazter</strong></span> <span class='ocrx_word' id='word_1_530' title='bbox 2469 2767 2620 2824; x_wconf 86' lang='lat' dir='ltr'><strong>spem</strong></span> <span class='ocrx_word' id='word_1_531' title='bbox 2655 2755 2958 2820; x_wconf 86' lang='lat' dir='ltr'><strong>evenisset,</strong></span> <span class='ocrx_word' id='word_1_532' title='bbox 3004 2770 3192 2810; x_wconf 88' lang='lat' dir='ltr'><strong>rursus</strong></span> <span class='ocrx_word' id='word_1_533' title='bbox 3226 2754 3331 2809; x_wconf 90' lang='lat' dir='ltr'><strong>alio</strong></span> <span class='ocrx_word' id='word_1_534' title='bbox 3367 2755 3522 2812; x_wconf 88' lang='lat' dir='ltr'><strong>modo</strong></span> <span class='ocrx_word' id='word_1_535' title='bbox 3563 2757 3701 2811; x_wconf 84' lang='lat' dir='ltr'><strong>hanc</strong></span> 
     </span>
    </p>
   </div>
   <div class='ocr_carea' id='block_1_73' title="bbox 2134 2842 3700 2916">
    <p class='ocr_par' dir='ltr' id='par_1_73' title="bbox 2134 2842 3700 2916">
     <span class='ocr_line' id='line_1_73' title="bbox 2134 2842 3700 2916; baseline 0.001 -18"><span class='ocrx_word' id='word_1_536' title='bbox 2134 2858 2247 2898; x_wconf 89' lang='lat' dir='ltr'><strong>rem</strong></span> <span class='ocrx_word' id='word_1_537' title='bbox 2277 2842 2537 2899; x_wconf 81' lang='lat' dir='ltr'><strong>nefariam</strong></span> <span class='ocrx_word' id='word_1_538' title='bbox 2564 2851 2752 2900; x_wconf 85' lang='lat' dir='ltr'><strong>contra</strong></span> <span class='ocrx_word' id='word_1_539' title='bbox 2783 2861 2877 2900; x_wconf 92' lang='lat' dir='ltr'><strong>eos</strong></span> <span class='ocrx_word' id='word_1_540' title='bbox 2905 2846 3229 2916; x_wconf 79' lang='lat' dir='ltr'><strong>aggreditur.</strong></span> <span class='ocrx_word' id='word_1_541' title='bbox 3259 2846 3525 2902; x_wconf 86' lang='lat' dir='ltr'><strong>lsraelitas</strong></span> <span class='ocrx_word' id='word_1_542' title='bbox 3555 2849 3700 2902; x_wconf 90' lang='lat' dir='ltr'><strong>enim</strong></span> 
     </span>
    </p>
   </div>
   <div class='ocr_carea' id='block_1_74' title="bbox 2133 2935 3703 3009">
    <p class='ocr_par' dir='ltr' id='par_1_74' title="bbox 2133 2935 3703 3009">
     <span class='ocr_line' id='line_1_74' title="bbox 2133 2935 3703 3009; baseline 0.003 -19"><span class='ocrx_word' id='word_1_543' title='bbox 2133 2935 2444 3006; x_wconf 89' lang='lat' dir='ltr'><strong>illaqueavit</strong></span> <span class='ocrx_word' id='word_1_544' title='bbox 2499 2944 2558 2990; x_wconf 91' lang='lat' dir='ltr'><strong>ut</strong></span> <span class='ocrx_word' id='word_1_545' title='bbox 2589 2936 2836 2992; x_wconf 89' lang='lat' dir='ltr'><strong>muliebri</strong></span> <span class='ocrx_word' id='word_1_546' title='bbox 2871 2937 3044 2992; x_wconf 89' lang='lat' dir='ltr'><strong>forma</strong></span> <span class='ocrx_word' id='word_1_547' title='bbox 3079 2939 3333 3009; x_wconf 88' lang='lat' dir='ltr'><strong>correpti,</strong></span> <span class='ocrx_word' id='word_1_548' title='bbox 3368 2953 3397 2992; x_wconf 88' lang='lat' dir='ltr'><strong>a</strong></span> <span class='ocrx_word' id='word_1_549' title='bbox 3438 2940 3526 2994; x_wconf 90' lang='lat' dir='ltr'><strong>Dei</strong></span> <span class='ocrx_word' id='word_1_550' title='bbox 3564 2941 3703 2994; x_wconf 83' lang='lat' dir='ltr'><strong>dile-</strong></span> 
     </span>
    </p>
   </div>
   <div class='ocr_carea' id='block_1_75' title="bbox 2133 3027 3704 3101">
    <p class='ocr_par' dir='ltr' id='par_1_75' title="bbox 2133 3027 3704 3101">
     <span class='ocr_line' id='line_1_75' title="bbox 2133 3027 3704 3101; baseline 0.001 -19"><span class='ocrx_word' id='word_1_551' title='bbox 2133 3029 2308 3083; x_wconf 89' lang='lat' dir='ltr'><strong>ctione</strong></span> <span class='ocrx_word' id='word_1_552' title='bbox 2340 3029 2736 3094; x_wconf 74' lang='lat' dir='ltr'><strong>exorbitarent,</strong></span> <span class='ocrx_word' id='word_1_553' title='bbox 2768 3037 2821 3084; x_wconf 89' lang='lat' dir='ltr'><strong>et</strong></span> <span class='ocrx_word' id='word_1_554' title='bbox 2853 3027 3153 3101; x_wconf 81' lang='lat' dir='ltr'><strong>Beelphego</strong></span> <span class='ocrx_word' id='word_1_555' title='bbox 3169 3046 3212 3094; x_wconf 89' lang='lat' dir='ltr'><strong>r,</strong></span> <span class='ocrx_word' id='word_1_556' title='bbox 3261 3030 3456 3083; x_wconf 87' lang='lat' dir='ltr'><strong>idolum</strong></span> <span class='ocrx_word' id='word_1_557' title='bbox 3495 3031 3704 3086; x_wconf 86' lang='lat' dir='ltr'><strong>scilicet</strong></span> 
     </span>
    </p>
   </div>
   <div class='ocr_carea' id='block_1_76' title="bbox 2136 3118 3702 3191">
    <p class='ocr_par' dir='ltr' id='par_1_76' title="bbox 2136 3118 3702 3191">
     <span class='ocr_line' id='line_1_76' title="bbox 2136 3118 3702 3191; baseline 0.001 -17"><span class='ocrx_word' id='word_1_558' title='bbox 2136 3119 2511 3185; x_wconf 86' lang='lat' dir='ltr'><strong>Moabitarum,</strong></span> <span class='ocrx_word' id='word_1_559' title='bbox 2541 3120 2847 3176; x_wconf 90' lang='lat' dir='ltr'><strong>adorarent.</strong></span> <span class='ocrx_word' id='word_1_560' title='bbox 2881 3118 3153 3191; x_wconf 88' lang='lat' dir='ltr'><strong>Scriptum</strong></span> <span class='ocrx_word' id='word_1_561' title='bbox 3189 3133 3271 3176; x_wconf 89' lang='lat' dir='ltr'><strong>est</strong></span> <span class='ocrx_word' id='word_1_562' title='bbox 3306 3123 3497 3176; x_wconf 90' lang='lat' dir='ltr'><strong>iterum</strong></span> <span class='ocrx_word' id='word_1_563' title='bbox 3535 3125 3614 3178; x_wconf 90' lang='lat' dir='ltr'><strong>sic</strong></span> <span class='ocrx_word' id='word_1_564' title='bbox 3650 3124 3702 3176; x_wconf 90' lang='lat' dir='ltr'><strong>in</strong></span> 
     </span>
    </p>
   </div>
   <div class='ocr_carea' id='block_1_77' title="bbox 2131 3205 3707 3275">
    <p class='ocr_par' dir='ltr' id='par_1_77' title="bbox 2131 3205 3707 3275">
     <span class='ocr_line' id='line_1_77' title="bbox 2131 3205 3707 3275; baseline 0.004 -16"><span class='ocrx_word' id='word_1_565' title='bbox 2131 3205 2422 3261; x_wconf 85' lang='lat' dir='ltr'><strong>Numeris:</strong></span> <span class='ocrx_word' id='word_1_566' title='bbox 2469 3223 2488 3258; x_wconf 73' lang='grc' dir='ltr'><strong>ι</strong></span> <span class='ocrx_word' id='word_1_567' title='bbox 2538 3205 2913 3262; x_wconf 86' lang='lat' dir='ltr'><strong>Commoratus</strong></span> <span class='ocrx_word' id='word_1_568' title='bbox 2941 3218 3024 3263; x_wconf 90' lang='lat' dir='ltr'><strong>est</strong></span> <span class='ocrx_word' id='word_1_569' title='bbox 3079 3210 3240 3266; x_wconf 88' lang='lat' dir='ltr'><strong>Israel</strong></span> <span class='ocrx_word' id='word_1_570' title='bbox 3301 3213 3350 3266; x_wconf 95' lang='lat' dir='ltr'><strong>in</strong></span> <span class='ocrx_word' id='word_1_571' title='bbox 3406 3212 3612 3275; x_wconf 83' lang='lat' dir='ltr'><strong>Sattin.</strong></span> <span class='ocrx_word' id='word_1_572' title='bbox 3654 3223 3707 3268; x_wconf 83' lang='lat' dir='ltr'><strong>et</strong></span> 
     </span>
    </p>
   </div>
   <div class='ocr_carea' id='block_1_78' title="bbox 2132 3294 3704 3369">
    <p class='ocr_par' dir='ltr' id='par_1_78' title="bbox 2132 3294 3704 3369">
     <span class='ocr_line' id='line_1_78' title="bbox 2132 3294 3704 3369; baseline 0.004 -17"><span class='ocrx_word' id='word_1_573' title='bbox 2132 3298 2529 3352; x_wconf 90' lang='lat' dir='ltr'><strong>contaminatus</strong></span> <span class='ocrx_word' id='word_1_574' title='bbox 2562 3308 2644 3353; x_wconf 91' lang='lat' dir='ltr'><strong>est</strong></span> <span class='ocrx_word' id='word_1_575' title='bbox 2675 3300 2901 3369; x_wconf 91' lang='lat' dir='ltr'><strong>populus</strong></span> <span class='ocrx_word' id='word_1_576' title='bbox 2935 3309 2991 3355; x_wconf 94' lang='lat' dir='ltr'><strong>ut</strong></span> <span class='ocrx_word' id='word_1_577' title='bbox 3021 3294 3380 3357; x_wconf 80' lang='lat' dir='ltr'><strong>fornicaretur</strong></span> <span class='ocrx_word' id='word_1_578' title='bbox 3410 3319 3531 3357; x_wconf 90' lang='lat' dir='ltr'><strong>cum</strong></span> <span class='ocrx_word' id='word_1_579' title='bbox 3562 3304 3704 3358; x_wconf 81' lang='lat' dir='ltr'><strong>lilia-</strong></span> 
     </span>
    </p>
   </div>
   <div class='ocr_carea' id='block_1_79' title="bbox 2132 3389 3704 3462">
    <p class='ocr_par' dir='ltr' id='par_1_79' title="bbox 2132 3389 3704 3462">
     <span class='ocr_line' id='line_1_79' title="bbox 2132 3389 3704 3462; baseline 0.004 -17"><span class='ocrx_word' id='word_1_580' title='bbox 2132 3390 2234 3445; x_wconf 89' lang='lat' dir='ltr'><strong>bus</strong></span> <span class='ocrx_word' id='word_1_581' title='bbox 2273 3389 2451 3456; x_wconf 85' lang='lat' dir='ltr'><strong>Moab,</strong></span> <span class='ocrx_word' id='word_1_582' title='bbox 2485 3401 2846 3462; x_wconf 83' lang='lat' dir='ltr'><strong>vocaruntque</strong></span> <span class='ocrx_word' id='word_1_583' title='bbox 2889 3407 2983 3448; x_wconf 90' lang='lat' dir='ltr'><strong>eos</strong></span> <span class='ocrx_word' id='word_1_584' title='bbox 3024 3395 3090 3448; x_wconf 90' lang='lat' dir='ltr'><strong>ad</strong></span> <span class='ocrx_word' id='word_1_585' title='bbox 3129 3396 3394 3450; x_wconf 85' lang='lat' dir='ltr'><strong>sacrificia</strong></span> <span class='ocrx_word' id='word_1_586' title='bbox 3441 3397 3704 3452; x_wconf 88' lang='lat' dir='ltr'><strong>idolorum</strong></span> 
     </span>
    </p>
   </div>
   <div class='ocr_carea' id='block_1_80' title="bbox 2135 3484 3702 3555">
    <p class='ocr_par' dir='ltr' id='par_1_80' title="bbox 2135 3484 3702 3555">
     <span class='ocr_line' id='line_1_80' title="bbox 2135 3484 3702 3555; baseline 0.004 -18"><span class='ocrx_word' id='word_1_587' title='bbox 2135 3497 2385 3549; x_wconf 89' lang='lat' dir='ltr'><strong>suorum,</strong></span> <span class='ocrx_word' id='word_1_588' title='bbox 2412 3497 2476 3538; x_wconf 89' lang='lat' dir='ltr'><strong>ac</strong></span> <span class='ocrx_word' id='word_1_589' title='bbox 2516 3484 2750 3537; x_wconf 91' lang='lat' dir='ltr'><strong>comedit</strong></span> <span class='ocrx_word' id='word_1_590' title='bbox 2791 3487 3016 3555; x_wconf 89' lang='lat' dir='ltr'><strong>populus</strong></span> <span class='ocrx_word' id='word_1_591' title='bbox 3056 3488 3122 3541; x_wconf 91' lang='lat' dir='ltr'><strong>de</strong></span> <span class='ocrx_word' id='word_1_592' title='bbox 3166 3489 3446 3545; x_wconf 83' lang='lat' dir='ltr'><strong>sacriﬁciis</strong></span> <span class='ocrx_word' id='word_1_593' title='bbox 3485 3505 3702 3555; x_wconf 89' lang='lat' dir='ltr'><strong>eorum,</strong></span> 
     </span>
    </p>
   </div>
   <div class='ocr_carea' id='block_1_81' title="bbox 2135 3576 3710 3645">
    <p class='ocr_par' dir='ltr' id='par_1_81' title="bbox 2135 3576 3710 3645">
     <span class='ocr_line' id='line_1_81' title="bbox 2135 3576 3710 3645; baseline 0.006 -16"><span class='ocrx_word' id='word_1_594' title='bbox 2135 3585 2190 3629; x_wconf 89' lang='lat' dir='ltr'><strong>et</strong></span> <span class='ocrx_word' id='word_1_595' title='bbox 2225 3576 2588 3630; x_wconf 72' lang='lat' dir='ltr'><strong>adoraVerunt</strong></span> <span class='ocrx_word' id='word_1_596' title='bbox 2621 3577 2760 3632; x_wconf 90' lang='lat' dir='ltr'><strong>idola</strong></span> <span class='ocrx_word' id='word_1_597' title='bbox 2804 3593 3024 3645; x_wconf 91' lang='lat' dir='ltr'><strong>eorum,</strong></span> <span class='ocrx_word' id='word_1_598' title='bbox 3060 3589 3113 3634; x_wconf 91' lang='lat' dir='ltr'><strong>et</strong></span> <span class='ocrx_word' id='word_1_599' title='bbox 3149 3581 3386 3636; x_wconf 87' lang='lat' dir='ltr'><strong>initiatus</strong></span> <span class='ocrx_word' id='word_1_600' title='bbox 3429 3593 3512 3638; x_wconf 90' lang='lat' dir='ltr'><strong>est</strong></span> <span class='ocrx_word' id='word_1_601' title='bbox 3544 3583 3710 3639; x_wconf 82' lang='lat' dir='ltr'><strong>Israel</strong></span> 
     </span>
    </p>
   </div>
   <div class='ocr_carea' id='block_1_82' title="bbox 2135 3669 3702 3740">
    <p class='ocr_par' dir='ltr' id='par_1_82' title="bbox 2135 3669 3702 3740">
     <span class='ocr_line' id='line_1_82' title="bbox 2135 3669 3702 3740; baseline 0.004 -18"><span class='ocrx_word' id='word_1_602' title='bbox 2135 3669 2486 3740; x_wconf 79' lang='lat' dir='ltr'><strong>Beelpbegor,</strong></span> <span class='ocrx_word' id='word_1_603' title='bbox 2510 3679 2563 3723; x_wconf 92' lang='lat' dir='ltr'><strong>et</strong></span> <span class='ocrx_word' id='word_1_604' title='bbox 2593 3670 2759 3725; x_wconf 84' lang='lat' dir='ltr'><strong>iratus</strong></span> <span class='ocrx_word' id='word_1_605' title='bbox 2786 3673 2869 3725; x_wconf 89' lang='lat' dir='ltr'><strong>est</strong></span> <span class='ocrx_word' id='word_1_606' title='bbox 2896 3672 3077 3726; x_wconf 90' lang='lat' dir='ltr'><strong>animo</strong></span> <span class='ocrx_word' id='word_1_607' title='bbox 3106 3671 3363 3728; x_wconf 91' lang='lat' dir='ltr'><strong>Dominus</strong></span> <span class='ocrx_word' id='word_1_608' title='bbox 3392 3675 3562 3731; x_wconf 91' lang='lat' dir='ltr'><strong>Israel</strong></span> <span class='ocrx_word' id='word_1_609' title='bbox 3588 3677 3650 3731; x_wconf 82' lang='lat'><strong>&quot;.</strong></span> <span class='ocrx_word' id='word_1_610' title='bbox 3683 3699 3702 3728; x_wconf 76' lang='grc' dir='ltr'><strong>ι</strong></span> 
     </span>
    </p>
   </div>
   <div class='ocr_carea' id='block_1_83' title="bbox 2138 3759 3712 3831">
    <p class='ocr_par' dir='ltr' id='par_1_83' title="bbox 2138 3759 3712 3831">
     <span class='ocr_line' id='line_1_83' title="bbox 2138 3759 3712 3831; baseline 0.004 -19"><span class='ocrx_word' id='word_1_611' title='bbox 2138 3759 2269 3813; x_wconf 79' lang='lat' dir='ltr'><strong>Nam</strong></span> <span class='ocrx_word' id='word_1_612' title='bbox 2317 3775 2438 3815; x_wconf 90' lang='lat' dir='ltr'><strong>cum</strong></span> <span class='ocrx_word' id='word_1_613' title='bbox 2490 3759 2597 3814; x_wconf 92' lang='lat' dir='ltr'><strong>Deo</strong></span> <span class='ocrx_word' id='word_1_614' title='bbox 2640 3759 2896 3829; x_wconf 71' lang='lat' dir='ltr'><strong>iuvante,</strong></span> <span class='ocrx_word' id='word_1_615' title='bbox 2927 3772 3117 3831; x_wconf 87' lang='lat' dir='ltr'><strong>potens</strong></span> <span class='ocrx_word' id='word_1_616' title='bbox 3166 3772 3222 3816; x_wconf 89' lang='lat' dir='ltr'><strong>et</strong></span> <span class='ocrx_word' id='word_1_617' title='bbox 3264 3765 3519 3819; x_wconf 81' lang='lat' dir='ltr'><strong>terribilis</strong></span> <span class='ocrx_word' id='word_1_618' title='bbox 3565 3776 3712 3821; x_wconf 74' lang='lat' dir='ltr'><strong>esset</strong></span> 
     </span>
    </p>
   </div>
   <div class='ocr_carea' id='block_1_84' title="bbox 2136 3845 3712 3924">
    <p class='ocr_par' dir='ltr' id='par_1_84' title="bbox 2136 3845 3712 3924">
     <span class='ocr_line' id='line_1_84' title="bbox 2136 3845 3712 3924; baseline 0.005 -19"><span class='ocrx_word' id='word_1_619' title='bbox 2136 3851 2321 3919; x_wconf 83' lang='lat' dir='ltr'><strong>Israel,</strong></span> <span class='ocrx_word' id='word_1_620' title='bbox 2354 3855 2478 3907; x_wconf 90' lang='lat' dir='ltr'><strong>hinc</strong></span> <span class='ocrx_word' id='word_1_621' title='bbox 2513 3845 2880 3908; x_wconf 87' lang='lat' dir='ltr'><strong>fraudulenter</strong></span> <span class='ocrx_word' id='word_1_622' title='bbox 2910 3862 2965 3908; x_wconf 90' lang='lat' dir='ltr'><strong>et</strong></span> <span class='ocrx_word' id='word_1_623' title='bbox 3001 3855 3268 3910; x_wconf 84' lang='lat' dir='ltr'><strong>malitiose</strong></span> <span class='ocrx_word' id='word_1_624' title='bbox 3301 3855 3419 3924; x_wconf 89' lang='lat' dir='ltr'><strong>ejus</strong></span> <span class='ocrx_word' id='word_1_625' title='bbox 3458 3859 3712 3913; x_wconf 91' lang='lat' dir='ltr'><strong>submoto</strong></span> 
     </span>
    </p>
   </div>
   <div class='ocr_carea' id='block_1_85' title="bbox 2137 3943 3710 4016">
    <p class='ocr_par' dir='ltr' id='par_1_85' title="bbox 2137 3943 3710 4016">
     <span class='ocr_line' id='line_1_85' title="bbox 2137 3943 3710 4016; baseline 0.002 -19"><span class='ocrx_word' id='word_1_626' title='bbox 2137 3943 2404 4012; x_wconf 68' lang='lat' dir='ltr'><strong>praesidio,</strong></span> <span class='ocrx_word' id='word_1_627' title='bbox 2429 3943 2596 3998; x_wconf 91' lang='lat' dir='ltr'><strong>Deum</strong></span> <span class='ocrx_word' id='word_1_628' title='bbox 2620 3944 2988 3999; x_wconf 87' lang='lat' dir='ltr'><strong>universitatis</strong></span> <span class='ocrx_word' id='word_1_629' title='bbox 3009 3944 3280 4001; x_wconf 78' lang='lat' dir='ltr'><strong>offendere</strong></span> <span class='ocrx_word' id='word_1_630' title='bbox 3305 3961 3710 4016; x_wconf 78' lang='lat' dir='ltr'><strong>persuaserunt,</strong></span> 
     </span>
    </p>
   </div>
   <div class='ocr_carea' id='block_1_86' title="bbox 2139 4036 3712 4107">
    <p class='ocr_par' dir='ltr' id='par_1_86' title="bbox 2139 4036 3712 4107">
     <span class='ocr_line' id='line_1_86' title="bbox 2139 4036 3712 4107; baseline 0.003 -17"><span class='ocrx_word' id='word_1_631' title='bbox 2139 4045 2193 4090; x_wconf 91' lang='lat' dir='ltr'><strong>et</strong></span> <span class='ocrx_word' id='word_1_632' title='bbox 2219 4051 2427 4106; x_wconf 89' lang='lat' dir='ltr'><strong>semper</strong></span> <span class='ocrx_word' id='word_1_633' title='bbox 2457 4037 2508 4089; x_wconf 94' lang='lat' dir='ltr'><strong>in</strong></span> <span class='ocrx_word' id='word_1_634' title='bbox 2541 4046 2790 4106; x_wconf 87' lang='lat' dir='ltr'><strong>suscepto</strong></span> <span class='ocrx_word' id='word_1_635' title='bbox 2828 4036 3054 4091; x_wconf 90' lang='lat' dir='ltr'><strong>consilio</strong></span> <span class='ocrx_word' id='word_1_636' title='bbox 3086 4039 3455 4106; x_wconf 91' lang='lat' dir='ltr'><strong>perstiterunt.</strong></span> <span class='ocrx_word' id='word_1_637' title='bbox 3483 4040 3633 4107; x_wconf 86' lang='lat' dir='ltr'><strong>Quod</strong></span> <span class='ocrx_word' id='word_1_638' title='bbox 3664 4042 3712 4097; x_wconf 88' lang='lat' dir='ltr'><strong>si</strong></span> 
     </span>
    </p>
   </div>
   <div class='ocr_carea' id='block_1_87' title="bbox 2140 4128 3714 4188">
    <p class='ocr_par' dir='ltr' id='par_1_87' title="bbox 2140 4128 3714 4188">
     <span class='ocr_line' id='line_1_87' title="bbox 2140 4128 3714 4188; baseline 0.003 -5"><span class='ocrx_word' id='word_1_639' title='bbox 2140 4129 2192 4183; x_wconf 93' lang='lat' dir='ltr'><strong>in</strong></span> <span class='ocrx_word' id='word_1_640' title='bbox 2243 4128 2608 4183; x_wconf 86' lang='lat' dir='ltr'><strong>calamitatum</strong></span> <span class='ocrx_word' id='word_1_641' title='bbox 2646 4129 2960 4184; x_wconf 90' lang='lat' dir='ltr'><strong>societatem</strong></span> <span class='ocrx_word' id='word_1_642' title='bbox 2995 4131 3177 4186; x_wconf 88' lang='lat' dir='ltr'><strong>venire</strong></span> <span class='ocrx_word' id='word_1_643' title='bbox 3210 4130 3461 4188; x_wconf 84' lang='lat' dir='ltr'><strong>lsraelem</strong></span> <span class='ocrx_word' id='word_1_644' title='bbox 3498 4135 3714 4188; x_wconf 84' lang='lat' dir='ltr'><strong>contin-</strong></span> 
     </span>
    </p>
   </div>
   <div class='ocr_carea' id='block_1_88' title="bbox 2138 4222 3717 4290">
    <p class='ocr_par' dir='ltr' id='par_1_88' title="bbox 2138 4222 3717 4290">
     <span class='ocr_line' id='line_1_88' title="bbox 2138 4222 3717 4290; baseline 0.004 -17"><span class='ocrx_word' id='word_1_645' title='bbox 2138 4223 2463 4290; x_wconf 76' lang='lat' dir='ltr'><strong>geret,qu0d</strong></span> <span class='ocrx_word' id='word_1_646' title='bbox 2494 4223 2658 4276; x_wconf 88' lang='lat' dir='ltr'><strong>Deum</strong></span> <span class='ocrx_word' id='word_1_647' title='bbox 2689 4222 3042 4278; x_wconf 72' lang='lat' dir='ltr'><strong>offendissent</strong></span> <span class='ocrx_word' id='word_1_648' title='bbox 3074 4242 3086 4277; x_wconf 93' lang='lat'>:</span> <span class='ocrx_word' id='word_1_649' title='bbox 3121 4239 3180 4278; x_wconf 92' lang='lat' dir='ltr'><strong>se</strong></span> <span class='ocrx_word' id='word_1_650' title='bbox 3204 4236 3392 4279; x_wconf 90' lang='lat' dir='ltr'><strong>contra</strong></span> <span class='ocrx_word' id='word_1_651' title='bbox 3420 4225 3717 4280; x_wconf 78' lang='lat' dir='ltr'><strong>efferebant</strong></span> 
     </span>
    </p>
   </div>
   <div class='ocr_carea' id='block_1_89' title="bbox 2141 4312 3715 4386">
    <p class='ocr_par' dir='ltr' id='par_1_89' title="bbox 2141 4312 3715 4386">
     <span class='ocr_line' id='line_1_89' title="bbox 2141 4312 3715 4386; baseline 0.004 -20"><span class='ocrx_word' id='word_1_652' title='bbox 2141 4312 2237 4377; x_wconf 94' lang='lat' dir='ltr'><strong>illi,</strong></span> <span class='ocrx_word' id='word_1_653' title='bbox 2266 4328 2329 4366; x_wconf 89' lang='lat' dir='ltr'><strong>ac</strong></span> <span class='ocrx_word' id='word_1_654' title='bbox 2362 4312 2798 4367; x_wconf 87' lang='lat' dir='ltr'><strong>convitiabantur</strong></span> <span class='ocrx_word' id='word_1_655' title='bbox 2820 4325 3108 4370; x_wconf 83' lang='lat' dir='ltr'><strong>causantes</strong></span> <span class='ocrx_word' id='word_1_656' title='bbox 3147 4316 3336 4381; x_wconf 90' lang='lat' dir='ltr'><strong>Deum,</strong></span> <span class='ocrx_word' id='word_1_657' title='bbox 3370 4319 3459 4386; x_wconf 87' lang='lat' dir='ltr'><strong>qui</strong></span> <span class='ocrx_word' id='word_1_658' title='bbox 3496 4334 3715 4373; x_wconf 84' lang='lat' dir='ltr'><strong>servare</strong></span> 
     </span>
    </p>
   </div>
   <div class='ocr_carea' id='block_1_90' title="bbox 466 4405 2026 4479">
    <p class='ocr_par' dir='ltr' id='par_1_90' title="bbox 466 4406 2026 4479">
     <span class='ocr_line' id='line_1_90' title="bbox 466 4406 2026 4479; baseline -0.004 -14"><span class='ocrx_word' id='word_1_659' title='bbox 466 4427 689 4475; x_wconf 83' lang='grc' dir='ltr'>στάντες</span> <span class='ocrx_word' id='word_1_660' title='bbox 715 4409 878 4465; x_wconf 78' lang='grc' dir='ltr'>αὑτοῦ</span> <span class='ocrx_word' id='word_1_661' title='bbox 904 4408 1000 4479; x_wconf 79' lang='grc' dir='ltr'><strong>τὴν</strong></span> <span class='ocrx_word' id='word_1_662' title='bbox 1025 4407 1366 4477; x_wconf 84' lang='grc' dir='ltr'>ἐπικουρίαν,</span> <span class='ocrx_word' id='word_1_663' title='bbox 1397 4407 1756 4478; x_wconf 84' lang='grc' dir='ltr'>προσκρούειν</span> <span class='ocrx_word' id='word_1_664' title='bbox 1788 4406 2026 4459; x_wconf 60' lang='grc' dir='ltr'>ὰνέττιθοι</span> 
     </span>
    </p>
   </div>
   <div class='ocr_carea' id='block_1_91' title="bbox 2129 4405 3712 4479">
    <p class='ocr_par' dir='ltr' id='par_1_91' title="bbox 2141 4405 3712 4478">
     <span class='ocr_line' id='line_1_91' title="bbox 2141 4405 3712 4478; baseline 0.005 -22"><span class='ocrx_word' id='word_1_665' title='bbox 2141 4405 2380 4459; x_wconf 90' lang='lat' dir='ltr'><strong>cultores</strong></span> <span class='ocrx_word' id='word_1_666' title='bbox 2428 4420 2553 4459; x_wconf 91' lang='lat' dir='ltr'><strong>suos</strong></span> <span class='ocrx_word' id='word_1_667' title='bbox 2599 4406 2952 4475; x_wconf 87' lang='lat' dir='ltr'><strong>promiserat,</strong></span> <span class='ocrx_word' id='word_1_668' title='bbox 3007 4406 3137 4460; x_wconf 90' lang='lat' dir='ltr'><strong>nihil</strong></span> <span class='ocrx_word' id='word_1_669' title='bbox 3185 4408 3406 4462; x_wconf 92' lang='lat' dir='ltr'><strong>omnino</strong></span> <span class='ocrx_word' id='word_1_670' title='bbox 3453 4411 3712 4478; x_wconf 83' lang='lat' dir='ltr'><strong>potuisse.</strong></span> 
     </span>
    </p>
   </div>
   <div class='ocr_carea' id='block_1_92' title="bbox 463 4492 2026 4577">
    <p class='ocr_par' dir='ltr' id='par_1_92' title="bbox 463 4497 2018 4577">
     <span class='ocr_line' id='line_1_92' title="bbox 463 4497 2018 4577; baseline -0.006 -17"><span class='ocrx_word' id='word_1_671' title='bbox 463 4507 541 4577; x_wconf 83' lang='grc' dir='ltr'>τῷ</span> <span class='ocrx_word' id='word_1_672' title='bbox 573 4509 665 4560; x_wconf 72' lang='grc' dir='ltr'><strong>ἐπὶ</strong></span> <span class='ocrx_word' id='word_1_673' title='bbox 720 4505 928 4567; x_wconf 85' lang='grc' dir='ltr'>πάντας</span> <span class='ocrx_word' id='word_1_674' title='bbox 967 4502 1107 4572; x_wconf 82' lang='grc' dir='ltr'><strong>Θεῷ.</strong></span> <span class='ocrx_word' id='word_1_675' title='bbox 1157 4500 1572 4555; x_wconf 87' lang='grc' dir='ltr'>Διατετελέκασι</span> <span class='ocrx_word' id='word_1_676' title='bbox 1633 4499 1690 4552; x_wconf 85' lang='grc' dir='ltr'>δὲ</span> <span class='ocrx_word' id='word_1_677' title='bbox 1731 4500 1825 4551; x_wconf 78' lang='grc' dir='ltr'>καὶ</span> <span class='ocrx_word' id='word_1_678' title='bbox 1879 4497 2018 4568; x_wconf 85' lang='grc' dir='ltr'>μέχρ</span> 
     </span>
    </p>
   </div>
   <div class='ocr_carea' id='block_1_93' title="bbox 2129 4492 3718 4577">
    <p class='ocr_par' dir='ltr' id='par_1_93' title="bbox 2148 4492 3718 4563">
     <span class='ocr_line' id='line_1_93' title="bbox 2148 4492 3718 4563; baseline 0.005 -17"><span class='ocrx_word' id='word_1_679' title='bbox 2148 4492 2420 4563; x_wconf 88' lang='lat' dir='ltr'><strong>Hujnsque</strong></span> <span class='ocrx_word' id='word_1_680' title='bbox 2460 4495 2611 4549; x_wconf 90' lang='lat' dir='ltr'><strong>testis</strong></span> <span class='ocrx_word' id='word_1_681' title='bbox 2646 4505 2730 4550; x_wconf 87' lang='lat' dir='ltr'><strong>est</strong></span> <span class='ocrx_word' id='word_1_682' title='bbox 2767 4495 2953 4551; x_wconf 86' lang='lat' dir='ltr'><strong>beatus</strong></span> <span class='ocrx_word' id='word_1_683' title='bbox 2983 4494 3248 4551; x_wconf 85' lang='lat' dir='ltr'><strong>Jeremias</strong></span> <span class='ocrx_word' id='word_1_684' title='bbox 3289 4499 3341 4552; x_wconf 93' lang='lat' dir='ltr'><strong>in</strong></span> <span class='ocrx_word' id='word_1_685' title='bbox 3385 4514 3480 4552; x_wconf 82' lang='lat' dir='ltr'><strong>sua</strong></span> <span class='ocrx_word' id='word_1_686' title='bbox 3523 4500 3588 4553; x_wconf 89' lang='lat' dir='ltr'><strong>de</strong></span> <span class='ocrx_word' id='word_1_687' title='bbox 3628 4500 3718 4554; x_wconf 82' lang='lat' dir='ltr'><strong>illo</strong></span> 
     </span>
    </p>
   </div>
   <div class='ocr_carea' id='block_1_94' title="bbox 466 4583 2026 4665">
    <p class='ocr_par' dir='ltr' id='par_1_94' title="bbox 466 4590 2026 4665">
     <span class='ocr_line' id='line_1_94' title="bbox 466 4590 2026 4665; baseline -0.007 -12"><span class='ocrx_word' id='word_1_688' title='bbox 466 4599 668 4660; x_wconf 81' lang='grc' dir='ltr'>παντὸς</span> <span class='ocrx_word' id='word_1_689' title='bbox 706 4595 964 4665; x_wconf 87' lang='grc' dir='ltr'>τοιαύτην</span> <span class='ocrx_word' id='word_1_690' title='bbox 1028 4595 1242 4664; x_wconf 75' lang='grc' dir='ltr'>ἔχοντες</span> <span class='ocrx_word' id='word_1_691' title='bbox 1302 4591 1548 4662; x_wconf 86' lang='grc' dir='ltr'>γνώμην,</span> <span class='ocrx_word' id='word_1_692' title='bbox 1607 4590 1708 4645; x_wconf 78' lang='grc' dir='ltr'><strong>κᾶν</strong></span> <span class='ocrx_word' id='word_1_693' title='bbox 1750 4593 1799 4643; x_wconf 86' lang='grc' dir='ltr'><strong>εί</strong></span> <span class='ocrx_word' id='word_1_694' title='bbox 1850 4590 2026 4643; x_wconf 74' lang='grc' dir='ltr'>συνέδτ</span> 
     </span>
    </p>
   </div>
   <div class='ocr_carea' id='block_1_95' title="bbox 2129 4583 3720 4665">
    <p class='ocr_par' dir='ltr' id='par_1_95' title="bbox 2147 4583 3720 4652">
     <span class='ocr_line' id='line_1_95' title="bbox 2147 4583 3720 4652; baseline 0.004 -17"><span class='ocrx_word' id='word_1_695' title='bbox 2147 4583 2376 4646; x_wconf 80' lang='lat' dir='ltr'><strong>visione,</strong></span> <span class='ocrx_word' id='word_1_696' title='bbox 2412 4585 2597 4638; x_wconf 89' lang='lat' dir='ltr'><strong>dicens</strong></span> <span class='ocrx_word' id='word_1_697' title='bbox 2639 4603 2651 4637; x_wconf 91' lang='lat'><strong>:</strong></span> <span class='ocrx_word' id='word_1_698' title='bbox 2691 4601 2709 4634; x_wconf 77' lang='grc' dir='ltr'><strong>ι</strong></span> <span class='ocrx_word' id='word_1_699' title='bbox 2753 4583 3104 4640; x_wconf 87' lang='lat' dir='ltr'><strong>Confractum</strong></span> <span class='ocrx_word' id='word_1_700' title='bbox 3140 4597 3223 4640; x_wconf 89' lang='lat' dir='ltr'><strong>est</strong></span> <span class='ocrx_word' id='word_1_701' title='bbox 3256 4602 3420 4640; x_wconf 92' lang='lat' dir='ltr'><strong>cornu</strong></span> <span class='ocrx_word' id='word_1_702' title='bbox 3457 4587 3632 4652; x_wconf 86' lang='lat' dir='ltr'><strong>Moab,</strong></span> <span class='ocrx_word' id='word_1_703' title='bbox 3663 4601 3720 4643; x_wconf 91' lang='lat' dir='ltr'><strong>et</strong></span> 
     </span>
    </p>
   </div>
   <div class='ocr_carea' id='block_1_96' title="bbox 465 4681 2048 4762">
    <p class='ocr_par' dir='ltr' id='par_1_96' title="bbox 465 4681 2048 4762">
     <span class='ocr_line' id='line_1_96' title="bbox 465 4681 2048 4762; baseline -0.008 -17"><span class='ocrx_word' id='word_1_704' title='bbox 465 4691 557 4746; x_wconf 81' lang='grc' dir='ltr'><strong>τὸν</strong></span> <span class='ocrx_word' id='word_1_705' title='bbox 601 4688 818 4762; x_wconf 82' lang='grc' dir='ltr'>Ἰσραὴλ</span> <span class='ocrx_word' id='word_1_706' title='bbox 847 4687 1174 4756; x_wconf 83' lang='grc' dir='ltr'>κοινωνῆσαι</span> <span class='ocrx_word' id='word_1_707' title='bbox 1205 4686 1517 4755; x_wconf 82' lang='grc' dir='ltr'>συμφοραῖς</span> <span class='ocrx_word' id='word_1_708' title='bbox 1567 4681 2048 4754; x_wconf 86' lang='grc' dir='ltr'>προσκεκρουκότα</span> 
     </span>
    </p>
   </div>
   <div class='ocr_carea' id='block_1_97' title="bbox 466 4778 2047 4853">
    <p class='ocr_par' dir='ltr' id='par_1_97' title="bbox 466 4778 2047 4853">
     <span class='ocr_line' id='line_1_97' title="bbox 466 4778 2047 4853; baseline -0.006 -16"><span class='ocrx_word' id='word_1_709' title='bbox 466 4782 606 4853; x_wconf 85' lang='grc' dir='ltr'>Θεῷ,</span> <span class='ocrx_word' id='word_1_710' title='bbox 664 4778 1156 4852; x_wconf 76' lang='grc' dir='ltr'>κατηλαζονεύοντο</span> <span class='ocrx_word' id='word_1_711' title='bbox 1199 4779 1292 4831; x_wconf 76' lang='grc' dir='ltr'><strong>καὶ</strong></span> <span class='ocrx_word' id='word_1_712' title='bbox 1340 4778 1776 4848; x_wconf 85' lang='grc' dir='ltr'>κατεκερτόμουν</span> <span class='ocrx_word' id='word_1_713' title='bbox 1829 4778 2047 4840; x_wconf 90' lang='grc' dir='ltr'>ἐκεῖνοι,</span> 
     </span>
    </p>
   </div>
   <div class='ocr_carea' id='block_1_98' title="bbox 468 4867 2050 4950">
    <p class='ocr_par' dir='ltr' id='par_1_98' title="bbox 468 4867 2050 4950">
     <span class='ocr_line' id='line_1_98' title="bbox 468 4867 2050 4950; baseline -0.008 -18"><span class='ocrx_word' id='word_1_714' title='bbox 468 4880 532 4932; x_wconf 77' lang='grc' dir='ltr'>τὸ</span> <span class='ocrx_word' id='word_1_715' title='bbox 569 4877 735 4950; x_wconf 86' lang='grc' dir='ltr'>μηδὲν</span> <span class='ocrx_word' id='word_1_716' title='bbox 771 4875 906 4938; x_wconf 77' lang='grc' dir='ltr'>ὅλως</span> <span class='ocrx_word' id='word_1_717' title='bbox 956 4870 1216 4927; x_wconf 85' lang='grc' dir='ltr'>δύνασθαι</span> <span class='ocrx_word' id='word_1_718' title='bbox 1275 4868 1709 4942; x_wconf 83' lang='grc' dir='ltr'>κατηγοροῦντες</span> <span class='ocrx_word' id='word_1_719' title='bbox 1757 4868 1914 4930; x_wconf 82' lang='grc' dir='ltr'>Θεοῦ,</span> <span class='ocrx_word' id='word_1_720' title='bbox 1955 4867 2050 4920; x_wconf 71' lang='grc' dir='ltr'>τοῦ</span> 
     </span>
    </p>
   </div>
   <div class='ocr_carea' id='block_1_99' title="bbox 471 4959 2046 5037">
    <p class='ocr_par' dir='ltr' id='par_1_99' title="bbox 471 4959 2046 5037">
     <span class='ocr_line' id='line_1_99' title="bbox 471 4959 2046 5037; baseline -0.008 -13"><span class='ocrx_word' id='word_1_721' title='bbox 471 4971 663 5035; x_wconf 82' lang='grc' dir='ltr'>σώζειν</span> <span class='ocrx_word' id='word_1_722' title='bbox 715 4966 1142 5037; x_wconf 80' lang='grc' dir='ltr'>ὑπισχνουμένου</span> <span class='ocrx_word' id='word_1_723' title='bbox 1200 4965 1327 5026; x_wconf 81' lang='grc' dir='ltr'>τοὺς</span> <span class='ocrx_word' id='word_1_724' title='bbox 1381 4960 1823 5034; x_wconf 80' lang='grc' dir='ltr'>προσκυνοῦντας</span> <span class='ocrx_word' id='word_1_725' title='bbox 1876 4959 2046 5028; x_wconf 83' lang='grc' dir='ltr'>αὐτῷ.</span> 
     </span>
    </p>
   </div>
   <div class='ocr_carea' id='block_1_100' title="bbox 469 5055 2048 5131">
    <p class='ocr_par' dir='ltr' id='par_1_100' title="bbox 469 5055 2048 5131">
     <span class='ocr_line' id='line_1_100' title="bbox 469 5055 2048 5131; baseline -0.008 -13"><span class='ocrx_word' id='word_1_726' title='bbox 469 5064 582 5118; x_wconf 72' lang='grc' dir='ltr'>Καὶ</span> <span class='ocrx_word' id='word_1_727' title='bbox 599 5061 789 5116; x_wconf 86' lang='grc' dir='ltr'>τούτου</span> <span class='ocrx_word' id='word_1_728' title='bbox 822 5062 1029 5131; x_wconf 87' lang='grc' dir='ltr'>μάρτυς</span> <span class='ocrx_word' id='word_1_729' title='bbox 1058 5061 1086 5113; x_wconf 94' lang='lat'><strong>6</strong></span> <span class='ocrx_word' id='word_1_730' title='bbox 1117 5057 1388 5129; x_wconf 78' lang='grc' dir='ltr'>μακάριος</span> <span class='ocrx_word' id='word_1_731' title='bbox 1443 5055 1712 5127; x_wconf 85' lang='grc' dir='ltr'>Ἱερεμίας</span> <span class='ocrx_word' id='word_1_732' title='bbox 1733 5055 1789 5107; x_wconf 89' lang='grc' dir='ltr'><strong>ἐν</strong></span> <span class='ocrx_word' id='word_1_733' title='bbox 1817 5055 1883 5124; x_wconf 76' lang='grc' dir='ltr'>τῇ</span> <span class='ocrx_word' id='word_1_734' title='bbox 1923 5055 2048 5107; x_wconf 83' lang='grc' dir='ltr'>κατ’</span> 
     </span>
    </p>
   </div>
   <div class='ocr_carea' id='block_1_101' title="bbox 469 5145 2049 5224">
    <p class='ocr_par' dir='ltr' id='par_1_101' title="bbox 469 5145 2049 5224">
     <span class='ocr_line' id='line_1_101' title="bbox 469 5145 2049 5224; baseline -0.006 -16"><span class='ocrx_word' id='word_1_735' title='bbox 469 5155 651 5208; x_wconf 83' lang='grc' dir='ltr'>αὐτῶν</span> <span class='ocrx_word' id='word_1_736' title='bbox 680 5155 867 5224; x_wconf 84' lang='grc' dir='ltr'>ὁράσει</span> <span class='ocrx_word' id='word_1_737' title='bbox 899 5153 1073 5220; x_wconf 88' lang='grc' dir='ltr'>λέγων</span> <span class='ocrx_word' id='word_1_738' title='bbox 1104 5169 1113 5178; x_wconf 89' lang='grc'><strong>·</strong></span> <span class='ocrx_word' id='word_1_739' title='bbox 1147 5171 1165 5202; x_wconf 77' lang='grc' dir='ltr'><strong>ι</strong></span> <span class='ocrx_word' id='word_1_740' title='bbox 1201 5148 1493 5220; x_wconf 84' lang='grc' dir='ltr'>Κατεάχθη</span> <span class='ocrx_word' id='word_1_741' title='bbox 1536 5148 1708 5219; x_wconf 86' lang='grc' dir='ltr'>κέρας</span> <span class='ocrx_word' id='word_1_742' title='bbox 1735 5145 1934 5208; x_wconf 83' lang='grc' dir='ltr'>Μωὰϐ,</span> <span class='ocrx_word' id='word_1_743' title='bbox 1955 5147 2049 5200; x_wconf 73' lang='grc' dir='ltr'><strong>καὶ</strong></span> 
     </span>
    </p>
   </div>
   <div class='ocr_carea' id='block_1_102' title="bbox 469 5239 2049 5318">
    <p class='ocr_par' dir='ltr' id='par_1_102' title="bbox 469 5239 2049 5318">
     <span class='ocr_line' id='line_1_102' title="bbox 469 5239 2049 5318; baseline -0.006 -17"><span class='ocrx_word' id='word_1_744' title='bbox 469 5248 532 5300; x_wconf 74' lang='grc' dir='ltr'>τὸ</span> <span class='ocrx_word' id='word_1_745' title='bbox 573 5247 873 5318; x_wconf 83' lang='grc' dir='ltr'>ἐπιχείριον</span> <span class='ocrx_word' id='word_1_746' title='bbox 909 5243 1072 5298; x_wconf 76' lang='grc' dir='ltr'>αὐτοῦ</span> <span class='ocrx_word' id='word_1_747' title='bbox 1105 5242 1414 5314; x_wconf 79' lang='grc' dir='ltr'>συνετρίϐη.</span> <span class='ocrx_word' id='word_1_748' title='bbox 1447 5240 1735 5296; x_wconf 83' lang='grc' dir='ltr'>Μεθύσατε</span> <span class='ocrx_word' id='word_1_749' title='bbox 1765 5239 1926 5293; x_wconf 80' lang='grc' dir='ltr'>αὑτὸν</span> <span class='ocrx_word' id='word_1_750' title='bbox 1967 5239 2049 5292; x_wconf 78' lang='grc' dir='ltr'>ὅτι</span> 
     </span>
    </p>
   </div>
   <div class='ocr_carea' id='block_1_103' title="bbox 471 5331 2046 5411">
    <p class='ocr_par' dir='ltr' id='par_1_103' title="bbox 471 5331 2046 5411">
     <span class='ocr_line' id='line_1_103' title="bbox 471 5331 2046 5411; baseline -0.006 -17"><span class='ocrx_word' id='word_1_751' title='bbox 471 5341 567 5394; x_wconf 71' lang='grc' dir='ltr'><strong>ἐπὶ</strong></span> <span class='ocrx_word' id='word_1_752' title='bbox 590 5341 794 5411; x_wconf 83' lang='grc' dir='ltr'>Κύριον</span> <span class='ocrx_word' id='word_1_753' title='bbox 827 5338 1190 5410; x_wconf 84' lang='grc' dir='ltr'>ἐμεγαλύνθη.</span> <span class='ocrx_word' id='word_1_754' title='bbox 1230 5355 1248 5389; x_wconf 73' lang='grc' dir='ltr'><strong>ι</strong></span> <span class='ocrx_word' id='word_1_755' title='bbox 1289 5335 1395 5390; x_wconf 79' lang='grc' dir='ltr'>Καὶ</span> <span class='ocrx_word' id='word_1_756' title='bbox 1427 5335 1588 5388; x_wconf 86' lang='grc' dir='ltr'>πάλιν</span> <span class='ocrx_word' id='word_1_757' title='bbox 1616 5349 1631 5364; x_wconf 88' lang='grc'><strong>·</strong></span> <span class='ocrx_word' id='word_1_758' title='bbox 1668 5352 1686 5386; x_wconf 80' lang='lat' dir='ltr'><strong>t</strong></span> <span class='ocrx_word' id='word_1_759' title='bbox 1729 5334 1848 5386; x_wconf 82' lang='grc' dir='ltr'>Ὀτι</span> <span class='ocrx_word' id='word_1_760' title='bbox 1873 5331 2046 5394; x_wconf 75' lang='grc' dir='ltr'>οὕτως</span> 
     </span>
    </p>
   </div>
   <div class='ocr_carea' id='block_1_104' title="bbox 471 5424 2045 5501">
    <p class='ocr_par' dir='ltr' id='par_1_104' title="bbox 471 5424 2045 5501">
     <span class='ocr_line' id='line_1_104' title="bbox 471 5424 2045 5501; baseline -0.006 -16"><span class='ocrx_word' id='word_1_761' title='bbox 471 5427 643 5485; x_wconf 80' lang='grc' dir='ltr'>εἷπεὸ</span> <span class='ocrx_word' id='word_1_762' title='bbox 688 5431 914 5501; x_wconf 83' lang='grc' dir='ltr'>Κύριος.</span> <span class='ocrx_word' id='word_1_763' title='bbox 983 5428 1222 5500; x_wconf 82' lang='grc' dir='ltr'>Ἐλήφθη</span> <span class='ocrx_word' id='word_1_764' title='bbox 1289 5424 1518 5498; x_wconf 83' lang='grc' dir='ltr'>Ἀριώθ·</span> <span class='ocrx_word' id='word_1_765' title='bbox 1556 5425 1651 5480; x_wconf 79' lang='grc' dir='ltr'><strong>καὶ</strong></span> <span class='ocrx_word' id='word_1_766' title='bbox 1711 5424 2045 5498; x_wconf 83' lang='grc' dir='ltr'>ὀχυρώματα</span> 
     </span>
    </p>
   </div>
   <div class='ocr_carea' id='block_1_105' title="bbox 473 5517 2046 5594">
    <p class='ocr_par' dir='ltr' id='par_1_105' title="bbox 473 5517 2046 5594">
     <span class='ocr_line' id='line_1_105' title="bbox 473 5517 2046 5594; baseline -0.005 -17"><span class='ocrx_word' id='word_1_767' title='bbox 473 5523 804 5594; x_wconf 83' lang='grc' dir='ltr'>συνελήφθη.</span> <span class='ocrx_word' id='word_1_768' title='bbox 837 5523 948 5576; x_wconf 74' lang='grc' dir='ltr'>Καὶ</span> <span class='ocrx_word' id='word_1_769' title='bbox 977 5521 1260 5575; x_wconf 79' lang='grc' dir='ltr'>ἀπολεῖται</span> <span class='ocrx_word' id='word_1_770' title='bbox 1297 5517 1471 5573; x_wconf 79' lang='grc' dir='ltr'><strong>Μωάὸ</strong></span> <span class='ocrx_word' id='word_1_771' title='bbox 1498 5519 1607 5572; x_wconf 81' lang='grc' dir='ltr'><strong>ἀπὸ</strong></span> <span class='ocrx_word' id='word_1_772' title='bbox 1632 5517 1784 5585; x_wconf 78' lang='grc' dir='ltr'>λαοῦ,</span> <span class='ocrx_word' id='word_1_773' title='bbox 1834 5518 1915 5570; x_wconf 84' lang='grc' dir='ltr'><strong>ὃτι</strong></span> <span class='ocrx_word' id='word_1_774' title='bbox 1955 5517 2046 5570; x_wconf 79' lang='grc' dir='ltr'><strong>ἐπὶ</strong></span> 
     </span>
    </p>
   </div>
   <div class='ocr_carea' id='block_1_106' title="bbox 473 5603 2048 5686">
    <p class='ocr_par' dir='ltr' id='par_1_106' title="bbox 473 5603 2048 5686">
     <span class='ocr_line' id='line_1_106' title="bbox 473 5603 2048 5686; baseline -0.005 -19"><span class='ocrx_word' id='word_1_775' title='bbox 473 5614 678 5685; x_wconf 77' lang='grc' dir='ltr'>Κύριον</span> <span class='ocrx_word' id='word_1_776' title='bbox 709 5613 1071 5686; x_wconf 87' lang='grc' dir='ltr'>ἐμεγαλύνθη.</span> <span class='ocrx_word' id='word_1_777' title='bbox 1117 5633 1134 5664; x_wconf 78' lang='lat' dir='ltr'><strong>t</strong></span> <span class='ocrx_word' id='word_1_778' title='bbox 1161 5603 1302 5665; x_wconf 67' lang='grc' dir='ltr'>’Ἧκε</span> <span class='ocrx_word' id='word_1_779' title='bbox 1332 5610 1431 5680; x_wconf 82' lang='grc' dir='ltr'>μὲν</span> <span class='ocrx_word' id='word_1_780' title='bbox 1465 5609 1573 5680; x_wconf 83' lang='grc' dir='ltr'><strong>γὰρ</strong></span> <span class='ocrx_word' id='word_1_781' title='bbox 1602 5607 1742 5662; x_wconf 87' lang='grc' dir='ltr'>κατὰ</span> <span class='ocrx_word' id='word_1_782' title='bbox 1769 5608 1990 5678; x_wconf 75' lang='grc' dir='ltr'>καιροὺς</span> <span class='ocrx_word' id='word_1_783' title='bbox 2019 5607 2048 5659; x_wconf 91' lang='lat'><strong>6</strong></span> 
     </span>
    </p>
   </div>
   <div class='ocr_carea' id='block_1_107' title="bbox 548 5765 1739 5836">
    <p class='ocr_par' dir='ltr' id='par_1_107' title="bbox 548 5765 1739 5836">
     <span class='ocr_line' id='line_1_107' title="bbox 548 5765 1739 5836; baseline -0.008 -8"><span class='ocrx_word' id='word_1_784' title='bbox 548 5771 593 5803; x_wconf 84' lang='lat'>“</span> <span class='ocrx_word' id='word_1_785' title='bbox 622 5770 783 5832; x_wconf 78' lang='lat' dir='ltr'><strong>Num.</strong></span> <span class='ocrx_word' id='word_1_786' title='bbox 817 5786 945 5836; x_wconf 80' lang='lat' dir='ltr'><strong>un,</strong></span> <span class='ocrx_word' id='word_1_787' title='bbox 991 5772 1101 5827; x_wconf 77' lang='grc'><strong>1-5.</strong></span> <span class='ocrx_word' id='word_1_788' title='bbox 1179 5770 1220 5801; x_wconf 85' lang='grc'><strong>¹⁹</strong></span> <span class='ocrx_word' id='word_1_789' title='bbox 1259 5767 1412 5823; x_wconf 80' lang='lat' dir='ltr'><strong>Num.</strong></span> <span class='ocrx_word' id='word_1_790' title='bbox 1460 5780 1584 5834; x_wconf 81' lang='lat' dir='ltr'><strong>xxv,</strong></span> <span class='ocrx_word' id='word_1_791' title='bbox 1638 5765 1739 5819; x_wconf 69' lang='lat'><strong>1-5.</strong></span> 
     </span>
    </p>
   </div>
   <div class='ocr_carea' id='block_1_108' title="bbox 2147 4675 3718 4748">
    <p class='ocr_par' dir='ltr' id='par_1_108' title="bbox 2147 4675 3718 4748">
     <span class='ocr_line' id='line_1_108' title="bbox 2147 4675 3718 4748; baseline 0.003 -20"><span class='ocrx_word' id='word_1_792' title='bbox 2147 4676 2425 4742; x_wconf 64' lang='lat' dir='ltr'><strong>praemium</strong></span> <span class='ocrx_word' id='word_1_793' title='bbox 2466 4676 2582 4745; x_wconf 89' lang='lat' dir='ltr'><strong>ejus</strong></span> <span class='ocrx_word' id='word_1_794' title='bbox 2628 4675 2942 4729; x_wconf 84' lang='lat' dir='ltr'><strong>contritum.</strong></span> <span class='ocrx_word' id='word_1_795' title='bbox 2975 4677 3241 4732; x_wconf 87' lang='lat' dir='ltr'><strong>lnebriate</strong></span> <span class='ocrx_word' id='word_1_796' title='bbox 3288 4678 3458 4744; x_wconf 91' lang='lat' dir='ltr'><strong>illum,</strong></span> <span class='ocrx_word' id='word_1_797' title='bbox 3495 4680 3618 4748; x_wconf 88' lang='lat' dir='ltr'><strong>quia</strong></span> <span class='ocrx_word' id='word_1_798' title='bbox 3665 4681 3718 4734; x_wconf 86' lang='lat' dir='ltr'><strong>in</strong></span> 
     </span>
    </p>
   </div>
   <div class='ocr_carea' id='block_1_109' title="bbox 2149 4765 3721 4838">
    <p class='ocr_par' dir='ltr' id='par_1_109' title="bbox 2149 4765 3721 4838">
     <span class='ocr_line' id='line_1_109' title="bbox 2149 4765 3721 4838; baseline 0.004 -19"><span class='ocrx_word' id='word_1_799' title='bbox 2149 4765 2433 4822; x_wconf 80' lang='lat' dir='ltr'><strong>Dominum</strong></span> <span class='ocrx_word' id='word_1_800' title='bbox 2472 4783 2699 4838; x_wconf 74' lang='lat' dir='ltr'><strong>magnus</strong></span> <span class='ocrx_word' id='word_1_801' title='bbox 2731 4768 2903 4823; x_wconf 86' lang='lat' dir='ltr'><strong>factus</strong></span> <span class='ocrx_word' id='word_1_802' title='bbox 2931 4780 3014 4824; x_wconf 89' lang='lat' dir='ltr'><strong>est</strong></span> <span class='ocrx_word' id='word_1_803' title='bbox 3034 4771 3100 4824; x_wconf 77' lang='lat'><strong>&#39;°.</strong></span> <span class='ocrx_word' id='word_1_804' title='bbox 3142 4789 3158 4821; x_wconf 76' lang='grc' dir='ltr'><strong>ι</strong></span> <span class='ocrx_word' id='word_1_805' title='bbox 3199 4771 3262 4825; x_wconf 86' lang='grc' dir='ltr'>Ει</span> <span class='ocrx_word' id='word_1_806' title='bbox 3292 4787 3479 4826; x_wconf 90' lang='lat' dir='ltr'><strong>rursus</strong></span> <span class='ocrx_word' id='word_1_807' title='bbox 3513 4790 3526 4826; x_wconf 90' lang='lat'><strong>:</strong></span> <span class='ocrx_word' id='word_1_808' title='bbox 3569 4791 3585 4823; x_wconf 80' lang='grc' dir='ltr'><strong>ι</strong></span> <span class='ocrx_word' id='word_1_809' title='bbox 3627 4770 3721 4826; x_wconf 85' lang='lat' dir='ltr'><strong>Sic</strong></span> 
     </span>
    </p>
   </div>
   <div class='ocr_carea' id='block_1_110' title="bbox 2151 4859 3719 4929">
    <p class='ocr_par' dir='ltr' id='par_1_110' title="bbox 2151 4859 3719 4929">
     <span class='ocr_line' id='line_1_110' title="bbox 2151 4859 3719 4929; baseline 0.004 -15"><span class='ocrx_word' id='word_1_810' title='bbox 2151 4860 2280 4915; x_wconf 88' lang='lat' dir='ltr'><strong>dicit</strong></span> <span class='ocrx_word' id='word_1_811' title='bbox 2336 4859 2638 4915; x_wconf 90' lang='lat' dir='ltr'><strong>Dominus:</strong></span> <span class='ocrx_word' id='word_1_812' title='bbox 2685 4859 2852 4929; x_wconf 86' lang='lat' dir='ltr'><strong>Capta</strong></span> <span class='ocrx_word' id='word_1_813' title='bbox 2914 4870 2994 4916; x_wconf 91' lang='lat' dir='ltr'><strong>est</strong></span> <span class='ocrx_word' id='word_1_814' title='bbox 3042 4862 3260 4927; x_wconf 80' lang='lat' dir='ltr'><strong>Ariotli,</strong></span> <span class='ocrx_word' id='word_1_815' title='bbox 3291 4873 3344 4918; x_wconf 91' lang='lat' dir='ltr'><strong>et</strong></span> <span class='ocrx_word' id='word_1_816' title='bbox 3395 4866 3719 4920; x_wconf 82' lang='lat' dir='ltr'><strong>munitiones</strong></span> 
     </span>
    </p>
   </div>
   <div class='ocr_carea' id='block_1_111' title="bbox 2151 4953 3716 5027">
    <p class='ocr_par' dir='ltr' id='par_1_111' title="bbox 2151 4953 3716 5027">
     <span class='ocr_line' id='line_1_111' title="bbox 2151 4953 3716 5027; baseline 0.001 -18"><span class='ocrx_word' id='word_1_817' title='bbox 2151 4955 2312 5009; x_wconf 87' lang='lat' dir='ltr'><strong>simul</strong></span> <span class='ocrx_word' id='word_1_818' title='bbox 2341 4965 2510 5025; x_wconf 77' lang='lat' dir='ltr'><strong>capta:</strong></span> <span class='ocrx_word' id='word_1_819' title='bbox 2537 4962 2682 5010; x_wconf 89' lang='lat' dir='ltr'><strong>sunt.</strong></span> <span class='ocrx_word' id='word_1_820' title='bbox 2711 4954 2775 5008; x_wconf 85' lang='lat' dir='ltr'><strong>Et</strong></span> <span class='ocrx_word' id='word_1_821' title='bbox 2802 4955 2998 5024; x_wconf 90' lang='lat' dir='ltr'><strong>peribit</strong></span> <span class='ocrx_word' id='word_1_822' title='bbox 3025 4953 3178 5010; x_wconf 89' lang='lat' dir='ltr'><strong>Moab</strong></span> <span class='ocrx_word' id='word_1_823' title='bbox 3205 4973 3234 5009; x_wconf 88' lang='lat' dir='ltr'><strong>a</strong></span> <span class='ocrx_word' id='word_1_824' title='bbox 3268 4958 3482 5026; x_wconf 89' lang='lat' dir='ltr'><strong>populo,</strong></span> <span class='ocrx_word' id='word_1_825' title='bbox 3506 4959 3628 5027; x_wconf 88' lang='lat' dir='ltr'><strong>quia</strong></span> <span class='ocrx_word' id='word_1_826' title='bbox 3664 4959 3716 5011; x_wconf 91' lang='lat' dir='ltr'><strong>in</strong></span> 
     </span>
    </p>
   </div>
   <div class='ocr_carea' id='block_1_112' title="bbox 2148 5047 3714 5118">
    <p class='ocr_par' dir='ltr' id='par_1_112' title="bbox 2148 5047 3714 5118">
     <span class='ocr_line' id='line_1_112' title="bbox 2148 5047 3714 5118; baseline 0.002 -18"><span class='ocrx_word' id='word_1_827' title='bbox 2148 5047 2433 5102; x_wconf 87' lang='lat' dir='ltr'><strong>Dominum</strong></span> <span class='ocrx_word' id='word_1_828' title='bbox 2482 5048 2862 5118; x_wconf 83' lang='lat' dir='ltr'><strong>magnificatus</strong></span> <span class='ocrx_word' id='word_1_829' title='bbox 2909 5051 3079 5104; x_wconf 80' lang='lat' dir='ltr'><strong>est“.</strong></span> <span class='ocrx_word' id='word_1_830' title='bbox 3125 5069 3142 5100; x_wconf 73' lang='grc' dir='ltr'><strong>ι</strong></span> <span class='ocrx_word' id='word_1_831' title='bbox 3194 5048 3355 5104; x_wconf 82' lang='lat' dir='ltr'><strong>Venit</strong></span> <span class='ocrx_word' id='word_1_832' title='bbox 3399 5052 3541 5104; x_wconf 88' lang='lat' dir='ltr'><strong>enim</strong></span> <span class='ocrx_word' id='word_1_833' title='bbox 3588 5051 3714 5103; x_wconf 85' lang='lat' dir='ltr'><strong>olim</strong></span> 
     </span>
    </p>
   </div>
   <div class='ocr_carea' id='block_1_113' title="bbox 2148 5139 3718 5212">
    <p class='ocr_par' dir='ltr' id='par_1_113' title="bbox 2148 5139 3718 5212">
     <span class='ocr_line' id='line_1_113' title="bbox 2148 5139 3718 5212; baseline 0.001 -18"><span class='ocrx_word' id='word_1_834' title='bbox 2148 5141 2497 5212; x_wconf 83' lang='lat' dir='ltr'><strong>Assyriorum</strong></span> <span class='ocrx_word' id='word_1_835' title='bbox 2529 5150 2584 5196; x_wconf 91' lang='lat' dir='ltr'><strong>et</strong></span> <span class='ocrx_word' id='word_1_836' title='bbox 2616 5139 3029 5211; x_wconf 88' lang='lat' dir='ltr'><strong>Babyloniorum</strong></span> <span class='ocrx_word' id='word_1_837' title='bbox 3067 5153 3349 5212; x_wconf 87' lang='lat' dir='ltr'><strong>tyrannus,</strong></span> <span class='ocrx_word' id='word_1_838' title='bbox 3380 5143 3444 5197; x_wconf 91' lang='lat' dir='ltr'><strong>ad</strong></span> <span class='ocrx_word' id='word_1_839' title='bbox 3478 5141 3718 5196; x_wconf 71' lang='lat' dir='ltr'><strong>intimam</strong></span> 
     </span>
    </p>
   </div>
   <div class='ocr_carea' id='block_1_114' title="bbox 2147 5234 3721 5306">
    <p class='ocr_par' dir='ltr' id='par_1_114' title="bbox 2147 5234 3721 5306">
     <span class='ocr_line' id='line_1_114' title="bbox 2147 5234 3721 5306; baseline 0 -16"><span class='ocrx_word' id='word_1_840' title='bbox 2147 5234 2472 5306; x_wconf 88' lang='lat' dir='ltr'><strong>perdendam</strong></span> <span class='ocrx_word' id='word_1_841' title='bbox 2530 5253 2543 5288; x_wconf 91' lang='lat'><strong>:</strong></span> <span class='ocrx_word' id='word_1_842' title='bbox 2597 5234 2845 5304; x_wconf 89' lang='lat' dir='ltr'><strong>cepitque</strong></span> <span class='ocrx_word' id='word_1_843' title='bbox 2889 5235 3050 5289; x_wconf 89' lang='lat' dir='ltr'><strong>urbes</strong></span> <span class='ocrx_word' id='word_1_844' title='bbox 3103 5235 3362 5290; x_wconf 78' lang='lat' dir='ltr'><strong>Samaria:</strong></span> <span class='ocrx_word' id='word_1_845' title='bbox 3411 5254 3424 5291; x_wconf 90' lang='lat'><strong>:</strong></span> <span class='ocrx_word' id='word_1_846' title='bbox 3476 5235 3721 5290; x_wconf 79' lang='lat' dir='ltr'><strong>Moabitae</strong></span> 
     </span>
    </p>
   </div>
   <div class='ocr_carea' id='block_1_115' title="bbox 2149 5325 3720 5396">
    <p class='ocr_par' dir='ltr' id='par_1_115' title="bbox 2149 5325 3720 5396">
     <span class='ocr_line' id='line_1_115' title="bbox 2149 5325 3720 5396; baseline 0 -14"><span class='ocrx_word' id='word_1_847' title='bbox 2149 5337 2328 5383; x_wconf 87' lang='lat' dir='ltr'><strong>autem</strong></span> <span class='ocrx_word' id='word_1_848' title='bbox 2358 5327 2427 5382; x_wconf 90' lang='lat' dir='ltr'><strong>de</strong></span> <span class='ocrx_word' id='word_1_849' title='bbox 2454 5326 2664 5394; x_wconf 76' lang='lat' dir='ltr'><strong>integro</strong></span> <span class='ocrx_word' id='word_1_850' title='bbox 2696 5325 2922 5380; x_wconf 90' lang='lat' dir='ltr'><strong>irrident</strong></span> <span class='ocrx_word' id='word_1_851' title='bbox 2950 5339 3043 5380; x_wconf 90' lang='lat' dir='ltr'><strong>eos</strong></span> <span class='ocrx_word' id='word_1_852' title='bbox 3075 5325 3166 5395; x_wconf 92' lang='lat' dir='ltr'><strong>qni</strong></span> <span class='ocrx_word' id='word_1_853' title='bbox 3195 5328 3483 5396; x_wconf 86' lang='lat' dir='ltr'><strong>perierant,</strong></span> <span class='ocrx_word' id='word_1_854' title='bbox 3511 5329 3720 5382; x_wconf 74' lang='lat' dir='ltr'><strong>sannis~</strong></span> 
     </span>
    </p>
   </div>
   <div class='ocr_carea' id='block_1_116' title="bbox 2152 5417 3719 5489">
    <p class='ocr_par' dir='ltr' id='par_1_116' title="bbox 2152 5417 3719 5489">
     <span class='ocr_line' id='line_1_116' title="bbox 2152 5417 3719 5489; baseline 0.001 -17"><span class='ocrx_word' id='word_1_855' title='bbox 2152 5433 2255 5489; x_wconf 91' lang='lat' dir='ltr'><strong>que</strong></span> <span class='ocrx_word' id='word_1_856' title='bbox 2289 5434 2351 5474; x_wconf 88' lang='lat' dir='ltr'><strong>ac</strong></span> <span class='ocrx_word' id='word_1_857' title='bbox 2385 5417 2630 5473; x_wconf 87' lang='lat' dir='ltr'><strong>ludibriis</strong></span> <span class='ocrx_word' id='word_1_858' title='bbox 2661 5425 2944 5480; x_wconf 81' lang='lat' dir='ltr'><strong>vexarunt,</strong></span> <span class='ocrx_word' id='word_1_859' title='bbox 2973 5427 3028 5470; x_wconf 91' lang='lat' dir='ltr'><strong>et</strong></span> <span class='ocrx_word' id='word_1_860' title='bbox 3060 5432 3165 5472; x_wconf 89' lang='lat' dir='ltr'><strong>non</strong></span> <span class='ocrx_word' id='word_1_861' title='bbox 3205 5419 3547 5474; x_wconf 89' lang='lat' dir='ltr'><strong>mediocriter</strong></span> <span class='ocrx_word' id='word_1_862' title='bbox 3582 5421 3719 5474; x_wconf 88' lang='lat' dir='ltr'><strong>divi-</strong></span> 
     </span>
    </p>
   </div>
   <div class='ocr_carea' id='block_1_117' title="bbox 2155 5507 3724 5582">
    <p class='ocr_par' dir='ltr' id='par_1_117' title="bbox 2155 5507 3724 5582">
     <span class='ocr_line' id='line_1_117' title="bbox 2155 5507 3724 5582; baseline -0.001 -16"><span class='ocrx_word' id='word_1_863' title='bbox 2155 5528 2277 5566; x_wconf 85' lang='lat' dir='ltr'><strong>nam</strong></span> <span class='ocrx_word' id='word_1_864' title='bbox 2311 5511 2643 5582; x_wconf 84' lang='lat' dir='ltr'><strong>majestatem</strong></span> <span class='ocrx_word' id='word_1_865' title='bbox 2678 5508 2893 5580; x_wconf 89' lang='lat' dir='ltr'><strong>probris</strong></span> <span class='ocrx_word' id='word_1_866' title='bbox 2925 5507 3142 5563; x_wconf 88' lang='lat' dir='ltr'><strong>assidue</strong></span> <span class='ocrx_word' id='word_1_867' title='bbox 3175 5519 3539 5580; x_wconf 87' lang='lat' dir='ltr'><strong>asperserunt.</strong></span> <span class='ocrx_word' id='word_1_868' title='bbox 3575 5509 3724 5567; x_wconf 88' lang='lat' dir='ltr'><strong>lianc</strong></span> 
     </span>
    </p>
   </div>
   <div class='ocr_carea' id='block_1_118' title="bbox 2154 5599 3722 5670">
    <p class='ocr_par' dir='ltr' id='par_1_118' title="bbox 2154 5599 3722 5670">
     <span class='ocr_line' id='line_1_118' title="bbox 2154 5599 3722 5670; baseline -0.003 -11"><span class='ocrx_word' id='word_1_869' title='bbox 2154 5606 2223 5660; x_wconf 89' lang='lat' dir='ltr'><strong>ob</strong></span> <span class='ocrx_word' id='word_1_870' title='bbox 2252 5619 2468 5660; x_wconf 87' lang='lat' dir='ltr'><strong>causam</strong></span> <span class='ocrx_word' id='word_1_871' title='bbox 2502 5602 2684 5658; x_wconf 89' lang='lat' dir='ltr'><strong>traditi</strong></span> <span class='ocrx_word' id='word_1_872' title='bbox 2718 5611 2845 5658; x_wconf 92' lang='lat' dir='ltr'><strong>sunt</strong></span> <span class='ocrx_word' id='word_1_873' title='bbox 2888 5609 2941 5656; x_wconf 89' lang='lat' dir='ltr'><strong>et</strong></span> <span class='ocrx_word' id='word_1_874' title='bbox 2969 5599 3068 5670; x_wconf 90' lang='lat' dir='ltr'><strong>ipsi</strong></span> <span class='ocrx_word' id='word_1_875' title='bbox 3106 5602 3481 5670; x_wconf 87' lang='lat' dir='ltr'><strong>internecioni,</strong></span> <span class='ocrx_word' id='word_1_876' title='bbox 3514 5613 3568 5657; x_wconf 89' lang='lat' dir='ltr'><strong>et</strong></span> <span class='ocrx_word' id='word_1_877' title='bbox 3593 5619 3722 5655; x_wconf 73' lang='lat' dir='ltr'><strong>rum</strong></span> 
     </span>
    </p>
   </div>
   <div class='ocr_carea' id='block_1_119' title="bbox 1819 5758 3074 5829">
    <p class='ocr_par' dir='ltr' id='par_1_119' title="bbox 1819 5758 3074 5829">
     <span class='ocr_line' id='line_1_119' title="bbox 1819 5758 3074 5829; baseline -0.001 -14"><span class='ocrx_word' id='word_1_878' title='bbox 1819 5763 1862 5794; x_wconf 81' lang='grc'><strong>²⁰</strong></span> <span class='ocrx_word' id='word_1_879' title='bbox 1893 5760 2091 5819; x_wconf 80' lang='lat' dir='ltr'><strong>Jerem.</strong></span> <span class='ocrx_word' id='word_1_880' title='bbox 2126 5775 2314 5829; x_wconf 83' lang='lat' dir='ltr'><strong>vant,</strong></span> <span class='ocrx_word' id='word_1_881' title='bbox 2347 5761 2435 5828; x_wconf 71' lang='lat'><strong>9.5,</strong></span> <span class='ocrx_word' id='word_1_882' title='bbox 2463 5760 2550 5816; x_wconf 73' lang='lat'><strong>9.6.</strong></span> <span class='ocrx_word' id='word_1_883' title='bbox 2626 5761 2668 5794; x_wconf 84' lang='grc'>¹¹</span> <span class='ocrx_word' id='word_1_884' title='bbox 2700 5760 2829 5819; x_wconf 89' lang='lat' dir='ltr'><strong>ibid.</strong></span> <span class='ocrx_word' id='word_1_885' title='bbox 2857 5761 2943 5829; x_wconf 68' lang='lat' dir='ltr'><strong>ll,</strong></span> <span class='ocrx_word' id='word_1_886' title='bbox 2985 5758 3074 5815; x_wconf 66' lang='lat' dir='ltr'><strong>ﬂ.</strong></span> 
     </span>
    </p>
   </div>
  </div>
