4148 6374
447 342 551 399 399

1434 326 1490 379 S.
1532 318 1807 379 CYRILLI
1847 312 2316 372 ALEXANDRINI
2356 304 2679 365 ARCHIEP.

3595 298 3703 353 400

448 458 671 513 urbibus
699 462 753 510 et
779 453 1057 518 domibus,
1090 458 1309 519 totoque
1342 446 1541 517 papqu
1574 442 1814 497 funditus
1850 439 2027 508 perie-

2143 434 2444 505 ’Δσσυρίων
2486 433 2579 486 καὶ
2632 429 2988 483 Βαϐυλωνίων
3037 427 3295 499 τύραννος
3337 423 3705 496 καταδῃὼσων

446 559 605 613 runt,
635 557 692 602 ut
715 546 826 611 jam
862 542 1257 614 quodammodo
1289 555 1358 595 ne
1392 552 1514 593 esse
1547 537 1764 606 quidem
1797 534 2018 587 videan-

448 649 555 693 tur.
589 636 833 693 Meminit
863 637 1046 705 itaque
1075 633 1213 689 visio
1244 630 1522 702 pr0posita
1558 642 1766 692 eorum,
1798 641 1919 695 quae
1954 627 2020 679 ab

448 728 601 783 initio
619 727 871 781 nimirum
903 723 1181 794 superiore
1202 719 1462 776 memoria
1482 718 1585 775 illis
1606 717 1943 780 acciderunt,
1972 725 2026 769 et

449 821 624 890 inquit
650 836 665 872 :

2125 529 2223 600 τὴν
2268 526 2548 581 Ἰουδαίαν.
2586 523 2712 577 Εἷλε
2759 524 2816 577 δὲ
2860 523 2960 585 τὰς
2998 521 3096 591 τῆς
3148 518 3457 589 Σαμαρείας
3496 517 3702 581 πόλεις.

2130 619 2416 673 Μωαϐῖται
2437 617 2495 671 δὲ
2529 617 2691 671 πάλιν
2722 614 3181 685 καταμειδιῶντες
3209 611 3317 665 τῶν
3350 608 3706 665 ἀπολωλότων

2132 710 2474 776 ἐπετώθαζον
2500 710 2560 762 οὐ
2599 708 2854 779 μετρίως,
2892 707 2988 760 καὶ
3040 701 3497 768 κατονειδίζοντες
3536 699 3708 754 διετέ-

2135 804 2261 856 λουν
2285 801 2383 873 τὴν
2399 801 2493 855 τοῦ
2507 801 2641 854 Θεοῦ
2669 800 2845 867 δόξαν.
2865 798 3050 870 Ταύτῃ
3064 814 3148 849 τοι
3172 796 3409 849 δέδονται
3434 794 3528 847 καὶ
3552 792 3707 845 αὐτοὶ

449 884 589 983 πρά
615 911 915 982 ἐρήμωσιν,
944 908 1113 980 ἄρδην
1146 925 1204 960 τε
1231 904 1572 959 ἀπολώλασιν
1592 901 1728 973 ὁμοῦ
1762 899 1950 954 πόλεσί
1979 914 2036 950 τε
2068 897 2161 950 καὶ
2198 894 2352 966 δήμῳ
2380 893 2475 946 καὶ
2494 891 2627 963 οἴκῳ
2647 892 2834 956 παντὶ,
2858 890 2998 943 ὥστε
3028 889 3126 960 ἤδη
3161 905 3277 950 πως
3307 885 3440 956 μηδέ
3468 884 3705 955 ὑπάρξαι

448 981 1057 1082 δοκεῖν.ῗΔιαμεμνηται
1113 1005 1353 1075 τοίνυνὴ
1404 1001 1594 1074 ὅρασις
1621 1004 1655 1072 ἡ
1720 996 2057 1070 προκειμένη
2132 994 2240 1049 τῶν
2276 990 2701 1064 συμϐεϐηκότων
2740 990 2959 1052 αὐτοῖς’
3007 983 3067 1051 ἐξ
3111 985 3281 1056 ὀργῆς
3328 984 3566 1055 δηλονότι
3608 981 3707 1052 τῆς

451 1108 677 1168 ἄνωθεν.
711 1108 805 1160 καί
840 1122 1002 1175 φησιν
1028 1121 1041 1134 ·

525 1204 689 1257 Vens.
722 1204 770 1255 l.
807 1201 973 1254 Nocte
1001 1196 1186 1267 peribit
1215 1194 1490 1257 Moabties,
1515 1200 1660 1245 nocte
1685 1191 1821 1244 enim
1847 1185 2029 1258 peribit

452 1313 633 1351 murus
662 1294 930 1363 Moabitis.

524 1388 751 1454 Quidam
787 1399 972 1438 eormn
1007 1381 1100 1450 qui
1134 1381 1246 1434 lucc
1281 1384 1685 1448 pertractarunt
1713 1374 2023 1444 diligenter,

456 1476 823 1540 tradiderunt,
856 1473 1053 1526 bellum
1096 1469 1150 1524 in
1192 1468 1312 1524 illos
1355 1466 1762 1537 capessentibus
1801 1462 2030 1534 Babylo-

2107 1189 2110 1191 ‘
2199 1173 2433 1241 Νυκτός
2468 1171 2784 1229 ἀπολεῖται
2837 1171 2870 1224 ὁ
2916 1172 3262 1237 Μωαϐίτηςο
3325 1169 3546 1236 νυκτὸς
3598 1187 3711 1241 γαρ

2130 1267 2442 1325 ἀπολεῖται
2469 1266 2535 1319 τὸ
2564 1264 2759 1333 τεῖχος
2795 1262 2905 1332 τῆς
2957 1261 3341 1324 Μωαϐίτιδος.

2202 1362 2358 1425 Τινὲς
2406 1361 2514 1412 τῶν
2578 1357 2751 1411 ταῦτα
2810 1356 3199 1428 ἡκριϐωκότων
3261 1355 3564 1425 παρέδοσαν
3625 1356 3712 1410 ὅτι

2134 1453 2434 1525 μελλόντων
2461 1450 2571 1503 τῶν
2592 1449 2677 1502 ἐπ’
2710 1449 2892 1512 αὐτοῖς
2913 1448 3086 1518 αἴρειν
3115 1446 3352 1516 πόλεμον
3385 1447 3494 1500 τῶν
3529 1447 3707 1499 Βαϐυ-

453 1572 588 1636 niis,
627 1581 776 1624 mctu
814 1568 957 1621 l’acto
994 1566 1128 1619 adeo
1166 1576 1481 1617 concussam
1517 1574 1636 1614 esse
1666 1556 2023 1611 Moabitarum

2143 1545 2355 1608 ιωνίων,
2428 1541 2650 1613 σεισμοῦ
2717 1541 3003 1610 γεγονότος
3066 1538 3399 1609 κατεδονήθη
3455 1538 3711 1592 τοσοῦτον

452 1660 817 1730 metropolim,
847 1667 904 1713 ut
939 1664 1080 1710 totus
1117 1654 1232 1721 ejus
1270 1666 1456 1706 murus
1491 1648 1656 1722 249
1691 1658 1848 1703 noctu
1883 1656 1937 1701 et
1971 1647 2024 1699 in

2143 1634 2440 1692 Μωαϐιτῶν
2494 1632 2846 1705 μητρόπολις,
2898 1631 2973 1695 ὡς
3016 1632 3137 1685 ὅλον
3189 1631 3357 1701 αὐτῆς
3387 1631 3710 1700 αὐτομάτως

455 1753 711 1819 tenebris,
740 1766 837 1807 sua
871 1759 1060 1819 sponte
1095 1744 1439 1802 tremefactus
1472 1744 1637 1798 fuerit
1674 1760 1686 1796 :
1724 1756 1829 1811 quo
1864 1739 2027 1801 iacto,

455 1856 580 1901 ante
631 1841 1044 1914 impressionem
1104 1838 1337 1893 hostium
1397 1834 1784 1907 propemodum
1846 1847 2032 1885 eorum

455 1937 633 1992 omnis
658 1951 782 2007 spes
804 1934 994 1989 salutis
1021 1931 1276 2002 perierat.
1302 1928 1427 1983 Ideo
1450 1928 1602 1994 dicit,
1624 1932 1784 1982 noctu
1812 1925 2037 1995 periisse

455 2032 632 2087 Moab.

533 2125 694 2177 Vens.
727 2122 780 2174 2.
814 2120 938 2186 Sed,
968 2122 1160 2188 inquit,
1185 2114 1569 2174 contristamini
1612 2113 1667 2166 in
1710 2110 1851 2165 vobis
1889 2109 2033 2177 ipsis.

529 2216 720 2271 Simile
762 2225 846 2270 est
881 2230 945 2268 ac
988 2217 1033 2268 si
1077 2215 1222 2269 dicat
1266 2231 1279 2267 :
1332 2212 1484 2279 Saepe
1528 2215 1710 2267 erecto
1752 2201 2037 2274 supercilio

458 2311 587 2374 alto,
618 2307 812 2362 alienis
839 2304 1135 2360 insultastis
1163 2300 1581 2362 calamitatibus,
1610 2308 1666 2350 at
1692 2304 1817 2349 tunc
1847 2294 1913 2348 ad
1943 2306 2039 2345 vos

460 2403 609 2471 ipsos
640 2397 838 2452 bellum
870 2396 1129 2465 erumpit,
1158 2396 1224 2449 ad
1252 2408 1349 2447 vos
1381 2398 1651 2460 properat,
1683 2396 1737 2441 et
1766 2400 1886 2455 qua:
1914 2383 2039 2436 hinc

460 2503 585 2545 sunt
624 2489 991 2554 incommoda,
1031 2488 1227 2542 vestris
1270 2484 1449 2553 impiis
1490 2480 1801 2550 impendent
1843 2475 2037 2543 capiti-

460 2586 579 2638 bus.
610 2582 1027 2657 Contristamini
1060 2582 1244 2651 igitur,
1283 2591 1387 2631 non
1430 2573 1689 2635 aliorum,
1723 2569 1818 2625 sed
1858 2579 2035 2622 vestra

460 2692 645 2732 causa.

532 2767 735 2821 Peribit
753 2767 893 2820 enim
913 2763 1152 2818 Lebedon
1174 2756 1501 2833 [al.Debon],
1520 2756 1606 2809 ubi
1628 2767 1699 2809 est
1727 2764 1821 2808 ara
1847 2766 2037 2808 vestra.

540 2857 659 2911 Dixi
696 2871 870 2911 saevos
900 2864 953 2909 et
983 2854 1245 2922 superbos
1272 2850 1437 2905 fuisse
1469 2848 1757 2923 Moabitas,
1783 2854 1843 2919 et,
1863 2846 2039 2916 impo-

464 2950 630 3004 sturis
672 2947 974 3002 daemonum
1019 2944 1187 2999 fretos
1232 2957 1296 2997 ac
1343 2942 1546 3011 magica
1590 2949 1736 3003 arte,
1775 2945 1949 3003 ratos,
1984 2951 2043 2990 se

465 3042 709 3097 omnium
771 3039 1064 3110 potentiam
1131 3044 1509 3105 superaturos,
1567 3033 1852 3101 ipsumque
1910 3032 2043 3083 adeo

465 3133 748 3197 lsraelem,
783 3130 994 3186 etiamsi
1038 3130 1179 3184 Deus
1223 3133 1562 3182 succurreret
1610 3142 1624 3178 :

466 3242 586 3296 quae
613 3232 836 3280 vocatur
867 3222 1148 3297 Lebedon,
1180 3234 1331 3274 aram
1373 3216 1642 3273 habebant
1671 3224 1727 3271 et
1763 3215 2044 3270 delubrum

468 3315 820 3381 admirabile,
868 3323 1130 3385 quantum
1178 3312 1244 3367 ad
1294 3320 1625 3367 Structuram
1674 3307 1933 3377 pertinet,
1974 3305 2047 3359 ibi

468 3410 819 3465 celebrabant
849 3406 1129 3471 vaticinia,
1158 3418 1221 3458 ac
1249 3417 1306 3458 se
1337 3401 1630 3472 plurimum
1654 3397 1967 3462 elierebant,
1995 3404 2049 3450 et

470 3494 583 3571 prae
617 3490 832 3554 cmteris
866 3498 1010 3550 hunc
1044 3494 1220 3549 locum
1252 3491 1620 3571 venerabilem
1654 3499 2049 3557 angustumque

472 3560 789 3645 ieddebant.
819 3586 924 3641 Sed
956 3585 1174 3654 peribit.
1202 3584 1397 3653 inquit,
1420 3560 1854 3655 etiamfvaticinii
1890 3579 2049 3647 [unus

440 3696 441 3699 ‘
468 3684 698 3738 ollicina.

543 3774 681 3828 Illuc
716 3772 1002 3827 ascendetis
1037 3774 1104 3823 ad
1142 3769 1455 3838 plorandum
1488 3782 1642 3832 super
1677 3763 1866 3833 Nabay
1903 3762 2053 3815 Moa-

434 3868 439 3875 ’
473 3866 673 3920 bitidis.

430 3978 439 3981 “
543 3955 750 4011 Civitas
776 3960 955 4005 autem
993 3950 1106 4004 haec
1128 3948 1493 4001 munitissima
1524 3956 1625 4000 est.

547 4045 783 4111 Plorate,
815 4042 977 4113 inquit
1012 4056 1206 4109 :super
1238 4055 1389 4094 omne
1425 4038 1561 4091 enim
1588 4045 1739 4105 caput
1761 4032 2049 4087 caivitium.

547 4225 605 4281 id
630 4235 731 4291 est,
760 4238 865 4277 una
887 4221 1146 4292 pervadet
1177 4233 1368 4275 omnes
1406 4214 1697 4285 Ignominia
1732 4229 1745 4264 :
1776 4212 2053 4266 οιιινίιίυιη

478 4319 676 4390 quippe
703 4316 1014 4388 ignominiae
1040 4310 1367 4383 symbolum.

549 4410 718 4464 Erunt
747 4418 797 4462 et
820 4408 997 4461 omnia
1026 4403 1237 4479 brachia
1264 4401 1493 4454 concisa.

548 4589 859 4660 Plangendo
888 4595 939 4641 et
963 4580 1307 4637 lamentando
1337 4598 1350 4633 :
1382 4579 1467 4634 vel
1499 4580 1639 4647 quod
1664 4578 1926 4632 idolorum
1949 4576 2061 4630 cul-

482 4684 690 4736 toribus
732 4678 973 4734 solemne
1013 4675 1178 4728 fuerit
1219 4672 1512 4726 incisiones
1558 4678 1669 4723 tum
1715 4668 1906 4737 genis,
1949 4676 2058 4720 tum

483 4770 721 4826 brachiis
750 4764 1217 4822 iuierre.Frustra
1245 4762 1409 4831 igitur
1436 4768 1487 4813 et
1512 4761 1614 4814 hoc
1641 4759 1835 4827 agetis,
1856 4758 2051 4827 inquit,

480 4861 745 4931 siquidem
772 4872 861 4913 res
886 4865 967 4911 est
989 4854 1211 4909 omnino
1237 4851 1461 4907 inutilis.

554 5042 723 5095 Vens.
750 5039 806 5106 5,
835 5038 892 5093 4.
923 5035 1098 5105 Igitur
1135 5034 1189 5087 in
1226 5032 1410 5100 plateis
1444 5030 1557 5098 ejus
1592 5027 2056 5096 circumcingimini

487 5148 699 5195 saccos,
732 5139 782 5184 et
817 5128 1047 5198 plangite
1091 5126 1145 5177 in
1183 5122 1453 5184 domibus,
1488 5130 1536 5174 et
1576 5121 1630 5173 in
1674 5118 1888 5188 plateis,
1923 5127 1968 5170 et
2004 5118 2059 5168 in

482 5224 608 5279 vicis
639 5222 772 5291 ejus.
802 5219 992 5276 Omnes
1021 5215 1219 5271 ululate
1248 5230 1364 5269 cum
1398 5212 1633 5283 planctu,
1662 5212 1786 5281 quia
1818 5208 2060 5262 clamavit

485 5313 717 5379 Esebon,
762 5322 810 5368 et
842 5312 1017 5366 locuta
1049 5318 1125 5364 est
1172 5308 1271 5379 (1),
1315 5308 1479 5361 donec
1536 5304 1783 5359 exaudita
1837 5311 1911 5356 est
1953 5315 2060 5354 νοτ

484 5410 623 5477 ejus.

562 5586 798 5658 Etiigiem
840 5586 1053 5642 urbium
1095 5601 1202 5642 non
1247 5584 1505 5641 mediocri
1550 5592 1756 5636 terrore
1794 5579 2060 5633 lluctnan—
2130 5616 2131 5619 η

1677 3123 1839 3194 igitur
1880 3121 1932 3175 in
1979 3136 2040 3175 ea
2070 3138 2116 3199 (ς

2138 1727 2562 1798 κατασεισθῆναι
2606 1726 2667 1779 τὸ
2706 1728 2884 1795 τεῖχος
2905 1727 2962 1778 ἐν
2992 1725 3145 1777 νυκτὶ
3177 1724 3269 1777 καὶ
3301 1723 3476 1794 σκότῳ
3500 1741 3514 1755 ·
3543 1719 3603 1777 οὒ
3644 1723 3713 1795 δὴ

2138 1818 2440 1887 γεγονότος,
2473 1817 2578 1887 πρὸ
2605 1820 2705 1888 τῆς
2742 1816 2850 1869 τῶν
2881 1816 3154 1886 πολεμίων
3188 1816 3399 1885 ἐφόδου,
3432 1816 3714 1886 μονονουχὶ

2139 1914 2231 1964 καὶ
2269 1909 2545 1964 ἀπόλωλεν
2573 1911 2753 1973 αὐτοῖς
2792 1909 2825 1979 ἡ
2857 1908 2957 1978 τῆς
3006 1908 3277 1980 σωτηρίας
3316 1908 3487 1972 ἐλπίς.
3524 1908 3711 1982 Ταύτῃ

2137 2022 2219 2057 τοι
2251 2003 2384 2074 φησὶ
2410 2002 2604 2067 νυκτὸς
2642 1999 2960 2055 ἀπολεῖσθαι
2981 2000 3080 2072 τὴν
3113 1999 3451 2056 Μωαϐίτιδα.

2225 2095 2402 2151 Ἀλλὰ
2431 2093 2740 2157 λυπεῖσθε,
2771 2090 2981 2162 φησὶν,
3008 2091 3098 2161 ἐφ’
3128 2091 3379 2157 ἑαυτοῖς.

2213 2189 2435 2257 Ὅμοιον
2462 2186 2538 2250 ὡς
2560 2188 2609 2238 εί
2643 2184 2812 2253 λέγοι,
2844 2183 3359 2254 Πλειστάκις-εόφρὺν
3396 2183 3713 2255 ἐπαίροντες

2139 2280 2347 2351 ὑψηλὴν
2379 2282 2500 2342 ταῖς
2523 2279 2723 2348 ἐτέρων
2752 2277 3157 2347 ένετρυφήσατε
3202 2278 3507 2347 συμφοραῖς
3527 2293 3540 2306 ·
3578 2276 3715 2330 ἀλλά

2139 2371 2233 2424 νῦν
2262 2372 2346 2440 ἐφ’
2377 2372 2520 2442 ὑμᾶς
2544 2370 2739 2432 αὐτοὺς
2766 2371 2794 2423 ὁ
2824 2369 3060 2439 πόλεμος
3086 2368 3288 2439 τρέχει,
3321 2368 3505 2421 καὶτὰ
3532 2368 3716 2423 ἐντεῦ-

2140 2461 2231 2514 θεν
2272 2462 2444 2531 βλάϐη
2471 2464 2592 2525 ταῖς
2632 2460 2875 2521 ἀνοσίαις
2916 2459 3069 2528 ὑμῶν
3124 2458 3493 2530 ἐπικρέμαται
3547 2480 3719 2532 κεφα-

2141 2552 2278 2617 λαῖς.
2319 2551 2589 2605 Λυπεῖσθε
2627 2552 2802 2605 τοίνυν
2822 2550 2922 2603 οὑκ
2947 2550 3033 2619 ἐφ’
3060 2550 3267 2621 ἑτέροις
3290 2551 3455 2617 τισὶν,
3487 2552 3603 2611 ἀλλ”
3630 2553 3717 2622 ἐφ’

2142 2648 2374 2707 ἐαυτοῖς.

2228 2736 2549 2791 Ἀπολεῖται
2587 2739 2696 2806 γὰρ
2722 2731 3020 2801 Λεϐηδὼν,
3060 2728 3131 2789 οὗ
3165 2734 3423 2803 όβωμὸς
3453 2735 3639 2805 ἡμῶν.

2217 2831 2392 2900 Ἔφην
2424 2830 2505 2883 ὅτι
2531 2829 2693 2882 δεινοὶ
2720 2828 2810 2882 καὶ
2830 2827 3099 2899 ἀγέρωχοι
3128 2827 3413 2883 Μωαϐῖται
3433 2828 3708 2894 γεγόνασι,

2144 2924 2239 2978 καὶ
2259 2925 2377 2986 ταῖς
2401 2922 2509 2975 τῶν
2536 2920 2828 2991 δαιμονίων
2850 2920 3084 2983 ἀπάταις
3109 2920 3591 2992 ἐπιθαρσήσαντες,
3617 2921 3713 2974 καὶ

2144 3016 2232 3069 διὰ
2249 3014 2422 3087 μάγου
2443 3014 2639 3083 τέχνης
2660 3012 3152 3082 κατευμεγεθήσειν
3173 3013 3409 3083 οἰόμενοι
3426 3013 3525 3082 τῆς
3548 3013 3721 3066 ἀπάν-

2146 3123 2253 3159 των
2296 3104 2499 3177 χειρδς,
2561 3103 2656 3156 καὶ
2702 3102 2866 3155 αὑτοῦ
2891 3102 2947 3154 δὲ
2983 3101 3077 3154 τοῦ
3124 3102 3338 3173 Ἰσραὴλ
3382 3102 3485 3156 κᾶν
3533 3106 3581 3157 εί
3624 3105 3722 3157 ἐπ-

2147 3198 2343 3268 αμύνοι
2364 3197 2495 3259 Θεός
2519 3212 2533 3228 ·
2562 3194 2758 3249 οὐκοῦν
2785 3197 2847 3248 ἐν
2870 3196 2934 3264 τῇ
2965 3193 3275 3265 καλουμένῃ
3308 3192 3584 3264 Λεϐηδὼν,
3615 3194 3722 3264 βω-

2150 3288 2250 3358 μὸς
2268 3284 2336 3360 ἦν
2359 3287 2541 3351 αὐτοῖς
2571 3286 2665 3339 καὶ
2688 3285 2910 3355 τέμενος
2937 3284 3037 3337 οὐκ
3054 3283 3422 3354 ἀθαύμαστον,
3446 3285 3570 3353 τόγε
3588 3280 3723 3357 ἧκον

2147 3380 2228 3441 είς
2257 3379 2621 3447 κατασκευήν.
2653 3378 2797 3430 Ἐκεῖ
2813 3376 2912 3440 τὰς
2941 3376 3196 3446 μαντείας
3222 3377 3527 3445 ἐπετέλουν,
3558 3378 3723 3449 ἐφρό-

2147 3487 2274 3526 νουν
2322 3487 2381 3523 τε
2419 3470 2581 3542 μέγα,
2630 3469 2723 3523 καὶ
2771 3467 2966 3539 σεπτὸν
3013 3469 3096 3522 ὅτι
3145 3469 3374 3540 μάλιστα
3418 3470 3569 3543 παρά
3598 3472 3724 3535 τοὺς

2150 3562 2342 3625 ἄλλους
2374 3560 2654 3615 ἐποιοῦντο
2683 3559 2775 3612 τὸν
2805 3559 3009 3631 χῶρον.
3070 3559 3208 3613 Ἀλλ’
3236 3561 3535 3629 ἀπολεῖται,
3567 3563 3726 3634 φησὶ,

2151 3654 2246 3708 καὶ
2271 3650 2332 3705 τὸ
2351 3653 2451 3721 τῆς
2473 3649 2731 3721 μαντείας
2757 3648 2911 3719 ὑμῶν
2942 3650 3321 3721 ἐργαστήριον.
3672 3640 3675 3641 ν

2231 3743 2391 3797 Ἐκεῖ
2409 3741 2787 3809 ἀναϐήσεσθε
2808 3742 3039 3794 κλαίειν
3073 3741 3173 3793 ἐπὶ
3199 3741 3400 3796 Ναὄαῦ
3429 3740 3536 3811 τῆς
3558 3746 3724 3798 Μωα-

2154 3833 2394 3898 ϐἰτιδος.

2225 3925 2386 3988 Πόλις
2418 3924 2474 3977 δὲ
2502 3922 2642 3992 αὕτη
2675 3922 2783 3975 τῶν
2816 3922 3231 3993 ἀλκιμωτάτων.

2168 4014 2564 4078 Ὀλολύξατε,
2613 4014 2837 4084 φησιν·
2878 4014 2975 4066 ἐπὶ
3042 4012 3150 4084 γὰρ
3200 4012 3401 4083 πάσης
3454 4016 3729 4085 κεφαίῆς

2157 4104 2543 4183 φαλάκρωμα.

2227 4198 2385 4252 Τοῦτ’
2420 4197 2591 4260 ἔστιν,
2632 4194 2824 4265 ἀτιμία
2861 4192 3001 4247 κατά
3037 4195 3252 4248 πάντων
3298 4194 3585 4267 δραμεῖται
3610 4197 3727 4266 μία.

2155 4289 2505 4361 Φαλάκρωμα
2541 4286 2650 4359 γὰρ
2674 4285 2898 4356 ἀτιμίας
2929 4285 3218 4355 σύμϐολον.

2230 4383 2512 4435 Ἔσονται
2566 4379 2635 4432 δὲ
2680 4378 2778 4432 καί
2840 4376 3063 4444 πάντες
3108 4378 3434 4449 ,ϐραχίονες
3489 4394 3733 4433 κατατε-

2085 4477 2127 4531 Ι)
2156 4475 2461 4545 τμημένοι.

2240 4566 2372 4618 Ἀπὸ
2397 4563 2489 4617 τοῦ
2520 4561 2812 4615 κόπτεσθαι
2843 4563 2938 4615 καὶ
2959 4561 3196 4633 θρηνεῖν.
3234 4561 3304 4613 Ἦ
3329 4560 3410 4614 ὅτι
3434 4563 3547 4625 τοῖς
3579 4561 3735 4615 εἰδω-

2156 4657 2503 4729 λολατροῦσιν
2530 4656 2649 4719 ἔθος
2685 4655 2785 4718 τὰς
2823 4655 3162 4726 καλουμένας
3191 4654 3474 4725 ἐντομίδας
3506 4657 3628 4719 ταῖς
3675 4673 3736 4708 τε

2109 4789 2118 4795 -
2158 4752 2407 4823 παρειαῖς
2439 4750 2533 4802 καὶ
2573 4750 2685 4812 τοῖς
2720 4746 2997 4820 βραχίοσιν
3042 4746 3344 4817 ἐπιφέρειν.
3398 4746 3593 4818 Μάτην
3642 4743 3736 4801 οὖν

2159 4843 2269 4915 ἄρα
2283 4843 2378 4897 καὶ
2392 4841 2549 4894 τοῦτο
2574 4840 2821 4911 δράσετε,
2844 4838 3032 4910 φησὶν,
3057 4839 3315 4911 ἀνόνητον
3331 4837 3439 4911 γὰρ
3459 4840 3520 4894 τὸ
3545 4841 3648 4913 χρῆ
3657 4859 3734 4913 μα
3832 4914 3835 4915 ν

2165 4933 2466 4997 παντελῶς.

2229 5026 2467 5081 Οὐκοῦν
2495 5025 2564 5079 ἐν
2600 5023 2730 5090 ταῖς
2763 5023 3072 5089 πλατείαις
3109 5022 3297 5091 αὐτῆς
3338 5022 3741 5093 περιζώσασθε

2165 5119 2439 5185 σάκκοις,
2482 5116 2579 5173 καί
2611 5118 2903 5171 κόπτεσθε
2933 5114 3034 5168 ἐπί
3065 5114 3184 5169 τῶν
3213 5115 3495 5185 δωμάτων
3525 5118 3738 5186 αὐτῆς,

2168 5210 2266 5266 καὶ
2294 5212 2363 5265 ἐν
2391 5209 2521 5276 ταῖς
2543 5200 2852 5274 πλατείαις
2874 5205 3081 5275 αὐτῆς,
3124 5207 3222 5261 καί
3259 5207 3329 5261 ἐν
3361 5208 3490 5274 ταῖς
3522 5211 3742 5278 ῥύμαις

2165 5301 2377 5371 αὐτῆς,
2428 5300 2652 5366 πάντες
2703 5298 3015 5360 ὀλολύζέτε
3064 5300 3215 5369 μετὰ
3271 5301 3602 5372 κλαυθμοῦ,
3654 5302 3743 5355 ὅτι

2164 5396 2454 5465 κέκραγεν
2506 5392 2782 5459 Ἐσεϐὼν,
2824 5393 2921 5447 καὶ
2956 5393 3263 5463 ἐλάλησεν
3302 5393 3413 5461 ἕως
3468 5395 3742 5463 ἠκούσθη

2164 5489 2202 5554 ἠ
2232 5486 2399 5556 φωνὴ
2426 5485 2635 5555 αὐτῆς.

2236 5577 2449 5632 Πόλεων
2500 5580 2633 5650 ἡμῖν
2666 5579 2727 5634 ού
2775 5579 3014 5651 μετρίοις
3066 5578 3313 5650 δείμασιν
3357 5576 3744 5651 ἐνησχημένων

562 5748 637 5821 (ἱ)
673 5746 822 5820 Sept.
846 5749 1029 5820 legunt
1056 5761 1154 5819 pro
1186 5746 1463 5815 Ἐλάλησε,
1492 5746 1664 5799 locuta
1692 5751 1787 5811 est,
1838 5740 2045 5797 Ἐλεαλὶ

2143 5747 2185 5794 1t
2214 5748 2294 5795 est
2325 5737 2378 5793 in
2411 5736 2577 5793 Hebr.
