4148 6374
427 428 525 483 401

1553 438 1621 493 ιΝ
1662 438 1898 495 ISAIAM
1937 438 2066 498 LIB.
2105 441 2171 499 ll.
2214 442 2447 501 TOMUS
2484 445 2569 502 lll.

3576 450 3683 505 402

427 514 767 637 καταγρέιξρει
796 548 981 620 σχῆμα
1002 550 1100 623 τῆς
1128 555 1463 625 προφητείας
1492 557 1525 629 ἡ
1556 558 1805 631 δύναμις.
1834 560 1991 614 Πολέ-

2106 562 2270 631 tium,
2318 566 2472 621 nobis
2518 566 2832 637 prophetica
2886 564 3157 625 sententia
3203 570 3484 627 describit.
3535 571 3682 628 Bello

428 651 530 703 μου
573 634 683 707 γάρ
733 642 1106 710 περισχόντος,
1166 648 1262 699 καὶ
1298 652 1582 720 συμφορᾶς
1626 651 1725 721 τῆς
1769 654 2003 724 ἐσχάτης

424 727 862 802 ἐπενηνεγμένης
890 733 1077 789 πόλεσί
1101 753 1162 789 τε
1180 739 1276 793 καὶ
1304 740 1493 806 οἴκοις,
1518 744 1568 796 oi
1597 744 1696 814 μὲν
1721 744 2003 810 πλατείαις

426 816 519 870 καὶ
549 825 846 886 στενωποῖς
869 825 1197 896 οἰμώζοντες
1224 830 1514 891 διαθέουσι.
1542 835 1616 888 Τό
1651 852 1715 904 γε
1745 836 1851 908 μὴν
1880 839 2002 892 ὅσον

426 910 573 964 ἐστὶν
611 912 838 980 ἀσθενές
865 935 923 971 τε
960 921 1053 972 καὶ
1081 921 1311 994 ἄμαχον,
1356 920 1467 980 οἷον
1494 927 1555 981 τὸ
1580 928 1792 1001 θηλύων
1824 931 1998 999 γένος,

425 1001 601 1094 καὶτὸ
623 1006 831 1076 νηπίων
869 1010 956 1063 ἐπ’
984 1012 1164 1067 αὐτῶν
1202 1016 1508 1089 ἀνεπήδησε
1543 1019 1827 1090 δωμάτων,
1863 1039 2000 1094 κομ-

427 1093 530 1162 μὸν
562 1099 799 1151 ποιεῖται
847 1103 943 1156 καὶ
996 1104 1277 1178 ὀλολυγὴν,
1312 1112 1432 1174 ταῖς
1473 1111 1582 1165 τῶν
1609 1114 1879 1185 πολεμίων
1909 1093 1998 1169 ἐνο

422 1186 566 1278 ορῶν
608 1188 864 1259 φάλαγξιν,
917 1194 1011 1248 καὶ
1046 1196 1146 1269 τὴν
1187 1199 1311 1253 ὅσον
1359 1201 1571 1257 οὐδέπω
1623 1207 1999 1278 παρεσομένην

423 1277 776 1350 ἐννοήσαντες
808 1285 1040 1356 σφαγήν.
1074 1287 1377 1355 ὐλολύξετε
1407 1293 1604 1347 τοίνυν·
1630 1295 1868 1368 κέκραγε
1892 1298 1997 1370 γὰρ

436 1370 693 1462 Ὲᾼσεϐὼν,
725 1375 818 1428 καὶ
846 1376 1108 1448 ἐλάλησεν
1138 1381 1242 1444 ἕως
1276 1384 1519 1458 ἠκούσθη
1547 1390 1580 1458 ή
1615 1389 1763 1461 φωνὴ
1805 1392 1993 1462 αὐτῆς.

423 1460 613 1527 Πόλεις
661 1464 717 1517 δέ
766 1467 971 1533 ταύτας
1003 1468 1138 1524 εἷναί
1188 1491 1322 1546 φησι
1384 1477 1482 1542 τὰς
1526 1460 1866 1547 Μωαϐίτιδος
1899 1460 1997 1548 τάς

426 1554 836 1623 μαχιμωτάτας.
901 1560 1040 1613 Ἀλλ’
1096 1564 1145 1615 εί
1195 1566 1289 1617 καὶ
1342 1566 1515 1633 οὕτως
1562 1570 1755 1641 ἔχοιεν,
1828 1575 1993 1645 φησὶ,

426 1645 696 1737 τοσαύτην
726 1650 1044 1721 ποιήσονται
1060 1655 1157 1726 τὴν
1177 1656 1456 1732 ὀλολυγὴν,
1476 1662 1552 1726 ὡς
1577 1663 1651 1735 μὴ
1673 1664 1992 1737 λεληθότως,

423 1735 558 1805 μηδὲ
616 1739 677 1791 ἐν
736 1742 1070 1816 παραϐύστῳ
1118 1748 1344 1818 κλαίειν,
1386 1755 1657 1825 ἀκουστὴν
1695 1756 1751 1810 δὲ
1789 1735 1995 1828 μᾶλλον

418 1830 672 1897 γενέσθαι
724 1834 825 1906 τὴν
869 1838 1072 1917 φωνὴν,
1121 1844 1217 1896 καὶ
1257 1845 1558 1915 ἀναφανδὸν
1610 1849 1989 1922 ὀλοφύρεσθαι,

420 1923 880 2013 κατημεληκότων
921 1929 1031 1984 τῶν
1082 1932 1139 1985 ἐν
1190 1936 1381 2001 αὑταῖς
1408 1937 1506 2009 τῆς
1530 1940 1700 2010 αὐτῆς
1730 1943 1992 2013 συνήθους

418 2012 686 2084 ἀνδρείας,
728 2018 1244 2095 συντεθραυσμένων
1280 2027 1334 2081 δὲ
1365 2028 1559 2094 οὕτως,
1590 2032 1665 2096 ὼς
1692 2012 1994 2105 ἀμοιρήσαι

418 2109 698 2174 παντελῶς
750 2113 1064 2182 εὐσθενείας
1099 2137 1158 2173 τε
1192 2121 1286 2175 καὶ
1337 2122 1592 2193 θράσους,
1626 2128 1721 2179 καὶ
1752 2128 1861 2180 τῶν
1911 2130 1989 2193 είς

417 2200 589 2273 ἀλκήν
615 2205 837 2261 ἐννοιῶν
865 2211 959 2264 καὶ
992 2212 1430 2285 ἐγχειρημάτων.

497 2335 569 2390 ἸΙ
589 2338 787 2407 ὀσφὺς
819 2341 930 2411 τῆς
953 2346 1319 2413 Μωαϐίτιδος
1332 2348 1455 2417 ,ϐοᾷ
1480 2366 1495 2380 ⁸
1526 2352 1564 2420 ἡ
1604 2352 1774 2422 ψυχὴ
1804 2354 1995 2423 αὐτῆς

414 2429 725 2519 γνώσεται,
769 2436 870 2489 καὶ
919 2439 1132 2506 καρδία
1196 2440 1307 2510 τῆς
1354 2446 1723 2513 Μωαϐίτιδος
1761 2446 1885 2515 ,βοᾷ
1926 2449 1994 2502 ἐν

414 2519 590 2589 αὐτῇ,
654 2523 765 2591 ἓως
816 2529 1051 2598 Σηγώρο
1100 2532 1355 2603 δάμαλις
1397 2536 1507 2606 γάρ
1569 2540 1701 2595 ἐστι
1741 2546 1989 2611 τριέτης.

427 2610 556 2665 Ἐπὶ
586 2613 655 2667 δὲ
682 2615 791 2686 τῆς
811 2619 1160 2691 ἀναϐάσεως
1192 2627 1302 2696 τῆς
1337 2629 1489 2698 πρὸς
1527 2632 1647 2697 (γὲν
1676 2610 1993 2705 κλαίοντες

412 2705 819 2801 ἀναϐήσονται
855 2713 931 2784 τῇ
959 2716 1078 2783 ὀδῷ
1124 2720 1424 2792 Ἀρωνιείμ
1444 2740 1457 2753 °
1488 2724 1610 2793 ,ϐοᾷ
1650 2731 1991 2801 σύντριμμα

413 2797 512 2850 καὶ
543 2804 817 2870 σεισμός.

483 2913 917 3009 ίῙροσϐάλλουσιν
945 2919 1035 2973 ἀεὶ
1064 2921 1174 2977 τῶν
1200 2924 1519 2996 ἀνηκέστων
1544 2934 1839 3006 συμφορῶν
1876 2937 1990 3009 δρι-

417 3004 647 3099 μεῖαίλτε
673 3005 859 3099 λύπαι,
901 3012 994 3065 καὶ
1011 3012 1238 3084 ἀθυμίαι
1274 3020 1634 3089 παγχάλεποι,
1677 3004 1770 3078 καὶ
1799 3004 1989 3099 δειμά-

411 3111 544 3189 των,
570 3095 789 3166 ἔφοδος,
842 3102 943 3155 οὐκ
994 3104 1265 3171 ἀνικάνως
1312 3108 1512 3178 ἔχουσα
1562 3116 1655 3167 καὶ
1704 3117 1800 3188 τὴν
1847 3095 1987 3189 ἄγαν

411 3187 805 3307 εὑτολμῖτάτην
838 3194 1211 3307 καταθραῐΞσαι
1242 3202 1488 3271 καρδίαν.
1534 3187 1811 3263 Ἐντεῦθεν
1834 3187 1987 3283 οἶμαί
2015 3248 2057 3307 C

410 3294 518 3330 τισι
544 3281 809 3349 πρόσωπα
840 3284 938 3353 μὲν
994 3288 1245 3355 γενέσθαι
1289 3292 1607 3364 σκυθρωπὰ,
1644 3300 1738 3351 καὶ
1786 3281 1900 3355 οἷον
1924 3305 1987 3357 ἐκ

414 3367 608 3463 βάθους
640 3373 1029 3445 ἀναπηδῶντας
1056 3384 1411 3452 στεναγμοὺς,
1434 3388 1643 3459 καὶτῆς
1666 3390 1774 3445 ἔσω
1791 3394 1986 3463 φλογὸς

409 3462 507 3557 τήν
558 3461 704 3557 ζέσιν
734 3466 1174 3541 διερμηνεύοντα.
1236 3474 1300 3528 Ἦ
1344 3476 1517 3547 ὀσφὺς
1554 3461 1844 3554 τοιγαροῦν
1885 3461 1986 3557 τῆς

409 3553 747 3623 Μωαϐίτιδος
787 3559 884 3630 βοᾷ
911 3579 924 3591 ·
966 3562 1111 3616 τοῦτ’
1147 3564 1312 3632 ἔστιν,
1362 3572 1419 3623 ἐν
1456 3571 1639 3627 ὡδῖσίν
1676 3553 1840 3643 ἐστιν,
1890 3553 1985 3633 καὶ

409 3650 819 3743 κεκρυμμένους
863 3651 975 3724 ἔχει
1017 3657 1142 3720 τοὺς
1182 3660 1397 3725 πόνους,
1430 3670 1980 3743 προκαταπτοουμένη

406 3734 644 3829 δηλονότι
672 3744 793 3807 ταῖς
817 3746 1052 3815 φήμαις,
1101 3751 1195 3801 καὶ
1239 3751 1329 3805 τὸν
1356 3753 1567 3808 οὐδέπω
1612 3734 1982 3829 παρεσόμενον

406 3828 663 3922 ἐννοοῦσα
684 3834 936 3906 πόλεμον.
978 3840 1158 3908 Ἔγνω
1196 3843 1303 3913 γὰρ
1347 3843 1502 3898 τοῦτο
1535 3849 1567 3915 ή
1613 3828 1758 3920 ψυχή
1789 3828 1975 3922 αὐτῆς.

406 3919 626 3991 Ταύτης
686 3941 747 3977 τε
797 3926 958 3981 ἕνεκα
1019 3931 1119 4001 τῆς
1160 3933 1360 3996 αἰτίας,
1405 3919 1754 4007 όλοφύρεταίί
1781 3958 1840 3993 τε
1887 3919 1981 3995 καὶ

407 4012 679 4085 κέκραγεν
717 4017 775 4072 ἐν
812 4020 949 4091 αὐτῇ
981 4022 1084 4085 ἕως
1118 4023 1334 4096 Σηγὼρ,
1365 4025 1672 4095 τοῦτ’-ἔστι,
1704 4032 1982 4097 Μωαϐῖτις

406 4102 590 4158 ἅπασα
617 4106 789 4178 χώρα,
826 4111 985 4182 μέχρι
1017 4114 1110 4166 καὶ
1138 4115 1315 4168 αὐτῶν
1338 4118 1643 4188 τερμάτων.
1689 4122 1824 4175 Φασὶ
1871 4126 1978 4194 γὰρ

405 4198 493 4250 ἐπ’
531 4199 712 4265 αὐτοῖς
749 4205 861 4266 τοῖς
884 4205 1032 4275 ὅροις
1076 4207 1186 4261 τῶν
1231 4210 1542 4265 Μωαϐιτῶν
1573 4212 1842 4269 τεθεῖσθαι
1880 4216 1979 4287 τὴν

404 4288 620 4359 Σηγὼρ.
673 4290 831 4355 Τίνος
880 4289 971 4347 οὖν
1006 4295 1165 4350 ἕνεκα
1212 4297 1385 4352 ταῦτα
1418 4299 1758 4372 συμϐήσεται
1787 4303 1978 4356 παθεῖν

402 4380 572 4451 αὐτήν
596 4396 610 4445 ;
642 4381 880 4451 Δάμαλίς
904 4384 1020 4437 ἐστι
1041 4386 1279 4458 τριέτης.
1315 4389 1372 4441 Ὀ
1397 4390 1577 4461 τρίτος
1600 4390 1842 4454 ἐνιαυτὸς
1868 4395 1978 4456 τοῖς

403 4470 620 4540 ἀλόγοις
665 4471 775 4528 τῶν
822 4474 976 4539 ζώων
1015 4477 1177 4547 ἀρκεῖ
1216 4479 1351 4551 πρὸς
1396 4481 1599 4551 ἀκμὴν,
1661 4482 1753 4535 καὶ
1796 4484 1874 4547 είς
1916 4482 1977 4536 τὸ

2104 653 2247 707 enim
2296 654 2755 721 circumsistente,
2790 663 2845 711 et
2889 655 3075 712 ultima
3123 655 3289 727 25o
3331 657 3679 727 calamitate,

2104 754 2216 800 tam
2245 742 2467 802 urbibus
2495 761 2655 816 quam
2681 748 2929 804 domibus
2956 749 3190 817 invecta,
3216 749 3292 804 illi
3323 749 3377 804 in
3408 750 3600 820 plateis
3625 761 3684 808 et

2103 838 2398 909 angiportis
2435 839 2705 909 eiulantes
2738 840 3078 908 discurrunt,
3110 842 3471 913 quodcunque
3504 841 3671 898 nimi-

2103 943 2222 984 rum
2243 929 2567 986 imbecillum
2589 940 2671 986 est
2697 944 2760 987 ac
2788 932 3023 999 imbelle,
3056 932 3219 987 veluti
3252 934 3596 1000 feminarum,
3626 941 3683 988 et

2102 1020 2383 1076 infantium
2411 1037 2602 1094 genus,
2627 1023 2769 1078 domi
2800 1023 3078 1090 exsiliens,
3107 1024 3310 1081 luctum
3339 1026 3451 1079 edit
3475 1033 3530 1080 et
3562 1025 3682 1095 eju-

2102 1112 2291 1180 latum,
2319 1128 2441 1168 cum
2474 1115 2697 1170 hostiles
2729 1115 3025 1187 phalanges
3057 1117 3268 1187 aspicit,
3295 1133 3420 1174 cum
3452 1118 3678 1188 jamjam

2099 1204 2266 1260 aﬂ‘ore
2319 1205 2519 1261 caedem
2578 1206 2835 1277 cogitant.
2888 1207 3135 1273 Plorate,
3182 1209 3377 1279 igitur,
3423 1209 3683 1265 clamavit

2099 1297 2241 1352 enim
2273 1298 2507 1365 Esehon,
2534 1307 2588 1353 et
2617 1298 2791 1354 locuta
2825 1308 2929 1364 est,
2957 1301 3126 1356 donec
3162 1300 3417 1355 exaudita
3454 1308 3540 1355 est
3574 1314 3677 1354 vox

2100 1390 2236 1458 ejus.
2262 1390 2433 1446 Urbes
2463 1392 2559 1447 has
2587 1402 2811 1447 narrant
2837 1407 2956 1449 esse
2985 1392 3336 1448 Moabitarum
3366 1391 3671 1448 bellicosis-

2099 1484 2286 1539 simas.
2316 1484 2387 1537 At
2420 1484 2659 1547 tametsi,
2692 1485 2887 1554 inquit,
2921 1486 2994 1539 ita
3029 1487 3156 1550 sint,
3189 1494 3397 1540 tantum
3435 1495 3677 1540 attamen

2100 1573 2299 1628 luctum
2335 1574 2671 1640 excitabunt,
2706 1586 2764 1629 ut
2792 1589 2894 1630 non
2924 1574 3175 1640 obscure,
3215 1589 3319 1629 non
3358 1575 3407 1627 in
3444 1574 3674 1628 abscon-

2096 1663 2208 1718 dito
2239 1665 2469 1734 plorent,
2501 1667 2716 1721 imoq'ta
2752 1676 2810 1720 ut
2842 1666 3044 1735 percipi
3080 1666 3303 1721 auribus
3337 1680 3439 1721 vox
3477 1666 3673 1734 possit,

2097 1761 2152 1807 ct
2186 1754 2329 1810 clare
2363 1754 2595 1824 ejulent,
2627 1756 2820 1812 incolis
2855 1770 3009 1812 suam
3046 1757 3419 1812 fortitudinem
3460 1756 3676 1812 solitam

2098 1847 2519 1918 negligentibus,
2555 1859 2609 1903 et
2642 1850 2712 1903 ita
2748 1851 2989 1906 contusis
3022 1859 3077 1904 et
3107 1850 3332 1913 accisis,
3367 1859 3423 1903 ut
3455 1864 3677 1918 prorsus

2101 1937 2235 1991 nihil
2263 1938 2478 2005 virium,
2500 1938 2631 1993 nihil
2659 1955 2940 1995 nervorum
2975 1941 3225 2006 habeant,
3254 1941 3494 2009 nihilque
3525 1940 3678 1995 forti-

2099 2040 2179 2083 ter
2205 2042 2298 2083 aut
2331 2032 2571 2090 coaitent
2600 2041 2692 2085 aut
2717 2033 3038 2101 suscipiant.

2166 2356 2330 2413 Vens.
2364 2356 2416 2411 5.
2450 2356 2679 2413 Lumbus
2725 2360 3034 2415 Moabitidis
3068 2362 3258 2416 clamat
3291 2379 3309 2416 :
3342 2364 3522 2417 anima
3559 2364 3675 2434 ejus

2094 2460 2389 2518 cognoscet,
2412 2460 2459 2502 et
2490 2464 2579 2503 cor
2605 2449 2911 2506 Moabitidis
2946 2454 3139 2506 clamat
3172 2455 3225 2507 in
3256 2455 3369 2523 ipsa
3408 2471 3569 2525 usque
3602 2457 3671 2510 ad

2095 2540 2258 2610 Segor
2278 2557 2296 2595 :
2314 2541 2478 2594 vitula
2505 2542 2640 2594 enim
2659 2554 2730 2595 est
2750 2545 2987 2599 triennis.
3011 2544 3179 2614 Super
3199 2556 3372 2599 autem
3399 2563 3673 2603 ascensum

2092 2633 2161 2684 ad
2191 2642 2238 2685 te
2263 2633 2445 2701 ﬂentes
2469 2634 2744 2689 ascendens
2773 2636 2857 2689 via
2877 2635 3115 2691 Arom'im
3139 2654 3156 2691 .'
3185 2637 3379 2692 clamat
3403 2641 3691 2714 contritio,

2090 2734 2138 2778 et
2168 2726 2456 2779 concussio.

2163 2927 2462 2984 lmmittunt
2494 2944 2551 2985 se
2578 2938 2633 2984 et
2658 2930 2909 3002 ingerunt
2942 2945 3154 3001 semper
3186 2942 3311 2987 ante
3344 2933 3670 2989 incurabiles

2090 3020 2455 3086 calamitates,
2483 3022 2584 3075 diri
2630 3023 2901 3077 cruciatus
2943 3031 2998 3077 et
3037 3023 3469 3079 exanimationes
3511 3039 3669 3080 acer-

2090 3115 2272 3180 rimae,
2298 3130 2664 3184 pavorumque
2698 3115 2971 3178 incursio,
2998 3130 3116 3184 quae
3154 3115 3288 3169 satis
3328 3125 3411 3169 est
3445 3116 3510 3170 ad
3546 3117 3667 3170 ani-

2091 3222 2236 3261 mum
2279 3206 2688 3261 tidentissimum
2731 3205 3187 3262 labefactandum.
3227 3207 3361 3261 Hinc
3398 3207 3481 3273 ﬁt,
3517 3209 3667 3263 arbi-

2092 3308 2230 3362 tror,
2266 3308 2324 3352 ut
2357 3299 2676 3367 quihusdam
2714 3298 2882 3355 facies
2924 3302 3130 3354 tetrica!
3163 3301 3305 3365 sint,
3338 3309 3393 3354 et
3429 3301 3664 3371 suspiria

2087 3389 2250 3443 veluti
2283 3403 2349 3443 ex
2384 3387 2655 3458 profundo
2690 3389 2993 3454 trahantur,
3028 3388 3254 3443 internm
3287 3387 3521 3443 ﬂamma:
3552 3390 3662 3444 fer-

2083 3495 2267 3534 vorem
2293 3479 2667 3548 exprimentia.
2688 3477 2898 3533 Clamat
2920 3479 3080 3548 igitur
3101 3478 3313 3533 lumbus
3335 3477 3662 3543 Moabitidis,

2084 3573 2136 3628 id
2171 3584 2271 3635 est,
2307 3574 2359 3627 in
2393 3571 2670 3628 doloribus
2702 3578 2802 3634 est,
2832 3569 3046 3625 labores
3081 3583 3419 3640 angoresque
3453 3570 3658 3625 habens

2085 3662 2367 3717 intestinos
2427 3661 2731 3716 rumoribus
2790 3670 2916 3715 ante
2980 3659 3293 3729 perculsus,
3352 3659 3660 3729 bellumque

2085 3754 2321 3808 nondum
2370 3752 2690 3807 intentatum
2742 3751 3161 3821 persentiscens.
3196 3752 3459 3822 Cognovit
3514 3752 3657 3807 enim

2084 3844 2186 3899 hoc
2220 3846 2399 3898 anima
2434 3842 2571 3912 ejus.
2610 3842 2759 3897 Hanc
2808 3843 2877 3898 ob
2916 3858 3133 3899 causam
3172 3844 3573 3898 lamentahatur
3604 3855 3659 3898 et

2082 3935 2350 3989 clamabat
2379 3935 2432 3989 in
2462 3949 2521 3989 se
2550 3949 2717 4003 usque
2748 3933 2817 3988 ad
2849 3932 3039 4003 Segor,
3069 3934 3323 3987 nimirum
3359 3942 3467 3987 tota
3504 3935 3656 4003 regio

2084 4025 2388 4095 Moabitica,
2411 4035 2466 4079 et
2491 4039 2661 4095 usque
2685 4027 2750 4080 ad
2779 4026 2922 4094 ipsos
2949 4026 3225 4080 terminos.
3252 4022 3487 4080 Narrant
3507 4024 3655 4079 vidc-

2083 4120 2207 4173 licet
2240 4119 2292 4172 in
2326 4119 2457 4188 ipsis
2491 4117 2688 4173 ﬂnihus
2716 4116 3072 4171 Moabitarum
3109 4115 3267 4171 sitam
3306 4130 3427 4170 esse
3463 4115 3655 4186 Segor.

2080 4209 2245 4277 Cujus
2278 4210 2440 4279 igitur
2478 4209 2555 4264 rei
2594 4209 2765 4280 gratia
2800 4208 2915 4264 hate
2949 4210 2996 4263 ei
3033 4208 3315 4263 accident?
3353 4208 3530 4263 Vitula
3569 4219 3654 4264 est

2082 4299 2326 4352 triennis.
2351 4296 2567 4352 Tertius
2595 4312 2766 4352 annus
2791 4298 3157 4353 animantibus
3184 4299 3393 4354 ratione
3422 4300 3653 4353 carenti.

2078 4389 2202 4455 bus,
2220 4389 2285 4443 ad
2314 4389 2489 4443 aetatis
2511 4388 2719 4454 ﬂorem,
2742 4398 2795 4443 et
2818 4390 2884 4443 ad
2912 4400 3150 4443 maturas
3178 4390 3321 4444 vires
3347 4389 3651 4445 eﬂiciendas

2079 4479 2293 4535 suﬂicit.
2326 4477 2511 4548 Itaque
2549 4488 2603 4533 et
2629 4494 2693 4533 eo
2726 4489 2967 4547 tempore
2997 4481 3202 4535 domari
3230 4481 3445 4536 debent.
3468 4480 3648 4547 Quan-

404 4560 720 4633 σφριγῶσαν
742 4564 923 4629 αὐτοῖς
946 4568 1339 4639 ἐνεργήσασθαι
1385 4569 1634 4641 δύναμιν.
1686 4572 1974 4640 Τοιγάρτοι

2092 4571 2172 4624 jiu
2220 4584 2351 4639 ergo
2398 4567 2565 4622 vitula
2620 4578 2705 4622 est
2747 4567 2860 4637 jugi
2904 4568 3219 4638 inexperta,
3264 4568 3552 4624 lasciviens
3598 4576 3647 4622 et

403 4655 496 4709 καὶ
543 4656 636 4709 τοῦ
670 4657 866 4729 χρῆναι
892 4658 1227 4730 δαμάξεσθαι
1279 4664 1469 4733 καιρὸς
1518 4665 1702 4729 αὐτοῖς
1764 4665 1973 4728 ἐκεῖνός

2092 4658 2393 4722 ξιινειιουιο,
2424 4666 2479 4713 et
2514 4668 2759 4711 tenerum
2798 4660 2862 4711 ac
2896 4672 3093 4711 novum
3129 4673 3299 4713 cornu
3336 4658 3647 4728 proferens,

401 4748 570 4803 ἐστιν.
622 4748 769 4813 Ἕως
820 4750 999 4804 τοίνυν
1049 4752 1196 4805 ἐστὶν
1250 4754 1284 4824 ἡ
1322 4754 1553 4824 δάμαλις
1591 4756 1970 4828 άπειρόζυγος,

2092 4749 2349 4804 :xsultans
2380 4763 2445 4803 ex
2471 4748 2639 4817 septis
2666 4756 2720 4802 et
2750 4747 3029 4803 vestibulis
3058 4764 3123 4804 ac
3160 4749 3413 4815 stabulis,
3444 4749 3647 4805 saltitat

405 4839 693 4911 σφριγῶσά
755 4858 814 4895 τε
864 4843 959 4896 καὶ
1013 4842 1129 4908 νέα,
1182 4844 1276 4897 καὶ
1334 4846 1595 4916 ἀρτιφυές
1644 4848 1969 4918 ἐκφέρουσα,

2092 4841 2231 4912 251
2279 4841 2592 4896 identidem.
2629 4838 2776 4894 Talis
2819 4839 3026 4895 exstitit
3070 4839 3351 4907 Moabitis,
3385 4842 3645 4899 insultans

400 4934 591 5005 κέρας,
630 4933 1051 5005 κατασκιρτῶσα
1069 4935 1177 4989 τῶν
1210 4936 1387 4989 αὐλῶν
1416 4939 1508 4991 καὶ
1536 4939 1645 4993 τῶν
1691 4939 1973 4993 ἐπαύλεων

2092 4932 2289 4998 vicinis,
2314 4938 2369 4986 et
2401 4931 2453 4985 in
2491 4929 2820 4984 inﬁrmiores
2854 4929 3115 4990 insiliens.
3152 4931 3431 4987 Excelsam
3467 4940 3643 4987 autem

397 5028 746 5095 κατορχείται
775 5026 1092 5090 πλειστάκις
1109 5042 1124 5057 ο
1152 5027 1372 5099 τοιαύτη
1402 5047 1483 5093 τις
1503 5029 1781 5101 γέγονενή
1810 5033 1975 5085 Μωα-

2092 5022 2259 5077 licunt
2288 5036 2428 5090 esse,
2453 5028 2507 5076 et
2535 5022 2852 5092 popularem
2877 5021 3122 5077 Aroniim
3151 5033 3213 5077 ut
3241 5033 3485 5091 vocatur,
3511 5024 3642 5079 reci-

397 5115 587 5177 ϐιτῶν,
636 5115 957 5187 ἐπιπηδῶσα
995 5120 1108 5180 τοῖς
1160 5117 1349 5183 πέλας,
1408 5120 1501 5173 καὶ
1552 5121 1971 5192 κατασκιρτῶσα

2092 5129 2304 5184 iet-eque
2335 5121 2595 5184 quotquot
2628 5112 2695 5167 ad
2728 5127 2848 5167 eam
2883 5129 2949 5169 ex
2986 5115 3110 5171 aliis
3145 5129 3239 5171 seu
3275 5115 3518 5182 urbibus,
3547 5130 3659 5169 seu.

394 5207 501 5261 τῶν
534 5207 957 5280 ἀσθενεστέρων.
1002 5209 1241 5284 Ὑψηλὴν
1287 5211 1344 5263 δὲ
1390 5206 1528 5267 εἷναί
1574 5232 1739 5284 φασιν
1778 5216 1969 5286 αὐτὴν,

2092 5207 2378 5279 'egionihus
2402 5206 2685 5261 ventitant.
2712 5208 2899 5278 Igitur,
2925 5207 3023 5272 ait,
3048 5223 3116 5263 ex
3141 5221 3371 5262 ascensu
3395 5206 3640 5261 Aroniim

395 5301 489 5353 καὶ
510 5301 787 5375 λεωφόρον
810 5302 932 5356 τινά
955 5302 1053 5373 τὴν
1093 5303 1380 5375 Ἀρωνιεὶμ
1413 5304 1555 5359 οὕτω
1604 5306 1969 5378 κεκλημένην,

2092 5303 2255 5356 lentes
2281 5299 2591 5356 ascendent.
2628 5301 2746 5355 Vox
2771 5311 2948 5355 autem
2970 5297 3213 5354 ﬂentium
3238 5308 3340 5363 est,
3387 5297 3639 5354 contritio

393 5392 748 5464 ἀνακομίζειν
774 5411 845 5461 τε,
869 5397 949 5458 είς
977 5394 1145 5466 αὐτὴν
1177 5396 1304 5459 τοὺς
1326 5395 1385 5461 ἐξ
1415 5396 1617 5467 ἐτέρων
1665 5398 1897 5468 ἥκοντας
1932 5398 1966 5469 ή

2092 5404 2121 5447 ιι
2167 5394 2468 5449 concussio.
2520 5391 2795 5463 Siquidem
2840 5393 3147 5447 elamarunt
3196 5391 3266 5447 ob
3316 5391 3637 5447 acerbitates

393 5484 603 5538 πόλεων
633 5482 896 5557 ήχωρῶν.
926 5487 1043 5541 Ἐπ’
1069 5487 1237 5557 αὐτῆς
1259 5489 1471 5555 τοίνυν,.
1488 5490 1641 5560 φησὶ,
1660 5492 1758 5561 τῆς
1778 5490 1972 5543 ἀναϐά-

2092 5497 2355 5541 ινεηιιιιθε
2385 5501 2451 5539 ex
2483 5484 2643 5549 bello,
2670 5486 2811 5554 quod
2845 5484 3052 5539 scilicet
3082 5498 3271 5538 omnes
3306 5492 3414 5539 tam
3452 5484 3635 5547 urbes,

395 5592 533 5640 σεως
573 5578 673 5647 τῆς
719 5579 1035 5649 ’Λρωνιεὶμ,
1074 5579 1354 5644 κλαίοντες
1400 5580 1779 5653 ἀναϐήσονται.
1814 5582 1970 5651 Φωνὴ

2092 5594 2229 5649 [nam
2260 5579 2449 5633 domos
2480 5577 2740 5641 concutit,
2769 5586 2823 5631 et
2850 5576 2942 5646 qui
2972 5578 3023 5629 in
3057 5576 3122 5630 iis
3148 5587 3272 5629 sunt
3302 5577 3552 5631 conterit.

392 5670 449 5723 δὲ
471 5676 583 5737 τοῖς
614 5674 880 5737 κλαίουσι,
934 5674 1248 5748 σύντριμμα
1302 5676 1395 5731 καὶ
1462 5678 1809 5749 συσσεισμός.
1842 5676 2365 5749 Προανακεκρὰγασι
2421 5672 2529 5746 γὰρ
2575 5674 2645 5728 τὰ
2704 5675 2768 5727 ἐκ
2814 5671 2908 5727 τοῦ
2962 5672 3198 5744 πολέμου
3249 5672 3632 5744 συμϐησόμενα

393 5761 565 5834 πάθη,
599 5766 879 5836 μονονουχὶ
908 5760 1245 5830 συσσείοντος
1275 5766 1510 5835 ἅπαντα,
1552 5768 1735 5833 πόλεις
1770 5786 1830 5823 τε
1870 5769 1964 5823 καὶ
2000 5767 2202 5833 οἴκους,
2244 5768 2338 5821 καὶ
2374 5767 2498 5830 τοὺς
2524 5768 2581 5819 ἐν
2612 5766 2793 5830 αὐτοῖς
2823 5766 3216 5837 συντρίϐοντος.

472 5876 543 5932 Τὸ
583 5877 736 5949 ὕδωρ
769 5878 879 5949 τῆς
908 5879 1152 5951 Νεϐρεὶμ
1176 5881 1395 5953 ἔρημον
1428 5882 1619 5953 ἔσται,
1644 5886 1739 5945 καί
1766 5889 1797 5941 ὁ
1836 5888 1972 5956 χψ-

2154 5886 2314 5942 Vsus.
2354 5885 2409 5939 ὑ.
2441 5883 2590 5956 Aqua
2624 5881 2861 5939 Nemrim
2894 5882 3099 5953 deserta
3128 5882 3247 5952 erit,
3271 5893 3317 5937 et
3343 5880 3499 5936 herba
3522 5879 3628 5949 ejut
