4148 6378
453 423 560 479 4⁸55

1445 421 1504 476 S.
1542 416 1820 477 CYRILLI
1858 416 2330 475 ALEXANDRINI
2367 415 2690 475 ARCHIEP.

3603 412 3708 469 4οὸ

456 537 660 609 deﬁciet
681 550 697 590 ε
718 536 876 589 herba
905 536 1043 591 enim
1072 533 1256 591 uiridis
1292 548 1396 590 non
1428 534 1570 601 erit;
1601 532 1832 605 nunquid
1858 540 1908 587 et
1948 532 2024 586 sic
2052 582 2054 590 .

2155 548 2226 598 ὀς
2282 528 2472 600 αὐτῆς
2522 529 2821 597 ἐκλείψει·
2880 528 3093 598 χόρτος
3140 530 3249 599 γὰρ
3306 498 3542 598 χλαιοός
3597 532 3711 583 οὐκ

456 633 603 688 debet
630 631 830 685 servari
845 631 870 685 1’

534 723 730 779 Urbem
759 720 978 779 Nebrim
1007 720 1104 795 [al.
1136 718 1403 791 Nemrim]
1422 718 1648 788 positam
1668 732 1788 774 esse
1805 718 1957 773 aiunt
1980 718 2032 772 in

455 824 697 871 extrema
731 830 827 871 ora
854 815 1112 885 regionis,
1145 814 1278 869 mari
1300 812 1484 867 Rubro
1506 812 1759 875 vicinam,
1793 811 2037 879 adeoque

458 922 715 976 aquosam
735 916 789 963 et
808 906 1062 974 feracem,
1080 914 1139 960 ut
1166 904 1320 975 equis
1342 902 1524 958 multis
1542 902 1819 957 abundare
1842 900 2031 971 possit,

459 999 689 1068 ideoque
717 1012 840 1054 esse
865 999 1029 1054 etiam
1058 995 1490 1068 pugnacissimos
1516 994 1786 1058 homines,
1807 992 2037 1046 habere-

458 1103 563 1158 que
596 1089 897 1159 equitatum
947 1086 1182 1145 bellandi
1227 1086 1481 1157 peritum.
1544 1085 1622 1139 Ex
1671 1084 1852 1138 divina
1884 1096 2033 1153 ergo,

460 1181 654 1249 inquit,
704 1181 809 1247 ira,
835 1196 902 1236 ex
940 1180 1180 1237 hostium
1217 1179 1596 1250 impressione,
1628 1176 1884 1233 destituta
1930 1175 2039 1231 erit.

461 1274 636 1341 aquis,
658 1272 924 1342 viridique
944 1272 1132 1329 herba.
1150 1272 1266 1340 Quo
1277 1286 1406 1328 sane
1423 1268 1799 1341 facto,jacebit
1816 1268 2038 1325 omnino

461 1367 539 1420 rei
569 1365 824 1420 militaris
851 1364 1103 1430 scientia,
1138 1364 1368 1420 sublatis
1396 1373 1522 1417 ante
1553 1361 1732 1431 equis,
1760 1375 1825 1416 ac
1854 1359 2038 1415 inedia

462 1458 883 1515 intereuntibus.
934 1456 1004 1511 At
1045 1457 1091 1512 si
1141 1457 1278 1521 hoc,
1314 1455 1513 1526 inquit,
1559 1453 1672 1521 llat,
1701 1468 1829 1508 num
1873 1452 2040 1523 igitur

462 1547 570 1602 alte
595 1547 661 1602 de
696 1563 756 1603 se
794 1563 857 1604 ac
906 1558 1014 1603 tam
1054 1546 1341 1618 magniﬁce
1386 1544 1624 1601 sentiet?
1655 1542 1795 1599 Num
1838 1542 1885 1600 si
1937 1542 2040 1598 hoc

461 1640 776 1710 contigerit,
807 1641 1136 1707 servabitur,
1183 1650 1239 1696 et
1275 1640 1618 1696 inimicorum
1665 1652 1859 1692 manus
1900 1634 2040 1692 ellu-

464 1734 610 1803 giet?
639 1732 830 1787 Fracta
856 1733 1000 1788 enim
1029 1743 1083 1789 et
1105 1732 1377 1788 exstincta
1408 1745 1600 1790 eorum
1627 1729 1892 1801 Potentia,
1919 1742 2040 1800 quas

466 1827 681 1883 demum
712 1826 817 1880 erit
841 1840 967 1896 spes
994 1824 1186 1882 salutis
1204 1825 1231 1878 ἲ

544 2090 708 2145 Vitas.
744 2088 860 2144 7-.9.
904 2089 1164 2145 lnducam
1208 2089 1346 2144 enim
1382 2089 1437 2143 in
1483 2087 1671 2143 vallem
1715 2088 1947 2156 Arabes,
1994 2095 2044 2143 et

467 2185 677 2253 capient
731 2201 866 2238 eam.
926 2182 1147 2253 Pertigit
1199 2184 1339 2238 enim
1393 2182 1594 2237 clamor
1642 2182 1712 2236 ad
1763 2182 2043 2237 terminum

466 2275 776 2330 Moabitidis
805 2276 1057 2345 Agallim;
1088 2284 1139 2329 et
1164 2274 1389 2345 ejulatio
1415 2275 1529 2345 ejus
1558 2290 1718 2345 usque
1736 2276 1806 2328 ad
1829 2284 2044 2342 puteum

466 2365 633 2429 Elim.
651 2369 799 2437 Aqua
816 2366 1087 2422 Rhembon
1115 2365 1209 2439 [aL
1232 2365 1444 2439 Dimon]
1464 2365 1745 2435 replebitur
1766 2367 2043 2436 sanguine.

468 2458 730 2514 lnducam
778 2461 916 2514 enim
967 2476 1123 2527 super
1176 2458 1447 2513 Rbembon
1494 2458 1715 2513 Arabes.
1759 2456 1828 2511 Et
1860 2458 2046 2512 tollam

464 2565 640 2604 semen
686 2547 844 2602 Moab
885 2558 933 2602 et
966 2549 1131 2603 Ariel.
1169 2546 1237 2601 Et
1290 2549 1559 2603 residuum
1596 2547 1800 2603 Adamn
1839 2548 2045 2605 mittam

473 2653 727 2711 tanquam
767 2640 975 2710 reptilia
1008 2657 1164 2711 super
1198 2648 1414 2696 terram.

540 2824 731 2879 Partes
762 2821 1224 2878 Damascenorum
1257 2823 1324 2877 ad
1354 2822 1615 2877 Austrum
1655 2822 1891 2879 maxime
1923 2838 2048 2878 ver-

473 2925 683 2987 gentes,
716 2914 1137 2971 innumerabilia
1181 2928 1382 2985 genera
1426 2930 1612 2969 eorum
1645 2914 1740 2984 qui
1786 2916 2051 2972 Saraceni

472 3015 757 3070 vocantur,
813 3003 1052 3059 incolere
1097 3004 1316 3069 dicunt,
1365 3012 1421 3059 et
1467 3004 1533 3058 ad
1580 3003 1823 3059 Persiam
1878 3020 2049 3075 usque

473 3092 701 3161 porrigi.
746 3092 810 3147 lli
839 3106 990 3147 arma
1025 3091 1392 3158 contulerunt,
1429 3093 1725 3163 copiasque
1751 3092 2049 3161 junxerunt

2134 623 2325 687 ἔσται,
2357 621 2445 693 μὴ
2478 622 2580 676 καὶ
2606 622 2794 687 οὕτως
2840 620 3054 689 μέλλει
3086 619 3395 688 σωθῆναι;

2204 714 2366 767 Πόλιν
2405 709 2543 768 εἷναί
2584 729 2714 784 φασι
2768 711 2867 784 τὴν
2916 711 3162 783 Νεϐρεὶμ
3196 710 3455 783 κειμένην
3501 710 3600 782 μὲν
3652 711 3713 764 ὲν

2135 806 2413 876 ἐσχατιαῖς
2426 805 2525 875 τῆς
2543 803 2748 876 χώρας,
2764 803 3086 873 γειτνιῶσαν
3107 802 3350 875 Θαλάσσῃ
3375 804 3441 873 τῇ
3475 800 3715 874 Ἐρυθρᾷ

2135 895 2356 968 εὔυδρον
2384 896 2441 950 δὲ
2470 894 2644 959 οὕτως
2665 895 2759 949 καὶ
2784 894 3024 961 εὔϐοτον,
3046 894 3120 959 ὡς
3149 894 3245 948 καὶ
3266 894 3431 947 ἵππον
3452 890 3713 946 δύνασθαι

2145 986 2446 1059 κεκτῆσθαι
2482 987 2683 1058 πολλὴν
2714 978 2843 1051 τοῦς
2871 987 2929 1041 ὲν
2958 985 3116 1057 αὐτῇ·
3151 984 3323 1058 ταύτῃ
3342 1002 3422 1039 τοι
3451 985 3545 1039 καὶ
3572 978 3712 1036 εἶναι

2139 1077 2580 1148 μαχιμωτάτους,
2618 1076 2760 1148 ἔχειν
2785 1093 2845 1129 τε
2875 1075 2973 1147 τὴν
3004 1074 3188 1147 ¹ἵππον
3222 1073 3711 1147 ὲμπειροπόλεμον.

2150 1170 2245 1222 Ἐκ
2290 1168 2439 1232 θείας
2466 1168 2663 1232 τοίνυν,
2702 1168 2888 1238 φησὶν,
2915 1167 3105 1241 ὀργῆς,
3148 1168 3214 1221 ὲκ
3250 1167 3352 1239 τῆς
3399 1166 3510 1237 τῶν
3556 1164 3717 1219 πολε-

2140 1260 2280 1330 μίων
2302 1260 2515 1330 ἐφόδου,
2569 1259 2773 1331 ἔρημος
2816 1258 2968 1314 ἔσται
2996 1260 3090 1314 καὶ
3116 1259 3325 1314 ὑδάτων
3371 1260 3466 1313 καὶ
3516 1259 3714 1330 χόρτου

2137 1352 2372 1427 χλωροῦ.
2404 1346 2481 1408 Ob
2505 1351 2569 1426 δὴ
2595 1352 2900 1422 γεγονότος,
2942 1352 3197 1423 άτονήσει
3246 1352 3467 1416 πάντως
3517 1353 3552 1423 ἡ
3604 1352 3716 1404 τῶν

2135 1445 2410 1500 τακτικῶν
2446 1444 2707 1516 ἐμπειρία
2739 1445 3207 1516 προανῃρημένων
3239 1443 3349 1497 τῶν
3381 1445 3585 1509 ἵππων,
3624 1444 3719 1497 καὶ

2137 1536 2463 1591 διολωλότων
2488 1536 2595 1591 ὑπὸ
2621 1536 2800 1608 λιμοῦ.
2847 1536 2987 1590 Ἀλλ’
3019 1538 3069 1589 εί
3112 1535 3269 1591 τοῦτο
3296 1537 3524 1607 γένοιτο,
3559 1536 3715 1607 φησὶ,

2142 1628 2217 1701 μὴ
2244 1629 2352 1701 ἄρα
2388 1630 2644 1700 φρονήσει
2676 1628 2823 1700 μέγα
2873 1630 2966 1683 καὶ
3000 1627 3175 1691 οὕτως
3225 1630 3310 1699 ἐφ’
3358 1629 3599 1701 ἐαυτῆς;
3641 1629 3718 1701 μὴ

2138 1722 2331 1783 τούτου
2368 1721 2774 1793 συμϐεϐηκότος
2823 1721 3007 1793 μέλλει
3050 1720 3310 1791 σωθῆναι,
3347 1720 3440 1776 καὶ
3482 1720 3582 1785 τὰς
3608 1719 3721 1775 τῶν

2140 1814 2416 1886 πολεμίων
2474 1812 2754 1885 διαδράναι
2806 1816 3030 1885 χεῖρας;
3090 1811 3552 1895 προανῃρημένης
3609 1810 3722 1885 γάρ

2069 1896 2119 1956 Β
2144 1905 2323 1960 αὐτῶν
2354 1904 2453 1976 τῆς
2487 1904 2688 1976 ἰσχύος,
2712 1902 2839 1964 ποία
2859 1921 2938 1968 τις
2962 1902 3113 1965 ἔσται
3136 1902 3321 1956 λοιπὸν
3347 1903 3381 1973 ἡ
3408 1902 3508 1974 τῆς
3546 1919 3722 1974 σωτη-

2146 1998 2268 2070 ρίας
2306 1997 2461 2063 ἐλπίς
2477 2016 2491 2065 ;

2228 2089 2461 2155 Ἐπάξω
2508 2092 2619 2160 γὰρ
2675 2089 2774 2143 ἐπὶ
2820 2090 2937 2157 τὴν
2972 2090 3247 2160 φάραγγα
3297 2091 3566 2159 Ἄραϐας,
3621 2090 3723 2144 καὶ

2144 2182 2447 2253 λήψονται
2493 2183 2706 2252 αὑτήν.
2758 2181 3006 2253 Συνῆψε
3044 2182 3083 2251 ἡ
3119 2182 3244 2252 ,βοὴ
3284 2182 3352 2237 τό
3410 2183 3576 2252 ὅριον
3611 2182 3724 2250 τῆς

2145 2274 2506 2342 Μωαϐίτιδος
2529 2274 2639 2344 τῆς
2666 2275 2999 2346 Ἀγαλλείμ,
3032 2275 3132 2330 καί
3158 2274 3500 2347 ὀλολυγμὸς
3530 2273 3724 2345 αὐτῆς

2144 2369 2254 2436 ἕως
2278 2368 2386 2423 τοῦ
2406 2368 2659 2438 φρέατος
2674 2368 2780 2423 τοῦ
2819 2368 3038 2438 Ἐλείμ.
3079 2368 3147 2423 Τὸ
3169 2368 3238 2421 δὲ
3266 2367 3424 2437 ὕδωρ
3448 2367 3517 2421 τὸ
3555 2367 3722 2437 Ῥεμ-

2140 2462 2267 2532 μὼρ
2283 2462 2701 2531 πλησθήσεται
2724 2462 2990 2531 αἵματος·
3010 2460 3211 2526 ἐπάξω
3231 2459 3342 2531 γὰρ
3352 2460 3451 2515 ἐπί
3470 2458 3726 2530 Ῥεμμὼρ

2151 2556 2421 2622 Ἄραϐας.
2452 2554 2562 2609 Kal
2584 2551 2707 2621 ἀρῶ
2742 2553 2807 2607 τὸ
2830 2551 3071 2622 σπέρμα
3112 2552 3309 2619 Μωὰϐ,
3357 2551 3459 2606 καὶ
3502 2549 3726 2621 Ἅριὴλ,

2148 2645 2246 2699 καί
2276 2644 2343 2699 τὸ
2373 2644 2743 2698 scurriliath
2783 2642 3016 2714 Ἀδαμα
3044 2642 3362 2699 ἀποστελῶ
3392 2644 3472 2711 ὡς
3498 2642 3726 2714 ἑρπετά

2147 2738 2245 2792 ἐπὶ
2272 2737 2384 2807 τῆς
2416 2736 2549 2808 γῆςο

2218 2829 2302 2884 Τὰ
2358 2828 2658 2883 νοτιώτατα
2701 2828 2843 2901 μέρη
2912 2828 3021 2883 τῶν
3076 2827 3452 2900 Δαμασκηνῶν
3496 2826 3728 2883 κατανέ-

2154 2920 2348 2995 μεσθαί
2372 2939 2505 2991 φασι
2541 2920 2612 2974 τὰ
2658 2919 2768 2974 τῶν
2796 2919 3145 2991 καλουμένων
3182 2918 3511 2991 Σαρακηνῶν
3540 2917 3729 2990 ἀναρί-

2152 3015 2336 3087 θμητα
2354 3015 2510 3083 γένη,
2540 3013 2636 3068 καὶ
2663 3011 2825 3083 μέχρι
2858 3011 3026 3082 αὐτῆς
3045 3011 3440 3084 παρατείνοντα
3463 3011 3561 3083 τῆς
3585 3012 3729 3082 Περ-

2155 3109 2283 3163 σῶν.
2339 3106 2502 3161 Αὐτοὶ
2564 3104 2962 3168 συνωπλίζοντο
3012 3107 3123 3168 τοίς
3180 3102 3561 3169 Βαϐυλωνίοις,
3634 3103 3731 3156 καὶ

475 3199 598 3237 cum
635 3182 963 3255 Babyloniis,
998 3192 1051 3238 et
1096 3181 1334 3253 populati
1369 3193 1494 3238 sunt
1532 3182 1878 3241 Moabitidem
1910 3204 1925 3242 :
1959 3202 2047 3242 se-

2156 3200 2448 3271 κατεδῄουν
2486 3198 2583 3269 τὴν
2624 3196 2931 3251 Μωαϐιτῶν
2956 3213 2969 3227 ο
3031 3196 3246 3249 εἵποντο
3290 3195 3403 3266 γάρ
3448 3194 3544 3249 καὶ
3575 3194 3730 3249 αὐτοὶ

475 3275 785 3343 nitebantur
824 3276 1024 3348 quippe
1052 3286 1108 3333 et
1136 3276 1262 3348 ipsi,
1297 3275 1425 3332 licet
1454 3290 1520 3333 ex
1551 3292 1614 3333 ea
1648 3288 1808 3347 gente
1840 3291 2048 3347 essent,

480 3366 951 3440 Moabitarumque
980 3369 1171 3425 vicini.
1209 3367 1401 3425 Vocati
1431 3380 1560 3426 sunt
1586 3372 1731 3426 enim
1759 3372 1812 3428 hi
1836 3388 2054 3444 quoque

475 3458 701 3513 Arabes.
730 3457 1063 3529 Capiendum
1107 3459 1290 3530 itaque
1322 3459 1453 3516 dicit
1478 3458 1701 3517 Neurim
1737 3481 1752 3517 :
1798 3462 2053 3519 lnducam

476 3548 620 3601 cnim
651 3561 817 3618 super
866 3548 1057 3604 vallem
1099 3548 1331 3616 Arabes,
1362 3558 1417 3605 et
1446 3552 1662 3621 capient
1696 3551 1859 3624 252
1903 3568 2048 3610 eam.

484 3638 716 3705 Vallem,
754 3648 815 3693 ut
839 3639 1072 3704 videtur,
1096 3638 1317 3696 Neurim
1344 3642 1609 3710 nominat,
1627 3647 1824 3714 quippe
1850 3661 1972 3715 quae
2002 3649 2053 3701 in

480 3746 723 3786 concavo
757 3730 877 3785 loco
909 3731 1015 3786 sita
1055 3732 1147 3799 sit,
1184 3732 1440 3788 nimirum
1480 3750 1605 3791 cum
1649 3735 1770 3791 aliae
1809 3739 1972 3794 urbes
2004 3738 2058 3793 in

482 3824 650 3879 altum
681 3831 903 3890 evectae,
932 3832 989 3878 et
1017 3823 1071 3879 in
1105 3824 1380 3881 montibus
1416 3826 1605 3897 posita:
1632 3828 1761 3883 sint.
1789 3827 2057 3896 Quoniam

480 3929 613 3970 vero
637 3929 741 3970 non
772 3928 897 3985 pars
925 3913 1285 3971 Moabitarum
1315 3912 1459 3973 bello
1487 3921 1670 3974 attrita
1695 3928 1799 3987 est,
1826 3922 1920 3977 sed
1947 3931 2058 3977 tota

482 4007 709 4062 omnino
738 4021 801 4061 ac
829 4006 884 4062 in
918 4016 1089 4062 totum
1120 4022 1485 4079 conquassata
1513 4023 1618 4080 est,
1654 4022 1710 4068 et
1750 4013 1805 4067 in
1852 4028 2058 4069 morem

483 4098 622 4153 ebrii
662 4099 900 4167 jactata;
952 4097 1074 4153 ideo
1121 4098 1296 4171 inquit
1338 4115 1371 4157 a
1406 4102 1602 4157 ﬁnibus
1640 4105 1707 4159 ad
1761 4104 1898 4159 lines
1934 4120 2061 4175 per-

487 4200 775 4245 venturum
800 4191 1116 4257 clamorem,
1143 4192 1464 4247 ululantium
1494 4194 1743 4250 videlicet
1770 4205 2060 4264 eteorum,

488 4282 578 4352 qui
605 4297 790 4337 casum
812 4284 1155 4353 pereuntium
1188 4284 1331 4338 soliti
1356 4295 1481 4339 sunt
1508 4286 1810 4356 deplorare.
1839 4287 2064 4359 Pertigit

486 4377 633 4431 cnim
657 4375 881 4442 clamor,
910 4376 1103 4447 inquit,
1131 4378 1419 4432 terminum
1449 4376 1778 4445 Moabitidis,
1812 4380 2062 4449 Agallim,

489 4476 543 4524 et
590 4466 809 4537 eiulatio
856 4466 976 4537 ejus
1022 4481 1192 4538 usque
1238 4469 1305 4524 ad
1351 4480 1569 4539 puteum
1616 4470 1774 4525 Elim.
1820 4470 2065 4526 Estimas

2155 3293 2332 3345 καίτοι
2363 3290 2502 3361 τάχα
2549 3306 2652 3342 που
2694 3289 2789 3342 καὶ
2819 3288 2975 3357 γένος
3016 3287 3187 3354 ὄντες,
3238 3287 3332 3341 καὶ
3378 3286 3617 3356 γείτονες
3660 3287 3730 3357 τῇ

2152 3384 2479 3440 Μωαϐιτῶν.
2530 3381 2810 3453 Κέκληντο
2853 3379 2961 3453 γὰρ
3001 3380 3096 3435 καὶ
3146 3380 3385 3453 ’Ἄραϐες
3418 3380 3511 3434 καὶ
3555 3377 3729 3434 αὐτοί.

2153 3474 2538 3549 Δηφθήσεσθαι
2566 3474 2744 3529 τοίνυν
2775 3474 2907 3546 φησὶ
2935 3472 3034 3546 τὴν
3060 3473 3305 3544 Νεϐρείμ
3327 3491 3341 3504 ·
3381 3470 3595 3538 Ἐπάξω
3624 3471 3736 3543 γὰρ

2156 3569 2249 3624 ἐπὶ
2276 3568 2375 3640 τὴν
2417 3568 2699 3638 φάραγγα.
2757 3563 3026 3636 Ἀραϐας,
3086 3565 3181 3617 καὶ
3230 3564 3489 3636 λήψονται
3539 3563 3730 3633 αὑτήν.

2154 3663 2439 3734 Φάραγγα,
2483 3659 2541 3713 δὲ
2583 3658 2724 3713 κατὰ
2756 3659 2817 3713 τὸ
2860 3658 3029 3723 εἰκὸς,
3064 3658 3319 3729 ὀνομάζει
3340 3658 3437 3730 τὴν
3466 3657 3732 3728 Νεϐρεὶμ,

2156 3754 2248 3808 διὰ
2279 3753 2341 3806 τὸ
2377 3754 2437 3806 ὲν
2483 3751 2648 3823 κοίλῳ
2688 3751 2900 3805 κεῖσθαι
2931 3751 3099 3821 τόπῳ.
3145 3749 3339 3804 Καίτοι
3386 3748 3494 3803 τῶν
3531 3749 3738 3822 ἑτέρων

2159 3846 2367 3901 πόλεων
2390 3844 2641 3916 ῂρμένων
2672 3841 2831 3912 ὑψοῦ,
2868 3842 2963 3896 καὶ
2991 3844 3049 3895 ὲν
3081 3841 3263 3915 ὄρεσιν
3293 3839 3488 3897 οὐσῶν.
3518 3838 3741 3915 Ἐπειδὴ

2158 3938 2215 3993 δὲ
2247 3938 2309 3992 οὐ
2334 3937 2500 4009 μέρος
2534 3930 2603 4007 ἦν
2632 3935 2731 4007 τῆς
2755 3933 3064 3989 Μωαϐιτῶν
3101 3932 3163 3987 τὸ
3184 3932 3263 4004 τῷ
3296 3933 3517 4004 πολέμῳ
3549 3948 3740 3985 συντε-

2159 4048 2247 4100 τρι
2256 4029 2479 4101 μμένον,
2502 4027 2618 4082 ἀλλ’
2642 4027 2737 4100 ὅλη
2773 4027 2839 4081 δι’
2865 4026 2987 4081 ὅλου
3011 4024 3342 4098 κατεδονήθη
3364 4042 3424 4078 τε
3448 4024 3543 4078 καὶ
3578 4022 3742 4077 σεσά-

2162 4122 2349 4176 λευται
2382 4120 2673 4193 μεθύοντος
2699 4120 2883 4186 δίκην
2934 4118 3108 4191 ταύτῃ
3155 4134 3237 4170 τοι
3276 4117 3441 4188 φησιν
3473 4118 3537 4169 ὲκ
3568 4114 3740 4186 περά-

2161 4230 2272 4267 των
2310 4214 2391 4276 είς
2421 4212 2632 4283 πέρατα
2664 4207 3100 4281 συναφθήσεσθαι
3160 4210 3263 4279 τὴν
3293 4206 3441 4279 βοὴν,
3490 4205 3597 4259 τῶν
3622 4204 3742 4258 ὁλο-

2163 4306 2433 4372 λυζόντων
2460 4302 2721 4376 δηλονότι,
2758 4302 2853 4357 καὶ
2872 4302 2963 4355 τὸν
2997 4302 3107 4365 τοῖς
3132 4298 3452 4353 ἀπολεῖσθαι
3483 4296 3739 4369 μέλλουσι

2166 4399 2361 4473 θρῆνον
2422 4396 2719 4468 ἐκμελετᾷν
2778 4394 3065 4448 εἰωθότων.
3105 4391 3316 4463 Συνῆψε
3343 4390 3452 4462 γὰρ
3479 4391 3513 4461 ὴ
3548 4388 3644 4461 βοὴ
3680 4388 3744 4442 τὸ

2165 4492 2312 4563 ὃριον
2341 4491 2439 4560 τῆς
2471 4487 2831 4551 Μωαϐίτιδος,
2863 4487 3017 4559 φησι,
3040 4487 3139 4557 τῆς
3175 4484 3485 4554 Ἀγαλλεὶμ,
3512 4484 3605 4537 καὶ
3625 4482 3745 4535 ὀλο-

490 4570 670 4615 autem
712 4561 895 4625 urbes,
924 4571 980 4616 et
1029 4560 1084 4616 in
1113 4560 1244 4631 ipsis
1274 4560 1478 4647 locatas
1508 4563 1754 4619 terminis
1784 4565 2054 4620 nominat:

2171 4560 2377 4651 λυγμὸς
2408 4579 2576 4649 αὐτῆς
2607 4578 2711 4641 ἕως
2740 4576 2832 4631 τοῦ
2865 4577 3100 4648 φρέατος
3130 4575 3222 4629 τοῦ
3266 4574 3474 4646 Ἐλείμ.
3527 4573 3639 4637 Τὰς
3683 4570 3743 4626 δὲ

488 4653 743 4722 Agallim,
796 4653 1039 4723 inquam,
1079 4662 1135 4708 et
1184 4636 1404 4731 puteum
1457 4653 1618 4711 Elim.
1680 4654 1929 4726 Cumque
1979 4657 2064 4711 la-

491 4757 734 4801 mentum
772 4760 870 4815 per
911 4760 1105 4802 omnes
1149 4746 1460 4816 provincias
1508 4747 1800 4803 tollendum
1845 4764 2066 4805 asseve-

494 4847 704 4906 rasset,
761 4838 840 4894 uti
889 4830 1169 4903 dicebam,
1225 4837 1349 4893 inde
1396 4837 1473 4892 ait
1516 4855 1533 4894 :
1572 4839 1724 4910 Aqua
1779 4839 2070 4897 Rhembon

496 4931 805 5001 implebitur
828 4932 1112 5003 sanguine.
1131 4929 1363 4987 Maxime
1384 4940 1566 4986 autem
1585 4932 1847 5004 irrignam
1865 4932 2070 4989 Rhem-

492 5028 599 5087 hon
645 5039 768 5081 esse
816 5025 1124 5094 perhibent.
1170 5024 1278 5079 Sed
1324 5023 1622 5094 replebitur
1658 5026 1943 5096 sanguine,
1986 5028 2069 5082 in-

498 5120 637 5187 quit,
661 5118 766 5172 hoc
792 5116 1000 5171 scilicet
1023 5117 1231 5183 dicens,
1255 5098 1401 5188 quod]
1424 5118 1644 5187 sanguis
1676 5117 1796 5172 belli
1827 5128 2072 5191 tempore

495 5194 969 5280 occumbentium,
1022 5229 1152 5277 cum,
1194 5213 1447 5284 largitate
1494 5222 1551 5267 et
1601 5212 1756 5282 copia
1806 5196 2071 5284 aquarum

495 5307 809 5373 contendet,
845 5315 899 5363 et
946 5304 1215 5372 rubefacti
1264 5304 1603 5375 apparebunt
1653 5303 1825 5370 ﬂuvii,
1872 5304 2073 5361 diﬁ‘un-

498 5400 763 5469 deturque
813 5415 953 5471 aqua
1004 5409 1195 5467 terra,
1241 5382 1345 5453 non
1382 5396 1496 5466 jam
1540 5413 1713 5467 pura,
1765 5413 1872 5453 non
1922 5413 2076 5465 aqua:

500 5491 739 5560 speciem
774 5492 1001 5559 habens,
1036 5493 1132 5548 sed
1169 5490 1372 5555 diversi
1410 5490 1629 5559 coloris,
1657 5501 1713 5547 et
1756 5492 2072 5565 sanguinea.

498 5583 939 5655 Capicndamque
978 5598 1098 5639 eam
1144 5584 1220 5639 ait
1253 5584 1322 5639 ab
1366 5584 1658 5649 Arabibus,
1688 5593 1748 5638 ut
1783 5594 1954 5640 totum
1989 5598 2075 5640 se-

501 5692 625 5732 men
659 5675 843 5743 ltloab,
892 5686 947 5733 et
989 5676 1158 5743 Ariel,
1195 5675 1432 5741 tollatur,
1481 5678 1537 5733 id
1572 5686 1677 5743 est,
1720 5678 1980 5748 perdatur
2022 5685 2078 5733 et

500 5770 843 5828 mnnciatur.
879 5768 949 5824 Et
983 5768 1255 5825 residuum
1292 5768 1533 5834 mittam,
1576 5768 1770 5838 inquit,
1798 5769 1945 5824 velut
1986 5785 2070 5826 re-

506 5863 652 5946 plilia
685 5876 848 5934 super
882 5873 1103 5920 terram.
1143 5859 1245 5927 Qui
1273 5860 1417 5917 enim
1452 5870 1576 5920 sunt
1605 5875 1756 5919 acres
1786 5870 1839 5919 et
1870 5861 2073 5930 acerbi,

2170 4671 2273 4737 ἔξω
2303 4670 2505 4733 πόλεις,
2559 4669 2653 4723 καὶ
2687 4668 2772 4722 ἐπ’
2811 4670 2993 4733 αὐτοῖς
3043 4670 3154 4732 τοῖς
3200 4667 3437 4739 τέρμασι
3486 4664 3747 4735 κειμένας

2169 4761 2444 4833 ὀνομάζει,
2479 4761 2577 4831 τήν
2602 4777 2662 4813 τε
2700 4759 2992 4831 Ἀγαλλείμ
3024 4778 3188 4831 φημι,
3229 4758 3324 4813 καὶ
3352 4758 3414 4812 τὸ
3444 4757 3623 4829 φρέαρ
3649 4755 3748 4810 τοῦ

2184 4851 2389 4921 Ἐλείμ.
2429 4846 2713 4902 Τεθείσθαι
2744 4848 2801 4901 δὲ
2840 4849 2930 4901 τὸν
2978 4847 3173 4925 θρῆνον
3212 4848 3292 4911 εἰς
3340 4848 3518 4901 πᾶσαν
3566 4843 3750 4900 αὐτῶν

2170 4945 2270 5017 τὴν
2294 4943 2476 5015 χώραν
2510 4940 3007 5013 διαϐεϐαιούμενος,
3046 4941 3122 5005 ὡς
3172 4940 3329 5012 ἔφην,
3372 4936 3491 4995 εἶτά
3540 4955 3745 5010 φησιν,

2173 5036 2255 5089 ὅτι
2302 5034 2377 5087 Τὸ
2426 5033 2573 5104 ὕδωρ
2618 5033 2680 5086 τὸ
2739 5030 2996 5103 Ῥεμμὼν
3054 5031 3429 5103 πλησθήσεται
3490 5032 3745 5103 αἵματος.

2186 5125 2572 5197 Ἐνυδροτάτην
2621 5124 2679 5177 δὲ
2735 5119 2873 5177 εἶναι
2914 5124 3071 5192 λόγος
3117 5123 3215 5195 τὴν
3249 5122 3524 5196 Ῥεμμών.
3588 5121 3753 5176 Ἀλλὰ

2174 5219 2565 5290 πλησθήσεται,
2599 5218 2784 5289 φησὶν,
2815 5217 3063 5288 αἵματος,
3106 5219 3283 5272 ἐκεῖνό
3312 5236 3415 5272 που
3442 5217 3636 5286 λέγων,
3666 5217 3751 5270 ὅτι

2175 5314 2294 5374 ταῖς
2342 5310 2451 5364 τῶν
2492 5309 2700 5363 ὑδάτων
2742 5309 3037 5379 δαψιλείαις
3070 5310 3437 5381 φιλονεικήσει
3483 5308 3625 5363 κατὰ
3658 5306 3752 5362 τὸν

2176 5399 2273 5455 τοῦ
2316 5398 2553 5471 πολέμου
2598 5400 2787 5471 καιρὸν
2830 5401 2938 5453 τῶν
2969 5402 3279 5455 πιπτόντων
3326 5399 3389 5453 τὸ
3438 5392 3612 5470 alita.
3654 5396 3751 5450 καὶ

2178 5490 2586 5563 πεφοινιγμένοι
2640 5490 2741 5560 μὲν
2791 5490 3116 5562 ὀφθήσονται
3163 5490 3418 5561 ποταμοὶ,
3482 5504 3753 5542 κατασκε-

2177 5586 2508 5659 δασθήσεται
2549 5587 2606 5641 δὲ
2656 5587 2756 5656 τῆς
2785 5587 2889 5656 γῆς
2927 5585 2986 5639 τδ
3023 5584 3193 5653 ὓδωρ,
3241 5581 3426 5634 οὐκέτι
3487 5576 3751 5648 καθαρὸν,

2178 5675 2300 5729 οὔτε
2330 5676 2436 5748 μὴν
2467 5674 2658 5738 ὕδατος
2683 5674 2804 5744 ὄψιν
2826 5675 2965 5744 ἕχον,
2988 5672 3103 5726 ἀλλ’
3124 5671 3446 5742 ἐτερόχρουν
3468 5668 3562 5721 καὶ
3586 5667 3755 5737 αίμα-

2180 5768 2397 5832 τοειδές.
2418 5766 2805 5839 Ληφθήσεσθαι
2826 5767 2880 5819 δὲ
2906 5767 2999 5820 καὶ
3020 5766 3189 5835 αὐτὴν
3210 5764 3267 5830 ἐξ
3298 5764 3353 5815 Ἀ
3366 5761 3544 5832 ράϐων
3565 5759 3755 5827 φησιν,

2181 5862 2320 5925 ὥστε
2349 5860 2492 5919 ἅπαν
2515 5861 2613 5932 μὲν
2648 5860 2865 5931 σπέρμα
2894 5859 3081 5927 Μωὰϐ,
3105 5861 3194 5914 καὶ
3236 5856 3417 5927 Ἀριὴλ
3440 5852 3759 5923 ὲξιρθῆναι,
