4148 6378
387 393 492 449 405

1516 401 1583 459 ΙΝ
1623 402 1860 461 ιελωι
1888 404 2017 462 LIB.
2056 404 2121 465 ll.
2158 406 2392 465 TOMUS
2428 408 2515 468 HI.

3526 410 3628 465 406

386 509 528 563 τοῦτ’
574 509 738 579 ἔστιν,
769 517 1067 576 ἀπολέσθαι
1097 540 1158 577 τε
1188 523 1285 578 καὶ
1335 523 1729 597 δαπανηθῆναι.
1779 526 1854 580 Τό
1893 542 1957 595 γε

2068 541 2275 598 semper
2312 528 2466 584 ibunt
2498 529 2552 583 in
2584 526 2972 597 captivitatem,
3013 526 3157 581 velut
3201 534 3479 597 serpentes
3510 529 3630 596 qui-

390 598 496 670 μὴν
527 601 985 678 ὑπολελειμμένον
1033 613 1334 681 ἀποστελῶ,
1389 616 1594 687 φησὶν,
1641 616 1717 680 ὡς
1755 614 1958 685 ἐρπετά

387 695 480 746 ἐπὶ
524 695 622 766 τῆς
650 699 771 770 γῆς.
790 702 995 775 ’Πικροὶ
1020 706 1129 779 γὰρ
1158 708 1308 773 ὄντες
1338 709 1425 763 ἀεὶ
1471 709 1776 781 βαδιοῦνται
1822 710 1960 784 πρὸς

388 787 784 857 αἰχμαλωσίαν,
831 796 1081 871 καθάπερ
1121 801 1264 864 τινὲς
1296 802 1449 872 ὄφεις
1494 805 1615 868 ταῖς
1654 805 1818 860 τινῶν
1855 807 1958 859 ἐπ-

388 878 551 947 ῳδαῖς
575 887 1018 955 γεγοητευμένα,
1048 890 1138 942 καὶ
1160 885 1268 944 οἷον
1287 892 1779 959 ἀπονυστάξαντες,
1805 896 1884 956 είς
1899 894 1959 948 τὸ

388 972 673 1043 ἀσυνήθως
698 976 923 1049 ἥμερον.
963 980 1036 1033 Τὸ
1078 982 1271 1052 γάρτοι
1301 984 1475 1054 λέγειν
1517 986 1845 1051 Ἀποστελῶ,
1898 986 1960 1041 τὺ

388 1063 667 1135 ἐκπέμψαι
692 1068 860 1140 δηλοῖ.
889 1071 1048 1137 Ἔθος
1069 1075 1178 1146 γὰρ
1193 1078 1304 1139 τοῖς
1319 1076 1498 1131 ἑλοῦσι
1523 1077 1754 1149 χώρανῆ
1784 1079 1957 1147 πόλιν,

388 1156 507 1226 οὐχ).
536 1160 739 1224 πάντας
767 1162 935 1233 ἄρδην
965 1166 1222 1222 ἀπολύειν
1254 1168 1369 1223 ἐσθ’
1388 1172 1495 1236 ὅτε,
1518 1171 1961 1244 δεδαπανημένης

388 1245 551 1318 δέτῆς
569 1253 963 1325 μαχιμωτάτης
980 1256 1237 1328 πληθύος,
1253 1259 1310 1313 ἐν
1324 1260 1517 1333 δορυλή
1526 1280 1672 1316 πτων
1691 1263 1959 1319 ποιεῖσθαι

387 1338 538 1404 τάξει
563 1343 689 1406 τούς
716 1345 1247 1418 περιλελειμμένους.
1277 1351 1341 1404 Ei
1368 1351 1425 1405 δὲ
1448 1354 1551 1425 χρή
1573 1371 1695 1408 τινα
1719 1354 1813 1409 καὶ
1842 1357 1961 1421 ταῖς

392 1431 653 1502 ἱστορίαις
704 1436 1009 1507 ἐφαρμόσαι
1064 1439 1218 1508 λόγον
1267 1442 1581 1512 ἀναγκαῖον,
1629 1446 1825 1511 ἰστέον,
1880 1449 1961 1501 ὅτι

389 1518 535 1592 ψυχὴ
572 1522 671 1593 μὲν
724 1524 802 1595 τῷ
840 1524 969 1593 θείῳ
1017 1529 1165 1601 φόϐῳ
1210 1535 1608 1606 τετειχισμένη,
1654 1536 1848 1609 ίοχυρά
1899 1537 1960 1591 τέ

390 1612 505 1665 ἐστι
539 1614 633 1667 καὶ
660 1614 988 1683 δυσάλωτος,
1044 1621 1139 1673 καὶ
1189 1622 1287 1693 τῆς
1318 1623 1426 1678 τῶν
1471 1626 1791 1697 μαχομένων
1824 1627 1960 1699 αὐτῇ

391 1708 871 1776 κατευμεγεθοῦσα
900 1712 1100 1782 χειρός.
1127 1714 1175 1765 Ν
1180 1716 1271 1787 ικᾷ
1286 1714 1395 1788 γὰρ
1423 1717 1596 1789 ἀρχάς
1619 1735 1678 1771 τε
1702 1718 1793 1773 καὶ
1816 1717 1964 1785 ἐξου-

393 1800 513 1863 σίας
546 1800 641 1853 καὶ
667 1802 793 1865 τοὺς
822 1806 1270 1878 κοσμοκράτορας
1291 1808 1385 1861 τοῦ
1419 1809 1644 1874 σκότους
1663 1810 1872 1876 τούτου,
1895 1810 1964 1865 τά

390 1895 741 1963 πνευματικά
776 1896 875 1967 τῆς
920 1899 1188 1970 πονηρίας
1230 1900 1288 1953 ἐν
1338 1903 1449 1965 τοῖς
1488 1902 1848 1975 ἐπουρανίοις.
1899 1906 1963 1959 Ei

389 1983 445 2036 δὲ
469 1984 534 2056 δὴ
561 1987 968 2057 παρατρέποιτο
991 1990 1128 2060 πρὸς
1154 1989 1191 2044 ὃ.
1209 1991 1283 2062 μὴ
1310 1993 1607 2064 προσῆκεν,
1633 1995 1737 2061 ἔξω
1782 2013 1842 2050 τε
1864 1998 1963 2067 τῆς

391 2077 605 2143 εὐθείας
632 2078 852 2149 φέροιτο
879 2081 1091 2153 τρίϐου,
1123 2084 1293 2137 καὶτὸ
1320 2084 1439 2156 Θεῷ
1462 2086 1653 2141 δοκοῦν
1691 2090 1965 2161 παρατρέ-

390 2184 579 2237 χουσα,
604 2170 740 2241 πρὸς
764 2169 831 2224 τὰ
854 2172 913 2224 ἐν
937 2171 1069 2243 τῷδε
1087 2172 1165 2243 τῷ
1194 2173 1384 2246 κόσμῳ
1403 2176 1763 2247 καταφέροιτο
1792 2177 1963 2249 πάθη,

392 2258 486 2311 καὶ
516 2258 607 2312 τὸν
631 2260 729 2331 τῆς
763 2260 1072 2327 εὐπειθείας
1105 2264 1456 2320 ἀποσείσαιτο
1505 2264 1688 2337 ζυγὸν,
1731 2268 1965 2342 ἀγυμνοῖ

391 2350 573 2421 πάσης
606 2352 773 2424 αὐτὴν
794 2354 1135 2426 ἐπικουρίας,
1163 2356 1256 2410 καὶ
1284 2353 1394 2410 οἷον
1439 2357 1745 2429 ἀτείχιστον
1791 2360 1962 2432 αὐτὴν

391 2441 704 2511 ἀποφαίνει,
760 2447 855 2497 καὶ
885 2446 1189 2515 ἀνασφαλεί
1219 2449 1331 2510 τοῖς
1366 2447 1695 2520 πολεμοῦσιν
1732 2450 1963 2521 ἐργάζε-

388 2551 501 2597 ται,
525 2534 891 2590 καταλειαίνει
920 2554 978 2590 τε
1010 2537 1108 2603 τάς
1147 2539 1371 2609 ἐφόδους
1415 2541 1515 2605 τάς
1549 2542 1637 2595 ἐπ’
1673 2543 1810 2615 αὐτῇ
1852 2545 1965 2607 τοῖς

390 2628 640 2694 πάθεσιν,
672 2629 746 2692 ὼς
772 2630 912 2684 κατά
940 2631 1143 2703 μηδένα
1178 2634 1380 2704 τρόπον
1409 2632 1623 2705 ἰσχῦσαι
1663 2634 1961 2705 διαφυγεῖν.

391 2720 547 2774 υύτω
576 2720 954 2793 παραδίδονται
983 2722 1082 2793 μὲν
1114 2724 1195 2788 είς
1223 2723 1481 2796 ἀδόκιμον
1514 2724 1657 2791 νοῦν,
1686 2726 1779 2779 καὶ
1808 2724 1966 2794 γεγό-

390 2831 545 2867 νασιν
585 2814 844 2868 εὐάλωτοι
888 2818 1007 2879 ταῖς
1053 2816 1305 2881 ἐκτόποις
1332 2816 1673 2889 ἐπιθυμίαις,
1710 2816 1873 2881 σώζει
1908 2817 1964 2871 δέ

390 2905 561 2969 αὐτὰς
584 2906 755 2971 οὐδὲν,
783 2906 896 2961 ἀλλ’
930 2908 1067 2961 είσὶν
1096 2907 1202 2962 ὑπὸ
1235 2909 1402 2974 πόδας
1427 2909 1658 2981 ἐχθρῶν,
1689 2910 1965 2981 ἀνάνδρως

390 2997 787 3069 διεῤῥ;μμέναι.
828 2998 952 3053 Ἐάν
975 3000 1072 3070 μὲν
1094 3001 1202 3072 γὰρ
1224 3001 1412 3073 κλείσῃ
1439 3002 1581 3056 κατά
1606 3002 1732 3073 τούς
1756 3002 1965 3073 ἀνθρώ-

391 3108 547 3155 πους,
582 3095 766 3162 φησὶν,
789 3094 819 3147 6
854 3091 962 3148 τῶν
992 3094 1130 3148 ὅλων
1158 3094 1311 3160 Θεὸς,
1341 3097 1425 3160 τίς
1468 3095 1702 3163 ἀνοίξει,
1751 3097 1845 3149 καὶ
1867 3094 1964 3167 τὴν

2059 618 2180 674 dam
2210 618 2512 690 aliquorum
2557 617 3021 674 incantationibus
3046 617 3438 688 praestigiisque
3470 615 3631 671 fasci-

2059 710 2200 775 nati,
2249 720 2306 767 et
2369 719 2568 782 praater
2618 711 2838 767 solitum
2898 708 3206 774 mansueti,
3256 707 3628 763 conniventes.
3672 704 3675 705 ⁷

2058 799 2295 856 Dicendo
2322 802 2491 868 enim,
2523 800 2749 868 Mittam,
2789 799 3084 855 amandare
3116 801 3352 855 denotat.
3388 795 3446 851 in
3481 810 3631 851 more

2059 893 2203 946 enim
2236 902 2323 948 est
2355 892 2440 948 his
2466 893 2556 963 qui
2592 902 2852 963 ceperunt
2883 891 3183 963 regionem,
3212 891 3297 946 vel
3328 890 3628 954 civitatem,

2060 985 2388 1055 quandoque
2416 1000 2605 1040 omnes
2632 980 2810 1039 delere
2857 983 3117 1050 funditus,
3161 980 3630 1038 sed'multitndine

2060 1079 2465 1150 pugnacissima
2494 1090 2833 1149 consumpta,
2867 1079 3102 1150 reliquos
3144 1080 3197 1134 in
3232 1077 3408 1135 classe
3439 1092 3628 1133 nume-

2062 1186 2229 1240 roque
2276 1172 2609 1240 captivorum
2645 1187 2867 1241 ponere.
2913 1169 2970 1226 Si
3005 1187 3131 1227 vero
3174 1170 3419 1228 historiis
3463 1168 3628 1223 alium

2061 1263 2367 1333 quempiam
2396 1278 2702 1319 sermonem
2733 1265 3100 1319 necessarium
3137 1265 3379 1320 inserere
3422 1263 3584 1319 liceat
3613 1280 3637 1314 :7

2063 1351 2351 1405 tenendum
2402 1360 2521 1416 est,
2574 1351 2808 1406 animam
2861 1352 2954 1407 Dei
3005 1355 3220 1421 timore,
3275 1352 3420 1407 velut
3475 1368 3631 1407 muro

2060 1443 2360 1511 obseptam,
2410 1442 2604 1497 fortem
2655 1458 2777 1498 esse
2819 1452 2875 1498 et
2912 1444 3306 1513 quodammodo
3352 1444 3629 1508 invictam,

2060 1541 2115 1588 et
2147 1549 2364 1587 manum
2393 1550 2602 1599 eorum,
2630 1535 2723 1603 qui
2759 1550 2880 1590 cum
2910 1535 3025 1606 ipsa
3057 1544 3317 1606 pugnant,
3347 1549 3627 1605 superare.

2064 1624 2239 1680 Vincit
2280 1624 2420 1680 enim
2464 1625 2836 1705 principatus,
2868 1637 2922 1680 et
2958 1634 3268 1697 potestates,
3314 1626 3499 1681 mundi
3537 1627 3634 1681 do-

2068 1716 2265 1781 minos,
2306 1726 2545 1772 rectores
2573 1717 2764 1771 harum
2802 1717 3173 1785 tenebrarum,
3205 1717 3506 1785 spiritualia
3537 1731 3635 1772 ne-

2066 1808 2250 1877 quitiae
2286 1808 2336 1862 in
2387 1807 2884 1878 supercmlestibus.
2926 1808 3020 1863 Sin
3067 1808 3296 1864 dirertat
3328 1809 3397 1863 ad
3425 1823 3488 1864 ea
3514 1822 3635 1879 qum

2068 1915 2172 1955 non
2210 1900 2481 1965 convenit,
2514 1907 2567 1954 et
2612 1910 2765 1955 extra
2817 1908 3025 1955 rectum
3075 1900 3270 1955 callem
3317 1898 3549 1963 feratur,
3580 1908 3636 1953 et

2064 1992 2159 2046 Dei
2189 1991 2385 2061 placita
2416 1990 2739 2061 praeteriens
2770 2005 2835 2046 ac
2869 2000 3313 2062 praetercurrens,
3353 1989 3420 2044 ad
3472 2004 3633 2044 mun-

2064 2082 2233 2138 danas
2287 2083 2614 2153 cupiditates
2667 2081 3006 2147 devolvatur,
3065 2093 3230 2152 atque
3268 2081 3456 2151 jngum
3499 2079 3632 2135 obe-

2063 2176 2277 2232 dientiae
2300 2187 2520 2247 respuat
2548 2178 2733 2234 :omni
2757 2193 2879 2232 eam
2912 2176 3148 2233 denudat
3180 2173 3340 2245 253
3369 2172 3629 2236 subsidio,

2064 2278 2117 2323 et
2150 2269 2297 2325 velut
2329 2269 2447 2325 sine
2482 2270 2722 2326 maceria
2760 2278 3032 2339 patentem
3066 2266 3244 2330 efﬁcit,
3274 2264 3634 2332 hostibusque

2063 2360 2240 2417 reddit
2290 2362 2696 2429 incustoditam,
2735 2362 2879 2418 viam
2930 2361 3202 2430 praestruit
3240 2367 3293 2413 et
3324 2354 3636 2424 complanat

2068 2452 2367 2508 assultibus
2416 2453 2773 2523 cupiditatum
2819 2461 3012 2507 contra
3058 2465 3217 2515 eam,
3262 2448 3334 2504 ita
3379 2456 3439 2502 ut
3486 2446 3645 2502 nullo-

2063 2543 2223 2598 modo
2268 2544 2443 2614 possit
2472 2543 2731 2614 eﬂ‘ugere.
2766 2542 2858 2598 Sic
2888 2542 3179 2597 traduntur
3202 2540 3423 2610 quidam
3455 2539 3507 2591 in
3540 2550 3631 2591 re-

2064 2637 2291 2707 probam
2313 2645 2578 2703 mentem,
2601 2636 2844 2706 ﬁuntque
2867 2633 3274 2705 expugnabiles,
3295 2630 3639 2702 expositique

2063 2730 2387 2787 monstrosis
2432 2728 2855 2800 cupiditatibus,
2902 2740 3020 2782 nec
3048 2725 3338 2796 quidquam
3394 2721 3634 2777 defendit

2064 2837 2180 2888 eos,
2197 2822 2290 2877 sed
2316 2821 2543 2891 pedibus
2566 2819 2909 2875 inimicorum
2932 2817 3157 2889 projecti
3188 2826 3315 2871 sunt
3344 2812 3629 2885 ignaviter.

2066 2914 2124 2970 Si
2152 2915 2321 2977 enim.
2347 2912 2545 2984 inquit,
2577 2912 2835 2968 clauserit
2863 2920 3054 2966 contra
3080 2909 3354 2964 hominem
3409 2905 3632 2961 univer-

2063 3006 2240 3062 sitatis
2278 3005 2451 3071 Deus,
2490 3005 2611 3075 quis
2651 3003 2859 3075 aperiet
2882 3003 2968 3057 ‘°?
2994 2996 3050 3058 et
3084 3010 3469 3071 praepotentem
3526 3007 3636 3053 tra—

2064 3097 2240 3153 dentis
2268 3097 2544 3152 dexteram
2571 3095 2695 3166 quis
2741 3094 3055 3165 superabit?
3084 3091 3500 3147 Permaneamus
3535 3089 3637 3142 ita-

393 3183 644 3256 παναλκῆ
685 3184 781 3239 τοῦ
833 3187 1278 3259 παραδεδωκότος
1317 3188 1704 3259 πλεονεκτήσει
1745 3188 1961 3257 δεξιάν;

2068 3202 2171 3257 que
2196 3189 2249 3242 in
2284 3188 2478 3242 timore
2510 3186 2625 3242 Dei.
2669 3186 2761 3242 Sic
2793 3185 2941 3241 enim
2972 3197 3221 3254 supernae
3249 3179 3638 3237 misericordia:

391 3274 659 3346 Μένωμεν
685 3275 864 3330 τοίνυν
888 3279 945 3330 ἐν
973 3277 1052 3348 τῷ
1080 3277 1212 3349 θείῳ
1247 3278 1419 3351 φόϐῳ.
1455 3278 1835 3352 Κερδανοῦμεν
1858 3279 1966 3352 γὰρ

2069 3279 2302 3350 gratiam
2362 3278 2800 3342 luerit‘aciemus,
2857 3276 3138 3346 peccatum
3190 3288 3255 3330 ac
3317 3271 3639 3342 cupiditates

391 3364 535 3420 οὕτω
565 3366 665 3439 τῆς
696 3368 904 3423 ἄνωθεν
926 3369 1215 3440 εὐμενείας
1240 3371 1339 3442 τὴν
1371 3371 1531 3443 χάριν
1550 3387 1565 3403 °
1590 3372 1683 3426 καὶ
1706 3389 1969 3426 κατανεα-

394 3459 720 3530 νιευσὸμεθα
744 3461 1154 3531 πνευματικῶς,
1178 3461 1274 3515 καὶ
1306 3462 1600 3534 ἁμαρτίας,
1634 3466 1728 3518 καὶ
1759 3463 1967 3529 παθῶν,

397 3551 607 3622 καὶτῆς
635 3550 729 3605 τοῦ
753 3552 1002 3606 διαϐόλου
1026 3554 1340 3621 πλεονεξίας
1366 3554 1519 3624 ὀλίγα
1542 3556 1739 3628 κομιδῆ
1761 3556 1974 3628 φροντί-

398 3640 601 3709 ζοντες,
621 3644 758 3715 πρὸς
776 3645 837 3699 τὸ
853 3644 1103 3717 βραϐεῖον
1135 3646 1235 3717 τῆς
1268 3646 1381 3701 άνω
1414 3646 1660 3719 κλήσεως
1695 3650 1969 3721 καταντή-

399 3749 600 3802 σομεν,
632 3732 731 3806 τὴν
774 3734 974 3789 εὐκλεᾶ
1024 3737 1119 3791 καὶ
1165 3736 1543 3809 δοκιμωτάτην
1583 3738 1971 3810 κατορθοῦντες

398 3826 561 3898 ζωήν-

468 3921 565 3988 Μὴ
608 3922 793 3992 πέτρα
817 3923 1035 3995 ἔρημός
1058 3924 1189 3981 ἐστι
1214 3925 1281 3980 τὸ
1304 3926 1439 3995 ὄρος
1464 3927 1617 3982 Σιών
1638 3946 1658 3993 ;
1682 3930 1837 3999 Ἐσῃ
1863 3929 1974 3999 γὰρ

398 4014 480 4081 ὡς
528 4016 760 4084 πτηνοῦ
809 4017 1216 4089 ἀνιπταμένου
1266 4017 1523 4083 νεοσσὸς
1568 4019 1969 4091 ἀφῃρημένος,

400 4107 661 4178 θυγάτηρ
688 4109 884 4165 Μωάϐ.

469 4202 920 4273 Κατεστράτευσε
945 4203 1044 4273 τῆς
1063 4203 1385 4276 ,Σαμαρείας
1409 4204 1552 4259 κατά
1587 4204 1811 4277 καιροὺς
1836 4205 1972 4259 Σαλ-

404 4293 655 4364 μανασάρ
699 4295 727 4347 6
764 4293 1067 4365 Ἀσσύριος,
1108 4292 1256 4350 εἷλέν
1284 4313 1346 4349 τε
1374 4296 1475 4361 τὰς
1506 4297 1563 4349 ἐν
1596 4296 1734 4368 αὐτῇ
1766 4296 1971 4360 πόλεις*

401 4385 498 4438 καὶ
535 4385 760 4456 προσέτι
795 4385 903 4439 τῶν
930 4386 1029 4457 τῆς
1062 4386 1320 4451 Ἰουδαίας
1347 4387 1717 4459 προσηδίκησε
1749 4386 1970 4452 πολλάς,

400 4478 505 4548 καὶ⁵
532 4478 870 4549 δορύληπτον
907 4478 1211 4549 ἀπεκόμισε
1252 4479 1461 4550 πληθὺν
1499 4482 1579 4545 είς
1620 4480 1719 4551 τὴν
1756 4478 1971 4533 ἐαυτοῦ.

2069 3371 2429 3442 spiritualiter
2475 3380 2728 3441 tanquam
2756 3370 2986 3442 juvenes
3017 3368 3321 3433 vincemus,
3356 3372 3410 3419 et
3442 3360 3639 3417 diaboli

2072 3464 2414 3536 tyrannidem
2446 3464 2601 3534 parvi
2645 3461 2934 3517 admodum
2971 3454 3254 3524 ducentes,
3287 3456 3556 3510 laudatam
3587 3460 3644 3508 et

2072 3554 2505 3625 probatissimam
2529 3551 2694 3607 vitam
2720 3557 2864 3605 recte
2887 3543 3341 3625 instituentes,,ad
3363 3538 3641 3618 plrznmium

2072 3659 2319 3717 supernae
2352 3642 2656 3699 vocationis
2686 3639 3084 3712 perveniemus.

2142 3930 2270 3986 CAP.
2320 3927 2458 3983 XVI.
2500 3926 2659 3982 Vens.
2703 3926 2754 3990 ι.
2802 3924 2858 3981 2.
2920 3923 3067 3978 Num
3121 3931 3270 3984 petra
3314 3920 3519 3972 deserta
3568 3922 3667 3970 εει

2071 4038 2221 4075 mons
2278 4017 2452 4075 Sion?
2504 4018 2630 4073 Eri:
2664 4018 2803 4072 enim
2847 4014 3003 4071 veluti
3050 4013 3163 4067 avis
3210 4010 3428 4066 volantis
3472 4007 3646 4077 pullus

2078 4115 2307 4181 ablatus,
2338 4113 2454 4181 ﬁlia
2483 4110 2661 4166 Moab.

2147 4203 2491 4277 Oppugnavit
2508 4201 2811 4257 Samariam
2833 4208 2990 4269 capta
3012 4195 3415 4267 opportunitate
3440 4192 3647 4251 Salma-

2074 4313 2298 4354 nasarus
2341 4295 2639 4368 Assyrius,
2693 4293 2944 4363 cepitque
2992 4291 3111 4358 ejus
3157 4290 3436 4354 civitates,
3484 4299 3648 4359 porro

2073 4390 2236 4446 etiam
2288 4387 2489 4444 Judaaas
2535 4386 2732 4442 multas
2785 4384 2925 4440 male
2970 4383 3241 4449 tractavit,
3281 4390 3338 4436 et
3377 4380 3646 4450 captivam

2075 4484 2473 4539 multitudinem
2519 4483 2572 4537 in
2616 4495 2769 4537 suam
2799 4480 3074 4551 regionem
3106 4477 3351 4532 abduxit.
3392 4475 3555 4531 Hanc.
3578 4473 3650 4529 ob

402 4568 617 4639 Ταύτης
660 4587 719 4623 τε
769 4570 932 4624 ἕνεκα
973 4571 1069 4641 τῆς
1103 4571 1312 4639 αἰτίας,
1355 4572 1695 4637 ἐπετώθαζον
1730 4575 1795 4644 τῇ
1835 4572 1966 4627 Σιὼν

2076 4590 2295 4636 causam
2360 4574 2649 4629 illuserunt
2712 4571 2865 4628 Sioni
2936 4585 3030 4627 seu
3097 4566 3397 4625 Jerusalem
3459 4576 3651 4637 gentes

401 4662 521 4732 ἢτοι
549 4665 613 4733 τῇ
647 4663 1019 4736 Ἰερουσαλὴμ,
1045 4663 1114 4717 τὰ
1136 4663 1441 4719 Μωαϐιτῶν
1473 4664 1621 4735 ἔθνη,
1646 4664 1737 4719 καὶ
1768 4664 1975 4737 πέτραν

402 4753 573 4825 αὐτὴν
609 4753 985 4825 ἠρημωμένην
1026 4754 1326 4825 ὠνόμαζον,
1356 4754 1457 4807 οὐκ
1484 4755 1654 4825 αὐτῆς
1690 4772 1793 4808 που
1834 4754 1977 4825 τάχα

401 4848 864 4920 καταμειδιῶντες
916 4847 967 4901 οἱ
1016 4846 1262 4912 τάλανες,
1313 4846 1449 4901 ἀλλά
1489 4847 1584 4901 τοῦ
1632 4847 1725 4901 ἐπὶ
1771 4848 1978 4912 πάντας

399 4936 556 4991 Θεοῦ’
610 4937 704 4991 καὶ
753 4934 884 5005 γοῦν
925 4935 1020 4990 καὶ
1065 4934 1299 5006 ἔφασκον
1336 4934 1434 5006 τὴν
1464 4932 1749 5004 σώζουσαν⁵
1782 4933 1978 4996 αὐτοὺς

400 5026 658 5096 ἀτονῆσαι
688 5027 865 5096 χεῖρα,
892 5024 1096 5095 ταύτης
1121 5042 1183 5078 τε
1212 5024 1373 5079 ἕνεκα
1402 5023 1504 5094 τῆς
1534 5024 1713 5088 αίτίας
1743 5024 1848 5077 ὑπὸ
1878 5023 1977 5077 πό-

397 5118 496 5181 δας
542 5117 714 5171 ἐλθεῖν
756 5116 864 5169 τῶν
903 5115 1133 5187 ἐχθρῶν.
1169 5111 1239 5169 Ὦ
1286 5115 1463 5170 τοίνυν
1503 5115 1751 5187 θυγάτηρ
1778 5114 1973 5181 Μωάϐ,

400 5212 588 5282 φησὶν,
618 5209 796 5281 ἐνήθει
832 5209 889 5262 δέ
932 5209 1148 5272 πάντως
1181 5211 1209 5263 6
1240 5208 1417 5277 λόγος,
1452 5208 1527 5281 μὴ
1564 5208 1739 5280 πέτρα
1772 5208 1976 5281 ἔρημός

398 5303 516 5354 ἐστι
560 5299 621 5353 τὸ
661 5299 786 5371 ὅρος
827 5299 999 5366 Σιὼν;
1030 5295 1177 5372 'Apa
1217 5300 1376 5371 μόνη,
1412 5300 1570 5370 φησὶ,
1611 5300 1891 5370 κέκμηκεν
1938 5300 1973 5370 ἠ

398 5390 579 5458 Σιών;
618 5386 728 5463 ἆρα
763 5391 901 5462 μόνη
939 5390 1224 5445 πέπτωκεν
1259 5390 1363 5444 ὐπὸ
1396 5391 1561 5453 πόδας
1593 5389 1841 5463 ἐχθρῶν;
1876 5390 1972 5443 καὶ

395 5482 498 5554 τὴν
534 5482 644 5537 τῶν
682 5483 1032 5538 ἐνοικούντων
1081 5483 1250 5556 αὐτὴν
1292 5484 1578 5557 νενόσηκεν
1617 5484 1887 5556 ἐρημίαν,
1935 5484 1969 5555 ἢ

396 5577 514 5638 τοῖς
558 5574 637 5631 ἔτι
685 5578 922 5649 χείροσιν
967 5578 1138 5648 αὐτῆς
1182 5578 1647 5650 περιπέπτωκας;
1705 5577 1971 5651 Ληφθήσῃ

398 5666 510 5738 γὰρ
539 5672 669 5740 παρ’
698 5670 928 5743 ἐχθρῶν,
961 5672 1051 5727 καὶ
1075 5666 1185 5726 οἷον
1209 5673 1269 5727 ἐκ
1296 5671 1490 5737 καλιᾶς
1511 5670 1725 5738 νεοσσὸς
1756 5671 1971 5745 ἀφῃρη-

472 5827 518 5858 "
541 5824 641 5884 Job
664 5843 759 5895 xu,
794 5828 877 5883 li.

2076 4667 2463 4732 Moabitarum,
2493 4674 2547 4721 et
2579 4672 2786 4736 petram
2823 4664 3093 4719 desertam
3125 4675 3243 4716 eam
3272 4658 3643 4730 appellarunt:

2073 4776 2180 4817 non
2209 4770 2315 4814 tam
2349 4758 2642 4814 irridentes
2669 4771 2788 4811 eam
2823 4755 3005 4811 miseri
3034 4754 3305 4820 homines,
3330 4766 3494 4825 quam
3521 4766 3643 4806 eum

2074 4851 2165 4922 qui
2201 4858 2286 4905 est
2320 4862 2481 4918 super
2509 4859 2701 4902 omnes
2745 4845 2908 4911 Deus,
2939 4843 3137 4914 quippe
3186 4842 3497 4897 dictitantes
3532 4841 3651 4909 ejus

2076 4956 2293 4998 manum
2318 4938 2717 5010 opitulatricem
2744 4936 3150 5009 elanguescere,
3182 4942 3237 4988 et
3272 4933 3412 4987 hanc
3434 4932 3503 4986 ob
3530 4947 3642 4986 rem

2080 5033 2243 5088 etiam
2268 5030 2368 5087 sub
2394 5028 2558 5101 pedes
2583 5027 2768 5083 venire
2794 5025 3050 5085 hostium.
3073 5023 3117 5082 Ο
3142 5023 3305 5094 igitur
3331 5022 3439 5076 tilia
3468 5019 3645 5086 Moab,

2082 5123 2258 5192 inquit
2282 5138 2297 5177 :
2327 5121 2525 5178 usitata
2553 5120 2769 5195 quidem
2793 5127 2876 5174 est
2904 5131 3117 5187 semper
3138 5116 3254 5172 haec
3277 5114 3452 5169 oratio
3478 5131 3494 5169 :
3522 5129 3648 5168 ntnn

2080 5226 2237 5287 petra
2298 5214 2512 5271 deserta
2560 5221 2645 5270 est
2703 5226 2859 5266 mons
2919 5207 3086 5263 Sion?
3118 5208 3233 5272 An,
3283 5206 3487 5273 inquit,
3534 5204 3648 5260 sola

2078 5306 2347 5361 laboravit
2390 5321 2455 5362 ac
2495 5303 2783 5360 succubuit
2834 5301 3005 5369 Sion;
3042 5315 3109 5355 an
3145 5299 3257 5355 sola
3297 5297 3505 5354 corruit
3551 5298 3652 5353 sub

2077 5397 2302 5469 pedibus
2346 5395 2729 5453 inimicorum?
2768 5395 2833 5450 Et
2870 5394 3049 5465 inOpia
3089 5393 3385 5448 incolarum
3423 5389 3649 5445 aﬂlicta-

2081 5489 2198 5544 tur?
2233 5488 2326 5545 Vel
2381 5497 2436 5544 tu
2480 5488 2534 5545 in
2584 5488 2855 5545 deteriora
2881 5502 3047 5559 quam
3096 5501 3158 5541 ea
3206 5485 3315 5553 sit,
3372 5481 3650 5540 incidisti?

2079 5581 2313 5652 capieris
2337 5582 2483 5639 enim
2516 5581 2585 5638 ah
2608 5580 2874 5648 hostibus,
2894 5589 2950 5635 et
2978 5588 3234 5650 tanquam
3258 5592 3290 5634 e
3321 5577 3448 5633 nido
3473 5575 3652 5648 pullus

2080 5684 2301 5747 ereptus
2344 5674 2666 5733 inalienam
2698 5672 2956 5745 migrabis
2990 5671 3285 5744 regionem,
3323 5678 3372 5726 et
3411 5666 3652 5726 inimicis
