4148 6378
425 329 531 387 407

1414 328 1473 386 S.
1513 329 1791 386 CYRILLI
1828 325 2298 389 ALEXANDRINI
2338 325 2655 384 ARCHIEP.

3573 322 3680 380 ωε

422 440 652 507 servies;
688 438 907 509 erisque
954 440 1092 511 apud
1143 440 1263 495 illos
1298 440 1533 511 captiva,
1580 440 1907 496 miserabilis
1943 450 1998 494 et

2114 440 2283 510 μένος,
2356 439 2436 501 εἰς
2498 438 2693 508 ἑτέραν
2741 437 2932 508 οξχήσῃ
2986 436 3191 508 χώραν,
3233 435 3327 489 καὶ
3378 433 3681 501 δουλεύσεις

425 530 732 603 proﬂigata,
759 541 815 586 et
852 533 1099 589 servituti
1136 534 1402 605 subjecta.
1434 531 1575 589 Utile
1622 533 1788 604 igitur
1814 543 1868 589 et
1900 547 1998 588 ne-

426 627 727 682 cessarium
756 633 1082 696 praeceptum
1115 626 1243 681 illud
1278 648 1289 683 :
1322 645 1341 679 ι
1372 625 1428 682 Si
1455 626 1714 681 ceciderit
1744 626 1998 683 inimicus

430 730 576 784 tuus,
605 732 673 773 ne
700 718 934 789 gaudeas
963 733 1126 790 super
1154 734 1298 784 eum,
1327 720 1450 787 quia
1480 719 1682 777 videbit
1718 718 1998 783 Dominus,

429 819 485 867 et
530 824 635 865 non
678 808 910 879 placebit
941 811 1014 878 ei,
1063 819 1120 867 et
1170 819 1377 865 avertet
1429 810 1668 866 furorem
1723 827 1880 866 suum
1935 812 2002 867 ab

432 902 551 972 ipso
572 901 639 955 ".
680 919 701 955 ι
740 901 855 957 Non
891 901 1034 958 enim
1071 904 1322 960 convenit
1356 904 1548 959 alienis
1578 904 1745 958 laetari
1779 905 2002 959 calami-

432 992 654 1058 tatibus,
693 1007 794 1047 nec
828 991 882 1046 id
932 993 1076 1063 quod
1118 994 1293 1049 vicino
1340 996 1558 1060 accidit,
1609 1004 1806 1051 nostra:
1856 996 2005 1051 volu-

434 1084 596 1155 piatis
648 1085 987 1141 occasionem
1047 1101 1343 1156 ansamque
1408 1087 1587 1143 facere
1634 1108 1647 1143 :
1693 1096 1748 1143 at
1794 1090 1839 1145 si
1883 1089 2004 1161 quis

434 1177 575 1233 forte
621 1179 691 1234 sit
741 1194 976 1236 maerore
1021 1180 1337 1247 confectus,
1387 1180 1552 1255 254
1596 1182 1882 1239 condolere
1929 1183 2006 1237 illi

436 1272 641 1339 potius,
684 1283 740 1326 et
783 1273 849 1327 ad
898 1281 1084 1330 nostra
1127 1284 1347 1343 peccata
1393 1276 1549 1329 oculo
1590 1277 1824 1340 intento,
1870 1278 2007 1331 mul-

443 1376 552 1418 tum
596 1363 981 1421 reformidare.
1027 1380 1093 1419 ne
1147 1376 1204 1421 et
1250 1366 1304 1421 in
1352 1381 1452 1422 nos
1492 1367 1745 1422 cadentis
1787 1369 1869 1423 ira
1909 1368 2004 1424 de-

443 1453 638 1507 veniat.

512 1637 676 1695 Vsus.
712 1640 769 1705 3,
798 1641 851 1696 4.
890 1640 1086 1695 Deinde
1125 1657 1263 1706 vero,
1291 1642 1493 1709 Arrian,
1523 1643 1676 1710 plura
1699 1642 1930 1705 consule,
1959 1651 2009 1695 et

452 1730 538 1799 fac
563 1739 764 1800 tegmen
792 1732 1034 1799 planctus
1061 1734 1164 1800 ipsi
1191 1750 1397 1804 semper
1427 1748 1446 1787 :
1471 1734 1526 1787 in
1544 1734 1848 1787 meridianis
1872 1746 2011 1788 tene-

441 1820 547 1874 bris
596 1822 864 1892 fugitant,
903 1822 1300 1891 obstupuerunt.
1343 1821 1467 1877 Non
1505 1822 1569 1877 ab
1601 1824 1752 1877 initio
1795 1824 2009 1880 Itabila-
2038 1809 2083 1863 Β

442 1911 808 1983 δυηι(1)αριιά
831 1923 877 1967 te
902 1914 1113 1984 fugitivi
1141 1911 1319 1969 Moab.
1353 1913 1521 1967 Erunt
1546 1924 1842 1984 tegumenta
1869 1918 2008 1970 vobis

442 2021 474 2063 α
522 2004 658 2073 facie
707 2007 1092 2075 persequentis,
1144 2007 1268 2077 quia
1316 2006 1580 2060 sublatum
1626 2016 1703 2062 est
1749 2009 2009 2065 auxilium

444 2107 616 2164 tuum,
644 2107 691 2151 et
718 2099 956 2167 princeps
990 2099 1143 2168 periit
1173 2098 1483 2153 conculcans
1513 2116 1670 2169 super
1704 2110 1865 2154 terra.

513 2277 592 2331 Ad
649 2276 1114 2345 interpretandum
1164 2277 1397 2334 difficilis
1458 2288 1542 2335 est
1604 2294 1759 2336 mens
1814 2282 2010 2336 horum

442 2369 751 2437 verborum,
784 2379 1003 2441 propter
1031 2384 1387 2439 personarum
1429 2372 1482 2426 in
1513 2386 1775 2443 personas
1811 2374 2009 2430 transi-

446 2463 642 2526 tiones,
685 2469 739 2517 et
774 2463 1177 2532 compositionis
1210 2465 1579 2534 asperitatem,
1627 2482 1727 2522 nec
1768 2468 2009 2522 omnium

443 2552 809 2625 intelligentia
853 2553 1087 2610 obviam.
1137 2554 1513 2612 Verumtamen
1566 2561 1742 2628 quoad
1796 2568 2007 2630 potero,

444 2645 623 2701 enitar
645 2646 934 2714 explicare.
974 2647 1151 2702 Deleta
1184 2648 1363 2718 itaque
1393 2659 1501 2704 tota
1526 2649 1832 2717 Moabitide,
1857 2667 2012 2707 ever-

445 2739 523 2794 sis
555 2739 800 2805 urbibus,
834 2739 1068 2795 incensis
1115 2742 1381 2807 domibus,
1425 2753 1480 2798 et
1526 2759 1748 2813 prorsus
1798 2746 2012 2801 rabiose

446 2830 795 2887 saevientibus
835 2828 1176 2900 Babyloniis,
1209 2834 1300 2902 qui
1334 2836 1473 2890 elabi
1518 2844 1789 2905 poterant,
1823 2835 2011 2892 Arnon

444 2935 504 2973 se
536 2930 871 2990 receperunt.
920 2922 1060 2978 Urbs
1089 2934 1268 2979 autem
1304 2925 1419 2981 haec
1446 2928 1804 2983 munitissima
1831 2938 1933 2995 est,
1961 2940 2014 2985 et

450 3011 724 3073 Moabitidi
745 3014 1102 3069 contermina.
1122 3014 1361 3071 llabetur
1388 3018 1550 3088 igitur
1574 3020 1640 3074 ad
1663 3035 1782 3075 eam
1811 3036 2008 3077 sermo.

554 3113 759 3203 autem,
782 3103 973 3173 inquit,
1002 3106 1246 3176 posthac,
1286 3123 1317 3163 ο
1338 3109 1543 3175 Arnon,
1570 3111 1722 3178 plura
1765 3113 2003 3172 consule.
2040 3144 2082 3203 ο

447 3193 709 3261 Observa,
745 3195 938 3265 inquit,
975 3211 1082 3267 quo
1115 3207 1273 3266 pacto
1309 3215 1540 3255 servare
1580 3203 1783 3271 poteris
1825 3219 2013 3274 super-

448 3282 629 3348 stites,
664 3298 863 3353 eosque
892 3286 984 3354 qui
1024 3287 1416 3342 immanitatem
1460 3298 1789 3343 vastatorum
1824 3301 2013 3359 potue-

450 3382 577 3429 runt
624 3375 873 3431 evadere.
923 3375 1035 3432 Fac
1089 3377 1250 3432 etiam
1321 3388 1531 3449 tegmen
1600 3381 1850 3450 planctus
1913 3382 2013 3450 ipsi

448 3480 684 3535 semper.
733 3463 799 3519 Et
836 3465 944 3531 fac,
978 3467 1169 3537 inquit,
1203 3470 1620 3526 comminiscere
1662 3471 1865 3541 aliquid
1912 3473 2013 3526 bu-

449 3571 665 3611 manum
683 3597 707 3623 ,_
749 3557 957 3613 latebra
1001 3567 1118 3614 esto
1162 3559 1487 3625 intolerabili
1536 3562 1680 3618 luctu
1727 3564 2012 3620 confectis.

450 3645 707 3717 Fugitant
746 3648 889 3702 enim
928 3647 982 3704 in
1028 3650 1344 3706 meridianis
1374 3651 1634 3720 tenebris,
1666 3655 1720 3709 id
1748 3664 1851 3722 est,
1892 3671 2015 3711 cum

448 3738 564 3794 dies
601 3747 707 3808 est,
731 3748 787 3794 et
827 3739 911 3796 sol
949 3739 1004 3793 in
1046 3740 1271 3795 meridie
1310 3741 1477 3809 lucet,
1513 3743 1613 3813 ipsi
1648 3748 1846 3802 mentis
1880 3747 2015 3802 cali-

402 3816 413 3828 ’
450 3831 633 3902 ginem
661 3830 1076 3888 circumferunt.
1125 3832 1271 3888 Satis
1307 3844 1389 3889 est
1415 3836 1558 3890 enim
1595 3837 1662 3891 ad
1690 3838 2014 3895 turbandum

449 3925 690 3978 animum
743 3924 938 3979 mortis
987 3935 1162 3980 metus
1203 3944 1217 3980 :
1262 3932 1317 3980 et
1362 3942 1586 3984 summae
1628 3929 2018 3999 desperationis

448 4013 712 4069 assultum
745 4024 1004 4083 tanquam
1045 4027 1256 4071 noctem
1287 4022 1579 4087 quamdam
1611 4023 1812 4078 mentis
1840 4021 2018 4083 offun-

448 4106 549 4160 dit.
581 4105 720 4159 Hinc
752 4104 916 4159 etiam
953 4104 1031 4159 ait
1066 4123 1081 4159 :
1117 4106 1182 4160 Et
1224 4108 1637 4179 obstupuerunt.
1701 4113 1836 4168 Nam
1890 4115 2016 4170 belli

450 4195 753 4252 terroribus
799 4195 1065 4265 perculsi,
1117 4204 1321 4251 tantum
1370 4214 1476 4255 non
1524 4210 1704 4257 mente
1747 4218 2018 4274 sensuque

448 4296 644 4365 privati
675 4306 820 4352 sunt.
849 4297 918 4350 At
937 4297 983 4351 si
1010 4297 1308 4366 acceperis,
1337 4295 1531 4365 inquit,
1558 4295 1847 4361 Moabitas,
1880 4298 2017 4351 scito

383 4419 387 4422 ~
450 4399 631 4443 tamen
676 4388 1017 4458 planissime,
1055 4390 1197 4458 quod
1237 4387 1467 4444 servasti
1518 4403 1622 4442 non
1666 4402 1885 4455 omnes,
1922 4389 2017 4444 sed

2106 532 2340 603 ἐχθροῖς,
2373 529 2473 602 ἔσῃ
2504 545 2563 581 τε
2597 529 2726 599 παρ’
2756 529 2937 592 αὐτοῖς
2969 526 3311 598 αἰχμάλωτος
3341 526 3555 599 οἰκτρὰ,
3587 528 3683 582 καὶ

2107 622 2545 694 κατερριμμένη,
2577 621 2671 673 καὶ
2700 620 2804 673 ὑπὸ
2827 620 2964 689 ζυγὰ
2986 620 3249 683 δουλείας.
3281 620 3567 692 Χρήσιμον
3589 616 3683 676 οὖν

2106 715 2216 786 ἄρα
2262 715 2355 768 καὶ¹
2398 714 2692 782 ἀναγκαῖον
2741 711 3107 782 παράγγελμα
3155 711 3248 764 τό’
3286 730 3305 763 ι
3350 713 3447 765 Ἂν
3479 711 3617 783 πέσῃ
3651 712 3683 765 6

2108 806 2301 878 ἐχθρός
2345 822 2458 872 σου,
2497 805 2572 876 μὴ
2602 804 2867 877 ὲπιχάρῃς
2908 802 3078 874 αὐτῷ,
3110 804 3191 858 ὅτι
3225 803 3413 874 δψεται
3455 803 3679 874 Κύριος,

2109 900 2205 953 καὶ
2235 899 2335 953 οὐκ
2363 898 2547 969 ἀρέσει
2577 897 2748 968 αὐτῷ·
2778 898 2873 951 καὶ
2897 897 3229 970 ἀποστρέψει
3255 896 3343 951 τὸν
3367 896 3535 967 θυμὸν
3570 897 3684 949 αὐ·-

2108 990 2202 1044 τοῦ
2226 989 2518 1044 ἀπἀὐτοῦ.
2535 1008 2553 1042 ι
2583 990 2656 1043 Οὐ
2682 989 2789 1059 γάρ
2806 1005 2889 1042 τοι
2914 990 3183 1060 προσήκει
3208 990 3327 1052 ταῖς
3343 988 3543 1058 ἑτέρων
3565 989 3683 1044 ἐπι-

2109 1082 2403 1152 γάννυσθαι
2424 1084 2750 1153 συμφοραῖς,
2779 1080 2899 1135 οὐδὲ
2923 1080 3218 1153 θυμηδείας
3249 1078 3518 1134 ποιεῖσθαι
3550 1078 3684 1151 πρό-ν

2113 1193 2274 1246 φασιν
2299 1175 2361 1228 τὸ
2388 1174 2464 1246 τῷ
2493 1174 2663 1239 πέλας
2692 1173 3057 1246 συμϐεϐηκὸς,
3093 1173 3194 1229 κᾶν
3222 1173 3276 1228 εί
3296 1191 3382 1237 τις
3402 1172 3486 1243 είη
3518 1170 3687 1242 τυχὸν

2112 1267 2219 1321 τῶν
2251 1264 2581 1319 καταλυπεῖν
2610 1264 2896 1326 εἰωθότων,
2934 1263 3348 1333 ὲπιστυγνάζειν
3391 1261 3448 1315 δὲ
3484 1260 3684 1332 μᾶλλον

2113 1358 2280 1428 αὐτῷ,
2317 1356 2541 1421 καὶτοῖς
2570 1356 2717 1418 ίδίοις
2738 1355 3067 1427 πταίσμασιν
3097 1355 3336 1417 ἐνιέντας
3368 1354 3458 1408 τὸν
3485 1352 3685 1421 ὀφθαλ-

2117 1449 2236 1521 μὸν,
2282 1447 2507 1501 δεδιέναι
2557 1446 2778 1517 σφόδρα,
2817 1447 2892 1518 μὴ
2936 1446 3043 1518 ἄρα
3084 1463 3200 1510 πως
3234 1446 3329 1500 καὶ
3369 1445 3454 1514 ἐφ’
3481 1445 3629 1515 ἡμᾶς
3656 1444 3686 1496 ὁ

2114 1540 2211 1595 τοῦ,
2230 1539 2623 1602 καταπαίοντος
2648 1538 2862 1592 ἐπέλθοι
2886 1538 3077 1607 θυμός.

2191 1639 2434 1690 Ἔπειτα
2463 1635 2553 1701 δὲ,
2575 1632 2807 1704 Ἀρνῶν,
2826 1633 3077 1711 πλείονα
3094 1630 3424 1695 βουλεύου,
3446 1627 3600 1682 ποίει
3623 1643 3687 1681 τε

2117 1729 2357 1795 σκέπην
2376 1727 2633 1793 πένθους
2654 1724 2808 1794 αὐτῇ
2827 1723 2923 1778 διὰ
2951 1724 3195 1788 παντός·
3226 1722 3297 1776 ὲν
3308 1718 3685 1791 μεσημϐριηῖ

2110 1820 2322 1889 σκοτιᾷ
2348 1821 2698 1891 φεύγουσιν,
2720 1818 3087 1886 ἐξέστησαν.
3122 1815 3217 1884 Μὴ
3244 1813 3523 1883 ἀπαρχῆς
3546 1826 3687 1881 παρ-

2111 1913 2470 1983 οικήσουσιν
2484 1914 2538 1966 οἱ
2554 1909 2815 1980 φυγάδες
2831 1907 3008 1963 Μωάϐ
3022 1923 3037 1937 ο
3062 1908 3305 1962 ἔσονται
3328 1903 3524 1972 σκέπη
3544 1905 3687 1974 ὑμῖν

2110 2003 2230 2059 ἀπὸ
2266 2003 2587 2072 προσώπου
2615 1998 2952 2066 διώκοντος,
2990 1999 3081 2053 ὅτι
3124 1999 3276 2068 ῇρθη
3308 1998 3345 2065 ἠ
3378 1996 3686 2066 συμμαχία

2110 2112 2247 2163 σου,
2288 2096 2388 2151 καὶ
2427 2098 2461 2149 ό
2499 2094 2698 2165 ἄρχων
2721 2092 2991 2148 ἀπώλετο
3016 2094 3049 2147 ὁ
3074 2088 3428 2146 καταπατῶν
3448 2088 3547 2169 ἐπὶ
3575 2086 3691 2157 τῆς

2155 2208 2248 2257 ης.

2155 2209 2172 2242 ι
2236 2231 2248 2242 .

2112 2209 2620 2353 γἰξυσερμήνευτος
2666 2276 2864 2349 κομιδῆ
2906 2275 3015 2329 τῶν
3048 2271 3424 2344 προκειμένων
3464 2270 3494 2323 ό
3538 2264 3686 2330 νοῦς,

2110 2373 2200 2429 διά
2232 2390 2312 2427 τοι
2348 2373 2444 2435 τὰς
2482 2388 2543 2424 τε
2572 2370 2680 2424 τῶν
2712 2367 3016 2440 προσώπων
3044 2368 3122 2431 είς
3154 2368 3421 2438 πρόσωπα
3452 2359 3688 2433 μεταϐά-

2114 2481 2247 2529 σεις,
2272 2464 2366 2517 καὶ
2394 2463 2455 2516 τὸ
2490 2462 2588 2531 τῆς
2620 2462 2892 2533 συνθήκης
2918 2460 3090 2531 τραχὺ
3122 2460 3215 2512 καὶ
3252 2457 3314 2511 οὐ
3348 2455 3577 2526 βάσιμον
3608 2450 3684 2521 νῷ

2114 2556 2296 2610 παντί.
2329 2555 2474 2627 Πλὴν
2508 2556 2581 2618 ὡς
2616 2555 2682 2609 ἂν
2713 2549 2823 2616 οἷός
2864 2570 2924 2606 τε
2971 2546 3037 2615 ὦ,
3072 2550 3404 2623 πειράσομαι
3439 2545 3687 2600 διειπεῖν.

2113 2647 2539 2720 Πεπορθημένης
2557 2649 2732 2703 τοίνυν
2756 2650 2973 2715 ἀπάσης
2998 2649 3096 2717 τῆς
3124 2642 3449 2709 Μωαϐιτῶν,
3481 2639 3687 2695 πόλεών

2112 2758 2170 2793 τε
2201 2742 2698 2813 κατηρειπομένων,
2730 2743 2825 2797 καὶ
2861 2743 3022 2794 οἴκων
3070 2732 3562 2809 ἐμπεπρησμένων,
3590 2730 3692 2787 καὶ.

2114 2833 2444 2900 ἁπαξαπλῶς
2499 2833 2966 2903 έκλελυττηκότων
3011 2830 3219 2901 ἀγρίως
3273 2826 3385 2880 τῶν
3429 2823 3685 2877 Βαϐυλω-

2114 2926 2262 2990 νίων,
2280 2927 2328 2979 οἱ
2352 2926 2631 2995 διαφυγεῖν
2654 2926 2966 2996 ἰσχύσαντες
2995 2921 3319 2993 μετῴκησαν
3335 2920 3414 2980 εἰς
3439 2915 3533 2986 τὴν
3566 2915 3690 2985 Ἀρ-

2114 3017 2238 3070 νῶν.
2294 3017 2453 3083 Πόλις
2490 3018 2546 3070 δὲ
2593 3016 2731 3087 αὕτη
2783 3016 2891 3069 τῶν
2938 3013 3302 3084 ὀχυροτάτων,
3347 3009 3542 3079 ὅμορός
3583 3022 3693 3065 που

2115 3110 2253 3179 τάχα
2284 3112 2351 3181 τῇ
2392 3109 2717 3164 Μωαϐιτῶν.
2745 3110 2902 3161 Ἔστι
2938 3105 3116 3160 τοίνυν
3149 3103 3285 3175 πρὸς
3326 3100 3493 3171 αὐτὴν
3530 3101 3558 3152 ό
3599 3097 3689 3152 λό-

2116 3220 2229 3271 γος.
2262 3204 2334 3257 Σὺ
2358 3202 2437 3268 δὲ,
2461 3203 2614 3273 φησὶ,
2643 3201 2778 3273 μετὰ
2804 3201 2978 3263 τοῦτο,
3011 3197 3057 3251 ὧ
3087 3196 3307 3269 ’Δρνῶν,
3336 3193 3552 3247 πλείονα
3575 3191 3691 3262 βου-

2116 3290 2291 3347 λεύου.
2321 3294 2734 3358 Κατασκέπτου,
2764 3293 2919 3362 φησὶ,
2946 3290 3065 3344 τίνα
3096 3290 3293 3360 τρόπον
3314 3285 3575 3341 διασῶσαι
3609 3283 3691 3339 60,-

2115 3389 2250 3460 νήση
2279 3388 2406 3451 τοὺς
2438 3385 2952 3457 περιλελειμμένους
2990 3384 3084 3437 καὶ
3121 3382 3399 3451 διαφυγεῖν
3436 3376 3687 3448 ἰσχύσαν-

2116 3500 2212 3545 τας
2240 3480 2347 3533 τῶν
2375 3477 2794 3549 πεπορθηκότων
2823 3477 2921 3548 τὴν
2948 3474 3269 3546 ἀγριότητα.
3295 3470 3445 3525 Ποίει
3470 3486 3531 3522 τε
3558 3468 3684 3521 σκέ-

2118 3591 2227 3644 πην
2270 3570 2499 3633 πένθους
2542 3571 2678 3640 αὐτῇ
2727 3568 2816 3622 διὰ
2846 3569 3066 3631 παντός.
3100 3565 3231 3629 Ναὶ,
3257 3564 3442 3634 φησὶν,
3475 3560 3695 3630 ἐσκέψω

2117 3680 2168 3715 τι
2208 3660 2605 3731 φιλάνθρωπον,
2652 3659 2826 3730 σκέπη
2865 3659 3025 3728 γένου
3060 3659 3172 3720 τοῖς
3209 3655 3469 3726 ἁφορήτῳ
3505 3652 3689 3706 πένθει

2118 3753 2588 3823 κατειλημμένοις.
2629 3750 2893 3819 Φεύγουσι
2931 3750 3039 3821 γὰρ
3073 3749 3129 3801 ὲν
3178 3746 3521 3818 μεσημϐρινῇ
3566 3761 3691 3798 σκο-

2117 3845 2229 3915 τιᾷ,
2248 3842 2391 3897 τοῦτ’
2419 3843 2587 3911 ἐστιν,
2621 3843 2833 3915 ἡμέρας
2865 3842 3050 3914 οὔσης,
3079 3842 3173 3895 καὶ
3207 3839 3355 3910 ἡλίου
3382 3835 3695 3910 μεσημϐρίη

2118 3936 2300 4001 ζοντος
2332 3936 2513 4000 αὐτοῖς
2539 3935 2757 3989 σκοτιὰν
2787 3935 2967 4006 έχουσι
3004 3935 3145 3988 κατὰ
3174 3932 3317 3986 νοῦν.
3353 3928 3556 3993 Ἱκανὸς
3583 3929 3698 4000 γὰρ

2117 4026 2235 4080 λίαν
2279 4029 2307 4080 ό
2346 4026 2440 4080 τοῦ
2489 4026 2715 4081 θανάτου
2748 4026 2906 4095 φόϐος
2942 4024 3317 4079 καταθολῶσαι
3354 4022 3550 4093 ψυχὴν,
3599 4020 3694 4076 καὶ

2117 4112 2227 4172 οἶόν
2259 4135 2379 4171 τινα
2416 4117 2581 4171 νύκτα
2609 4120 2872 4189 καταχέαι
2896 4117 2989 4172 τοῦ
3024 4116 3115 4171 νοῦ
3140 4118 3238 4186 τῆς
3264 4117 3343 4180 είς
3367 4115 3537 4185 ἄκρου
3563 4113 3686 4167 δυσο

2119 4208 2317 4279 θυμίας
2349 4209 2445 4279 τὴν
2462 4207 2665 4278 ἔφοδον.
2692 4208 2875 4280 Ταύτῃ
2908 4209 2989 4262 τοί
3021 4224 3207 4278 φησιν,
3237 4207 3319 4260 ὅτι
3342 4205 3449 4259 Καὶ
3476 4204 3700 4274 ἐξέστης-ι

2120 4318 2240 4355 σαν.
2270 4301 2447 4355 Μόνον
2484 4302 2593 4371 γὰρ
2623 4300 2744 4371 οὐχὶ
2775 4300 2870 4353 καὶ¹
2901 4300 2995 4353 τοῦ
3027 4300 3211 4369 φοϐεῖν
3246 4297 3350 4363 ἔξω
3383 4297 3691 4368 γεγόνασιν,

2117 4396 2230 4458 τοῖς
2267 4394 2332 4446 ὲκ
2360 4392 2453 4447 τοῦ
2485 4394 2719 4465 πολέμου
2752 4393 3213 4462 καταπτοούμενοι
3248 4390 3517 4463 δείμασιν.
3555 4387 3694 4442 Ἀλλ’

448 4479 674 4547 exiguas
705 4488 911 4534 tantum
938 4489 993 4534 et
1022 4494 1225 4550 paucas
1261 4490 1445 4532 eorum
1490 4478 1579 4546 qui
1614 4478 1863 4533 exstincti
1891 4487 2014 4534 sunt

2121 4485 2169 4537 εἰ
2215 4484 2309 4538 καὶ
2355 4484 2551 4550 δέξαιο,
2598 4483 2750 4555 φησὶ,
2798 4484 2925 4548 τοὺς
2965 4485 3071 4537 ἀπό
3114 4500 3177 4552 γε
3222 4484 3321 4553 τῆς
3365 4478 3693 4543 Μωαϐιτῶν,

449 4570 727 4639 reliquias.
762 4568 876 4624 Hoc
904 4579 1035 4639 puto
1067 4572 1355 4626 ostendere
1379 4571 1534 4647 velle,
1559 4586 1682 4625 cum
1710 4571 1839 4625 dicit
1864 4591 1877 4626 :
1901 4570 2019 4627 Non

449 4675 479 4716 a
506 4660 772 4731 principio
804 4660 1125 4716 liabitabunt
1151 4661 1309 4729 juxta
1344 4669 1395 4716 te
1422 4660 1629 4731 fugitivi
1663 4660 1839 4716 Moab.
1874 4662 2016 4729 Non,

451 4766 573 4805 cum
608 4752 844 4821 primum
876 4753 1192 4808 movebatur
1241 4751 1462 4817 bellum,
1502 4753 1697 4825 inquit,
1728 4753 2019 4824 suscepisti

456 4841 751 4913 profugos:
782 4857 963 4898 nonne
999 4843 1288 4898 admodum
1314 4843 1471 4914 pauci
1509 4856 1564 4898 et
1600 4844 1708 4899 rari
1753 4846 1845 4914 qui
1888 4843 2021 4900 effu-

453 4949 578 5001 gere
608 4936 941 5004 potuerunt?
967 4935 1149 5006 Itaque
1186 4936 1449 5005 producta
1491 4946 1617 4992 sunt
1654 4937 1720 4991 ad
1757 4937 1916 4992 ﬁnem
1955 4952 2019 4993 ea

450 5040 572 5093 ομωρ
594 5040 625 5079 a
653 5024 763 5081 Deo
784 5036 974 5082 contra
1005 5025 1271 5083 Moabitas
1301 5029 1443 5084 dicta
1471 5036 1614 5084 sunt.
1649 5027 1816 5084 Periit
1852 5031 2019 5096 enim,

452 5117 579 5171 licet
600 5117 792 5189 exigua
814 5127 868 5173 et
895 5117 983 5172 vix
1006 5118 1225 5187 quidem
1250 5130 1581 5175 conservatae
1607 5132 1731 5176 sunt
1760 5122 2018 5191 reliquiae.

452 5204 578 5270 Sed,
606 5221 659 5272 ο,
680 5208 874 5278 inquit,
893 5207 1100 5274 Arnon,
1119 5209 1403 5280 suscepisti
1420 5209 1700 5279 Moabitas,
1728 5212 1889 5290 255
1904 5230 2022 5285 spe‘

455 5312 579 5350 rans
595 5295 842 5352 fortassis
865 5313 961 5354 cos
987 5311 1205 5369 quoque
1226 5298 1354 5355 olim
1375 5299 1490 5356 fore
1510 5300 1791 5357 latibulum
1808 5303 1970 5358 vobis
1991 5318 2020 5357 a

451 5386 590 5442 facie
616 5391 1008 5458 persequentis.
1038 5391 1156 5447 Erit
1185 5399 1363 5447 autem
1399 5392 1501 5449 hoc
1529 5393 1767 5452 minime.
1810 5394 2016 5451 Unde?

522 5545 564 5575 ³⁷
595 5542 754 5600 PmV.
790 5562 936 5612 xxrv,
971 5547 1055 5614 l7,
1090 5548 1172 5602 l8.

523 5722 594 5792 (Ι)
636 5722 755 5774 δαν.
790 5723 938 5793 Sept.
980 5726 1169 5798 ἁχθῇς,
1210 5745 1266 5783 nc
1295 5729 1526 5796 ducaris,
1558 5730 1887 5799 habitabant,
1916 5740 2016 5788 etc.

2116 4572 2233 4625 ἀλλ’
2270 4568 2362 4626 οὖν
2423 4572 2530 4625 ἴσθι
2585 4589 2668 4626 τοι
2728 4573 2821 4628 καὶ
2862 4572 3007 4644 μάλα
3066 4571 3272 4642 σαφῶς,
3332 4571 3413 4624 ὅτι
3450 4569 3694 4631 σέσωκας

2116 4664 2177 4717 οὐ
2228 4663 2457 4730 πάντας,
2500 4664 2636 4719 ἀλλὰ
2674 4665 2846 4737 βραχὺ
2895 4665 2988 4719 καί
3030 4663 3393 4736 εὐαρίθμητον
3440 4660 3548 4715 τῶν
3588 4662 3696 4715 ἁπι-

2117 4754 2391 4813 ολωλότων
2432 4757 2699 4827 λείψανον.
2733 4756 2904 4811 Τοῦτο
2946 4752 3100 4828 οἴμαι
3134 4754 3327 4828 δηλοῦν
3362 4752 3564 4807 ἐθέλειν
3608 4750 3697 4805 λές

2117 4865 2302 4917 γονταο
2328 4849 2421 4920 Μὴ
2444 4849 2699 4920 ἀπαρχῆς
2722 4850 3146 4921 παροικησουσιν
3168 4848 3219 4901 οἱ
3242 4844 3476 4917 φυγάδες
3499 4842 3696 4899 Μωάϐ.

2120 4940 2213 5011 Μὴ
2238 4941 2292 4993 ὲν
2314 4941 2506 5012 ἀρχαῖς
2526 4940 2677 5005 όντος
2701 4941 2792 4994 τοῦ
2822 4941 3085 5013 πολέμου,
3108 4940 3293 5011 φησὶν,
3313 4936 3552 5003 ὑπεδέξω
3569 4934 3697 4998 τοὺς

2121 5031 2385 5100 φυγάδαςο
2435 5033 2535 5086 οὐκ
2582 5034 2936 5105 εὐαρίθμητοι
2988 5031 3183 5103 κομιδῆ
3217 5032 3310 5085 καὶ
3344 5029 3513 5097 ὀλίγοι
3561 5042 3698 5080 παν-η

2118 5123 2286 5187 τελῶς
2335 5125 2383 5177 οξ
2432 5123 2714 5193 διαφυγεῖν
2764 5125 3113 5196 ίσχύσαντες;
3163 5120 3370 5177 Οὐκοῦν
3414 5122 3493 5183 εἰς
3524 5117 3697 5190 πέρας

2120 5213 2401 5285 ἐνήνεκται
2429 5215 2499 5269 τὰ
2529 5216 2793 5286 εἰρημένα
2822 5214 2973 5286 παρὰ
3004 5214 3139 5269 Θεοῦ
3181 5212 3321 5268 κατὰ
3364 5207 3697 5266 Μωαϐιτῶν.

2134 5305 2400 5358 Ἀπόλωλε
2434 5305 2542 5379 γὰρ
2574 5310 2621 5359 εἰ
2655 5308 2752 5361 καὶ
2780 5307 2974 5380 βραχὺ,
3014 5307 3111 5361 καὶ
3141 5305 3295 5377 μόλις
3337 5301 3698 5358 διασέσωσται

2121 5397 2389 5469 λείψανον.
2434 5401 2601 5468 Ἀλλ’,
2626 5395 2691 5470 ὦ,
2724 5401 2907 5472 φησὶν,
2942 5401 3165 5473 Ἀρνῶν,
3196 5397 3439 5465 ὑπεδέξω
3467 5396 3596 5461 τοὺς
3631 5392 3698 5448 ὲκ
