4148 6378
396 373 507 432 409
1414 392 1419 397 ·
1531 372 1601 429 IN
1637 373 1871 431 lSAlAM
1909 375 2001 432 LII

2106 379 2146 436 l.
2188 378 2423 436 TOM'US
2449 379 2536 435 ΙΙΙ.
3556 393 3659 448 ιιυ

400 498 504 567 τῆς
534 494 861 561 Μωαϐιτῶν,
895 494 1312 568 προσδοκήσασα
1337 497 1477 569 τάχα
1505 516 1629 566 που,
1662 501 1746 555 ὅτι
1771 503 1866 556 καὶ
1890 503 1987 557 αὐ-

2104 505 2373 561 Sublatum
2394 516 2478 562 est
2497 506 2641 563 enim
2667 506 2928 563 auxilium
2955 517 3125 577 tuum,
3154 519 3208 565 et
3227 511 3480 583 princeps
3504 516 3663 583 periit

402 591 490 644 τοι
514 591 654 643 κατά
686 589 914 660 καιροὺς
940 589 1154 644 ἔσονται
1191 589 1366 663 σκέπη
1395 591 1522 664 ὑμῖν
1554 591 1663 646 ἀπὸ
1693 592 1988 664 προσώπου

2104 599 2604 671 :oncnlcanssuper
2642 611 2866 655 terram.
2898 600 2997 669 Qui
3026 603 3192 670 enim,
3225 604 3424 675 inquit,
3457 620 3658 675 suppe-

398 680 711 745 διώκοντος.
749 682 941 735 Ἔσται
974 681 1032 735 δὲ
1062 682 1181 753 οὐχὶ
1206 682 1386 738 τοῦτο.
1417 685 1621 752 Πόθεν;
1660 686 1838 758 Ἥρθη
1882 688 1993 761 γὰρ

2104 693 2193 748 .ias
2236 691 2329 747 tibi
2364 706 2581 761 semper
2620 692 2762 758 tulit,
2795 688 3094 751 Moabiticze
3139 704 3296 751 terrae
3343 698 3654 767 praefectus,

398 776 435 845 ἡ
476 774 761 844 συμμαχία
795 790 910 826 σου’
942 775 1035 827 καὶ
1060 775 1089 827 ό
1114 776 1296 848 ἀρχων
1330 777 1578 833 ἀπώλετο
1608 781 1637 833 ό
1660 782 1992 837 καταπατῶν

2104 800 2219 841 acer
2240 795 2295 841 et
2315 785 2510 851 elatus,
2530 786 2620 858 qui
2647 795 2900 855 tanquam
2925 789 3201 857 pulverem
3230 789 3445 844 calcare
3468 790 3663 845 solitus

402 867 498 922 ὲπὶ
532 866 630 938 τῆς
659 866 785 937 γῆς.
815 865 874 920 '0
910 868 1018 939 γὰρ
1060 867 1146 920 ἀεί
1192 885 1273 922 σοι
1313 871 1669 939 συνασπίσας,
1705 873 1861 944 φησι,
1892 877 1991 946 τῆς

406 957 717 1012 Μωαϐιτῶν
762 957 1081 1031 ἡγούμενος,
1115 961 1143 1013 ό
1184 960 1355 1025 δεινὸς
1399 962 1493 1018 καὶ
1522 963 1845 1036 ὑπέροπτος,
1889 968 1983 1021 καὶ

407 1049 599 1120 ῶσπερ
641 1048 765 1103 τινὰ
805 1049 932 1120 χοῦν
966 1054 1298 1106 καταπατεῖν
1330 1052 1535 1118 είωυὼς
1563 1056 1689 1119 τοὺς
1721 1056 1983 1129 ἀνθεστη-

410 1145 594 1208 κότας,
626 1141 798 1215 ᾤχετο
839 1145 932 1199 καὶ
959 1145 1256 1199 ἀπόλωλεν.
1287 1145 1465 1219 Ἥρθη
1502 1147 1630 1220 γὰρ,
1661 1151 1754 1205 καὶ
1792 1153 1856 1204 ὲκ
1888 1151 1979 1222 μέ-

414 1254 508 1290 σου
539 1238 779 1306 γέγονεν.
806 1237 1055 1291 Διδάσκει
1082 1239 1139 1293 δὲ
1167 1238 1253 1293 διά
1276 1239 1498 1306 τούτων,
1526 1243 1606 1295 ὅτι
1639 1244 1984 1318 προσανῄρη-

410 1346 502 1383 ται
563 1333 676 1394 τοῖς
738 1332 1091 1399 Μωαϐίταις,
1145 1334 1240 1387 καὶ
1301 1336 1334 1405 ή
1391 1334 1487 1388 τοῦ
1543 1336 1802 1392 δύνασθαί
1858 1357 1987 1394 ποτε

414 1426 685 1494 κρατῆσαι
714 1425 875 1479 πάλιν
906 1427 1101 1489 αὐτοὺς
1125 1426 1299 1491 ἐλπίς.
1328 1428 1389 1482 Oi
1415 1426 1523 1502 γὰρ
1552 1430 1769 1496 ἀσεϐεῖς
1797 1434 1859 1485 ἐκ
1886 1434 1988 1505 γῆς

411 1512 713 1586 όλόρῤιξοι,
767 1517 960 1588 φησὶν,
1016 1518 1295 1573 όλοῦνται’
1358 1519 1500 1575 θείου
1559 1522 1615 1575 δὲ
1672 1524 1807 1588 ὅλως
1861 1528 1985 1579 ἐπι-

2088 889 2170 933 est
2192 893 2286 935 eos
2317 877 2408 949 qui
2454 878 2808 945 rebellarunt,
2841 880 3003 948 periit
3029 890 3083 935 et
3114 880 3345 937 interiit.
3382 880 3660 936 Extermi—

2091 980 2250 1027 natus
2282 980 2367 1026 est
2392 970 2536 1025 enim
2587 981 2643 1026 et
2691 971 2933 1027 sublatus
2971 986 3002 1027 e
3051 972 3251 1027 medio.
3302 972 3470 1028 Docet
3513 974 3660 1028 enim

2091 1061 2270 1131 hisce,
2314 1063 2455 1141 quod
2496 1063 2659 1118 etiam
2708 1063 2779 1118 sit
2824 1062 3005 1118 ablata
3047 1073 3102 1117 et
3143 1064 3369 1133 praecisa
3410 1060 3663 1119 Moabitis

2090 1171 2215 1225 spes
2251 1170 2410 1225 posse
2453 1153 2740 1225 aliquando
2795 1171 2983 1212 rursus
3028 1159 3334 1226 superiores
3380 1157 3647 1213 obtinere.

2089 1243 2245 1317 lmpii
2287 1248 2456 1315 enim,
2500 1249 2695 1318 inquit,
2734 1250 2993 1304 radicitus
3034 1249 3102 1304 de
3141 1258 3283 1303 terra
3327 1250 3661 1320 perdentur;

2096 1340 2275 1397 divina
2301 1350 2477 1394 autem
2502 1341 2579 1394 ira
2602 1340 2823 1395 omnino
2847 1342 3139 1406 insiliente,
3158 1342 3455 1411 cuiusmodi
3478 1353 3666 1409 erunt,

2095 1449 2281 1488 eorum
2307 1434 2395 1503 qui
2422 1430 2601 1487 aﬂlicti
2631 1443 2760 1487 sunt
2787 1433 3063 1505 reliquiae?
3090 1434 3185 1489 Vel
3210 1436 3334 1505 quis
3356 1444 3665 1491 restaurare

2095 1537 2294 1596 potest,
2324 1526 2670 1581 subvertente
2701 1528 2842 1581 Deo?

414 1609 688 1680 πηδῶντος
717 1610 912 1683 θυμοῦ,
966 1612 1114 1667 ποῖον
1146 1611 1298 1669 ἔσται
1356 1615 1465 1670 τῶν
1526 1617 1867 1673 πεπονθότων
1930 1620 2214 1691 λείψανον;
2255 1620 2326 1673 Ἦ
2380 1619 2460 1682 τίς
2512 1620 2539 1671 ὁ
2586 1618 2889 1690 ἀναστῆσαι
2942 1619 3257 1691 δυνάμενος,
3307 1619 3442 1672 Θεοῦ
3500 1637 3671 1673 κατα-

417 1707 735 1778 στρέφοντος
748 1725 764 1774 ;

483 1801 592 1854 Καὶ
661 1799 1117 1869 διορθωθήσεται
1166 1803 1295 1872 μετ’
1336 1804 1546 1873 ἐλέους
1592 1809 1824 1876 θρόνος,
1890 1808 1988 1863 καὶ

2161 1805 2325 1861 VERS.
2351 1806 2404 1861 5.
2436 1804 2505 1860 Et
2561 1806 2821 1874 dirigetur
2876 1822 2993 1859 cum
3059 1805 3425 1858 misericordia
3454 1807 3666 1870 solium,

415 1892 697 1946 καθιεῖται
746 1893 839 1947 ἐπ’
878 1893 1066 1949 αὐτοῦ
1125 1895 1275 1966 μετὰ
1324 1898 1608 1965 ἀληθείας
1666 1902 1736 1953 ἐν
1786 1902 1986 1971 σκηνῇ

414 1984 611 2051 Δαϐίδ,
650 1985 871 2055 κρίνων
912 1988 1008 2041 καὶ
1045 1986 1299 2057 ἐκζητῶν
1342 1990 1537 2060 κρῖμα,
1570 1992 1669 2045 καὶ
1710 1992 1989 2048 σπεύδων

415 2076 829 2148 δικαιοσύνην.

498 2168 587 2223 Ἐν
624 2170 837 2235 τούτοις
876 2168 1064 2241 σαφῶς
1105 2172 1498 2241 ἐπαγγέλλεται
1554 2175 1616 2228 τὸ
1645 2176 1991 2248 ἀπαλλαχθή-

420 2258 607 2313 σεσθαι
657 2261 797 2313 κατά
848 2263 1071 2332 καιροὺς
1126 2262 1215 2316 τὸν
1267 2264 1499 2335 Ἰσραὴλ,
1564 2267 1661 2337 τῆς
1717 2269 1989 2340 ἀφορήτου

417 2352 805 2424 ταλαιπωρίας,
856 2353 952 2407 καὶ
994 2355 1102 2408 τῶν
1145 2356 1208 2408 ὲκ
1233 2355 1332 2423 τῆς
1376 2357 1749 2426 αἰχμαλωσίας
1783 2359 1989 2415 κακῶν.

419 2444 602 2517 Κύρου
657 2444 764 2517 γὰρ
810 2444 1020 2510 ἑλόντος
1072 2446 1169 2519 τὴν
1218 2447 1571 2503 Βαϐυλωνίων
1612 2451 1777 2522 ἀνέθη
1820 2452 1919 2522 μὲν
1964 2455 1993 2507 ό

432 2538 663 2610 Ἰσραὴλ,
691 2539 1023 2610 ἀνεκομίσθη
1049 2538 1104 2592 δὲ
1128 2540 1592 2612 κατοικτείροντος
1627 2540 1761 2595 Θεοῦ
1789 2546 1867 2605 είς
1894 2545 1993 2614 τὴν

421 2629 581 2697 ἁγίαν
607 2629 780 2693 πόλιν,
810 2631 1128 2700 ἡγουμένων
1162 2630 1480 2702 Ζωροϐἁϐελ
1506 2634 1598 2686 τοῦ
1620 2634 1910 2704 Σαλαθιὴλ,
1936 2636 1994 2699 ὃς

420 2718 488 2792 ἦν
513 2724 576 2775 ὲκ
605 2721 774 2791 φυλῆς
805 2721 974 2776 Ἰούδα
1003 2722 1096 2775 καὶ
1121 2723 1302 2789 Δαϐὶδ,
1336 2725 1428 2778 καὶ
1455 2726 1550 2795 μέν
1579 2743 1659 2779 τοι
1686 2726 1779 2780 καὶ
1822 2726 1993 2797 Ἰησοῦ

414 2813 513 2887 τοῦ
539 2813 783 2869 Ἰωσεδὲκ
814 2815 908 2866 τοῦ
945 2815 1134 2886 ἱερέως
1166 2815 1258 2869 τοῦ
1294 2817 1550 2886 μεγάλου.
1582 2818 1638 2871 'O
1668 2820 1845 2872 τοίνυν
1869 2819 1995 2890 θρόο

421 2922 530 2967 νος,
568 2907 718 2975 φησὶ,
748 2905 891 2959 τοῦτ’
922 2907 1088 2972 ἔστιν,
1119 2910 1152 2977 ἠ
1185 2908 1335 2977 παρὰ
1372 2912 1483 2971 τοῖς
1528 2910 1797 2974 Ἰουδαίοις
1844 2912 1997 2981 βασι-

420 2997 560 3062 λεία,
587 2997 1007 3071 διορθωθήσεται
1041 3000 1179 3069 μετά
1200 3000 1400 3064 ἐλέους,
1424 3002 1567 3054 τοῦτ’
1598 3002 1764 3067 ἔστιν,
1795 3006 1873 3066 εἰς
1900 3005 1997 3075 τὴν

421 3091 627 3143 οἰκείαν
658 3091 915 3163 ἐπανήξει
956 3092 1127 3158 τάξιν,
1169 3094 1632 3165 κατοικτείροντος
1662 3095 1820 3149 Θεοῦ.
1850 3096 1999 3149 Καθ-

2089 1910 2135 1953 et
2194 1898 2388 1953 sedebit
2436 1900 2489 1953 in
2514 1915 2572 1953 eo
2608 1915 2725 1951 cum
2761 1901 2975 1951 veritate
3015 1899 3068 1951 in
3112 1898 3457 1951 tabernaculo
3501 1896 3666 1951 Davi-

2090 1992 2170 2045 dis
2215 1992 2464 2061 judicans
2524 2001 2570 2046 et
2630 1991 2904 2061 exquirens
2950 1972 3242 2060 judicium,
3276 1999 3323 2042 et
3371 1988 3668 2043 accelerans

2083 2085 2352 2155 justitiam

2161 2176 2217 2230 ln
2250 2176 2369 2231 istis
2409 2175 2590 2229 verbis
2634 2181 2819 2242 aperte
2860 2173 3220 2241 promittitur,
3248 2173 3501 2228 lsraelem
3553 2174 3667 2228 suis

2094 2266 2425 2333 temporibus
2473 2280 2503 2317 a
2569 2278 2673 2316 non
2728 2262 2946 2317 ferenda
3016 2262 3330 2316 infelicitate
3406 2261 3670 2330 malisque

2094 2358 2290 2427 quibus
2349 2359 2400 2411 in
2454 2357 2768 2427 captivitate
2829 2370 3118 2425 oppressus
3166 2366 3306 2419 erat,
3367 2369 3486 2409 esse
3534 2355 3670 2410 libe-

2096 2452 2344 2506 randum.
2374 2449 2507 2505 Cum
2579 2450 2723 2505 enim
2776 2447 2948 2519 Cyrus
3003 2447 3352 2518 Babyloniam
3412 2447 3668 2517 cepisset,

2095 2544 2353 2599 liberatus
2408 2552 2492 2598 est
2546 2542 2709 2596 lsrael
2749 2542 3111 2609 reductusque
3159 2551 3241 2595 est
3285 2541 3394 2594 Deo
3444 2543 3671 2595 commi-

2096 2644 2314 2692 serante
2363 2636 2415 2689 in
2461 2646 2701 2689 sanctam
2734 2635 3034 2698 civitatem,
3073 2635 3298 2689 ducibus
3337 2634 3673 2689 Zorobabelo

2098 2729 2209 2784 tilio
2259 2727 2540 2789 Salathiel.
2578 2727 2668 2795 qui
2708 2736 2824 2781 erat
2862 2742 2928 2781 ex
3001 2725 3140 2779 tribu
3177 2723 3315 2778 Juda
3367 2735 3421 2780 et
3477 2726 3667 2791 David,

2098 2831 2153 2877 et
2205 2820 2330 2877 Jesu
2388 2821 2494 2874 tilio
2551 2818 2818 2874 Josedech
2875 2834 3066 2887 magno
3112 2818 3415 2873 sacerdote.
3461 2818 3667 2872 Solium

2100 2915 2285 2984 igitur,
2310 2912 2581 2981 inquit.id
2627 2908 3048 2977 est,Judaicnm
3114 2925 3339 2979 regnum
3410 2912 3676 2966 instaura-

2099 3004 2247 3058 bitur
2271 3019 2391 3058 cum
2434 3002 2825 3065 misericordia,
2856 3002 2908 3056 id
2938 3011 3043 3065 est,
3077 3001 3133 3056 in
3162 3016 3318 3056 suum
3354 3002 3507 3070 quasi
3548 3016 3691 3070 pro-.

2101 3096 2276 3163 prium
2328 3102 2524 3148 statum
2566 3108 2631 3146 ac
2662 3092 2975 3161 dignitatem
3018 3092 3330 3147 restituetur
3384 3093 3679 3148 miserante

426 3186 583 3236 ιεῖται
603 3183 658 3237 δὲ
684 3160 845 3237 πάλιν
873 3185 958 3237 ἐπ’
987 3184 1151 3241 αὐτοῦ
1185 3187 1301 3255 μετ’
1326 3160 1581 3257 ἀληθείας
1614 3190 1669 3240 ἐν
1699 3190 1869 3259 σκηνῇ
1902 3190 2001 3241 Δα-

2104 3187 2253 3241 Deo:
2285 3196 2339 3241 et
2366 3185 2621 3239 residebit
2659 3160 2835 3239 denuo
2871 3184 2922 3238 in
2970 3198 3034 3239 eo
3077 3198 3200 3236 cum
3251 3186 3500 3248 veritate,
3542 3196 3597 3239 et
3624 3185 3678 3239 in

425 3278 537 3344 me,
580 3278 779 3351 κρίνων
828 3279 921 3331 καὶ
963 3277 1236 3347 ἐπιζητῶν
1270 3280 1473 3348 κρῖμαρ
1506 3279 1615 3330 Καὶ
1663 3278 1886 3350 σκηνὴν,
1926 3280 2001 3343 ὠς

426 3368 618 3434 ἔοικεν,
651 3369 903 3440 ὀνομάζει
937 3369 1006 3423 τά
1041 3368 1305 3438 βασίλεια,
1342 3371 1398 3422 ὲν
1431 3363 1512 3431 οἷς
1554 3368 1866 3439 ποιούμενοι
1902 3369 2002 3432 τὰς

426 3460 703 3533 διατριϐὰς
719 3461 984 3526 ἐδίκαζον,
1004 3461 1238 3530 ἐννόμως
1259 3460 1453 3522 αὐτοὺς
1472 3459 1596 3522 τοὺς
1615 3459 1711 3527 τῆς
1730 3458 2003 3527 βασιλείας

410 3552 706 3623 διέποντας
735 3553 951 3616 θάκους.
981 3552 1090 3606 Kal.
1120 3552 1179 3603 τό
1212 3568 1273 3619 γε
1301 3546 1435 3623 ἧκον
1459 3552 1539 3612 εἰς
1558 3550 1619 3602 τὸ
1645 3550 1763 3620 Θεῷ
1789 3549 2000 3613 δοκοῦν,

428 3645 754 3715 ἐπιμεληταὶ
782 3643 1128 3715 δικαιοσύνης
1156 3644 1461 3710 γεγόνασιν,
1491 3644 1537 3695 εἰ
1566 3642 1779 3711 καὶτῆς
1803 3641 2004 3713 ἀρετῆς

428 3737 832 3809 διημαρτήκασι
872 3752 1033 3799 τινες,
1090 3733 1507 3796 ἀπονενευκότες
1563 3734 1654 3786 ἐπὶ
1694 3735 1760 3786 τὰ
1818 3735 2001 3803 χείρω.

443 3828 635 3884 Ἰστέον
673 3828 730 3882 δὲ
768 3828 848 3882 ὅτι
880 3828 1015 3899 μετά
1047 3826 1145 3897 τὴν
1175 3827 1239 3879 ἐκ
1265 3826 1359 3896 τῆς
1381 3824 1697 3886 Βαϐυλῶνος
1726 3824 2001 3889 ἐπάνοδον,

432 3921 615 3974 οὐκέτι
644 3919 987 3991 διῃρημένους
1035 3919 1416 3989 κατῳκήκασιν
1466 3918 1517 3971 οἱ
1555 3914 1614 3982 ἐξ
1658 3915 1896 3986 Ἰσραὴλ,
1930 3916 2006 3979 ὠς

431 4009 570 4067 εἶναι
610 4015 709 4084 μὲν
754 4016 813 4065 ἐν
856 4015 922 4083 τῇ
961 4010 1245 4083 Σαμαρείᾳ
1285 4011 1383 4074 τὰς
1421 4009 1553 4065 δέκα
1586 4008 1775 4079 φυλὰς,
1817 4008 1911 4061 καὶ
1947 4008 2007 4061 τὸ

430 4107 602 4176 ἥμισυ
632 4105 804 4175 φυλῆς
837 4103 1095 4175 Ἐφραῒμ,
1124 4103 1496 4175 βασιλεύοντος
1524 4103 1610 4155 ἐπ’
1633 4102 1818 4166 αὐτοῖς
1840 4117 2003 4165 τινος,

432 4200 493 4253 ὲν
542 4199 598 4253 δὲ
649 4201 759 4264 τοῖς
805 4197 1194 4269 Ἰεροσολύμοις
1228 4196 1326 4268 τὴν
1371 4195 1541 4250 Ἰούδα
1585 4195 1773 4267 φυλὴν,
1822 4194 1914 4248 καὶ
1947 4194 2007 4247 τὸ

432 4292 605 4361 ἥμισυ
630 4292 801 4363 φυλῆς
837 4288 1124 4363 Μανασσῆ,
1154 4290 1313 4344 πάλιν
1346 4290 1534 4361 ἐτέρου
1565 4290 1659 4342 καὶ
1690 4287 1870 4350 ἰδικῶς
1911 4287 2006 4358 βα·

439 4384 737 4448 σιλεύοντός
765 4401 907 4447 τινος
933 4385 1020 4437 ἐπ’
1042 4385 1243 4447 αὐτῶν,
1272 4381 1385 4436 ἀλλ’
1407 4384 1486 4446 είς
1512 4383 1641 4452 μίαν
1674 4378 2009 4450 συνενεχθέν-

435 4489 526 4553 τες
551 4475 809 4541 διάνοιαν,
835 4475 1219 4545 κατῳκήκασιν
1252 4472 1384 4543 ὁμοῦ
1411 4472 1480 4525 τὰ
1509 4472 1873 4543 Ἱεροσόλυμα,
1910 4469 2006 4522 ἕνα

436 4564 621 4621 λοιπὸν
663 4567 905 4638 χρίοντες
953 4566 1194 4637 βασιλέα.
1235 4565 1341 4617 Καὶ
1377 4563 1534 4640 τοῦτο
1571 4560 1638 4635 ἦν
1679 4563 1788 4633 ἄρα
1830 4564 1890 4616 τὸ
1921 4561 2010 4614 διὰ

437 4658 625 4727 φωνῆς
665 4656 942 4727 προφήτου
967 4656 1096 4724 περὶ
1123 4654 1301 4709 αὐτῶν
1329 4653 1632 4726 εἰρημένον·
1671 4652 1783 4705 Kal.
1814 4651 2014 4721 ἀναϐήτ

437 4767 624 4865 σρνται
654 4751 718 4802 εκ
757 4749 855 4821 τῆς
879 4748 1001 4817 γῆς,
1034 4748 1125 4800 καὶ
1155 4747 1449 4799 κοπὰσουσι
1486 4744 1681 4816 μικρὸν
1723 4742 1816 4795 τοῦ
1844 4744 2017 4813 χρίειν

437 4842 660 4865 a__-\._0_
722 4841 809 4865 ..-ι
869 4840 1095 4865 κωκυ.--
1168 4836 1312 4865 Πλιὲ...
1366 4838 1699 4865 .'._.-....-'.‘.....
1742 4834 1873 4865 ne)...
1922 4832 2016 4865 αιλῆ

433 4832 665 4914 βὲισιλέα
722 4841 815 4894 καὶ
866 4840 1119 4910 ἄρχοντα.
1168 4836 1312 4908 Πλὴν
1366 4838 1705 4907 ὑπισχνεῖται
1742 4834 1873 4897 Θεὸς
1922 4832 2016 4887 τοῦ

424 4908 597 5025 ςλίτιιρά
628 4938 739 4999 τοῖς
771 4908 1040 4996 Ἰουδαίοις
1064 4931 1255 5002 θρόνου
1280 4932 1376 5002 τὴν
1403 4930 1797 5001 ἐπανόρθωσιν,
1836 4944 2019 4999 μονον-

443 5029 563 5097 ουχὶ
586 5024 959 5090 κατθνειδίζων
979 5026 1078 5095 τὴν
1104 5022 1297 5078 Μωάϐ.
1327 5022 1684 5093 Πεφλυάρηκε
1710 5021 1808 5093 μὲν
1831 5020 2019 5089 λέγου-

356 5116 394 5170 ⁵’.
449 5135 539 5183 σα,
568 5119 650 5173 ὅτι
689 5118 869 5188 Πέτρα
896 5116 1099 5189 ἔρημός
1128 5117 1244 5168 ἐστι
1282 5115 1340 5167 τὸ
1384 5114 1508 5183 ὅρος
1540 5112 1696 5168 Σιών.
1736 5112 1898 5166 Ἀλλά
1940 5129 2020 5165 σοι

384 5198 389 5201 ’
452 5211 569 5279 μὲν,
601 5211 757 5281 φησι,
793 5209 951 5262 τοῦτο
979 5210 1201 5262 κάκεῖνο
1235 5206 1572 5278 συμϐήσεται
1606 5204 1780 5259 πλατὺ
1806 5201 2020 5275 γελώσῃ

450 5302 592 5362 κατά
627 5303 737 5357 τῶν
776 5302 836 5369 ἐξ
876 5301 1110 5373 Ἰσραήλ.
1144 5300 1280 5364 Τοὺς
1307 5299 1363 5353 δὲ
1388 5299 1562 5370 πάντη
1592 5315 1652 5350 τε
1682 5297 1777 5350 καὶ
1808 5297 2022 5358 πάντως

452 5394 661 5467 ἐλεήσει
710 5394 862 5461 Θεὸς,
904 5394 1000 5448 καὶ
1041 5393 1231 5465 ἀνήσει
1278 5390 1377 5462 μὲν
1417 5389 1524 5443 τῶν
1577 5387 2020 5459 συμϐεϐηκότων·

451 5486 888 5558 ἀποκαταστήσει
917 5486 973 5540 δὲ
995 5485 1130 5559 πρὸς
1159 5485 1219 5539 τὸ
1251 5484 1309 5537 ἐν
1332 5484 1530 5555 ἀρχαῖς
1559 5480 1657 5552 τὴν
1684 5481 1811 5552 παρ’
1844 5481 2025 5544 αὐτοῖς

456 5578 724 5649 βασιλείαν
767 5579 1166 5652 ἐπανορθῶσαι.

538 5673 902 5744 Ἡκούσαμεν
942 5674 1055 5741 τὴν
1096 5672 1265 5739 ὕϐριν
1309 5669 1503 5736 Μωὰϐ,
1558 5665 1845 5737 ὑϐριστὴς
1877 5669 2028 5735 σφό-

462 5766 587 5831 δία.

530 5860 1000 5931 Ιιροαναιξωνὴσας
1030 5854 1085 5913 εῦ
1119 5858 1259 5929 μάλα
1300 5856 1394 5927 τὴν
1426 5856 1487 5909 ἐκ
1522 5853 1618 5925 τῆς
1656 5850 2029 5925 αἰχμαλωσίας

2102 3278 2447 3333 tabernaculo
2495 3276 2951 3344 David,judicans
2979 3285 3034 3330 et
3080 3276 3357 3343 vestigans
3388 3276 3673 3345 judicium.

2102 3371 2167 3425 Et
2216 3369 2622 3425 tabernaculum
2653 3376 2710 3421 ut
2743 3366 2953 3421 videtur
3004 3369 3249 3421 nominat
3292 3368 3551 3421 basilicas
3582 3383 3677 3420 seu

2103 3463 2300 3531 regias,
2342 3460 2395 3514 in
2434 3460 2630 3528 quibus
2669 3459 3144 3512 commorabantnr
3191 3456 3492 3527 jndicantes
3546 3458 3680 3527 legi-

2102 3554 2229 3608 time
2274 3566 2366 3605 eos
2392 3553 2482 3620 qui
2521 3551 2701 3605 sedem
2735 3549 2883 3618 regni
2916 3549 3385 3603 administrabant.
3419 3548 3484 3603 Et
3536 3549 3681 3618 quod

2103 3648 2168 3700 ad
2206 3646 2296 3700 Dei
2338 3644 2668 3698 voluntatem
2718 3642 2931 3707 attinet,
2967 3639 3193 3708 justitiae
3231 3641 3469 3695 cultores
3515 3641 3683 3693 exsti-

2105 3747 2285 3792 terunt
2338 3735 2551 3790 etiamsi
2592 3750 2622 3788 a
2664 3735 2861 3788 virtute
2904 3733 3277 3788 aberraverint
3337 3732 3581 3801 quidam.
3614 3730 3681 3785 ad

2106 3828 2377 3883 deteriora
2452 3826 2806 3880 declinantes.
2852 3822 3141 3879 Sciendum
3193 3834 3371 3877 autem
3412 3832 3498 3879 est
3564 3828 3684 3891 post

2107 3919 2339 3974 reditum
2381 3932 2411 3972 e
2462 3915 2753 3987 Babylone,
2806 3931 2910 3969 non
2968 3915 3079 3983 jam
3138 3914 3351 3968 divisim
3415 3915 3685 3968 habitasse

2107 4010 2401 4075 lsraelitas,
2444 4018 2503 4061 ut
2551 4006 2812 4061 Samarize
2877 4006 3064 4060 decem
3124 4006 3300 4060 tribus
3360 4015 3417 4060 et
3463 4005 3686 4059 dimidia

2108 4105 2279 4158 tribus
2362 4100 2618 4172 Ephraim
2699 4108 2902 4164 essent,
2966 4098 3311 4167 imperitante
3383 4097 3489 4152 illis
3555 4112 3683 4159 uno.

2108 4193 2497 4265 Hierosolymis
2528 4199 2709 4247 autem
2740 4192 2914 4246 tribus
2938 4189 3097 4257 Juda,
3117 4200 3169 4244 et
3196 4190 3478 4243 dimidium
3512 4189 3688 4243 tribus

2106 4287 2584 4353 Manassis,rnrsus
2593 4285 2843 4354 privatim
2862 4294 3117 4353 regnante
3130 4282 3299 4336 altero
3319 4300 3332 4336 :
3352 4283 3442 4336 sed
3458 4283 3509 4335 in
3524 4298 3685 4335 unam

2109 4389 2337 4434 mentem
2382 4378 2592 4433 conﬂati
2639 4393 2701 4434 ac
2746 4375 3138 4445 conspirantes,
3174 4373 3475 4429 incolebant
3528 4364 3689 4428 simul

2110 4471 2501 4541 Hierosolyma,
2522 4486 2683 4523 unum
2703 4484 2859 4539 porro
2885 4482 3063 4537 regem
3085 4467 3424 4537 inungentes.
3443 4466 3551 4520 lloc
3571 4475 3689 4521 erat

2124 4564 2373 4618 videlicet
2427 4562 2591 4632 256
2642 4575 2771 4615 voce
2829 4560 3101 4628 propheta:
3155 4557 3223 4611 de
3288 4555 3393 4611 illis
3449 4557 3685 4610 dictum:

2120 4651 2186 4706 Et
2246 4654 2540 4705 ascendent
2602 4650 2668 4702 de
2720 4659 2883 4711 terra,
2914 4655 2970 4701 et
3011 4646 3332 4700 laborabunt
3389 4645 3691 4715 paululum,

2120 4748 2367 4812 tingendo
2412 4755 2591 4811 regem
2624 4748 2679 4794 et
2706 4739 3026 4808 principem.
3053 4736 3251 4792 Verum
3296 4737 3564 4806 pollicitus
3605 4746 3691 4791 est

2122 4836 2266 4890 Deus
2325 4833 2532 4889 Judaici
2584 4830 2766 4886 throni
2813 4830 3277 4896 instaurationem,
3318 4839 3526 4883 tantum
3583 4844 3694 4883 non

2121 4929 2316 4999 probra
2346 4929 2397 4983 in
2432 4925 2588 4981 Moab
2610 4924 2838 4996 jaciens.
2886 4923 3193 4978 Scommata
3223 4922 3367 4976 enim
3399 4921 3486 4975 illa
3510 4921 3695 4987 torsit,

2122 5024 2338 5078 dicens:
2387 5019 2544 5076 Petra
2603 5019 2815 5073 deserta
2856 5028 2944 5071 est
3003 5031 3157 5070 mons
3221 5014 3373 5071 Sion.
3429 5014 3540 5069 lmo
3572 5015 3697 5081 tibi,

2124 5117 2300 5185 inquit
2327 5114 2436 5176 ille,
2498 5113 2640 5168 istud
2693 5110 2986 5181 continget,
3031 5123 3151 5177 quae.
3186 5108 3355 5163 hianti
3405 5123 3471 5162 ac
3541 5107 3699 5176 largo

2122 5224 2217 5264 ore
2275 5208 2420 5264 rides
2454 5206 2725 5262 lsraelitas
2756 5222 2771 5260 :
2806 5203 2997 5259 borum
3039 5217 3168 5257 vero
3200 5215 3423 5272 prorsus
3456 5201 3698 5271 penitus-

2124 5315 2230 5371 que
2264 5299 2606 5354 miserebitur
2658 5298 2820 5363 Deus,
2842 5303 2897 5350 ει
2941 5310 3007 5350 ex
3057 5294 3145 5349 bis
3196 5308 3316 5365 quae
3378 5293 3697 5359 acciderunt

2126 5392 2393 5448 recreabit
2433 5405 2496 5446 ac
2522 5389 2807 5456 relaxabit,
2847 5397 2903 5444 ct
2942 5390 2997 5443 in
3026 5388 3303 5457 antiquam
3332 5385 3695 5442 conditionem

2126 5485 2352 5555 rediget,
2395 5498 2614 5553 regnum
2664 5498 2852 5536 eorum
2902 5479 3268 5536 reformando.

2212 5661 2375 5715 Vens.
2436 5660 2489 5716 6.
2550 5659 2860 5713 Audiuimus
2933 5657 3228 5728 superbiam
3320 5654 3505 5724 Moab,
3547 5651 3699 5710 valda

2130 5751 2531 5809 contumeliosus
2570 5761 2664 5805 est.
3391 5730 3414 5754 ⁸

2201 5848 2335 5904 Cum
2376 5843 2727 5902 dcclaravcrit
2765 5843 3014 5914 superius
3057 5842 3286 5900 reditum
3337 5839 3695 5898 lsraelitarum
