4148 6378
496 364 592 422 Ml

1492 366 1552 421 S.
1598 363 1875 422 CYRlLLl
1911 360 2381 420 ALEXANDRINI
2420 357 2741 417 ARCHIEP.

3643 357 3747 414 ιη

428 500 455 561 ξ,
497 493 529 533 e
576 478 908 550 captivitate,
923 478 1077 552 juxta
1133 479 1283 551 prius
1340 481 1640 551 expositam
1693 483 1982 548 rationem,
2014 490 2069 538 et

2180 478 2428 534 ἐπάνοδον
2463 478 2571 532 τῶν
2610 477 2669 545 ἐξ
2699 474 2937 549 Ἰσραὴλ,
2974 478 3069 530 καὶ
3100 476 3183 531 ὅτι
3209 476 3372 539 πάλιν
3393 474 3746 549 nupsitque:

498 574 640 642 quod
718 573 913 629 iterum
982 573 1050 628 ad
1105 581 1340 627 veterem
1414 572 1645 628 formam
1715 575 2066 645 principatus,

431 717 437 723 ,
500 664 752 718 nimirum
801 665 950 732 regni
1002 664 1265 734 ipsorum,
1317 663 1500 720 futura
1559 665 1632 721 sit
1679 665 1896 733 reditio,
1929 666 2069 720 reci-

440 738 445 745 ’
499 756 577 823 pit
639 768 697 811 se
739 755 805 811 de
848 757 1055 827 integro
1109 757 1175 811 ad
1217 756 1393 825 Moab,
1422 757 1489 812 ad
1533 771 1735 828 eosque
1766 772 2070 814 sermonem

500 847 781 900 transfert.
826 846 1036 902 Dictum
1110 855 1193 902 est
1244 858 1424 903 autem
1486 848 1633 904 velut
1713 864 1781 905 ex
1838 864 2070 920 persona

502 946 810 991 sanctorum
880 937 1263 1007 prophetarum
1318 938 1487 994 illud:
1544 940 1863 997 Audivimus
1926 941 2072 996 inso-

461 998 478 1029 ’
502 1028 718 1084 lentiam
773 998 952 1093 Moab,
980 998 1145 1088 valde
1185 1031 1421 1087 insolens
1447 1042 1549 1088 est.
1579 1032 1900 1089 Collaudant
1927 1034 2072 1088 enim

502 1135 599 1189 per
630 1120 745 1176 hac
776 1120 938 1175 veluti
984 1120 1038 1176 in
1087 1122 1292 1190 judicio
1344 1124 1653 1193 punientem
1708 1123 2073 1189 Deum,debi-

504 1223 725 1283 tumque
792 1229 856 1269 ac
890 1214 1110 1285 dignum
1186 1214 1295 1270 illis
1349 1214 1670 1271 inferentem
1729 1216 2070 1286 supplicium.

503 1301 733 1358 Audisse
757 1317 817 1359 se
850 1305 1036 1360 dicunt
1070 1306 1408 1362 insolentiam
1448 1306 1623 1373 Moab,
1654 1308 1885 1378 primum
1930 1310 2073 1364 illam

502 1395 926 1451 vetustissimam
1008 1397 1289 1453 historiam
1354 1412 1459 1453 non
1522 1398 1856 1469 ignorantes,
1906 1416 2069 1471 quam

504 1487 719 1543 divinus
787 1487 961 1543 Moses
1018 1491 1258 1560 exponit.
1309 1490 1383 1547 Ut
1421 1491 1563 1547 enim
1608 1507 1768 1561 supra
1817 1494 2072 1561 diximus,

502 1580 761 1635 conduxit
798 1580 1105 1635 Balaamum
1153 1581 1440 1649 Balachus,
1481 1583 1646 1650 Ades,
1674 1584 1944 1656 inquiens,
1975 1600 2075 1640 ex-

504 1687 720 1728 secrare
772 1674 902 1728 mihi
956 1672 1232 1740 lsraelem,
1262 1683 1318 1731 et
1361 1686 1621 1745 praeterea
1681 1678 2075 1748 quamplurima

505 1763 647 1820 facta
701 1776 844 1832 sunt,
878 1766 1003 1820 olim
1043 1781 1109 1821 ex
1137 1767 1278 1823 fastu
1314 1782 1376 1823 ac
1406 1769 1658 1837 superbia
1688 1768 2072 1837 Moabitarum,

506 1873 627 1914 cum
680 1857 859 1914 divina
893 1860 1170 1926 majestate
1213 1863 1523 1931 pugnantia.

575 1946 887 2015 Superbiam
940 1949 1152 2003 sustuli.

607 2036 819 2096 Sanctis
913 2040 1189 2110 prophetis
1271 2040 1625 2097 disertissime
1699 2041 2079 2103 confitentibus

488 2116 775 2184 audivisse
826 2142 885 2185 se
932 2129 1275 2185 insolentiam
1330 2129 1652 2196 Moabitidis,
1700 2140 1758 2187 et
1827 2133 1968 2189 scire
2017 2149 2077 2191 se

505 2218 663 2274 valde
718 2219 1032 2275 insolentem
1083 2221 1254 2290 ipsum
1308 2237 1449 2288 esse,
1484 2237 1551 2278 ex
1580 2224 1809 2281 adverso
1841 2238 2075 2297 respon-

507 2310 596 2363 det
648 2308 805 2375 Deus,
838 2319 894 2364 et
932 2311 1045 2365 ait:
1087 2311 1405 2381 Superbiam
1444 2314 1657 2381 sustuli,
1691 2316 1794 2371 hoc
1825 2327 1929 2384 est,
1970 2333 2076 2373 non

510 2401 725 2471 quidem
784 2402 1099 2473 simpliciter
1161 2404 1450 2462 fastuosatn
1513 2405 1700 2474 Moab,
1753 2409 1848 2464 sed
1912 2408 2078 2464 veluti

508 2493 683 2563 reipsa
739 2493 934 2549 fastum
992 2503 1049 2550 et
1081 2497 1251 2565 ipsam
1302 2496 1645 2553 insolentiam
1684 2497 1919 2554 emedio
1968 2499 2079 2554 tol-

508 2585 718 2640 lendam
760 2590 964 2642 curavi.
1006 2586 1209 2642 Bellum
1246 2588 1390 2643 enim
1442 2587 1572 2660 gero
1608 2602 1749 2644 cum
1808 2589 2077 2660 superbis,

507 2687 562 2731 et
601 2694 777 2749 pugno
831 2695 955 2734 cum
996 2680 1081 2735 his
1114 2680 1206 2751 qui
1259 2680 1325 2735 de
1355 2695 1413 2735 se
1465 2682 1708 2737 modeste
1742 2683 1945 2737 sentire
1990 2697 2082 2738 no-

510 2770 646 2833 lunt,
674 2774 782 2825 imo
814 2770 1013 2826 frustra
1046 2772 1430 2837 intumescunt,
1460 2784 1515 2827 et
1538 2773 1647 2829 alte
1678 2774 1868 2827 tollunt
1890 2789 2079 2845 super-

511 2860 718 2925 cilium,
772 2877 988 2931 suaeque
1062 2872 1268 2918 naturas
1335 2863 1582 2934 ignorant
1635 2864 2077 2921 imbecillitatem.

513 2952 785 3020 Scriptum
832 2964 916 3009 est
950 2962 1127 3010 autem
1159 2956 1301 3023 ηδ’,
1343 2957 1484 3027 quod
1531 2957 1788 3013 Dominus
1830 2959 2081 3028 superbis

511 3042 736 3096 resistit.
785 3044 987 3099 Deinde
1032 3044 1231 3102 docens
1261 3048 1402 3116 quod
1439 3046 1584 3115 iuste
1615 3049 1820 3119 puniat,
1860 3060 1916 3104 et
1951 3048 2081 3104 sim-

2169 576 2322 631 ἔσται
2354 575 2492 648 πρὸς
2524 574 2584 629 τὸ
2607 574 2831 645 ἀρχαῖον
2859 570 2959 642 τῆς
2994 574 3123 644 παρ’
3151 573 3334 638 αὐτοῖς
3362 572 3556 643 ἀρχῆς,
3584 572 3749 643 ἤγουν

2173 667 2473 740 βασιλείας,
2512 668 2760 721 ἐπάνεισι
2791 664 2950 719 πάλιν
2996 665 3088 719 ἐπὶ
3125 666 3223 737 τὴν
3256 663 3451 730 Μωάϐ,
3494 664 3589 717 καὶ
3618 661 3751 733 μεθ-

2175 760 2385 831 ίστησιν
2423 759 2508 814 ἐπ’
2541 760 2738 821 αὐτοὺς
2760 756 2852 810 τὸν
2881 756 3057 826 λόγον.
3085 756 3312 828 Εἴρηται
3360 756 3416 809 δὲ
3464 754 3653 825 ῶσπερ
3684 754 3751 805 ἐκ

2171 851 2462 923 προσώπου
2488 851 2597 904 τῶν
2631 849 2797 919 άγίων
2824 848 3137 922 προφητῶν,
3178 847 3259 909 τὸ,
3294 845 3633 917 Ἠκοὺσαμεν
3651 845 3750 916 τὴν

2175 946 2331 1017 ὓϐριν
2374 943 2569 1008 Μωάϐ,
2613 941 2869 1013 ὑϐριστὴς
2912 942 3117 1012 σφόδρα
3166 939 3478 994 Συναινοῦσι
3522 938 3629 1010 γὰρ
3664 937 3751 992 διὰ

2171 1038 2396 1099 τούτων,
2427 1037 2502 1100 ὡς
2541 1036 2599 1087 ὲν
2644 1035 2768 1106 δίκῃ
2812 1033 3093 1098 κολάζοντι
3128 1032 3204 1105 τῷ
3235 1030 3374 1103 Θεῷ,
3397 1030 3750 1101 ὀφειλομένην

2173 1147 2234 1183 τε
2262 1128 2355 1182 καὶ
2396 1128 2711 1196 πρέπουσαν
2746 1125 2926 1189 αὑτοῖς
2959 1123 3303 1192 ἐπενεγκόντι
3328 1121 3426 1192 τὴν
3460 1120 3749 1190 τιμωρίαν.

2191 1217 2514 1289 Ἀκηκοέναι
2560 1217 2618 1270 δέ
2654 1233 2784 1286 φασι
2827 1215 2925 1288 τὴν
2970 1215 3125 1284 ὓϐριν
3158 1212 3354 1277 Μωάϐ,
3400 1211 3612 1283 πρῶτον
3654 1211 3752 1282 μὲν

2176 1310 2275 1385 τῂν
2309 1308 2677 1381 ἀρχαιοτάτην
2725 1308 2939 1375 ἐκείνην
2983 1306 3221 1376 ἱστορίαν
3267 1304 3367 1357 οὑκ
3402 1304 3748 1372 ἠγνοηκότες,

2177 1405 2244 1473 ἢν
2290 1404 2318 1455 ὁ
2350 1400 2638 1463 θεσπέσιος
2670 1400 2961 1469 ἀφηγεῖται
2984 1397 3208 1467 Μωσῆς.
3252 1396 3339 1459 Ὠς
3370 1394 3478 1465 γάρ
3514 1392 3751 1462 φθάσαν-

2175 1511 2267 1558 τες
2309 1492 2557 1563 εἴπομεν,
2600 1488 2994 1562 κατεμισθοῦτο
3038 1489 3129 1542 τὸν
3177 1486 3407 1556 Βαλαὰμ
3459 1487 3487 1538 ὁ
3526 1484 3750 1537 Βαλάκ·

2177 1586 2371 1658 Δεῦρο,
2415 1586 2611 1653 λέγων,
2652 1582 2925 1655 ἐπάρασαι
2974 1598 3064 1653 μοι
3101 1580 3193 1634 τὸν
3246 1576 3480 1650 Ἰσραήλ.
3523 1577 3755 1630 Πλεῖστα

2176 1678 2234 1731 δὲ
2277 1678 2377 1731 ὃσα
2414 1675 2551 1747 πρὸς
2600 1672 2758 1727 τοῦτο
2795 1672 3109 1741 πέπρακται
3156 1667 3298 1723 κατὰ
3342 1667 3563 1739 καιροὺς
3606 1663 3755 1736 παρά

2178 1770 2278 1839 τῆς
2327 1765 2636 1823 Μωαϐιτῶν
2693 1762 2998 1836 ὑπεροψίας
3041 1764 3109 1832 τῇ
3160 1759 3255 1814 τοῦ
3298 1759 3432 1812 Θεοῦ
3474 1755 3754 1829 μαχόμενα

2105 1826 2149 1881 Β
2177 1826 2322 1930 δόξῂ.

2253 1951 2375 2016 Τὴν
2400 1948 2820 2019 ὑπερηφανίαν
2843 1946 3052 2017 ἑξῆρα.

2247 2042 2369 2098 Τῶν
2411 2042 2581 2112 ἀγίων
2616 2040 2910 2113 προφητῶν
2946 2037 3321 2110 ἐναργέστατα
3357 2032 3757 2103 διωμολογηκόο

2176 2153 2306 2200 των,
2346 2134 2643 2206 ἀκηκοέναι
2680 2150 2740 2185 τε
2785 2131 2885 2203 τὴν
2921 2131 3079 2201 ὓϐριν
3121 2128 3326 2192 Μωάϐ,
3358 2126 3557 2180 είδέναι
3588 2142 3644 2178 τε
3673 2127 3754 2178 ὅτι

2179 2228 2274 2281 καὶ
2305 2227 2510 2298 σφόδρα
2535 2225 2683 2279 ἐστὶν
2706 2222 2990 2296 ὑϐριστὴς,
3018 2220 3473 2292 ἀνταποκρίνεται
3504 2218 3634 2281 Θεὸς
3663 2215 3755 2269 καί

2180 2335 2333 2389 φησυ
2362 2316 2471 2389 Τὴν
2494 2317 2873 2388 ὑπερηφανίαν
2900 2315 3087 2387 ἐξῆρα·
3114 2312 3256 2366 τοῦτ’
3286 2311 3452 2377 ἔστιν,
3481 2310 3577 2381 οὑχ
3600 2310 3760 2379 ὑπέρ-

2178 2427 2339 2464 οπτον
2395 2407 2582 2472 άπλῶς
2638 2404 2804 2461 οὖσαν
2862 2406 2961 2478 τὴν
3029 2404 3224 2469 Μωάϐ,
3288 2402 3401 2457 ἀλλ’
3464 2397 3573 2455 οἷον
3626 2400 3759 2455 αὑτὸ

2180 2506 2372 2575 χρῆμα
2405 2499 2703 2572 γενομένην
2729 2498 3025 2571 ὑπεροψίαν
3051 2499 3115 2551 ἐκ
3142 2497 3305 2568 μέσου
3336 2493 3589 2564 γενέσθαι
3619 2509 3758 2565 παρ-

2179 2594 2472 2648 εσκεύασα.
2517 2591 2746 2664 Πολεμῶ
2776 2592 2883 2664 γάρ
2929 2591 3313 2662 ὑπερηφάνοις,
3365 2588 3458 2642 καὶ
3519 2586 3758 2656 μάχομαι

2181 2690 2293 2751 τοῖς
2316 2688 2376 2741 οὑ
2410 2685 2607 2758 μέτρια
2632 2687 2847 2758 φρονεῖν
2872 2683 3187 2756 ᾑρημένοις,
3214 2682 3334 2749 εἰκῆ
3364 2680 3421 2733 δὲ
3450 2679 3650 2749 μᾶλλον
3674 2675 3759 2743 ἐξ·

2183 2780 2556 2848 ογκουμένοις,
2588 2776 2684 2831 καὶ
2729 2774 2864 2847 ὑψοῦ
2918 2774 3015 2846 τὴν
3055 2774 3226 2845 ὀφρὺν
3264 2771 3618 2836 ἀνατείνουσι,
3667 2768 3762 2821 καὶ

2179 2868 2281 2940 τῆς
2317 2868 2522 2923 ἑαυτῶν
2573 2868 2787 2939 φύσεως
2843 2866 3136 2937 ὴγνοηκόσι
3176 2864 3274 2935 τὴν
3314 2863 3615 2918 ἀσθένειαν.
3662 2860 3755 2913 Γέ-

2189 2978 2431 3033 γραπται
2479 2961 2567 3027 δέ,
2607 2962 2688 3016 ὅτι
2752 2960 2956 3031 Κύριος
3011 2956 3384 3028 ὑπερηφάνοις
3444 2953 3758 3007 ἀντιτάσσε-

2180 3069 2292 3110 ται.
2352 3053 2628 3107 Διδάσκων
2691 3052 2748 3107 δὲ
2801 3052 2884 3106 ὅτι
2945 3048 3162 3113 κολάζει
3223 3046 3467 3111 δικαίως,
3539 3044 3635 3098 καὶ
3696 3042 3757 3095 οὑ

511 3133 725 3202 pliciter
760 3149 947 3205 poenas
993 3151 1099 3191 non
1142 3138 1242 3193 abs
1289 3152 1348 3193 re
1397 3138 1636 3204 inducat,
1684 3140 2077 3196 accusationem

2186 3144 2363 3216 μάτην
2414 3144 2602 3209 άπλῶς
2658 3142 2851 3213 ἐπάγει
2898 3141 2997 3205 τὰς
3040 3139 3215 3203 δίκας,
3265 3136 3629 3209 καταγορεύει
3664 3136 3763 3205 τῇς

512 3225 740 3278 intendit
799 3237 985 3281 contra
1039 3226 1213 3293 Moab,
1249 3229 1500 3299 superbia
1544 3228 1711 3285 veluti
1757 3231 1949 3287 morbo
1992 3231 2080 3287 in-

512 3312 861 3370 tolerabiliter
890 3316 1247 3377 laborantem.

581 3404 744 3476 257
785 3405 910 3461 Non
941 3409 1017 3462 sic
1052 3408 1305 3464 divinatio
1337 3420 1446 3477 tua,
1474 3428 1578 3467 non
1616 3428 1713 3467 ne.

585 3496 810 3561 Sustuli,
842 3496 1034 3568 inquit,
1070 3499 1235 3569 igitur
1278 3515 1378 3570 ego
1443 3502 1771 3570 superbiam,
1801 3500 1903 3556 hoc
1959 3508 2081 3567 est,

511 3586 687 3642 excidi
742 3588 920 3656 Moab,
958 3591 1051 3645 sed
1129 3592 1243 3648 haec
1315 3592 1410 3648 tibi
1483 3610 1591 3649 non
1658 3594 2085 3665 praenuntiarunt

510 3678 759 3732 vaticinia
793 3688 901 3734 tua.
937 3682 1342 3740 Annuntiarunt
1391 3686 1534 3741 enim
1609 3686 1841 3742 falsidici
1908 3695 2079 3755 vates,

512 3772 653 3840 quod
682 3772 903 3829 bellicas
932 3774 1266 3832 incursiones
1290 3778 1591 3846 superabis,
1612 3792 1676 3833 ac
1707 3777 1865 3835 facile
1897 3780 2085 3835 vinces

511 3862 873 3928 adversarios,
911 3878 1082 3933 neque
1106 3869 1223 3935 capi
1264 3867 1465 3936 poteris
1493 3870 1561 3922 ab
1590 3868 1860 3935 hostibus,
1895 3869 2083 3925 victis-

513 3970 620 4024 que
690 3954 897 4011 illudes.
937 3957 1132 4013 Verum
1207 3961 1322 4016 haec
1369 3960 1444 4014 ita
1504 3974 1564 4016 se
1606 3975 1710 4023 non
1771 3962 1987 4027 habent,
2031 3970 2087 4016 at.

513 4046 801 4115 plurimum
847 4049 1019 4112 abest,
1052 4049 1160 4104 imo
1208 4050 1260 4105 in
1321 4051 1592 4107 diversum
1646 4052 1842 4112 evenit.
1874 4061 1929 4107 et
1978 4068 2082 4107 non

515 4152 613 4207 pro
653 4148 778 4193 voto
818 4155 880 4194 ac
924 4155 1040 4209 spe,
1075 4156 1253 4197 rerum
1299 4142 1405 4198 erit
1449 4144 1646 4199 exitus.
1676 4142 1901 4198 Difﬁcile
1924 4143 2085 4209 igitur

513 4238 571 4284 et
620 4244 747 4285 vere
803 4231 1020 4286 noxium
1056 4232 1392 4289 irridentium
1438 4250 1715 4292 sermones
1778 4234 2082 4300 attendere,

513 4332 569 4375 et
609 4322 1056 4393 praestigiatorum
1084 4324 1306 4380 vocibus
1355 4325 1548 4397 abripi,
1575 4341 1695 4397 qua:
1734 4324 1891 4396 juxta
1936 4340 2083 4396 spem

514 4427 786 4482 nunquam
834 4413 1102 4470 evenient.

586 4681 750 4736 Vens.
795 4679 849 4732 7.
922 4677 1155 4734 Ululabit
1218 4679 1424 4737 Moab:
1456 4682 1509 4737 in
1580 4681 1868 4739 Moabitide
1946 4687 2084 4740 enim

516 4789 696 4827 omnes
781 4772 1084 4840 plorabant,
1142 4772 1553 4828 inhabitantibus
1614 4773 1803 4831 Decet]:
1859 4778 2082 4833 medita-

516 4866 702 4919 tiones.

585 4955 738 5023 Quod
791 4969 899 5011 non
938 4954 1012 5010 ita
1062 4963 1121 5009 ut
1146 4965 1525 5025 exspectarent
1560 4958 1755 5013 cecidit
1798 4959 2083 5029 divinatio,

516 5050 609 5104 sed
662 5049 819 5104 aliter
866 5049 1193 5119 omninoque
1217 5049 1451 5117 diverse,
1487 5050 1822 5105 demonstrat
1859 5051 2080 5122 liquido,

2186 3234 2360 3290 Μωὰϐ
2392 3235 2468 3299 ὡς
2494 3235 2781 3339 άφορήτσως
2814 3230 3075 3302 νοσούσης
3100 3229 3198 3301 τὴν
3223 3226 3543 3300 ὑπεροψίαν.

2260 3416 2383 3483 Οὐχ
2411 3414 2597 3480 οὕτως
2628 3414 2666 3482 ἡ
2690 3412 2939 3483 μαντεία
2961 3426 3098 3476 σου,
3125 3411 3237 3479 οὐχ
3259 3408 3461 3471 οὕτως.

2269 3504 2469 3575 Ἐξῆρα
2500 3503 2599 3575 μὲν
2637 3505 2737 3557 οὑκ
2771 3502 2880 3572 ἐγὼ
2910 3502 3008 3573 τὴν
3036 3498 3412 3572 ὑπερηφανίαν
3453 3512 3568 3561 σου,
3605 3486 3770 3566 φησὶ,

2189 3595 2335 3651 τοῦτ’
2367 3596 2533 3661 ἐστιν,
2585 3594 2818 3665 ἐξέκοψα
2853 3594 2952 3665 τὴν
2991 3592 3167 3648 Μωάϐ
3190 3634 3205 3659 ,
3232 3589 3345 3644 ἀλλ’
3380 3588 3441 3641 οὑ
3487 3585 3660 3641 ταῦτά
3680 3602 3762 3639 σοι

2189 3686 2558 3761 προήγγελλον
2585 3689 2639 3741 αἱ
2666 3686 2815 3758 παρά
2835 3685 2928 3739 σοῦ
2951 3689 2970 3707 '
3004 3683 3294 3756 ἁμαρτίαι.
3341 3678 3764 3769 Ἐπηγγέλλοντο

2189 3779 2298 3851 γάρ
2327 3777 2751 3849 ψευδοεποῦντες
2774 3777 2824 3830 οί
2850 3777 3091 3847 μάντεις,
3117 3777 3200 3828 ὅτι
3234 3773 3327 3828 καὶ
3363 3768 3641 3843 κρείττων
3660 3768 3761 3841 ἔσῃ

2188 3872 2287 3942 τῆς
2320 3871 2413 3925 τοῦ
2446 3869 2682 3941 πολέμου
2727 3868 3053 3940 προσϐολῆς,
3096 3867 3190 3922 καὶ
3221 3866 3461 3937 νικήσεις
3520 3862 3765 3926 εὐπετῶς

2188 3964 2314 4027 τοὺς
2366 3962 2784 4039 ἀνθεστηκότας,
2819 3961 2914 4014 καὶ
2950 3960 3220 4021 ἀνάλωτος
3253 3956 3350 4029 ἔσῃ
3386 3958 3499 4020 τοῖς
3529 3955 3763 4028 ἐχθροῖς,

2191 4057 2284 4109 καὶ
2322 4055 2657 4129 ἡττωμένοις
2696 4053 3073 4117 ἐπιτωθάσεις.
3132 4051 3269 4105 Ἀλλ’
3309 4052 3405 4120 οὑχ
3441 4049 3613 4113 οὑτως
3648 4048 3766 4102 αὖτ’

2190 4149 2322 4220 ἔχει,
2358 4147 2554 4202 πολλοῦ
2592 4165 2657 4216 γε
2683 4147 2779 4200 καὶ
2807 4146 2906 4200 δεῖ.
2956 4144 3172 4199 Μᾶλλον
3205 4143 3312 4215 γὰρ
3345 4141 3504 4213 ἐξέϐη
3536 4140 3670 4211 πρὸς
3705 4139 3767 4193 τὸ

2191 4241 2450 4304 ἐναντίον,
2486 4240 2578 4293 καὶ
2593 4240 2652 4293 οὑ
2676 4239 2796 4292 κατ’
2819 4237 3008 4291 ἐλπίδα
3026 4237 3145 4308 σὴν,
3176 4236 3283 4290 τῶν
3333 4234 3675 4307 πραγμάτων
3706 4231 3767 4287 τὸ

2192 4334 2387 4406 πέρας.
2429 4331 2787 4402 Παγχάλεπον
2825 4324 2917 4384 οὖν
2970 4328 3064 4383 καὶ
3087 4326 3377 4399 ἐπιζήμιον
3430 4325 3662 4395 άληθῶς,
3705 4324 3767 4378 τὸ

2190 4428 2301 4488 τοῖς
2326 4424 2432 4479 τῶν
2454 4422 2846 4487 διαπαιζόντων
2866 4421 3150 4493 προσέχειν
3186 4419 3388 4489 λόγοις,
3412 4418 3506 4473 καὶ
3523 4419 3642 4480 ταῖς
3658 4414 3765 4469 τῶν

2118 4515 2165 4572 D
2192 4514 2404 4587 γοητῶν
2431 4512 2861 4585 ἀποκομίζεσθαι
2881 4515 3102 4584 φωναῖς,
3127 4513 3208 4577 είς
3237 4511 3455 4575 ἐλπίδας
3478 4510 3581 4565 οὑκ
3608 4507 3765 4578 ἐκϐη-

2293 4605 2437 4659 ένας.

2293 4622 2318 4658 ε
2353 4623 2386 4659 α
2423 4645 2437 4659 .

2184 4622 2572 4762 “evagatam
2594 4695 2792 4751 Μωάϐ.
2830 4695 2927 4749 Ἑν
2961 4694 3070 4766 γὰρ
3091 4692 3165 4763 τῇ
3196 4692 3507 4748 Μωαϐίτιδι
3543 4690 3761 4757 πάντες

2183 4789 2557 4855 ὀλολύξὸυσι
2576 4805 2589 4820 ο
2622 4787 2745 4854 τοῖς
2775 4786 3123 4842 κατοικοῦσι
3150 4783 3335 4839 Δεσὲθ
3351 4782 3725 4854 μελετήσειξ.
3769 4836 3775 4862 ί

2271 4966 2393 5020 Ὅτι
2422 4965 2499 5036 μὴ
2529 4963 2703 5029 οὕτως
2730 4964 3029 5035 ἐκϐέϐηκεν
3057 4964 3091 5034 ἡ
3124 4959 3351 5034 μαντεία
3372 5000 3387 5023 ,
3423 4957 3567 5013 καθά
3591 4948 3759 5031 προσ-

2181 5057 2469 5126 εδόκησαν,
2498 5055 2613 5109 ἀλλ’
2644 5056 3036 5127 ὲτεροτρόπως,
3085 5053 3180 5107 καὶ
3212 5053 3293 5116 είς
3317 5052 3423 5105 πᾶν
3450 5048 3764 5103 τούναντίον

516 5155 635 5195 cum
672 5141 783 5195 ait:
824 5140 1064 5196 Plorabit
1116 5141 1299 5205 Moab,
1330 5142 1431 5197 etsi
1465 5144 1555 5211 qui
1609 5144 1995 5201 divinationem
2032 5156 2077 5200 et

2181 5147 2507 5202 διαδείκνυσι
2540 5146 2748 5217 σαφῶς,
2799 5146 2970 5215 λέγων
2989 5164 3003 5178 ·
3059 5143 3325 5211 Ὀλολύξει
3354 5141 3551 5207 Μωάϐ,
3581 5140 3763 5195 καίτοι

518 5232 779 5301 magicam
832 5242 1001 5288 artem
1055 5235 1400 5300 exercebant,
1428 5235 1758 5304 pioraturam
1810 5252 1932 5292 eam
1986 5238 2088 5293 rni-

518 5322 663 5378 nime
706 5323 1102 5394 praedicabant,
1152 5325 1261 5381 imo
1323 5325 1512 5381 deletis
1564 5325 1830 5393 hostibus,
1862 5328 2086 5399 applau-

518 5430 675 5471 suros
728 5426 783 5471 et.
836 5416 1194 5475 insultaturos
1260 5419 1588 5487 iacentibus.
1631 5418 1797 5490 Igitur
1864 5436 2078 5488 omnes,

520 5506 716 5574 inquit,
745 5505 799 5560 in
858 5506 1143 5565 Moabitide
1192 5509 1647 5570 lamentabuntur.
1706 5512 1774 5569 Et
1805 5513 2083 5570 meditatio

517 5596 621 5652 erit
662 5595 1025 5655 habitantibus
1056 5599 1273 5658 Desetb.
1304 5601 1508 5661 Civitas
1540 5613 1721 5663 autem
1750 5604 1868 5662 hac
1906 5602 2080 5672 Moab,

592 5754 714 5788 "'"
746 5753 859 5812 Jac.
900 5770 973 5822 tv,
1002 5755 1055 5811 6.

2178 5237 2278 5308 τῆς
2312 5237 2588 5308 μαντείας,
2619 5239 2788 5308 ἥγουν
2816 5238 2881 5306 τῇ
2920 5234 3027 5288 τῶν
3063 5233 3253 5305 μάγων
3276 5231 3440 5305 τέχνῃ
3460 5229 3762 5302 κεχρῆσθαι

2184 5329 2637 5400 μεμελετηκότων
2652 5330 2753 5383 οὑκ
2773 5326 3041 5392 ὀλολύξειν
3065 5325 3235 5396 αὐτὴν
3257 5323 3760 5397 προηγορευκότων,

2186 5422 2322 5476 ἀλλά
2341 5422 2448 5493 γάρ
2482 5422 2838 5487 ἐπαλαλάξειν
2865 5419 3198 5475 ἀπολωλόσιν
3226 5418 3440 5489 ἐχθροῖς
3478 5415 3573 5469 καὶ
3600 5416 3765 5485 ἐπορ-

2186 5512 2459 5584 χήσασθαι
2482 5513 2776 5585 κειμένοις.
2804 5507 3012 5564 Οὑκοῦν
3037 5508 3293 5571 ἅπαντες,
3325 5503 3509 5577 φησὶν,
3540 5502 3591 5556 Ol
3619 5503 3676 5555 ὲν
3696 5502 3761 5572 τῆ

2189 5604 2493 5662 Μωαϐίτιδι
2519 5602 2929 5671 κατολολὺξουσι
2948 5619 2963 5637 ο
3003 5601 3096 5658 καὶ
3137 5598 3424 5673 μελέτησις
3469 5595 3622 5653 ισταί
3650 5594 3761 5657 τοῖς
