4148 6378
397 423 498 485 MS

1522 427 1589 482 ΙΝ
1631 429 1860 486 lSAIAM
1900 431 2028 488 LIB.
2069 432 2134 488 Il.
2168 433 2405 492 TOMUS
2434 435 2522 492 lll.

3548 419 3670 493 ιη’

395 533 709 590 κατοικοῦσι
747 535 935 594 Δεσέθ.
986 536 1144 600 Πόλις
1167 537 1224 591 δὲ
1259 538 1352 591 καὶ
1381 539 1519 612 αὕτη
1547 541 1649 612 τῆς
1685 542 1881 610 Μωὰϐ,
1922 545 1971 596 οἳ

2079 550 2167 617 qui
2207 548 2462 620 lugubres
2507 549 2790 605 cantiones
2817 558 2870 603 et
2893 548 3305 605 lamentationes
3344 564 3658 608 numerosas

396 629 606 703 κόμμον
629 628 771 698 τάχα
799 646 898 682 που
925 630 1018 683 καὶ
1053 629 1247 702 θρῆνον
1277 630 1546 702 εὔρυθμόν
1573 651 1630 686 τε
1651 635 1744 687 καὶ
1768 635 1973 706 εύμελῆ

397 718 518 772 καθ’
547 719 752 772 ἑαυτῶν
783 720 1178 792 μελετήσαντες
1203 761 1218 788 ,
1250 720 1337 774 διὰ
1369 722 1556 776 τούτου
1591 724 1965 795 σημαίνονται.

463 811 574 865 Καὶ
595 814 705 865 οὐκ
730 812 1207 881 ἐντραπήσονται
1233 814 1382 882 πρὸς
1402 815 1473 869 τὰ
1493 816 1668 870 πεδία
1699 816 1971 872 Ἐσεϐῶν·

395 903 686 972 πενθήσει
752 904 1019 975 ἄμπελος
1089 906 1341 976 Σεϐαμά.
1405 909 1849 974 Καταπίνοντες
1902 906 1977 962 τὰ

397 995 563 1063 ἔθνη,
614 995 1073 1063 καταπατήσατε
1111 996 1218 1062 τὰς
1260 995 1568 1064 ἀμπέλους
1617 995 1807 1064 αὐτῆς
1865 995 1976 1064 ἕως

411 1086 612 1155 Ἰαζιξρ.

479 1200 534 1253 '0
556 1199 713 1268 λόγος
735 1201 880 1253 ἐστὶν
912 1201 968 1254 ἐν
998 1203 1112 1264 τοῖς
1135 1201 1272 1272 πρὸς
1309 1201 1505 1264 αὐτοὺς
1537 1199 1679 1272 τάχα
1711 1217 1813 1253 που
1846 1198 1976 1262 τοὺς

395 1291 492 1362 τὴν
515 1291 688 1346 Μωάϐ
717 1293 1011 1364 ᾑρηκότας,
1053 1295 1367 1365 Ἀσσυρίους
1406 1294 1466 1351 τέ
1501 1311 1644 1365 φημι
1675 1293 1770 1348 καὶ⁵
1796 1291 1974 1348 Βαϐυ-

395 1380 644 1446 λωνίους,
677 1378 758 1446 οἷς
784 1383 1119 1454 προστέταχε
1154 1385 1224 1438 τὰ,
1256 1385 1355 1456 τῆς
1412 1384 1646 1440 Ἐσεϐὼν
1697 1384 1855 1440 πεδία
1899 1383 1975 1458 μὴ

395 1474 748 1546 ἐντρέπεσθαι
769 1475 846 1528 ἔτι
870 1476 963 1528 καὶ
989 1476 1157 1547 αὐτὴν
1171 1475 1557 1548 κατεμπρῆσαι
1586 1476 1684 1548 τὴν
1714 1475 1976 1530 Ἑσεϐῶν’

396 1567 658 1622 διαθεῖναι
683 1568 740 1621 δὲ
768 1567 912 1621 οὓτω
945 1570 1039 1623 καὶ
1066 1570 1164 1642 τὴν
1197 1570 1448 1640 Σαυαμά,
1475 1569 1550 1634 ὡς
1581 1569 1846 1641 πενθῆσαι
1880 1567 1976 1621 καὶ

396 1657 496 1720 τὰς
515 1657 680 1721 οὔσας
708 1659 983 1728 ἀμπέλους
1010 1660 1067 1712 ἐν
1101 1660 1260 1730 αὐτῇ.
1296 1658 1440 1728 Πρὸς
1479 1659 1674 1720 αὐτοὺς
1700 1657 1757 1712 δὲ
1780 1657 1843 1727 δὴ
1880 1653 1975 1710 καί

397 1765 562 1818 φησιο
594 1750 995 1814 Καταπίνοντες
1039 1749 1110 1804 τὰ
1142 1749 1290 1822 ἔθνη.
1334 1750 1496 1820 Ὑμῖν
1524 1749 1633 1821 γὰρ
1680 1749 1973 1813 ἐπιτάττω,

2078 650 2265 695 contra
2302 655 2360 696 se
2381 640 2775 710 excogitarunt,
2806 641 2930 696 hinc
2963 640 3353 710 significantur.

2145 821 2309 877 Vens.
2342 822 2396 878 8.
2438 821 2502 875 Et
2549 837 2649 876 non
2712 819 3077 874 reverebantur
3141 836 3352 889 campos
3410 819 3654 887 Esebon,

2073 916 2280 985 planget
2319 916 2433 969 vitis
2484 915 2733 970 Sebama.
2763 913 2868 979 Qui
2899 913 3184 967 absorbetis
3208 921 3402 984 gentes,
3443 914 3658 965 concul-

2075 1018 2189 1062 cate
2221 1008 2344 1062 vites
2371 1025 2529 1078 usque
2558 1009 2625 1060 ad
2651 1007 2824 1062 Jaser.

2147 1208 2207 1264 In
2255 1208 2405 1265 hisce
2453 1222 2635 1264 sermo
2669 1206 2882 1261 videtur
2910 1220 3034 1262 esse
3073 1206 3140 1261 ad
3201 1220 3294 1260 eos
3347 1205 3438 1274 qui
3501 1204 3655 1258 Moab

2076 1301 2425 1366 sustulerunt,
2475 1301 2540 1354 ad
2589 1298 2844 1368 Assyrios
2910 1297 3147 1366 inquam,
3189 1306 3244 1350 et
3310 1295 3652 1366 Babylonios,

2077 1394 2276 1465 quibus
2327 1392 2584 1463 praecepit
2640 1406 2859 1461 campos
2907 1391 3119 1446 Esebon
3166 1407 3273 1446 non
3309 1391 3568 1457 revereri,
3599 1392 3650 1445 id

2076 1498 2181 1552 est,
2214 1497 2268 1542 et
2313 1487 2484 1556 ipsam
2541 1483 2753 1539 Esebon
2818 1484 3130 1548 incendere,
3161 1494 3215 1538 et
3249 1484 3328 1539 sic
3367 1483 3656 1553 disponere

2076 1576 2328 1640 Sebama,
2365 1586 2423 1630 ut
2455 1575 2708 1645 plangant
2766 1575 2901 1628 vites
2945 1589 3064 1644 qua:
3127 1585 3252 1629 sunt
3291 1575 3342 1628 in
3391 1589 3475 1629 ea.
3526 1574 3658 1640 Qui-

2073 1666 2176 1722 bus
2224 1666 2386 1720 etiam
2443 1664 2610 1720 dicit:
2640 1663 3002 1719 Absorbentes
3058 1672 3262 1734 gentes.
3301 1663 3464 1719 Vobis
3510 1662 3652 1717 enim

2074 1760 2262 1822 edico,
2328 1758 2544 1826 inquit,
2604 1771 2639 1812 o
2709 1756 2948 1826 gentium
3038 1755 3305 1825 pernicies
3369 1763 3422 1808 et
3501 1755 3658 1808 inex-

399 1841 580 1913 φησὶν,
612 1834 656 1894 ὦ
689 1841 794 1894 τῶν
826 1841 995 1898 ἐθνῶν
1022 1841 1296 1912 ὀλετῆρες,
1328 1841 1421 1901 καὶ
1445 1839 1724 1896 ἀπλειστοί
1755 1857 1844 1910 μοι
1878 1839 1973 1894 καὶ

2079 1851 2296 1921 plebiles
2352 1849 2750 1914 interfectores,
2782 1849 2871 1918 qui
2908 1857 3159 1917 tanquam
3207 1847 3450 1902 crudeles
3472 1855 3524 1902 et
3555 1847 3656 1900 im-

397 1933 762 2003 ἀπηνέστατοι
778 1932 960 2008 θῆρες,
975 1933 1100 2009 ἔθνη
1119 1932 1526 1996 καταπίνοντες,
1550 1932 1836 2002 καταπατή
1846 1948 1972 1986 σατε

2079 1943 2404 2000 manissimte
2442 1942 2569 1998 fera:
2598 1951 2786 2013 gentes
2837 1940 3490 2007 absorbetis,conculeate
3517 1940 3657 1994 vites

395 2025 495 2088 τὰς
527 2026 802 2096 ἀμπέλους
841 2027 1011 2096 αὐτῆς
1035 2026 1137 2090 ἓως
1168 2025 1378 2098 -Ὶαςήίλ
1421 2024 1582 2088 Πόλις
1607 2024 1664 2078 δὲ
1695 2025 1789 2078 καὶ
1833 2023 1970 2095 αὓτη

396 2117 505 2174 τῶν
529 2118 856 2175 Μωαϐιτῶν.
903 2118 1206 2190 Ἀμπέλους
1227 2119 1283 2172 δὲ
1306 2117 1467 2174 πάλιν
1500 2117 1557 2170 ἐν
1590 2116 1820 2181 τούτοις,
1848 2116 1972 2174 τοὺς

396 2209 504 2262 τῶν
537 2209 840 2263 Μωαϐιτῶν
869 2212 1161 2282 οἰκήτορας
1207 2208 1482 2280 ὀνομάζει.
1546 2207 1706 2272 Ἔθος
1756 2207 1865 2278 γὰρ
1905 2209 1972 2282 τῇ

399 2298 743 2370 θεοπνεύστῳ
776 2303 988 2373 Γραφῇ,
1017 2303 1112 2356 καὶ
1133 2303 1358 2373 δρυμοῖς
1398 2303 1491 2360 καὶ
1524 2301 1700 2369 ξύλοις
1739 2299 1834 2358 καὶ
1867 2298 1974 2373 μὴν

397 2394 494 2448 καὶ¹
546 2393 810 2464 ἀμπέλοις
849 2393 1204 2465 παρεικάζειν
1234 2394 1358 2458 τοὺς
1397 2396 1454 2446 ἐν
1499 2393 1701 2463 ἑκάστῃ
1733 2391 1886 2444 πόλει
1913 2408 1974 2443 τε

398 2487 494 2540 καὶ
529 2485 702 2557 χώρα.
732 2486 844 2540 Καὶ
871 2485 998 2554 γοῦν
1021 2487 1148 2558 περὶ
1172 2485 1267 2540 τοῦ
1303 2486 1520 2558 Ἰσραήλ
1549 2502 1738 2555 φησιν·
1784 2485 1840 2537 '0
1864 2484 1974 2556 γὰρ

399 2574 659 2645 ἀμπελὼν
705 2575 906 2647 Κυρίου
960 2574 1188 2630 Σαϐαὼθ
1236 2578 1264 2629 ὁ
1303 2577 1587 2646 ἄνθρωπος
1630 2576 1725 2629 τού
1783 2574 1971 2638 Ἰούδα,

400 2663 654 2733 νεόφυτον
682 2665 1063 2734 ἠγαπημένον.
1094 2663 1280 2732 Λέγων
1308 2663 1385 2730 δὲ,
1427 2665 1507 2716 ὅτι
1534 2664 1975 2734 Καταπατήσατε

400 2756 498 2818 τὰς
527 2754 804 2825 ἀμπέλους
831 2755 1022 2824 αὐτῆς,
1042 2755 1280 2808 δείκνυσι
1310 2755 1492 2819 πάλιν,
1532 2757 1613 2810 ὄτι
1649 2755 1722 2826 μὴ
1750 2757 1846 2824 τῆς
1868 2755 1975 2808 τῶν

414 2846 713 2918 ’Δσσυρίων
762 2847 941 2916 χειρὸς
987 2847 1146 2915 ἔργον
1189 2841 1257 2916 ἦν
1301 2845 1362 2897 τὸ
1388 2845 1608 2914 νικῆσαι
1646 2845 1746 2914 τὴν
1777 2843 1972 2909 Μωὰϐ,

399 2937 514 2991 ἀλλ’
537 2934 604 3009 ἦν
640 2941 668 2991 ό
699 2938 874 2990 πάντα
928 2937 1124 3007 ἰσχύων
1173 2936 1305 3000 Θεὸς
1337 2936 1623 3007 ὑποφέρων
1654 2939 1768 2998 τοῖς
1814 2935 1974 2988 αὑτοῦ

399 3033 528 3092 ποσὶ
551 3033 675 3096 τοὺς
705 3031 1129 3102 ἀνθεστηκότας,
1158 3031 1251 3083 καὶ
1271 3029 1331 3084 τὸ
1352 3028 1610 3083 δύνασθαι
1639 3030 1858 3099 κρατεῖν
1878 3026 1977 3098 τῆς

399 3123 622 3177 ἐκείνων
650 3123 832 3194 χειρὸς
865 3122 1227 3194 δωρούμενος.

2074 2032 2190 2102 ejus
2258 2047 2428 2102 usque
2493 2031 2560 2086 ad
2621 2031 2794 2085 Jaser.
2857 2030 2950 2086 Est
3005 2040 3186 2085 autem
3237 2032 3351 2085 bare
3406 2040 3461 2084 et
3525 2030 3656 2084 urbs

2080 2122 2458 2179 Moabitarum.
2493 2118 2646 2176 Vites
2695 2135 2884 2174 rursus
2928 2119 3016 2175 bic
3055 2118 3406 2173 Moabitarum
3450 2118 3656 2173 incolas

2075 2215 2337 2270 nominat.
2366 2213 2461 2266 Est
2489 2213 2630 2267 enim
2669 2210 2935 2266 familiare
2964 2210 3259 2278 Scripturae
3293 2209 3477 2262 divino
3505 2207 3656 2262 allia-

2078 2317 2134 2363 tu
2198 2306 2443 2377 proditae,
2476 2313 2530 2360 et
2607 2303 2776 2368 silvis,
2811 2312 2864 2358 et
2925 2301 3106 2373 lignis,
3149 2311 3204 2355 et
3263 2316 3394 2356 sane
3454 2300 3654 2353 vitibus

2076 2398 2376 2456 assimilare
2404 2412 2518 2462 eos,
2559 2396 2653 2466 qui
2693 2396 2745 2449 in
2778 2394 3005 2463 singulis
3051 2393 3277 2448 urbibus
3321 2402 3447 2447 sunt
3491 2400 3655 2459 atque

2077 2491 2386 2563 provinciis.
2439 2491 2506 2542 Et
2550 2495 2699 2542 certe
2754 2487 2818 2541 de
2884 2485 3049 2558 258
3107 2484 3301 2551 lsraele
3329 2485 3456 2539 ait:
3513 2481 3654 2536 Vitis

2075 2583 2218 2637 enim
2260 2579 2466 2635 Domini
2515 2576 2776 2641 Sabaoth,
2808 2576 2996 2629 domus
3049 2573 3209 2628 Israel
3255 2582 3360 2636 est,
3402 2583 3456 2628 et
3491 2573 3655 2629 homo

2075 2671 2456 2738 Juda,novella
2511 2669 2692 2740 planta
2718 2667 2934 2722 dilecta.
2954 2667 3088 2721 Cum
3134 2665 3295 2720 dicit:
3328 2664 3653 2719 Conculcatc

2076 2769 2214 2822 vites
2267 2767 2614 2836 ejus,rursus
2668 2762 2926 2827 ostendit,
2955 2776 3060 2814 non
3124 2759 3286 2814 fuisse
3317 2775 3451 2830 opus
3502 2757 3654 2812 forti.

2077 2860 2278 2916 tudinis
2308 2858 2676 2928 Assyriorum,
2696 2869 3006 2925 expugnare
3035 2851 3210 2917 Moab,
3241 2852 3334 2906 sed
3371 2851 3510 2905 Deus
3535 2859 3654 2905 erat

2077 2950 2439 3018 omnipotens,
2474 2947 2563 3018 qui
2609 2947 2849 3016 ipsorum
2906 2945 3133 3013 pedibus
3187 2958 3280 3000 eos
3330 2943 3419 3012 qui
3455 2943 3650 2994 adver-

2078 3051 2269 3097 santur
2317 3037 2555 3107 subjicit,
2576 3045 2632 3092 et
2683 3037 2773 3092 dat
2837 3043 2899 3091 ut
2927 3050 3115 3092 eorum
3167 3048 3385 3088 manum
3437 3032 3652 3089 valeant

2079 3149 2356 3206 superare.

475 3235 656 3304 οὑμὴ
687 3234 1024 3302 ovat-dirrare,
1077 3233 1427 3300 πλανήθητε
1479 3231 1594 3300 τὴν
1621 3235 1863 3301 ἔρημον,
1917 3234 1972 3285 oi

2148 3243 2231 3298 Ne
2260 3244 2562 3313 contingite,
2584 3253 2753 3296 errate
2798 3257 2890 3310 per
2911 3255 3160 3298 eremttm,
3185 3239 3273 3309 qui
3320 3239 3470 3292 missi
3491 3239 3611 3292 estis
3634 3253 3648 3290 :

399 3325 842 3396 ἀπεσταλμένοι
865 3343 878 3357 ·
918 3325 1469 3396 ἐγκατελείφθησαν·
1492 3365 1507 3390 ,
1546 3323 1832 3392 διέϐησαν
1863 3325 1976 3394 τὴν

401 3417 640 3486 Emam

470 3530 636 3583 Φασὶν
665 3529 874 3583 ὅτιτῶν
916 3529 1216 3602 Ἀσσυρίων
1251 3528 1699 3600 ἐμϐεϐληκότων,
1735 3530 1976 3582 πλεῖστοι

401 3623 508 3676 τῶν
537 3620 848 3675 Μωαϐιτῶν
873 3624 952 3685 είς
988 3623 1086 3692 τὴν
1113 3621 1310 3695 ὅμορόν
1336 3638 1395 3673 τε
1413 3621 1507 3675 καὶ
1533 3622 1748 3690 γείτονα
1787 3622 1978 3691 φυγόν-

401 3729 491 3774 τες
549 3711 753 3782 ἔρημον
818 3711 1188 3764 διαλανθάνειν
1255 3710 1621 3774 ἐσπούδαζον,
1673 3711 1768 3768 καὶ
1825 3711 1977 3780 μόλις

401 3801 759 3867 ἐσπούδαζον,
792 3801 989 3871 κομιδῆ
1019 3801 1237 3872 βραχεῖς
1265 3801 1354 3854 τὸν
1380 3800 1629 3872 ἀριθμόν.
1655 3803 1763 3854 Καὶ
1784 3797 1850 3872 ἦν
1879 3803 1977 3870 μὲν

407 3897 536 3958 ῐσως
569 3895 629 3947 οὐ
662 3893 896 3964 χαλεπὸν
942 3895 1055 3956 τοῖς
1091 3893 1450 3956 Βαϐυλωνίοις
1508 3894 1792 3957 κάκείνους
1823 3896 1978 3949 ἀνευ-

407 3989 538 4056 ρεῖν,
574 3986 896 4054 ἐπαφιέντος
920 3983 1076 4047 Θεοῦ,
1107 3985 1200 4037 καὶ
1233 3985 1424 4055 μέχρις
1451 3985 1628 4038 αὐτῶν
1651 3987 1979 4050 ἐκτείνοντος

402 4080 500 4148 τὴν
524 4079 712 4148 ὀργήν.
754 4076 972 4146 Ἐπειδὴ
1002 4075 1058 4128 δὲ
1098 4075 1316 4140 κολάζει
1354 4079 1780 4148 μεμετρημένως
1800 4076 1980 4146 φιλάν-

405 4169 621 4237 θρωπος
654 4169 750 4234 ῶν,
779 4167 1061 4238 μονονουχὶ
1105 4168 1201 4220 καὶ¹
1224 4167 1524 4220 ἐντέλλεται
1563 4170 1674 4230 τοῖς
1712 4167 1980 4240 πεπορθη-

405 4261 524 4313 κόσι
557 4261 655 4331 τήν
685 4260 858 4314 Μωὰϐ
879 4303 894 4325 ,
935 4260 1009 4331 μὴ
1040 4262 1328 4313 συνάπτειν
1371 4262 1481 4323 τοῖς
1523 4260 1826 4314 ἀπολωλόσι
1853 4263 1979 4325 τοὺς

407 4352 672 4419 eum“,
695 4352 1000 4406 πλανᾶσθαι
1033 4352 1090 4404 δὲ
1121 4351 1309 4421 ὥσπερ
1339 4353 1433 4421 ἐᾷν
1458 4351 1558 4421 τὴν
1584 4351 1808 4422 ἔρημον,
1836 4352 1978 4404 τουτ’

406 4444 545 4508 ἔστι,
572 4445 711 4516 λήθῃ
766 4445 962 4497 διδόναι
993 4445 1087 4497 καὶ
1117 4443 1580 4515 παραπέμπεσθαι
1623 4444 1723 4515 τὴν
1756 4444 1980 4515 ἔρευναν

405 4535 516 4588 τῶν
539 4539 594 4590 ἐν
629 4538 763 4607 αὐτῇ
790 4536 1328 4607 συνδεδραμηκότων.
1357 4535 1627 4609 Ταύτῃτοί
1652 4553 1811 4606 φησι,
1851 4535 1980 4589 πλα-

408 4626 633 4697 νηθῆναί
650 4644 707 4679 τε
731 4629 827 4697 τήν
846 4627 1070 4700 ἔρημον.
1092 4629 1152 4681 Οἱ
1173 4627 1572 4697 ἀπεσταλμένοι
1591 4628 1766 4696 ὑμεῖς,
1790 4627 1976 4698 φησὶν,

408 4720 458 4770 οἱ
483 4718 569 4771 διὰ
615 4719 715 4788 τῆς
755 4718 894 4789 ἐμῆς
928 4719 1098 4789 ὀργῆς
1142 4717 1537 4789 ἀπεσταλμένοι
1577 4715 1712 4787 πρὸς
1748 4717 1808 4769 τὸ
1839 4715 1980 4769 κατὰ

409 4809 610 4880 κράτος
636 4811 775 4862 ἑλεῖν
791 4811 887 4880 τήν
909 4810 1103 4874 Μωάϐ,
1130 4809 1436 4881 πλανήθητε
1461 4809 1556 4880 τὴν
1583 4809 1790 4881 ἔρημον
1806 4847 1820 4872 ,
1841 4809 1978 4880 λήθῃ

409 4901 550 4967 δότε,
589 4902 683 4955 καὶ
722 4901 1164 4973 παραπέμψασθε
1188 4901 1284 4972 τὴν
1316 4901 1519 4972 ἔρημον
1540 4941 1554 4966 ,
1590 4900 1844 4971 διέϐησαν
1873 4899 1981 4971 γὰρ

411 4995 600 5064 αὑτήν.
619 4991 752 5046 Εἶτα
771 4993 866 5044 ἐπέ
875 4995 1096 5063 ρριπται
1117 4992 1317 5064 μεταξὺ
1337 4993 1416 5056 τὸ,
1434 4992 1981 5063 Ἐγκατελείφθησαν,

412 5091 588 5140 ἐκεῖνο
623 5086 782 5139 πάλιν
811 5085 1077 5139 διδάσκων
1099 5127 1113 5150 ,
1148 5087 1224 5150 ὼς
1273 5086 1373 5139 ούκ
1414 5085 1479 5139 ἂν
1511 5088 1567 5138 ἐν
1590 5085 1798 5148 τούτοις
1835 5085 1988 5153 γέγο-

413 5196 501 5230 νεν
527 5177 906 5248 ήΜωαϐιτῶν,
954 5178 1004 5230 εἰ
1040 5177 1114 5250 μὴ
1150 5178 1589 5248 προσκέκρουκεν
1638 5177 1698 5230 ού
1753 5175 1986 5246 μετρίως

412 5271 488 5340 τῷ
515 5271 692 5324 πάντα
725 5269 958 5341 ἰσχύοντι
984 5270 1123 5340 Θεῷ.

486 5383 587 5436 Διά
620 5382 793 5436 τοῦτο
827 5384 1164 5453 κλαύσομαι
1197 5383 1276 5449 ὠς
1293 5383 1397 5436 τὸν
1425 5381 1735 5451 κλαυθμὸν
1770 5380 1979 5451 Ἰαζὴρ,

417 5477 680 5541 ᾶμπελος
701 5475 951 5545 Σεόαμά.
976 5475 1052 5529 Τὰ
1079 5475 1296 5545 δένδρα
1323 5491 1440 5530 σου
1469 5476 1796 5529 κατέϐαλεν
1823 5476 1878 5527 Ἐ
1884 5493 1984 5529 σε-

418 5569 556 5634 ϐῶν,
583 5570 682 5622 καὶ
703 5568 928 5632 ἐλάλει,
960 5569 1058 5622 ἐπὶ
1091 5568 1172 5635 τῷ
1203 5568 1460 5639 θερισμῷ
1484 5565 1581 5622 κάι
1613 5567 1711 5622 ἐπὶ
1735 5566 1814 5632 τῷ
1847 5585 1983 5635 τρυ-

420 5658 575 5728 γητῷ
623 5675 740 5714 σου
794 5659 1212 5728 καταπατήσω,
1245 5661 1344 5714 καὶ
1384 5659 1618 5717 ἅπαντα
1638 5658 1984 5724 πεσοῦνται,

2079 3335 2244 3390 relicti
2278 3345 2420 3400 sunt,
2447 3333 2889 3404 pertransiverunt
2912 3347 3140 3387 eremum
3173 3329 3270 3401 (l).

2146 3535 2314 3591 Aiunt
2358 3533 2595 3605 Assyriis
2623 3532 3044 3603 irrumpentibus
3091 3531 3398 3602 complures
3441 3530 3650 3585 Moabi-

2080 3636 2254 3682 tarum
2303 3627 2354 3680 in
2396 3625 2787 3680 conterminam
2846 3633 2900 3679 et
2935 3624 3166 3680 vicinam
3198 3623 3504 3691 confugisse
3531 3639 3652 3678 ere-

2077 3733 2246 3778 mum,
2279 3724 2334 3769 et
2367 3715 2534 3770 latere
2581 3714 2876 3778 studuisse,
2917 3721 2973 3768 et
3027 3727 3251 3766 numero
3295 3714 3652 3782 paucissimos

2077 3808 2164 3861 vix
2203 3806 2368 3860 fuisse
2404 3812 2771 3860 conservatos.
2799 3801 2910 3858 Nec
2955 3800 3169 3858 difﬁcile
3201 3803 3302 3856 fuit
3346 3801 3652 3871 Babyloniis

2078 3898 2242 3952 etiam
2306 3896 2426 3952 illos
2487 3895 2748 3962 invenire,
2783 3894 2893 3949 Deo
2943 3894 3307 3965 permittente,
3339 3903 3393 3948 et
3442 3893 3508 3946 ad
3557 3908 3652 3946 eos

2078 4002 2251 4056 usque
2287 3987 2420 4040 iram
2448 3987 2784 4040 extendente.
2813 3983 2917 4038 Sed
2955 3997 3078 4038 cum
3133 3984 3318 4052 plectit
3354 3982 3650 4044 moderate,

2078 4078 2341 4149 benignus
2391 4091 2515 4132 cum
2567 4075 2660 4143 sit,
2688 4083 2896 4127 tantum
2942 4088 3046 4127 non
3093 4073 3144 4126 in
3215 4072 3484 4126 mandatis
3561 4073 3654 4124 dat

2079 4173 2163 4228 bis
2217 4171 2306 4240 qui
2358 4176 2672 4226 everterunt
2707 4166 2885 4228 Moab,
2927 4181 3032 4219 non
3083 4165 3376 4236 adiungere
3440 4178 3499 4217 se
3568 4163 3651 4216 bis

2079 4262 2172 4332 qui
2221 4260 2404 4316 delent
2473 4257 2751 4329 profugos,
2794 4255 2888 4310 sed
2927 4270 3112 4310 errare
3162 4255 3342 4309 sinant
3381 4253 3526 4306 velut
3559 4266 3654 4319 per

2081 4357 2370 4417 desertum,
2397 4351 2446 4405 id
2476 4359 2581 4416 est,
2601 4348 2858 4404 oblivioni
2891 4349 3196 4412 tradant,et
3250 4346 3650 4415 indagationem

2081 4443 2297 4498 mittant
2352 4456 2541 4496 eorum
2576 4439 2666 4508 qui
2721 4439 2861 4493 istuc
2926 4435 3480 4493 confluxerunt.Hinc
3543 4435 3650 4489 ait:

2085 4536 2278 4590 Errate
2336 4533 2388 4586 in
2418 4547 2622 4586 eremo.
2657 4532 2764 4586 Vos
2791 4531 2882 4601 qui
2936 4531 3083 4585 missi
3125 4531 3277 4596 estis,
3314 4529 3504 4598 inquit,
3561 4529 3652 4598 qui

2083 4644 2149 4684 ex
2199 4641 2315 4681 mea
2355 4625 2432 4679 ira
2471 4623 2797 4686 cmittimini,
2830 4631 2891 4677 ut
2924 4623 2975 4676 vi
3007 4623 3230 4692 capiatis
3271 4620 3451 4685 Moab,
3477 4631 3657 4676 errate

2084 4735 2182 4791 per
2201 4732 2461 4782 eremum,
2489 4717 2612 4771 date
2634 4714 2906 4777 oblivioni,
2927 4723 2982 4768 et
3004 4713 3427 4782 explorationem
3461 4712 3654 4766 remit-

2087 4811 2226 4866 tite:
2263 4809 2590 4865 fl‘ansierunt
2633 4808 2777 4861 enim
2834 4806 3003 4860 illam.
3049 4805 3254 4861 Deinde
3308 4803 3435 4858 illud
3486 4805 3656 4858 inter-

2085 4903 2327 4975 ponitur,
2378 4901 2569 4955 Relicti
2625 4910 2770 4967 sunt,
2796 4899 2922 4955 illud
2986 4913 3173 4954 rursus
3247 4897 3465 4963 docens,
3514 4895 3656 4965 quod

2089 5012 2195 5051 non
2229 4996 2280 5050 in
2313 4995 2395 5050 bis
2416 4995 2569 5048 malis
2621 5001 2828 5048 versata
2871 4991 3062 5044 fuisset
3097 4987 3378 5044 Moabitica
3435 4989 3657 5057 provin-

2088 5087 2192 5150 cia,
2233 5085 2336 5142 nisi
2402 5087 2568 5142 Deum
2625 5084 2805 5139 omnia
2863 5082 3129 5137 valentem
3191 5079 3416 5136 nimium
3487 5076 3656 5134 olIcn-

2089 5179 2277 5234 disset.

2153 5376 2526 5442 Vens.9,10.
2583 5373 2870 5444 Propterea
2932 5371 3148 5441 plorabo
3204 5370 3341 5426 velut
3393 5369 3648 5440 ploratum

2081 5471 2260 5537 Jaser,
2277 5471 2418 5525 vitim
2440 5469 2661 5524 Sebama
2685 5481 2704 5520 :
2725 5467 2935 5522 arbores
2959 5477 3077 5518 tuas
3109 5464 3290 5532 dejecit
3315 5463 3540 5523 Esebon,
3559 5462 3633 5533 [al

2087 5562 2288 5634 Eleale]
2313 5571 2360 5616 et
2399 5562 2530 5616 dixit
2561 5577 2576 5614 :
2607 5559 2674 5615 In
2703 5575 2865 5614 messe
2893 5559 3008 5613 etin
3027 5557 3286 5610 vindemia
3306 5566 3396 5608 tua
3425 5553 3659 5618 calcabo,

2085 5667 2133 5709 et
2173 5658 2346 5710 omnia
2369 5655 2576 5718 cadent,
2605 5661 2652 5707 et
2700 5654 2966 5721 auferetur
3003 5649 3188 5705 (milia
3218 5658 3266 5704 et
3289 5645 3571 5702 exsultatio
3595 5644 3655 5698 ds

494 5839 571 5907 tl)
609 5841 720 5912 Τήν
754 5841 987 5911 ἕρημον;
1036 5855 1143 5897 seu.
1192 5841 1339 5910 Sept.
1390 5848 1443 5895 et
1483 5838 1647 5895 llubt'.
1683 5837 1974 5903 θάλασσαν,
2015 5850 2175 5890 mare.
