4148 6378
504 411 609 468 415

1501 400 1558 455 S.
1599 396 1875 455 CYRILLI
1916 389 2390 455 ALEXANDRlNl
2432 388 2756 446 ARCHIEP.

3658 378 3764 436 616

501 525 663 593 uineis
688 519 880 589 tuis,'et
909 520 966 575 in
986 517 1146 575 vineis
1165 516 1272 572 tuis
1296 529 1398 568 non
1425 511 1765 575 thabuntur,
1790 527 1881 565 nec
1901 510 2079 565 calca-

2191 505 2288 559 καὶ
2328 500 2655 571 ἀρθήσεται
2711 496 3057 566 εὐφροσύνη
3116 494 3215 550 καί
3258 494 3602 565 Malliana
3644 494 3765 548 ἀπὸ

502 619 629 670 bunt
662 615 842 671 vinum
874 612 931 667 in
964 604 1481 674 torcularib‘us,‘,nam
1509 602 1745 656 cessavit.

579 876 791 945 Emngit
812 860 1157 946 propheticus
1186 884 1365 925 sermo
1391 880 1675 938 personam
1723 862 2080 918 Moabitarum

506 966 908 1024 calamitatibus
960 963 1386 1034 illacrymantem
1424 968 1476 1013 et
1519 955 1682 1012 etiam
1712 952 1891 1019 laser,
1915 968 2080 1023 supra

511 1058 751 1128 reliquas
813 1057 1127 1112 devastata.
1160 1051 1249 1107 Sic
1279 1061 1336 1107 et
1369 1050 1503 1105 alias
1569 1047 1751 1117 lugere
1796 1046 1892 1111 ait,
1914 1046 1986 1100 ita
2026 1052 2085 1099 ut

505 1162 607 1217 par
677 1144 1011 1217 fuit,ipsam.
1080 1140 1254 1196 Jaser.
1314 1138 1464 1194 Vites
1517 1148 1695 1193 autem
1758 1148 1813 1192 et
1861 1136 2084 1190 arbores

507 1237 741 1309 appellat
797 1251 891 1291 eos
921 1235 1012 1306 qui
1064 1232 1437 1289 inhabitarunt
1470 1232 1741 1295 civitates,
1766 1239 2081 1284 enumerat-

506 1340 612 1396 qne
649 1325 813 1396 259
856 1326 1146 1379 subversas
1199 1323 1359 1376 urbes
1415 1319 1646 1376 Sabama
1715 1328 1772 1373 et
1840 1318 2079 1373 Esebon.

506 1416 731 1473 llustilis
763 1426 940 1471 autem
997 1415 1221 1485 populus
1274 1413 1530 1484 loquitur.
1581 1408 1637 1465 In
1695 1425 1873 1466 messe
1923 1421 1978 1466 et
2029 1415 2083 1465 in

510 1510 777 1564 vindemia
849 1518 963 1572 tua,
1001 1507 1193 1577 inquit;
1247 1515 1304 1560 at
1345 1505 1477 1574 quid
1524 1503 1798 1574 loquitur?
1850 1502 2085 1560 Calcabo

509 1600 774 1665 videlicet,
801 1611 855 1655 et
896 1601 1077 1655 omnia
1126 1600 1340 1655 cadent.
1379 1595 1445 1652 Et
1496 1596 1563 1650 ad
1610 1595 1757 1651 hasc:
1792 1595 2084 1650 Auferetur

509 1706 671 1762 porro
710 1690 891 1745 laetitia
930 1700 982 1745 et
1008 1687 1292 1744 exsultatio
1318 1700 1385 1741 ex
1413 1686 1587 1741 vineis
1637 1686 1762 1740 tuis.
1793 1684 1887 1740 Est
1934 1687 2079 1739 enim

507 1782 816 1838 festivitatis
886 1796 1075 1837 amans
1139 1779 1395 1844 Moabita,
1447 1777 1696 1848 plurimis
1748 1776 2085 1830 caeremoniis

2182 592 2302 648 τῶν
2326 590 2611 662 ἀμπέλων
2640 603 2757 643 σου
2778 604 2791 617 ·
2827 587 2925 641 καὶ
2959 586 3031 640 ἐν
3050 585 3175 653 τοῖς
3197 586 3511 656 ἀμπελῶσι
3545 600 3663 640 σου
3689 588 3764 641 οὐ

2177 686 2264 756 μὴ
2295 682 2816 754 εὐφρανθήσονται
2834 696 2848 709 ο
2883 678 2981 734 καί
3002 680 3074 733 οὐ
3090 676 3177 748 μὴ
3198 676 3585 745 πατήσουσιν
3597 674 3765 733 οῖνον

2185 780 2271 843 είς
2292 776 2363 830 τὰ
2385 774 2707 841 ὑπολήνια,
2735 772 3033 826 πέπαυται
3068 770 3178 842 γάρ

2268 865 2629 922 Ἀναπλάττει
2666 864 2956 935 πρόσωπον
2994 864 3023 916 6
3055 860 3389 934 προφητικδς
3419 862 3550 932 ἡμῖν
3582 859 3761 928 λόγος,

2183 961 2277 1015 ἐπὶ
2304 962 2425 1024 ταῖς
2453 959 2562 1013 τῶν
2592 954 2902 1013 Μωαϐιτῶν
2924 953 3295 1026 δακρυρῤοοῦν
3317 954 3641 1024 συμφοραῖς,
3669 950 3764 1005 καὶ

2181 1052 2322 1122 τάχα
2348 1068 2450 1104 που
2479 1052 2573 1121 τῆς
2605 1048 2790 1121 Ἰαζὴρ
2811 1049 2949 1119 ὑπερ
2975 1047 3073 1111 τὰς
3101 1045 3291 1117 ἑτέρας
3320 1042 3762 1116 πεπορθημένης*

2182 1142 2323 1196 οὕτω
2345 1142 2557 1205 καὶτὰς
2578 1141 2743 1204 ἄλλας
2765 1138 3228 1210 κατολοφύρεσθαί
3257 1154 3441 1208 φησιν,
3470 1136 3661 1207 ὥσπερ
3696 1136 3764 1190 ἂν

2184 1235 2384 1306 πρέποι
2408 1234 2504 1287 καὶ
2530 1234 2629 1305 την
2665 1231 2868 1304 Ἰαζήρ.
2907 1230 3209 1301 Ἀμπέλους
3228 1229 3284 1282 δὲ
3309 1228 3404 1282 καὶ
3430 1227 3621 1299 δένδρα
3641 1227 3764 1290 τοὺς

2183 1326 2528 1389 ἐνοικοῦντας
2562 1326 2679 1387 ταῖς
2710 1324 2930 1376 πόλεσιν
2958 1322 3235 1393 ὀνομάζει.
3271 1317 3687 1390 ’Δπαριθμεῖται
3707 1316 3767 1371 δὲ

2183 1419 2280 1473 καὶ
2309 1418 2409 1483 τὰς
2441 1415 2864 1487 πεπορθημένας
2885 1415 2984 1486 τῆς
3013 1415 3220 1477 πόλεως
3247 1410 3479 1483 Σαϐαμά
3500 1410 3594 1464 καὶ
3614 1408 3767 1462 Ἐσε-

2185 1511 2316 1565 ϐῶν.
2358 1512 2418 1565 ὐ
2451 1511 2508 1564 δέ
2538 1524 2602 1580 γε
2622 1510 2730 1564 τῶν
2759 1508 3033 1579 πολεμίων
3067 1508 3238 1579 δῆμος
3268 1505 3527 1576 ἐλάλησεν
3569 1503 3662 1557 ἐπὶ
3686 1502 3765 1575 τῷ

2186 1602 2431 1676 θερισμῷ
2458 1620 2549 1657 σου
2571 1604 2664 1657 καὶ
2680 1603 2771 1655 ἐπὶ
2789 1600 2867 1673 τῷ
2884 1600 3138 1673 τρυγητῷ
3166 1616 3282 1665 σου,
3311 1598 3475 1669 φησίν
3497 1613 3512 1629 ⁶
3537 1596 3764 1665 ὲλάλησε

2184 1695 2242 1749 δὲ
2265 1696 2315 1748 τί
2336 1712 2349 1761 ;
2377 1695 2469 1761 T6,
2494 1695 2880 1765 Καταπατήσω
2900 1692 3162 1762 δηλονότι,
3185 1690 3278 1745 καὶ
3302 1689 3517 1743 ἅπαντα
3538 1686 3767 1742 πεσοῦνο

2183 1805 2293 1843 ται,
2325 1789 2435 1843 Ka‘t
2474 1789 2613 1860 πρὸς
2662 1788 2872 1851 τούτοις
2926 1785 3037 1840 ἔτιο
3096 1786 3418 1857 Ἀρθήσεται
3457 1780 3763 1854 εὐφροσύνη

507 1889 838 1946 prosequens
889 1876 1197 1940 dremonas,
1233 1877 1555 1940 pernoctans
1608 1869 1659 1922 in
1718 1868 1849 1931 aris,
1893 1877 1949 1921 et
1983 1883 2083 1920 an-

2189 1879 2283 1935 καί¹
2315 1880 2626 1951 άγαλλίαμα
2650 1882 2712 1933 ἐκ
2739 1878 2847 1932 τῶν
2863 1877 3124 1949 ἀμπέλων
3149 1893 3263 1930 σου·
3291 1877 3319 1929 6
3348 1875 3457 1946 γὰρ
3489 1873 3766 1945 φιλέορτος

507 1983 617 2023 sam
682 1965 879 2023 laetitiae
936 1966 1162 2030 habens,
1206 1977 1419 2031 semper
1479 1960 1809 2016 sacriﬁcare.
1848 1958 2084 2013 Plorabit

506 2069 561 2114 et
594 2058 763 2121 ﬂebit.
811 2057 1066 2127 omnique
1110 2056 1381 2125 voluptate
1475 2054 1663 2123 procul
1716 2054 1910 2107 aberit.
1967 2053 2082 2107 Non

507 2152 654 2208 enim
722 2150 905 2206 laetitia
961 2148 1281 2214 alIicientur,
1320 2162 1427 2202 non
1480 2146 1765 2201 calcabunt
1810 2147 1990 2200 vinum
2031 2148 2082 2201 in

508 2242 870 2300 torcularibus
903 2257 916 2293 :
974 2256 1096 2296 nam
1128 2239 1379 2296 cessavit.
1416 2238 1532 2296 Non
1583 2239 1707 2305 erit,
1737 2238 1931 2308 inquit,
1975 2240 2085 2293 fru-

506 2348 627 2391 ctus
674 2335 911 2398 vitibus;
945 2335 1197 2404 peribunt
1240 2333 1387 2387 enim
1415 2345 1536 2386 cum
1583 2332 1715 2402 ipsis
1746 2349 1865 2403 qua:
1918 2333 1985 2387 ab
2015 2332 2082 2388 iis

508 2436 634 2483 nata
683 2435 830 2481 sunt.
864 2423 933 2479 Et
973 2424 1038 2479 de
1094 2424 1310 2488 vitibus,
1332 2423 1377 2477 si
1408 2423 1793 2479 ettscindantur
1846 2424 2080 2495 penitus,

506 2532 633 2573 vera
664 2517 778 2572 huic
812 2516 1005 2571 oratio.
1034 2516 1134 2569 Sin
1164 2515 1430 2584 pertineat
1458 2514 1523 2568 ad
1551 2528 1647 2569 nos
1676 2556 1691 2582 ,
1726 2516 1870 2569 velut
1899 2530 2083 2570 exem-

508 2608 578 2677 pli
609 2608 782 2678 gratia
811 2608 877 2661 de
907 2608 1064 2660 rebus
1096 2605 1374 2669 humanis,
1406 2605 1559 2659 docet
1606 2620 1793 2660 rursus
1831 2608 1917 2660 hic
1968 2622 2082 2659 ser-

508 2715 617 2762 mo,
664 2700 807 2769 quod
857 2714 979 2753 cum
1045 2696 1390 2767 gignentibus
1448 2710 1511 2750 ea
1566 2712 1685 2766 qua:
1739 2698 1915 2768 genita
1958 2707 2083 2752 sunt

500 2786 916 2853 'exolescent,ut
967 2800 1142 2857 neque
1204 2788 1334 2857 ipsis
1382 2788 1783 2858 pmgnantibus
1846 2790 1949 2843 ulla
2014 2792 2082 2845 ab

508 2882 750 2936 hostibus
781 2880 1049 2935 tribuatur
1093 2879 1488 2939 misericordia.
1524 2879 1750 2934 Passam
1781 2880 1884 2936 hoc
1915 2881 2083 2937 fuisse

505 2972 802 3029 Jerusalem
860 2973 1088 3026 dicimus
1140 2972 1193 3025 in
1250 2970 1389 3026 bello
1460 2972 1720 3028 adversus
1788 2973 2079 3028 Ιίοηιιιηοε.

504 3062 769 3118 Servatur
837 3064 1090 3116 nimirum
1174 3062 1341 3131 dixit,
1401 3065 1768 3133 praenuntians
1835 3082 1898 3121 ea
1963 3083 2082 3135 qua:

508 3153 583 3209 illi
615 3162 878 3209 eventura
914 3163 1095 3218 erant,
1149 3154 1291 3222 quod
1342 3153 1683 3209 obsideretur
1714 3158 1779 3211 ab
1810 3161 2077 3224 exercitu,

2183 1973 2499 2043 Μωαϐίτης,
2526 1975 2555 2026 ό
2584 1972 2841 2035 πλείστας
2872 1973 2984 2033 τοῖς
3009 1968 3260 2039 δαίμοσιν
3294 1964 3569 2027 ἀνατιθεὶς
3612 1964 3764 2018 τελε-

2184 2064 2303 2127 τὰς,
2334 2065 2362 2117 6
2391 2060 2822 2133 διανυκτερεύων
2855 2060 2947 2114 ἐπὶ
2993 2061 3218 2130 βωμοῖς,
3250 2058 3344 2111 καὶ
3372 2055 3647 2128 πρόφασιν
3675 2053 3767 2106 εύσ-

2185 2155 2459 2228 φροσύνης
2482 2156 2543 2208 τὸ
2571 2155 2717 2208 θύειν
2749 2156 2888 2226 ἔχων
2909 2154 3017 2207 ἀεί.
3054 2149 3397 2222 Κατοιμώξει
3420 2149 3513 2202 καὶ
3543 2146 3769 2201 κλαύσε-

2183 2260 2293 2311 ται,
2333 2247 2428 2300 καὶ
2475 2246 2693 2317 ἁπάσης
2735 2244 3032 2316 θυμηδείας
3077 2241 3232 2295 ἔσται
3283 2239 3521 2311 μακράν.
3551 2238 3626 2292 Οὐ
3657 2236 3767 2308 γάρ

2187 2340 2262 2409 μὴ
2293 2338 2787 2410 εὐφρανθήσονται·
2820 2336 2926 2389 οὐδ’
2966 2335 3026 2387 ού
3059 2334 3132 2405 μὴ
3165 2333 3501 2404 πατήσουσιν
3531 2326 3672 2383 οἶνον
3688 2329 3769 2393 είς

2183 2432 2252 2485 τὰ
2274 2432 2555 2503 ὑπολήνια,
2580 2431 2851 2484 πέπαυται
2880 2430 3007 2499 γάρ.
3038 2429 3150 2481 Ούκ
3172 2426 3344 2490 ἔσται,
3368 2423 3553 2496 φησὶν,
3584 2423 3642 2475 ἐν
3662 2422 3771 2491 άμ-

2185 2524 2368 2588 πέλοις
2393 2523 2604 2595 καρπός
2623 2540 2636 2553 υ
2666 2522 3048 2591 συνοιχήσεται
3073 2518 3181 2589 γὰρ
3202 2518 3390 2581 αὑταῖς
3416 2514 3487 2570 τὰ
3502 2514 3561 2579 ἐξ
3589 2512 3769 2568 αὐτῶν

2182 2620 2498 2688 τικτόμενα.
2535 2618 2644 2672 Καὶ
2664 2617 2756 2669 ὲπὶ
2782 2617 2879 2685 μὲν
2920 2616 3039 2679 ταῖς
3080 2612 3347 2682 ἀμπέλοις
3395 2611 3443 2663 εί
3485 2609 3768 2663 ὲκκόποιεν

2184 2710 2353 2772 ὅλως,
2403 2708 2608 2780 ἀληθὴς
2654 2709 2835 2761 οὑτοσὶ
2883 2704 3059 2775 λόγος.
3097 2705 3160 2757 El
3206 2703 3263 2756 δὲ
3310 2701 3373 2772 δὴ
3401 2701 3608 2770 γένοιτο
3633 2697 3769 2771 πρὸς

2182 2802 2215 2868 ὴ
2226 2800 2364 2870 μῶν,
2382 2800 2456 2861 ὡς
2477 2800 2534 2851 ὲν
2548 2798 2775 2869 δυνάμει
2792 2795 3253 2869 παραδειγμάτων
3273 2793 3443 2847 ὲπὶτὰ
3456 2791 3552 2845 ἀνθ
3561 2790 3771 2863 ρὼπινα

2183 2890 2424 2944 διδάσκει
2456 2891 2616 2944 πάλιν
2650 2893 2677 2943 6
2712 2890 2890 2959 λόγος,
2919 2889 2994 2951 ὡς
3018 2886 3154 2958 ὁμοῦ
3182 2886 3395 2954 γονεῦσι
3425 2884 3495 2937 τὰ
3518 2880 3769 2947 ἐξαύτῶν

2183 2984 2483 3053 οἰχήσεται,
2515 2982 2589 3045 ὡς
2617 2982 2751 3053 μηδὲ
2786 2982 2976 3044 αὑταῖς
2999 2982 3119 3043 ταῖς
3141 2976 3531 3049 κυοφορούσαις
3550 2971 3769 3044 δοθῆναί

2184 3090 2305 3125 τινα
2332 3072 2482 3145 παρὰ
2536 3072 2644 3126 τῶν
2678 3072 2949 3142 πολεμίων
2999 3072 3090 3124 τὸν
3136 3070 3304 3125 ἔλεον.
3345 3066 3677 3123 Πεπονθέναι
3711 3064 3769 3117 δὲ

2181 3163 2339 3217 τοῦτο
2368 3163 2506 3217 κατὰ
2529 3163 2625 3235 τὴν
2664 3162 3018 3234 Ἰερουσαλήμ
3056 3178 3236 3232 φαμεν
3276 3163 3331 3213 ὲν
3353 3157 3431 3229 τῷ
3472 3156 3606 3227 πρὸς
3644 3155 3771 3207 Ῥω-

508 3246 883 3315 accideretque
930 3261 1008 3300 vae
1035 3245 1369 3315 parientibus
1416 3255 1476 3301 et
1503 3255 1715 3303 uterum
1743 3253 2076 3320 gerentibus,

2188 3257 2378 3327 μαίους
2400 3255 2642 3326 πολέμῳ.
2662 3256 2771 3309 Ka‘t
2789 3254 2918 3324 γοῦν
2936 3254 3173 3323 ἔφασκεν
3187 3256 3214 3307 6
3231 3252 3420 3322 Σωτὴρ
3445 3264 3769 3320 προσαπαγ-

508 3336 615 3391 illis
671 3339 859 3395 diebus
907 3340 1161 3396 maxime.

2116 3394 2119 3397 .
2194 3348 2397 3417 γέλλων
2431 3348 2501 3401 τά
2531 3347 2923 3418 συμϐησόμενα
2948 3347 3104 3417 αὐτῇ,
3129 3347 3208 3398 ὅτι
3238 3342 3645 3411 κυκλωθήσεται
3671 3337 3769 3408 μὲν

506 3429 613 3483 ὑπὸ
656 3432 1063 3501 στρατοπέδων
1115 3434 1455 3507 συμϐήσεται
1494 3437 1552 3491 δὲ
1592 3438 1652 3491 τὸ
1684 3438 1806 3493 οὐαὶ
1850 3439 2083 3509 μάλιστα
2122 3446 2237 3508 ταῖς
2300 3442 2613 3505 τικτούσαις
2647 3442 2744 3494 καὶ
2810 3444 2928 3505 ταῖς
2952 3443 3008 3495 ἐν
3042 3440 3235 3511 γαστρὶ
3259 3437 3508 3509 ἐχούσαις
3539 3438 3597 3487 ὲν
3626 3429 3771 3485 ἐκεί..

508 3542 628 3588 ναις
648 3528 769 3590 ταῖς
804 3525 1063 3598 ἡμέραις.

583 3623 714 3677 Vn.
784 3622 870 3674 Η.
933 3618 1220 3690 Propterea
1281 3634 1457 3678 venter
1519 3641 1665 3679 meus
1715 3642 1871 3694 σιφω-
1930 3625 2085 3680 Moab

507 3715 643 3771 velut
665 3715 869 3768 cithara
918 3714 1147 3783 sonabit,
1186 3724 1234 3769 et
1262 3715 1515 3772 interiora
1564 3733 1681 3771 mea
1717 3719 1859 3771 velut
1904 3734 2087 3773 murus

507 3820 660 3872 quem
693 3805 976 3857 renovem”.

581 3896 882 3959 Submotis,
952 3895 1151 3965 inquit,
1221 3897 1418 3965 gaudio
1446 3904 1503 3953 et
1558 3897 1746 3954 laetitia
1796 3901 1865 3956 de
1916 3902 2090 3964 vineis

512 3988 642 4052 tuis,
664 3998 719 4041 et
748 3987 892 4041 nullo
924 3988 977 4041 in
997 3988 1101 4042 illis
1141 3988 1379 4054 laetante,
1402 4002 1525 4043 cum
1568 3992 1671 4045 hoc
1698 4007 1797 4046 usu
1848 3997 2084 4058 venerit,

512 4080 645 4134 [ient
672 4079 933 4135 interiora
964 4094 1081 4133 mea
1112 4080 1319 4134 cithara
1350 4090 1403 4134 et
1432 4082 1700 4137 cantilena
1730 4086 2089 4140 etmodnlatio

511 4186 674 4241 super
705 4181 777 4227 te.
819 4170 930 4224 Tua
979 4172 1123 4225 enim
1166 4172 1388 4227 enuntio
1446 4173 1608 4241 titala,
1666 4185 1721 4229 et
1772 4178 2089 4244 percelebro

512 4261 770 4317 inilictam
834 4262 931 4315 tibi
973 4261 1357 4318 calamitatem.
1402 4262 1471 4317 Et
1493 4264 1640 4319 velut
1685 4266 1896 4321 cithara
1942 4284 2089 4337 qua:-

509 4358 632 4409 dam
660 4356 921 4409 concinna
979 4358 1262 4424 resonabo,
1297 4365 1352 4411 et
1403 4356 1483 4413 sic
1508 4360 1829 4428 percutiam,
1890 4372 1944 4416 et
1996 4379 2091 4417 ex-

510 4447 747 4501 andibile
775 4445 969 4501 faciam
1012 4463 1254 4514 carmen,
1287 4448 1431 4503 velut
1465 4465 1679 4506 murum
1729 4468 1887 4522 quem
1933 4469 2093 4510 reno-

500 4539 669 4594 ‘vasti.
705 4538 849 4592 Dixit
880 4540 1023 4594 enim
1054 4541 1105 4594 in
1143 4542 1409 4613 principio
1451 4544 1677 4599 visionis
1724 4544 1912 4600 beatus
1963 4561 2091 4616 pro-

512 4631 722 4701 pheta:
771 4629 940 4685 Noctu
1001 4634 1201 4701 peribit
1260 4635 1541 4709 Meabitis;
1593 4646 1751 4691 noctu
1798 4639 1941 4693 enim
1994 4640 2084 4692 de-

502 4730 755 4778 struetur
776 4740 963 4779 murus
990 4722 1313 4783 Moabitidis.
1349 4729 1480 4785 Cum
1510 4740 1692 4785 autem
1721 4746 1819 4785 nos
1871 4746 2089 4785 sensum

512 4816 703 4871 horum
742 4817 1010 4872 dictorum
1058 4817 1559 4889 interpretaremur,
1599 4822 1858 4888 diximus,
1907 4833 2091 4878 terra:-

2261 3626 2364 3680 Διὰ
2398 3624 2575 3679 τοῦτο
2602 3626 2640 3692 ἡ
2679 3624 2878 3677 κοιλία
2914 3634 3034 3692 μου
3071 3619 3169 3674 ἐπὶ
3221 3618 3400 3673 Μωὰϐ
3428 3619 3508 3685 ὡς
3560 3619 3771 3689 κιθάρα

2187 3718 2431 3787 ἡχήσει,
2464 3716 2561 3771 καὶ
2592 3716 2665 3769 τὰ
2696 3715 2867 3781 ἐντός
2892 3731 3011 3784 μου
3038 3712 3119 3779 ὡς
3159 3709 3374 3779 τεῖχος,
3405 3710 3436 3763 ὃ
3477 3710 3768 3765 ἐνεκαίνι-

2188 3827 2325 3876 σας.

2272 3903 2481 3974 Ἀφῃρη
2491 3900 2689 3971 μένων,
2714 3899 2897 3968 φησὶν,
2926 3897 3330 3967 άγαλλιάματός
3353 3911 3410 3949 τε
3441 3897 3534 3949 καὶ
3571 3897 3768 3969 εὐφρο-

2192 3996 2356 4066 σύνης
2383 3996 2447 4047 ὲκ
2475 3992 2583 4046 τῶν
2606 3992 2869 4063 ἀμπέλων
2896 4008 3011 4058 σου,
3042 3991 3136 4043 καὶ
3155 3990 3365 4052 οὐδενὸς
3393 3991 3450 4043 ἐν
3472 3990 3653 4053 αὐτοῖς
3683 3989 3770 4041 εύ-

2191 4085 2635 4159 φρανθησομένου
2661 4126 2676 4151 ,
2720 4083 3131 4156 συμϐεϐηκότος
3159 4084 3217 4135 δὲ
3265 4083 3455 4135 τούτου
3491 4082 3767 4149 κάκείνου,

2189 4182 2476 4249 γενήσεται
2503 4178 2572 4231 τὰ
2605 4176 2754 4240 ὲντός
2790 4194 2890 4247 μου
2915 4177 3008 4229 καὶ
3030 4175 3227 4245 κιθάρα
3249 4176 3342 4228 καλ⁵
3361 4173 3471 4246 ᾠδὴ
3499 4175 3591 4228 καὶ
3613 4173 3770 4245 μέλος

2190 4272 2283 4325 ὲπί
2307 4288 2411 4324 σοι.
2437 4270 2518 4324 Τὰ
2545 4271 2614 4323 σὰ
2640 4269 2747 4340 γὰρ
2782 4267 3092 4336 ἐξαγγέλλω
3136 4265 3306 4336 πάθη,
3356 4267 3449 4318 καὶ
3487 4264 3769 4337 διαϐόητον

2190 4363 2475 4432 ἀποφαίνω
2493 4362 2590 4433 τὴν
2609 4358 2989 4429 ἐπενεχθεῖσάν
3018 4373 3098 4410 σοι
3123 4357 3431 4427 συμφορὰν.
3450 4356 3560 4409 Καὶ
3579 4354 3769 4427 ὥσπερ

2190 4472 2273 4519 τις
2296 4454 2355 4508 εὖ
2366 4455 2566 4526 ρυθμος
2587 4452 2875 4522 άναϐοήσω
2899 4450 3054 4522 λύρα,
3079 4449 3485 4518 κατακτυπήσω
3500 4447 3555 4501 δὲ
3576 4447 3766 4512 οὕτως,

2191 4549 2285 4603 καὶ
2313 4549 2635 4615 ἐξάκουστον
2662 4546 2968 4617 ἐργάσομαι
2994 4543 3093 4614 τὴν
3114 4543 3278 4614 ᾠδὴν,
3314 4542 3388 4605 ὡς
3410 4543 3585 4612 τεῖχος
3613 4542 3641 4595 ὃ
3658 4544 3770 4594 ἔνε-

2192 4642 2461 4705 καίνισας.
2489 4640 2630 4711 Ἔφη
2657 4640 2756 4708 μὲν
2792 4638 2897 4709 γὰρ
2928 4639 2983 4691 ἐν
3005 4638 3198 4709 ἀρχαῖς
3223 4636 3323 4704 τῆς
3343 4635 3583 4705 ὁράσεως
3609 4636 3637 4686 6
3663 4651 3769 4704 μα-

2197 4736 2387 4803 κάριος
2437 4733 2756 4804 προφήτης’
2796 4730 3007 4793 Νυκτὸς
3059 4729 3335 4784 ἀπολεῖται
3385 4730 3418 4799 ἡ
3459 4726 3766 4789 Μωαϐῖτις’

2194 4826 2388 4888 νυκτὸς
2404 4824 2513 4895 γὰρ
2539 4822 2818 4877 ἀπολεῖται
2836 4822 2897 4875 τὸ
2920 4823 3096 4891 τεῖχος
3120 4823 3218 4891 τῆς
3240 4818 3598 4883 Μωαϐίτιδος.
3616 4821 3771 4889 Διερ-

512 4920 659 4965 motu
685 4910 849 4977 facto,
876 4926 1090 4967 murum
1156 4914 1461 4985 disruptum
1516 4916 1688 4971 fuisse
1754 4914 2084 4985 Moabitidis,

2196 4916 2519 4987 μηνεύοντες
2532 4915 2589 4968 δὲ
2615 4916 2776 4987 ἡμεῖς
2798 4913 2907 4966 τῶν
2940 4912 3245 4984 είρημένων
3270 4910 3367 4983 τὴν
3393 4911 3639 4981 δύναμιν,
3657 4909 3771 4962 ἐλέ-

510 5012 567 5057 et
599 5013 726 5059 ante
754 5004 989 5060 hostium
1010 5005 1348 5073 conﬂictum,
1396 5017 1604 5064 tantum
1634 5022 1742 5064 non
1795 5010 1862 5065 de
1894 5007 2089 5064 funda-

494 5095 713 5149 "Inentis
748 5104 1103 5163 commotum,
1129 5113 1191 5152 ac
1214 5097 1555 5153 Moabiticam
1613 5100 1892 5170 regionem
1935 5099 2091 5169 quasi

515 5187 716 5241 tonitru
768 5188 1235 5257 perterrefecisse.
1304 5189 1472 5256 Quem
1539 5192 1701 5245 etiam
1767 5191 2091 5258 refecerunt,

513 5278 606 5332 sed
638 5280 852 5334 irritum
879 5280 1034 5352 plane
1050 5281 1287 5338 laborem
1313 5283 1368 5337 in
1404 5284 1505 5339 hoc
1527 5284 1690 5355 260
1734 5284 2088 5339 insumentes.

514 5370 785 5441 Ceperunt
808 5389 1039 5445 namque
1061 5375 1219 5432 facile
1242 5378 1375 5432 citra
1394 5377 1636 5433 laborem
1668 5393 1883 5433 omnem
1900 5388 2099 5433 terram

514 5466 727 5538 A~syrli
804 5476 863 5523 et
914 5468 1215 5543 Babylonii.
1282 5472 1567 5528 Sonabunt
1611 5472 1775 5542 igitur
1831 5472 2090 5527 interiora

514 5579 657 5626 mea,
689 5561 884 5634 inquit,
940 5565 993 5620 in
1044 5566 1153 5621 tuis
1207 5567 1610 5623 calamitatibus
1652 5566 1808 5637 quasi
1860 5566 2091 5631 cithara,

512 5664 570 5709 et
606 5655 808 5711 Inctnm
866 5656 999 5713 adeo
1054 5657 1320 5714 celebrem
1375 5661 1531 5715 edam
1563 5678 1583 5716 :
1632 5661 2091 5729 quemadmodum

514 5745 720 5801 scilicet
756 5762 970 5814 murus,
1002 5749 1093 5819 qui
1147 5748 1387 5819 deiectus
1462 5762 1565 5816 est,
1628 5767 1787 5821 quem
1855 5749 2092 5805 refecisti

510 5839 752 5910 quidem,
796 5852 980 5895 verum
1034 5840 1319 5900 inutiliter.
1386 5843 1594 5901 Etenim
1664 5853 1952 5901 corruente
1999 5856 2096 5898 sua

2188 5026 2391 5080 γομεν,
2434 5009 2515 5061 ὅτι
2560 5005 2784 5077 σεισμοῦ
2828 5004 3132 5074 γεγονότος,
3179 5002 3241 5056 τὸ
3273 5004 3373 5074 τῆς
3431 5002 3771 5067 Μωαϐίτιδος

2188 5102 2515 5173 κατηρράγη
2550 5102 2749 5170 τεῖχος,
2792 5099 2886 5152 καὶ
2917 5097 3022 5169 πρὸ
3050 5097 3150 5168 τῆς
3178 5094 3284 5149 τῶν
3314 5094 3587 5165 πολεμίων
3614 5092 3773 5147 ἐκϐοι

2188 5194 2287 5265 λῆς
2311 5193 2591 5265 μονονουχὶ
2620 5192 2713 5245 καὶ
2740 5191 2805 5245 ὲκ
2822 5191 3037 5262 βάθρων
3058 5187 3456 5258 ἀναμοχλευθὲν
3477 5185 3771 5256 κατεϐρόν-

2189 5303 2321 5357 τησε
2351 5286 2452 5356 τῆς
2477 5282 2803 5348 Μωαϐιτῶν,
2829 5284 2857 5336 ὃ
2888 5283 2952 5353 δὴ
2986 5281 3080 5335 καὶ
3110 5279 3477 5342 άνεκαίνισαν,
3513 5278 3771 5347 ἀνόνητον

2186 5378 2467 5442 παντελῶς
2488 5377 2579 5430 τὸν
2602 5377 2692 5430 ὲπί
2710 5393 2773 5445 γε
2793 5375 2967 5445 τούτῳ
2986 5372 3391 5442 δαπανήσαντες
3411 5370 3590 5423 πόνον.
3614 5362 3772 5423 Εἷλον

2190 5472 2299 5543 γὰρ
2327 5471 2564 5542 ἀμογητὶ
2594 5468 2693 5539 τὴν
2720 5468 3010 5538 σύμπασαν
3030 5465 3133 5535 γῆν
3164 5461 3436 5534 Ἀσσύριοι
3460 5479 3517 5515 τε
3541 5462 3634 5517 καὶ
3661 5461 3771 5513 Βα-

2193 5562 2464 5617 ϐυλώνιοι.
2505 5563 2730 5632 Ἠχήσει
2776 5559 2953 5613 τοίνυν
2991 5555 3061 5609 τά
3097 5554 3250 5619 ἐντός
3279 5570 3402 5624 μου,
3441 5552 3626 5623 φησὶν,
3681 5549 3773 5603 ἐπὶ

2192 5656 2316 5718 ταῖς
2340 5657 2458 5718 σαῖς
2480 5650 2883 5724 συμφοραῖς-ὼς
2910 5647 3131 5719 κιθάρα,
3156 5646 3248 5701 καὶ
3281 5644 3562 5716 διαϐόητον
3596 5642 3771 5705 οὕτως

2195 5748 2255 5802 τὸ
2285 5750 2376 5801 σὸν
2403 5746 2703 5818 ἐργάσομαι
2720 5742 2890 5805 πάθος
2912 5757 2928 5773 °
2954 5739 3207 5810 καθάπερ
3229 5736 3420 5808 ἀμέλει
3440 5734 3500 5789 τὸ
3523 5734 3614 5787 σὺν
3637 5749 3769 5786 κατ-

2197 5839 2398 5912 ηνέχθη
2431 5840 2628 5909 τεῖχος,
2666 5834 2695 5889 δ
2734 5834 3076 5898 ἐνεκαίνισας
3128 5831 3247 5904 μὲν,
3289 5827 3429 5901 πλὴν
3478 5826 3565 5882 ἐπ’
3598 5824 3771 5881 οὐδενὶ
